3898 6482
43 427 176 485 681

36 559 242 613 opera
270 551 362 598 tua
404 557 419 596 :

38 631 376 686 laudandus
422 629 495 685 sit
548 632 708 686 Deus.
759 629 1149 684 Continuatio:
1206 627 1287 682 Ad
1340 626 1648 696 proximum

41 723 197 777 ideo
235 721 432 776 debent
465 721 750 784 exsultare,
792 729 1058 784 eructare,
1089 719 1216 788 quia
1247 735 1266 768 ι
1311 717 1589 779 Dominus,
1626 734 1644 767 ι

44 815 170 884 qui
207 814 264 868 in
292 821 482 868 natura
511 829 607 869 sua
640 833 659 865 ι
695 813 1004 868 misericors
1039 831 1058 864 ι
1099 820 1201 875 εει,
1232 811 1344 880 ipse
1372 818 1456 864 est
1484 809 1648 864 etiam

41 905 257 961 factus
297 922 316 956 ι
365 905 670 969 miserator,
708 925 727 959 ι
774 905 828 958 id
865 912 952 958 est
991 903 1251 959 exhibens
1280 901 1434 956 nobis
1455 899 1650 955 multas

41 997 477 1062 miserationes,
510 996 654 1050 velut
691 996 744 1049 in
785 996 959 1066 prima
994 995 1289 1058 creatione,
1334 1001 1389 1048 et
1417 992 1652 1046 maxime

43 1090 118 1144 in
157 1087 501 1144 recreatione
528 1087 626 1141 :ad
650 1087 750 1141 hoc
781 1084 922 1155 quod
938 1085 1092 1148 dixit,
1131 1083 1466 1154 «potentiam
1501 1089 1651 1135 tuam

41 1179 578 1252 pronuntiabuntm
615 1193 737 1233 cum
768 1177 964 1232 multas
991 1184 1176 1246 posset
1199 1174 1484 1229 ostendere
1519 1173 1654 1229 alias

45 1271 167 1327 Dei
199 1271 490 1341 potentias,
514 1270 677 1324 veluti
701 1271 841 1338 quod
869 1277 1015 1322 tenet
1047 1277 1247 1322 terram
1273 1267 1349 1320 ita
1378 1267 1432 1320 in
1460 1280 1652 1330 vacuo,

45 1370 119 1416 et
175 1360 375 1415 similia
410 1377 428 1429 εἰ
465 1376 626 1414 unam
676 1372 852 1414 tamen
900 1360 1079 1429 potius
1121 1359 1306 1428 elegit,
1357 1356 1654 1412 secundum

45 1451 223 1520 quod
274 1438 587 1519 peccatores
645 1457 924 1520 exspectat
975 1458 1029 1503 ct
1079 1449 1348 1504 condonat
1407 1453 1652 1516 peccata.

51 1541 235 1596 Unde
263 1541 394 1594 dicit
425 1559 443 1590 ι
484 1540 714 1609 patiens,
766 1558 783 1589 ι
823 1541 949 1608 quia
990 1555 1095 1592 non
1128 1538 1312 1592 statim
1350 1536 1521 1606 punit,
1549 1536 1656 1589 imo

49 1640 359 1703 exspectat
388 1632 824 1696 conversionem;
861 1650 878 1682 ‹
917 1640 971 1685 ει
999 1631 1223 1684 multum
1262 1629 1588 1693 misericors,
1630 1648 1648 1680 ι

51 1725 334 1794 quoniam
385 1734 858 1793 quantumcunque
919 1723 1027 1776 sint
1074 1722 1267 1791 magna
1312 1729 1546 1789 peccata,
1605 1727 1660 1774 et

51 1829 242 1881 quam
283 1813 714 1878 innumerabilia,
759 1813 872 1881 ipse
913 1821 1091 1866 tamen
1140 1811 1408 1866 condonat
1457 1810 1532 1864 illi
1566 1811 1656 1880 qui

54 1921 131 1960 se
159 1905 432 1968 humiliat,
458 1913 512 1960 et
533 1905 601 1959 ad
627 1921 750 1960 eum
772 1905 1123 1959 convertitur.

146 1995 354 2048 Contra
377 1995 476 2048 hoc
504 1994 645 2063 quod
675 1996 906 2058 dixerat,
940 2013 958 2044 ‹
997 1993 1451 2064 magniﬁcentiam
1476 1992 1658 2064 gloria“:

57 2088 392 2155 loquentur,
418 2106 434 2136 ι
468 2085 770 2156 respondet,
801 2086 984 2140 dicens
1013 2085 1156 2138 illam
1184 2084 1518 2154 magniﬁcam
1539 2083 1654 2153 glo-

59 2181 218 2233 riam
253 2195 472 2234 suavem
501 2195 619 2234 esse
655 2179 1060 2249 explorantibus
1094 2193 1234 2232 eam.
1265 2177 1608 2232 Continuatio
1641 2191 1656 2230 :

61 2270 345 2322 Dominus
389 2279 471 2322 est
502 2270 732 2339 patiens,
769 2279 822 2323 ct
860 2277 1054 2323 extera
1085 2282 1203 2337 qua:
1249 2267 1391 2321 dicta
1431 2274 1575 2330 sunt,
1607 2272 1660 2320 et

60 2358 196 2426 ipse
230 2375 249 2407 ι
286 2357 542 2412 Dominus
568 2367 650 2412 est
679 2359 880 2422 suavis,
918 2378 935 2409 ι
971 2358 1024 2412 id
1054 2367 1159 2421 εει,
1187 2357 1354 2411 dulcis
1384 2366 1437 2411 et
1463 2356 1658 2425 jucun-

61 2449 180 2502 dus
208 2468 225 2498 ι
250 2448 515 2502 universis
544 2469 560 2498 ι
593 2448 930 2517 gustantibus
964 2449 1155 2516 ipsum,
1183 2447 1320 2501 sicut
1347 2454 1402 2501 et
1429 2446 1556 2500 alibi
1581 2447 1660 2500 di-

62 2540 224 2593 citur
259 2556 272 2591 :
309 2555 328 2588 ι
362 2537 586 2592 ϐυειάιε
615 2546 668 2591 ει
690 2539 864 2592 videte
886 2553 1047 2608 quam
1084 2537 1265 2592 suavis
1291 2545 1372 2591 est
1403 2537 1660 2591 Dominus

65 2629 259 2695 (Psal.
288 2631 506 2702 χχχιιι),
547 2649 565 2682 ι
606 2648 624 2681 ι
669 2640 722 2685 ει
765 2649 784 2682 ›
824 2631 877 2684 in
925 2637 1129 2684 tantum
1165 2637 1248 2684 est
1290 2629 1492 2693 suavis,
1517 2631 1660 2698 quod

88 2741 111 2772 ι
144 2723 528 2776 miserationes
547 2721 690 2790 ejus»
721 2729 845 2776 sunt
871 2739 890 2772 ι
923 2737 1083 2790 super
1101 2721 1281 2775 omnia
1304 2735 1466 2790 opera
1487 2720 1654 2789 ejus,»

65 2813 209 2880 quia
242 2826 352 2881 prae
388 2812 635 2866 omnibus
675 2809 952 2864 beneﬁciis
978 2808 1094 2876 ejus
1123 2818 1177 2863 et
1218 2809 1506 2864 virtutibus
1535 2822 1662 2877 ope-

70 2910 262 2966 ratur,
292 2901 384 2954 dat
414 2901 568 2955 nobis
597 2900 732 2954 alias
766 2900 1158 2963 miserationes,
1189 2899 1242 2953 id
1270 2907 1373 2964 est,
1409 2914 1661 2954 remune-

70 2992 326 3047 rationes
369 3001 582 3046 aeterna:
627 2992 980 3060 vitaeropera
1023 3000 1205 3045 autem
1259 3005 1379 3060 qua:
1426 3005 1457 3042 a
1508 2990 1665 3043 nobis

72 3083 372 3144 habentur,
402 3096 432 3133 a
460 3080 568 3134 Deo
613 3081 904 3149 punientur
944 3097 956 3132 :
995 3080 1240 3134 diabolus
1271 3079 1432 3131 etiam
1470 3093 1664 3133 secun-

75 3172 212 3226 dum
244 3170 600 3224 substantiam
625 3170 751 3238 quia
773 3178 1019 3223 creatura
1047 3168 1138 3222 Dei
1167 3175 1246 3222 est
1270 3175 1495 3238 etopus,
1522 3168 1660 3222 hanc

1250 421 1684 478 EXPLANATIO
1719 421 1783 475 IN
1821 419 2152 475 PSALMOS.

471 559 490 592 ι
537 550 590 596 et
628 541 877 613 explanat
917 540 1183 610 quomodo
1226 549 1444 609 propter
1485 551 1646 608 Opera
1677 549 1727 606 Α
1751 533 1952 588 Christi
1986 536 2123 604 (Act.
2157 534 2278 604 ut):
2316 553 2334 585 ι
2371 542 2423 589 ει
2458 553 2475 586 ι
2509 535 2671 589 etiam
2700 545 2881 590 notam
2912 533 3109 590 faciant
3158 555 3176 587 ι
3209 538 3326 610 glo-

3220 425 3323 482 682

1754 626 1888 680 riam
1918 627 2329 697 magniﬁcentia:
2359 628 2508 698 regni
2544 627 2641 693 tui,
2678 647 2697 680 ι
2731 628 2783 682 id
2809 636 2912 692 est,
2940 643 3099 698 quam
3129 629 3326 702 glorio-

1751 731 1868 770 sum
1898 724 1952 769 et
1981 730 2138 785 quam
2175 716 2516 786 magniﬁcum
2545 717 2613 771 sit
2640 732 2860 786 regnum
2890 726 3058 772 tuum.

1823 805 1904 859 Ad
1929 805 2032 860 hoc
2065 804 2394 874 respondet:
2419 813 2475 858 et
2509 805 2929 874 magnitudinem
2959 813 3104 860 tuam
3136 821 3325 862 narra-

1752 895 1905 949 bunt.
1934 893 2278 950 Continuatio
2304 913 2316 948 :
2341 894 2486 950 Bene
2507 896 2626 951 dico
2659 913 2676 946 ι
2702 896 3147 966 magniﬁcentiam
3171 899 3324 968 regni

1752 985 1851 1050 tui,
1884 1003 1902 1036 ι
1938 986 2063 1054 quia
2095 1003 2112 1036 ι
2147 1000 2370 1055 regnum
2399 994 2548 1040 tuum
2578 1006 2596 1039 ι
2647 994 2731 1040 εει
2780 1005 2798 1036 ‹
2833 1001 3053 1057 regnum
3087 988 3326 1043 omnium

1755 1077 2094 1140 smculorum,
2134 1094 2152 1127 ι
2201 1075 2326 1145 quia
2364 1084 2645 1142 aeternum,
2687 1085 2743 1130 et
2788 1076 2843 1130 in
2887 1076 2978 1131 illo
3025 1093 3190 1148 regno
3236 1087 3329 1133 tuo

1756 1169 1924 1225 habes
1965 1177 2223 1224 aeternum
2267 1167 2593 1233 dominium;
2651 1186 2669 1219 ι
2700 1177 2754 1223 ει
2784 1189 2802 1221 ι
2846 1169 2947 1224 hoc
2970 1169 3142 1227 dicit:
3179 1187 3196 1222 ι
3227 1172 3331 1228 Do—

1755 1262 1979 1316 minatio
2030 1272 2120 1316 tua
2175 1261 2229 1315 in
2278 1261 2424 1316 omni
2486 1262 2834 1332 generatione
2900 1270 2954 1318 et
3019 1263 3326 1333 generatio-

1757 1368 1844 1407 ne.
1883 1373 1903 1406 ι

1826 1442 2137 1513 Respondet
2179 1442 2244 1497 ad
2288 1443 2430 1508 hoc,
2487 1443 2827 1499 abundantia
2875 1446 3158 1503 suavitatis
3204 1457 3326 1505 tum.

1757 1536 2141 1592 Continuatio:
2184 1538 2488 1594 Dominatio
2527 1549 2613 1612 est
2667 1541 2722 1595 in
2773 1542 2919 1596 omni
2962 1543 3328 1612 generatione,

1757 1637 1813 1684 et
1842 1629 1957 1698 ipse
2008 1647 2026 1680 ‹
2058 1629 2315 1684 Dominus
2341 1629 2514 1684 ﬁdelis
2565 1631 2617 1685 in
2647 1633 2894 1688 omnibus
2923 1634 3102 1688 verbis
3142 1635 3275 1700 suis,
3309 1653 3327 1686 ι

1761 1719 1814 1773 id
1843 1727 1948 1785 est,
1990 1735 2176 1784 verax,
2207 1720 2333 1790 quia
2375 1720 2606 1776 ﬁdeliter
2633 1722 2889 1792 adimplet
2919 1725 3176 1794 quidquid
3220 1725 3335 1794 ipse

1760 1807 2040 1876 promisit;
2095 1828 2112 1859 ‹
2145 1818 2199 1863 ει
2229 1817 2446 1864 sanctus
2492 1809 2548 1864 in
2573 1811 2825 1866 omnibus
2865 1814 3118 1882 operibus
3143 1815 3274 1879 suis,
3310 1834 3328 1867 ι

1683 1897 1812 1960 Bid
1852 1907 1972 1964 cst,
2018 1899 2544 1969 irreprehensibilis,
2598 1901 2723 1956 licet
2773 1902 3016 1959 videatur
3071 1921 3102 1958 a
3157 1905 3337 1961 stultis

1761 1990 2004 2060 quazdam
2033 1989 2228 2058 injuste
2257 1991 2560 2060 disponere.

1830 2081 1936 2136 Per
1980 2082 2084 2138 hoc
2129 2083 2293 2137 etiam
2348 2092 2572 2154 apparet
2635 2085 2963 2140 abundantia
3029 2086 3334 2152 suavitatis,

1768 2189 1788 2222 ι
1820 2173 1946 2242 quia
1989 2187 2177 2228 omnes
2215 2173 2308 2242 qui
2351 2183 2629 2240 corruunt,
2662 2195 2680 2228 ι
2732 2177 2784 2230 id
2811 2187 2912 2243 εει,
2958 2177 3034 2232 illi
3063 2178 3152 2247 qui
3180 2179 3336 2249 proni

1761 2275 1887 2316 sunt
1945 2263 2012 2316 ad
2065 2265 2430 2333 peccandum,
2495 2283 2513 2315 ι
2563 2265 2760 2320 allevat
2811 2266 3100 2333 Dominus,
3135 2286 3153 2318 ι
3211 2268 3338 2336 quia

1761 2351 1807 2404 si
1852 2351 2019 2406 velint
2070 2353 2378 2407 consentire
2423 2354 2496 2418 ei,
2546 2370 2653 2408 non
2701 2355 3002 2423 perducunt
3054 2357 3122 2410 ad
3157 2366 3337 2411 actum

1763 2442 2093 2497 voluntatem
2146 2443 2284 2513 ejus,
2333 2463 2352 2496 ι
2383 2456 2437 2499 ει
2466 2461 2655 2502 οηιηεε
2702 2448 2889 2512 illisos,
2925 2469 2944 2502 ι
2999 2449 3054 2504 id
3082 2458 3188 2515 est,
3219 2449 3340 2503 illos

1761 2531 1851 2602 qui
1891 2533 2002 2602 jam
2050 2533 2364 2589 deciderunt
2420 2537 2474 2591 in
2519 2547 2696 2592 actum
2744 2542 2983 2609 peccati,
3051 2561 3068 2592 ι
3099 2541 3278 2612 erigit,
3315 2562 3332 2592 ›

1762 2625 2112 2680 condonauth
2143 2626 2241 2691 eis,
2273 2627 2318 2681 si
2345 2627 2512 2682 velint
2537 2631 2800 2699 ptenitere
2826 2633 3003 2688 dando
3042 2633 3262 2702 gratias.

1835 2713 2141 2782 Respondet
2184 2715 2251 2768 ad
2287 2716 2389 2771 hoc
2442 2733 2454 2769 :
2493 2715 2759 2785 justitiam
2812 2729 2958 2775 tuam
2998 2721 3338 2786 exaltabunt,

1763 2811 1818 2857 et
1851 2803 2084 2858 ostendit
2123 2804 2293 2874 ipsam
2324 2805 2418 2860 Dei
2449 2807 2735 2876 justitiam.
2769 2809 3112 2867 Continuatio
3143 2829 3156 2866 :
3202 2812 3341 2880 Quia

1763 2897 1964 2964 elevas,
1995 2908 2050 2954 et
2075 2900 2199 2968 quia
2229 2900 2410 2970 erigis,
2437 2901 2548 2970 jam
2603 2920 2620 2950 ι
2650 2900 2790 2954 oculi
2821 2901 3058 2956 omnium
3090 2922 3108 2953 ι
3161 2903 3340 2958 inten-

1766 2987 1940 3043 tiones
1974 3007 1992 3039 ι
2028 2991 2080 3044 in
2111 2999 2162 3044 te
2186 2999 2422 3060 sperant,
2456 2991 2703 3055 Domine,
2733 3001 2786 3044 ct
2815 3001 2868 3045 tu
2894 2992 2990 3046 das
3013 3005 3191 3047 escam
3224 2993 3341 3048 illo-

1765 3095 1907 3139 rum,
1940 3099 1960 3131 ι
2015 3079 2067 3133 id
2123 3089 2228 3144 est,
2277 3080 2390 3135 sive
2438 3081 2791 3150 spiritualem,
2837 3083 2948 3136 sive
2981 3083 3339 3152 corporalem,

1763 3169 1926 3224 veluti
1955 3168 2159 3223 Danieli
2197 3169 2248 3223 in
2280 3169 2398 3224 lacu
2431 3169 2644 3224 leonum
2668 3169 2830 3240 (Dan.
2867 3171 2963 3243 vt).
3001 3171 3067 3224 Et
3097 3173 3198 3227 hoc
3235 3191 3252 3222 ι
3285 3171 3341 3228 in

75 3257 304 3313 habebit
341 3257 763 3322 miserationem,
801 3257 926 3327 quia
964 3256 1016 3309 in
1062 3265 1324 3310 aeternum
1361 3255 1660 3308 substantia
1689 3243 1734 3304 C
1767 3265 2008 3328 tempore
2035 3267 2362 3326 opportuno,
2401 3278 2417 3308 ι
2449 3261 2573 3328 quia
2601 3260 2700 3314 etsi
2746 3276 2850 3314 non
2879 3261 3061 3315 statim
3084 3263 3339 3330 quoniam
3411 3323 3416 3328 ,

78 3363 195 3402 non
247 3347 466 3416 peribit,
514 3348 607 3402 sed
636 3354 853 3416 propter
904 3345 1198 3413 nequitiam
1247 3359 1400 3396 suam
1447 3344 1665 3398 teternis

81 3439 355 3511 aﬂligetur
383 3437 642 3492 incendiis
669 3452 682 3490 :
715 3446 768 3491 et
793 3429 916 3504 quia
957 3436 1139 3489 suavis
1165 3441 1270 3496 est,
1298 3434 1375 3486 sic
1410 3432 1539 3487 facit
1561 3434 1665 3486 mi-

84 3533 394 3586 serationes
437 3529 618 3582 omnia
672 3543 834 3596 opera
883 3540 1004 3591 sua,
1059 3524 1180 3578 ideo
1225 3533 1471 3594 apparet,
1523 3524 1666 3594 quod

87 3620 494 3693 magniﬁcentia
529 3619 642 3686 ejus
667 3620 737 3673 sit
763 3617 952 3687 gloria.

179 3733 197 3764 ‹
221 3709 723 3775 Contiteanturtibi,
742 3708 984 3762 Domine.
1011 3727 1027 3760 ι
1049 3705 1292 3762 Ostendit
1308 3707 1667 3772 sanctitatem,

89 3820 218 3861 cum
267 3801 587 3873 quibusdam
637 3797 868 3867 injustus
913 3799 1159 3853 videatur
1207 3798 1500 3863 Dominus,
1547 3813 1670 3853 cum

92 3895 373 3964 permittat
407 3892 576 3946 malos
621 3892 676 3945 in
724 3892 826 3945 hac
875 3891 982 3944 vita
1034 3890 1367 3960 prosperari,
1409 3898 1464 3944 et
1494 3889 1672 3960 justos

97 3985 280 4040 multis
304 3981 832 4037 incommoditatibus
863 3981 1200 4050 perturbari;
1233 3980 1388 4049 quasi
1422 3981 1495 4034 ita
1519 3980 1670 4035 dice--

94 4086 220 4130 ret:
253 4074 384 4141 Quit
433 4073 558 4126 talia
593 4073 746 4136 facis,
790 4091 807 4122 ι
845 4071 1204 4126 conﬁteantur
1256 4071 1372 4136 tibi,
1424 4071 1668 4136 Domine,

95 4168 280 4223 omnia
298 4181 460 4235 Opera
486 4173 597 4228 tua,
628 4185 646 4216 ι
675 4165 727 4218 id
753 4173 856 4227 εει,
886 4179 1047 4218 causa
1079 4164 1188 4218 sint
1208 4177 1305 4216 cur
1326 4160 1672 4216 rationabiles

97 4267 358 4314 creatura:
386 4265 438 4309 te
469 4256 706 4319 laudent,
733 4272 750 4304 ι
789 4261 842 4308 ει
865 4253 1034 4308 sancti
1065 4253 1140 4306 tui
1161 4252 1479 4306 benedicant
1505 4251 1621 4314 tibi,
1649 4272 1665 4302 ι

100 4347 440 4401 attendentes
495 4353 736 4400 sanctam
781 4359 844 4397 ac
896 4342 1215 4396 laudabilem
1264 4341 1670 4412 dispositionem

99 4437 160 4490 in
213 4435 314 4490 tuis
362 4435 632 4504 operibus,
679 4433 841 4488 veluti
871 4433 916 4487 si
953 4432 1046 4486 ﬁat
1083 4432 1367 4497 serenitas,
1407 4446 1530 4485 cum
1575 4445 1674 4484 nos

1768 3347 1991 3415 petitur,
2021 3347 2167 3414 digni
2197 3347 2399 3415 aliquid
2433 3349 2606 3414 adest,
2635 3356 2812 3404 tamen
2840 3351 2931 3406 dat
2964 3351 3177 3421 quando
3199 3353 3344 3424 judi-

1769 3446 1856 3491 cat
1893 3448 2272 3508 opportunum.

1840 3526 1908 3580 Et
1932 3527 1985 3580 in
2016 3527 2117 3582 hoc
2142 3528 2306 3582 etiam
2330 3526 2538 3596 justitia
2568 3537 2657 3585 tua
2686 3533 2984 3600 apparebit,
3014 3535 3138 3602 quia
3171 3554 3189 3586 ι
3219 3551 3344 3607 ape-

1772 3613 1848 3668 ris
1879 3624 1934 3668 tu
1964 3631 2179 3670 manum
2219 3624 2388 3680 tuam,
2431 3617 2480 3670 id
2522 3627 2628 3683 est,
2663 3619 2810 3690 large
2842 3621 3158 3691 dispensans
3181 3625 3346 3680 bene—

1773 3706 1892 3760 ﬁcia
1942 3716 2055 3772 tua,
2104 3726 2123 3758 ι
2153 3715 2207 3762 ει
2248 3707 2437 3778 imples
2473 3724 2632 3764 omne
2677 3711 2874 3764 animal
2903 3732 2920 3762 ι
2967 3714 3208 3769 serviens
3247 3716 3344 3771 tibi

1773 3796 1981 3852 ratione
2001 3807 2056 3850 et
2082 3797 2259 3852 studio
2286 3816 2304 3850 ι
2332 3796 2723 3864 benedictione,
2756 3818 2774 3850 ι
2804 3801 2856 3856 id
2883 3810 2986 3868 est,
3010 3803 3344 3860 incremento

1773 3885 2056 3939 virtutum.

1849 3993 1868 4024 ι
1894 3973 2079 4030 Justus
2107 3995 2124 4028 ι
2149 3985 2233 4031 εει
2253 3977 2510 4033 Dominus
2538 3997 2556 4030 ι
2585 3976 2639 4033 in
2661 3978 2909 4036 omnibus
2938 3982 3040 4036 viis
3064 3983 3195 4049 suis,
3233 4003 3252 4036 ι
3287 3986 3341 4041 id

1772 4074 1874 4131 est,
1934 4067 1988 4122 in
2017 4068 2266 4123 omnibus
2319 4067 2802 4139 dispensationibus
2840 4090 2854 4126 :
2905 4093 2922 4124 ι
2960 4083 3015 4128 ει
3043 4085 3260 4130 sanctus
3289 4079 3345 4132 iu

1771 4155 2022 4210 omnibus
2049 4157 2300 4226 operibus
2329 4159 2462 4224 suis,
2500 4179 2519 4212 ι
2561 4160 2614 4215 id
2642 4170 2746 4228 est,
2777 4161 2833 4216 in
2867 4163 3116 4220 omnibus
3142 4163 3345 4223 effecti-

1773 4247 1873 4300 bus
1904 4247 2140 4316 ipsarum
2170 4247 2651 4316 dispensationum.

1843 4336 2121 4402 Quomodo
2166 4337 2305 4391 Deus
2347 4339 2526 4408 justus
2573 4341 2685 4406 sit,
2729 4339 2908 4410 justus
2965 4343 3106 4399 inter
3151 4345 3340 4414 bonos,

1773 4425 2028 4479 ostendit.
2083 4423 2464 4480 Continuatio:
2508 4428 2766 4485 Dominus
2809 4432 2860 4484 in
2891 4433 3160 4500 praedictis
3188 4435 3345 4492 bonis

101 4524 332 4595 pluviam
361 4533 756 4592 exSpectatuus,
784 4523 867 4576 vel
897 4539 927 4576 e
953 4511 1234 4584 converso,
1263 4520 1549 4574 attendunt
1571 4519 1674 4574 hoc
1768 4513 1947 4582 justus
1988 4524 2093 4578 est,
2142 4524 2196 4568 et
2233 4515 2287 4570 in
2319 4515 2423 4571 hoc
2462 4529 2682 4588 apparet
2710 4520 2851 4588 quod
2875 4519 3054 4590 justus
3090 4534 3194 4590 est,
3221 4527 3346 4595 quia

104 4630 136 4667 a
165 4615 268 4668 Deo
289 4613 608 4668 sanctiﬁcari
636 4622 691 4666 et
725 4620 874 4666 certa
903 4612 1252 4680 dispositione
1283 4610 1420 4664 ﬁeri.

177 4703 254 4756 Ad
299 4705 400 4758 hoc
435 4703 720 4773 respondet
758 4702 900 4770 quod
928 4716 1090 4771 supra
1128 4702 1362 4766 dixerat,
1400 4701 1670 4756 mirabilia

106 4793 420 4859 narrabunt,
459 4803 512 4847 et
554 4793 788 4847 ostendit
828 4791 916 4845 illa
961 4791 1246 4846 mirabilia.
1279 4791 1622 4846 Continuatio
1656 4811 1667 4845 :

108 4885 242 4939 Dico
273 4903 290 4934 ι
319 4885 491 4940 sancti
524 4885 841 4940 benedicent
877 4885 993 4947 tibi,
1027 4904 1048 4937 ι
1090 4893 1145 4938 ει
1189 4904 1205 4934 ι
1254 4885 1477 4958 gloriam
1525 4885 1671 4955 regni

111 4975 191 5030 tui
215 4976 402 5040 dicent,
433 4993 451 5026 ι
493 4975 544 5028 id
575 4984 674 5038 est,
706 4975 960 5029 mundum
988 4975 1168 5040 istum,
1197 4984 1249 5029 et
1278 4976 1673 5032 ﬁrmamentum

111 5072 174 5127 in
207 5085 306 5140 quo
345 5078 400 5122 tu
437 5085 656 5141 regnas,
699 5070 982 5124 ostendent
1015 5069 1305 5138 gloriosum
1345 5079 1400 5125 et
1423 5080 1674 5126 ornatum

115 5177 237 5217 cum
265 5161 433 5230 scipso
463 5180 481 5211 ι
527 5170 582 5216 ει
625 5161 918 5232 potentiam
940 5169 1124 5216 tuam.
1148 5161 1455 5230 loquentur,
1495 5183 1515 5215 ι
1548 5165 1673 5236 quia

116 5255 389 5308 ostendent
417 5263 467 5308 te
492 5254 707 5324 propria
737 5255 974 5323 potentia
1007 5254 1122 5309 hzec
1148 5254 1324 5308 omnia
1351 5237 1670 5324 gubernare.

193 5344 484 5414 Respondet
526 5344 593 5398 ad
631 5343 732 5398 hoc
758 5361 770 5396 :
796 5352 851 5398 et
893 5344 1143 5398 virtutem
1185 5343 1508 5398 terribilium
1560 5353 1672 5398 tuo-

121 5448 256 5490 rum.
309 5431 646 5488 Continuatio
689 5449 700 5483 :
743 5431 1040 5486 Potentiam
1093 5441 1237 5486 tuam
1283 5432 1588 5501 loquentur,
1624 5442 1676 5486 et

123 5523 336 5595 gloriam
373 5522 519 5595 regni
569 5522 642 5575 tui
685 5519 884 5583 dicent,
942 5538 960 5570 ι
1003 5529 1061 5574 ιιι
1106 5531 1286 5574 notam
1333 5521 1532 5576 faciant
1558 5521 1680 5576 ﬁliis

125 5614 387 5672 hominum
411 5612 706 5682 potentiam
755 5619 924 5676 tuam,
955 5631 972 5663 ι
1022 5611 1185 5665 veluti
1217 5611 1408 5666 Petrus
1437 5621 1492 5666 et
1513 5610 1678 5667 Joan-

127 5721 240 5770 nes,
268 5721 380 5759 cum
409 5703 656 5759 claudum
687 5713 984 5767 sanassent,
1013 5711 1068 5756 et
1099 5717 1288 5758 omnes
1333 5705 1680 5771 mirarentur,

130 5799 366 5855 dixerunt
412 5810 518 5850 non
565 5809 684 5849 esse
727 5809 861 5863 opus
909 5809 1064 5848 suum
1093 5834 1108 5859 ,
1157 5794 1249 5850 sed
1297 5794 1507 5849 Domini
1558 5794 1682 5852 Jesu

433 5889 703 5947 Ριτιιοι..
749 5885 966 5946 CXVI.

1697 4595 1892 4678 Dipse
1948 4627 1965 4660 ι
2010 4607 2269 4663 Dominus
2317 4623 2482 4678 prope
2536 4621 2618 4665 est
2665 4613 2916 4668 omnibus
2975 4615 3349 4672 invocantibus

1776 4713 1919 4753 eum.
1971 4699 2230 4753 Omnibus
2278 4700 2650 4755 invocantibus
2674 4716 2796 4756 eum
2848 4723 2868 4755 ›
2903 4704 3024 4760 dico
3069 4725 3087 4756 ι
3146 4707 3200 4760 in
3259 4723 3350 4764 ve-

1779 4792 1957 4846 ritate.
1991 4811 2008 4842 ι
2067 4792 2124 4847 1η
2174 4792 2400 4846 veritate
2444 4793 2694 4848 invocare
2742 4803 2848 4860 εει,
2889 4811 3022 4866 pura
3071 4807 3126 4853 et
3155 4799 3346 4855 imma-

1779 4881 1952 4935 culata
1999 4881 2318 4946 intentione,
2347 4898 2508 4937 causa
2539 4883 2728 4938 salutis
2765 4887 2960 4941 anima:
2989 4903 3120 4954 suae,
3145 4891 3212 4944 ad
3236 4891 3345 4944 Do-

1781 4959 1983 5026 minum
2031 4972 2281 5036 clamare,
2332 4981 2388 5027 et
2435 4989 2540 5028 non
2586 4975 2871 5045 superﬂue,
2921 4979 3014 5033 sed
3066 4979 3119 5033 id
3161 4969 3358 5049 petere'

1779 5065 1922 5134 quod
1949 5065 2142 5119 animm
2169 5065 2394 5120 salutem
2422 5067 2602 5123 valeat
2627 5071 2892 5126 conferre.
2925 5070 3031 5127 Sed
3063 5071 3186 5142 quia
3209 5071 3349 5128 Pau-

1781 5155 1864 5208 lus
1909 5154 2177 5224 superﬂuo
2223 5158 2429 5225 rogavit
2480 5156 2564 5229 (11
2609 5159 2732 5215 Cor.
2777 5166 2898 5233 xu),
2947 5162 3072 5232 quia
3122 5164 3348 5219 remotio

1780 5245 1982 5300 stimuli
2015 5248 2191 5301 carnis
2221 5250 2286 5303 ad
2325 5250 2518 5304 animae
2565 5251 2791 5308 salutem
2833 5266 2938 5306 non
2977 5261 3093 5306 erat
3133 5254 3346 5320 idonea,

1783 5338 1904 5393 ideo
1950 5353 2055 5394 non
2087 5348 2169 5394 est
2193 5341 2474 5395 exauditus
2501 5357 2530 5396 a
2557 5342 2820 5399 Domino:
2851 5343 2930 5398 sic
2975 5344 3348 5400 invocantibus

1782 5443 1948 5498 prope
1985 5439 2067 5484 est
2107 5431 2394 5498 Dominus,
2425 5431 2475 5486 id
2509 5443 2624 5499 est,
2658 5449 2755 5502 pro
2794 5435 3157 5489 misericordia
3203 5451 3348 5491 com-

1781 5519 1933 5590 plens
1960 5522 2102 5590 quod
2135 5522 2234 5592 ipsi
2262 5532 2471 5592 petunt.
2503 5523 2805 5594 Hypocritae
2842 5532 3042 5590 autem,
3070 5525 3161 5595 qui
3202 5525 3349 5582 favo-

1783 5628 1897 5667 rem
1942 5615 2122 5685 populi
2165 5623 2432 5684 quaerunt,
2483 5616 2537 5670 in
2583 5616 2809 5671 veritate
2832 5617 3000 5672 Deum
3043 5632 3151 5672 non
3198 5617 3351 5675 invo-

1785 5714 1931 5761 cant.

1858 5795 1922 5849 Et
1948 5811 2072 5850 vere
2103 5811 2268 5866 prope
2312 5806 2418 5862 est,
2453 5797 2576 5866 quia
2624 5796 2738 5868 ipse
2783 5817 2802 5852 ι
2831 5796 2995 5854 faciet
3023 5797 3355 5857 voluntatem
