3898 6462
571 361 675 418 683

1039 356 1394 414 llAYMONlS
1432 354 1910 413 HALBERSTAT.
1947 355 2160 413 EPISC.
2195 356 2347 414 OPP.
2386 358 2565 416 PARS
2600 359 2641 416 l.
2682 390 2750 401 —
2781 361 3143 420 COMMENT.
3179 363 3352 421 BIBL.

3738 370 3825 427 685

571 475 873 530 timentium
898 489 978 540 se,
1014 491 1033 527 ι
1074 474 1127 529 id
1164 484 1267 539 est,
1297 472 1607 544 complebit,
1633 480 1690 529 et
1713 472 1760 529 si
1796 472 1898 543 ipsi
1924 479 2142 529 taceant
2166 473 2216 535 A
2313 473 2448 532 Pars
2483 476 2737 533 secunda.
2766 476 2823 533 In
2850 478 2974 535 ﬁliis
3002 478 3285 541 hominum
3321 494 3432 536 non
3463 492 3555 539 est
3606 497 3819 554 speras.

572 584 592 615 ι
640 572 695 619 et
734 562 1167 634 deprecationem
1216 572 1400 619 eorum
1445 562 1695 619 exaudiet
1741 581 1761 614 ι
1816 562 1958 618 facta
2003 578 2137 623 voce

564 656 820 711 continua
887 674 906 706 ς
938 662 1038 710 ειν
1093 654 1309 709 tandem
1376 653 1602 709 «salvos
1652 653 1815 709 faciet
1872 668 1967 710 eos
2000 674 2019 707 ι
2081 655 2136 711 ἱη

564 756 768 804 aeterna
795 745 1140 803 salutatione.

635 838 818 908 Usque
860 851 966 892 non
1005 836 1238 891 ostendit
1280 835 1422 905 quod
1451 835 1592 892 Deus
1626 833 1808 904 justus
1851 837 1923 893 sit
1962 837 2017 893 in
2040 837 2134 894 bo-

562 942 681 992 nos,
723 941 868 982 nunc
893 924 1146 995 deinceps
1179 926 1542 982 communiter
1567 927 1836 996 quomodo
1882 928 1937 983 in
1964 928 2135 984 bonos

561 1026 618 1072 et
672 1016 726 1072 in
771 1015 963 1081 malos,
1017 1015 1246 1071 dicens:
1298 1034 1317 1067 ι
1354 1014 1599 1071 Custodit
1641 1017 1900 1073 Dominus
1945 1031 2133 1075 omnes

532 1105 841 1179 diligentes
869 1121 950 1171 se,
980 1114 1035 1160 et
1059 1120 1247 1162 omnes
1273 1115 1589 1175 peccatores
1617 1106 1908 1178 disperdet.
1943 1127 1963 1161 ι

628 1196 917 1253 Conclusio
967 1195 1403 1267 supradictarum
1456 1196 1844 1254 laudationum.
1901 1199 1968 1254 Et
2003 1198 2130 1270 quia

532 1284 814 1342 Dominus
857 1287 973 1342 haec
1019 1286 1198 1341 omnia
1246 1284 1430 1351 faciet,
1468 1286 1727 1356 quidquid
1770 1288 1861 1343 alii
1908 1288 2126 1357 faciant,

560 1394 580 1426 ι
613 1375 972 1432 laudationem
995 1375 1209 1431 Domini
1234 1374 1485 1445 loquetur
1503 1390 1567 1432 os
1591 1391 1791 1443 meum,
1815 1387 1870 1433 et
1898 1397 1916 1429 ι
1947 1393 2128 1434 exem-

524 1464 643 1534 ..plo
686 1464 794 1520 mei
862 1483 883 1517 ι
933 1464 1219 1520 benedicat
1276 1463 1453 1519 omnis
1507 1479 1640 1520 caro
1683 1466 1889 1522 nomini
1940 1475 2127 1525 sancto

551 1554 689 1623 ejus.
724 1571 743 1605 ι
801 1552 871 1608 Et
914 1551 1003 1608 hic
1045 1559 1193 1623 patet
1227 1552 1490 1608 intentio.
1561 1571 1580 1605 ι
1615 1553 1803 1610 Omnis
1830 1574 1850 1608 ι
1906 1555 2125 1626 inquam

528 1662 578 1694 -«
617 1657 765 1709 caro,
803 1662 822 1695 ι
851 1644 1059 1700 scilicet
1083 1644 1223 1699 servi
1253 1651 1308 1699 et
1356 1643 1530 1712 liberi,
1571 1646 1724 1714 pueri
1769 1652 1824 1702 et
1856 1655 2125 1702 senes:et

552 1733 656 1789 hoc
704 1747 812 1788 non
843 1733 908 1788 ad
936 1733 1147 1799 horam,
1200 1732 1296 1789 sed
1354 1753 1373 1786 ι
1403 1733 1457 1789 in
1501 1733 1755 1790 saeculum
1785 1755 1805 1788 ι
1861 1750 2120 1806 praesens,

2234 562 2384 630 dum,
2408 579 2531 621 cum
2548 579 2649 622 nec
2669 580 2749 633 se,
2771 582 2872 624 nec
2890 568 3025 624 alios
3040 568 3234 639 juvare
3251 580 3505 642 possunt,
3533 572 3642 628 sed
3671 574 3726 630 in
3750 576 3821 634 ib

2234 655 2558 723 sperandum
2583 665 2667 712 est
2689 657 2780 727 qui
2814 658 2908 713 dat
2929 659 3339 725 beatitudinem,
3366 670 3425 716 et
3464 661 3616 718 facit
3643 677 3813 724 eum

2233 760 2355 816 quae
2407 756 2707 816 sequuntur
2753 764 2768 801 :
2815 757 2873 803 et
2918 749 3022 805 hoc
3067 758 3154 807 est
3189 768 3205 805 :
3245 749 3343 808 Ille
3397 761 3495 808 est
3554 771 3578 804 ι
3628 754 3810 823 huius,

2232 835 2387 906 cujus
2411 854 2432 887 ι
2473 844 2559 893 est
2608 856 2627 888 ί
2657 836 2801 893 Deus
2838 835 3027 909 Iacob,
3068 858 3089 893 ι
3138 838 3193 895 id
3240 849 3348 908 est,
3394 842 3500 913 qui
3558 842 3670 899 sibi
3710 846 3807 902 facit

2231 924 2400 982 Deum
2424 942 2571 994 eum,
2602 941 2766 999 quem
2792 928 2984 986 habuit
3007 928 3175 989 Iacob
3203 933 3398 989 Deum.
3446 934 3532 988 Et
3578 934 3675 989 ille
3699 937 3807 993 Deus

2229 1024 2315 1073 est
2344 1034 2366 1070 ι
2396 1017 2611 1088 adiutor
2637 1017 2755 1088 ejus
2785 1037 2807 1074 ι
2845 1020 2915 1076 ad
2937 1020 3076 1078 bene
3116 1022 3457 1092 operandam
3495 1040 3513 1076 :
3550 1023 3679 1080 ideo
3702 1041 3802 1096 quo-

2229 1120 2335 1177 que
2363 1115 2449 1165 est
2471 1111 2686 1176 beatus,
2715 1110 2849 1181 quia
2879 1129 2899 1162 (
2934 1125 3060 1183 spes
3083 1110 3204 1183 ejus
3234 1132 3255 1167 ι
3311 1120 3404 1169 est
3462 1133 3487 1166 ι
3525 1113 3589 1168 in
3611 1113 3800 1171 Domina

2228 1196 2340 1254 Deo
2373 1196 2562 1268 ipsius,
2600 1218 2620 1250 ι
2670 1200 2727 1255 in
2753 1215 2861 1271 quo
2896 1202 3222 1272 sperandum
3249 1211 3334 1259 est
3360 1203 3539 1270 bene,
3566 1206 3692 1275 quia
3716 1207 3797 1277 ipse

2227 1295 2312 1344 est
2350 1306 2370 1340 ί
2412 1290 2506 1359 qui
2546 1288 2674 1346 fecit
2714 1290 2915 1347 ccelum
2957 1300 3013 1347 et
3056 1300 3283 1361 terram,
3312 1309 3502 1360 mare,
3533 1314 3556 1346 ι
3592 1297 3661 1351 ad

2226 1394 2364 1435 ram.
2410 1379 2479 1435 Et
2506 1388 2569 1435 ut
2604 1390 2880 1437 removeat
2923 1394 3164 1437 errorem
3194 1384 3600 1453 quorumdam,
3628 1388 3710 1456 qui
3731 1389 3787 1442 di-

2225 1468 2423 1525 cebant
2445 1471 2707 1540 quasdam
2742 1471 2946 1528 bestias
2973 1471 3145 1528 factas
3173 1488 3297 1529 esse
3326 1488 3360 1527 a
3392 1474 3649 1541 diabolo,
3675 1479 3783 1543 (ﬁcit,

2231 1575 2250 1609 ι
2286 1566 2342 1613 et
2365 1560 2546 1615 omnia
2576 1575 2696 1630 quas
2723 1560 2778 1615 in
2807 1561 2887 1617 eis
2912 1569 3038 1617 sunt
3068 1581 3087 1613 ι
3117 1561 3246 1618 fecit
3271 1563 3395 1633 ipse
3422 1563 3586 1621 Dens
3610 1583 3626 1618 :
3648 1568 3781 1623 (ﬁmi

2224 1661 2456 1718 namque
2478 1649 2684 1716 rustici,
2702 1649 2848 1720 quod
2869 1649 3115 1707 diabolus
3134 1666 3364 1722 capram
3394 1652 3561 1719 fecit,
3676 1660 3775 1726 quod

2223 1737 2475 1794 bufonem
2514 1754 2527 1791 :
2558 1746 2613 1794 et
2638 1754 2762 1795 eum
2805 1754 2996 1796 omnes
3038 1740 3383 1798 laudationes
3410 1742 3516 1800 Dei
3550 1746 3773 1801 traham

558 1840 577 1872 ι
612 1831 668 1877 et
706 1842 725 1875 ι
785 1824 947 1880 etiam
1003 1844 1021 1876 ι
1058 1824 1110 1879 in
1153 1824 1406 1880 saeculum
1436 1844 1455 1878 ι
1513 1824 1912 1881 subsecutivum
1962 1824 2123 1895 hujus
2149 1817 2196 1876 Β
2221 1842 2254 1885 a
2287 1830 2610 1900 supradictis
2644 1831 2698 1887 in
2761 1831 2870 1888 alio
2909 1832 3120 1903 psa‘lmo
3170 1848 3367 1891 novem
3425 1837 3633 1905 modis,
3662 1841 3762 1896 istud

538 1928 576 1963 Α
608 1911 809 1968 smculi.
843 1932 861 1965 ι

980 2026 1047 2080 ΙΝ
1104 2025 1433 2084 PSALMUM
1484 2026 1688 2084 CXLV.

1033 2137 1272 2194 TITULUS
1320 2156 1335 2193 :
1374 2137 1621 2192 Alleluia.

618 2288 636 2319 ί
670 2267 877 2331 Lauda,
903 2267 1082 2321 anima
1114 2282 1256 2332 mea,
1288 2266 1593 2321 Dominum.
1631 2285 1650 2319 ι
1685 2265 1741 2320 ln
1769 2266 1873 2322 hoc
1903 2265 2113 2337 psalmo

540 2368 623 2414 est
661 2357 882 2412 materia
928 2356 1164 2411 laudatio
1207 2356 1323 2420 Dei,
1374 2364 1428 2411 et
1473 2355 1705 2410 intendit
1746 2371 1844 2410 nos
1887 2354 2115 2411 invitare

540 2438 608 2502 ad
636 2447 847 2502 laudem
870 2446 965 2501 Dei
997 2445 1243 2515 exemplo
1272 2446 1376 2500 sui.
1419 2444 1608 2500 Modus
1636 2444 1732 2501 :ln
1756 2445 1932 2516 prima
1961 2451 2112 2515 parte

538 2538 742 2593 monita
766 2539 943 2592 anima
973 2552 1069 2593 sua
1107 2538 1176 2592 ad
1203 2536 1528 2591 laudandum
1556 2536 1748 2601 Deum,
1774 2546 1955 2592 monet
1979 2537 2113 2594 alios

538 2641 607 2681 ne
630 2625 906 2681 confidant
944 2626 996 2680 in
1036 2626 1390 2697 principibus,
1428 2624 1480 2680 id
1508 2633 1612 2691 est,
1640 2624 1723 2679 vel
1761 2625 1813 2679 in
1847 2627 2107 2693 daemone,

536 2716 619 2771 vel
660 2717 714 2771 in
749 2717 988 2783 homine,
1017 2717 1109 2786 qui
1148 2732 1247 2773 nec
1286 2716 1410 2783 sibi,
1451 2732 1552 2772 nec
1582 2716 1702 2772 aliis
1729 2716 1958 2772 salutem
1985 2733 2109 2788 pos-

532 2812 664 2859 Sunt
709 2813 985 2874 praestare.
1034 2805 1089 2859 ln
1135 2806 1387 2871 secunda,
1432 2820 1553 2876 quae
1599 2804 1825 2875 incipit:
1863 2826 1881 2859 ‹
1910 2807 2110 2864 Beatus

534 2897 688 2965 cujus
719 2899 861 2953 Deus
904 2895 1088 2963 Jacob,
1128 2919 1145 2950 ι
1207 2898 1445 2953 ostendit
1500 2898 1825 2968 sperandum
1881 2914 2001 2955 esse
2053 2901 2108 2955 in

533 2988 783 3052 Domino,
812 2987 1161 3043 describendo
1187 3002 1310 3059 eum
1338 2987 1495 3043 talem
1534 2987 1626 3056 qui
1655 2987 1811 3057 digne
1853 3003 2106 3044 remune-

546 3083 633 3132 ret
657 3083 938 3146 sperantes
968 3076 1020 3130 in
1050 3091 1129 3132 se.

2221 1921 2444 1990 respicit
2478 1921 2548 1976 ad
2571 1936 2756 1991 opera.

2288 2008 2411 2065 Ideo
2451 2010 2615 2066 etiam
2661 2012 2989 2081 sperandum
3033 2023 3119 2070 est
3165 2016 3219 2070 in
3263 2032 3352 2081 eo,
3390 2018 3530 2087 quia
3590 2019 3760 2090 ipsaet

2223 2118 2241 2151 ς
2271 2100 2360 2169 qui
2388 2101 2621 2157 custodit
2648 2103 2953 2170 veritatem,
2989 2126 3007 2158 ι
3042 2105 3093 2160 id
3131 2113 3235 2170 est,
3262 2108 3467 2180 implet
3504 2114 3755 2180 promisi»

2216 2206 2338 2247 nem
2370 2208 2553 2260 suam;
2596 2213 2616 2246 ι
2650 2195 2706 2249 in
2733 2197 3011 2263 saeculum,
3045 2219 3065 2251 ι
3098 2200 3152 2255 id
3188 2209 3293 2267 est,
3327 2218 3437 2272 per
3462 2207 3647 2260 omnia
3673 2217 3753 2262 tel-

2214 2294 2346 2359 pora
2384 2281 2545 2338 istius
2586 2284 2768 2340 saeculi
2800 2303 2814 2338 :
2844 2294 2900 2341 et
2942 2287 3072 2343 illud
3115 2290 3353 2360 pertinet
3406 2294 3484 2347 ad
3527 2296 3633 2352 hoc
3664 2298 3754 2368 mi

2213 2371 2460 2441 superius
2489 2372 2667 2428 dixit:
2716 2394 2734 2425 ι
2764 2376 3108 2434 abundantia:
3166 2381 3467 2439 suavitatis
3498 2403 3514 2439 :
3550 2405 3575 2437 ι
3623 2388 3752 2458 «ipse

2218 2478 2235 2511 ι
2266 2458 2396 2516 facit
2427 2460 2693 2530 judicium
2732 2464 2986 2536 injuriam
3032 2472 3384 2540 patientibus,
3423 2494 3446 2527 ι
3481 2479 3749 2549 ᾳηίεῃιιι

2211 2549 2387 2619 doque
2406 2550 2671 2621 judicavit
2701 2569 2816 2612 eos.
2870 2576 2887 2608 ι
2925 2559 3028 2613 Dat
3051 2575 3230 2616 escam
3259 2564 3656 2635 esurientibus,
3682 2580 3752 2623 iet

2209 2642 2546 2711 spiritualem
2576 2655 2632 2701 et
2659 2649 2996 2717 corporalem
3023 2667 3036 2703 :
3064 2667 3170 2707 non
3219 2655 3368 2710 enim
3411 2658 3518 2713 dat
3558 2661 3751 2731 gitima-

2208 2731 2312 2786 lem
2364 2732 2711 2791 refectionem
2750 2738 2852 2794 nisi
2893 2742 3276 2810 esurientibus,
3326 2746 3383 2801 id
3428 2759 3548 2815 est,
3595 2751 3751 2806 deside-

2208 2825 2469 2889 rantibus,
2518 2827 2728 2884 scilicet
2776 2831 3083 2891 sitientibus
3118 2835 3390 2906 justitiam
3425 2857 3443 2892 :
3473 2851 3535 2897 et
3560 2844 3752 2899 haudet

2208 2916 2482 2983 pertinent
2507 2919 2574 2973 ad
2603 2919 2889 2989 justitiam.

2274 3004 2380 3060 lste
2416 3006 2579 3062 etiam
2631 3029 2649 3061 ι
2677 3011 2934 3070 Dominus
2977 3016 3141 3072 solvit
3191 3023 3557 3092 compeditos,
3591 3045 3607 3077 ι
3644 3028 3750 3097 liga-

2206 3095 2350 3152 mine
2372 3106 2740 3167 peccatorum,
2772 3104 2855 3159 vcl
2882 3106 3195 3166 obsessione
3225 3112 3631 3184 daemoniorum,
3668 3095 3751 3175 sci-

602 3167 767 3233 QuaSi
800 3168 875 3222 ila
914 3167 1152 3222 dicere“
1190 3165 1448 3236 Superior
1489 3168 1627 3272 νεξίῖο
1657 3182 1847 3240 regem
1889 3177 2103 3277 eflpl'e-
2130 3161 2174 3223 (ἶ
2205 3182 2331 3247 licet
2354 3161 2754 3246 dremoniacos':
2779 3194 2864 3249 vel
2896 3197 2963 3251 ad
2990 3161 3231 3255 lit—teram
3264 3161 3749 3277 compeditos-,,si;t

530 3274 687 3313 mens
707 3258 1081 3314 carnalitatem
1109 3273 1281 3322 suam,
1330 3273 1364 3312 ο
1413 3277 1431 3309 ι
1465 3260 1645 3315 anima
1676 3274 1816 3325 mea,
1850 3279 1868 3311 ι
1917 3260 1968 3314 id
1998 3268 2100 3326 est,

530 3349 856 3414 animalitas,
886 3364 1006 3419 qua:
1033 3349 1164 3404 mihi
1208 3348 1372 3405 debes
1407 3350 1636 3414 servire,
1674 3370 1693 3403 ε
1730 3349 1887 3405 lauda
1916 3351 2101 3405 Domi-

529 3455 695 3504 num;
735 3458 753 3490 ι
787 3441 964 3494 anima
999 3449 1177 3495 autem
1202 3440 1338 3496 bene
1381 3440 1681 3497 confortata
1711 3442 1882 3498 dicit:
1918 3462 1935 3494 ι
1965 3443 2102 3498 Lau-

528 3531 667 3588 dabo
696 3530 979 3587 Dominum
1015 3533 1067 3587 in
1112 3532 1222 3586 vita
1262 3548 1405 3599 mea,
1437 3553 1455 3585 ›
1507 3533 1559 3587 id
1587 3541 1691 3600 est,
1740 3535 1793 3589 in
1841 3535 1943 3590 alia
1970 3536 2098 3601 vita,

525 3637 647 3691 quae
674 3636 791 3678 mea
816 3623 1031 3693 propria
1077 3632 1132 3678 et
1175 3623 1304 3678 felix
1349 3626 1477 3691 erit,
1522 3646 1541 3677 ι
1578 3627 1824 3696 psallam,
1859 3647 1877 3680 ι
1913 3628 1964 3684 id
1994 3638 2096 3694 est,

520 3711 663 3766 bene
726 3712 991 3783 operabor
1058 3731 1076 3764 ι
1116 3713 1223 3768 Deo
1284 3728 1407 3769 meo
1456 3717 1694 3785 quandiu
1739 3715 1929 3783 fuero,
1969 3738 1989 3771 ι
2044 3719 2098 3775 id

521 3812 622 3868 est,
645 3819 743 3874 per
772 3814 941 3860 totum
971 3815 1183 3875 tempus
1205 3806 1362 3861 istius
1390 3807 1533 3861 vitae.

589 3893 658 3948 Et
699 3895 887 3949 eodem
936 3895 1115 3959 modo,
1144 3911 1242 3950 vos
1272 3896 1386 3961 alii,
1427 3896 1636 3967 psallite
1664 3900 1910 3970 exemplo
1946 3903 2050 3958 mei
2080 3923 2093 3958 :

522 3982 653 4037 illud
683 3983 968 4038 consilium
1014 3984 1157 4053 quod
1206 3986 1337 4040 mihi
1387 3987 1565 4042 tribuo
1605 3988 1815 4045 debetis
1861 3991 2093 4062 insequi,

516 4072 725 4128 scilicet
777 4091 796 4124 ι
838 4072 1004 4128 nolite
1050 4074 1322 4130 confidere
1361 4076 1415 4131 in
1444 4077 1804 4149 principibus,
1840 4101 1859 4133 ι
1913 4083 1965 4137 id
1990 4093 2092 4147 est,

518 4164 572 4216 in
627 4160 991 4228 daemonibus,
1039 4164 1128 4232 qui
1178 4172 1304 4219 sunt
1347 4166 1620 4237 principes
1673 4169 1829 4225 istius
1875 4173 2089 4238 mundi;

517 4250 661 4306 unde
709 4250 766 4306 in
812 4251 1143 4324 Evangelio:
1177 4274 1194 4306 ι
1239 4255 1377 4311 Ecce
1416 4256 1669 4330 princeps
1714 4259 1873 4329 hujus
1907 4264 2092 4320 mundi

516 4338 766 4409 ejicietur
816 4341 962 4398 foras
991 4343 1173 4413 (Joan.
1213 4345 1312 4417 xu)
1345 4365 1362 4397 ι
1403 4365 1421 4398 ε
1453 4362 1628 4419 neque
1675 4350 1729 4405 in
1760 4350 1885 4407 filiis
1913 4353 2090 4409 homi-

512 4445 667 4496 num,
702 4432 811 4512 rid
841 4442 945 4500 est,
987 4436 1039 4489 in
1078 4437 1409 4506 hominibus,
1462 4460 1481 4493 ‹
1535 4441 1589 4496 in
1638 4442 1850 4512 quibus,
1908 4465 1927 4498 ι
1980 4456 2089 4501 tam

510 4510 847 4593 principibus
874 4537 1033 4592 quam
1060 4526 1385 4595 hominibus,
1420 4548 1439 4580 ε
1471 4544 1577 4586 non
1606 4510 1691 4587 est
1719 4532 1866 4588 salus
1900 4553 1918 4585 ι
1954 4536 2081 4605 quia

511 4612 717 4682 seipsos
743 4613 952 4687 salvare
978 4630 1081 4670 non
1108 4626 1357 4687 possunt,
1393 4621 1589 4676 nedum
1612 4622 1749 4678 alios
1772 4624 2076 4681 salvarent:

509 4704 593 4758 vel
621 4704 740 4759 sine
786 4723 807 4757 ι
840 4720 1011 4775 neque
1047 4726 1065 4758 ι
1120 4708 1199 4763 sic
1222 4708 1470 4765 dicetur:
1506 4710 1681 4768 Nolite
1724 4714 1995 4772 confidere
2026 4717 2079 4772 in

507 4791 864 4861 principibus,
895 4793 949 4849 id
982 4803 1083 4861 est,
1136 4796 1192 4850 in
1237 4799 1543 4867 potentibus
1576 4800 1884 4859 hominibus
1923 4804 2081 4873 hujus

506 4880 652 4946 vitae,
684 4881 810 4952 quia
841 4882 941 4952 ipsi
990 4892 1114 4939 sunt
1155 4886 1250 4941 filii
1289 4887 1590 4958 hominum,
1625 4891 1805 4947 ethoc
1830 4901 1933 4961 est,
1969 4913 1987 4946 ι
2022 4895 2079 4950 in

506 4969 634 5025 ﬁliis
664 4970 962 5038 hominum,
1001 4994 1019 5027 ι
1055 4982 1161 5030 etc.

570 5061 717 5118 Bene
743 5062 864 5118 dico
890 5065 1034 5134 quod
1078 5065 1133 5120 in
1177 5066 1283 5123 illis
1310 5082 1417 5124 non
1447 5078 1530 5126 est
1556 5072 1722 5139 salus,
1752 5075 1877 5145 quia
1915 5095 1933 5128 ι
1964 5079 2077 5150 spi-

505 5151 643 5207 ritus
670 5152 809 5223 ejus,
838 5174 857 5207 ι
907 5156 1167 5222 hominis,
1212 5177 1231 5211 α
1264 5160 1432 5220 exibit
1466 5181 1484 5214 ι
1533 5179 1563 5219 a
1611 5180 1860 5236 corpore,
1917 5189 1936 5222 ι
1970 5179 2026 5226 et
2052 5190 2072 5222 ι

504 5243 596 5298 ille
623 5244 783 5307 homo
807 5248 1101 5302 secundum
1136 5263 1331 5324 corpus
1364 5268 1384 5302 σ
1414 5262 1713 5310 revertetur
1741 5256 1794 5312 in
1825 5265 2024 5316 terram
2050 5282 2070 5315 ι

503 5343 565 5388 ut
594 5334 729 5391 cinis
753 5335 847 5391 fiat
871 5355 884 5391 ε
908 5346 1111 5394 terram
1143 5340 1263 5398 dico
1295 5361 1314 5394 ο
1346 5358 1500 5400 suam
1537 5365 1557 5398 ι
1586 5349 1725 5404 unde
1758 5350 1870 5421 ipse
1899 5352 2076 5409 fuerat

503 5422 680 5480 factus
700 5433 756 5482 et
775 5428 1058 5484 exordium
1085 5431 1340 5487 duxerat:
1364 5443 1418 5489 et
1449 5453 1467 5486 ι
1502 5436 1556 5490 in
1585 5435 1673 5490 illa
1699 5437 1786 5494 die
1811 5460 1830 5492 ι
1860 5442 2075 5511 quando

500 5514 583 5571 sic
618 5517 785 5573 exibit
810 5519 1051 5589 spiritus,
1108 5520 1129 5576 ὰ
1163 5524 1518 5594 cogitationes
1550 5541 1734 5583 eorum
1769 5549 1787 5581 ι
1818 5533 1941 5601 quia
1971 5535 2071 5590 sibi

502 5607 715 5663 divitias
755 5614 1047 5681 parandas,
1094 5623 1149 5670 et
1194 5616 1426 5672 maxima
1473 5632 1636 5687 regna
1685 5624 2069 5685 substernenda

500 5706 836 5764 putaverant.
868 5710 926 5756 ut
956 5718 1049 5757 rex
1079 5705 1408 5775 angelorum,
1445 5725 1463 5759 ς
1500 5709 1766 5778 peribunt.
1809 5733 1827 5763 ι

2206 3276 2422 3334 Petrum
2473 3281 2526 3336 in
2576 3297 2797 3340 carcere
2854 3286 2992 3359 (Act.
3020 3292 3145 3364 xu).
3213 3314 3235 3345 r
3266 3276 3510 3353 Dominus
3536 3319 3556 3351 ι
3594 3302 3740 3354 etiam

2209 3385 2240 3460 «μ
2258 3367 2529 3426 illuminat
2558 3387 2751 3441 cmcos,
2788 3396 2807 3429 ι
2843 3378 2896 3433 id
2925 3390 3027 3447 est,
3075 3383 3438 3453 ignorantibus
3458 3390 3538 3442 dat
3565 3390 3731 3460 cogni-

2204 3456 2403 3552 tionem
2433 3462 2516 3516 sui
2548 3463 2631 3518 vel
2660 3466 2733 3527 ad
2773 3466 3031 3537 litteram,
3079 3474 3226 3529 sicut
3267 3477 3479 3533 Tobiam
3505 3456 3649 3551 «τοδί
3668 3481 3740 3552 ιι)

2202 3554 2256 3601 et
2280 3547 2413 3604 alios
2442 3552 2659 3609 multos.

2277 3659 2294 3690 ι
2312 3640 2569 3698 Dominus
2583 3644 2937 3715 erigitelisos,
2962 3669 2981 3701 ι
3000 3653 3359 3712 condonanuo
3368 3670 3609 3729 peccata.
3636 3660 3732 3715 «bo-

2200 3729 2376 3784 minus
2403 3731 2578 3803 diligit
2604 3735 2800 3804 justos,
2833 3759 2851 3791 ι
2885 3741 3013 3809 quia
3042 3744 3267 3801 roborat
3291 3747 3343 3801 in
3374 3749 3677 3806 virtutibus.

2274 3840 2292 3873 ι
2329 3822 2590 3880 Dominus
2618 3829 2851 3885 custodit
2877 3831 3133 3899 advenas,
3170 3854 3188 3889 ι
3223 3836 3274 3891 id
3296 3847 3393 3911 est,
3416 3838 3537 3893 illos
3568 3843 3667 3910 qui
3712 3844 3758 3896 in

2198 3914 2303 3969 hoc
2348 3917 2548 3971 mundo
2580 3930 2886 3978 manentem
2914 3924 3192 3983 civitatem
3219 3943 3315 3983 non
3341 3940 3593 3998 quazrunt
3621 3973 3637 3999 ,
3668 3936 3761 3989 sed

2195 4004 2476 4075 inquirunt
2502 4018 2762 4066 aeternam
2787 4013 2972 4084 (Hebr.
2990 4020 3146 4089 xm),
3175 4035 3302 4090 quos
3321 4022 3555 4078 custodit
3582 4039 3617 4078 a
3644 4041 3756 4096 per-

2195 4096 2496 4185 petratione
2520 4107 2575 4154 et
2608 4101 2915 4171 iniquorum
2940 4107 3340 4176 conformitate,
3374 4130 3393 4163 ι
3426 4114 3706 4185 pupillum,
3734 4138 3750 4167 ι

2194 4182 2248 4238 id
2267 4195 2369 4249 est,
2391 4187 2538 4242 illum
2562 4190 2716 4259 cujus
2740 4205 2895 4264 pater
2920 4207 3165 4255 mortuus
3185 4210 3269 4257 est
3289 4182 3554 4270 diabolus,
3585 4216 3640 4261 et
3664 4223 3756 4260 ma—

2194 4282 2278 4331 ter
2320 4278 2570 4337 voluntas
2619 4285 2895 4344 saacularis
2922 4307 2936 4343 :
2969 4310 2989 4344 ι
3018 4300 3074 4347 et
3102 4293 3351 4362 viduam,
3382 4315 3403 4349 ι
3445 4297 3501 4353 id
3532 4307 3637 4361 est,
3657 4300 3751 4353 illos

2192 4367 2282 4437 qui
2323 4377 2453 4424 sunt
2494 4373 2723 4431 desolati
2761 4392 2792 4432 a
2821 4378 3063 4438 subsidio
3107 4383 3270 4454 hujus
3308 4388 3525 4455 steculi,
3561 4409 3580 4443 ι
3614 4393 3753 4447 susci-

2191 4456 2302 4527 piet
2332 4476 2350 4509 ι
2386 4458 2439 4514 in
2467 4469 2670 4518 {eterna
2700 4466 3078 4538 tabernacula,
3115 4492 3134 4525 σ
3165 4482 3222 4530 et
3262 4493 3284 4528 ›
3317 4491 3349 4531 e
3384 4489 3590 4535 contra
3621 4500 3639 4531 ι
3662 4481 3751 4534 vias

2189 4557 2534 4618 peccatorum
2565 4554 2860 4625 disperdet,
2890 4578 2909 4611 ι
2937 4561 2992 4616 id
3019 4571 3104 4620 est
3131 4565 3351 4623 inutiles
3371 4568 3573 4628 faciet.

2259 4639 2385 4696 Haec
2411 4657 2531 4713 quae
2554 4646 2712 4701 modo
2734 4647 2876 4706 dicta
2900 4663 3047 4719 sunt,
3074 4655 3472 4717 abundantiam
3496 4664 3751 4719 suavitatis

2187 4731 2493 4789 ostendunt.
2519 4733 2863 4795 Continuatio
2885 4758 2900 4796 :
2922 4743 3179 4802 Dominus
3198 4747 3490 4820 disperdet
3518 4754 3639 4811 vias
3655 4769 3752 4825 pec-

2188 4826 2448 4887 catorum,
2482 4830 2538 4911 et
2557 4824 2659 4880 iste
2692 4846 2712 4879 ι
2742 4827 3007 4888 Dominus
3031 4837 3276 4906 regnabit
3314 4840 3367 4895 in
3393 4845 3639 4911 secula;
3662 4824 3687 4895 ⁷»
3712 4852 3754 4898 et

2187 4906 2515 4972 determinai
2558 4932 2718 4987 quem
2764 4921 3057 4983 Dominum
3098 4945 3332 5003 regnare
3372 4936 3573 5006 dicat,
3622 4906 3755 5003 sic,o

2184 5022 2221 5099 ¢_
2239 5003 2388 5072 Sion,
2423 5025 2442 5058 ι
2472 5008 2524 5063 id
2554 5018 2639 5065 est
2664 5026 2720 5078 o,
2742 5011 3003 5087 Ecclesia,
3032 5018 3135 5075 iste
3152 5030 3236 5078 est
3259 5042 3280 5075 ‹
3303 5023 3458 5083 Deus
3485 5003 3619 5086 tuus
3643 5050 3663 5083 ι
3684 5030 3757 5099 qui

2179 5093 2258 5193 sic
2286 5099 2529 5167 regnabit
2569 5118 2588 5151 ιι
2624 5101 2678 5156 in
2707 5106 3060 5173 generatione
3092 5128 3114 5164 ι
3154 5113 3278 5178 hac,
3314 5133 3333 5166 ι
3367 5125 3435 5172 et
3468 5120 3532 5175 in

2182 5182 2371 5241 tione’i
2405 5186 2607 5245 futura.

2624 5321 2695 5379 IN
2730 5325 3062 5386 PSALMUM
3098 5331 3328 5389 CXLVI.

2689 5434 2930 5495 Tt'ruws
2954 5458 2969 5496 :
3000 5442 3249 5500 Alleluia.

2251 5558 2271 5591 ‹
2321 5538 2559 5599 Laudate
2607 5544 2892 5607 Dominum
2920 5593 2936 5618 ,
2989 5556 3262 5624 quoniam.
3304 5578 3325 5611 ι
3369 5561 3527 5621 Item
3576 5569 3635 5623 in
3682 5571 3770 5623 hoc

2173 5633 2382 5701 psalmo
2408 5636 2688 5692 materiam
2729 5640 2895 5697 habet
2932 5644 3199 5716 Propheta
3225 5650 3621 5713 laudationem
3646 5660 3766 5715 Dei:

2174 5724 2323 5781 hanc
2357 5725 2566 5783 scilicet
2591 5732 2734 5800 quod
2766 5733 2907 5792 Deus
2933 5750 3222 5814 congregat
3249 5743 3575 5805 Ecclesium
3627 5768 3770 5808 suam
