3898 6474
172 365 284 431 683

1370 368 1590 426 EXPLA
1599 362 1802 421 NATlO
1835 362 1903 418 IN
1940 361 2275 420 PSALMOS.

3300 362 3405 419 6815

175 494 230 549 in
272 489 526 548 unionem
555 486 678 544 ﬁdei
698 485 770 549 ,de
794 483 1056 540 universis
1093 481 1336 554 partibus
1365 480 1569 537 mundi.
1607 476 1742 532 Nota
1768 477 1820 537 Α
1838 471 1978 542 jicit,
2004 473 2100 529 sed
2126 472 2373 529 omnibus
2399 470 2645 542 providet
2662 471 2995 553 necessaria.
3029 488 3049 523 ι
3070 471 3138 526 Ει
3159 472 3407 531 omnibus

175 581 320 651 quod
361 578 419 635 in
458 577 614 634 titulo
652 574 810 646 hujus
842 574 1032 645 psalmi
1078 580 1351 643 apponunt
1394 590 1412 622 ι
1459 569 1639 642 Aggaai
1687 580 1744 624 et

175 669 454 727 Zachariae
484 685 499 722 :
539 687 559 721 ο
598 667 689 723 isti
711 665 855 720 enim
881 664 937 718 in
964 662 1277 732 captivitate
1310 660 1610 732 Babyloniae
1646 658 1741 713 de-

178 760 334 827 tenti,
359 759 592 815 reditum
621 764 744 826 post
770 752 1103 825 septuaginta
1132 766 1302 807 annos
1349 749 1584 805 futurum
1613 763 1742 818 pro-

173 852 552 924 phetaverunt,
586 847 706 918 plus
731 844 1093 915 intelligentcs
1134 840 1466 915 spiritualem
1511 838 1743 895 reditum

176 941 246 998 ad
277 939 550 997 ccclestcm
578 933 930 998 Hierusalem,
954 948 1113 1003 quam
1140 929 1470 1001 corporalem
1496 925 1561 981 ad
1588 940 1741 980 suam

174 1032 408 1104 patriam
436 1042 484 1083 α.
514 1028 701 1083 Modus
727 1044 739 1080 :
767 1026 825 1080 ln
854 1020 1028 1095 prima
1061 1032 1214 1095 parte
1258 1029 1440 1077 monet
1466 1018 1745 1090 religiosos

175 1130 232 1178 et
257 1119 607 1193 perfectiores
628 1117 695 1172 de
715 1115 954 1172 Ecclesia
982 1114 1049 1169 ad
1069 1113 1280 1169 laudem
1307 1109 1540 1175 Domini,
1566 1115 1745 1163 osten-

173 1211 311 1268 dens
341 1209 483 1280 quod
526 1207 668 1263 Deus
714 1203 1010 1261 Ecclesiam
1057 1219 1209 1260 suam
1252 1202 1320 1258 de
1368 1199 1628 1271 dispersis
1648 1213 1747 1269 per

177 1315 347 1361 totum
381 1303 639 1359 mundum
664 1299 912 1364 aediﬁcet,
938 1307 991 1355 et
1021 1297 1189 1353 multa
1216 1295 1476 1352 beneﬁcia
1510 1292 1591 1348 eis
1618 1307 1745 1348 eon-

179 1395 344 1451 ferat.
376 1393 434 1449 In
458 1391 712 1456 secunda,
751 1405 870 1461 quae
894 1388 1115 1459 incipit:
1152 1406 1170 1440 ‹
1209 1385 1495 1442 Ρηεείιιὶιε
1521 1383 1745 1438 Domino

175 1484 232 1540 in
256 1482 623 1548 confessione,
658 1499 676 1531 ι
702 1487 882 1536 ιιιοηει
912 1479 1046 1534 alios
1083 1477 1259 1533 adhuc
1306 1474 1637 1547 negligentes
1677 1472 1747 1527 ad

175 1563 504 1629 laudandum
528 1572 720 1637 Deum,
742 1579 798 1625 et
817 1568 1053 1624 ostendit
1075 1567 1156 1623 eis
1179 1564 1323 1637 quod
1354 1565 1412 1620 in
1452 1562 1745 1620 humilibus

174 1661 525 1734 bencplaceat
550 1659 800 1725 Domino,
831 1660 884 1713 in
912 1658 1159 1728 superbis
1209 1671 1335 1712 vero
1378 1669 1486 1710 non
1525 1672 1540 1708 :
1570 1662 1625 1709 ct
1650 1667 1747 1724 per

175 1751 292 1807 luce
318 1750 553 1806 intendit
573 1751 640 1806 ad
664 1736 879 1804 laudem
906 1746 1121 1803 Domini
1148 1746 1397 1802 invitare.

243 1842 375 1899 Inde
402 1844 535 1899 dicit
564 1860 578 1896 :
610 1862 628 1894 ‹
655 1840 901 1895 Laudate
926 1839 1233 1904 Dominum,
1269 1857 1288 1889 ι
1320 1851 1452 1893 voce
1479 1844 1534 1893 et
1563 1851 1749 1906 opera-
1772 1814 1821 1873 Β

179 1934 344 1999 tione,
364 1951 383 1984 ι
404 1933 658 2003 quoniam
684 1930 942 2003 psalmus,
965 1949 984 1982 ι
1003 1930 1058 1984 id
1083 1938 1168 1985 est
1190 1928 1494 1998 hujusmodi
1514 1928 1751 1985 laudatio

177 2039 301 2081 cum
346 2024 487 2080 bona
514 2024 842 2094 Operatione,
887 2041 906 2075 ς
938 2032 1024 2080 εει
1062 2025 1235 2079 bonus
1263 2043 1282 2076 ι
1310 2032 1364 2078 ει
1401 2023 1551 2078 utilis
1592 2022 1752 2078 alicui

177 2119 258 2174 sic
282 2119 539 2183 laudanti,
574 2136 594 2170 ι
629 2118 739 2174 Deo
767 2128 975 2183 nostra,
1010 2136 1028 2167 ι
1053 2117 1146 2187 qui
1176 2132 1282 2171 non
1306 2125 1389 2172 est
1421 2116 1541 2171 talis
1567 2116 1753 2186 quales

176 2217 305 2264 sunt
332 2209 406 2264 dii
427 2209 686 2279 gentium,
720 2226 739 2259 ι
773 2209 846 2265 sit
875 2207 1147 2262 laudatio:
1172 2226 1191 2259 ι
1217 2222 1323 2262 non
1342 2207 1750 2277 qualiscunque,

176 2299 272 2354 sed
306 2298 609 2370 «jucunda,
638 2317 656 2350 ›
691 2297 746 2353 id
790 2307 875 2353 est
920 2313 1053 2367 pura
1098 2297 1393 2352 intentione
1440 2295 1613 2361 facta,
1643 2310 1750 2351 non

176 2386 277 2461 pro
307 2389 587 2460 temporali
633 2390 934 2452 commodo,
975 2389 1068 2443 sed
1115 2403 1211 2456 pro
1243 2387 1357 2442 sala
1388 2387 1496 2441 Deo
1541 2400 1753 2456 prome—

176 2482 384 2539 rendo:
414 2500 435 2534 ι
468 2482 765 2550 decoraque
792 2480 882 2561 sit,
912 2500 931 2533 ι
961 2480 1013 2535 id
1035 2487 1119 2534 cst
1142 2495 1205 2534 ex
1234 2494 1369 2548 pura
1399 2477 1748 2541 conscientia,

175 2591 297 2647 qua:
340 2593 449 2634 non
496 2585 718 2649 propter
751 2582 971 2647 peccata
1022 2574 1270 2630 facientis
1302 2573 1541 2629 vilescat.
1584 2571 1751 2628 Audi-

174 2670 276 2725 stis
312 2670 455 2726 enim
479 2670 604 2740 quia
631 2687 651 2720 ι
683 2684 788 2725 non
828 2676 911 2724 est
944 2667 1187 2737 speciosa
1214 2666 1333 2720 laus
1355 2665 1411 2720 in
1439 2680 1532 2721 ore
1559 2679 1750 2734 pecca-

180 2761 313 2815 toris
339 2760 529 2831 (Eccli.
559 2759 672 2831 xv).
712 2779 729 2811 ι
761 2759 878 2813 Alia
908 2759 1183 2813 distinctio
1216 2764 1392 2827 potest
1420 2756 1534 2811 ﬁeri
1564 2756 1617 2809 in
1646 2755 1750 2810 hoc

175 2851 405 2918 psalmo,
437 2851 529 2906 sed
561 2866 664 2906 non
698 2850 924 2905 habetur
952 2865 1017 2905 ex
1047 2848 1388 2911 auctoritate,
1413 2846 1528 2901 sic:
1557 2864 1574 2897 ‹
1603 2845 1748 2900 Lan-

176 2940 303 2994 date
329 2939 636 3005 Dominum,
660 2939 912 3017 quoniam
935 2939 1106 2993 bonus
1131 2944 1213 2992 cst
1233 2935 1491 3006 psalmus,
1523 2935 1592 2990 sit
1616 2935 1744 3000 Deo,

176 3030 272 3085 sed
287 3028 525 3099 jucunda
560 3029 813 3084 laudatio.
858 3049 877 3081 ι

247 3121 375 3216 Ideo
402 3121 522 3175 dico
560 3138 583 3216 ξ
617 3119 862 3216 laudate,
900 3118 1200 3216 {quoniam
1233 3137 1250 3168 ι
1292 3116 1550 3172 Dominus
1573 3114 1744 3172 aedifi-
1774 3156 1817 3216 α

1845 566 1926 621 eis
1960 564 2178 619 nomina
2208 571 2384 629 vocat,
2409 582 2427 616 ι
2466 561 2551 617 vel
2577 576 2780 618 vocans
2816 548 2928 627 est,
2973 575 3408 633 unumquemque

1844 654 2124 725 cognoscit
2168 669 2267 724 per
2299 668 2453 709 suam
2493 652 2879 722 praprietatem
2901 691 2917 719 ,
2944 652 3210 719 videlicet,
3246 653 3409 709 istum

1843 745 2119 817 cognoscit
2158 744 2497 815 simplicem,
2547 742 2692 797 velut
2739 742 2935 807 David;
2979 740 3126 807 illum
3161 756 3410 799 mansue-

1845 845 1981 905 tum,
2007 835 2156 892 velut
2183 834 2400 905 Moysen
2438 853 2452 889 :
2487 835 2561 889 ita
2590 843 2648 890 et
2679 834 2815 889 alios
2840 848 2939 904 per
2962 849 3087 891 suas
3106 835 3407 906 proprieta—

1845 936 1948 994 tes,
1974 942 2108 998 quas
2143 927 2259 997 ipse
2296 925 2440 980 idem
2482 924 2535 979 in
2581 925 2661 980 eis
2704 933 2957 995 operatus
2995 932 3100 982 εει.
3141 924 3251 982 Has
3276 927 3412 984 tales

1842 1019 2203 1091 proprietates
2229 1014 2499 1089 significat
2524 1029 2621 1086 per
2646 1015 2885 1082 nomina,
2906 1016 3031 1085 quia
3055 1016 3194 1072 sicut
3218 1016 3416 1087 aliquis

1842 1126 1941 1182 per
1969 1124 2165 1166 nomen
2205 1108 2516 1165 distinctam
2559 1108 2835 1183 cognoscit
2868 1122 3169 1177 personam,
3202 1108 3279 1165 ita
3303 1109 3412 1165 Da-

1844 1202 2023 1258 minus
2050 1215 2149 1271 per
2170 1200 2270 1256 has
2294 1200 2655 1274 proprietates
2682 1199 2964 1255 distinctas
2990 1200 3269 1271 cognoscit
3291 1216 3414 1272 per-

1845 1309 2025 1351 sonas.

1913 1386 1980 1441 Et
2023 1386 2151 1457 quia
2197 1386 2322 1441 talia
2368 1384 2519 1450 facit,
2559 1383 2679 1439 ideo
2707 1403 2725 1435 ι
2761 1399 2987 1456 magnus
3021 1404 3040 1437 ι
3069 1393 3154 1441 εει
3187 1403 3206 1437 ι
3234 1384 3416 1440 Domi-

1845 1490 1989 1531 nus:
2024 1494 2042 1527 ι
2073 1490 2181 1531 non
2221 1475 2342 1530 dico
2381 1473 2639 1529 Dominus
2684 1489 2843 1543 quem
2884 1474 3111 1545 gentiles
3140 1490 3294 1530 suum
3337 1475 3414 1529 fa-

1845 1567 2010 1630 ciunt,
2040 1567 2135 1622 sed
2159 1585 2177 1618 ι
2202 1573 2421 1622 noster:
2451 1585 2470 1617 ι
2498 1565 2588 1620 hic
2615 1563 2928 1636 intelligitur
2950 1579 3178 1634 persona
3204 1564 3411 1619 Patris:

1853 1674 1872 1707 c
1903 1665 1958 1711 et
1988 1670 2183 1727 magna
2222 1654 2394 1709 virtus
2434 1653 2549 1722 ejus
2587 1674 2606 1706 ι
2642 1654 2954 1724 intelligitur
2992 1669 3224 1724 persona
3267 1653 3416 1722 Filii,

1847 1760 2006 1816 quem
2053 1745 2310 1801 virtutem
2348 1743 2443 1799 Dei
2486 1743 2752 1808 nominat,
2792 1745 2917 1814 quia
2943 1760 3041 1815 per
3068 1745 3244 1817 ipsum
3274 1744 3421 1802 Deus

1848 1846 2096 1909 potenter
2139 1837 2319 1892 omnia
2362 1837 2518 1907 regit,
2564 1845 2617 1892 et
2661 1838 2910 1892 omnibus
2946 1837 3280 1903 dominatur;
3310 1856 3328 1888 ι
3362 1847 3422 1895 et

1852 1929 2129 2000 sapientia:
2174 1928 2288 1998 ejus
2332 1946 2345 1983 :
2389 1948 2407 1981 ι
2456 1928 2546 1983 hie
2591 1943 2805 1998 quoque
2843 1928 3010 1985 Filius
3056 1929 3416 2001 intelligitur:

1856 2037 1876 2070 ι
1917 2033 2024 2073 non
2049 2026 2133 2074 est
2158 2033 2435 2085 numerus,
2474 2035 2493 2069 ι
2523 2018 2647 2089 quia
2681 2017 2890 2073 inﬁnita
2925 2025 2980 2073 et
3012 2018 3422 2089 incomprehen-

1851 2107 2019 2163 sibilis
2041 2117 2125 2163 est
2141 2107 2229 2162 illa
2250 2107 2342 2163 Dei
2366 2108 2643 2178 sapientia.
2668 2107 2784 2174 Vel,
2812 2129 2829 2160 ι
2859 2123 2965 2164 non
2986 2117 3069 2165 est
3088 2124 3366 2177 numerus,
3394 2129 3415 2164 ι

1851 2198 1978 2268 quia
2006 2198 2163 2253 unica
2206 2206 2263 2253 et
2303 2198 2592 2269 singularis
2617 2208 2733 2264 est;
2777 2198 2884 2264 vel,
2914 2199 3209 2270 sapientiae,
3236 2200 3290 2255 id
3315 2208 3425 2266 est;

1851 2289 1973 2343 Filii
1998 2304 2102 2343 non
2132 2297 2217 2344 est
2254 2303 2533 2353 numerus,
2563 2288 2618 2343 id
2660 2296 2743 2344 est
2780 2304 2886 2343 non
2932 2297 3110 2358 potest
3145 2289 3429 2345 numerari

1851 2380 2095 2435 diversus
2126 2394 2154 2433 a
2182 2378 2363 2444 Patre,
2393 2379 2518 2448 quia
2550 2378 2690 2433 idem
2737 2393 2857 2434 cum
2901 2378 3082 2446 Patre,
3129 2381 3427 2436 secundum

1849 2472 2228 2542 Augustinum,
2270 2471 2360 2540 qui
2390 2471 2520 2527 dicit
2546 2471 2611 2526 in
2634 2471 2736 2526 hoc
2769 2463 3057 2527 s'crmone:
3090 2471 3340 2543 Legimus
3368 2472 3426 2528 in

1851 2573 2039 2620 sancto
2068 2564 2268 2635 Moyse,
2297 2565 2419 2620 ideo
2445 2580 2551 2620 non
2579 2573 2663 2620 est
2703 2580 2958 2621 numerus
2984 2566 3260 2636 sapientia:
3285 2565 3424 2636 ejus.

1849 2653 1993 2708 nulla
2022 2654 2164 2708 enim
2200 2653 2303 2709 alia
2323 2654 2585 2725 sapientia
2601 2646 2929 2724 potest'buic
2955 2655 3260 2725 comparari
3290 2673 3304 2710 :
3328 2655 3428 2712 sed

1849 2747 2124 2818 sapientia:
2152 2746 2410 2814 Platonis,
2442 2755 2500 2803 et
2535 2746 2761 2802 aliorum
2798 2747 3263 2820 philosophorum,
3292 2761 3420 2817 pos-

1850 2847 1976 2895 sunt
2015 2839 2134 2894 alia:
2179 2840 2363 2908 multa:
2401 2841 2703 2917 comparari
2735 2857 2748 2893 :
2783 2840 2955 2910 ipsum
2985 2841 3182 2896 Filium
3210 2842 3428 2911 sapien-

1851 2933 1979 2988 tiam
2007 2932 2101 2988 Dei
2135 2920 2285 2997 dicit,
2315 2932 2442 3003 quia
2480 2947 2577 3003 per
2612 2933 2787 3002 ipsum
2819 2934 3077 2989 Dominus
3114 2934 3297 2993 omnia
3341 2944 3451 2989 εει-ί

1846 3024 2056 3093 picntcr
2076 3022 2204 3077 fecit
2225 3031 2279 3076 et
2306 3023 2589 3094 disposuit.

1922 3114 2054 3168 Dico
2084 3114 2199 3169 haec
2227 3114 2481 3185 praedicta
2506 3113 2635 3168 facit
2660 3113 2936 3180 Dominus,
2959 3123 3013 3170 et
3048 3114 3149 3170 hoc
3174 3130 3281 3171 non
3308 3115 3429 3185 qni-

176 3224 306 3265 eans
333 3208 662 3264 Ilicrusalcm
688 3249 702 3275 ,
739 3229 757 3260 ι
790 3209 844 3263 id
877 3216 961 3263 est
988 3208 1278 3265 Eeclesiam
1324 3222 1507 3270 suam,
1536 3222 1656 3276 quzc
1693 3215 1751 3261 et
1775 3196 1818 3218 “'
1849 3204 2104 3269 huslibet,
2135 3205 2230 3260 sed
2261 3205 2589 3270 mansuetis;
2622 3205 2723 3259 hoc
2742 3204 2875 3259 dicit
2903 3223 2916 3258 :
2946 3223 2965 3255 ι
2999 3204 3297 3275 suscipiens
3326 3223 3344 3256 ι
3368 3203 3429 3259 in

176 3299 267 3355 hic
288 3298 402 3369 jam
430 3314 617 3369 pacem
657 3298 920 3368 sequitur,
952 3305 1005 3352 et
1048 3298 1264 3352 tandem
1306 3295 1474 3351 Deum
1509 3297 1561 3349 in
1602 3296 1748 3351 omni

176 3407 311 3462 pace
338 3392 559 3461 videbit,
593 3398 649 3444 et
681 3407 699 3438 ι
731 3388 1084 3458 congregabit
1115 3405 1134 3437 ι
1170 3387 1222 3439 in
1253 3400 1316 3440 ea
1351 3384 1611 3447 Ecclesia,
1641 3399 1751 3437 non

178 3481 446 3544 localiter,
480 3481 573 3535 sed
605 3479 976 3549 spiritualiter,
999 3487 1053 3532 et
1075 3478 1128 3532 in
1154 3478 1438 3540 unitatem,
1464 3476 1545 3529 vel
1569 3476 1752 3529 unani-

180 3570 454 3634 mitatem;
483 3577 538 3624 et
570 3569 625 3621 in
671 3568 913 3622 eamdem
948 3586 966 3619 ι
1000 3567 1363 3638 dispersiones
1402 3566 1753 3636 cangregabit

180 3657 396 3712 lsraclis
432 3676 449 3708 ι
485 3655 663 3722 fidem,
689 3655 743 3710 id
768 3663 851 3710 est
890 3655 1036 3710 viros
1074 3669 1211 3726 quos
1257 3654 1372 3723 ipse
1413 3652 1545 3708 facit
1586 3652 1752 3708 Israel

184 3745 458 3814 dispersos
484 3761 582 3813 per
605 3759 791 3800 omnes
818 3753 1000 3815 partes
1022 3745 1228 3799 mundi.

253 3836 344 3891 ltle
380 3836 751 3907 eongregabit,
784 3854 800 3886 ι
834 3835 923 3906 qui
956 3843 1111 3891 sanat
1139 3836 1401 3891 contritas
1421 3835 1605 3901 corde,
1638 3854 1657 3886 ι
1697 3836 1755 3891 id

180 3936 286 3993 est,
331 3926 449 3982 illos
486 3926 576 3996 qui
620 3926 816 3981 habent
856 3926 1147 3981 contritum
1166 3940 1260 3981 cor
1297 3933 1351 3979 et
1392 3923 1748 3980 humiliatum.

179 4017 455 4075 Contritos
474 4017 636 4072 corde
662 4017 799 4073 bene
828 4017 1167 4081 determinat,
1195 4016 1321 4087 quia
1344 4016 1753 4086 quibuseunque

181 4107 358 4163 modis
399 4122 594 4179 corpus
631 4105 915 4177 atiligatur,
948 4108 1000 4164 si
1028 4123 1124 4163 cor
1162 4106 1418 4173 clevetur,
1450 4122 1558 4163 non
1597 4114 1753 4162 curat

182 4196 326 4251 Deus
353 4194 671 4251 alllictiones
699 4196 905 4266 ipsius:
940 4195 1200 4251 contritas
1234 4211 1365 4252 vero
1399 4196 1562 4252 corde
1600 4202 1755 4253 sanat

182 4286 442 4367 Dominus
463 4286 817 4344 condonanda
841 4295 1083 4358 peccata,
1118 4305 1137 4337 ι
1173 4295 1229 4341 ει
1250 4302 1439 4343 omnes
1468 4286 1751 4344 contritio-

182 4395 280 4435 nes
308 4394 515 4444 eorum,
551 4399 568 4431 ι
598 4380 650 4433 id
684 4387 768 4435 est
796 4379 941 4449 ipsos
964 4380 1248 4447 contritas,
1278 4387 1335 4435 et
1357 4380 1597 4455 privatos
1623 4392 1753 4434 vera

182 4472 444 4543 dignitate
478 4490 496 4523 ‹
524 4471 705 4541 alligat
739 4491 757 4523 ι
793 4471 1074 4538 Dominus,
1122 4472 1177 4527 id
1216 4479 1302 4527 est
1337 4469 1663 4536 consolidat,
1694 4478 1755 4524 ut

185 4565 412 4620 relucat
463 4564 528 4618 ael
580 4564 864 4634 pristinam
926 4565 1260 4634 dignitatem.
1309 4564 1356 4618 A
1404 4563 1754 4619 similitudine

183 4654 376 4709 medici
400 4654 548 4729 dicit,
573 4655 665 4724 qui
690 4653 857 4709 fracta
882 4668 1004 4709 ossa
1026 4654 1265 4725 colligat,
1296 4663 1356 4708 ut
1385 4654 1757 4725 redintegren-

185 4753 276 4799 tur
303 4752 358 4800 et
391 4745 458 4801 ad
484 4745 759 4815 antiquam
789 4745 1102 4817 sospitatem
1139 4746 1521 4816 perducantur.
1560 4746 1756 4817 Alligat

184 4844 364 4891 autem
397 4852 496 4891 nos
519 4834 685 4890 fascia
714 4836 1090 4891 misericordia:
1118 4838 1280 4904 Deus,
1306 4846 1362 4892 ct
1392 4836 1601 4894 confert
1628 4854 1753 4910 gra-

186 4925 292 4979 tias
315 4940 459 4992 suas,
488 4925 682 4994 quibus
710 4924 970 4982 reformat
994 4941 1094 4982 nos
1122 4927 1344 4998 antiquo
1374 4927 1563 4994 vultui,
1594 4944 1755 5000 quem

186 5014 519 5085 perdidimus
547 5002 769 5086 peccato
793 5017 954 5086 primi
981 5018 1243 5088 parentis.

266 5123 285 5156 ι
306 5105 408 5172 Qui
430 5116 677 5162 numerat
692 5107 1084 5164 multitudinem
1116 5110 1413 5178 stellarum,
1435 5120 1488 5166 et
1510 5113 1759 5169 omnibus

186 5193 269 5249 eis
305 5196 524 5250 nomina
565 5205 738 5251 vocat.
784 5216 801 5249 ι
839 5196 895 5252 Si
939 5196 1005 5252 ad
1034 5197 1270 5254 litteram
1317 5199 1535 5267 dicitur,
1564 5216 1758 5272 magna

188 5292 368 5340 tamen
389 5286 630 5356 potentia
664 5287 998 5357 intelligitur.
1027 5288 1315 5346 Possumus
1341 5298 1519 5347 tamen
1560 5292 1759 5363 allego-

188 5375 304 5431 rice
340 5377 419 5432 sic
462 5377 643 5433 dicere
668 5395 682 5431 :
709 5377 968 5434 Dominus
993 5389 1150 5435 sanat
1183 5387 1240 5435 et
1270 5380 1454 5450 alligat
1478 5382 1758 5438 contritio-

188 5481 306 5529 nes.
332 5476 389 5522 et
426 5468 504 5523 sic
535 5467 665 5524 facit
699 5483 792 5524 eas
835 5469 1018 5525 stellas
1048 5471 1287 5526 lucentes
1315 5472 1369 5526 in
1403 5471 1660 5529 Ecclesia.
1691 5472 1759 5531 Et

187 5558 587 5616 multitudinem
639 5559 851 5615 illarum
895 5560 1168 5616 stellarum
1226 5568 1527 5630 numerat,’
1558 5564 1613 5620 id
1652 5572 1755 5631 est,

185 5663 376 5705 omnes
407 5649 526 5706 illos
555 5667 779 5707 numero
806 5652 1232 5722 comprehcndit,
1272 5655 1398 5723 quia
1426 5654 1630 5711 nullum
1659 5654 1757 5711 ab-

1851 3296 2016 3366 gloria
2054 3314 2072 3345 ι
2110 3306 2419 3351 mansuetos
2448 3295 2728 3359 Dominus,
2762 3297 3049 3350 humilians
3089 3305 3271 3352 autem
3299 3311 3426 3366 pec-

1852 3396 2065 3441 catores
2085 3401 2255 3456 usque
2277 3387 2347 3442 ad
2374 3395 2592 3451 terram,
2640 3404 2658 3436 ι
2689 3386 2744 3442 id
2768 3394 2854 3443 est
2893 3387 2960 3442 ad
2996 3388 3288 3458 appetitum
3319 3396 3430 3442 ter-

1853 3477 2120 3532 renitatis.

1927 3587 1945 3618 ι
1972 3567 2273 3622 Praecinite.
2302 3587 2320 3619 ι
2347 3566 2448 3622 Hic
2466 3566 2633 3623 habet
2647 3566 2748 3621 alia
2769 3567 3071 3633 translatio,
3099 3587 3116 3620 ι
3140 3568 3378 3638 incipite,
3401 3587 3422 3622 ι

1852 3660 1908 3713 in
1951 3674 2058 3729 quo
2100 3658 2444 3729 intelligimus
2471 3659 2575 3713 hac
2618 3658 2822 3713 dictum
2861 3671 2978 3713 esse
3008 3674 3115 3712 non
3153 3658 3426 3728 perfectis,

1853 3750 1946 3805 sed
1973 3749 2381 3821 negligentibus.
2406 3747 2747 3804 Continuatio
2771 3765 2784 3801 :
2815 3747 2950 3814 Quia
2972 3747 3233 3803 Dominus
3255 3748 3422 3804 susci-

1852 3841 1932 3911 pit
1962 3847 2295 3905 mansuetos,
2335 3848 2389 3894 et
2422 3838 2557 3894 alios
2594 3836 2827 3907 repellit,
2862 3852 2991 3906 ergo
3018 3856 3037 3888 ‹
3070 3838 3367 3907 ριεεοίιιίιε,
3402 3858 3421 3890 ι

1840 3928 1908 3984 ~id
1927 3938 2032 3994 est,
2063 3928 2230 3985 nolite
2250 3943 2369 3984 esse
2389 3927 2717 3998 negligentes
2741 3936 2796 3982 et
2817 3922 3423 3997 exspectarejudicium,

1854 4019 1951 4075 sed
1983 4019 2167 4075 statim
2205 4018 2481 4087 przeciuite
2508 4036 2526 4067 ι
2558 4017 2787 4072 Domino
2827 4017 2879 4071 in
2924 4016 3281 4083 confessione,
3318 4037 3337 4069 ι
3372 4016 3428 4072 id

1850 4120 1953 4178 est,
1972 4111 2276 4168 conﬁtendo
2303 4118 2554 4181 peccata:
2585 4129 2604 4161 ι
2627 4109 2836 4178 psallite
2870 4129 2887 4160 ι
2912 4110 3076 4165 etiam
3104 4110 3215 4165 Deo
3239 4116 3426 4165 nostra
3468 4112 3474 4120 '

1857 4223 1877 4256 ι
1912 4205 1966 4260 in
1987 4204 2221 4269 cithara,
2250 4222 2268 4254 ι
2293 4203 2351 4258 id
2369 4211 2453 4259 est
2469 4202 2721 4273 operibus
2746 4202 3011 4273 corporis,
3029 4202 3233 4259 scilicet
3257 4202 3313 4258 in
3334 4216 3426 4258 ac-

1854 4294 1965 4352 tiva
2005 4293 2136 4348 vita.
3272 4352 3275 4353 ν

1929 4405 1949 4437 ι
1985 4385 2088 4453 Qui
2113 4386 2288 4455 operit
2316 4384 2533 4449 caelum,
2565 4403 2583 4435 ι
2618 4384 2672 4439 id
2697 4390 2781 4439 est
2802 4384 3037 4438 divinam
3069 4382 3419 4454 Seripturam,

1782 4495 1830 4555 ι)
1859 4491 1980 4546 qua:
2018 4476 2256 4531 continet
2298 4488 2496 4530 arcana
2533 4473 2662 4538 Dei,
2697 4492 2715 4524 ι
2749 4473 3013 4539 nubibus,
3053 4494 3071 4527 ι
3107 4475 3161 4530 id
3191 4484 3274 4530 est
3312 4475 3429 4544 qui-

1857 4564 2081 4619 busdam
2107 4564 2503 4634 aznigmatibus.
2535 4563 2621 4618 vel
2642 4563 2886 4619 obscuris
2917 4565 3105 4635 figuris
3135 4567 3425 4635 propheta-

1856 4670 1997 4720 rum,
2019 4662 2079 4709 ut
2106 4670 2209 4710 non
2237 4664 2454 4725 pateant
2472 4655 2722 4711 omnibus
2749 4664 2954 4711 secreta
2979 4655 3215 4713 coelestia
3231 4698 3247 4723 ,
3275 4677 3294 4709 ι
3319 4666 3375 4713 et
3402 4679 3419 4709 ι

1857 4754 2036 4803 tamen
2061 4747 2114 4802 in
2138 4749 2369 4803 nubibus
2390 4748 2494 4802 illis
2529 4766 2547 4799 ί
2590 4755 2744 4817 parat
2773 4758 2948 4811 terrae,
2991 4769 3010 4803 ι
3042 4750 3097 4806 id
3123 4758 3206 4806 est
3236 4751 3421 4809 Eccle-

1857 4839 1989 4904 siae,
2040 4855 2060 4890 ι
2109 4838 2341 4908 pluviam
2367 4878 2383 4904 ,
2415 4858 2433 4890 ι
2473 4837 2526 4893 id
2568 4846 2652 4893 est
2698 4838 3029 4908 spiritualem
3079 4842 3378 4898 doctrinam
3406 4884 3421 4906 ,

1862 4947 1881 4977 ι
1910 4937 2066 4999 parat
2098 4948 2117 4980 ι
2151 4928 2287 4983 bene
2330 4928 2478 4994 dicit,
2511 4929 2633 4998 quia
2666 4930 2805 4985 Deus
2837 4930 2913 4985 ita
2941 4932 3227 5001 aliquando
3253 4936 3426 5004 aperit
3470 4960 3473 4967 -

1862 5017 2188 5088 Scripturas,
2214 5026 2275 5072 ut
2303 5018 2485 5075 ﬁdeles
2510 5020 2591 5075 sui
2613 5021 2736 5077 inde
2763 5022 3093 5079 reﬁciantur.

1928 5108 2045 5179 Ipse
2070 5107 2285 5177 quidem
2307 5111 2501 5181 aperit,
2539 5130 2558 5163 ι
2593 5112 2684 5183 qui
2712 5115 2959 5183 producit
2990 5116 3047 5170 in
3075 5117 3364 5185 montibus,
3400 5139 3417 5170 ι

1860 5199 1915 5254 id
1941 5208 2025 5256 est
2045 5201 2323 5256 altioribus
2349 5202 2498 5270 viris,
2532 5204 2696 5260 veluti
2732 5206 2933 5261 sanctis
2972 5208 3259 5276 apostolis,
3293 5228 3311 5261 ι
3346 5208 3425 5263 fe-
3476 5230 3479 5235 ·

1860 5303 1989 5345 num
2014 5330 2029 5355 ,
2069 5309 2087 5341 ι
2119 5291 2173 5346 id
2202 5300 2286 5347 est
2325 5292 2612 5350 solidatam
2642 5295 2850 5361 cibum,
2883 5296 2950 5352 ad
2976 5299 3424 5355 sustentationem
3473 5330 3479 5339 ι

1862 5380 2127 5452 majorum
2155 5390 2211 5437 et
2244 5382 2555 5452 fortiorum;
2591 5405 2610 5437 ‹
2642 5394 2697 5439 ει
2722 5386 2977 5457 herbam,
3017 5408 3037 5441 ι
3071 5390 3124 5444 id
3162 5397 3246 5445 est
3270 5398 3423 5446 tene-

1861 5474 2060 5531 riorem
2086 5474 2295 5542 cibum,
2333 5477 2557 5542 scilicet,
2587 5490 2805 5533 suavem
2845 5489 2900 5534 et
2937 5470 3190 5537 humilem
3221 5481 3423 5538 doctri-

1861 5581 2007 5632 nam,
2036 5567 2174 5622 sicut
2196 5567 2325 5623 dicit
2343 5567 2630 5641 Apostolus
2658 5587 2670 5622 :
2699 5588 2717 5620 ι
2746 5568 3086 5640 Sapientibus
3107 5572 3425 5643 sapientiam
3485 5596 3489 5603 ν

1864 5656 2053 5727 loquor
2081 5657 2135 5730 (Ι
2168 5657 2290 5719 Cor.
2322 5661 2406 5733 ιι).
2440 5681 2457 5714 ι
2493 5661 2562 5717 Ει
2597 5660 2718 5717 alibi
2748 5681 2760 5716 :
2799 5682 2817 5714 ι
2852 5662 2961 5720 Lac
2986 5664 3139 5722 vobis
3175 5664 3297 5722 dedi
3324 5680 3424 5736 po-

259 5780 284 5809 ·
312 5768 439 5827 Ηαξο
476 5772 542 5828 ad
590 5771 942 5840 praecedentis
980 5770 1171 5841 psalmi
1207 5771 1595 5842 expositionem
1637 5771 1907 5836 pertinere
1935 5772 2206 5828 videntur.
