3898 6490
471 389 574 447 687
934 391 1290 449 HAYMONIS
1326 390 1804 448 HALBERSTAT.
1853 392 2069 449 EPISC.
2106 391 2256 449 OPP.
2296 392 2476 450 PARS
2513 394 2552 449 Ι.
2581 426 2653 437 —-
2683 394 3041 455 COMMENT.
3078 400 3252 455 BIDL.
3647 403 3763 461 683

469 517 603 572 tum,
621 520 727 561 non
742 522 943 563 escam.
971 531 987 562 ι
1009 511 1057 582 (1
1081 512 1203 569 Cor.
1228 512 1310 584 ill)
1337 514 1432 570 Vel
1453 530 1547 585 per
1568 524 1776 569 montes
1796 523 2045 584 petentes
2082 524 2118 584 Α
2147 514 2493 581 confortavit,
2529 534 2548 567 ι
2584 524 2637 572 et
2689 516 2812 572 filiis
2840 518 2946 572 tuis
2972 518 3024 572 in
3052 527 3103 573 te
3131 538 3151 570 ι
3177 503 3582 587 existentibus,
3607 541 3630 573 ι
3659 521 3758 578 be-

466 593 628 666 hujus
658 596 837 650 saeculi
870 598 1243 670 intelligimus,
1286 603 1340 656 in
1388 604 1582 671 quibus
1610 603 1752 657 Deus
1775 613 2045 672 praeparat
2149 603 2353 656 nedixit
2388 621 2405 654 ι
2439 605 2747 658 omnimoda
2777 605 3173 661 benedictione.

465 686 531 740 ad
573 702 708 758 opus
749 691 1193 758 praedicatorum,
1224 704 1280 748 et
1305 694 1664 763 quorumlibet
1692 695 2042 749 servientium
2216 692 2495 748 Benedixit
2542 693 2629 747 ille
2660 712 2679 744 ‹
2715 694 2807 763 qui
2857 695 3036 763 posuit
3090 694 3226 749 lines
3265 706 3388 752 tuos
3442 711 3689 766 pacem,
3721 718 3747 751 ι

462 775 587 842 sibi,
617 776 798 833 fenum
819 819 833 844 ,
863 779 915 834 id
959 790 1043 835 est
1075 784 1401 852 asperiorem
1451 784 1629 839 cibum
1658 802 1672 838 τ
1700 792 1756 837 et
1799 785 2038 848 herbam,
2144 782 2269 851 quia
2296 783 2458 837 etiam
2486 784 2630 838 inter
2657 799 2750 839 eos
2786 785 3067 853 quierunt
3093 784 3149 839 in
3175 785 3365 839 ultima
3417 788 3746 849 mansione,

449 864 518 918 id
539 874 624 921 est
651 867 917 922 mitiorem
943 885 957 920 :
983 870 1107 939 quia
1135 873 1455 942 quandoque
1480 873 1571 927 dat
1600 873 2041 942 praedicatoribus
2143 875 2249 929 erit
2272 890 2376 944 pax
2404 884 2461 929 et
2483 875 2789 931 exsultatio.
2820 894 2838 926 ι
2864 876 2931 929 Et
2954 875 3117 930 satiat
3138 884 3191 931 te
3211 876 3371 946 adipe
3393 876 3697 941 frumenti,
3717 899 3737 930 ι

457 955 579 1012 suis
591 954 782 1027 panem
806 966 1009 1014 tantum
1032 970 1087 1015 et
1102 977 1314 1030 aquam,
1342 964 1624 1034 aliquando
1645 965 1812 1020 bonos
1835 966 2036 1035 pisces:
2140 961 2195 1016 id
2216 972 2318 1028 est,
2346 960 2460 1033 ipsa
2493 964 2772 1018 divinitate
2797 963 3020 1019 Christi.

460 1054 519 1100 et
545 1047 656 1102 haec
682 1049 869 1103 omnia
904 1067 923 1100 ε
955 1052 1199 1106 servituti
1239 1055 1537 1120 hominum,
1571 1074 1590 1106 ι
1625 1054 1677 1110 id
1700 1065 1782 1111 est
1815 1056 2040 1113 servito-
2213 1072 2232 1105 α
2265 1053 2370 1121 Qui
2406 1055 2606 1109 emittit
2650 1054 2943 1123 ciconiam.
2992 1074 3010 1107 ι
3046 1052 3179 1109 Pars
3233 1055 3513 1111 secnnda.
3566 1074 3588 1108 ι
3636 1056 3734 1122 Qui

463 1133 614 1189 ribus
655 1136 953 1202 hominum,
982 1139 1189 1195 scilicet
1230 1143 1675 1212 praedicatoribus
1724 1154 1779 1200 et
1825 1147 2019 1201 creteri:

2136 1141 2338 1195 emittit
2359 1141 2631 1213 eloquium
2656 1157 2838 1207 suum,
2875 1161 2891 1193 ι
2926 1142 2978 1196 id
2997 1150 3078 1196 est
3105 1141 3300 1196 Filium
3322 1158 3491 1197 suum
3522 1161 3541 1195 :
3574 1162 3597 1194 ι
3626 1154 3728 1199 ter-

455 1224 724 1280 ministris
752 1226 1029 1297 Ecclesiae,
1059 1231 1149 1301 qui
1179 1247 1369 1287 revera
1417 1235 1661 1290 serviunt
1702 1237 2033 1305 hominibus,

461 1312 586 1366 dum
618 1322 776 1370 nocte
814 1316 1005 1388 dieque
1053 1320 1221 1375 Deum
1250 1336 1348 1391 pro
1383 1322 1512 1394 ipsis
1540 1325 1746 1381 orando
1784 1327 2035 1399 interpel-

459 1402 595 1460 lant.

536 1510 555 1542 ι
589 1493 689 1559 Qui
717 1494 807 1550 dat
844 1516 862 1547 ι
902 1497 1063 1552 etiam
1095 1498 1418 1569 rjumentis,
1452 1523 1470 1557 ι
1506 1504 1560 1559 id
1589 1515 1670 1560 est
1712 1509 2027 1574 mansuetis,

459 1585 551 1651 qui
578 1582 692 1653 jam
737 1603 842 1642 non
894 1602 1143 1645 recusant
1195 1610 1331 1650 onus
1359 1596 1465 1651 diei
1516 1610 1759 1668 portare,
1795 1619 1812 1651 ‹
1845 1615 2026 1655 escam

460 1674 720 1742 ipsorum,
743 1696 760 1728 ι
793 1676 844 1730 id
875 1688 956 1733 est
975 1681 1056 1735 cis
1081 1685 1487 1742 convenientem
1508 1728 1521 1752 ,
1552 1697 1660 1741 tam
1695 1689 2025 1759 spiritualem

458 1781 620 1834 quam
672 1770 1036 1837 corporalem;
1089 1792 1106 1823 ι
1147 1783 1200 1828 et
1229 1776 1390 1845 pullis
1439 1793 1743 1845 corvorum,
1775 1800 1793 1834 ι
1842 1780 1891 1834 id
1943 1790 2027 1836 est

2136 1246 2231 1297 rae,
2271 1251 2290 1285 ι
2326 1232 2378 1285 id
2408 1242 2491 1287 est
2513 1233 2567 1287 in
2600 1233 2900 1298 mundum;
2940 1240 2996 1287 et
3034 1250 3051 1282 ι
3082 1247 3261 1289 sermo
3291 1233 3418 1304 ejus
3449 1254 3467 1285 ι
3503 1234 3724 1304 eloquii,

2137 1321 2222 1376 vel
2276 1322 2446 1392 ipsius
2488 1322 2603 1387 Dei,
2651 1322 2857 1377 scilicet
2907 1322 3244 1391 praedicatio,
3286 1341 3306 1375 ι
3344 1324 3539 1379 currit
3591 1325 3724 1380 velu-

2134 1412 2294 1478 citer,
2331 1432 2348 1464 ι
2384 1414 2435 1468 id
2460 1420 2561 1478 est,
2587 1411 2901 1467 diffunditur
2921 1427 3018 1482 per
3042 1420 3209 1466 totum
3235 1413 3546 1468 mundum.

2207 1523 2225 1552 ι
2250 1502 2348 1569 Qui
2382 1521 2403 1552 ι
2434 1505 2597 1556 etiam
2630 1520 2650 1553 ‹
2676 1502 2768 1555 dat
2793 1503 2991 1566 nivem,
3024 1521 3043 1552 ι
3072 1503 3285 1557 scilicet
3315 1504 3562 1572 frigidos
3579 1505 3716 1559 etin-

2130 1592 2351 1646 dnratos
2372 1593 2423 1646 in
2449 1593 2707 1662 peccatis,
2741 1612 2758 1644 (
2793 1593 2933 1647 sicut
2958 1592 3206 1658 lanam,»
3224 1601 3286 1648 ut
3307 1595 3461 1649 alios
3484 1596 3706 1650 doctrina

2128 1698 2227 1737 sua
2258 1682 2593 1747 calefaciant,
2643 1692 2698 1739 et
2747 1703 2765 1735 σ
2810 1684 3080 1748 nebulam,
3112 1704 3131 1738 ι
3179 1686 3232 1740 id
3272 1695 3358 1741 est
3420 1700 3695 1744 excaecatus

2128 1776 2295 1830 multa
2323 1775 2643 1847 ignorantia,
2674 1795 2692 1827 ‹
2728 1776 2956 1846 spargit,
2991 1796 3011 1829 ι
3048 1776 3099 1830 id
3125 1786 3211 1831 est
3235 1778 3530 1833 illuminat
3555 1780 3683 1833 etdi-

460 1860 584 1914 filiis
616 1862 914 1931 gentilium,
956 1866 1046 1934 qui
1085 1876 1210 1921 sunt
1249 1870 1418 1936 corvi,
1446 1871 1498 1925 id
1546 1881 1629 1927 est
1671 1873 1931 1943 denigrati
1972 1875 2027 1928 in
2059 1876 2101 1934 Β
2129 1868 2261 1922 vidit
2292 1884 2322 1922 a
2364 1882 2541 1921 massa
2572 1867 2925 1937 perditorum,
2959 1886 2979 1918 ι
3018 1868 3158 1922 sicut
3189 1868 3485 1922 cinerem:
3530 1886 3552 1920 ι
3589 1870 3688 1938 quia

457 1957 736 2025 peccatis:
789 1974 894 2014 non
927 1961 1129 2017 similes
1179 1963 1336 2019 malis
1378 1965 1627 2034 patribus
1682 1981 1891 2032 eorum,
1931 1968 2028 2022 sed

463 2066 485 2098 ο
513 2049 885 2106 invocantibus
904 2067 1045 2116 etim,
1072 2073 1088 2102 ι
1113 2054 1163 2106 id
1187 2063 1293 2119 est,
1323 2055 1777 2125 degenerantibus
1795 2073 1822 2111 a
1852 2040 2029 2129 nigre-

456 2137 582 2192 dine
621 2148 874 2209 patrum:
910 2143 1048 2196 sicut
1094 2142 1256 2196 etiam
1286 2143 1425 2199 Deus
1476 2147 1544 2201 ad
1574 2145 1809 2202 litteram
1854 2147 2028 2219 pullos

458 2244 766 2297 corvorum,
824 2246 959 2302 quos
1007 2241 1187 2302 patres
1233 2236 1508 2303 deserunt,
1557 2254 1778 2308 pascere
1829 2255 1858 2294 a
1906 2254 2028 2295 rore

457 2319 600 2374 aeris
621 2319 836 2384 dicitur,
867 2323 1105 2391 quandiu
1146 2324 1249 2380 albi
1282 2334 1408 2381 sunt
1452 2337 1506 2383 et
1542 2329 1713 2385 donec
1752 2329 1853 2386 sibi
1885 2332 2023 2386 assi-

456 2409 734 2466 milantur.

526 2502 592 2556 Et
618 2502 721 2558 iste
772 2503 1030 2561 Dominus
1067 2524 1085 2559 ι
1117 2521 1223 2562 non
1272 2507 1494 2565 habebit
1532 2510 1882 2578 voluntatem,
1913 2532 1935 2565 ι
1970 2512 2025 2569 id

459 2599 544 2645 est
572 2591 990 2663 beneplacitum,
1033 2616 1047 2647 ι
1077 2597 1130 2651 in
1160 2596 1477 2653 fortitudine
1504 2600 1650 2669 equi,
1687 2619 1705 2652 ι
1752 2600 1805 2656 id
1860 2611 1943 2655 est
1970 2602 2024 2655 in

455 2682 721 2751 superbis,
755 2704 773 2734 ι
793 2685 992 2740 hec-in
1025 2687 1171 2741 tibiis
1200 2687 1302 2741 viri
1339 2706 1358 2738 ι
1388 2689 1747 2754 contumacis,
1781 2689 1834 2743 id
1862 2700 1945 2744 est
1968 2690 2021 2743 in

455 2773 665 2841 Bambis
691 2775 1059 2844 gracilibuset
1084 2776 1362 2832 habilibus
1391 2778 1460 2833 ad
1492 2779 1631 2834 bene
1672 2778 2022 2834 calceandum

454 2862 660 2917 scilicet
677 2863 730 2917 in
761 2865 905 2924 cultu
930 2867 1193 2936 corporis,
1219 2883 1338 2938 qua:
1362 2882 1461 2938 per
1491 2884 1654 2926 unam
1676 2878 1883 2939 partem
1913 2869 2021 2926 sci-

454 2951 580 3007 licet
615 2968 720 3023 per
757 2970 915 3009 crura
957 2956 1291 3027 signiticat,~r
1331 2959 1721 3030 beneplacitum
1763 2961 1868 3014 erit
1891 2960 1961 3015 ei.
1999 2981 2018 3014 ι

454 3032 582 3095 Alia'
599 3043 876 3098 translatio
899 3046 1078 3113 habet,
1108 3065 1128 3098 ί
1154 3063 1207 3101 ιη
1247 3049 1608 3105 tabernaculis
1628 3050 1731 3104 viri
1756 3068 1769 3104 :
1805 3067 1823 3101 ι
1851 3060 1906 3105 et
1925 3066 2025 3121 per

456 3132 560 3187 hoc
582 3142 831 3188 notamus
858 3145 1154 3191 conventus
1178 3137 1555 3207 superborum.
1644 3140 1647 3143 ’

2132 1961 2273 2015 sicut
2300 1960 2437 2015 cinis
2475 1959 2681 2014 infusus
2724 1974 2887 2028 super
2912 1966 3113 2013 terram
3143 1957 3461 2028 impinguat
3505 1974 3616 2013 eam
3650 1968 3698 2012 et

2129 2048 2265 2103 facit
2286 2048 2642 2112 fructiferam,
2676 2048 2754 2102 sic
2778 2048 2878 2117 ipsi
2903 2047 2994 2116 qui
3025 2048 3173 2117 prius
3199 2056 3362 2102 erant
3403 2047 3622 2111 nebula,
3644 2048 3691 2102 il-

2128 2138 2406 2195 luminant
2429 2138 2564 2194 alios
2586 2148 2640 2193 et
2661 2137 2868 2193 faciunt
2889 2137 3242 2193 fructiﬁcare.

2205 2250 2221 2281 ι
2248 2230 2408 2285 Mittit
2431 2249 2448 2283 ι
2480 2230 2642 2285 etiam
2670 2248 2689 2281 ‹
2714 2229 3025 2301 cryStaIlum
3043 2246 3195 2285 suum
3211 2230 3653 2296 sicutburxellas,
3669 2252 3687 2283 ι

2127 2323 2180 2376 id
2217 2331 2318 2385 est,
2353 2321 2473 2376 illos
2517 2321 2608 2390 qui
2651 2335 2750 2389 per
2776 2321 2975 2376 multos
3026 2336 3196 2376 annos
3241 2331 3405 2377 erant
3452 2323 3689 2394 frigidiet

2124 2411 2372 2467 obdurati
2404 2412 2459 2465 in
2488 2411 2748 2481 peccatis,
2784 2410 2924 2465 sicut
2969 2410 3266 2466 buccellam
3296 2413 3491 2483 panis,
3531 2424 3586 2466 ut
3607 2414 3681 2468 sint

2126 2501 2246 2580 aliis
2271 2500 2491 2556 refectio
2517 2500 2857 2565 hominibus;
2886 2500 2981 2555 sed
3025 2519 3045 2551 ι
3077 2510 3209 2557 ante
3251 2502 3464 2557 faciem
3500 2503 3682 2573 frigoris

2124 2591 2262 2660 ejus,
2299 2612 2318 2645 ο
2338 2591 2391 2646 id
2412 2600 2518 2658 est,
2534 2600 2659 2647 ante
2674 2592 2794 2648 illos
2812 2607 2949 2662 quos
2974 2593 3112 2647 Deus
3128 2592 3276 2661 justo
3297 2594 3519 2664 judicio
3540 2611 3626 2650 suo
3642 2595 3684 2648 is

2125 2682 2361 2751 peccatis
2400 2683 2649 2747 obdurat,
2706 2700 2730 2733 ς
2758 2682 2881 2752 quis
2928 2683 3257 2738 sustinebit?
3294 2703 3315 2735 ι
3363 2685 3419 2739 id
3454 2693 3559 2748 est,
3588 2686 3685 2754 qa'n

2124 2776 2319 2845 poterit
2351 2776 2669 2845 persistere,
2697 2775 2825 2844 quin
2856 2783 3040 2830 statim
3071 2776 3382 2835 consentiat
3404 2778 3535 2831 eis?
3558 2776 3682 2831 Sicut

2124 2876 2249 2923 aute
2278 2866 2615 2923 Pharaonem
2644 2866 2856 2938 Moyses
2879 2867 2967 2921 vis
2989 2868 3163 2938 potuit
3185 2868 3489 2939 persistere
3510 2868 3678 2941 (Exod.

2124 2956 2242 3027 vn),
2271 2958 2398 3025 quia
2423 2955 2541 3025 ejus
2573 2972 2669 3012 eor
2695 2965 2813 3011 erat
2841 2956 3174 3013 induratum.

2194 3044 2403 3110 Nullus,
2430 3046 2671 3116 inquam,
2693 3047 2897 3116 poterit
2925 3049 3196 3102 sustinere
3222 3056 3357 3103 ante
3385 3048 3572 3106 faciem
3592 3049 3675 3103 fri-

2125 3137 2295 3206 goris,
2335 3136 2429 3190 sed
2464 3136 2604 3192 Deus
2658 3154 2676 3187 ι
2710 3137 2925 3191 emittet
2974 3139 3201 3192 verbum
3242 3154 3430 3207 suum,
3462 3160 3481 3194 ι
3504 3140 3674 3212 νηῶ-

528 3223 581 3278 Ιιι
613 3223 807 3280 talibus
832 3242 937 3281 non
964 3227 1458 3300 estbenoplacitum
1487 3230 1735 3297 Domino,
1764 3231 1857 3287 sed
1885 3251 1903 3283 ‹
1930 3232 2021 3288 be-
2048 3224 2092 3285 C
2123 3226 2373 3292 cationis.
2424 3244 2442 3277 ι
2477 3235 2533 3281 ει
2569 3245 2589 3278 ι
2626 3241 2724 3298 per
2763 3243 2884 3282 eam
2937 3248 2954 3280 ι
2991 3228 3310 3299 liquefaciet
3331 3246 3420 3295 ea.
3454 3251 3475 3283 ι
3511 3235 3667 3286 "item

456 3316 779 3387 ncplacitum
827 3326 910 3372 est
952 3317 1179 3374 Domino
1230 3334 1391 3391 super
1435 3321 1688 3377 timentes
1711 3337 1874 3376 eum:
1909 3343 1927 3374 ι
1968 3332 2023 3378 et

455 3412 579 3481 quia
605 3412 793 3467 timent
812 3426 955 3479 cum,
982 3413 1103 3467 ideo
1124 3426 1341 3468 cessant
1364 3433 1393 3467 a
1414 3413 1578 3481 malo,
1603 3432 1635 3465 ιι
1669 3423 1724 3469 et
1754 3415 1806 3468 in
1830 3414 1908 3469 eis
1930 3415 2021 3484 qui

455 3510 693 3570 sperant,
730 3522 748 3555 ι
781 3519 885 3557 non
931 3503 982 3556 in
1016 3503 1241 3570 meritis,
1287 3504 1382 3559 sed
1416 3524 1433 3556 ι
1466 3519 1627 3575 super
1652 3504 2023 3560 misericordia

453 3593 590 3661 ejus,
634 3611 652 3645 ι
681 3601 735 3648 et
754 3593 873 3649 ideo
900 3594 1036 3649 bene
1061 3603 1373 3664 operantur.

880 3726 945 3781 IN
987 3722 1312 3782 I‘SALMUM
1352 3726 1600 3785 CXLVII.

679 3837 936 3896 Ttruws.
962 3839 1188 3895 Alleluia
1211 3839 1390 3912 Aygwi
1416 3851 1465 3897 et
1495 3840 1794 3899 Zachariae.

527 3967 544 3998 ‹
570 3946 1152 4017 Lauda,-llicrusalem,
1177 3953 1515 4008 Dominum.)
1544 3954 1840 4010 Ecclesiam
1855 3969 2018 4026 quam

452 4042 699 4111 superius
719 4044 955 4099 ostendit
984 4044 1050 4099 de
1078 4044 1413 4114 dispersione
1451 4045 1608 4100 istius
1634 4048 1815 4102 smculi
1845 4064 1874 4101 a
1908 4049 2015 4103 Do-

451 4132 597 4187 mino
623 4134 960 4204 congregari,
982 4132 1092 4201 jam
1120 4143 1522 4204 congregalam,
1545 4144 1601 4189 et
1635 4135 1690 4188 in
1710 4137 2019 4192 caelestibus

452 4226 765 4282 collocatam
813 4232 995 4278 monet
1025 4223 1279 4294 inprima
1307 4234 1458 4293 parte
1485 4224 1655 4281 Deum
1694 4225 1917 4283 laudare
1950 4229 2018 4283 de

453 4326 602 4371 tanta
634 4330 766 4387 pace
800 4323 853 4369 et
884 4324 1030 4370 tanta
1077 4316 1385 4370 securitate.
1416 4315 1469 4371 ln
1497 4318 1752 4383 secunda,
1780 4335 1901 4388 qua:
1930 4320 2017 4375 in-

450 4407 624 4477 cipit:
686 4427 703 4457 ι
735 4405 836 4474 Qui
891 4406 1090 4461 emittit
1134 4406 1406 4476 eloquium
1434 4448 1448 4473 ,
1499 4426 1518 4461 ι
1575 4411 1807 4465 ostendit
1852 4412 2016 4466 multa

447 4498 709 4559 beneficia
741 4515 860 4569 qua:
888 4499 1027 4554 Deus
1078 4497 1205 4552 fecit
1231 4497 1387 4553 nobis
1431 4500 1483 4554 in
1513 4500 1615 4556 bac
1658 4501 1787 4567 vita,
1828 4512 1888 4555 ut
1922 4516 2020 4571 per

2124 3319 2331 3374 scilicet
2369 3326 2424 3374 et
2460 3319 2795 3390 crystallum,
2841 3329 2899 3376 et
2926 3320 3029 3374 alia
3074 3336 3195 3391 qua:
3242 3322 3484 3392 praedicta
3524 3329 3649 3374 sunt.

2130 3428 2147 3460 ί
2179 3408 2413 3478 Spiritus
2443 3406 2561 3477 ejus
2590 3429 2607 3462 ι
2643 3410 2851 3465 scilicet
2885 3410 3118 3481 Spiritus
3157 3423 3393 3477 sanctus,
3430 3431 3449 3463 ι
3472 3411 3599 3466 ﬂabit
3621 3430 3641 3461 ι

2123 3515 2285 3571 super
2310 3515 2405 3555 eos
2437 3518 2450 3554 :
2489 3519 2507 3552 ι
2536 3510 2593 3557 et
2620 3520 2639 3553 ι
2672 3503 2838 3557 etiam
2872 3521 2891 3554 ι
2920 3499 3086 3557 ﬂu’ent
3114 3519 3292 3572 aquae,
3327 3526 3347 3557 ι
3381 3506 3540 3567 idest,
3568 3501 3661 3554 do-

2123 3592 2308 3644 ctrinae
2340 3590 2519 3645 multa:
2547 3592 2769 3646 exibunt
2800 3594 2866 3648 de
2899 3593 3096 3664 pupqu
3121 3594 3231 3649 illo.
3274 3595 3369 3651 Vel
3403 3596 3485 3649 hic
3510 3603 3663 3648 esten-

2123 3679 2198 3734 dit
2220 3680 2618 3746 auctoritatem,
2645 3681 2770 3751 quia
2793 3682 2931 3736 Deus
2956 3684 3133 3737 tnittet
3157 3684 3389 3739 Verbum
3414 3686 3464 3738 in
3482 3683 3665 3743 δυάδες..

2127 3769 2253 3839 quia
2285 3768 2483 3823 sicfuit
2507 3772 2927 3839 prmuuntiatum

2191 3859 2307 3930 Ipse
2328 3862 2535 3917 emittet
2558 3863 2841 3934 Spiritum,
2868 3883 2887 3915 ι
2919 3866 3012 3935 qui
3040 3885 3060 3918 ι
3085 3880 3183 3937 per
3203 3868 3532 3935 praesentiam
3553 3881 3675 3920 cor-

2119 3953 2269 4022 poris
2324 3971 2343 4004 ι
2373 3955 2656 4008 annuntiat
2683 3956 2904 4010 verbum
2949 3969 3132 4023 suum,
3171 3956 3260 4010 iid
3300 3964 3379 4009 est
3409 3955 3669 4025 praedia.

2121 4046 2322 4100 tionem
2361 4054 2417 4100 et
2437 4044 2738 4099 doctrinam
2766 4060 2939 4113 suam,
2967 4062 2989 4098 ι
3020 4043 3208 4111 Jacob,
3236 4063 3256 4098 ι
3281 4045 3466 4115 populo
3496 4044 3599 4109 illi,
3627 4054 3679 4100 et

2122 4137 2403 4191 annuntiat
2432 4155 2450 4186 ι
2473 4135 2767 4205 justitias,»
2794 4136 2847 4191 id
2867 4145 2969 4202 est,
2999 4137 3269 4207 quomodo
3294 4135 3419 4190 fiant
3440 4136 3678 4190 homines

2112 4225 2247 4295 justi
2299 4246 2317 4277 ι
2349 4233 2405 4281 et
2445 4225 2647 4295 judicia
2695 4240 2816 4292 sua,
2847 4244 2866 4277 ι
2903 4226 2956 4280 id
2985 4236 3099 4292 est,
3137 4226 3403 4295 quomodo
3448 4234 3677 4295 tempore

2119 4318 2304 4371 omnia
2333 4315 2627 4385 disponat:
2662 4330 2769 4385 quo
2801 4314 3006 4383 judicio
3041 4316 3176 4371 alios
3228 4316 3407 4386 elegit,
3446 4316 3582 4371 alios
3606 4332 3678 4370 re-

2118 4409 2334 4478 probat,
2358 4426 2376 4458 «
2403 4407 2565 4462 Israel
2585 4427 2602 4458 ›
2628 4407 2825 4477 populo
2845 4406 2918 4461 illi
2940 4422 3037 4477 per
3061 4408 3404 4476 praesentiam
3426 4408 3676 4478 corporis.

2120 4497 2217 4552 Vel
2256 4497 2541 4551 annuntiat
2586 4498 2808 4552 verbum
2851 4511 3007 4551 suum
3041 4509 3139 4564 per
3173 4496 3448 4566 apostolos
3476 4507 3535 4551 et
3563 4496 3681 4551 alios

448 4593 551 4646 hoc
570 4605 676 4649 nos
695 4604 918 4646 securos
941 4586 1211 4645 reddatde
1239 4590 1763 4645 securitatemterna.
1789 4590 2020 4646 lntendit
2052 4580 2099 4640 ι)
2121 4586 2502 4657 praedicatores
2533 4605 2547 4641 :
2580 4596 2636 4641 et
2675 4586 2916 4655 justitias
2961 4592 3015 4640 et
3043 4585 3249 4656 judicia
3287 4602 3384 4641 sua
3437 4586 3607 4642 Jaeob
3635 4595 3679 4641 et

449 4689 650 4746 autem,
677 4680 919 4736 utetiam
941 4677 994 4733 in
1022 4678 1164 4744 aliis,
1194 4694 1413 4735 mouere
1438 4694 1540 4734 nos
1564 4679 1632 4734 ad
1660 4679 1872 4734 laudem
1900 4679 2015 4734 Dei.

521 4771 675 4828 Unde
713 4756 885 4827 dicit:
939 4790 957 4823 ι
992 4770 1196 4837 Lauda,
1249 4769 1604 4836 Hierusalem,
1650 4772 1958 4835 Dominum,
1993 4790 2011 4823 ι

446 4878 567 4932 qua:
582 4860 692 4932 iam
711 4877 771 4917 es
789 4862 963 4931 posita
988 4859 1043 4917 in
1064 4862 1359 4917 securitate
1382 4870 1584 4918 aeterna
1618 4870 1754 4917 :eto
1773 4882 1793 4913 ί
1819 4861 1971 4927 Sion,
1993 4882 2012 4914 ι

446 4968 567 5022 qua:
592 4951 707 5022 jam
722 4951 1040 5021 specularia,
1069 4969 1087 5002 ι
1121 4950 1277 5005 lauda
1308 4951 1476 5005 Deum
1506 4959 1675 5006 tuum.
1706 4969 1726 5003 ›
1759 4950 2016 5005 Eamdem

444 5052 602 5097 vocat
650 5040 781 5097 Sion
829 5052 885 5097 et
941 5040 1271 5096 Hierusalem
1301 5041 1435 5098 :sed
1480 5040 1610 5096 Sion
1657 5041 1712 5096 in
1750 5049 2010 5111 quantum

446 5134 680 5190 divinam
710 5135 1055 5205 praesentiam
1104 5133 1521 5203 contemplatur,
1566 5134 1900 5189 Hierusalem
1958 5136 2010 5189 in

443 5238 704 5295 quantum
733 5242 852 5282 cum
877 5228 985 5281 Deo
1015 5236 1223 5297 regnat,
1239 5235 1293 5281 et
1317 5226 1371 5281 in
1385 5243 1519 5296 pace
1543 5238 1596 5282 et
1625 5229 1678 5283 in
1705 5228 2002 5299 tranquilli-

444 5330 554 5381 tate
577 5328 833 5391 perpetua
864 5319 1171 5377 collocatur.

510 5411 634 5466 ldeo
661 5430 679 5463 ι
709 5410 867 5465 lauda
916 5411 1168 5480 quoniam
1210 5411 1535 5466 confortavit
1557 5426 1707 5467 seras
1735 5421 2014 5482 portarum

440 5508 678 5566 tuarum,
701 5519 719 5551 ι
750 5500 803 5556 id
833 5508 939 5566 est,
973 5510 1026 5556 te
1062 5500 1347 5557 collocavit
1390 5502 1444 5556 in
1488 5502 1796 5556 securitate.
1825 5502 2016 5558 Pet-tas

439 5592 637 5648 dicitur
664 5593 864 5649 habere
912 5602 1140 5647 mternas
1174 5592 1502 5648 Hierusalem
1524 5599 1750 5663 propter
1776 5592 2008 5657 aditum;

438 5680 771 5739 confortatas
803 5682 1000 5738 dicitur
1045 5683 1245 5737 habere
1272 5699 1444 5747 seras,
1498 5682 1623 5751 quia
1673 5683 1848 5744 nullus
1893 5694 2012 5751 post

438 5770 576 5825 diem
602 5772 788 5842 judicii
813 5773 1015 5827 intrare
1052 5773 1249 5843 poterit
1278 5772 1330 5825 in
1362 5786 1502 5826 eam.
1534 5768 1717 5836 Seras,
1764 5770 2009 5840 inquam,

1886 6040 1903 6071 I

2120 4678 2309 4743 lsrael,
2336 4677 2389 4732 id
2423 4687 2526 4743 est,
2565 4677 2672 4732 illis
2696 4678 2789 4748 qui
2822 4676 3024 4733 faciunt
3075 4692 3135 4734 se
3164 4677 3369 4733 similes
3421 4675 3613 4743 Jacob,
3636 4675 3680 4730 id

2119 4775 2202 4821 est
2233 4766 2560 4821 luctatores:
2587 4774 2642 4822 et
2666 4766 2853 4833 Israel,
2888 4766 2939 4821 id
2966 4773 3051 4821 est
3075 4762 3200 4832 illis,
3228 4767 3321 4836 qui
3348 4774 3489 4822 sunt
3512 4767 3681 4821 videa-

2117 4867 2200 4914 tes
2230 4859 2423 4914 Deum.

2190 4948 2315 5005 llaec
2356 4948 2482 5004 fecit
2523 4948 2711 5005 Jacob.
2750 4968 2767 5001 ι
2805 4949 2922 5006 Non
2956 4970 2974 5003 ι
3033 4959 3215 5005 autem
3268 4966 3292 5003 ‹
3326 4949 3471 5005 fecit
3525 4951 3687 5004 taliter

2116 5040 2261 5094 omni
2290 5040 2513 5107 nationi,
2554 5061 2574 5093 ι
2608 5042 2815 5097 scilicet
2842 5060 2860 5094 ι
2883 5040 3087 5110 judicia
3116 5057 3212 5097 sua
3240 5042 3684 5098 noumanil'estr

2118 5132 2195 5186 \‘il
2214 5134 2313 5188 eis.
2353 5149 2371 5183 ι

2524 5263 2592 5319 IN
2633 5246 2963 5323 PSALMUM
3001 5265 3270 5324 CXLVIII.

2339 5378 2579 5435 Tt'ruws
2609 5397 2622 5433 :
2658 5380 2886 5436 Alleluia
2898 5382 3077 5452 Aggazi
3102 5392 3148 5437 et
3167 5381 3474 5437 Zachariw.

2195 5516 2211 5548 ι
2234 5498 2476 5554 Laudate
2497 5500 2783 5556 Dominum
2811 5492 2878 5557 de
2901 5504 3073 5559 cmlis.
3112 5522 3131 5555 ι
3168 5503 3266 5558 llic
3292 5503 3499 5559 iterum
3537 5504 3687 5559 habet

2114 5588 2389 5660 Propheta
2436 5594 2720 5647 materiam
2746 5595 2956 5651 Iaudem
3006 5596 3120 5652 Dei.
3157 5595 3385 5651 Modus:
3426 5597 3492 5652 In
3516 5598 3688 5668 prima

2112 5693 2265 5753 parte
2301 5694 2483 5739 monet
2525 5688 2773 5745 caelestes
2814 5701 3094 5747 creaturas
3136 5690 3203 5745 ad
3243 5691 3457 5746 laudem
3485 5689 3608 5745 Dei.
3635 5688 3688 5742 In

2113 5776 2363 5844 secunda,
2393 5791 2512 5845 quae
2554 5778 2782 5849 incipit:
2822 5800 2837 5831 ι
2867 5776 3105 5839 Laudate
3145 5782 3430 5836 Dominum
3486 5782 3558 5838 de
3588 5788 3688 5833 ter—
