3898 6460
171 436 277 493 689

1325 434 1414 489 EX
1424 434 1764 490 PLANATlO
1798 433 1867 489 1N
1913 432 2244 491 PSALMOS.

3302 430 3408 488 690

175 564 262 613 ra,
297 565 317 597 ι
361 545 617 601 admouet
668 552 950 601 terrestres
987 552 1265 601 creaturas
1296 545 1365 599 ad
1414 544 1626 601 laudem
1666 544 1743 615 ip-
1770 546 1820 607 Α
1845 543 2070 609 minum,
2114 559 2210 615 per
2243 559 2399 614 quos,
2445 553 2507 599 ut
2550 544 2815 609 videmus,
2864 543 3006 600 Deus
3042 544 3192 615 punit
3226 545 3439 600 hostes-

172 641 290 694 sius
304 639 415 703 Dei,
430 654 549 708 qua:
568 638 683 694 laus
698 639 753 693 in
775 638 878 692 alia
894 639 998 692 vita
1023 636 1230 707 plenius
1244 645 1299 691 et
1317 637 1609 707 perfectius
1624 636 1742 691 flet:

172 735 236 782 et
255 743 441 783 omnes
466 727 533 782 ad
554 727 766 782 laudem
786 728 1014 783 invitare
1035 735 1117 782 est
1136 743 1230 782 sua
1257 727 1502 791 intentio,
1519 726 1703 781 dicens
1727 743 1741 780 :

251 815 360 871 Vos
403 823 684 881 creaturae,
722 836 739 869 ‹
776 816 841 871 de
867 817 1041 882 cmlis,
1070 836 1088 869 ι
1122 816 1177 871 id
1204 826 1288 872 est
1320 816 1566 872 caelestes
1595 830 1748 870 crea-

176 916 338 971 turae,
392 926 411 959 ι
460 906 669 961 laudate
714 906 1001 960 Dominum
1034 924 1048 960 :
1086 925 1105 959 ι
1152 914 1209 960 et
1254 922 1361 960 non
1407 913 1614 959 tantum
1649 920 1748 960 vos

176 998 488 1063 inferiores,
529 998 639 1071 sed,
673 998 837 1052 etiam
875 1013 971 1053 vos
1007 997 1096 1067 qui
1131 997 1263 1052 estis
1294 1015 1315 1047 ‹
1354 996 1405 1050 ἰη
1438 985 1688 1060 excelsis,
1722 1014 1742 1046 ι

179 1086 238 1141 id
270 1093 354 1141 est
380 1084 656 1141 cherubim
685 1094 741 1140 et
765 1087 1060 1156 seraphim,
1092 1104 1109 1137 ‹
1141 1082 1353 1139 laudate
1391 1098 1511 1138 eum
1537 1101 1551 1138 :
1590 1103 1608 1137 ι
1640 1078 1747 1139 ηὸη

179 1177 305 1232 ideo
350 1176 542 1230 invitat
592 1174 808 1247 angelos
849 1176 917 1230 ad
958 1175 1169 1229 laudem
1213 1173 1331 1238 Dei,
1369 1182 1428 1228 ut
1458 1173 1747 1243 aliquando

176 1274 418 1331 cessent,
445 1265 530 1320 vel
563 1280 631 1320 eo
652 1273 904 1321 monente
929 1264 1101 1335 magis
1144 1264 1384 1327 laudent,
1414 1262 1509 1317 sed
1543 1263 1623 1317 sic
1650 1261 1749 1316 ad-

181 1354 471 1418 monendo,
500 1353 737 1409 ostendit
760 1352 1011 1409 ali‘cctum
1041 1367 1200 1407 suum
1236 1350 1444 1407 scilicet
1470 1351 1612 1420 quod
1643 1347 1747 1406 sibi

178 1454 333 1517 grata
365 1454 450 1499 est
469 1444 587 1499 laus
608 1459 813 1499 eorum.
1362 1442 1365 1445 ’

258 1555 278 1588 ι
297 1535 534 1589 Laudate
556 1550 701 1598 eum,
716 1549 907 1590 omnes
926 1532 1097 1604 angeli
1126 1532 1260 1602 ejus,
1284 1551 1302 1582 ι
1323 1532 1374 1587 id
1394 1538 1597 1595 est,vos
1612 1545 1749 1600 quos

180 1626 298 1695 ipse
331 1626 497 1680 mittit
521 1625 586 1679 ad
614 1623 933 1694 legationem
967 1638 1120 1678 suam
1150 1623 1205 1677 in
1236 1622 1529 1677 mundum:
1571 1629 1626 1677 et
1651 1637 1749 1677 vos

185 1737 206 1768 α
245 1732 437 1773 omnes
485 1718 713 1771 virtutes
758 1717 895 1783 eius,
930 1735 948 1769 ι
999 1715 1225 1782 scilicet,
1279 1715 1371 1786 qui
1423 1714 1595 1769 nuntii
1639 1729 1746 1769 non

178 1807 338 1872 estis,
373 1826 391 1858 ι
421 1807 632 1863 laudate
659 1822 805 1861 eum.
835 1826 855 1860 ι

1844 651 1970 691 suos
1999 650 2064 690 ex
2107 637 2334 691 meritis.
2384 634 2476 691 Vel
2500 636 2795 692 secundum
2833 634 3212 707 Augustinum,
3240 656 3258 687 ‹
3285 636 3438 691 ᾱιοςις-ρ.

1845 741 2024 790 cones,
2039 746 2057 779 ι
2086 727 2138 782 id
2160 736 2242 782 est
2264 727 2386 782 vitae
2402 727 2503 783 illm
2522 730 2908 793 subterraneae,
2937 728 3131 797 quibus
3150 728 3441 785 dracones.

1845 817 2136 882 incedunt,
2181 826 2237 873 et
2291 818 2522 874 maxime
2572 820 2625 873 in
2678 818 2873 889 quibus
2917 827 3004 873 est
3045 833 3183 888 aqua
3211 858 3227 883 ,
3285 817 3419 889 quia

1846 907 2016 980 igneae
2043 917 2250 963 natura:
2278 917 2422 974 sunt,
2445 917 2499 964 et
2526 910 2599 964 ibi
2625 908 2947 980 refrigerant
2963 909 3209 965 ardorem
3233 923 3441 973 suum...

1852 1016 1871 1048 ‹
1906 996 1972 1051 Et
1993 1011 2182 1051 omnes
2211 996 2414 1067 abyssi,
2447 1015 2468 1049 ι
2512 996 2565 1051 id
2593 1005 2678 1052 est
2718 997 3106 1067 profunditates
3143 994 3331 1060 maris,
3357 996 3441 1050 in.

1846 1087 2043 1157 quibus
2055 1085 2198 1141 Deus
2219 1086 2373 1156 punit
2389 1085 2659 1151 inimicos,
2675 1087 2888 1142 laudate
2907 1085 3213 1150 Dominum,
3234 1084 3293 1138 id
3310 1093 3439 1149 est,-

1819 1178 2079 1256 praebete
2110 1174 2263 1233 nobis
2286 1176 2568 1231 materiam
2590 1176 2782 1244 laudis,
2813 1185 2920 1232 etc.
2954 1176 3021 1231 Et
3053 1174 3314 1244 quidquid
3347 1173 3421 1229 sit

1847 1267 1901 1321 in
1945 1265 2049 1322 hac
2072 1267 2205 1332 vita,
2240 1265 2366 1320 licet
2391 1263 2587 1332 injuste
2617 1266 2865 1320 videatur
2890 1279 3009 1319 esse
3032 1264 3195 1331 facta,
3232 1264 3285 1318 in
3311 1263 3417 1316 alia

1847 1357 2087 1426 quidem,
2137 1355 2353 1425 quando
2377 1369 2767 1425 cognoscemus
2794 1368 2902 1423 quo
2932 1353 3158 1409 consilio
3187 1352 3279 1407 Dei
3309 1353 3419 1408 sint

1848 1449 2016 1513 facta,
2044 1456 2205 1503 erunt
2234 1447 2390 1503 nobis
2413 1446 2639 1502 materia
2664 1446 2858 1500 laudis.

1922 1557 1941 1588 ι
1968 1538 2111 1609 lgnis
2140 1557 2158 1591 ι
2186 1538 2375 1603 etiam,
2395 1537 2449 1592 id
2476 1544 2560 1591 est
2586 1535 2885 1591 combustio
2912 1535 3040 1591 solis
3073 1549 3123 1588 m
3142 1533 3339 1595 axima,
3367 1540 3424 1586 ct

1854 1646 1872 1679 ι
1906 1627 2133 1699 grando,
2167 1644 2186 1677 ι
2219 1641 2341 1695 quae
2371 1624 2650 1680 contundit
2676 1632 2905 1693 segetes,
2937 1630 2991 1678 et
3024 1620 3207 1676 multis
3247 1618 3423 1673 modis

1847 1724 2028 1782 nocet,
2074 1734 2093 1768 ‹
2130 1715 2223 1769 nix
2257 1734 2276 1766 ι
2315 1715 2499 1780 etiam,
2535 1723 2588 1770 et
2632 1733 2657 1773 «_
2682 1713 2902 1784 glacies,
2951 1711 3171 1782 spiritus
3209 1707 3421 1778 procel-

1847 1807 2044 1873 larum,
2078 1825 2098 1859 ι
2131 1806 2186 1861 id
2220 1813 2305 1862 est
2361 1819 2587 1876 magnus
2628 1812 2906 1858 ventorum
2936 1803 3183 1871 impetus,
3217 1798 3309 1869 qui
3340 1798 3424 1853 di-

257 1915 279 1950 c
316 1897 551 1952 Laudate
578 1912 721 1962 eum,
746 1895 823 1952 sol
852 1905 907 1951 et
935 1895 1083 1962 luna,
1128 1894 1344 1954 laudate
1384 1911 1505 1952 eum
1554 1911 1744 1953 omnes
1771 1890 1821 1950 Β
1848 1897 2043 1968 mergit
2088 1910 2252 1950 naves
2289 1895 2343 1949 in
2368 1895 2525 1961 mari,
2562 1902 2614 1948 et
2649 1893 2888 1947 vindicat
2925 1891 3091 1947 Deum
3128 1890 3195 1944 de
3233 1896 3425 1945 nauta.-

183 1986 377 2051 stellaa,
418 1995 509 2042 et»
543 1986 669 2056 quid
698 2003 795 2057 per
838 1987 1082 2057 singula?
1112 1987 1420 2042 universum
1463 2006 1481 2038 ι
1515 1987 1696 2043 lumen
1725 2005 1744 2040 ι

182 2076 370 2131 laudet
393 2090 536 2139 eum.
567 2076 626 2130 Si
652 2077 731 2132 sol
760 2077 970 2133 dicatur
1000 2078 1200 2135 habere
1225 2078 1495 2147 spiritum,
1520 2086 1575 2133 et
1600 2078 1749 2145 luna,

179 2175 240 2221 et
265 2173 473 2222 caetera:
511 2166 701 2232 stellce,
739 2182 836 2237 per
860 2182 920 2222 se
954 2175 1180 2236 possunt
1208 2167 1375 2223 Deum
1422 2167 1639 2222 laudare
1665 2185 1677 2221 :
1707 2168 1752 2223 si

183 2267 319 2317 non,
349 2252 486 2308 bene
514 2262 568 2309 te
607 2252 849 2320 laudant,
892 2256 1019 2325 quia
1062 2264 1187 2309 sunt
1238 2255 1466 2309 materia
1503 2270 1673 2325 quare
1698 2263 1753 2312 te

181 2342 484 2397 laudamus.
522 2342 639 2398 Non
686 2344 810 2414 quia
839 2345 1068 2400 virtutes
1104 2345 1264 2400 unius
1306 2352 1452 2409 sunt,
1481 2353 1540 2400 et
1573 2351 1760 2401 tamen

180 2433 508 2503 quandoque
552 2449 651 2504 pro
696 2435 948 2490 omnibus
998 2446 1292 2504 ponuntur,
1340 2444 1401 2490 ut
1443 2436 1532 2491 hic
1572 2454 1587 2490 :
1626 2436 1760 2507 quia

182 2521 403 2593 longum
430 2532 514 2579 est
537 2525 639 2579 sibi
676 2539 865 2581 omnes
883 2540 1224 2582 enumerare.

259 2633 280 2666 ι
303 2614 542 2670 Laudate
568 2631 690 2670 eum
726 2616 848 2671 coeli
875 2616 1158 2682 calorum,
1187 2636 1205 2668 ι
1237 2624 1452 2687 propter
1469 2618 1573 2673 hoc
1601 2616 1757 2681 dicit,

180 2704 328 2774 quod
357 2704 554 2760 multos
598 2705 878 2776 intelligit;
908 2725 926 2757 (
958 2717 1011 2760 et
1051 2720 1205 2775 aqute
1241 2721 1382 2776 quae,
1414 2725 1435 2758 ο
1472 2706 1526 2760 in
1558 2706 1638 2760 rei
1658 2721 1754 2761 ve-

184 2793 365 2859 ritate,
411 2812 431 2846 ‹
468 2805 591 2851 sunt
629 2810 791 2866 super
815 2796 1002 2862 caelos,
1033 2817 1050 2848 ι
1084 2797 1225 2850 unde
1268 2795 1421 2850 nobis
1448 2795 1642 2864 pluviae
1667 2795 1762 2850 de-

183 2886 454 2942 scendunt
476 2901 573 2955 per
596 2894 905 2942 cataractas
940 2887 1087 2951 emli,
1123 2906 1142 2938 t
1178 2887 1396 2942 laudent
1419 2903 1615 2944 nomen
1647 2887 1755 2944 Do-

185 2973 341 3037 mini,
378 2993 397 3025 ι
443 2973 497 3028 id
535 2982 621 3029 est
672 2974 898 3030 materia
949 2974 1105 3029 nobis
1151 2975 1259 3029 sint
1287 2974 1536 3030 laudandi
1564 2975 1753 3041 Deum,

186 3064 527 3117 attendentes
558 3063 701 3117 inter
727 3070 921 3118 caetera
959 3064 1101 3133 quod
1136 3078 1257 3118 cum
1292 3063 1397 3118 illae
1423 3080 1597 3134 aquae.
1638 3078 1759 3134 quae

189 3154 348 3227 spissi
379 3153 621 3222 corporis
648 3162 791 3218 sunt,
830 3163 1117 3214 teneantur
1154 3153 1504 3209 suhtilissimo
1533 3169 1760 3223 corpore

1853 2002 1973 2041 rum
2005 1985 2308 2055 iniquitate,
2343 1985 2619 2053 praebeant
2654 1982 2811 2038 nobis
2861 1980 3140 2036 materiam
3169 1979 3443 2033 laudandi.

1854 2075 2024 2130 Deum
2061 2092 2075 2128 :
2104 2073 2351 2143 quamvis
2378 2074 2493 2129 haec
2522 2072 2700 2127 omnia
2736 2071 3019 2127 videantur
3059 2069 3237 2126 stultis
3261 2085 3289 2122 a
3314 2068 3425 2123 Deo

1854 2165 2051 2235 injuste
2098 2164 2263 2231 facta,
2298 2174 2477 2219 tamen
2528 2164 2727 2220 debent
2768 2163 2923 2218 nobis
2967 2162 3021 2217 in
3054 2163 3157 2218 hoc
3185 2162 3426 2232 pnebere

1853 2254 2145 2311 materiam
2177 2255 2433 2310 laudandi
2460 2271 2478 2305 ι
2515 2271 2634 2324 qua:
2664 2255 2873 2309 faciunt
2896 2256 3119 2310 verbum
3153 2251 3286 2322 ejus,
3325 2272 3343 2305 ι
3371 2252 3427 2308 id

1852 2354 1955 2412 est,
1988 2362 2086 2416 per
2110 2346 2291 2400 omnia
2327 2345 2569 2400 serviunt
2596 2344 2859 2399 voluntati
2887 2344 3003 2413 ejus
3041 2342 3157 2397 Dei.

1928 2454 1951 2489 ‹
1979 2436 2185 2493 Montes
2203 2445 2257 2493 et
2277 2451 2466 2493 omnes
2492 2436 2676 2500 colles,
2700 2435 2843 2506 ligna
2872 2431 3148 2489 fructifera
3172 2440 3226 2486 et
3243 2446 3449 2490 omnes.

1853 2525 2026 2591 cedri,
2060 2544 2079 2579 ι
2107 2526 2381 2595 praebeant
2403 2526 2559 2581 nobis
2593 2525 2875 2580 materiam
2913 2523 3122 2580 laudis-

1931 2631 1951 2666 ι
1971 2613 2183 2679 Bestiae,
2206 2634 2226 2669 ι
2257 2614 2311 2670 id
2334 2624 2415 2671 est
2440 2614 2621 2670 leones
2648 2624 2704 2669 et
2728 2615 2860 2681 ursi,
2876 2622 3144 2670 etcaetera
3166 2614 3439 2672 indomita

1858 2703 2140 2771 animalia,
2166 2705 2369 2760 scilicet
2397 2704 2642 2760 crudeles
2670 2705 2873 2767 bestiae,
2916 2722 2934 2755 ι
2971 2713 3026 2761 et
3051 2704 3311 2759 universa
3337 2721 3431 2777 pe-

1858 2811 2006 2862 cora,
2042 2816 2061 2849 ι
2099 2808 2161 2850 ut
2196 2797 2361 2852 boves
2384 2803 2439 2851 et
2465 2804 2660 2851 caetera
2690 2795 2963 2861 animalia,
2996 2793 3198 2851 domita
3227 2793 3435 2851 scilicet

1856 2887 2131 2956 praebeant
2177 2886 2388 2941 laudem
2420 2885 2547 2940 Deo.
2584 2900 2681 2956 per
2726 2884 3044 2940 rationalem
3093 2892 3446 2948 creaturam;.

1864 2997 1885 3031 ι
1913 2986 2199 3049 serpentes
2225 2985 2281 3031 et
2312 2976 2559 3031 volucres
2585 2985 2855 3046 pennata}.
2894 2974 3270 3045 i..Supradicta
3316 2990 3434 3029 om-

1858 3070 1957 3125 nia
1987 3069 2056 3124 ad
2078 3069 2313 3124 litteram
2342 3067 2632 3132 intellecta,
2658 3068 2765 3123 hoc
2796 3068 3065 3132 modo,.ut
3086 3066 3291 3121 dictum
3320 3074 3428 3127 est,

1860 3159 2078 3215 laudent
2100 3159 2292 3223 Deum,
2316 3156 2521 3212 scilicet
2545 3157 2686 3226 quod
2712 3157 2985 3226 praebeant
3006 3154 3162 3210 nobis
3181 3154 3436 3208 materias

185 3246 333 3313 coeli,
372 3246 527 3302 valde
566 3248 754 3303 mirari
779 3262 1081 3319 possumus,
1113 3256 1167 3303 et
1191 3266 1221 3302 a
1249 3248 1405 3302 laude
1426 3248 1520 3303 Dei
1544 3263 1759 3306 cessare
1786 3231 1830 3292 (ἶ
1864 3251 2114 3305 laudandi
2147 3251 2331 3305 Deum.
2360 3248 2590 3307 Possunt
2608 3249 2770 3303 etiam
2793 3249 3078 3318 allegorice
3106 3248 3191 3314 sic,
3212 3247 3428 3303 discuti.

190 3353 299 3394 non
322 3338 600 3394 debemus.

260 3428 385 3483 ldeo
439 3428 672 3493 laudate,
726 3427 898 3497 «quia
947 3428 1061 3497 ipse
1111 3428 1262 3491 dixit,
1298 3447 1317 3479 ι
1373 3428 1425 3482 id
1457 3437 1539 3483 est
1570 3428 1773 3496 voluit,

198 3535 219 3569 ι
249 3525 305 3571 et
332 3514 475 3570 facta
512 3523 636 3570 sunt
664 3534 683 3566 ι
728 3516 930 3582 omnia,
954 3517 1005 3571 id
1037 3524 1121 3572 est
1159 3519 1407 3573 ordinata
1447 3520 1513 3574 dc
1547 3535 1771 3591 compo-

193 3606 395 3662 sitione
427 3614 658 3675 quatuor
701 3605 1090 3662 elementorum
1120 3625 1134 3661 :
1162 3616 1218 3662 et
1244 3608 1409 3663 etiam
1444 3609 1615 3679 ipsam
1650 3624 1765 3664 ma-

201 3696 393 3753 teriam
421 3695 550 3753 fecit
578 3713 595 3763 ;
627 3705 683 3752 et
709 3697 812 3752 hoc
846 3705 930 3751 est
962 3715 977 3751 :
1018 3716 1040 3750 ί
1076 3699 1194 3770 ipse
1219 3700 1515 3765 mandavit,
1545 3720 1564 3753 ›
1600 3702 1652 3757 id
1680 3709 1767 3757 est

198 3789 428 3845 firmiter
472 3788 686 3854 statuit,
714 3806 734 3839 ι
766 3798 827 3843 et
856 3798 1039 3845 creata
1078 3800 1207 3845 sunt
1239 3810 1258 3842 ι
1291 3792 1453 3846 etiam
1499 3793 1612 3862 ipsa
1652 3792 1765 3847 ele-

196 3889 402 3946 menta,
427 3881 567 3935 unde
607 3889 790 3950 postea
819 3890 1012 3936 caetera
1049 3884 1339 3938 ordinavit.
1379 3883 1435 3937 in
1469 3885 1569 3939 hoc
1604 3900 1765 3940 versu

193 3969 334 4025 bene
378 3968 455 4022 ait
490 3977 675 4023 contra
712 3967 839 4023 illos.
874 3970 966 4039 qui
1006 3967 1194 4026 dicunt
1227 3972 1486 4027 mundum
1530 3973 1641 4027 Deo
1673 3988 1764 4028 co-

195 4071 476 4117 aeternum.

265 4152 385 4223 Ipsa
425 4151 689 4208 elementa
734 4153 871 4208 inter
901 4162 1094 4208 caetera
1135 4154 1423 4221 ordinavit,
1466 4162 1652 4224 postea
1698 4166 1763 4208 ea

195 4258 316 4314 qua:
345 4242 492 4309 fecit,
524 4259 542 4294 t
570 4243 759 4298 statuit
777 4259 840 4298 ea
872 4264 891 4297 ι
926 4260 1276 4314 permansura
1307 4266 1325 4298 ‹
1355 4246 1409 4300 in
1440 4245 1715 4311 sacculum,
1738 4264 1758 4297 ι

196 4333 249 4388 id
265 4342 349 4388 est
373 4347 472 4402 per
491 4339 657 4388 totum
684 4340 892 4403 tempus
913 4334 1192 4404 praesentis
1216 4336 1407 4402 vitae”
1434 4342 1489 4389 et
1514 4334 1568 4389 in
1597 4349 1767 4390 saecu-

194 4425 307 4479 lum
341 4444 360 4476 ι
391 4424 785 4480 subsecutivum
825 4423 985 4495 hujus
1017 4445 1035 4479 α
1072 4427 1273 4483 saeculi.
1315 4448 1334 4481 ι
1383 4427 1519 4483 Cum
1557 4428 1767 4483 dicatur

196 4515 253 4570 in
276 4514 600 4586 Evangelio:
638 4534 657 4568 ι
692 4514 898 4572 C(elum
930 4525 988 4572 et
1030 4526 1171 4573 terra
1200 4517 1513 4573 transibunt
1548 4516 1765 4589 (Matth.

195 4606 368 4678 xxiv),
401 4625 420 4658 ι
449 4616 505 4662 et
536 4608 625 4663 hic
650 4607 896 4662 dicantur
928 4622 1266 4676 permanere,
1302 4623 1409 4666 non
1434 4616 1613 4663 tamen
1637 4617 1763 4663 sunt

194 4698 489 4763 contraria,
515 4698 639 4768 quia
671 4713 774 4754 non
796 4698 1047 4754 dicuntur
1065 4700 1298 4756 transire
1326 4700 1615 4755 secundum
1639 4703 1763 4757 sub-

194 4788 473 4854 stantiam,
510 4789 602 4844 sed
636 4802 733 4858 per
760 4787 903 4843 solas
940 4789 1246 4858 qualitates,
1285 4798 1340 4844 et
1391 4789 1497 4845 illis
1524 4790 1597 4844 ita
1652 4799 1763 4845 sta-

197 4878 332 4933 tutis
362 4897 381 4930 t
409 4886 737 4949 praeceptum
781 4876 982 4948 posuit,
1015 4886 1071 4933 et
1105 4893 1211 4933 non
1236 4879 1533 4947 prazteribit
1562 4898 1580 4929 ι
1631 4894 1765 4949 prte-

198 4976 413 5038 oeptum
461 4968 615 5034 illud,
647 4967 775 5037 quia
814 4967 954 5022 sicut
993 4967 1277 5039 disposuit,
1318 4967 1398 5022 sic
1429 4967 1605 5023 adhuc
1639 4983 1763 5039 per-

197 5072 441 5119 manent.

273 5174 295 5209 ι
324 5156 562 5212 Laudate
579 5155 886 5211 Dominum.
922 5176 943 5209 ι
985 5154 1119 5211 Pars
1157 5155 1410 5211 secunda.
1441 5152 1569 5221 Vos,
1602 5153 1765 5209 cccle-

200 5254 329 5308 stes,
368 5245 450 5301 sic
487 5244 720 5310 laudate,
763 5252 820 5300 et
846 5244 1012 5300 etiam
1056 5260 1155 5301 vos
1190 5263 1209 5296 ι
1237 5245 1301 5300 de
1323 5253 1489 5308 terra,
1517 5263 1537 5296 ι
1579 5244 1636 5299 id
1680 5252 1791 5321 est.

203 5346 431 5392 terrenae
448 5344 726 5400 creaturae,
751 5354 770 5387 ι
802 5335 1017 5392 laudate
1038 5335 1340 5391 Dominum.
1375 5356 1394 5388 ι
1424 5336 1584 5404 Eligit
1605 5351 1766 5406 quas-

202 5428 324 5482 dam
350 5443 518 5483 nonas
535 5424 740 5498 [Forte,
765 5427 977 5498 noxias]
1004 5437 1300 5492 creaturas,
1328 5428 1379 5481 in
1407 5428 1602 5498 quibus
1623 5427 1767 5482 videt

200 5518 397 5574 multos
444 5516 689 5573 homines
722 5530 979 5571 accusare
1005 5515 1194 5581 Deum,
1225 5525 1280 5570 et
1312 5515 1568 5585 injustum
1607 5531 1766 5586 repn-

202 5619 339 5674 tare,
370 5617 426 5664 et
456 5609 707 5680 pr0ponit
745 5607 900 5662 nobis
943 5606 1068 5677 quia
1107 5607 1152 5661 si
1194 5608 1317 5676 quis
1359 5607 1766 5677 dispositionem

200 5701 297 5757 Dei
322 5708 630 5771 cognoscat,
659 5698 712 5753 in
733 5698 814 5753 eis
838 5712 962 5752 eum
988 5696 1235 5768 intelligit
1255 5697 1392 5752 sicut
1423 5697 1475 5751 in
1502 5696 1621 5755 aliis
1648 5712 1769 5753 esse

201 5790 528 5849 laudandum
556 5807 568 5844 :
593 5797 647 5845 et
675 5788 797 5845 inde
822 5786 972 5857 dicit,
1007 5805 1025 5840 ι
1060 5786 1343 5854 dracones,
1383 5807 1400 5840 ι
1428 5786 1639 5844 laudate
1665 5787 1766 5842 Do-

1864 3341 1968 3395 Per
1994 3339 2255 3393 dracones
2303 3352 2537 3405 namque
2580 3345 2637 3391 et
2675 3338 2919 3407 abyssos,
2965 3348 3021 3392 et
3056 3346 3250 3400 uetera
3298 3352 3435 3405 pra:-

1867 3430 2032 3496 dicta,
2073 3428 2445 3499 signiﬁcantur
2483 3428 2609 3482 mali
2652 3429 2946 3482 Secundum
2984 3427 3196 3482 diversa
3231 3439 3450 3497 genera.

1866 3523 2128 3579 malorum
2159 3537 2279 3591 quae
2318 3527 2443 3576 sunt
2479 3520 2535 3575 in
2569 3520 2668 3575 eis.
2710 3520 3003 3583 Dt'aconcs,
3036 3517 3089 3574 id
3124 3526 3208 3573 est
3236 3517 3433 3572 crude-

1865 3615 2056 3671 lissimi
2105 3614 2385 3678 homines;
2432 3612 2642 3683 abyssi,
2695 3611 2749 3665 id
2797 3619 2881 3666 est
2924 3608 3325 3678 profundissimi
3378 3605 3434 3661 in

1864 3705 2042 3771 vitiis;
2074 3703 2229 3774 ignis,
2276 3701 2329 3757 id
2371 3710 2456 3757 est
2485 3701 2583 3766 illi,
2620 3700 2711 3770 qui
2742 3700 2795 3755 in
2835 3700 3029 3754 ardore
3051 3698 3434 3766 concupiscen-

1868 3796 2065 3852 tiarum
2087 3804 2243 3859 sunt;
2273 3793 2497 3866 grando,
2522 3792 2577 3847 id
2604 3798 2705 3855 est,
2732 3789 2806 3845 illi
2827 3789 2919 3860 qui
2958 3788 3291 3844 contundunt
3315 3800 3439 3841 sano

1869 3893 1985 3942 ctos
2015 3885 2128 3940 suis
2156 3881 2619 3947 tribulationibus;
2658 3881 2772 3947 nix,
2800 3881 2878 3939 .id
2906 3888 2989 3935 est
3028 3878 3206 3950 frigidi
3233 3878 3286 3931 in
3309 3892 3435 3946 pec-

1868 3976 2035 4042 catis;
2062 3975 2286 4046 glacies,
2320 3974 2373 4028 id
2412 3980 2496 4028 est
2524 3971 2788 4043 congelati
2840 3968 3041 4041 frigore
3069 3966 3450 4033 inﬁdelitatis;

1867 4067 2089 4137 spiritus
2119 4063 2495 4136 procellarum,
2537 4062 2591 4117 id
2619 4070 2705 4117 est
2737 4061 2983 4120 homines
3022 4059 3282 4128 facientes
3310 4072 3438 4128 pro-.-

1866 4160 2046 4224 cellas,
2087 4158 2140 4214 id
2165 4167 2250 4213 est
2294 4157 2697 4229 persecutiones
2730 4156 2783 4211 in
2830 4164 3080 4219 sanctos,
3113 4153 3350 4224 fuganda
3369 4153 3437 4208 de

1866 4250 1984 4305 loco
2012 4250 2079 4304 ad
2107 4248 2281 4305 locum
2307 4266 2321 4302 :
2346 4249 2438 4319 qui
2474 4264 2661 4304 omnes
2692 4247 3136 4305 faciuntverhum
3163 4245 3279 4309 Dei,
3311 4260 3434 4299 cum

1867 4338 2096 4394 redeunt
2139 4338 2209 4392 ad
2249 4337 2409 4393 fidem
2436 4346 2493 4393 et
2535 4339 2602 4392 ad
2630 4337 2802 4408 legem
2830 4336 2947 4391 Dei.
2978 4333 3210 4399 Montes,
3254 4334 3306 4389 id
3350 4342 3435 4389 est

1869 4426 2125 4498 superbi;
2161 4434 2219 4481 et
2244 4426 2431 4491 colles,
2471 4424 2523 4480 id
2560 4432 2642 4479 est
2669 4425 2850 4479 minus
2873 4422 3120 4492 superbi;
3150 4420 3293 4491 ligna
3326 4418 3437 4474 fru—

1869 4515 2083 4581 ctifera,
2114 4516 2167 4570 id
2197 4524 2280 4570 est
2307 4514 2536 4569 fructum
2570 4514 2834 4568 honorum
2863 4526 3084 4581 operum
3115 4510 3432 4579 reddentcs;

1869 4608 2036 4673 cedri,
2060 4608 2112 4663 id
2141 4614 2223 4662 est
2249 4606 2469 4661 odorem
2499 4604 2857 4674 spiritualium
2900 4602 3157 4656 virtutum
3180 4600 3237 4655 in
3264 4615 3321 4655 se
3343 4600 3437 4656 ha-

1870 4696 2090 4762 bentes;
2132 4696 2338 4760 bestiae,
2387 4695 2441 4749 id
2481 4701 2567 4750 est
2610 4693 2907 4757 silvestres,
2953 4690 3160 4746 scilicet
3196 4689 3357 4747 rudes
3382 4699 3448 4745 et

1870 4787 2102 4857 imperiti
2130 4804 2145 4853 ;
2174 4794 2231 4841 et
2266 4799 2485 4856 pecora,
2530 4783 2584 4838 id
2616 4790 2700 4837 est
2740 4781 3001 4836 mansueti
3036 4788 3337 4855 serpentes,
3383 4777 3440 4834 id

1869 4887 1952 4932 est
1987 4876 2235 4932 venenati
2276 4874 2551 4939 homines,
2585 4883 2645 4926 ut
2688 4872 2959 4936 haeretici,
2990 4878 3056 4928 et.
3081 4870 3351 4933 volucres,
3385 4868 3438 4922 id

1868 4977 1954 5023 est
1978 4965 2306 5038 philosophi,
2333 4964 2426 5034 qui
2452 4963 2652 5018 habent
2672 4950 2898 5032 pennas,
2938 4960 2993 5015 id
3021 4968 3108 5014 est
3146 4955 3437 5026 sapientias

1865 5062 2198 5117 diversorum
2234 5056 2519 5120 librorum,
2557 5070 2656 5126 per
2687 5071 2822 5126 quas
2865 5053 3122 5109 dicuntur
3155 5049 3357 5114 volare,
3384 5048 3436 5102 id

1863 5157 1946 5204 est
1962 5147 2372 5203 excellentiores
2394 5145 2514 5201 aliis
2531 5159 2653 5200 esse
2681 5163 2695 5198 :
2724 5144 2814 5199 isti
2834 5156 3023 5199 omnes
3043 5139 3169 5195 mali
3191 5137 3436 5194 conversi

1864 5238 2089 5293 laudant
2110 5236 2420 5302 Dotninum,
2459 5236 2513 5291 id
2544 5243 2628 5291 est
2655 5236 2720 5289 de
2745 5234 2828 5288 his
2861 5230 3110 5286 omnibus
3135 5230 3296 5299 elegit
3326 5226 3429 5282 sibi

1866 5327 2126 5385 Dominus
2151 5326 2361 5396 aliquos
2392 5326 2485 5397 qui
2514 5326 2568 5381 in
2606 5325 2786 5379 futura
2814 5323 2924 5377 vita
2961 5322 3014 5376 in
3063 5320 3246 5390 quiete
3268 5316 3429 5372 collo-

1870 5418 1985 5475 cati.
2015 5416 2312 5473 laudabunt
2341 5415 2647 5470 Dominum.

1949 5528 1968 5560 ‹
2005 5509 2180 5580 Reges
2206 5517 2369 5585 terrae
2408 5514 2464 5562 et
2489 5519 2675 5561 omnes
2696 5502 2898 5575 populi,
2936 5522 2955 5555 ι
2988 5501 3127 5558 sicut
3167 5496 3463 5564 consules,“

1876 5619 1895 5652 ι
1930 5601 2201 5671 principes
2227 5609 2281 5656 et
2301 5615 2489 5656 omnes
2508 5598 2719 5667 iudices
2743 5607 2918 5654 terrm.
2962 5617 2981 5649 ι

1947 5693 2209 5749 (Juvenes
2228 5703 2285 5749 et
2308 5693 2566 5763 virgines,
2586 5710 2605 5742 ι
2632 5691 2685 5746 id
2696 5699 2782 5746 est
2804 5688 2998 5746 diversi
3021 5700 3181 5747 sexus
3201 5702 3259 5752 ;_«
3281 5699 3449 5741 senes

1873 5800 1994 5841 cum
2026 5782 2351 5856 junioribus,
2386 5802 2405 5836 ›
2451 5782 2504 5837 id
2548 5790 2629 5839 est
2664 5781 2887 5839 diversa:
2916 5786 3121 5847 aetates,
3146 5775 3444 5863 claudent
