3898 6456
510 426 608 484 69!
917 478 922 486 _
967 422 1325 480 llAYMONlS
1360 422 1838 479 IIALBERSTAT.
1879 423 2092 478 EPlSC.
2135 423 2285 478 OPP.
2325 421 2504 479 PARS
2539 422 2581 478 Ι.
2617 455 2687 465 —
2717 423 3068 480 COMMENT.
3112 424 3282 480 BlBL.
3660 424 3765 482 693

509 556 704 598 nomen
760 540 995 607 Domini,
1047 541 1173 611 quia
1230 538 1527 594 exaltatum
1577 548 1663 594 est
1722 554 1917 594 nomen
1962 537 2079 606 ejus
2104 538 2152 599 Α
2182 544 2421 600 ctorum;
2461 556 2483 590 ι
2541 552 2714 607 spem,
2761 553 2883 597 cum
2920 539 3088 594 dicit:
3147 558 3167 591 ε
3201 536 3441 595 Laetetur
3474 539 3761 607 Israel,»

509 631 697 693 solius,
732 650 752 683 ›
785 631 927 686 sicut
972 630 1049 686 ait
1087 628 1375 699 Apostolus
1406 646 1419 683 :
1451 646 1470 678 ‹
1507 628 1739 682 Donavit
1766 628 1842 683 illi
1879 641 2076 683 nomen
2176 628 2517 694 charitatem,
2570 643 2694 683 cum
2724 627 2895 684 dicit:
2943 647 2963 681 ι
3007 629 3250 685 Laudent
3289 646 3491 687 nomen
3533 630 3666 701 ejus
3711 634 3760 689 in

509 722 651 792 quod
676 732 763 779 est
788 736 952 792 super
973 735 1133 777 omne
1158 734 1355 775 nomen
1382 717 1546 788 (Phil.
1576 718 1659 789 ιι).
1704 738 1725 771 ι

579 813 720 882 Quid
748 829 842 884 per
870 811 1116 883 singula?
1148 828 1169 862 ι
1202 809 1482 866 Confessio
1511 809 1649 879 ejus,
1686 828 1705 862 ι
1742 809 1860 874 Dei,
1904 808 1958 864 id
1992 818 2078 865 est

508 903 629 959 laus
646 903 823 958 debita
847 903 947 973 ipsi
974 902 1104 967 Deo,
1138 910 1223 957 est
1250 919 1269 952 ι
1299 916 1462 970 super
1483 900 1681 956 coelum
1718 909 1773 955 et
1792 909 2017 966 terram,
2049 920 2068 953 ι

507 994 633 1064 quia
665 1008 765 1050 nec
803 993 1092 1060 caelestes,
1141 1008 1244 1049 nec
1285 1001 1514 1048 terrenae
1548 1001 1813 1048 creatum
1851 1002 2076 1062 possunt

505 1098 627 1138 eum
650 1083 976 1139 suﬁicienter
996 1083 1239 1139 laudare.
1275 1101 1294 1133 ι
1329 1082 1397 1137 Ει
1431 1102 1450 1135 ι
1483 1081 1572 1137 ille
1596 1082 1739 1138 Deus
1769 1099 1788 1133 ι
1817 1082 2076 1138 exaltavit

506 1184 674 1228 cornu
698 1172 879 1243 populi
900 1173 1004 1238 sui,
1036 1193 1055 1225 ι
1088 1173 1143 1228 id
1175 1182 1262 1228 est
1294 1172 1632 1228 altitudinem
1661 1191 1675 1227 :
1708 1174 1832 1244 quia
1866 1173 1993 1230 licet
2016 1174 2072 1230 in

504 1263 607 1316 hac
618 1262 727 1317 vita
753 1261 1090 1317 altitudinem
1116 1262 1350 1331 aliquam
1373 1262 1593 1327 habeat,
1610 1269 1791 1318 tamen
1808 1263 1924 1333 ipsa
1944 1263 2070 1318 alti-

505 1352 633 1407 tudo
664 1365 763 1422 per
780 1351 977 1406 multas
997 1352 1353 1407 adversitates
1379 1352 1735 1422 deprimitur:
1761 1354 1857 1408 sed
1886 1354 1940 1408 in
1965 1353 2072 1408 alia

502 1443 614 1497 vita
636 1443 710 1497 ita
732 1442 966 1497 exaltata
1004 1442 1129 1507 erit,
1158 1444 1301 1513 quod
1330 1444 1474 1499 nulla
1521 1444 1845 1501 adversilate
1872 1445 2070 1514 poterit

502 1531 752 1602 deprimi.
790 1532 858 1586 Et
890 1550 909 1582 ‹
940 1531 1192 1588 omnibus
1221 1534 1423 1589 sanctis
1449 1532 1595 1603 ejus,
1634 1554 1653 1587 ι
1690 1533 1769 1590 sic
1796 1534 2067 1601 exaltatis,

501 1631 584 1677 est
611 1642 629 1673 ‹
666 1621 922 1694 hymnus,
960 1643 979 1674 ι
1014 1624 1069 1680 id
1113 1634 1195 1680 est
1222 1624 1339 1681 laus
1382 1640 1504 1681 cum
1550 1627 1783 1693 cantico,
1832 1626 1924 1696 qui
1952 1626 2070 1682 sine

502 1711 903 1768 intermissione
946 1713 1167 1770 laudant
1200 1716 1484 1771 Dominum
1513 1735 1526 1771 :
1558 1718 1758 1773 sanctis
1783 1717 1924 1784 dico,
1960 1718 2067 1773 sci-

502 1802 628 1858 licet
656 1822 675 1855 ι
704 1793 829 1859 ﬁliis
868 1804 1030 1861 Israel
1058 1820 1073 1860 :
1108 1826 1128 1859 ι
1160 1815 1217 1861 ει
1244 1822 1352 1861 non
1395 1807 1516 1862 dico
1567 1806 1880 1863 carnalibus
1908 1807 2063 1873 ﬁliis,

2175 719 2365 774 choro.
2401 738 2420 771 ›

2245 808 2630 863 Continuatio:
2672 808 2798 864 Ideo
2822 809 3054 879 psallite,
3091 820 3222 876 etc.,
3263 830 3282 863 ‹
3316 810 3447 882 quia
3495 810 3752 882 benepla-

2174 897 2340 952 citum
2367 904 2452 952 est
2478 897 2730 964 Domino,
2770 917 2789 950 i
2821 898 2875 953 in
2898 898 3230 955 habitatione
3258 899 3372 966 illa,
3407 919 3429 952 ς
3466 900 3532 954 in
3562 902 3753 970 popula

2172 1002 2292 1055 suo,
2316 1008 2335 1040 ι
2366 988 2492 1059 quia
2505 988 2863 1046 nihilinvenit
2887 990 2941 1044 in
2969 1005 3035 1046 eo
3056 993 3199 1047 unde
3228 991 3577 1055 oﬂeudatur;
3615 1011 3638 1043 ε
3659 1000 3713 1046 et
3732 1013 3749 1044 ι

2172 1086 2391 1149 propter
2428 1080 2533 1134 hoc
2565 1078 2752 1144 etiam,
2790 1079 3042 1149 psallant,
3092 1081 3220 1150 quia
3253 1099 3275 1133 ι
3311 1080 3595 1138 exaltabit
3618 1096 3749 1136 man-

2172 1178 2355 1225 suetos
2385 1169 2440 1225 in
2466 1170 2693 1226 salutem
2729 1189 2748 1222 ›
2777 1180 3058 1226 aeternam.

2245 1278 2266 1311 ί
2302 1258 2679 1315 Exsultabunt.
2711 1280 2732 1313 ι
2786 1259 2922 1316 Pars
2966 1260 3219 1316 secunda.
3266 1261 3408 1317 item
3462 1279 3485 1314 ι
3536 1263 3739 1317 sancti.

2171 1338 2249 1406 illi
2270 1352 2348 1407 sic
2383 1351 2609 1407 exaltati
2652 1371 2672 1404 ι
2708 1353 3055 1409 exsultabunt
3097 1353 3151 1408 in
3181 1354 3352 1424 gloria
3390 1374 3414 1406 ι
3451 1362 3513 1409 et
3564 1375 3583 1405 ι
3616 1355 3741 1410 laeta-

2169 1442 2373 1497 buntur
2410 1462 2429 1494 ι
2474 1457 2582 1498 non
2625 1443 2887 1499 exteriori
2931 1458 3150 1511 canore,
3185 1445 3279 1500 sed
3314 1463 3335 1496 ι
3378 1444 3447 1500 in
3491 1446 3734 1502 cubilibus

2170 1532 2301 1598 suis,
2337 1551 2358 1585 ι
2390 1532 2443 1587 id
2470 1540 2555 1589 est
2579 1532 2635 1587 in
2661 1534 3027 1589 conscientiis.

2239 1622 2308 1677 Et
2349 1639 2456 1679 non
2507 1632 2715 1679 tantum
2745 1625 2973 1680 interius
3016 1624 3387 1691 exsultabant,
3450 1626 3551 1681 sed
3596 1627 3722 1682 etiam

2170 1713 2428 1779 exterius,
2457 1721 2514 1768 et
2565 1714 2667 1770 hoc
2689 1714 2822 1770 dicit
2854 1733 2869 1769 :
2917 1734 2937 1766 ι
2970 1715 3356 1771 exsultationes
3388 1716 3525 1777 Dei,
3552 1736 3572 1768 ι
3597 1716 3711 1771 idest

2169 1803 2353 1861 laudes
2412 1805 2509 1861 Dei
2572 1820 2696 1861 cum
2752 1806 3116 1863 exsultatione
3166 1806 3360 1875 facta},
3424 1818 3589 1864 erunt
3623 1809 3703 1865 ιίι

498 1895 595 1951 sed
645 1913 666 1948 σ
703 1896 901 1968 populo
941 1898 1385 1969 appropinquanti
1432 1898 1566 1964 sibi,
1605 1918 1625 1951 ι
1673 1897 1784 1954 Deo
1834 1898 2054 1965 scilicet,
2089 1892 2133 1952 Β
2161 1903 2377 1967 gutture
2399 1910 2606 1963 eorum,
2636 1917 2655 1950 ι
2681 1897 2733 1952 id
2757 1906 2842 1954 est
2868 1899 2922 1953 in
2944 1913 3172 1969 corpore
3191 1908 3247 1954 et
3271 1916 3393 1966 ore,
3432 1921 3455 1952 ι
3482 1903 3610 1957 etin
3631 1918 3712 1956 na-

499 1988 721 2046 facienti
757 2005 816 2048 se
846 1991 1079 2046 similem
1109 1992 1212 2060 ipsi
1240 1992 1372 2046 Deo.

939 2143 1009 2199 IN
1042 2143 1372 2200 PSALMUM
1409 2143 1637 2200 CXLIX.

1006 2275 1241 2332 Ttruws
1269 2291 1284 2331 :
1308 2276 1553 2332 Alleluia.

611 2428 720 2488 Can
729 2435 836 2488 tate
854 2427 1081 2490 Domino
1101 2430 1368 2491 canticum
1384 2444 1601 2490 aevum.
1626 2452 1644 2484 ›
1663 2428 1761 2489 Hic
1774 2438 1856 2489 est
1870 2429 2065 2489 iterum

496 2524 721 2581 materia
749 2524 866 2581 laus
894 2525 1008 2581 Dei.
1048 2524 1105 2580 ln
1133 2527 1307 2595 prima
1336 2535 1487 2595 parte
1512 2533 1695 2580 monet
1720 2532 1934 2579 sanctos
1950 2522 2065 2591 jam

498 2619 551 2672 in
591 2624 793 2673 aeterna
834 2616 1012 2687 quiete
1049 2616 1355 2672 habitantes
1398 2614 1617 2671 laudare
1650 2615 1836 2671 Deum.
1876 2614 1934 2669 ln
1974 2629 2062 2670 se-

495 2708 687 2773 cunda,
713 2722 833 2777 quae
873 2706 1058 2777 incipit
1089 2724 1101 2760 :
1132 2726 1150 2758 ι
1183 2706 1539 2762 Exsultabunt
1582 2706 1778 2770 sancti,
1815 2725 1833 2758 ι
1865 2706 2066 2761 descri-

493 2799 575 2853 bit
601 2799 854 2869 gaudium
901 2810 956 2853 et
984 2806 1278 2867 potestates
1327 2812 1461 2867 quas
1499 2797 1599 2867 ipsi
1649 2796 1819 2852 sancti
1864 2798 1916 2851 in
1957 2796 2061 2851 alia

493 2889 603 2942 vita
633 2887 905 2943 habebunt
929 2904 944 2953 ;
973 2896 1028 2942 et
1051 2887 1238 2942 invitat
1264 2902 1360 2942 nos
1386 2886 1453 2941 ad
1478 2886 1711 2949 laudem,
1741 2888 1819 2941 sic
1844 2887 2059 2942 dicens:

494 2977 604 3031 Vos
624 2976 807 3041 Israel,
829 2976 942 3045 jam
983 2977 1224 3032 videntes
1248 2977 1414 3031 Deum
1442 2977 1495 3030 in
1525 2976 1615 3030 illa
1642 2985 1843 3031 aeterna
1870 2977 2063 3033 llieru-

495 3066 686 3131 salem,
720 3084 737 3115 ι
776 3052 991 3121 cantate
1022 3086 1040 3117 ι
1067 3066 1140 3119 illi
1171 3084 1188 3116 ι
1220 3065 1448 3121 Domino
1488 3084 1505 3116 ι
1540 3066 1607 3121 de
1636 3066 1910 3122 creatione
1934 3067 2058 3122 coeli

493 3165 548 3210 et
578 3163 758 3219 terrae,
796 3162 923 3219 etc.,
968 3173 985 3205 ‹
1020 3155 1286 3210 canticum
1324 3170 1541 3221 novum,
1584 3173 1603 3206 ι
1646 3155 1944 3212 εείἰίεειίιε
1968 3172 2054 3213 re-

2170 1986 2369 2051 nibus,
2404 2005 2422 2037 ι
2472 1986 2527 2041 id
2581 1996 2665 2043 est
2713 1989 2766 2043 in
2794 1990 3150 2059 potestatibus
3192 2009 3212 2042 σ
3243 2006 3482 2058 eorum,
3530 2013 3553 2046 ι
3596 2002 3717 2049 erant

2175 2093 2193 2126 ι
2228 2075 2391 2145 gladii
2437 2076 2722 2146 ancipites,
2755 2096 2774 2130 ι
2830 2078 2882 2133 id
2908 2087 2992 2134 est
3040 2081 3266 2136 verbum
3315 2082 3462 2148 Dei,
3502 2099 3609 2153 quo
3644 2085 3716 2154 imi

2168 2164 2428 2232 incident,
2474 2175 2529 2222 et
2576 2169 2904 2238 separabunt
2941 2170 3111 2225 bonos
3149 2185 3177 2224 a
3205 2171 3363 2228 malis
3402 2172 3716 2242 (Mutilum

2167 2264 2215 2310 et
2247 2254 2427 2328 xxv):
2473 2257 2567 2326 qui
2615 2257 2777 2327 gladii
2839 2260 3295 2333 suntbancipites,
3343 2262 3485 2331 quia
3526 2271 3716 2333 utraque

2164 2358 2317 2419 parte
2346 2351 2605 2420 incidunt,
2629 2350 2814 2411 Veteri
2855 2352 3059 2413 scilicet
3086 2361 3143 2413 et
3166 2352 3313 2413 Novo
3352 2354 3713 2414 Testamento:

2169 2443 2250 2497 vel
2276 2446 2401 2514 quia
2424 2445 2478 2499 in
2502 2445 2604 2501 hac
2626 2445 2735 2500 vita
2763 2456 3016 2517 separant
3039 2449 3170 2503 vitia
3191 2457 3247 2503 et
3274 2464 3307 2502 a
3345 2465 3585 2520 corpore
3604 2462 3651 2505 et
3666 2452 3712 2503 ab

2166 2534 2366 2589 anima.
2412 2553 2430 2586 ‹
2468 2535 2643 2591 Gladii
2672 2556 2691 2587 ι
2725 2536 3007 2607 pluraliter
3028 2538 3179 2605 dicit,
3213 2539 3341 2608 quia
3368 2540 3606 2611 singula:
3624 2553 3711 2609 per-

2167 2641 2313 2682 sonte
2342 2634 2563 2684 utentur
2600 2628 2778 2699 gladio
2811 2629 2925 2685 illo.

2200 2726 2203 2727 '
2237 2717 2318 2773 Ad
2354 2719 2483 2788 quid
2511 2727 2669 2773 erunt
2693 2719 2851 2790 gladii
2877 2720 2931 2774 in
2960 2719 3247 2776 manibus?
3275 2739 3295 2771 ί
3322 2720 3408 2776 Ad
3442 2720 3707 2776 faciendam

2164 2808 2456 2863 vindictam
2482 2808 2536 2862 in
2562 2809 2883 2873 nationibus,
2924 2829 2943 2861 ι
2974 2810 3029 2864 id
3048 2819 3131 2865 est
3182 2810 3238 2864 in
3269 2809 3378 2865 illis
3425 2813 3523 2880 qui
3569 2812 3702 2881 legem

2162 2915 2268 2954 non
2296 2900 2636 2956 habuerunt:
2667 2909 2722 2956 et
2758 2902 2826 2956 ad
2868 2900 3142 2957 faciendas
3188 2920 3206 2952 ε
3240 2902 3630 2973 increpationes
3664 2904 3703 2955 in

2161 2990 2385 3061 populis,
2414 3008 2432 3042 ι
2462 2991 2554 3060 qui
2582 2991 2721 3046 male
2754 2992 2838 3047 usi
2862 3002 3005 3048 sunt.

2232 3082 2299 3135 Et
2331 3099 2349 3132 ι
2378 3081 2444 3135 ad
2467 3081 2762 3153 alligandos
2791 3097 2945 3153 reges
2972 3098 3179 3149 eorum,
3212 3103 3232 3135 ι
3262 3083 3591 3154 populorum,
3617 3101 3632 3132 ι
3656 3083 3700 3135 in

2162 3171 2537 3240 compedibus,
2583 3192 2601 3223 ι
2639 3172 2693 3227 id
2729 3182 2815 3228 est
2851 3173 2906 3226 in
2951 3173 3167 3227 aeternis
3210 3174 3416 3243 plenis,
3444 3187 3502 3227 ex
3537 3171 3698 3242 quibus

492 3244 773 3315 paratione
798 3259 959 3315 quam
1002 3244 1131 3299 fecit
1166 3246 1305 3300 Deus
1329 3258 1429 3315 per
1456 3246 1881 3301 incarnationem
1933 3245 2055 3302 Filii
2086 3253 2131 3317 ο
2162 3262 2309 3317 "uno
2346 3263 2505 3317 modo
2539 3271 2788 3333 ροιεηιηι
2825 3278 2883 3317 se
2912 3262 3227 3324 exsolvere;
3267 3281 3289 3315 ι
3334 3273 3392 3318 ει
3412 3263 3589 3318 names
3612 3276 3691 3315 ρο.

492 3334 577 3391 sui
604 3352 616 3389 :
642 3348 742 3389 nec
793 3349 988 3390 moneo
1027 3350 1213 3390 omnes
1244 3334 1310 3389 ad
1335 3335 1546 3391 laudem
1571 3336 1710 3407 ejus,
1741 3337 1867 3408 quia
1907 3356 1926 3389 ς
1952 3353 2060 3407 non

491 3432 575 3479 est
610 3424 853 3493 speciosa
910 3423 1027 3479 laus
1070 3424 1125 3478 in
1168 3439 1264 3480 ore
1302 3426 1603 3495 peccatoris
1639 3423 1828 3497 (Eccli.
1866 3426 1990 3500 xv),
2035 3447 2055 3479 ι

490 3516 586 3570 sed
644 3514 704 3568 ﬁt
747 3534 765 3565 ι
797 3514 915 3570 laus
975 3514 1092 3586 ejus
1152 3514 1208 3569 in
1257 3513 1518 3581 Ecclesia,
1558 3534 1579 3568 ι
1629 3515 1683 3569 in
1745 3514 2061 3573 collectione

494 3624 518 3656 r
550 3613 879 3660 sanctorum.
920 3624 939 3656 ι
990 3604 1105 3660 Non
1162 3613 1367 3660 tantum
1420 3619 1613 3662 moneo
1659 3614 1902 3673 cantare,
1963 3608 2058 3664 sed

488 3697 650 3753 etiam
679 3716 697 3748 ί
728 3697 1136 3762 laeteturlsrael,
1158 3719 1177 3751 ι
1199 3699 1251 3754 id
1265 3707 1351 3754 est
1376 3698 1745 3769 perfectiores,
1768 3718 1787 3752 ι
1809 3700 1864 3755 in
1885 3700 2057 3769 ecqui

488 3788 618 3843 fecit
640 3802 763 3843 eum
798 3807 817 3841 ι
845 3790 968 3860 quia
992 3790 1104 3860 jam
1141 3803 1207 3846 eo
1231 3798 1499 3861 praesente
1542 3788 1769 3858 fruitur;
1804 3809 1824 3843 ι
1868 3799 1924 3848 ει
1962 3790 2058 3845 ﬁlii

487 3883 638 3950 Sion,
672 3903 691 3935 ι
723 3883 774 3938 id
796 3892 879 3939 est
905 3882 1228 3954 fragiliores,
1256 3883 1330 3937 illi
1362 3890 1420 3939 et
1452 3883 1711 3950 minores,
1739 3903 1758 3935 ι
1790 3884 2058 3939 exsultent

485 3972 540 4026 in
570 3986 698 4042 rege
727 3986 846 4037 suo,
878 3991 901 4024 ι
926 3986 1086 4042 quem
1120 3977 1443 4041 praesentem
1479 3970 1680 4026 habent
1706 3980 1763 4026 et
1791 3986 1898 4041 quo
1924 3971 2053 4026 reli-

484 4061 726 4117 ciuntur.
751 4060 853 4116 Vel
884 4079 904 4111 ι
936 4059 1058 4115 ﬁliae
1097 4079 1115 4112 ι
1146 4059 1279 4114 dicit
1302 4067 1363 4114 ut
1386 4068 1673 4129 utrumque
1695 4074 1883 4116 sexum
1906 4076 2054 4117 com-

484 4151 822 4222 prehendat:
859 4158 1049 4205 contra
1072 4150 1191 4206 illos
1212 4150 1308 4219 qui
1326 4150 1512 4206 dicunt
1545 4150 1834 4207 femineum
1862 4166 2052 4208 sexum

487 4258 597 4300 non
627 4256 751 4298 esse
780 4242 1132 4313 redemptum.

561 4357 580 4391 ι
606 4337 850 4393 Laudent
879 4357 896 4389 ι
923 4338 1086 4394 etiam
1123 4356 1141 4389 σ
1174 4351 1368 4392 nomen
1392 4336 1509 4407 ejus
1536 4335 1590 4390 in
1624 4337 1815 4404 choro,
1839 4356 1858 4391 ι
1896 4336 1949 4393 id
1967 4345 2052 4394 est

486 4431 539 4485 in
578 4430 884 4495 concordia,
922 4438 977 4486 et
1020 4450 1037 4482 ι
1072 4428 1304 4500 psallant
1335 4428 1384 4485 ei
1414 4429 1467 4484 in
1519 4437 1770 4501 tympano
1814 4436 1871 4486 et
1901 4430 2048 4501 psal-

486 4523 640 4588 terio,
683 4541 700 4574 ι
733 4537 839 4577 non
870 4521 994 4590 quia
1023 4521 1076 4576 in
1107 4535 1336 4592 superna
1364 4520 1538 4591 patria
1568 4521 1653 4575 his
1678 4520 2050 4576 instrumentis

2167 3367 2312 3418 rum,
2340 3370 2359 3402 ι
2388 3351 2442 3407 id
2487 3360 2571 3407 est
2617 3352 2907 3408 nobiliores
2935 3353 3001 3408 de
3029 3353 3321 3429 omnibus,
3354 3374 3373 3407 ι
3408 3355 3454 3407 in
3491 3350 3677 3406 manicis

2165 3440 2375 3509 ferreis,
2407 3460 2426 3495 ι
2463 3442 2589 3514 quia
2615 3443 2906 3513 punientur
2940 3443 3191 3499 manibus
3219 3459 3405 3500 eorum
3434 3443 3593 3513 quilms
3628 3441 3679 3493 in

2163 3530 2419 3600 praesenti
2444 3531 2553 3585 vita
2588 3531 2786 3585 malum
2815 3539 2872 3586 et
2900 3529 3121 3600 injurias
3150 3532 3461 3588 intulerunt.

2233 3619 2373 3687 Quid
2411 3620 2619 3692 singula
2661 3622 3012 3677 enumerem?
3042 3622 3126 3677 Ad
3160 3624 3264 3680 hoc
3294 3624 3520 3695 gladium
3560 3623 3684 3677 hab:-

2159 3710 2295 3765 bunt
2323 3711 2378 3767 in
2402 3712 2652 3767 manibus
2684 3730 2703 3764 ι
2742 3723 2802 3768 ιιι
2831 3712 3032 3769 faciant
3059 3715 3116 3769 in
3144 3715 3243 3781 eis,
3275 3734 3295 3767 ι
3327 3716 3534 3785 regibus
3558 3724 3610 3769 et
3630 3730 3698 3784 po-

2158 3803 2323 3875 pulis,
2353 3823 2371 3855 (
2399 3803 2659 3874 judicium
2687 3807 3077 3877 conscriptum,
3110 3827 3129 3861 ι
3169 3809 3222 3863 id
3245 3817 3324 3863 est
3345 3807 3589 3875 judicent
3624 3822 3704 3862 eos

2162 3897 2457 3953 secundum
2486 3898 2588 3953 hoc
2612 3898 2753 3968 quod
2783 3898 2838 3953 in
2867 3900 3144 3972 prophetis
3168 3907 3217 3955 ει
3245 3898 3356 3954 aliis
3389 3897 3709 3952 libris-scri-

2154 3997 2307 4060 ptum
2334 3996 2456 4055 est;
2485 3988 2650 4044 veluti
2681 4004 2802 4044 cum
2822 3988 3004 4044 dicent
3037 4008 3051 4045 :
3091 4008 3111 4042 ι
3142 3988 3392 4046 Discedite
3411 4002 3442 4042 a
3462 4002 3709 4053 me,ma-

2153 4076 2366 4143 ledicti,
2413 4078 2468 4132 in
2515 4079 2693 4149 ignem
2728 4088 2987 4134 aeternum
3031 4079 3247 4151 (Matth.
3281 4078 3443 4151 xxv):
3478 4097 3498 4130 ι
3526 4079 3710 4135 eum

2160 4187 2185 4221 ι
2200 4168 2372 4241 gloria
2392 4189 2410 4223 ι
2435 4185 2544 4227 non
2573 4177 2655 4225 est
2672 4178 2875 4225 tantum
2892 4171 3096 4227 sanctis
3119 4170 3377 4243 apostolis
3400 4169 3481 4227 vel
3502 4173 3711 4226 summis

2153 4261 2356 4317 sanctis
2375 4302 2391 4329 ,
2415 4261 2510 4317 sed
2536 4278 2557 4314 ι
2593 4262 2845 4321 omnibus
2877 4261 3223 4332 sanctis'ejus
3258 4284 3277 4317 ι
3309 4264 3434 4329 erit,
3469 4265 3609 4334 quod
3632 4264 3711 4318 hac

2152 4353 2356 4409 bebunt
2402 4353 2542 4411 hanc
2582 4362 2926 4426 potestatem,
2954 4356 3302 4411 consentiunt
3344 4356 3494 4411 enim
3540 4356 3708 4411 divina:

2153 4446 2449 4514 sententiae,
2474 4456 2534 4503 ut
2555 4449 2797 4518 quelidie
2832 4447 2888 4503 ﬁt
2914 4448 2967 4503 in
2994 4456 3183 4505 sancta
3212 4447 3481 4504 Ecclesia.
3510 4448 3709 4503 Excan-

2151 4537 2390 4592 munieat
2417 4538 2632 4607 quidem
2660 4539 2966 4611 episcopus,
2996 4546 3055 4595 ut
3081 4555 3145 4596 os
3165 4538 3426 4595 Ecclesia:
3443 4580 3461 4605 ,
3485 4540 3572 4595 cui
3607 4551 3710 4592 con-

482 4621 721 4680 utantur,
746 4613 839 4668 sed
868 4612 1174 4682 gaudebunt
1205 4613 1271 4668 de
1307 4613 1928 4697 remunerationequam
1954 4613 2051 4668 ha-
2080 4608 2130 4667 D
2156 4628 2320 4685 εεηιίι
2345 4629 2584 4686 Ecclesia
2615 4608 2749 4695 ιοιξι,
2780 4608 2962 4687 (ﬁgens
2993 4648 3007 4685 ε
3036 4630 3229 4687 Amen.

480 4703 685 4758 bcbunt
722 4703 789 4758 de
812 4717 897 4768 eo,
930 4702 1073 4771 quod
1101 4702 1190 4758 hic
1222 4702 1436 4758 fuerunt
1462 4711 1774 4774 tympanum
1803 4712 1858 4758 et
1906 4704 2050 4773 psal-

482 4791 697 4846 terium.
724 4791 829 4847 Per
848 4791 1156 4861 psalterium
1184 4792 1553 4865 intelliguntur
1575 4791 1650 4848 illi
1673 4794 1760 4861 qui
1785 4794 2047 4862 spirituali

479 4883 791 4953 operatione
818 4878 928 4939 Deo
956 4882 1221 4947 serviunt,
1264 4884 1403 4939 sicut
1439 4883 1906 4954 contemplatores.
1945 4885 2050 4939 Per

478 4980 811 5044 tympanum,
838 4973 980 5042 quod
1016 4972 1190 5045 ﬁtper
1213 4974 1416 5029 corium
1450 4975 1647 5029 mortui
1675 4975 1942 5042 animalis,
1964 4976 2047 5030 in-

476 5066 790 5137 telliguntur
807 5065 881 5121 illi
912 5066 1001 5137 qui
1028 5067 1231 5136 seipsos
1259 5067 1420 5124 morti
1441 5068 1774 5139 traduntpro
1800 5068 2046 5125 veritatis

478 5156 801 5221 testimonio,
832 5158 971 5213 sicut
993 5158 1164 5214 sancti
1198 5167 1481 5228 martyres.
1518 5159 1657 5214 Nota
1691 5161 1816 5230 quia
1849 5161 2046 5218 chorus

474 5256 559 5302 est
584 5247 855 5302 variarum
880 5263 1070 5304 vocum
1092 5248 1311 5320 placens
1335 5251 1642 5317 concordia,
1681 5267 1799 5321 quae
1822 5268 2044 5310 concor-

475 5338 617 5392 diam
641 5339 923 5395 charitatis
939 5339 1225 5411 signiﬁcat,
1250 5341 1305 5394 in
1322 5356 1429 5410 qua
1451 5340 1751 5398 laudandus
1766 5352 1848 5399 est
1877 5345 2043 5411 Deus,

476 5435 535 5482 ut
560 5427 637 5482 ait
680 5427 1004 5498 Apostolus:
1052 5448 1070 5481 ι
1098 5430 1290 5487 Omnia
1310 5439 1492 5487 vestra
1517 5432 1571 5487 in
1607 5433 1871 5490 cbaritate
1910 5434 2053 5493 ﬁant

475 5512 529 5584 (1
548 5513 670 5570 Cor.
711 5516 844 5589 xvi).
883 5537 900 5568 ι
936 5514 1035 5573 Vel
1064 5520 1264 5575 chorus
1302 5529 1385 5576 est
1413 5521 1676 5577 musicum
1711 5522 2041 5581 instrumen-

476 5611 607 5666 tum,
640 5603 791 5674 cujus
830 5607 1047 5662 chordte
1084 5623 1364 5680 compares
1404 5626 1582 5678 voces,
1619 5628 1720 5669 nec
1768 5614 2044 5672 discordes

475 5696 742 5751 reddunt:
773 5707 828 5754 et
860 5715 1144 5770 possumus
1182 5704 1271 5760 hic
1311 5714 1500 5761 notare
1548 5705 1871 5776 principales
1926 5709 2040 5764 vir-

475 5790 616 5843 tutes
648 5829 666 5858 ι
698 5791 875 5858 Iidem,
927 5808 1047 5850 cum
1077 5795 1249 5852 dicit:
1296 5815 1316 5849 ι
1350 5797 1493 5855 Laus
1540 5798 1591 5853 in
1636 5799 1870 5857 Ecclesia
1916 5817 2040 5859 san-

2628 4763 2697 4818 IN
2753 4763 3083 4821 PSALMUM
3140 4763 3248 4821 CL.

2655 4856 2893 4912 TITULUS
2925 4875 2939 4911 :
2972 4855 3220 4912 Alleluia.

2230 5010 2249 5042 ‹
2274 4988 2513 5046 Laudate
2553 4989 2837 5046 Dominum
2886 4990 2941 5044 in
2976 4989 3200 5046 sanctis.
3240 5008 3259 5041 ι
3293 4989 3394 5046 Hic
3427 4991 3630 5049 iterum
3655 4993 3716 5047 in-

2150 5080 2288 5135 vitat
2334 5079 2600 5151 Propheta
2640 5081 2707 5135 ad
2756 5081 3080 5135 cantandum
3112 5079 3359 5147 alleluia,
3401 5099 3526 5140 non
3569 5086 3720 5142 adhuc

2151 5170 2429 5225 tendentes
2457 5171 2524 5225 ad
2565 5169 2829 5239 patriam,
2870 5169 2961 5224 sed
2994 5170 3107 5240 jam
3148 5171 3354 5240 positos
3392 5172 3458 5226 in
3504 5175 3720 5233 thalamo

2150 5259 2314 5330 regis,
2335 5259 2448 5330 jam
2488 5259 2782 5328 gaudentes
2808 5259 3028 5329 nuptiis,
3048 5258 3160 5328 jam
3190 5259 3576 5321 conformatos
3609 5267 3721 5319 ima-

2148 5348 2256 5419 gini
2290 5349 2403 5413 Dei,
2434 5350 2501 5405 ad
2536 5350 2675 5420 quod
2706 5351 3058 5408 admonuerat
3086 5368 3117 5410 a
3142 5357 3410 5427 principio
3440 5358 3593 5415 libri.
3626 5358 3721 5412 Ma-

2149 5440 2282 5495 teria
2310 5450 2393 5496 est
2414 5441 2531 5497 laus
2555 5442 2668 5508 Dei,
2696 5444 2804 5513 jam
2832 5444 3048 5515 quidem
3079 5448 3354 5519 nuptialis.

2217 5529 2284 5583 Et
2326 5531 2561 5586 ostendit
2604 5534 2748 5587 unde
2788 5534 3020 5591 debeant
3065 5537 3284 5593 laudare
3327 5539 3655 5606 Dominum,
3677 5548 3725 5595 et

2147 5623 2435 5692 quomodo,
2460 5623 2645 5679 dicens
2688 5642 2701 5678 :
2746 5644 2762 5677 ι
2812 5624 3052 5683 Laudate
3096 5629 3384 5684 Dominum
3427 5632 3492 5686 in
3538 5633 3726 5689 sanctis

2147 5713 2287 5782 ejus,
2312 5732 2328 5764 ι
2352 5713 2403 5768 id
2432 5724 2515 5771 est
2539 5714 2593 5769 in
2627 5717 3064 5785 consideratione
3085 5727 3421 5787 sanctorum,
3450 5737 3601 5791 quos
3623 5724 3725 5793 ipse

2148 5805 2568 5861 misericorditer
2602 5805 2938 5876 justiﬁcavit,
2972 5817 3027 5864 et
3065 5809 3386 5867 mirabiliter
3414 5827 3728 5869 remunera-
