3898 6466
91 388 191 446 693

1213 392 1649 449 EXPLANATIO
1683 393 1748 449 IN
1808 394 2139 454 PSALMOS.

3150 432 3159 445 η
3218 397 3322 453 604

86 501 165 555 vit
202 516 221 553 ι
252 498 463 558 laudate
486 517 611 559 eum
645 522 663 557 ι
698 504 863 559 etiam
903 523 921 556 ι
958 505 1011 559 in
1044 504 1401 571 ﬁrmamento,
1424 524 1457 582 Ξ»
1485 505 1538 560 id
1563 513 1647 560 est
1673 520 1724 581 Α
1747 507 2011 578 psalmum
2055 519 2343 580 cantatur,
2384 512 2504 570 ideo
2540 512 2746 570 scilicet
2782 510 2908 582 quia
2953 507 3332 580 unusquisque-

87 592 138 646 iu
178 593 599 651 consideratione
632 595 990 662 ﬁrmamenti,
1018 597 1223 654 scilicet
1256 598 1402 669 quod
1422 580 1542 652 'nos
1577 598 1651 652 ita

87 682 329 750 firmavit,
345 692 398 738 et
414 685 465 739 in
484 694 630 740 tanta
647 687 830 756 requie
849 687 1287 758 collocavitquod
1311 686 1424 756 jam
1450 686 1649 754 nullus,

87 788 253 845 neque
270 775 449 841 homo,
462 790 637 846 neque
657 776 923 843 diabolus,
944 771 1143 848 poterit
1161 778 1342 847 aliquo
1369 778 1527 832 modo
1550 791 1651 831 no-

84 880 207 921 cere
219 866 548 920 ﬁrmamento
567 885 585 917 t
604 867 823 923 virtutis
836 868 970 939 ejus,
982 887 1001 919 ι
1020 868 1113 923 Dei
1128 868 1355 933 scilicet,
1383 866 1524 938 quod
1540 867 1654 936 ipse

86 959 224 1016 Deus
241 975 359 1015 cum
372 976 564 1032 magna
579 961 775 1016 virtute
791 959 936 1015 fecit.
954 960 1032 1014 Ad
1048 961 1150 1016 hoc
1162 961 1303 1015 enim
1317 967 1375 1014 ut
1388 974 1487 1016 nos
1499 960 1550 1014 in
1567 958 1653 1013 illa

86 1052 264 1121 requie
285 1049 589 1115 collocaret,
622 1059 677 1105 et
709 1050 927 1118 imagini
966 1064 1076 1105 sua:
1109 1049 1491 1113 conformaret,
1526 1047 1656 1103 fecit

82 1141 269 1196 Filium
309 1157 464 1198 suum
512 1141 811 1208 incarnari,
849 1149 906 1196 et
949 1140 1113 1197 etiam
1150 1141 1345 1199 mortis
1388 1149 1654 1198 tormento

81 1233 258 1306 allligi.

157 1342 175 1374 ι
205 1322 438 1379 Laudate
473 1343 493 1377 ι
530 1323 692 1380 etiam
730 1342 748 1375 ι
782 1339 906 1378 eum
950 1325 1004 1378 in
1048 1323 1339 1380 virtutibus
1379 1322 1516 1392 ejus,
1551 1344 1569 1376 ι
1602 1323 1655 1379 id

80 1425 184 1482 est,
211 1416 274 1471 de
300 1417 402 1472 hoc
426 1417 568 1487 quod
618 1417 731 1487 ipse
773 1416 944 1470 tradet
972 1432 1190 1488 regnum
1232 1416 1343 1472 Deo
1380 1415 1558 1479 Patri;
1603 1421 1657 1470 et

82 1508 243 1563 habet
276 1507 377 1562 alia
419 1507 720 1572 translatio,
769 1527 787 1559 ι
841 1507 893 1562 in
923 1507 1289 1578 potentatibus
1331 1504 1467 1574 ejus.
1517 1504 1656 1559 Lau-

81 1599 203 1655 date
234 1618 252 1650 ι
299 1613 511 1670 quoque
541 1618 559 1651 ι
595 1614 717 1654 eum
759 1599 1058 1654 secundum
1097 1599 1495 1654 multitudinem
1531 1610 1652 1651 ma-

81 1690 371 1759 gnitudinis
395 1691 534 1758 ejus.
566 1709 584 1742 ι
620 1688 773 1744 Sicut
793 1689 1109 1759 magnitudo
1136 1689 1232 1744 Dei
1259 1688 1378 1744 sine
1408 1688 1515 1743 ﬁne
1549 1694 1652 1751 est,

81 1782 157 1835 ita
199 1780 310 1836 sine
347 1779 454 1836 ﬁne
490 1779 703 1834 laudate
740 1794 865 1833 eum
898 1796 912 1833 :
947 1779 1000 1833 in
1042 1779 1145 1834 hac
1179 1779 1291 1834 vita
1324 1778 1490 1844 enim,
1535 1791 1655 1845 quae

1753 597 1994 667 psalmus
2031 600 2147 657 sive
2186 603 2257 657 sit
2291 602 2689 658 exhortatorius
2712 641 2727 667 ,
2767 599 2881 656 sive
2924 596 2991 653 de
3029 598 3184 653 laude
3224 596 3320 653 Dei

1753 698 1970 757 tractet,
2002 693 2069 748 de
2092 694 2339 761 historia,
2387 695 2473 752 vel
2507 709 2828 766 quocunque
2859 695 3018 750 modo
3039 692 3151 756 ﬁat,
3180 706 3323 747 sem-

1752 792 1850 849 per
1869 779 1929 835 fit
1950 784 2330 852 cooperatione
2356 782 2660 840 Trinitatis.
2688 783 2779 840 Sic
2804 785 2965 855 igitur
2990 790 3318 852 exponatur:

1758 888 1778 922 ι
1812 870 2002 940 gloria,
2033 892 2051 925 ι
2083 873 2137 928 id
2164 883 2250 931 est
2276 874 2443 942 fama,
2489 892 2610 932 cum
2646 878 2801 935 laude
2838 878 3150 949 frequenter
3189 890 3319 931 can-

1754 967 1898 1017 tetur
1918 968 1975 1017 et
1995 962 2303 1033 proferatur
2331 980 2362 1019 a
2392 967 2571 1034 nobis,
2607 985 2625 1018 ι
2664 967 2828 1031 Patri,
2869 977 2923 1024 et
2948 967 3106 1032 Filio,
3128 974 3182 1020 et
3208 962 3325 1034 Spi-
3364 1000 3369 1003 ι

1754 1052 1881 1107 ritui
1909 1063 2116 1123 sancto,
2150 1075 2168 1108 ι
2191 1065 2252 1111 ιιι
2272 1056 2325 1112 in
2348 1060 2599 1115 omnibus
2621 1061 2874 1131 operibus
2893 1060 3093 1115 nostris
3111 1071 3323 1127 semper

1755 1145 2140 1203 honoriﬁcetur
2166 1149 2309 1206 Deus
2341 1159 2397 1205 et
2423 1149 2689 1217 laudetur,
2719 1152 2859 1206 sicut
2885 1149 3170 1221 Apostolus
3195 1148 3322 1202 hor-

1756 1244 1903 1292 tatur
1935 1254 1948 1291 :
1988 1257 2006 1290 ι
2042 1239 2169 1295 Sive
2212 1240 2591 1306 manducatis,
2630 1241 2744 1295 sive
2790 1240 3008 1307 bibitis,
3038 1240 3151 1294 sive
3180 1235 3325 1293 aliud

1754 1326 1951 1395 facitis,
1976 1329 2155 1384 omnia
2182 1329 2234 1384 in
2256 1330 2485 1401 gloriam
2507 1329 2603 1385 Dei
2628 1329 2789 1385 facite
2812 1329 2865 1402 (Ι
2885 1329 3008 1387 Car.
3030 1330 3108 1402 x).
3135 1350 3155 1382 ι
3176 1328 3325 1383 Tunc

1754 1422 2005 1492 equidem
2033 1421 2367 1494 gloriﬁcatur
2398 1420 2543 1478 Deus
2571 1423 2625 1478 in
2654 1423 2902 1497 omnibus
2934 1423 3185 1493 operibus
3227 1436 3328 1475 no-

1755 1512 1905 1577 stris,
1935 1514 2150 1582 quando
2178 1513 2513 1569 declinantes
2534 1514 2587 1568 in
2610 1513 2765 1568 malis
2789 1513 3090 1568 actionibus
3109 1512 3325 1575 nostris,

1755 1600 1869 1655 sive
1891 1601 2304 1671 cogitationibus
2328 1601 2467 1657 bene
2490 1601 2754 1666 volumus,
2776 1610 2831 1657 et
2853 1601 2990 1656 bene
3007 1615 3323 1671 operamur:

1755 1705 1864 1745 non
1895 1699 2230 1747 terrenarum
2271 1692 2530 1762 appetitu,
2560 1692 2655 1747 sed
2682 1689 2985 1747 etelestium
3010 1690 3201 1746 aﬂ'ectu
3232 1707 3244 1742 :
3275 1698 3331 1744 et

1755 1779 2014 1850 quidquid
2057 1779 2181 1834 boni
2224 1780 2466 1850 agimus,
2510 1788 2678 1835 totum
2713 1780 2908 1836 divinze
2949 1777 3330 1836 misericordite

83 1871 263 1926 brevis
289 1878 373 1925 est
395 1880 451 1924 et
476 1869 637 1923 ﬁnem
668 1868 851 1933 habet,
895 1884 1000 1924 non
1040 1878 1216 1940 potest
1263 1868 1469 1923 laudari
1512 1868 1653 1923 Dens
1680 1878 1729 1939 Β
1756 1869 2083 1927 ascribimus
2115 1889 2127 1924 :
2156 1885 2260 1926 nec
2287 1879 2464 1926 tamen
2496 1870 2615 1926 ideo
2640 1871 2760 1933 dico
2782 1879 2842 1926 ut
2865 1871 3034 1942 gloria
3060 1871 3131 1926 sit
3152 1869 3328 1934 Patri,

83 1960 371 2014 secundum
430 1973 584 2012 suam
632 1958 1077 2028 magnitudinem.
1122 1956 1350 2014 Ostcnso
1395 1956 1535 2013 unde
1582 1956 1653 2011 sit

82 2050 376 2107 laudandus
413 2051 588 2115 Deus,
640 2050 876 2106 ostendit
910 2050 1178 2121 quomodo
1224 2050 1297 2105 sit
1334 2047 1651 2113 laudandus,

79 2141 265 2198 dicens
295 2159 309 2193 :
346 2160 365 2193 ι
400 2141 641 2197 Laudato
667 2156 791 2196 cum
822 2141 877 2195 in
904 2155 1037 2196 sono
1080 2140 1238 2198 tubae.
1278 2160 1295 2192 ι
1323 2139 1427 2195 Per
1448 2138 1651 2203 tubam,

78 2249 199 2305 qua:
248 2235 496 2289 hortatur
534 2234 785 2295 homines
817 2233 883 2289 ad
911 2233 1137 2299 bellum,
1172 2232 1257 2289 vel
1289 2233 1357 2287 ad
1397 2229 1656 2286 festivita-

83 2335 216 2391 tem,
248 2325 618 2397 intelliguntur
649 2325 822 2380 sancti
848 2325 1254 2395 praedicatores,
1282 2322 1371 2394 qui
1402 2337 1501 2377 nos
1528 2322 1653 2376 hor-

77 2423 266 2471 tantur
293 2417 615 2488 ad—pugnam
643 2425 832 2471 contra
877 2415 1005 2469 vitia
1024 2455 1040 2478 ,
1067 2423 1122 2469 et
1154 2415 1266 2468 Deo
1307 2411 1654 2467 festivitatem

76 2509 376 2575 celebrare;
421 2508 572 2578 quasi
621 2508 692 2562 ita
738 2506 1132 2569 diceret:Vos,
1163 2502 1332 2559 sancti
1357 2516 1653 2573 praecones,

76 2599 294 2655 laudate
337 2599 508 2654 Deum
556 2598 623 2653 de
666 2597 886 2668 praemio
932 2602 1129 2650 vestrae
1176 2593 1317 2648 tuba“:
1360 2601 1417 2647 et
1464 2598 1658 2645 vestrte

74 2692 469 2749 exhortationis
496 2708 510 2744 :
541 2710 559 2742 ι
590 2689 803 2745 laudate
834 2702 957 2744 eum
986 2706 1005 2739 ι
1039 2684 1287 2742 similiter
1320 2703 1338 2736 ε
1373 2685 1427 2740 in
1452 2682 1653 2753 psalte-

73 2787 158 2841 rio
185 2794 237 2840 et
259 2785 488 2852 cithara,
517 2804 536 2837 ι
569 2785 622 2840 id
659 2792 742 2840 est
792 2782 860 2839 de
907 2781 1346 2838 remuneratione
1390 2777 1659 2849 psalterii,

73 2878 126 2931 id
180 2883 263 2932 est
298 2875 759 2947 contemplativae,
787 2885 843 2929 et
872 2888 969 2945 pro
1012 2872 1236 2943 praemio
1282 2871 1471 2926 activa:
1511 2870 1655 2934 vitae,

72 2984 194 3037 qum
253 2982 350 3038 per
388 2966 652 3023 citharam
705 2964 1061 3036 signiﬁcatur,
1107 2963 1246 3019 sicut
1300 2968 1427 3016 ante
1468 2968 1655 3017 osten-

72 3075 193 3114 sum
236 3068 340 3114 εει.

149 3170 169 3202 ι
207 3150 443 3206 Laudate
465 3164 588 3206 cum
625 3149 681 3204 in
722 3157 977 3219 tympano
1004 3156 1060 3203 et
1083 3148 1272 3210 choro,
1326 3164 1344 3197 ι
1385 3145 1439 3200 id
1478 3152 1564 3200 est
1592 3143 1657 3197 de

1753 1969 1817 2015 ut
1835 1977 1978 2017 nunc
2002 1969 2211 2016 tantum
2236 1962 2464 2018 habeam
2502 1976 2692 2019 causas
2717 1977 2907 2027 novas,
2932 1962 3125 2032 quibus
3149 1963 3331 2018 admo-

1752 2067 1913 2107 neam
1958 2068 2081 2109 eum
2120 2052 2410 2124 gloriﬁcari
2437 2094 2451 2119 ,
2498 2054 2592 2111 sed
2623 2073 2641 2104 ι
2673 2054 2752 2110 sic
2774 2093 2790 2121 ,
2828 2073 2846 2106 υ
2881 2054 2934 2113 id
2977 2062 3080 2120 est,
3109 2068 3208 2123 pro
3242 2052 3329 2108 his

1754 2143 1934 2199 causis
1975 2141 2233 2199 otieratur
2269 2144 2472 2215 gloria,
2511 2166 2529 2198 ι
2564 2154 2660 2213 ut,
2709 2166 2728 2199 ι
2766 2147 2822 2201 id
2859 2153 2961 2213 est,
2990 2161 3089 2217 pro
3132 2145 3332 2216 quibus

1761 2252 1780 2285 ι
1821 2241 1938 2289 erat
1966 2253 1985 2287 ι
2025 2234 2296 2291 offerenda
2315 2244 2372 2292 et
2386 2237 2656 2293 reddenda
2676 2237 2840 2309 gloria
2875 2257 2894 2289 ι
2923 2238 2977 2293 in
2992 2237 3276 2309 principio,
3306 2256 3327 2289 ι

1756 2324 1810 2380 id
1838 2332 1923 2380 est
1944 2332 2069 2379 ante
2090 2326 2761 2393 mundiconstitutionem,
2791 2345 2811 2378 ι
2847 2335 2902 2383 et
2924 2342 3086 2393 nunc,
3117 2348 3135 2379 ι
3166 2326 3218 2380 id
3246 2336 3334 2381 est

1756 2417 1810 2473 in
1837 2416 2110 2487 praesenti,
2132 2435 2149 2469 ι
2173 2426 2228 2472 et
2253 2432 2470 2489 semper
2490 2437 2508 2469 ι
2537 2419 2665 2485 erit,
2691 2437 2710 2471 ι
2730 2427 2785 2474 et
2806 2439 2824 2471 ι
2848 2419 2954 2475 erit
2977 2438 2995 2470 ι
3019 2420 3073 2474 in
3104 2439 3122 2472 ι
3149 2417 3359 2473 ῐυιωνειηε

1761 2528 1781 2563 α
1817 2511 2031 2576 saacula,
2073 2531 2092 2562 ι
2127 2511 2431 2567 constantia
2465 2508 2647 2568 multis
2677 2530 2696 2563 ε
2729 2512 3065 2577 seculorum,
3097 2526 3275 2575 amen,
3306 2530 3326 2563 ι

1755 2600 1809 2657 id
1839 2608 1925 2656 est
1954 2600 2070 2667 ﬁat,
2113 2610 2170 2657 et
2213 2601 2411 2657 iterum
2453 2601 2544 2657 sit.
2595 2601 2822 2673 Semper
2853 2603 2997 2658 enim
3049 2600 3152 2657 fuit
3190 2600 3334 2656 Deus

1757 2691 2088 2757 misericors,
2116 2691 2241 2746 licet
2278 2690 2566 2762 aliquando
2603 2707 2709 2747 non
2741 2700 2923 2748 essent
2946 2692 3143 2762 quibus
3172 2690 3334 2745 mise-

1757 2789 1990 2847 reretur,
2036 2783 2133 2838 sed
2174 2782 2517 2854 omnipotens
2555 2798 2768 2853 semper
2794 2784 3080 2855 benignus,
3113 2792 3168 2838 et
3191 2784 3334 2852 quod

1756 2871 1879 2938 fuit,
1906 2881 1988 2929 est
2013 2882 2068 2928 et
2089 2873 2214 2940 erit,
2236 2873 2359 2944 quia
2404 2873 2724 2931 immortalis
2761 2882 2845 2929 est
2868 2882 2923 2929 et
2946 2883 3198 2930 aeternus.
3230 2874 3351 2929 Pro.

1757 2961 1844 3017 his
1868 2962 2030 3034 igitur
2061 2964 2312 3020 omnibus
2350 2973 2405 3019 et
2431 2964 2652 3034 dignum
2684 2973 2739 3019 et
2759 2963 2965 3033 justum
2992 2974 3078 3020 est
3106 2972 3165 3019 ut
3193 2979 3334 3020 sem--

1756 3067 1856 3123 per
1885 3068 1916 3107 a
1941 3054 2205 3110 creaturis
2246 3053 2634 3110 honoriﬁcetur
2660 3062 2715 3108 et
2742 3054 3131 3126 magniﬁcetur.
3160 3055 3332 3111 Bene-

1758 3141 1934 3198 dictus
1985 3143 2144 3208 Deus,
2201 3159 2379 3199 amen.
2437 3143 2760 3208 Sciendum,
2806 3145 2952 3215 quod
3002 3144 3192 3216 triplex
3250 3156 3336 3200 est

71 3240 299 3311 praemio
317 3246 509 3295 vestrae
529 3218 979 3302 mortiﬁcationis,
1002 3237 1145 3292 sicut
1166 3235 1340 3291 sancti
1361 3242 1647 3303 martyres,
1677 3218 1722 3280 C
1754 3232 1944 3286 modus
1984 3232 2365 3301 cogitationum
2398 3247 2624 3301 nequam
2657 3247 2672 3286 :
2708 3249 2846 3288 unus
2871 3249 3056 3290 earum
3084 3250 3205 3304 quae
3243 3236 3337 3291 de-

71 3332 167 3402 qui
193 3345 293 3401 per
335 3337 650 3400 tympanum
687 3327 955 3382 habentur
981 3340 997 3379 :
1021 3333 1078 3380 et
1116 3339 1227 3394 pro»
1250 3323 1499 3379 mercede
1520 3338 1652 3378 con-

72 3418 277 3475 cordiae
295 3426 351 3473 et
369 3414 742 3471 unanimitatis
767 3427 926 3482 quam
956 3412 1011 3465 in
1038 3413 1142 3467 hac
1166 3410 1429 3467 habuistis
1473 3428 1485 3463 :
1535 3425 1656 3479 qua:

75 3507 370 3564 concordia
399 3520 497 3573 per
524 3492 749 3557 chorum
781 3500 1115 3571 intelligitur,
1140 3500 1194 3554 in
1223 3513 1331 3569 quo
1360 3498 1419 3551 ﬁt
1445 3496 1659 3554 confor—

76 3597 184 3653 mis
229 3610 415 3653 sonus.
447 3611 467 3645 ί
498 3591 739 3648 Lattdate
780 3606 905 3647 eum
950 3591 1002 3646 in
1037 3590 1252 3646 chordis
1284 3598 1340 3645 et
1380 3604 1601 3659 organo.
1635 3608 1654 3641 ι

76 3688 186 3743 Per
223 3685 481 3751 chordas,
504 3697 624 3754 quae
652 3680 877 3738 multum
904 3688 1252 3738 attermantur
1278 3687 1339 3743 et
1361 3678 1661 3735 extendun-

76 3785 187 3841 tur,
218 3783 276 3831 et
298 3773 507 3830 dulcem
534 3786 723 3829 sonum
759 3771 1012 3838 reddunt,
1040 3770 1410 3841 intelliguntur
1445 3770 1523 3825 illi
1567 3772 1660 3840 qui

72 3865 291 3936 seipsos
326 3872 608 3919 attenuant
634 3860 916 3933 amigendo
941 3875 1039 3931 per
1059 3860 1282 3933 jejunia,
1314 3876 1409 3930 per
1429 3860 1661 3931 vigilias,

71 3961 133 4010 et
184 3953 309 4009 aliis
354 3953 557 4018 modis,
593 3960 650 4008 et
676 3953 745 4008 ad
774 3952 942 4007 Deum
984 3967 1042 4008 se
1085 3965 1299 4022 semper
1340 3952 1658 4018 extendunt,

71 4042 218 4100 nihil
244 4042 510 4100 facientes
537 4056 636 4112 pro
663 4040 869 4107 favore,
900 4041 995 4097 sed
1025 4040 1205 4096 omnia
1241 4055 1426 4095 amore
1465 4040 1580 4107 Dei,
1604 4050 1662 4096 et

73 4132 338 4204 operibus
384 4122 498 4189 suis
542 4132 751 4189 dulcem
796 4143 852 4188 et
884 4131 1179 4201 jucundam
1224 4131 1505 4203 proferunt
1547 4133 1661 4188 Deo

70 4222 422 4280 cantilenam.
448 4221 552 4278 Per
570 4236 852 4293 organum,
877 4222 932 4277 in
953 4237 1061 4293 quo
1081 4220 1262 4277 multae
1284 4221 1471 4279 ﬁstula:
1496 4237 1659 4278 unam

69 4312 425 4368 concordiam
469 4311 731 4377 reddunt,
790 4311 1159 4382 intelliguntur
1208 4311 1286 4366 illi
1344 4312 1398 4367 in
1452 4312 1657 4381 quibus

70 4402 246 4459 multa
269 4416 466 4474 genera
495 4402 754 4458 virtutum
788 4401 856 4457 ad
882 4417 1047 4457 unum
1075 4401 1322 4468 tendunt,
1357 4410 1412 4457 et
1437 4416 1662 4458 concor-

71 4496 166 4552 dia
204 4494 488 4552 charitatis
530 4493 890 4566 colliguntur;
935 4492 1092 4563 quasi
1130 4492 1337 4548 diceret
1371 4511 1384 4546 :
1419 4492 1664 4547 Laudato

79 4603 209 4644 eum
236 4588 305 4644 de
332 4586 553 4657 praemio
582 4593 778 4641 vestrae
811 4583 1220 4648 attenuationis,
1251 4590 1307 4637 et
1336 4581 1404 4637 de
1440 4582 1662 4653 praemio

73 4678 409 4745 concordiae,
440 4691 604 4746 quam
628 4676 685 4731 in
711 4675 893 4731 multis
921 4674 1204 4731 habuistis.

153 4788 172 4820 ι
209 4767 456 4823 Laudate
481 4781 605 4822 eum
633 4765 688 4820 in
716 4764 976 4837 cymbalis
1003 4766 1142 4821 bene
1168 4764 1515 4831 sonantibus,
1540 4764 1658 4818 lau-

73 4858 205 4913 date
249 4871 375 4912 eum
414 4856 470 4910 in
516 4853 776 4925 cymbalis
808 4853 1163 4924 jubilationis.
1200 4872 1218 4906 ›
1251 4852 1356 4907 Per
1391 4850 1656 4923 cymbala,

75 4949 173 5005 ubi
218 4950 329 5005 duo
354 4947 515 5007 simul
548 4947 938 5018 percutiuntur,
969 4945 1338 5017 intelliguntur
1366 4945 1443 5000 illi
1484 4945 1576 5015 qui
1602 4959 1660 5000 se

71 5039 318 5096 inviam
353 5039 709 5095 exhortantur
731 5035 950 5092 utbene
974 5043 1228 5091 resonent
1255 5035 1367 5091 Deo
1399 5035 1453 5089 in
1484 5034 1657 5089 activa

69 5130 189 5187 vita
215 5149 229 5185 :
255 5129 344 5187 vel
360 5139 420 5185 ut
437 5129 695 5201 jubilent,
716 5130 769 5185 id
814 5137 918 5195 est,
964 5137 1111 5184 tanta
1136 5135 1316 5184 mente
1341 5127 1656 5198 concipiant

72 5222 356 5289 iustitiam,
385 5237 552 5293 quam
574 5237 679 5277 non
706 5218 971 5278 sufﬁciant
987 5235 1120 5277 voce
1146 5221 1469 5291 exprimere.
1492 5219 1656 5288 Quasi

75 5315 337 5371 diceret:
369 5313 607 5369 Laudate
634 5314 801 5368 Deum
839 5328 939 5385 pro
979 5313 1416 5369 remuneratione
1464 5321 1657 5368 vestra:

71 5406 241 5463 bona:
288 5404 700 5460 exhortationis.
737 5404 877 5471 Quid
918 5403 1105 5473 plura?
1144 5422 1163 5454 ι
1208 5403 1397 5459 Omnis
1438 5402 1658 5472 spiritus

73 5493 271 5551 laudet
300 5494 612 5560 Dominum,
642 5512 661 5546 ι
697 5493 749 5548 id
768 5501 851 5548 est
870 5508 967 5548 vos
994 5508 1181 5549 omnes
1200 5492 1326 5548 facti
1353 5492 1659 5563 spirituales

73 5594 139 5643 et
186 5596 418 5655 corpore
476 5584 739 5657 spirituali
781 5592 840 5640 et
881 5583 1082 5641 subtili.
1127 5583 1446 5641 Benedictus
1491 5584 1653 5642 Deus.

72 5678 278 5735 Amen.
309 5676 545 5732 Laudate
571 5691 717 5733 eum.
982 5670 989 5677 ’

158 5788 179 5820 ι
205 5767 390 5824 Gloria
407 5769 573 5825 Patri.
596 5788 613 5822 θ
637 5768 742 5826 lstc
764 5768 1058 5826 versiculus
1083 5776 1201 5840 post
1222 5785 1656 5842 unumquemque

1758 3319 2078 3375 liberatione
2113 3329 2169 3375 et
2202 3322 2475 3391 proposito
2502 3322 2758 3391 peccandi
2797 3334 3032 3379 mentem
3074 3326 3336 3380 contami-

1761 3417 1930 3472 nant;
1958 3408 2095 3463 alius
2124 3424 2307 3464 earum
2332 3425 2451 3480 quae
2472 3411 2826 3467 delectatione
2847 3414 3060 3483 quidem
3077 3414 3334 3484 peccandi

1759 3507 1994 3553 mentem
2040 3499 2374 3570 perturbant,
2411 3514 2508 3555 nec
2539 3509 2714 3555 tamen
2745 3501 2811 3555 ad
2848 3516 3168 3557 consensum
3202 3518 3331 3574 pec—

1761 3588 1868 3642 cati
1908 3587 2260 3657 perlrahunt;
2300 3589 2488 3643 tertius
2525 3605 2710 3643 earum
2751 3606 2872 3660 qua:
2915 3591 3145 3646 naturali
3184 3601 3351 3665 motu

1758 3687 1992 3735 mentem
2016 3686 2421 3751 percurrentes,
2450 3694 2557 3735 non
2602 3687 2778 3734 tamen
2811 3680 2947 3735 hanc
2974 3679 3041 3735 ad
3074 3682 3334 3749 patranda

1760 3779 1980 3843 peccata
2010 3770 2264 3838 illiciunt,
2293 3786 2453 3840 quam
2484 3786 2515 3825 a
2540 3770 2719 3834 bonis,
2741 3786 2861 3840 qua:
2887 3770 3125 3840 cogitare
3151 3770 3337 3825 debuit

1760 3864 2059 3936 impediunt
2100 3880 2114 3918 :
2161 3862 2326 3918 veluti
2366 3877 2487 3918 cum
2530 3861 2906 3933 phantasmata
2953 3875 3163 3925 rerum,
3215 3875 3334 3930 quae

1760 3954 2051 4025 aliquando
2084 3967 2415 4023 supervacue
2457 3961 2607 4024 gesta
2655 3950 2738 4005 vel
2775 3950 2918 4006 dicta
2959 3950 3240 4015 novimus,
3266 3951 3335 4006 ad

1758 4045 2076 4100 memoriam
2109 4043 2435 4109 reducimus,
2466 4058 2693 4114 quarum
2746 4042 2939 4098 crebra
2996 4042 3331 4107 retractatio,

1760 4136 1915 4207 quasi
1937 4136 2241 4207 importuna
2267 4150 2573 4190 muscarum
2599 4134 2928 4204 improbitas,
2950 4133 3137 4190 oculos
3155 4134 3335 4190 cordis

1760 4224 2152 4281 circumvolare
2183 4239 2248 4280 ac
2293 4224 2624 4295 spiritualem
2670 4224 2787 4294 ejus
2820 4224 2991 4279 aciem
3031 4223 3334 4294 inquietare

1759 4314 1933 4387 magis
1970 4330 2133 4385 quam
2175 4329 2451 4370 excaecare
2493 4313 2793 4369 consuevit.
2822 4314 2870 4367 A
2901 4313 3114 4369 cunctis
3153 4323 3333 4369 autem

1761 4404 1849 4461 his
1869 4404 2253 4476 cogitationum
2276 4420 2509 4474 nequam
2537 4403 2824 4475 generibus
2853 4404 3102 4474 castigari
3125 4404 3342 4459 monuit.

1766 4494 2056 4561 Salomon,
2096 4510 2220 4550 cum
2267 4495 2398 4550 dicit
2432 4511 2446 4547 :
2483 4514 2500 4546 ι
2540 4493 2698 4550 Omni
2747 4495 2990 4551 custodia
3036 4511 3192 4551 serva
3236 4510 3332 4552 cor

1765 4594 1939 4652 tuum,
1974 4585 2225 4655 quoniam
2252 4600 2317 4640 ex
2344 4584 2461 4656 ipso
2483 4585 2591 4640 vita
2627 4585 2869 4656 procedit
2896 4583 3078 4657 (Prov.
3114 4585 3227 4657 xw)
3255 4602 3270 4639 :
3307 4606 3326 4637 ι

1762 4676 1913 4747 cujus
1946 4676 2147 4733 monita
2173 4684 2480 4746 sequentes,
2508 4689 2731 4744 agamus
2761 4675 3011 4743 sollicite,
3043 4684 3103 4731 ut
3130 4674 3177 4731 si
3202 4675 3331 4746 quid

1761 4783 2029 4824 consensu
2052 4766 2394 4838 perpetrandi
2423 4766 2680 4823 facinoris
2708 4768 2760 4822 in
2784 4768 2963 4824 animo
2988 4767 3326 4840 deliquimus,

1761 4859 1868 4914 cito
1900 4859 2003 4916 hoc
2031 4858 2370 4915 confessione
2396 4866 2452 4912 et
2490 4857 2664 4929 dignis
2696 4859 3025 4929 pmnitentiac
3070 4858 3330 4914 fructibus

1760 4950 2151 5022 abstergamus.
2197 4948 2254 5005 Si
2298 4948 2650 5005 delectatione
2689 4951 2946 5021 peccandi
2991 4966 3090 5005 nos
3132 4950 3327 5004 tentari

1760 5040 2111 5106 senserimus,
2149 5038 2367 5095 noxiam
2395 5038 2802 5095 delectationem
2842 5039 3048 5094 crebris
3081 5037 3329 5108 precibus

1758 5147 1823 5188 ac
1848 5130 2124 5202 lacrymis,
2152 5130 2340 5186 crebra
2373 5130 2744 5212 recordatione
2775 5136 3043 5201 perpetuae
3075 5127 3326 5183 amaritu-

1756 5221 1923 5288 dinis,
1950 5220 2214 5291 pellamus
2242 5240 2255 5275 :
2285 5229 2341 5277 et
2380 5222 2426 5278 si
2455 5237 2556 5278 nos
2577 5222 2721 5278 solos
2746 5221 2811 5275 ad
2842 5221 2980 5276 hanc
3007 5221 3324 5291 propulsan-

1758 5311 1883 5367 dam
1912 5309 2156 5366 sullicere
2187 5324 2293 5366 non
2318 5326 2479 5381 posse
2504 5311 2799 5367 viderimus
2816 5350 2830 5375 ,
2859 5308 3083 5365 fratrum
3118 5324 3327 5380 quaera-

1758 5417 1881 5456 mus
1904 5401 2101 5455 auxilia
2118 5440 2133 5465 ,
2164 5407 2224 5457 ut
2247 5401 2391 5472 quod
2414 5401 2614 5457 nostris
2635 5400 2842 5456 viribus
2875 5401 3179 5469 nequimus,
3208 5397 3328 5455 illo-

1757 5507 1879 5546 rum
1912 5490 2138 5548 consilio
2179 5500 2235 5546 et
2275 5491 2660 5547 intercessione
2705 5505 3000 5546 sumamus.
3049 5507 3069 5542 ι
3102 5488 3326 5544 Multum

1757 5582 1902 5637 enim
1949 5582 2090 5639 valet
2135 5582 2443 5653 deprecatio
2481 5579 2612 5649 justi
2648 5581 2861 5636 assidua
2892 5579 3031 5651 (Jac.
3074 5579 3162 5650 v);
3210 5598 3231 5632 ι
3273 5587 3329 5634 ct

1758 5673 1897 5729 sicut
1917 5674 2058 5730 idem
2081 5673 2360 5745 promisit:
2392 5689 2411 5723 ι
2431 5670 2617 5728 Oratio
2637 5671 2759 5726 ﬁdei
2781 5670 3009 5727 salvabit
3030 5670 3322 5734 inﬁrmum,

1758 5779 1813 5826 et
1846 5769 2117 5828 alleviabit
2161 5784 2283 5825 eum
2312 5764 2604 5833 Dominus,
2638 5765 2764 5822 etsi
2791 5766 2842 5821 in
2865 5766 3101 5836 peccatis
3130 5763 3218 5832 sit,
3245 5763 3321 5821 di.
