3898 6494
503 381 610 437 695

505 579 606 634 bus
633 579 701 634 ad
725 579 988 650 integrum
1021 593 1205 634 carere
1231 594 1336 632 non
1378 577 1639 634 valemus.
1677 577 1785 632 llas
1812 577 1863 629 in
1892 591 2061 644 quan-

508 679 620 724 tum
646 685 948 740 possumus,
979 669 1358 724 intercessione
1380 669 1640 723 bonarum
1665 666 2066 737 cogitationum,

967 377 1320 435 llAYMONIS
1358 377 1832 432 HALBERSTAT.
1876 375 2088 430 EPISC.
2129 374 2279 430 OPP.
2321 373 2498 428 PARS
2537 373 2577 426 I.
2617 402 2685 411 ——
2722 370 3076 424 COMMENT.
3116 370 3282 425 BIBL.

503 487 784 541 mittentur
811 487 861 541 ei
891 485 1103 558 (Ibid),
1142 506 1158 537 ι
1203 487 1326 556 quia
1356 485 1703 556 supervacuis
1735 485 2074 554 cogitationi-
2103 487 2152 544 Α
2177 491 2230 536 et
2264 482 2498 538 maxime
2527 480 2792 552 frequenti
2828 479 3229 548 Scripturarum
3268 480 3641 533 meditatione
3681 479 3758 535 Ia-
3838 479 3839 506 ‘

3668 372 3760 425 695

2168 587 2372 640 gemus.
2416 577 2426 586 '

508 781 3746 810 Mm

1544 907 2693 1101 HAYMONIS

1630 1219 2283 1278 HALBERSTATENSIS
2320 1217 2626 1276 EPISCOPI

798 1393 1828 1549 COMMENTABIA
1915 1394 2059 1508 IN
2144 1389 2768 1505 CANTICA
2849 1392 3486 1526 ALIQUOT

1193 1598 1440 1671 Quibus
1475 1597 1753 1661 Ecclesia
1786 1593 2051 1676 perinde
2085 1596 2278 1672 atque
2305 1587 2575 1652 Psalmis
2604 1587 2806 1650 David
2841 1586 3066 1650 utitur.

779 1888 1126 1947 CANTICUM
1163 1888 1365 1945 ΙΒΑΙᾸΞ
1403 1886 1814 1946 ΡΗΟΡΗΕΤᾹΞ.

578 2069 895 2138 Conﬁtebor.
921 2068 1022 2125 Hic
1051 2069 1340 2125 ascribitur
1363 2068 1548 2123 titulus
1567 2109 1580 2132 ,
1610 2067 1890 2124 Canticum
1931 2065 2080 2120 Isaias

506 2162 802 2231 prophetae,
829 2161 954 2230 quia
979 2159 1144 2216 Isaias
1179 2161 1231 2215 in
1269 2160 1691 2230 praecedentibus
1715 2174 1824 2212 sua:
1847 2157 2078 2227 propheo

506 2251 598 2306 tiae
621 2251 800 2307 verbis
845 2267 1030 2306 casum
1070 2251 1323 2316 hominis,
1351 2259 1404 2306 et
1452 2251 1588 2304 iram
1632 2249 1725 2304 Dei
1761 2247 2078 2317 mitigatam,

506 2351 565 2398 et
590 2343 863 2398 hominem
891 2343 956 2397 ad
987 2342 1268 2411 pristinam
1295 2341 1611 2412 dignitatem
1652 2348 1958 2408 reparatum
1987 2353 2083 2407 per

507 2433 704 2488 Filium
758 2434 1094 2488 incarnatum
1133 2434 1436 2503 prophetat.
1491 2432 1713 2486 Materia
1759 2438 1842 2484 est
1881 2428 2082 2484 Christi

508 2524 783 2579 adventus.
835 2523 1041 2589 Modus,
1085 2523 1226 2592 quod
1279 2523 1514 2578 ostendit
1559 2539 1680 2592 qua:
1708 2523 1845 2577 bona
1887 2535 1947 2575 ex
1993 2521 2085 2575 illo

507 2614 736 2669 adventu
769 2615 1078 2670 hominibus
1111 2615 1449 2683 proveniant.
1503 2613 1730 2668 Intentio
1752 2621 1854 2678 est,
1879 2611 2084 2667 hortari

506 2703 577 2760 ad
605 2704 817 2759 laudem
846 2719 946 2773 pro
977 2705 1350 2759 incarnatione
1378 2704 1518 2758 Filii.

579 2791 696 2849 Vox
723 2794 818 2849 ﬁlii
869 2795 1285 2864 prophetantis:
1336 2793 1633 2863 Conﬁtebor
1678 2796 1793 2858 tibi,
1841 2795 2078 2858 Domine,

507 2885 562 2940 id
602 2893 684 2940 est
708 2925 723 2950 ,
764 2884 994 2940 laudabo
1031 2896 1110 2950 te,
1140 2887 1388 2955 quoniam
1418 2887 1583 2940 iratus
1614 2903 1667 2940 es
1693 2887 1819 2941 milii
1841 2928 1854 2952 ,
1881 2885 1935 2940 id
1978 2894 2082 2950 est,

509 2976 607 3030 toti
633 2978 870 3031 humano
895 2979 1098 3045 generi,
1140 2977 1292 3046 culpa
1334 2979 1592 3046 parentis,
1619 2987 1674 3032 et
1701 2995 1976 3032 conversus
2008 2986 2086 3031 est

507 3067 660 3136 furor
678 3077 818 3133 tuus,
848 3068 902 3122 id
923 3078 1034 3132 est,
1062 3069 1138 3122 ira
1170 3077 1258 3121 tua
1285 3054 1600 3123 dimittendo
1625 3078 1862 3137 peccata,
1890 3079 1937 3123 et
1964 3086 2086 3123 con-

2106 1827 2153 1884 Α
2183 1832 2394 1888 semper
2419 1826 2722 1872 mementote
2743 1818 2990 1887 quoniam
3018 1815 3276 1870 excelsum
3315 1826 3404 1870 est
3457 1833 3628 1869 nomen
3645 1835 3717 1885 qs:

2179 1917 2233 1961 et
2257 1907 2409 1977 punit
2432 1907 2710 1976 superbos.

2231 1999 2353 2054 Hoc
2368 1999 2531 2053 etiam
2555 1999 2770 2053 dicetis:
2797 1996 3015 2051 Cantate
3035 1997 3122 2052 isti
3153 1996 3408 2060 Domino,
3444 1999 3662 2068 quoniam
3681 1998 3711 2050 is

2179 2090 2264 2145 his
2313 2089 2585 2160 magniﬁce
2622 2089 2742 2157 fecit
2783 2098 2836 2144 et
2874 2089 3065 2158 dignus
3107 2097 3190 2143 est
3235 2089 3408 2144 laude
3446 2108 3467 2141 ξ
3508 2098 3558 2142 et
3582 2090 3710 2142 dicetis

2178 2180 2341 2236 etiam
2389 2199 2401 2233 :
2447 2181 2755 2237 annuntiate
2794 2180 2927 2244 hoc,
2977 2180 3031 2234 id
3077 2187 3159 2233 est
3202 2180 3344 2235 hanc
3400 2179 3704 2240 salvationcra,

2180 2274 2233 2326 in
2261 2273 2503 2326 universa
2528 2281 2667 2324 terra
2696 2270 2896 2342 ubique
2935 2271 3192 2344 gentium,
3228 2271 3330 2324 ista
3357 2270 3556 2324 salvus
3585 2284 3704 2322 ornas

2182 2365 2406 2434 colligit.

2255 2454 2497 2509 Exsulta.
2529 2455 2691 2522 Quasi
2718 2455 2969 2511 omnibus
2991 2455 3100 2526 jam
3139 2462 3221 2508 est
3251 2451 3692 2511 annnntiandasei

2186 2556 2261 2612 tu,
2285 2564 2316 2603 0
2344 2548 2594 2600 habitatio
2615 2547 2766 2611 Sion,
2792 2547 2844 2600 id
2873 2556 2980 2612 est,
3005 2564 3038 2601 ο
3063 2562 3155 2600 vos
3175 2545 3344 2599 Judzei
3377 2544 3698 2614 principaliter.

2183 2636 2383 2692 exsulta
2408 2647 2454 2689 et
2476 2635 2637 2688 lauda
2671 2637 2809 2698 idco,
2833 2636 2954 2706 quia
2979 2646 3189 2688 sanctus
3226 2634 3432 2699 Israel,
3460 2635 3510 2688 id
3547 2633 3701 2693 estde

2185 2726 2275 2795 qui
2303 2725 2605 2778 sanctificat
2630 2723 2794 2778 Israel
2813 2765 2826 2788 ,
2849 2734 2931 2778 est
2956 2740 3176 2794 magnus
3200 2725 3256 2778 in
3285 2724 3470 2777 medio
3497 2725 3565 2776 tui
3586 2724 3634 2775 de
3648 2734 3703 2772 vo-

2185 2817 2269 2872 bis
2294 2826 2472 2881 natus,
2505 2816 2643 2870 inter
2668 2831 2762 2870 vos
2787 2823 3158 2870 conversatus.

2395 2951 2746 3007 CANTICUM
2785 2949 3098 3006 EZECIIL‘E
3128 2948 3336 3004 REGIS
3363 2948 3547 3004 JUDA.

2257 3062 2370 3133 Ego
2413 3059 2543 3116 dixi;
2585 3063 2863 3117 Canticum
2915 3061 3054 3116 istud
3089 3071 3173 3115 est
3199 3060 3268 3114 ab
3302 3061 3443 3116 Isaia
3483 3060 3698 3127 scriptun

506 3155 707 3212 solatus
755 3174 809 3211 es
855 3175 934 3211 me
985 3173 1078 3227 spe
1129 3168 1343 3212 aeterna:
1375 3160 1763 3214 beatitudinis:
1795 3176 1901 3213 non
1964 3159 2085 3213 ideo
2114 3173 2158 3232 Β
2188 3163 2366 3209 tamen
2427 3169 2534 3208 non
2588 3153 2807 3208 nomine
2854 3152 2972 3220 ejus
3021 3151 3357 3214 intitulatur,
3413 3152 3496 3206 sed
3536 3150 3700 3203 nomine

510 3244 832 3310 conﬁtetur,
862 3248 1004 3315 quod
1041 3247 1235 3300 iratum
1266 3245 1430 3302 fuisse
1456 3249 1724 3319 intelligit,
1751 3249 1845 3304 sed
1867 3249 1991 3318 quia
2019 3248 2085 3304 de

512 3337 594 3392 ira
624 3338 690 3392 ad
720 3339 1147 3394 misericordiam
1176 3354 1469 3396 conversus
1497 3343 1586 3396 sit.

583 3447 718 3504 Ecce
739 3450 810 3504 ita
837 3451 1142 3507 consolatus
1167 3467 1225 3508 es
1247 3469 1357 3519 me,
1383 3456 1522 3526 quod
1549 3455 1686 3510 Deus
1717 3456 1884 3511 iratus
1910 3456 2081 3528 prius,

513 3541 674 3596 modo
716 3541 888 3598 factus
932 3559 990 3599 es
1021 3544 1266 3600 Salvator
1287 3565 1428 3601 meus
1458 3549 1525 3602 ab
1569 3550 1818 3621 originali
1863 3560 2086 3618 peccato

511 3631 799 3698 mundans,
831 3634 951 3689 ideo
986 3635 1239 3707 deinceps
1278 3655 1450 3708 agam,
1502 3639 1554 3692 id
1597 3651 1694 3704 est,
1730 3641 2086 3712 promovebor

511 3721 567 3776 in
593 3723 884 3780 virtutibus
909 3727 1250 3795 ﬁducialiter,
1273 3728 1322 3780 id
1350 3739 1455 3792 est,
1473 3745 1694 3784 securus
1717 3748 1830 3784 su-n
1856 3731 1922 3785 de
1951 3746 2087 3800 pra:-

512 3814 642 3880 mio,
673 3817 865 3885 siquid
891 3819 1019 3872 boni
1059 3834 1295 3888 gessero.
1326 3837 1428 3874 non
1454 3822 1640 3875 timebo
1669 3823 1937 3876 diabolum
1959 3863 1972 3888 ,
2003 3821 2085 3876 vel

509 3918 788 3978 peccatum
814 3911 955 3978 quod
989 3911 1193 3965 habitat
1219 3913 1270 3966 in
1301 3915 1513 3968 mortali
1554 3931 1800 3985 corpore,
1827 3917 1952 3986 quia
1985 3918 2085 3972 iste

512 3994 761 4054 Salvator
787 4000 1080 4055 refrenabit
1104 4013 1411 4072 utrumque.

581 4091 707 4146 Ideo
728 4109 835 4146 non
885 4093 1106 4154 timebo.
1132 4096 1255 4164 quia
1300 4095 1550 4150 Dominus
1580 4098 1831 4168 fortitudo
1863 4116 1975 4152 mea
2004 4108 2086 4154 est

514 4189 704 4236 contra
731 4182 841 4248 illa,
863 4193 911 4235 et
935 4191 1011 4236 est
1043 4181 1159 4238 laus
1202 4201 1338 4248 mea,
1371 4183 1424 4239 id
1451 4196 1557 4250 est,
1591 4187 1752 4241 faciet
1777 4203 1861 4242 me
1899 4187 2083 4243 lauda-

511 4270 673 4326 bilem
699 4271 753 4324 in
783 4279 983 4330 aeterna
1014 4274 1122 4326 vita
1156 4292 1168 4326 :
1208 4285 1256 4328 et
1285 4275 1398 4329 haec
1429 4276 1607 4330 omnia
1637 4277 1754 4331 ideo
1775 4286 1899 4331 sunt
1929 4279 2083 4343 mihi,

514 4361 640 4430 quia
663 4372 875 4420 creator
899 4364 1066 4431 factus
1092 4376 1166 4420 est
1190 4367 1372 4422 valens
1399 4376 1661 4424 creatura:
1687 4371 1813 4423 mihi
1837 4370 1892 4424 in
1928 4381 2084 4426 teter-

512 4467 636 4506 nam
660 4453 897 4511 salutem.

587 4563 876 4624 Haurietis.
918 4567 1192 4625 Convertit
1217 4586 1275 4626 se
1303 4572 1370 4625 ad
1399 4572 1535 4635 illos,
1570 4574 1661 4643 qui
1687 4575 1920 4630 erant-in
1946 4585 2082 4630 tem-

509 4667 641 4724 pore
690 4656 1075 4715 incarnationis
1103 4678 1116 4713 :
1147 4664 1298 4730 quasi
1331 4663 1475 4718 dicat
1503 4682 1516 4716 :
1549 4664 1660 4734 Ego
1704 4665 1758 4719 in
1803 4667 2089 4737 aenigmate

511 4747 827 4817 prophetico
855 4750 1044 4820 spiritu
1082 4753 1393 4810 salvandum
1432 4768 1522 4808 mc
1563 4755 1738 4819 video,
1775 4771 1869 4811 vos
1907 4765 2084 4812 autem

510 4847 695 4906 aperte
738 4839 989 4895 haurietis
1039 4860 1201 4913 aquas
1247 4845 1500 4902 doctrina:
1547 4854 1602 4900 et
1650 4844 1983 4913 baptismatis
2031 4847 2086 4900 in

510 4929 703 4997 gaudio
755 4931 1038 4999 spirituali,
1070 4935 1132 4988 de
1168 4935 1420 5005 fontibus,
1469 4938 1521 4992 id
1551 4945 1655 5002 est,
1704 4939 1768 4992 de
1805 4937 2085 5006 multiplici

490 5019 839 5103 abundantia
863 5021 1170 5090 Saluatoris,
1193 5035 1240 5080 et
1264 5027 1398 5083 alter
1431 5027 1584 5083 alteri
1605 5029 1786 5084 dicetis
1811 5037 1865 5082 et
1899 5030 2085 5083 admo-

514 5110 708 5165 ncbitis
737 5112 871 5168 alios
897 5115 952 5168 in
972 5115 1064 5170 illa
1088 5117 1172 5170 die
1195 5117 1596 5174 incarnationis.
1621 5118 1955 5189 Coa/itcmini
1978 5119 2084 5174 Do-

511 5199 669 5262 mino,
712 5212 759 5255 et
797 5205 1031 5260 invocate
1058 5224 1240 5262 nomen
1276 5207 1408 5277 ejus,
1440 5209 1491 5266 id
1538 5218 1637 5274 est,
1666 5218 1962 5280 prteparate
1987 5225 2086 5265 vos

511 5289 703 5360 dignos
737 5292 802 5347 ad
830 5294 1210 5354 invocandum.

585 5401 756 5459 Notas
791 5405 966 5475 facile.
1004 5406 1118 5462 Hoc
1161 5409 1325 5463 etiam
1373 5408 1603 5464 dicetis:
1639 5409 1806 5464 Notas
1855 5410 2085 5480 facilem

511 5495 714 5564 populis
748 5498 1090 5566 prazdicando
1137 5500 1521 5555 adinventioues
1551 5501 1686 5570 ejus,
1715 5502 1767 5555 id
1795 5511 1882 5557 est
1917 5503 2092 5557 salva-

515 5589 738 5654 tionem,
769 5599 823 5645 et
849 5607 1061 5650 omnem
1091 5597 1233 5650 viam
1258 5592 1533 5663 sapientia:
1556 5599 1612 5646 et
1633 5591 1891 5656 scientiae,
1930 5608 2090 5661 quam

514 5687 719 5743 invenit
770 5699 826 5746 et
867 5693 1100 5749 ostendit
1127 5691 1374 5747 ﬁdelibus
1417 5687 1530 5744 suis
1558 5705 1571 5740 :
1603 5693 1658 5740 ct
1684 5697 1752 5738 ne
1789 5684 1965 5739 velitis
1993 5701 2089 5740 no-

516 5793 638 5837 men
679 5781 770 5836 Dei
803 5799 1061 5854 usurpare
1101 5783 1373 5839 vobiscum
1421 5783 1561 5838 sicut
1597 5780 1765 5835 Adam
1818 5779 1962 5846 fecit,
1994 5778 2085 5834 sed

2185 3244 2448 3308 Ezechite,
2476 3245 2568 3312 qui
2596 3245 2664 3297 ab
2712 3243 2847 3298 Isaia
2895 3243 3122 3312 loquens
3163 3242 3451 3296 inducitur.
3489 3239 3695 3294 Ezechias

2183 3352 2306 3392 cum
2330 3337 2384 3390 in
2418 3335 2600 3390 multis
2625 3336 2734 3389 Deo
2761 3334 3053 3389 deserviret
3071 3374 3085 3399 ,
3111 3334 3165 3387 in
3194 3334 3304 3388 hoc
3324 3333 3546 3404 peccavit,
3569 3326 3684 3396 quod

2182 3428 2392 3483 excelsa
2439 3442 2544 3481 non
2587 3425 2824 3490 abstulit,
2862 3425 3004 3478 unde
3049 3439 3081 3478 a
3127 3425 3240 3478 Deo
3259 3424 3405 3506 gravi
3431 3419 3681 3475 inﬁrmitate

2181 3531 2489 3586 percussus,
2514 3516 2582 3570 ab
2607 3515 2743 3569 Isaia
2782 3513 2982 3569 meruit
3022 3513 3210 3568 audire
3249 3504 3278 3567 ξ
3307 3515 3518 3582 Disputte
3551 3504 3693 3561 domui

2185 3615 2308 3670 tute,
2336 3607 2460 3676 quia
2503 3606 2753 3661 morieris
2782 3615 2857 3669 tu,
2901 3613 2958 3660 et
2983 3619 3091 3659 non
3129 3605 3302 3658 vives.
3344 3604 3433 3657 Ille
3455 3616 3568 3670 ergo
3590 3597 3688 3667 grati

2184 3697 2591 3764 compunctione
2637 3710 2931 3749 conversus
2987 3694 3055 3748 ad
3095 3695 3391 3763 parietem,
3416 3689 3694 3762 peccauit:-

2184 3784 2348 3850 flevit,
2398 3793 2452 3839 et
2505 3801 2718 3839 rursum
2770 3786 2835 3839 ab
2881 3784 3070 3839 eodem
3121 3785 3251 3838 Isaia
3305 3784 3482 3836 audire
3528 3781 3701 3838 meruit.

2185 3877 2327 3946 quod
2348 3876 2488 3930 Deus
2517 3875 2839 3944 poenitentia
2865 3875 3007 3929 illius
3036 3875 3281 3945 placatus,
3309 3871 3605 3941 quindecim
3637 3882 3707 3920 an-

2185 3981 2282 4020 nos
2309 3966 2430 4020 vitaz
2455 3966 2848 4035 superinduxit.
2893 3966 3188 4034 Postquam
3226 3965 3385 4034 igitur
3409 3962 3636 4016 Ezechias
3657 3959 3709 4011 de

2185 4055 2498 4109 inﬁrmitate
2536 4055 2826 4119 convaluit,
2881 4055 2982 4108 hoc
3019 4055 3129 4109 Deo
3173 4055 3442 4109 canticum
3480 4049 3709 4106 liberatori

2185 4160 2282 4199 suo
2303 4145 2516 4208 cecinit,
2550 4144 2734 4213 inquo
2767 4153 2821 4198 et
2859 4145 3064 4214 peccati
3099 4145 3181 4198 sui
3213 4153 3268 4200 et
3296 4142 3708 4197 inﬁrmitatisme-

2185 4236 2366 4301 minit,
2396 4246 2454 4290 ut
2479 4252 2544 4290 ex
2582 4237 2828 4306 opposito
2860 4237 3217 4291 tribulationis
3259 4238 3463 4308 gratior
3500 4239 3705 4304 appareat

2185 4324 2374 4378 modus
2402 4324 2756 4378 Iiberationis.
2786 4325 3008 4378 Materia
3036 4336 3120 4380 est
3147 4326 3262 4394 ipse
3290 4327 3546 4381 Ezechias
3577 4325 3621 4377 in
3653 4321 3709 4374 in.

2187 4413 2444 4466 ﬁrmitate
2487 4413 2712 4482 positus,
2745 4416 2887 4468 etab
2916 4414 3231 4469 inﬁrmitate
3270 4416 3549 4470 liberatus.
3572 4412 3708 4468 Modus

2111 4516 2160 4582 α
2188 4511 2292 4564 est,
2321 4504 2462 4571 quod
2500 4504 2735 4558 ostendit
2771 4519 2937 4573 quare
2976 4507 3030 4558 in
3067 4505 3210 4559 illam
3248 4506 3602 4560 inﬁrmitatem
3623 4515 3707 4556 cor-

2191 4591 2378 4655 ruerit,
2405 4601 2623 4660 propter
2653 4604 2870 4660 peCCata
2895 4608 3013 4659 sua,
3044 4601 3097 4648 et
3120 4594 3354 4663 qualiter
3376 4595 3432 4648 in
3463 4590 3711 4647 inﬁmitate

2189 4695 2248 4738 se
2280 4683 2548 4747 habuerit,
2576 4683 2821 4747 scilicet,
2861 4700 3022 4752 quam
3067 4685 3302 4754 graviter
3347 4682 3712 4753 pinnitueritwt

2188 4773 2422 4842 qualiter
2437 4789 2534 4842 per
2553 4774 2922 4843 pmnitentiam
2947 4784 3173 4845 purgato
3203 4785 3428 4844 peccato
3449 4817 3466 4842 ,
3487 4771 3710 4831 convalue-

2187 4863 2278 4918 rit.
2312 4863 2542 4917 Intentio
2567 4871 2650 4918 est
2691 4865 2896 4918 hortari
2927 4864 2994 4918 ad
3024 4866 3420 4933 paenitentiam.
3471 4863 3713 4920 Notandum

2187 4962 2302 5019 est,
2331 4953 2521 5008 Isaiam
2551 4954 2606 5008 in
2639 4953 2805 5008 verbo
2832 4953 3041 5008 Domini
3070 4954 3376 5024 loquentem
3399 4996 3415 5019 ,
3449 4966 3507 5012 et
3538 4954 3712 5008 vicinam

2187 5055 2415 5100 mortem
2467 5048 2906 5112 annuntiantem,
2953 5047 3198 5101 Ezechim
3241 5063 3347 5102 non
3392 5063 3521 5104 esse
3569 5042 3715 5100 menti-

2187 5146 2328 5203 tum,
2379 5139 2626 5207 quamvis
2671 5138 2757 5192 ille
2818 5139 3110 5192 convaluit.
3161 5139 3420 5193 Dominus
3479 5139 3609 5194 enim
3648 5132 3717 5186 sub

2185 5231 2491 5288 conditione
2515 5232 2653 5291 solet
2675 5231 2840 5301 loqui,
2871 5231 2996 5300 quia
3026 5231 3188 5286 dicit:
3220 5230 3497 5296 Morieris,
3525 5229 3617 5284 nisi
3639 5236 3719 5295 pm-

2185 5327 2431 5380 nitueris.

2269 5417 2444 5470 Verba
2483 5415 2756 5477 Ezechias,
2795 5412 3078 5469 recolentis
3115 5411 3344 5481 qualiter
3373 5410 3427 5464 in
3461 5406 3722 5465 inﬁrmitate

2197 5521 2256 5561 se
2280 5504 2527 5559 habuerit
2554 5522 2567 5557 :
2604 5503 2717 5573 Ego
2747 5504 2873 5566 dum
2919 5501 3223 5556 inﬁrmarer
3247 5501 3380 5563 dixi,
3405 5501 3461 5554 id
3491 5510 3588 5563 est,
3621 5493 3720 5548 deli-

2194 5597 2418 5653 beravi:
2455 5596 2658 5650 Vadam
2701 5597 2769 5650 ad
2811 5605 2988 5666 portas
3024 5595 3178 5664 inferi
3215 5594 3270 5646 in
3306 5593 3530 5646 dimidio
3565 5591 3723 5643 diem!

2195 5705 2444 5754 meorum,
2471 5687 2594 5756 quia
2619 5687 2734 5742 dies
2760 5702 2910 5743 meos
2934 5702 3039 5742 non
3063 5683 3435 5740 consummavi
3479 5683 3530 5737 in
3575 5673 3723 5734 studiis

2193 5781 2453 5836 bonorum
2482 5795 2722 5852 operum.

3837 627 3839 754 γ

3837 809 3840 1012 Ι
