3898 6456
106 408 213 464 697

1203 402 1560 458 COMMENT.
1589 401 1654 455 IN
1680 401 1974 459 CANTICA
2012 405 2334 473 ALIQUOT.

3259 417 3365 475 698

180 525 434 594 Quaesivi,
460 533 515 578 et
538 523 676 587 ideo,
705 522 826 592 quia
850 522 955 575 vidi
984 529 1200 590 propter
1224 528 1441 590 peccata
1466 535 1604 583 mea,
1631 526 1686 572 et
1713 523 1758 583 Α
1857 519 2128 572 Attenuati
2154 531 2294 573 sunt.
2327 519 2460 587 Quia
2492 525 2854 592 proponebam
2901 524 3136 583 clamare
3173 536 3229 583 et
3271 545 3365 599 ge-

109 628 239 672 ante
282 621 704 670 consummatam
730 614 892 666 vitam
926 627 1010 666 me
1040 613 1094 665 in
1125 611 1336 666 inferno
1364 611 1695 680 ponendum,

106 705 324 778 qua'st'vi
372 720 402 758 a
459 705 687 758 Domino
732 703 980 773 precibus
1014 712 1069 756 et
1115 703 1525 772 compunctione
1572 715 1697 754 cor-

109 795 232 858 dis,
264 794 528 859 residuum
570 809 827 846 annorum
866 809 1098 845 meorum
1139 797 1198 845 ut
1233 793 1546 862 prolongato
1573 792 1698 844 vita:

108 886 310 954 spatio,
333 884 474 953 quod
499 885 551 938 in
574 900 658 938 me
688 881 1059 953 imperfectum
1077 891 1216 947 erat,
1239 895 1692 936 consummarem.

183 975 306 1029 Ideo
327 973 546 1044 quaesivi
574 973 735 1038 bona,
773 982 832 1025 ut
854 973 1168 1040 perlicerem
1188 1011 1203 1036 ,
1233 970 1356 1038 quia
1379 970 1424 1022 si
1450 985 1554 1023 non
1578 983 1699 1036 per-

107 1066 358 1130 ﬁeerem,
386 1064 515 1129 dixi,
547 1063 599 1118 id
627 1071 730 1127 est,
757 1063 1068 1126 deliberavi,
1095 1078 1194 1114 non
1217 1060 1391 1115 videbo
1417 1058 1698 1112 Dominum

107 1155 286 1208 Deum
328 1153 384 1207 in
406 1161 545 1206 terra
577 1152 873 1206 virentium.
927 1151 1174 1205 Solebam
1206 1149 1337 1203 mihi
1373 1146 1698 1218 aggratulari

108 1245 167 1299 in
193 1243 620 1309 circuitu'illius,
652 1243 742 1312 qui
795 1249 1076 1311 reparatus
1121 1248 1206 1295 est
1253 1240 1492 1308 quietem
1534 1251 1699 1308 quam

106 1337 284 1392 Adam
309 1336 634 1407 perdiderat,
657 1335 751 1390 sed
775 1350 880 1390 non
908 1334 1100 1390 videbo
1121 1333 1262 1388 ultra
1297 1333 1438 1387 inter
1465 1331 1584 1385 illos
1609 1328 1700 1398 qui

107 1437 242 1483 sunt
271 1436 414 1482 terra
436 1427 750 1482 viventium.

189 1518 312 1571 Non
333 1517 531 1572 videbo.
582 1515 859 1586 Expositio
904 1514 1260 1585 praecedentis
1309 1526 1517 1566 versus.
1561 1511 1702 1565 Vere

110 1627 224 1666 non
253 1609 480 1675 videbo,
512 1610 637 1678 quia
669 1625 772 1664 non
811 1608 879 1662 ad
909 1608 1137 1661 salutem
1168 1606 1308 1658 ultra
1351 1603 1622 1672 aspiciam,
1655 1601 1700 1655 si

110 1705 276 1757 modo
302 1702 520 1766 moriar,
551 1701 809 1754 hominem
831 1713 990 1768 quem
1016 1695 1255 1764 intelligo
1281 1695 1338 1750 in
1368 1693 1702 1748 humanitate

108 1804 420 1857 venturum,
454 1803 502 1847 et
542 1808 646 1847 non
674 1791 933 1860 aspiciam
959 1794 1130 1859 ipsum
1168 1788 1416 1844 eumdem
1439 1787 1700 1840 habitato-

1798 623 1968 672 mere,
1996 608 2116 662 ideo
2151 609 2286 662 oculi
2329 612 2447 675 mei,
2497 612 2549 666 id
2597 621 2680 667 est
2729 612 3038 670 atl'ectiones
3083 632 3213 672 meae
3249 630 3368 674 sunt

1798 698 2072 762 attenuati,
2103 697 2155 751 id
2179 706 2262 752 est
2294 710 2500 754 remota
2521 705 2880 758 crassitudine
2923 715 3076 760 terrae
3114 707 3372 764 clariores

1799 796 1854 842 et
1872 788 2180 843 subtiliores
2208 787 2399 854 effecti,
2431 803 2483 847 et
2511 809 2607 862 per
2631 795 2734 850 hoc
2768 799 3104 866 suspicientes
3127 801 3182 854 in
3205 803 3373 856 excel-

1798 897 1913 934 sum
1957 879 2184 945 scilicet,
2227 882 2280 934 in
2313 882 2479 937 Deum
2535 886 2745 941 directi.
2800 888 3036 943 Domine.
3071 890 3220 947 Oculi
3251 893 3372 947 dico

1799 969 2059 1034 dicentes,
2096 970 2335 1035 Domine,
2368 973 2468 1026 vim
2500 974 2830 1031 inﬁrmitatis
2857 981 3030 1048 patior
3055 997 3083 1034 a
3114 982 3275 1035 simili
3307 982 3373 1034 il-

1800 1059 1925 1124 lius,
1952 1061 2042 1128 qui
2066 1061 2118 1114 in
2149 1076 2311 1114 causa
2342 1062 2684 1130 deprimitur,
2723 1076 2777 1121 et
2797 1069 3118 1124 advocatum
3147 1072 3371 1141 quaerit;

1801 1148 1927 1204 inde
1955 1150 2086 1205 dicit
2116 1166 2131 1205 :
2163 1152 2254 1206 sed
2287 1160 2344 1206 tu
2375 1155 2626 1223 responde
2655 1173 2749 1228 pro
2772 1175 2871 1226 me,
2901 1160 2955 1215 id
2977 1169 3081 1226 est,
3111 1161 3188 1217 sis
3215 1162 3378 1216 advoo

1801 1251 1952 1298 catus
1975 1259 2146 1300 meus.

1874 1335 2012 1400 Quid
2065 1336 2279 1391 dicant?
2333 1333 2498 1404 Quasi
2546 1338 2846 1397 admiratus
2888 1352 3113 1413 peccata
3153 1361 3274 1410 sua,
3324 1355 3380 1400 et

1793 1422 2061 1492 justitiam
2095 1425 2257 1492 illius,
2298 1443 2459 1497 quem
2495 1431 2730 1496 invocat,
2773 1433 2904 1488 dicit
2938 1453 2951 1487 :
2995 1435 3188 1492 Invoco
3227 1446 3277 1490 te
3321 1445 3382 1490 ut

1802 1514 1996 1570 liberes
2027 1532 2136 1582 me,
2159 1518 2252 1572 sed
2273 1519 2398 1588 quid
2446 1519 2620 1574 dicam
2647 1537 2713 1575 ex
2754 1523 2856 1577 hoc
2880 1525 3024 1592 quod
3072 1525 3263 1580 invoco
3293 1537 3375 1591 te;

1802 1616 1892 1660 aut
1917 1607 2042 1676 quid
2086 1609 2408 1676 respondebit
2453 1609 2578 1662 mihi
2604 1609 2719 1679 ipse
2751 1611 2926 1666 Deus?
2957 1612 3236 1679 Quomodo
3291 1616 3383 1670 ﬁet

1801 1695 1915 1765 ipse
1949 1697 2086 1751 Deus
2106 1699 2415 1763 advocatus,
2457 1715 2574 1752 cum
2614 1701 2720 1770 ipse
2744 1702 2921 1770 fecerit
2969 1704 3108 1759 hanc
3139 1705 3272 1758 mihi
3304 1706 3384 1759 in-

1801 1785 2116 1842 ﬁrmitatem
2164 1796 2386 1858 propter
2436 1799 2659 1858 peccata
2718 1793 2872 1846 mea?
2919 1793 3081 1860 Quasi
3129 1797 3378 1850 diceret:

111 1901 228 1938 rem
264 1885 356 1953 qui
379 1883 484 1937 erit
524 1882 789 1937 habitatio
812 1881 998 1951 quietis
1041 1879 1203 1946 Quasi
1245 1879 1482 1933 diceret:
1516 1875 1710 1930 Veniet
1739 1875 1783 1934 Β
1811 1877 2323 1951 Quamvisintelligo
2350 1882 2568 1946 iratum,
2595 1889 2649 1935 et
2675 1897 2889 1951 poenam
2909 1884 3228 1942 inferentem
3252 1889 3384 1942 mihi

110 1974 336 2043 quidem
379 1971 446 2026 ad
476 1973 592 2026 loca
637 1970 1046 2042 inquietudinis,
1073 1970 1167 2025 sed
1197 1978 1378 2024 tamen
1411 1968 1516 2022 erit
1548 1966 1702 2021 habi-

114 2071 265 2116 tator
289 2062 504 2132 quietis,
541 2061 680 2116 ultra
704 2077 808 2114 non
836 2062 1090 2116 moriens.

189 2151 468 2207 Generatio
491 2169 604 2206 mea
631 2152 806 2206 ablata
829 2164 944 2207 est:
976 2153 1131 2223 quasi
1161 2152 1401 2207 diceret:
1431 2151 1496 2206 Et
1521 2152 1566 2206 si
1591 2166 1707 2206 mo-

112 2243 234 2297 riar
284 2241 779 2305 inconsummatus,
811 2249 870 2295 ut
900 2256 1006 2295 non
1054 2240 1332 2311 perﬁciam
1362 2239 1539 2305 bona,
1579 2251 1708 2294 tunc

113 2333 208 2388 ille
236 2332 482 2402 egregius
509 2333 574 2387 de
601 2333 805 2386 semine
831 2346 951 2386 meo
980 2332 1284 2386 nasciturus
1309 2331 1446 2395 erit,
1471 2346 1499 2383 a
1537 2329 1710 2384 salute

115 2439 241 2480 mea
289 2421 521 2476 ablatus.
581 2422 707 2486 Vel,
749 2420 1026 2491 generatio
1066 2421 1276 2490 piorum
1316 2429 1370 2474 et
1414 2419 1709 2473 electorum

119 2532 152 2570 a
183 2529 269 2568 me
289 2522 371 2568 est
399 2512 644 2582 elongata
671 2528 684 2566 :
721 2525 861 2575 mea,
887 2511 938 2564 id
962 2517 1074 2574 est,
1104 2510 1244 2563 inter
1269 2524 1404 2578 quos
1433 2523 1520 2562 me
1565 2506 1710 2560 futu-

117 2623 243 2662 rum
271 2606 662 2669 intellexeram,
691 2603 1028 2658 ctconroluta
1054 2613 1126 2657 est
1167 2620 1199 2656 a
1239 2619 1319 2655 me
1357 2601 1509 2672 quasi
1542 2600 1712 2654 taber-

119 2699 370 2755 naculum
413 2707 701 2768 pastorum.
749 2696 850 2750 Per
891 2696 1064 2750 simile
1105 2694 1360 2764 loquitur,
1385 2693 1538 2763 quasi
1569 2701 1712 2746 tanta

116 2789 411 2844 velocitate
452 2797 658 2843 remota
695 2796 778 2842 est
813 2803 842 2840 a
881 2801 966 2841 me
1001 2787 1233 2841 societas
1283 2793 1626 2847 sanctorum,
1667 2783 1715 2838 si

119 2881 587 2934 inconsummatus
618 2879 835 2939 moriar,
870 2894 1032 2948 quam
1067 2878 1176 2932 cito
1205 2877 1600 2931 convolvuntur
1630 2886 1712 2930 ta-

116 2969 432 3035 bernacula,
454 2969 557 3024 hoc
579 2977 682 3034 est,
715 2970 940 3024 tentoria
971 2968 1230 3038 pastoria,
1261 2968 1477 3037 quando
1502 2976 1714 3021 mutant

117 3077 348 3131 pascua.

194 3150 428 3205 Pra’cisa
457 3159 550 3206 est.
587 3151 710 3206 Ideo
732 3167 838 3206 non
861 3151 1140 3221 aspiciam,
1169 3150 1296 3220 quia
1324 3151 1427 3205 vita
1450 3166 1563 3204 mea
1586 3166 1717 3219 pra'-

1802 1979 2022 2040 propter
2040 1979 2258 2040 peccata
2290 1988 2432 2037 mea,
2459 1982 2637 2027 tamen
2665 1988 2760 2044 per
2797 1975 2978 2031 cordis
3023 1979 3388 2048 compunctio—

1803 2075 1927 2114 nem
1964 2061 2075 2114 scio
2101 2061 2392 2130 placatum,
2427 2071 2482 2117 et
2508 2079 2593 2118 me
2621 2065 2687 2118 ab
2716 2064 3026 2121 inﬁrmitate
3048 2076 3382 2122 sanaturum.

1878 2148 2209 2219 Recogitabo.
2248 2151 2412 2217 Quasi
2444 2153 2648 2208 diceret
2680 2171 2692 2207 :
2723 2154 2791 2209 Et
2837 2158 2881 2210 si
2913 2158 3254 2225 responderis
3289 2173 3388 2226 pro

1808 2254 1895 2294 me
1921 2248 1974 2293 et
1995 2239 2064 2293 ab
2087 2240 2399 2296 inﬁrmitate
2428 2258 2514 2297 me
2546 2243 2916 2311 suscitaveris,
2956 2248 3249 2317 recogitabo
3294 2248 3388 2302 tibi

1810 2345 1987 2382 omnes
2007 2346 2173 2383 annos
2197 2347 2334 2384 meos
2359 2331 2817 2401 recompensando
2845 2335 2984 2388 bona
3017 2350 3116 2403 pro
3159 2335 3390 2405 singulis

1809 2420 1985 2483 bonis,
2013 2437 2132 2489 qua:
2157 2420 2258 2475 feci
2289 2421 2340 2475 in
2364 2423 2652 2492 praeteritis
2680 2424 2838 2478 annis
2865 2425 3021 2487 meis,
3050 2427 3104 2478 in
3135 2427 3390 2478 amaritu-

1811 2510 1932 2563 dine
1959 2512 2150 2564 anima:
2171 2528 2318 2575 meat,
2353 2512 2404 2565 id
2434 2521 2533 2574 est,
2565 2515 2618 2566 in
2642 2515 2787 2583 gravi
2820 2515 3000 2569 cordis
3023 2518 3390 2585 compunctio‘

1812 2617 1899 2656 ne.
1934 2601 2169 2656 Domine.
2200 2603 2454 2672 Proponit
2484 2604 2853 2659 inﬁrmitatem
2884 2606 3065 2660 carnis
3094 2622 3198 2659 non
3227 2623 3388 2661 causa

1813 2697 2201 2761 excusationis,
2231 2697 2325 2750 sed
2347 2712 2509 2751 causa
2539 2696 2750 2751 facilius
2779 2697 3121 2767 impetrandi.
3146 2697 3387 2764 Domine,

1815 2788 1860 2842 si
1881 2788 1955 2840 sic
1982 2788 2183 2850 vit-itur,
2201 2797 2255 2842 et
2277 2789 2329 2841 in
2357 2797 2501 2841 tanta
2527 2789 2708 2843 carnis
2735 2787 3041 2859 fragilitate,
3066 2805 3183 2857 quae
3205 2805 3391 2859 pecca-

1819 2879 1885 2932 tis
1910 2892 2013 2932 non
2065 2887 2240 2946 potest
2273 2880 2524 2933 resistere
2555 2887 2603 2932 et
2647 2879 2690 2933 si
2730 2882 2784 2932 in
2825 2878 3013 2933 talibus
3045 2881 3278 2948 peccatis
3310 2887 3392 2934 est

1817 2973 1919 3025 vita
1948 2971 2162 3032 spiritus
2189 2973 2311 3036 mei,
2348 2971 2400 3025 id
2425 2980 2508 3025 est
2533 2972 2900 3026 sensualitatis
2936 2988 3068 3026 mea:
3090 2974 3232 3042 quod
3271 2988 3390 3026 mea

1817 3078 1946 3118 caro
1977 3062 2111 3116 nihil
2139 3063 2296 3117 docet
2336 3073 2391 3118 et
2422 3063 2663 3133 suggerit
2709 3063 2811 3117 nisi
2859 3071 3096 3133 peccata,
3130 3064 3271 3132 quod
3304 3077 3389 3124 ree

1817 3169 1944 3209 vera
1967 3162 2080 3210 est:
2101 3155 2335 3223 quandiu
2362 3155 2523 3210 homo
2549 3156 2601 3208 in
2623 3169 2786 3209 carne
2817 3155 3082 3220 subsistit,
3108 3154 3392 3222 tuncjuste

118 3245 233 3298 cisa
253 3253 351 3309 est,
382 3245 434 3298 id
458 3252 570 3308 est,
599 3260 702 3298 non
732 3243 930 3313 perfeci
967 3244 1131 3305 bona,
1163 3259 1282 3310 qua:
1312 3243 1493 3305 debui,
1518 3243 1651 3295 velut
1682 3260 1714 3295 a
1742 3240 1786 3300 C
1818 3245 2090 3314 corripies.
2115 3245 2167 3297 id
2193 3254 2277 3299 est
2298 3255 2606 3313 correptum
2648 3255 2703 3299 et
2732 3249 3075 3299 emendatum
3117 3263 3196 3299 me
3229 3246 3392 3302 facics

119 3344 342 3388 texente.
370 3333 472 3388 Per
493 3335 664 3388 simile
687 3334 817 3388 dicit
837 3332 976 3386 illius
1001 3332 1246 3394 textoris,
1271 3331 1362 3398 qui
1395 3331 1711 3398 priusquam

118 3424 436 3494 perﬁciatur
483 3433 594 3478 tota
621 3424 747 3494 tela,
781 3421 1027 3490 prmcidit
1068 3429 1274 3489 partem
1301 3435 1462 3488 quam
1520 3420 1713 3472 texuit.

120 3491 195 3568 Et
243 3522 419 3566 textor
461 3491 933 3574 meusfscilieet,
982 3510 1150 3571 Deus,
1197 3509 1417 3562 succidit
1454 3521 1579 3562 me:
1612 3524 1720 3564 non

123 3605 334 3663 dicam.
371 3617 493 3656 cum
517 3601 629 3670 jam
656 3601 856 3670 aliquid
890 3600 1202 3663 texuissem,
1231 3601 1324 3654 sed
1362 3600 1487 3652 dum
1516 3599 1720 3652 ordirer

123 3695 323 3759 adhuc,
349 3695 400 3748 id
427 3703 530 3760 est,
562 3694 686 3749 dum
710 3696 773 3748 ad
797 3692 932 3747 bene
945 3693 1208 3763 agendum
1229 3707 1314 3746 me
1336 3707 1715 3761 prmpararem,

123 3785 358 3847 succidit
391 3798 476 3838 me
516 3803 529 3838 ε
568 3793 623 3838 et
669 3784 950 3853 praecisam
997 3783 1160 3835 vitam
1212 3782 1374 3844 dicit,
1425 3797 1530 3835 non
1575 3782 1718 3850 quod

121 3889 372 3932 mortuus
405 3885 578 3941 esset,
609 3876 702 3931 sed
727 3891 840 3945 pra:
866 3873 1031 3928 nimia
1059 3874 1321 3943 gravitate
1358 3872 1714 3937 inﬁrmitatis,

122 3965 251 4034 quia
283 3981 472 4035 parum
493 3964 664 4020 defuit
685 3980 715 4018 a
740 3972 937 4019 morte.

205 4056 279 4110 De
304 4073 455 4110 mane
485 4072 644 4126 usque
666 4056 734 4108 ad
776 4069 1036 4123 vesperam
1078 4051 1228 4121 finies
1273 4069 1373 4106 me.
1401 4052 1562 4119 Quasi
1597 4053 1717 4107 ideo

122 4149 372 4212 succidit,
404 4157 459 4204 et
503 4148 657 4218 quasi
688 4156 957 4202 mortuum
984 4161 1069 4200 me
1107 4147 1296 4211 fuisse,
1326 4147 1452 4215 quia
1483 4161 1591 4214 prae
1635 4144 1716 4197 ni-

122 4240 233 4294 mia
258 4239 570 4294 inﬁrmitate
595 4240 817 4310 singulis
841 4241 1028 4297 diebus
1071 4243 1314 4296 dicebam
1343 4258 1356 4292 :
1386 4238 1430 4294 O
1457 4238 1708 4292 Domine!

126 4330 198 4385 de
227 4332 330 4384 hoc
374 4344 533 4384 mane
569 4345 739 4398 usque
775 4331 841 4384 ad
880 4346 1160 4401 vesperam
1192 4331 1346 4385 finies
1372 4343 1458 4384 me
1501 4346 1514 4381 :
1545 4337 1602 4383 et
1626 4342 1716 4381 ve-

125 4419 273 4490 speri
316 4420 589 4490 sperabam
635 4428 690 4474 et
729 4420 1008 4488 dicebam,
1047 4439 1208 4492 usque
1243 4421 1312 4473 ad
1361 4435 1513 4473 mane
1559 4417 1716 4472 ﬁnies

129 4524 311 4564 mane.

1820 3350 1917 3403 per
1954 3335 2114 3388 istam
2166 3333 2555 3397 inﬁrmitatem,
2587 3342 2640 3387 et
2662 3335 2894 3403 spatium
2932 3336 3250 3390 emendandi
3297 3337 3394 3389 tri-

1820 3423 1971 3487 bues,
2003 3433 2050 3476 et
2072 3423 2322 3491 deinceps
2346 3423 2629 3491 viviﬁcabis
2658 3441 2739 3478 me
2779 3422 2984 3492 justum
3039 3433 3093 3480 ct
3145 3435 3392 3480 sanctum

1821 3509 2018 3566 eﬁicies
2051 3520 2143 3565 :et
2163 3527 2288 3566 vere
2314 3511 2484 3566 debeo
2510 3513 2707 3582 corrigi
2751 3521 2806 3566 et
2843 3513 3142 3577 emendari,
3181 3514 3225 3567 si
3272 3529 3394 3584 spa-

1822 3600 1952 3654 tium
1987 3601 2358 3670 prolongatum
2388 3601 2570 3665 fuerit,
2595 3603 2721 3670 quia
2758 3619 2872 3656 ecce
2911 3603 3066 3656 modo
3095 3604 3192 3657 hoc
3242 3621 3391 3657 reco-

1820 3708 2030 3760 gnosco,
2071 3693 2212 3760 quod
2240 3693 2294 3745 in
2320 3709 2445 3761 pace
2478 3693 2602 3746 dum
2623 3693 2850 3762 papulus
2901 3701 3042 3746 totus
3063 3707 3246 3761 pacem
3295 3692 3392 3746 ha-

1819 3781 1928 3845 bet,
1970 3790 2025 3834 et
2060 3788 2208 3834 tutus
2231 3789 2315 3835 est
2342 3780 2410 3834 ab
2442 3781 2698 3844 inimicis,
2718 3790 2800 3834 est
2827 3781 2927 3835 ista
2954 3797 3066 3834 mea
3091 3782 3398 3838 amaritudo.

1819 3869 2147 3926 inﬁrmitatis
2169 3873 2520 3925 amarissima.
2549 3872 2684 3926 Dum
2732 3880 2874 3926 totus
2914 3871 3139 3941 populus
3182 3886 3391 3926 mecum

1817 3962 1871 4016 in
1894 3963 2049 4018 bellis
2075 3965 2496 4033 periclitaretur,
2515 3980 2619 4018 non
2636 3973 2875 4032 poteram
2894 3981 3066 4019 meam
3089 3965 3300 4034 culpam
3319 3965 3394 4020 ita

1815 4055 2113 4119 attendere,
2132 4056 2226 4110 sed
2247 4071 2342 4123 per
2367 4057 2470 4110 hoc
2490 4057 2631 4124 quod
2650 4056 2795 4110 solus
2809 4057 3020 4124 punior,
3036 4055 3228 4126 populo
3250 4056 3392 4110 inco-

1815 4145 1964 4210 lumi,
1991 4145 2109 4199 ideo
2134 4147 2408 4215 comperio
2437 4145 2538 4199 hoc
2565 4161 2630 4200 ex
2656 4147 2892 4214 peccatis
2922 4147 3056 4202 meis
3081 4147 3389 4213 contigisse.

1886 4233 1963 4287 Tu
1988 4243 2179 4288 autem.
2213 4235 2354 4290 Ecce
2382 4235 2570 4304 incipit
2597 4236 2879 4290 ostendere
2905 4236 3175 4304 quomodo
3195 4251 3394 4290 convao

1815 4325 1934 4389 luit,
1969 4324 2123 4394 quasi
2157 4325 2360 4380 diceret
2392 4342 2404 4378 :
2438 4324 2755 4379 Amaritudo
2809 4333 2893 4379 est
2937 4325 3090 4389 mihi,
3119 4335 3174 4377 tu
3217 4334 3391 4378 autem

1813 4414 2026 4478 eruisti,
2064 4414 2385 4484 indulgendo
2437 4415 2668 4483 spatium
2708 4416 2865 4478 vitm,
2921 4415 3150 4468 animant
3197 4432 3387 4478 meam,

1815 4512 1873 4557 ut
1924 4520 2027 4556 non
2063 4505 2253 4573 periret
2288 4518 2307 4554 :
2335 4514 2388 4558 et
2422 4518 2518 4572 per
2554 4504 2656 4557 hoc
2707 4503 2912 4569 eruisti,
2960 4504 3084 4572 quia
3123 4502 3390 4572 projecisti

198 4599 322 4655 Ideo
345 4601 422 4655 sic
443 4601 725 4670 sperabam
745 4642 759 4666 ,
789 4602 915 4671 quia
946 4600 1232 4656 inﬁrmitas
1255 4615 1285 4654 a
1313 4599 1424 4653 Deo
1450 4598 1710 4660 immissa,
1738 4575 1792 4633 D
1816 4604 1929 4664 post
1952 4605 2153 4663 tergum
2183 4603 2328 4647 tuum
2353 4595 2530 4648 omnia
2564 4603 2775 4663 peccata
2797 4611 2929 4660 mea,
2959 4594 3213 4668 oblivioni
3241 4594 3391 4650 dedi-

128 4691 206 4744 sic
226 4692 462 4745 contrivit
488 4693 666 4746 omnia
706 4708 824 4746 ossa
847 4708 981 4755 mea,
1007 4691 1158 4757 quasi
1181 4689 1261 4743 leo
1289 4687 1581 4758 confringit
1599 4702 1715 4742 om-

131 4779 224 4833 nia
249 4795 368 4850 qua:
391 4781 590 4850 rapuit.

204 4869 281 4921 De
340 4884 512 4922 mane.
563 4867 788 4937 Propter
840 4869 1137 4938 oppositam
1195 4868 1601 4923 similitudinem
1650 4865 1718 4920 de

135 4962 309 5025 leone,
326 4961 536 5030 repetit.
553 4960 620 5014 Et
633 4961 758 5029 quia
775 4959 968 5014 similis
987 4969 1105 5014 erat
1120 4960 1258 5014 leoni
1277 4958 1580 5020 inﬁrmitas,
1599 4957 1720 5012 ideo

135 5051 421 5107 dicebam:
476 5050 554 5104 De
595 5066 746 5103 mane
793 5066 955 5120 usque
1005 5049 1072 5102 ad
1106 5065 1367 5117 vesperam
1407 5049 1556 5116 ﬁnies
1608 5063 1711 5100 me.

208 5139 478 5196 Hactenus
507 5139 707 5194 dictum
747 5147 830 5194 est
851 5139 914 5194 de
947 5140 1213 5209 gravitate
1255 5139 1583 5193 inﬁrmitatis
1613 5155 1625 5190 :
1661 5145 1718 5192 et

139 5227 266 5297 quia
307 5235 524 5296 propter
555 5235 776 5295 peccata
820 5228 1025 5282 scilicet
1053 5228 1295 5297 contigit,
1326 5228 1414 5281 hic
1436 5227 1504 5281 de
1545 5227 1716 5296 pteni-

141 5317 307 5373 tentia
337 5326 680 5387 peccatorum
722 5317 923 5385 incipit,
951 5333 1113 5387 quam
1150 5319 1203 5372 in
1245 5319 1355 5387 ipsa
1400 5316 1716 5370 inlirmitate

145 5405 332 5460 habuit
357 5405 510 5473 quasi
547 5404 785 5458 diceret:
817 5403 983 5459 Video
1011 5407 1224 5474 quidem
1254 5415 1470 5474 propter
1495 5412 1712 5473 peccata

146 5497 286 5551 hanc
316 5495 682 5550 inﬁrmitatem
711 5496 977 5559 evenisse,
1002 5498 1094 5552 sed
1117 5498 1182 5550 ad
1209 5499 1490 5551 Dominum
1516 5497 1590 5550 sic
1618 5497 1724 5550 cla-

147 5588 298 5640 mabo
340 5593 450 5641 tota
476 5586 672 5641 mentis
700 5586 1016 5651 intentione,
1048 5587 1180 5640 sicut
1213 5586 1388 5655 pullus
1425 5587 1717 5641 hirundinis

150 5677 239 5748 qui
263 5677 491 5734 maxime
510 5691 572 5732 os
588 5678 760 5747 aperit
797 5678 852 5732 in
885 5677 1142 5742 clamore,
1165 5686 1221 5732 et
1243 5678 1321 5733 sic
1356 5679 1520 5734 etiam
1554 5679 1716 5733 medi-

151 5770 300 5824 tabor
330 5778 383 5822 ut
411 5768 674 5835 columba,
712 5768 993 5824 clamando
1020 5776 1243 5840 peccata
1266 5769 1632 5840 ingemiscam.

1817 4680 1885 4736 sti
1925 4681 2278 4737 condonanda
2312 4699 2324 4734 :

1888 4771 2021 4837 Quia
2038 4771 2158 4827 ideo
2179 4787 2266 4826 me
2295 4771 2506 4834 eruisti,
2529 4778 2588 4823 ut
2609 4772 3144 4842 ereptusconiiterer,
3161 4785 3266 4840 qua
3293 4770 3390 4824 ali-

1818 4870 1903 4919 ter
1921 4878 2028 4917 non
2055 4878 2266 4933 possem
2293 4862 2560 4927 conﬁteri,
2582 4864 2707 4932 quia
2747 4880 2846 4916 non
2874 4865 3109 4933 infernus
3130 4863 3394 4931 conﬁtebi-

1823 4962 1910 5006 tur
1951 4955 2064 5007 tibi.
2112 4953 2303 5008 Nullus
2347 4961 2627 5022 postquam
2675 4955 2727 5008 in
2766 4954 2979 5009 inferno
3033 4965 3116 5008 est
3160 4955 3391 5024 positus,

1822 5053 2000 5114 potest
2023 5054 2076 5100 te
2102 5045 2342 5109 laudare,
2372 5045 2450 5099 sic
2474 5060 2573 5099 nec
2603 5061 2702 5116 ego
2724 5047 2769 5100 si
2801 5047 2872 5101 ibi
2910 5061 3140 5114 ponerer
3175 5044 3394 5114 exigen-

1824 5136 1968 5190 tibus
1993 5135 2249 5204 peccatis,
2280 5149 2440 5203 neque
2461 5151 2621 5199 mors,
2650 5137 2700 5189 id
2729 5143 2810 5190 est
2832 5135 3026 5204 aliquis
3065 5133 3117 5188 in
3153 5134 3394 5204 peccatis

1822 5234 2083 5288 mortuus,
2128 5225 2291 5279 etiam
2329 5224 2383 5278 in
2421 5226 2523 5280 hac
2551 5227 2786 5281 laudabit
2839 5235 2888 5279 te
2939 5225 3079 5279 sicut
3113 5225 3287 5288 decet,
3317 5225 3396 5277 sic

1822 5331 1921 5370 nec
1946 5331 2048 5384 ego
2083 5315 2127 5369 si
2153 5315 2207 5368 in
2240 5317 2476 5385 peccatis
2511 5331 2917 5386 perseverarcm
2945 5332 2958 5367 :
3007 5322 3061 5369 et
3089 5315 3161 5368 illi
3189 5314 3280 5382 qui
3307 5313 3396 5367 de-

1821 5403 2074 5456 scendunt
2098 5404 2153 5456 in
2192 5403 2366 5456 lacum
2391 5445 2406 5468 ,
2452 5403 2505 5458 id
2543 5412 2624 5457 est
2647 5403 2700 5456 in
2723 5400 3013 5465 infernum,
3065 5401 3146 5454 vel
3175 5399 3398 5469 profun-

1821 5495 1948 5547 dum
1977 5493 2253 5556 vitiorum,
2281 5510 2384 5547 non
2417 5493 2782 5563 exspectabant
2824 5493 3091 5545 veritatem
3144 5501 3307 5552 tuam,
3343 5488 3394 5541 id

1819 5595 1903 5643 est
1948 5587 2003 5641 in
2049 5602 2211 5642 carne
2263 5587 2384 5641 Filii
2429 5587 2506 5641 tui
2550 5586 2867 5654 promissam
2913 5584 3012 5638 sibi
3065 5583 3252 5638 utilem
3286 5595 3398 5635 non

1818 5680 2166 5751 intelligunt:
2225 5680 2304 5735 sic
2342 5695 2443 5735 nec
2486 5693 2607 5748 ego,
2655 5677 2700 5733 si
2749 5679 2802 5733 in
2857 5678 3094 5748 peccatis
3127 5689 3393 5736 morerer,

1818 5771 1899 5826 vel
1931 5771 1972 5826 si
2004 5771 2055 5825 in
2097 5770 2332 5840 peccatis
2359 5783 2780 5840 perseverarem,
2805 5767 3230 5822 incarnationem
3262 5762 3384 5818 Filii
