3898 6470
537 409 642 467 699

1024 409 1113 464 ΙΙΑ
1127 406 1378 465 YMONIS
1413 405 1891 464 HALBERSTAT.
1929 406 2145 464 EPlSC.
2183 405 2333 463 OPP.
2368 404 2549 462 PARS
2582 406 2624 462 1.
2662 438 2732 449 -
2765 408 3118 465 COMMENT.
3159 412 3330 467 BIBL.

3727 421 3875 505 7m!

538 524 616 579 tui
673 523 915 580 futuram
974 536 1084 577 non
1136 521 1489 593 intelligerem
1556 521 1691 576 mihi
1758 522 2114 591 profuturam.
2145 534 2194 592 Α
2223 520 2498 587 solebatis,
2516 521 2779 591 proferre,
2814 525 3057 581 recedant
3079 528 3144 583 de
3164 545 3252 583 ore
3273 540 3478 596 oestro;
3511 530 3655 588 ideo
3677 551 3807 592 rece-

616 611 822 669 Vivens.
857 612 936 667 Illi
973 626 1078 666 non
1109 611 1527 676 conﬁtebuntur,
1557 611 1651 665 sed
1679 612 1871 676 vivens,
1924 612 1978 666 id
2006 619 2108 674 est,

535 702 683 758 solus
697 703 753 757 iu
767 702 1056 757 virtutibus
1074 700 1242 755 vivens
1263 700 1315 754 in
1337 701 1611 770 praesenti,
1635 709 1689 755 et
1715 701 1768 754 in
1785 702 2114 757 beatitudine

535 800 661 863 post
682 801 933 858 mortem,
968 792 1076 861 ipse
1097 789 1242 845 solus
1267 790 1600 859 conﬁtebitur
1616 790 1709 845 tibi
1740 803 1759 842 :
1796 799 1851 846 et
1878 791 2001 846 ideo
2026 806 2112 846 me

535 885 843 950 viviﬁcasti,
879 891 938 938 ut
964 883 1061 938 tibi
1091 881 1398 938 conﬁterer.

609 974 964 1030 Conﬁtebitur
989 973 1086 1027 tibi
1117 973 1262 1038 dico,
1301 981 1357 1028 et
1387 971 1583 1044 aliquis
1627 972 1840 1029 illorum
1861 974 2109 1030 viviﬁca-

536 1075 715 1121 torum
747 1065 922 1121 factus
948 1075 1098 1136 pater
1123 1074 1180 1120 et
1223 1065 1416 1122 doctor
1442 1066 1586 1132 aliis,
1618 1067 1773 1137 faciet
1797 1068 1944 1137 ﬁliis.
1975 1085 2110 1138 quos

534 1157 692 1213 docet
743 1167 922 1211 notam
976 1155 1241 1211 veritatem
1277 1165 1444 1221 tuam,
1499 1156 1551 1211 id
1588 1165 1673 1211 est
1728 1159 2109 1228 promissioucs

533 1258 681 1313 tuas,
710 1246 855 1318 quod
902 1261 1009 1302 non
1037 1247 1120 1302 vis
1167 1255 1399 1301 mortem
1430 1248 1751 1317 peccatoris,
1789 1248 1885 1303 sed
1930 1249 2110 1319 potius

466 1386 479 1399 ρ
532 1346 593 1391 ut
612 1344 980 1401 convertatur,
1008 1344 1065 1391 et
1100 1336 1244 1391 vivat
1270 1334 1486 1406 (Ezech.
1511 1337 1668 1407 xvtn)
1699 1355 1713 1392 :
1762 1339 1896 1392 sicut
1933 1348 1980 1393 et
2015 1356 2108 1409 ego

531 1425 688 1479 hodie
715 1425 935 1481 notiﬁeo
954 1440 1054 1495 per
1075 1424 1445 1480 inﬁrmitatem
1471 1433 1528 1481 et
1555 1426 1887 1481 sanationem
1909 1441 2105 1481 meam.

602 1515 672 1569 Et
687 1523 747 1568 ut
765 1516 969 1585 possim
984 1515 1251 1580 conﬁteri,
1279 1516 1517 1582 Domine,
1543 1516 1684 1571 sicut
1703 1517 1933 1586 caepisti,
1957 1516 2108 1571 dein-

531 1620 660 1675 ceps
687 1609 891 1660 salvum
920 1622 1002 1660 me
1042 1606 1128 1675 fac
1154 1614 1207 1661 et
1244 1606 1396 1671 alios,
1420 1616 1468 1661 et
1497 1608 1856 1661 communiter
1879 1606 2105 1677 psalmos

531 1706 736 1750 nostros
798 1696 1121 1751 cantabimus
1175 1698 1370 1751 cunctis
1419 1696 1600 1751 diebus
1651 1699 1768 1751 uiue
1813 1706 2004 1751 nostri?
2050 1698 2107 1752 in

530 1785 688 1840 domo
712 1786 943 1853 Domini,
966 1801 1074 1841 non
1099 1786 1152 1840 in
1174 1786 1422 1852 excelsis,
1447 1786 1586 1842 sicut
1605 1787 1883 1858 hucusque
1902 1788 2105 1857 promi-

531 1886 673 1933 mu'
1014 1945 1366 2003 CANTICUM
1411 1946 1642 2003 ANNm.

600 2054 919 2112 Exsultauit.
946 2058 1101 2113 Anna
1129 2058 1219 2114 diu
1252 2072 1505 2128 perpessa
1533 2060 1879 2130 opprobrium
1908 2061 2109 2117 sterili-

529 2149 659 2204 tatis
698 2150 767 2205 ab
804 2149 995 2205 mmula
1038 2164 1135 2205 sua
1171 2148 1424 2205 Fenenna
1458 2160 1513 2205 et
1548 2150 1671 2208 ﬁliis
1703 2151 1840 2221 ejus,
1888 2153 2105 2208 tandem

530 2238 841 2304 fecundata,
881 2250 938 2294 et
981 2239 1231 2296 Samuele
1284 2241 1393 2294 ﬁlio
1419 2256 1533 2302 suo.
1567 2243 1706 2297 sicut
1733 2258 1850 2298 mos
1878 2252 2015 2309 erat,
2049 2244 2104 2299 in

528 2330 732 2399 templo
759 2330 1011 2396 adducto,
1046 2330 1201 2401 quasi
1226 2346 1325 2401 pro
1347 2332 1646 2402 gratiarum
1667 2333 1880 2388 actione
1906 2334 2105 2389 cecinit

526 2419 632 2474 hoc
647 2421 916 2475 canticum
942 2422 1186 2487 Domino,
1214 2422 1267 2476 in
1296 2436 1402 2491 quo
1430 2422 1593 2477 etiam
1624 2425 1913 2493 pr0phetat
1952 2425 2101 2481 salu-

529 2520 663 2576 tem,
707 2526 867 2580 quam
916 2513 1173 2567 Dominus
1218 2520 1461 2582 tempore
1512 2513 1682 2582 ipsius
1732 2513 2019 2581 Samuelis,
2047 2522 2103 2571 et

524 2617 625 2672 per
650 2602 829 2673 ipsum
850 2602 1155 2657 Samuelem
1178 2602 1420 2657 facturus
1447 2612 1591 2658 esset
1610 2603 1903 2661 lsraelitico
1926 2620 2099 2676 popu-

525 2692 600 2748 lo.
640 2693 746 2748 Per
766 2694 977 2748 Annam
1008 2694 1159 2764 prius
1196 2693 1456 2761 sterilem,
1506 2704 1691 2765 postea
1733 2697 2096 2765 fecundatam,

524 2783 862 2854 signiﬁcatur
884 2784 1179 2855 gentilitas,
1205 2800 1325 2854 qum
1351 2786 1501 2855 prius
1526 2786 1778 2857 despecta
1813 2804 1843 2841 a
1877 2788 2094 2852 Judaeis,

524 2883 711 2944 postea
733 2888 1013 2941 conversa,
1040 2874 1239 2930 Iudaeis
1261 2884 1343 2930 est
1366 2877 1586 2944 prmlata
1618 2894 1632 2930 :
1673 2876 2096 2947 pechnennam

522 2960 780 3017 Judaieus
807 2964 1052 3033 populus,
1082 2965 1173 3033 qui
1202 2974 1327 3019 ante
1351 2979 1382 3019 a
1433 2966 1544 3021 Deo
1587 2976 1864 3038 acceptus,
1911 2978 2097 3038 postea

521 3058 608 3104 est
628 3051 936 3120 repudiatus
961 3071 974 3105 :
998 3068 1095 3121 per
1118 3051 1443 3120 Samuelem,
1468 3056 1737 3122 Christus,
1764 3059 1854 3127 qui
1885 3058 2097 3115 futurus

522 3148 645 3195 erat
692 3141 837 3196 salus
865 3139 1070 3196 Iudaici
1098 3144 1299 3212 populi,
1350 3145 1406 3200 id
1452 3153 1537 3200 est
1588 3149 1763 3203 omnis
1801 3150 2090 3205 credentis.

2219 611 2371 677 dant,
2401 614 2525 683 quia
2554 613 2697 669 Deus
2719 616 2900 670 omnia
2940 618 3263 687 praevidens,
3312 636 3438 676 cum
3474 638 3589 679 vos
3618 627 3802 684 exitum
3874 654 3875 687 ἡ

2220 701 2298 756 rei
2346 718 2451 757 non
2498 703 2828 775 intclligatis,
2862 704 3136 774 iactantiae
3176 719 3375 765 vestra:
3411 726 3658 781 poenam
3690 731 3801 784 pra-

2217 794 2432 863 parabit
2461 808 2476 846 :
2509 794 2612 849 hoc
2638 795 2771 849 dicit
2806 812 2819 849 τ
2848 796 2974 866 quia
2998 796 3140 852 Deus
3172 800 3530 854 scientiarum
3562 801 3800 861 Damius

2215 890 2309 947 est,
2335 892 2383 936 et
2405 883 2505 953 ipsi
2527 894 2912 953 praeparantur,
2955 884 3011 940 id
3035 895 3119 941 est
3150 895 3447 957 antequam
3506 890 3676 957 ﬁant,
3723 909 3793 950 co-

2215 984 2552 1046 gnoscuntur
2574 977 2910 1047 cogitationes
2936 977 3234 1035 hominum.

2285 1069 2353 1123 Et
2378 1068 2504 1140 quia
2550 1069 2701 1123 novit
2752 1070 3112 1127 conscientias
3155 1081 3371 1129 vestras
3417 1078 3716 1146 superbas,
3749 1094 3789 1135 et

2215 1175 2392 1216 meam
2413 1161 2796 1227 humilitatem,
2825 1161 2944 1218 ideo
2973 1178 3069 1219 vos
3089 1164 3357 1234 deposuit,
3390 1177 3450 1222 et
3477 1184 3595 1223 nos
3619 1170 3785 1225 exalia

2214 1251 2293 1305 vit
2323 1251 2465 1306 :hoc
2493 1250 2626 1306 dicit
2656 1269 2670 1305 :
2702 1268 2876 1318 arcus,
2906 1252 2959 1307 id
2982 1262 3065 1308 est
3085 1262 3347 1323 potestas,
3373 1256 3636 1326 fortium,
3662 1259 3780 1315 idest

2214 1341 2418 1397 aemula:
2444 1352 2499 1397 et
2538 1341 2792 1410 ﬁliorum,
2840 1352 2895 1399 et
2922 1344 3349 1413 Philistinornm,
3403 1361 3693 1418 superatas
3725 1366 3777 1405 est

2213 1447 2312 1502 per
2343 1448 2519 1489 meam
2549 1432 2956 1500 fecunditatem,
2982 1444 3037 1490 et
3056 1451 3153 1506 per
3180 1436 3581 1493 fortitudinem
3606 1438 3774 1495 Judae-

2216 1539 2359 1590 rum,
2395 1534 2443 1577 et
2468 1524 2665 1593 inﬁrmi
2688 1539 2789 1595 ego
2812 1533 2867 1579 et
2882 1526 3009 1591 mei,
3039 1526 3119 1580 vel
3144 1527 3306 1579 etiam
3343 1526 3618 1592 Hebrmi,
3652 1533 3771 1584 male

2216 1626 2314 1681 per
2342 1612 2506 1668 istum
2533 1613 2702 1667 tilium
2724 1623 2844 1667 sunt
2867 1616 3084 1668 accincti
3107 1616 3307 1670 robore.

2285 1700 2353 1757 Et
2374 1703 2469 1769 illi,
2492 1705 2582 1773 qui
2603 1706 2749 1775 prius
2769 1704 2947 1775 repleti
2970 1705 3184 1760 fuerant
3209 1715 3504 1777 potestate
3517 1718 3577 1763 et
3598 1710 3757 1769 divitis,

2214 1795 2376 1849 modo
2399 1810 2492 1864 pro
2513 1794 2734 1864 panibus
2759 1795 2958 1864 quibus
2982 1803 3384 1861 saturarenlur,
3409 1814 3473 1851 se
3510 1797 3760 1852 locum

2132 1885 2181 1946 B
2208 1895 2261 1943 et
2276 1888 2510 1943 servient
2528 1896 2587 1942 ut
2606 1889 2944 1955 mercenarii,
2959 1899 3004 1942 et
3028 1889 3177 1960 prius
3202 1890 3475 1959 famelici,
3495 1900 3558 1945 ut
3575 1908 3667 1963 ego
3682 1893 3755 1963 ipsa

2116 2022 2119 2023 ν
2207 1979 2291 2033 vel
2311 1976 2500 2043 Judaei,
2530 1980 2756 2033 saturati
2773 1989 2915 2033 sunt.

2276 2069 2475 2125 Donec.
2505 2071 2617 2140 Ego
2640 2070 2898 2140 paulatim
2937 2079 3141 2126 tantum
3187 2072 3359 2137 crevi,
3404 2081 3470 2127 et
3511 2074 3746 2129 advaan

2204 2159 2580 2226 decreverunt,
2611 2162 2781 2217 donec
2820 2161 2887 2216 ad
2934 2163 3222 2217 maximam
3255 2163 3545 2220 vilitatem
3572 2165 3741 2218 dei-ese

2204 2259 2333 2307 runt
2360 2267 2374 2305 :
2397 2252 2501 2308 hoc
2530 2251 2660 2307 dicit
2691 2270 2704 2306 :
2737 2252 2901 2307 donec
2923 2254 3134 2318 sterilis,
3160 2255 3214 2309 id
3242 2264 3331 2312 est
3354 2272 3474 2327 ego
3510 2258 3592 2313 vel
3613 2257 3733 2311 inde:

2202 2344 2401 2415 potius,
2431 2344 2700 2413 impotens
2711 2345 2967 2400 resistere
2986 2345 3273 2415 allophilis,
3291 2350 3509 2419 peperit
3521 2350 3719 2419 planae.

2201 2444 2269 2499 et,
2298 2434 2388 2488 illa
2425 2435 2617 2490 mmula
2668 2452 2787 2505 quae
2828 2435 3019 2491 multos
3040 2437 3217 2491 habuit
3244 2438 3391 2507 ﬁlios
3423 2440 3521 2495 vel
3545 2441 3711 2509 aliqui.

2202 2527 2294 2596 qui
2320 2526 2519 2585 multos
2544 2528 2814 2583 habebant
2838 2529 3141 2595 bellicosos,
3173 2530 3458 2599 inﬁrmata
3491 2545 3584 2586 est.

2269 2615 2338 2671 Et
2369 2616 2471 2672 hoc
2497 2616 2639 2686 quod
2663 2632 2763 2688 ego
2801 2633 2918 2672 sum
2970 2626 3234 2683 saturata,
3284 2628 3345 2673 et
3388 2621 3479 2674 illi
3520 2622 3727 2681 inﬁrmati.

2200 2708 2301 2762 hoc
2322 2715 2402 2763 est
2422 2723 2520 2777 per
2531 2708 2835 2774 Dominum,
2854 2710 2945 2779 qui
2962 2725 3095 2779 quos
3118 2711 3233 2765 vult
3252 2713 3568 2781 mortificat,
3590 2724 3734 2782 etquis

2196 2799 2311 2854 vult
2336 2800 2563 2869 viviﬁcat
2589 2810 2643 2856 et
2664 2801 3017 2858 mortiﬁcatos
3043 2804 3251 2858 deducit
3280 2804 3356 2858 ad
3380 2806 3599 2875 inferos,
3623 2814 3667 2859 ut
3686 2805 3734 2857 ili

2196 2899 2457 2959 perpetuo
2478 2901 2812 2955 remaneant,
2834 2904 2883 2947 et
2906 2895 3166 2964 quosdam
3189 2895 3414 2962 reducit,
3441 2898 3564 2967 quia
3590 2898 3735 2967 pmi-

2195 2978 2357 3035 debat
2380 2980 2557 3049 justos
2582 2985 2636 3035 in
2668 2982 2869 3038 Christi
2905 2985 3306 3039 resurrectione
3334 2987 3666 3042 reducendos.

2266 3070 2525 3126 Dominus
2566 3072 2729 3126 etiam
2760 3074 3037 3143 pauperem
3073 3075 3200 3145 facit
3226 3087 3273 3130 et
3295 3078 3433 3132 ditat
3460 3081 3510 3132 iu
3548 3079 3731 3139 divitiis.

2195 3160 2436 3213 humiliat
2459 3167 2506 3213 et
2537 3160 2768 3216 sublevat
2791 3163 2845 3217 in
2868 3164 3252 3234 potestatibus.

526 3229 755 3286 Materia
778 3240 861 3287 est
882 3230 1024 3287 ﬁlius
1041 3233 1211 3324 Anna:
1230 3248 1273 3324 a
1289 3233 1401 3290 Deo
1414 3234 1591 3290 datus.
1617 3235 1804 3293 Modus
1822 3247 1926 3304 est,
1946 3240 2091 3310 quod
2118 3228 2163 3290 C
2266 3251 2381 3320 Ipse
2406 3251 2526 3306 dico
2550 3253 2813 3308 εηδεξεαηε
2836 3228 2902 3308 ,{e
2921 3254 3150 3324 pulvere,
3192 3257 3247 3311 id
3293 3266 3379 3312 εει
3411 3258 3468 3312 δε
3509 3256 3723 3311 infcriori

519 3322 759 3377 ostendit
803 3321 1037 3391 qualiter
1090 3323 1206 3392 ipsa
1248 3321 1402 3378 Anna
1428 3339 1529 3402 pro
1567 3324 1677 3381 ﬁlio
1719 3328 1824 3384 sibi
1861 3330 1988 3385 dato
2029 3346 2089 3386 sc

518 3413 791 3478 habuerit,
817 3413 1044 3479 scilicet,
1067 3414 1209 3484 quod
1243 3415 1354 3471 Deo
1381 3416 1552 3471 datori
1575 3418 1776 3487 gratias
1805 3422 2008 3486 retulit,
2034 3431 2089 3478 et

516 3508 647 3578 quid
676 3523 773 3578 per
793 3508 965 3578 ipsum
989 3508 1289 3564 Samuelem
1308 3511 1554 3581 contigit,
1576 3512 1798 3580 scilicet,
1824 3516 1968 3570 salus
1989 3532 2087 3586 po-

513 3599 649 3667 puli,
697 3607 753 3653 et
793 3599 1088 3655 destructio
1124 3601 1378 3655 hostium.
1427 3601 1659 3659 Intentio
1712 3613 1832 3672 est,
1880 3609 2086 3663 hortari

513 3688 584 3741 ad
632 3689 843 3745 laudem
888 3691 1018 3754 Dei,
1068 3705 1165 3761 pro
1202 3693 1586 3762 impetratione
1645 3696 1871 3767 alicujus
1923 3699 2089 3755 bene-

512 3779 643 3833 ﬁcii.

584 3870 701 3926 Vox
723 3870 910 3936 Annae,
935 3872 1003 3927 de
1023 3882 1245 3944 accepto
1270 3873 1380 3930 ﬁlio
1402 3877 1826 3947 congratulantis
1852 3895 1866 3932 :
1898 3880 2089 3936 Exsul-

512 3961 637 4015 tauit
660 3978 752 4015 cor
768 3977 939 4016 meum
963 3963 1019 4016 in
1044 3962 1269 4017 Domino
1302 3965 1446 4035 quod
1469 3967 1617 4023 dedit
1640 3970 1773 4023 mihi
1798 3968 1965 4025 ﬁlium
1993 3987 2008 4036 ;
2036 3982 2085 4027 et

510 4066 675 4105 cornu
703 4067 892 4117 meum,
935 4052 992 4106 id
1015 4062 1120 4117 est,
1161 4054 1403 4111 defensio
1439 4072 1559 4111 mea
1594 4069 1783 4115 contra
1817 4063 2087 4134 imprope-

510 4143 653 4197 rium
678 4143 998 4208 sterilitatis,
1028 4146 1316 4200 exaltatum
1347 4158 1422 4202 est
1463 4148 1518 4203 in
1558 4150 1669 4206 Deo
1719 4170 1852 4219 meo,
1882 4172 1988 4211 non
2029 4159 2084 4213 in

510 4245 601 4287 me
630 4232 927 4301 superbivi,
956 4233 1052 4289 sed
1088 4234 1143 4288 in
1179 4236 1430 4295 omnibus
1466 4254 1554 4294 me
1605 4252 1816 4312 gratam
1866 4247 2084 4303 exhibui

509 4319 646 4375 Deo.

576 4414 645 4469 Et
667 4415 837 4486 ipsum
860 4416 1121 4484 ﬁlium,os
1139 4434 1312 4474 meum
1328 4421 1472 4491 quod
1495 4422 1626 4479 mihi
1647 4424 1797 4497 prius
1818 4428 2085 4502 imprope-

505 4507 751 4563 rantibus
792 4510 1118 4580 respondere
1142 4527 1249 4567 non
1290 4515 1558 4582 audebat,
1604 4520 1763 4575 modo
1812 4531 1888 4577 est
1938 4523 2075 4581 dila-

504 4605 673 4652 totum
699 4613 853 4668 super
874 4599 1111 4654 inimicos
1130 4617 1291 4668 meos,
1323 4603 1449 4673 quia
1482 4605 1655 4663 habeo
1680 4609 1806 4679 quid
1848 4626 2075 4683 respon-

484 4688 661 4775 ‘deam
688 4688 892 4744 aemula:
934 4699 990 4744 et
1025 4689 1150 4746 ﬁliis
1172 4692 1286 4763 ejus
1317 4708 1332 4747 :
1363 4695 1483 4750 ideo
1522 4698 1754 4753 exaltata
1783 4716 1923 4768 sum,
1950 4704 2075 4773 quia

505 4780 684 4835 lwtata
712 4796 827 4835 sum
851 4782 908 4835 in
951 4781 1171 4838 salutari
1204 4796 1315 4851 tuo,
1339 4786 1393 4841 id
1413 4796 1516 4854 est,
1542 4789 1594 4843 in
1618 4790 1743 4857 ﬁlio,
1769 4807 1930 4863 quem
1951 4811 2073 4866 pro-

502 4873 661 4930 video
698 4873 987 4931 salutarem
1017 4876 1192 4945 populi
1225 4880 1325 4945 tui,
1351 4895 1450 4949 per
1470 4888 1523 4936 te
1548 4881 1695 4937 dato.

483 4965 499 5031 ί
570 4963 687 5019 Non
708 4974 793 5020 est
815 4975 1052 5021 sanctus.
1084 4968 1151 5022 Et
1181 4970 1305 5037 quia
1326 4970 1471 5025 dedit
1491 4970 1803 5041 salutarem,
1838 4991 1938 5046 per
1966 4979 2070 5035 hoc

500 5063 749 5127 apparet,
772 5058 915 5128 quod
952 5075 1055 5113 non
1076 5069 1150 5114 est
1180 5060 1376 5131 aliquis
1401 5072 1613 5119 sanctus
1640 5074 1696 5118 ut
1719 5075 1794 5120 est
1811 5066 2069 5125 Dominus

500 5147 594 5217 qui
633 5149 966 5206 tantumdem
994 5150 1186 5204 valeat.
1242 5153 1382 5207 Vere
1426 5169 1533 5208 non
1569 5165 1654 5210 est
1685 5172 1837 5227 teque
1876 5158 2068 5230 aliquis

500 5245 740 5304 sanctus,
781 5255 942 5311 neque
989 5242 1124 5296 enim
1155 5251 1231 5295 est
1283 5243 1421 5297 alius
1468 5254 1617 5300 eastra
1663 5257 1732 5302 te.
1773 5248 1960 5304 Nullus
1987 5260 2071 5307 est

499 5338 741 5397 sanctus,
766 5331 868 5386 nisi
891 5348 988 5402 per
1006 5342 1074 5399 te,
1095 5345 1141 5387 et
1165 5349 1267 5387 non
1283 5344 1358 5388 est
1381 5335 1579 5407 aliquis
1607 5338 1758 5407 fortis
1788 5341 1843 5396 in
1871 5342 2066 5400 dandis

474 5417 793 5487 beneﬁciis,
824 5430 1013 5491 potens
1035 5423 1164 5477 sicut
1188 5422 1329 5478 Deus
1350 5436 1542 5481 noster.

567 5507 709 5578 Ergo
754 5509 934 5577 nolite,
966 5520 1019 5565 tu
1041 5512 1231 5567 atmula
1264 5522 1320 5569 et
1347 5514 1440 5569 ﬁlii
1475 5516 1752 5587 Philistmi,
1807 5538 1942 5592 quos
1982 5525 2064 5580 in-

497 5594 677 5669 telligo
703 5600 1062 5658 devincendos
1100 5603 1154 5657 in
1183 5607 1483 5663 sacerdotio
1522 5608 1615 5662 ﬁlii
1646 5611 1773 5678 mei,
1814 5614 2064 5686 multipli—

497 5704 618 5743 care
639 5690 868 5760 loquitur
880 5692 1122 5749 sublimia
1148 5696 1288 5752 sicut
1310 5714 1481 5769 usque
1499 5700 1605 5755 huc
1624 5700 1928 5771 gloriantes.
1943 5706 2059 5764 Non

499 5787 704 5837 tantum
740 5800 875 5840 non
893 5801 999 5843 non
1026 5788 1411 5859 multiplicetis,
1436 5791 1529 5849 sed
1555 5792 1717 5849 etiam
1743 5804 1907 5851 vetera
1938 5812 2057 5868 qua:

2189 3342 2359 3413 gradu
2394 3359 2608 3414 egenum
2633 3346 2773 3401 sicut
2814 3361 2924 3414 me,
2965 3349 3050 3404 vel
3105 3363 3292 3404 meum
3317 3350 3547 3420 populum,
3587 3350 3707 3403 dde

2187 3443 2434 3500 stercore,
2484 3435 2537 3489 id
2567 3446 2671 3503 est,
2704 3436 2771 3492 de
2811 3451 3008 3509 magno
3046 3440 3333 3510 opprobrio
3372 3449 3422 3494 et
3442 3437 3713 3505 abjectioue

2185 3539 2463 3593 pauperem
2487 3526 2687 3595 erigens
2723 3526 2778 3580 in
2802 3542 3051 3598 magnam
3071 3528 3411 3599 dignitatem.

2256 3612 2338 3667 Ad
2361 3614 2463 3669 hoc
2484 3615 2719 3685 erigens,
2755 3626 2812 3670 ut
2837 3617 3014 3672 sedeat
3046 3635 3165 3672 cum
3212 3620 3552 3689 principibus,
3581 3628 3623 3673 et
3659 3634 3724 3671 ss-

2185 3699 2316 3756 lium
2347 3702 2529 3772 gloria:
2556 3713 2725 3758 teneat
2752 3705 2894 3759 sicut
2924 3706 3234 3776 imperator.

2259 3792 2326 3846 Et
2352 3793 2466 3863 ipse
2489 3802 2685 3863 potest,
2707 3795 3065 3851 Dominienim
3084 3807 3203 3853 sunt
3216 3799 3452 3853 cardines
3467 3800 3731 3861 terrentia:

2186 3889 2287 3946 est,
2324 3882 2500 3936 ultimi
2549 3883 2685 3939 ﬁnes
2721 3893 2878 3940 terrae
2923 3895 2973 3939 et
3008 3889 3180 3957 posuit
3214 3889 3406 3953 orbem,
3436 3889 3555 3943 hoc
3590 3897 3732 3953 est,tc

2186 3973 2587 4030 ﬁrmamentum
2622 3993 2779 4047 super
2799 3994 2887 4033 eos
2909 3980 3176 4036 cardines.

2257 4063 2515 4118 Dominus
2534 4064 2695 4118 etiam
2722 4066 2836 4135 ipse
2856 4076 3140 4138 postquam
3176 4070 3380 4125 exultat
3412 4084 3632 4129 sanctos
3646 4092 3732 4128 m-

2186 4153 2321 4208 vabit
2342 4169 2409 4208 ne
2430 4164 2653 4224 peccent
2683 4157 2835 4226 pedes
2861 4168 3157 4214 sanctorum
3178 4154 3419 4228 suerunt,
3444 4164 3500 4219 id
3529 4177 3611 4221 est
3629 4165 3736 4220 ﬁnes

2186 4243 2448 4314 ipsorum,
2476 4246 2601 4314 quia
2634 4247 2701 4301 ad
2727 4248 2924 4302 bonum
2953 4248 3115 4305 ﬁnem
3137 4252 3403 4322 perducet
3437 4270 3557 4320 eos,
3583 4267 3627 4311 et
3666 4272 3733 4311 ex-

2183 4335 2381 4406 posito,
2407 4336 2551 4407 impii
2569 4338 2906 4394 conticescent
2954 4356 3061 4396 non
3112 4344 3376 4399 audentes
3422 4349 3735 4414 mutire,nrc

2184 4424 2448 4480 habentes
2486 4426 2687 4481 bonum
2736 4428 2879 4497 quod
2921 4429 3217 4498 proferant,
3263 4436 3433 4503 positi
3466 4439 3736 4493 intenebris

2182 4514 2401 4582 inferni,
2433 4517 2544 4586 jam
2572 4518 2977 4574 conticescent:
3022 4528 3076 4576 et
3120 4524 3244 4594 quia
3281 4525 3373 4580 ille
3429 4535 3640 4585 tantum
3666 4529 3737 4600 qui

2175 4602 2254 4657 vir
2275 4612 2376 4669 est,
2402 4604 2734 4660 roborabitur
2755 4607 2811 4662 in
2843 4607 3044 4676 futuro,
3085 4620 3144 4667 et
3180 4613 3283 4668 hoc
3313 4615 3497 4673 robur
3537 4621 3637 4675 erit
3658 4635 3737 4673 nos

2175 4692 2231 4745 in
2250 4708 2346 4746 sua
2367 4692 2695 4763 fortitudine,
2721 4696 2817 4751 sed
2844 4698 2960 4753 Dei.

2249 4782 2340 4838 Vir
2367 4784 2584 4852 quidem
2616 4784 2774 4842 fortis
2816 4790 3118 4859 apparebit,
3166 4793 3259 4849 sed
3306 4795 3617 4855 adversarii
3652 4803 3740 4871 ejus

2170 4881 2417 4943 expertes
2439 4875 2631 4930 divina:
2684 4876 3017 4936 fortitudinis
3047 4882 3435 4955 formidabant,
3482 4900 3543 4946 ct
3601 4894 3738 4947 timidi

2170 4965 2506 5033 apparebunt
2531 4976 2656 5023 ante
2675 4967 2980 5038 Dominum,
3011 4982 3061 5026 et
3089 4974 3203 5044 ipse
3239 4978 3501 5038 existens
3531 4985 3588 5037 in
3608 4984 3737 5039 edis.

2168 5055 2367 5109 tonabit
2390 5071 2486 5126 per
2507 5057 2689 5114 tubam
2717 5063 3027 5134 archangeli
3058 5066 3390 5124 horribiliter
3424 5090 3601 5143 super
3627 5076 3740 5146 ipse:

2167 5146 2352 5204 dicens
2371 5149 2797 5219 :Ite,maledicti,
2822 5157 2876 5210 in
2896 5158 3065 5228 ignem
3088 5170 3340 5216 (sternam
3394 5165 3598 5236 (Matt.
3614 5170 3738 5237 xxv}

2169 5238 2266 5294 Vel
2292 5248 2606 5332 antequam
2634 5245 2818 5299 veniat
2841 5248 2908 5302 ad
2936 5248 3065 5303 illud
3084 5251 3365 5320 judicium,
3396 5256 3463 5311 in
3497 5260 3607 5316 hoc
3628 5276 3739 5332 pre-

2167 5328 2306 5383 senti
2334 5331 2599 5387 intonabit
2619 5333 2673 5387 in
2699 5335 2873 5403 ctelis,
2892 5336 2944 5391 id
2970 5346 3054 5393 est
3080 5354 3178 5409 per
3205 5344 3523 5413 apoStolos,
3570 5328 3658 5420 qui
3678 5351 3745 5404 eis

2170 5416 2510 5488 praedicando
2536 5427 2929 5483 annuntiabunt
2947 5429 3180 5487 futuram
3200 5434 3513 5493 miseriam.

2189 5562 2193 5568 .
2241 5526 2309 5582 Et
2358 5545 2462 5584 non
2504 5532 2699 5587 mirum
2749 5535 2795 5590 si
2831 5537 3267 5610 formidaverint,
3303 5544 3437 5613 quia
3500 5549 3747 5605 Dominus

2169 5621 2224 5674 in
2264 5621 2356 5676 illo
2393 5622 2597 5691 judicio
2642 5628 2903 5697 judicabit
2946 5649 3121 5690 omnes
3162 5636 3291 5706 ﬁnes
3340 5649 3547 5709 terrae,
3590 5647 3645 5701 id
3680 5655 3750 5702 est

2168 5711 2530 5782 cujuscunque
2573 5717 2717 5771 modi
2764 5719 3027 5787 homines,
3077 5732 3132 5778 ct
3182 5726 3285 5781 hoc
3312 5743 3412 5798 per
3461 5730 3677 5801 ﬁlium;
3704 5746 3750 5790 et

2166 5799 2268 5856 hoc
2293 5800 2419 5858 dicit
2453 5819 2464 5858 τ
2501 5801 2568 5858 Et
2595 5805 2734 5863 dabit
2760 5810 3029 5881 imperium
3058 5815 3165 5885 regi
3206 5832 3299 5871 suo
3328 5816 3589 5894 Christo,
3624 5799 3673 5882 et
3700 5827 3748 5881 in
