3898 6462
63 423 127 480 0|

63 534 125 589 lo
144 532 359 603 judicio
392 551 572 601 cornu,
596 534 649 592 id
685 545 771 591 est
804 531 1163 598 altitudinem,
1203 533 1345 603 quod
1378 532 1433 587 in
1479 532 1603 602 qui-
1630 538 1681 595 Α

65 626 266 682 usdam
295 626 609 697 depressum
634 627 876 692 videtur;
904 623 1203 680 sublimabit
1241 632 1301 678 ut
1323 624 1481 694 hujus
1514 623 1612 676 hu-

63 715 289 771 ianitati
317 716 498 772 omnia
525 714 899 785 subiiciantur,
930 712 1124 769 Christi
1147 712 1249 781 sui,
1276 712 1331 768 id
1352 721 1437 768 est
1463 710 1611 777 Filii,

65 819 129 859 er
149 803 459 860 Samuelem
487 804 797 877 signiﬁcati.

98 892 411 965 Allegorice
439 902 617 964 potest
649 894 890 963 psalmus
917 892 994 947 ita
1029 901 1173 948 totus
1204 890 1331 963 legi.
1357 890 1473 946 Vox
1512 889 1615 944 Ec-

63 984 216 1040 lesim
239 985 308 1040 de
327 985 607 1054 gentibus:
637 985 942 1041 Exsultavit
965 1000 1059 1041 cor
1084 998 1264 1039 meum
1285 984 1341 1038 in
1363 983 1610 1047 Domino,

68 1076 163 1129 uia
187 1083 468 1146 assumpta
495 1090 614 1131 sum
646 1076 715 1131 ad
752 1074 911 1131 fidem
940 1091 955 1128 :
1002 1082 1059 1129 et
1098 1073 1388 1128 exaltatum
1413 1080 1497 1126 est
1520 1086 1615 1126 cor

64 1179 217 1218 leum
257 1164 316 1218 in
350 1164 461 1220 Deo
485 1179 626 1229 meo,
652 1163 781 1233 quia
808 1161 1172 1219 defensionem
1215 1159 1386 1216 habeo
1425 1167 1615 1215 contra

63 1259 472 1321 nproperautes
506 1251 737 1308 Iudaeos.

106 1342 405 1397 Dilatatum
433 1350 517 1398 est
546 1358 610 1398 os
631 1355 809 1398 meum
837 1356 1000 1413 super
1017 1340 1264 1397 inimicos
1287 1354 1459 1405 meos,
1488 1339 1615 1410 quia

71 1431 212 1486 abeo
232 1431 364 1500 quid
386 1432 467 1487 eis
489 1432 864 1503 respondeam,
888 1432 1036 1502 ipsos
1056 1429 1172 1500 jam
1192 1440 1493 1489 excmcatos
1519 1447 1616 1503 per

64 1536 212 1576 team
258 1521 726 1589 illuminationem,
759 1522 885 1592 quia
914 1522 1091 1577 laatata
1131 1537 1251 1581 sum
1284 1522 1340 1576 in
1390 1520 1616 1577 salutari

63 1627 147 1676 to,
180 1612 309 1680 quia
331 1611 489 1667 fidem
514 1611 636 1666 Filii
659 1611 734 1666 tui
779 1612 1065 1667 salvatoris
1095 1612 1324 1681 suscepi.
1351 1610 1394 1667 Ο
1420 1609 1615 1677 Judaei,

69 1700 201 1755 olite
253 1714 419 1771 super
468 1715 555 1754 me
593 1700 954 1771 multiplicare
1003 1699 1148 1770 loqui
1196 1700 1445 1756 sublimia
1500 1699 1615 1771 glo-

63 1789 261 1845 iantes.

102 1881 176 1933 Et
229 1879 489 1935 recedant
534 1888 737 1947 vetera,
783 1894 902 1950 quae
928 1880 1294 1951 improperare
1326 1879 1604 1935 solebatis.
1636 1877 1681 1937 B

63 1972 163 2025 deo
195 1970 475 2039 recedant,
502 1971 628 2041 quia
679 1986 855 2038 arcus,
910 1971 967 2026 id
1016 1980 1100 2027 est
1122 1971 1362 2042 potentia
1390 1972 1607 2027 fortium

70 2064 387 2129 udaeorum,
429 2070 513 2117 est
554 2070 834 2132 superatus
869 2077 967 2133 per
1002 2079 1122 2129 nos,
1149 2064 1243 2133 qui
1292 2062 1453 2118 modo
1490 2062 1611 2133 plus

63 2148 395 2221 intelligimus
414 2165 575 2221 quam
600 2151 698 2221 ipsi
722 2168 734 2203 :
767 2161 821 2206 et
842 2151 1062 2218 inﬁrmi,
1086 2152 1140 2208 id
1162 2161 1245 2208 est
1263 2168 1362 2208 nos
1383 2152 1610 2227 accincti

64 2254 224 2294 umus
243 2240 438 2296 robore
462 2241 718 2296 scientiae.

108 2331 178 2385 Et
227 2331 322 2387 alii
359 2330 527 2387 Judaei
562 2333 715 2404 pr’ius
759 2332 949 2403 repleti
987 2335 1272 2406 sapientia,
1324 2336 1486 2391 modo
1513 2350 1614 2407 pro

63 2421 273 2476 ianibus
298 2436 358 2477 se
384 2422 713 2488 locaverunt,
744 2422 918 2479 effecti
955 2434 1081 2479 sunt
1101 2425 1279 2481 lumen
1307 2426 1608 2496 gentilium,

63 2523 99 2569 ιι
127 2530 324 2584 panem
371 2517 492 2571 vitae
543 2516 847 2574 intellectus
899 2518 1251 2589 acciperent:
1297 2527 1354 2574 et
1379 2517 1611 2574 famelici

63 2606 293 2673 ;entiles,
357 2607 510 2679 prius
566 2608 732 2663 Deum
789 2608 1137 2680 ignorantes,
1200 2608 1426 2664 saturati
1486 2616 1614 2664 sunt

67 2698 289 2754 cientia.

111 2789 321 2847 Tandiu
346 2791 535 2857 crevit,
558 2792 728 2846 donec
751 2790 1021 2862 gentilitas
1037 2791 1185 2861 prius
1207 2790 1426 2857 sterilis,
1454 2804 1615 2861 pepe-

63 2883 111 2937 it
132 2883 397 2953 plurimos
419 2883 472 2937 in
505 2882 663 2937 ﬁdem
694 2901 707 2936 :
742 2891 795 2938 et
824 2882 913 2937 illa
940 2881 1144 2949 Iudaea,
1170 2898 1289 2955 qua:
1310 2884 1460 2954 prius
1476 2882 1611 2937 mul-

64 2987 126 3026 os
159 2970 570 3037 habebatlilios,
596 2970 649 3025 in
676 2970 877 3026 cultum
894 2971 986 3026 Dei
1005 2970 1313 3038 instructos,
1342 2972 1610 3027 inﬁrmata

63 3070 98 3117 ξι
122 3068 393 3116 εχειεεειε
414 3069 517 3115 εει.
542 3060 610 3115 Ει
632 3076 738 3115 non
760 3060 954 3115 mirum
969 3060 1015 3114 si
1036 3060 1304 3132 gentilitas
1320 3061 1393 3115 ita
1414 3062 1604 3128 crevit,

63 3154 167 3224 [uia
195 3154 455 3209 Dominus
473 3154 576 3209 hoc
600 3152 744 3221 fecit,
774 3153 1064 3210 mortificat
1086 3156 1425 3220 excaecando,
1455 3164 1510 3210 et
1532 3155 1600 3210 il-

63 3217 357 3300 uminando
382 3244 653 3302 viviﬁcat:
686 3217 902 3302 deducit
922 3247 989 3301 ad
1014 3244 1215 3302 inferos
1235 3217 1606 3315 mortiﬁcatos,
1635 3217 1680 3280 Ο

63 3335 254 3391 ἐὰιιεζι
271 3334 590 3389 viviﬁcatos.

113 3424 184 3478 Et
209 3423 353 3478 idem
373 3422 630 3501 Dominus
650 3435 916 3491 pauperes
936 3421 1065 3476 facit
1098 3421 1331 3486 Iudaeos,
1380 3430 1435 3476 et
1478 3422 1613 3477 ditat

63 3513 292 3585 gentiles,
320 3520 375 3568 et
410 3512 663 3568 humiliat
685 3513 945 3581 superbos
976 3509 1209 3580 Judmos,
1257 3522 1313 3568 et
1358 3511 1612 3568 sublimat

63 3602 279 3675 gentiles
299 3602 553 3656 humiles.

118 3691 396 3749 Suscitans
421 3693 486 3748 de
512 3691 748 3763 pulvere,
780 3693 833 3747 id
863 3701 945 3748 est
972 3693 1037 3749 de
1060 3693 1361 3765 ignorantia
1383 3708 1610 3765 egenum

63 3784 318 3855 gentilem,
346 3793 403 3841 et
429 3785 495 3841 de
521 3794 759 3840 stercore
780 3784 1095 3841 idololatriae
1124 3786 1297 3857 ipsum
1320 3799 1610 3857 pauperem

63 3874 276 3946 erigens.

114 3964 195 4018 Ad
234 3964 368 4030 hoc,
420 3970 481 4019 ut
509 3962 695 4020 sedeat
712 3979 836 4019 cum
863 3964 1217 4036 principibus,
1263 3964 1318 4021 id
1353 3971 1439 4020 est
1483 3980 1608 4020 eum

63 4052 314 4124 ipostolis,
346 4060 400 4109 et
431 4052 626 4110 solium
659 4052 844 4124 gloriae
883 4061 1063 4108 teneat
1095 4053 1150 4108 in
1192 4062 1393 4110 :eterna
1430 4052 1607 4109 beati-

69 4143 247 4198 udiue.

111 4233 319 4291 Domini
342 4234 484 4290 enim
508 4241 633 4290 sunt
651 4233 898 4291 cardines
922 4241 1082 4291 terra:
1108 4250 1124 4290 :
1147 4232 1287 4290 sicut
1305 4233 1608 4305 expositum

63 4332 128 4381 εει
154 4339 318 4395 usque
339 4324 394 4379 in
421 4324 604 4381 ﬁnem.

209 4471 554 4530 CANTICUM
582 4473 792 4531 MOYSI
811 4476 903 4532 AD
924 4475 1142 4535 FlLlOS
1163 4477 1431 4535 ISRAEL.

117 4578 391 4635 Cantemus
420 4580 665 4638 Domino.
703 4583 857 4640 Filiis
876 4583 1041 4641 Israel
1065 4601 1165 4656 per
1189 4601 1339 4643 mare
1361 4586 1604 4644 Rubrum

63 4669 269 4736 tductis,
295 4670 451 4741 quasi
475 4685 577 4741 pro
616 4673 911 4743 gratiarum
943 4674 1154 4729 actione
1175 4676 1416 4730 cantavit
1453 4675 1602 4748 Moy-

63 4773 136 4814 tes
189 4758 444 4825 Domino,
506 4759 633 4830 quia
689 4760 937 4817 inimicos
997 4776 1184 4818 eorum
1242 4763 1608 4821 submerserat

64 4847 239 4920 Exod.
269 4848 381 4922 xv),
430 4849 533 4906 hoc
554 4851 823 4908 canticum
845 4852 1040 4919 laudis,
1062 4863 1116 4911 et
1135 4855 1273 4912 ﬁlios
1297 4855 1460 4912 Israel
1479 4872 1607 4912 can-

63 4954 168 4996 are
203 4941 399 5009 docuit,
444 4941 610 4998 Maria
640 4959 824 5001 sorore
867 4961 966 5002 sua
996 4959 1270 5017 praeeunte
1300 4958 1356 5005 et
1383 4949 1604 5006 cithari-

63 5040 223 5098 tante,
246 5031 299 5088 in
326 5047 433 5103 quo
458 5032 824 5106 praefiguravit
851 5036 1091 5093 laetitiam
1140 5047 1471 5108 sanctorum,
1510 5041 1603 5112 qui

63 5137 144 5179 ser
164 5122 479 5194 baptismum
507 5123 803 5180 submersis
831 5125 999 5194 vitiis,
1033 5136 1353 5194 evaserunt,
1394 5139 1449 5185 et
1492 5130 1603 5186 Deo

63 5214 244 5285 gratias
266 5213 522 5270 referunt.
540 5214 763 5271 Materia
789 5224 873 5272 est
895 5218 1151 5275 transitus
1179 5218 1414 5275 ﬁliorum
1434 5218 1602 5276 Israel

63 5320 143 5362 ›ει·
163 5319 303 5361 mare
330 5305 593 5372 Rubrum,
622 5314 677 5360 et
694 5308 995 5365 submersio
1022 5310 1382 5366 inimicorum.
1413 5310 1602 5367 Modus

63 5404 148 5461 est,
175 5397 308 5467 quod
330 5397 565 5453 ostendit
591 5412 651 5453 se
679 5414 781 5469 pro
813 5414 909 5455 sua
936 5401 1250 5459 liberatione
1280 5399 1336 5459 et
1356 5404 1592 5459 hostium

63 5487 407 5545 submersione
432 5487 543 5542 Deo
563 5489 765 5559 gratias
784 5489 1026 5557 reddere,
1048 5500 1102 5545 et
1123 5508 1221 5563 per
1247 5493 1388 5562 quod
1418 5502 1595 5547 trans-

69 5590 155 5636 tus
181 5581 276 5637 iste
311 5582 618 5653 contigerit,
643 5581 869 5648 scilicet,
898 5597 995 5651 per
1044 5584 1320 5639 dexteram
1353 5594 1409 5639 et
1447 5584 1598 5640 forti-

71 5672 273 5729 udinem
301 5673 397 5729 Dei
428 5691 441 5726 :
465 5682 520 5729 et
540 5673 824 5744 pr0phetat
851 5673 1012 5729 etiam
1033 5674 1160 5745 quid
1183 5674 1236 5730 in
1260 5675 1375 5745 ipso
1401 5674 1595 5732 itinere

64 5770 167 5818 iost
185 5764 457 5820 transitum
484 5771 800 5821 eventurum
835 5763 925 5832 sit,
958 5765 1177 5831 scilicet,
1224 5766 1456 5836 qualiter
1501 5782 1597 5824 eos

1114 421 1468 480 COMMENT.
1504 421 1571 477 ΙΝ
1605 420 1898 477 CANTICA
1934 422 2240 491 ALIQUG!‘

1626 4549 1683 4611 D

3176 427 3281 484 702

1706 534 1848 589 Deus
1891 534 1959 589 ab
2003 538 2256 594 omnibus
2305 539 2360 594 in
2420 538 2506 594 via
2568 540 2955 598 obsistentibus
3007 540 3278 608 liberabit,

1714 622 1884 678 donec
1906 623 2124 680 inducat
2150 626 2204 680 in
2232 635 2433 683 terram
2466 628 2860 698 promissiOnis.
2912 630 3145 687 Intentio
3170 640 3275 694 est.

1711 714 1916 771 hortari
1940 715 2009 771 ad
2050 715 2262 772 laudem
2288 718 2403 783 Dei,
2439 728 2663 789 propter
2685 719 2858 789 ipsum
2889 720 3200 774 transitum.

1784 803 1901 859 Vox
1938 803 2107 876 Moysi
2158 806 2224 861 de
2252 806 2570 862 liberatione
2596 807 2969 878 applaudentis
3017 827 3031 863 :
3085 809 3275 864 Cante-

1712 908 1829 945 mus
1851 891 2095 958 Domino,
2119 893 2341 964 gloriose
2376 896 2511 949 enim
2538 897 2901 966 magniﬁcatus
2935 906 3009 951 est
3052 911 3177 951 cum
3222 896 3278 951 in

1713 979 1948 1050 [Egypto
1980 991 2236 1051 operatus
2264 983 2335 1038 sit
2354 983 2543 1049 multa,
2574 985 2626 1038 in
2658 985 2761 1040 hac
2784 985 3153 1041 submersione
3182 986 3279 1041 lio-

1713 1072 1876 1125 stium
1919 1070 2116 1126 clarior
2155 1072 2424 1141 apparuit,
2466 1073 2592 1142 quia
2641 1090 2849 1144 equum,
2890 1074 2945 1129 id
2983 1084 3086 1139 est,
3110 1082 3278 1129 totam

1712 1174 1963 1230 pompam
1991 1168 2046 1216 et
2073 1161 2403 1232 superbiam,
2433 1172 2481 1216 et
2522 1180 2873 1230 ascensorem,
2922 1165 2977 1220 id
3001 1173 3084 1222 est
3103 1168 3281 1236 ipsum

1713 1249 2049 1305 Pharaonem
2072 1259 2127 1306 et
2154 1251 2353 1307 milites
2374 1249 2489 1319 ejus
2508 1252 2695 1322 dejecit
2719 1254 2774 1307 in
2795 1269 2959 1308 mare.

1787 1337 2070 1394 Fortitudo
2111 1357 2246 1395 mea.
2292 1340 2625 1396 Determinat
2658 1342 2777 1411 quis
2825 1343 2895 1398 sit
2940 1344 3047 1411 ille,
3076 1346 3167 1415 qui
3190 1346 3280 1417 _ita

1715 1429 1945 1500 gloriose
1994 1431 2369 1502 magniﬁcatus
2413 1439 2519 1498 est,
2567 1432 2772 1488 scilicet
2802 1432 3084 1502 Dominus,
3125 1436 3281 1505 quasi

1718 1520 1805 1575 ille
1827 1521 1920 1591 qui
1950 1521 2024 1575 ita
2071 1522 2442 1592 magniﬁcatus
2497 1533 2602 1588 est,
2652 1533 2734 1578 est
2783 1523 3035 1593 fortitudo
3066 1535 3113 1579 et
3163 1526 3280 1581 laus

1717 1625 1851 1672 mea,
1878 1608 1967 1677 qui
1992 1607 2119 1663 facit
2145 1625 2230 1663 me
2254 1609 2447 1665 fortem
2470 1619 2524 1665 et
2552 1611 2867 1667 laudabilem
2889 1622 2935 1667 et
2977 1611 3090 1683 ipse
3110 1612 3281 1669 factus

1714 1711 1798 1756 est
1819 1702 1944 1754 milii
1968 1700 2021 1754 in
2043 1700 2264 1755 salutem
2292 1702 2585 1757 submersis
2615 1703 2878 1758 liosdbus.

1785 1788 1893 1845 Iste
1921 1790 2062 1844 idem
2085 1799 2168 1847 est
2192 1791 2334 1846 Deus
2354 1800 2565 1848 creator
2593 1809 2735 1847 meus
2755 1802 2803 1847 et
2840 1794 2958 1849 ideo
2980 1794 3282 1865 gloriﬁcabo

1709 1894 1824 1932 eum
1850 1888 1906 1932 et
1937 1894 2043 1933 non
2069 1895 2238 1934 novus
2263 1876 2435 1947 Deus,
2453 1881 2545 1936 sed
2591 1880 2731 1935 Deus
2785 1883 2949 1952 patris
2977 1884 3077 1936 mei
3112 1884 3283 1937 Abra-

1710 1967 1833 2022 ham
1871 1976 1928 2023 et
1979 1967 2231 2035 aliorum,
2276 1979 2323 2025 et
2378 1969 2617 2024 exaltabo
2647 1986 2766 2024 eum
2800 1978 2853 2026 et
2883 1970 3002 2037 ideo
3038 1981 3121 2026 est
3168 1972 3283 2025 lau-

1711 2058 1938 2114 dandus.

1781 2151 2056 2206 Dominus.
2084 2152 2150 2207 Et
2171 2153 2345 2221 potuit
2385 2153 2667 2224 projicere,
2698 2161 2753 2209 et
2782 2168 2901 2210 esse
2944 2154 2998 2209 in
3022 2138 3278 2220 salutem,

1711 2250 1764 2296 ct
1794 2243 1907 2312 ipse
1935 2242 2189 2298 Dominus
2217 2254 2301 2305 est
2338 2246 2488 2313 quasi
2525 2246 2603 2298 vir
2643 2256 2905 2315 pugnator
2937 2254 3123 2300 contra
3178 2246 3281 2298 ini—

1710 2333 1881 2388 micos
1907 2332 2118 2389 fortiter
2136 2350 2380 2408 pugnans
2410 2352 2423 2387 :
2450 2342 2505 2388 et
2550 2335 2596 2389 si
2634 2336 2854 2391 nescitis
2893 2336 3015 2405 quis
3058 2335 3149 2400 sit,
3186 2351 3285 2405 ego

1714 2425 1833 2480 dico
1860 2424 2034 2491 vobis,
2061 2427 2381 2496 omnipotens
2415 2442 2601 2480 nomen
2647 2427 2761 2496 ejus
2798 2443 2816 2480 :
2868 2443 3054 2479 currus
3080 2427 3166 2479 hic
3192 2425 3286 2478 de—

1714 2514 1969 2569 terminat
2023 2529 2182 2583 quem
2231 2529 2461 2583 equum,
2494 2518 2550 2568 et
2586 2528 2745 2583 quem
2794 2529 3137 2570 ascensorem
3196 2529 3284 2568 ευ-

1711 2601 1897 2671 perius
1960 2601 2301 2657 intellexerat
2346 2620 2360 2655 :
2410 2601 2562 2670 quasi
2618 2602 2822 2656 diceret
2870 2615 2884 2655 :
2926 2610 2979 2656 et
3037 2602 3162 2671 quia
3203 2609 3286 2655 est

1711 2702 1980 2765 pugnator
2004 2703 2058 2748 et
2082 2695 2443 2763 omnipotens,
2477 2694 2597 2749 ideo
2637 2694 2864 2764 projecit
2908 2709 3093 2747 currus
3134 2691 3281 2745 Plia-

1713 2785 1891 2840 raonis
1913 2791 1966 2839 et
1998 2785 2173 2853 ipsum
2194 2783 2532 2838 Pharaonem
2556 2799 2678 2839 cum
2715 2782 2963 2854 superbia
3009 2792 3063 2837 et
3089 2798 3284 2852 pompa

1712 2889 1809 2929 sua
1838 2891 1852 2927 :
1885 2882 1938 2928 et
1965 2888 2073 2928 non
2100 2873 2275 2943 ipsum
2301 2881 2528 2939 tantum,
2553 2873 2646 2928 sed
2664 2873 2947 2927 exercitum
2969 2871 3103 2941 ejus,
3129 2872 3179 2925 id
3203 2879 3287 2925 est

1711 2970 1881 3018 totum
1916 2963 2228 3019 comitatum
2254 2961 2390 3030 ejus,
2418 2962 2632 3034 projecit
2654 2964 2708 3017 in
2729 2979 2891 3018 mare.

1780 3051 1849 3108 Et
1880 3066 1987 3106 non
2012 3059 2219 3107 tantum
2239 3052 2525 3121 quoslibet,
2557 3052 2652 3108 sed
2690 3054 2836 3107 electi
2877 3052 3131 3122 principes
3172 3051 3284 3120 ejus

1709 3142 1963 3198 submersi
1983 3153 2104 3197 sunt
2128 3144 2185 3198 in
2206 3143 2345 3196 mari
2363 3141 2538 3196 Rubro
2582 3151 2637 3197 et
2655 3143 2782 3212 quia
2823 3143 3129 3212 potuissent
3155 3142 3283 3197 sub-

1710 3235 1905 3305 mergi,
1933 3243 1992 3291 et
2017 3234 2213 3291 iterum
2253 3250 2553 3305 cmergere,
2583 3236 2732 3290 addit
2754 3235 2946 3305 abyssi,
2982 3236 3035 3288 id
3059 3244 3141 3290 est
3162 3250 3285 3305 pro-

1711 3325 2003 3382 fnnditates
2024 3341 2287 3396 aquarum
2304 3335 2613 3397 aperuerunt
2656 3343 2761 3391 eos,
2812 3327 3185 3381 descenderunt
3230 3328 3286 3379 in

1711 3420 2029 3490 profundum
2055 3419 2204 3491 quasi
2226 3417 2380 3488 lapis,
2409 3419 2461 3472 id
2484 3427 2589 3483 cst,
2611 3419 2678 3473 ad
2704 3418 3113 3474 similitudinem
3147 3418 3285 3488 lapi-

1712 3509 1795 3564 dis
1819 3507 1887 3563 ad
1919 3507 2173 3563 inferiora
2201 3507 2597 3573 descendentis,
2618 3522 2852 3577 semper.

1780 3597 2008 3651 Dextera
2023 3606 2136 3662 tua,
2169 3595 2409 3650 Domine.
2441 3595 2632 3665 Incipit
2655 3597 3012 3652 determinare
3037 3610 3135 3666 per
3157 3595 3286 3666 quid

1713 3687 2140 3744 submersionem
2185 3686 2335 3741 illam
2381 3684 2596 3751 fecerit,
2625 3687 2853 3753 scilicet,
2889 3702 2987 3757 per
3016 3686 3288 3741 fortitudi-

1712 3791 1837 3832 nem
1859 3776 2082 3842 dextrae,
2121 3776 2176 3831 id
2215 3783 2302 3831 est
2351 3775 2680 3844 operationis
2705 3790 2857 3830 suae:
2903 3777 3006 3831 hoc
3039 3776 3209 3830 dicit:
3241 3775 3286 3831 0

1711 3866 1955 3932 Domine,
1980 3867 2053 3921 ita
2100 3865 2177 3921 illi
2199 3866 2466 3921 submersi
2494 3873 2637 3932 sunt,
2675 3874 2730 3922 et
2757 3866 2812 3920 in
2832 3867 2935 3921 hoc
2961 3874 3047 3921 est
3074 3866 3289 3921 dextera

1710 3964 1824 4021 tua,
1846 3955 1949 4011 hoc
1971 3963 2073 4021 est,
2096 3955 2343 4025 operatio
2370 3962 2480 4020 tua,
2505 3954 2840 4026 magniﬁcam
2877 3962 2951 4010 est
2980 3955 3033 4009 in
3075 3954 3287 4024 fortitu-

1708 4047 1853 4113 dine,
1877 4046 1931 4102 id
1953 4054 2059 4112 est,
2080 4046 2137 4102 in
2164 4046 2270 4102 hoc
2297 4046 2423 4101 forti
2449 4060 2630 4116 opere.
2658 4045 2773 4109 Vel,
2815 4045 3160 4116 magnificata
3202 4055 3288 4101 est

1709 4134 1764 4193 in
1789 4134 2121 4204 fortitudine,
2138 4135 2292 4207 quasi
2318 4143 2593 4208 recogmta
2614 4143 2697 4192 est
2722 4135 2877 4192 fortis
2899 4150 3017 4192 esse
3038 4154 3051 4191 :
3080 4145 3135 4191 et
3156 4151 3287 4194 vere

1709 4225 1931 4281 dextera
1960 4235 2052 4281 tua
2073 4234 2159 4281 est
2180 4225 2355 4293 fortis,
2383 4217 2509 4296 quia
2526 4226 2739 4282 dextera
2760 4225 2874 4294 uia,
2905 4226 2961 4282 id
2988 4235 3075 4281 est
3094 4241 3285 4297 opera-

1712 4314 1785 4370 tio
1808 4322 1863 4371 et
1884 4315 2058 4371 virtus
2082 4322 2198 4382 tua,
2224 4330 2331 4371 non
2353 4330 2513 4372 casus
2531 4315 2617 4371 vel
2642 4316 2869 4371 mutatio
2891 4315 3142 4371 elementi
3169 4333 3288 4386 per-

1708 4409 1867 4463 cussit
1893 4409 2164 4465 inimicum
2181 4410 2540 4477 Pharaonem,
2566 4420 2614 4467 et
2636 4412 2693 4466 in
2723 4410 3053 4466 multitudine
3097 4411 3281 4481 gloria:

1708 4508 1833 4566 tute,
1855 4499 1911 4554 id
1935 4506 2037 4567 est,
2062 4500 2119 4555 in
2156 4500 2440 4570 multiplici
2466 4500 2635 4573 gloria
2658 4502 2939 4573 deposuisti
2960 4502 3289 4557 adversarios

1705 4604 1845 4644 meos
1867 4598 2035 4646 totam
2058 4589 2317 4648 familiam
2336 4592 2655 4649 Pharaonis.

1775 4680 1968 4737 Misisti
2000 4682 2134 4737 iram
2156 4692 2323 4739 tuam.
2352 4684 2540 4740 Adhuc
2564 4684 2802 4741 ostendit
2835 4685 3067 4755 qualiter
3094 4700 3277 4757 opera~

1706 4778 1792 4826 tus
1824 4771 1928 4837 sit,
1958 4779 2018 4826 tu
2043 4774 2231 4828 misisti
2268 4774 2404 4827 iram
2430 4783 2576 4828 tuam
2618 4787 2781 4843 super
2812 4788 2906 4830 eos
2929 4791 3046 4845 quis
3070 4775 3289 4830 deuora-

1704 4861 1777 4917 vit
1800 4878 1889 4918 eos
1917 4863 1973 4917 in
2012 4878 2174 4934 aqua,
2202 4872 2314 4918 tam
2355 4864 2465 4919 cito
2502 4864 2638 4919 sicut
2665 4864 2805 4935 ignis
2829 4874 2988 4922 vorat
3008 4865 3285 4937 stipulam,

1708 4959 1756 5004 et
1816 4953 1871 5006 in
1919 4952 2106 5022 spiritu
2153 4952 2350 5021 furoris
2398 4952 2477 5006 tui
2527 4953 2581 5007 in
2631 4954 2844 5010 turbine
2892 4956 3076 5020 venti,
3125 4968 3287 5022 quem

1709 5040 1881 5097 iratus
1906 5041 2199 5107 immisisti,
2229 5051 2554 5113 congregatas
2584 5053 2705 5097 sunt
2732 5059 2883 5114 aqua:
2912 5058 3074 5112 super
3098 5056 3215 5098 eos.

1778 5128 1885 5185 Sed
1907 5129 2219 5201 priusquam
2266 5129 2342 5185 illi
2384 5131 2827 5202 ingrederentur,
2853 5132 2991 5186 stetit
3037 5132 3199 5195 unda,
3228 5130 3285 5188 id

1704 5227 1827 5287 est,
1854 5218 2024 5274 divisa
2049 5228 2132 5274 est
2176 5233 2344 5289 aqua,
2375 5222 2515 5290 quod
2541 5229 2625 5276 est
2650 5221 2867 5285 mirum,
2895 5220 3023 5290 quia
3047 5219 3161 5289 ipsa
3199 5227 3303 5275 est

1703 5307 1759 5363 in
1805 5324 1901 5363 sua
1928 5316 2122 5363 natura
2165 5309 2374 5378 fluens:
2401 5319 2457 5365 et
2485 5325 2591 5366 non
2643 5316 2853 5365 tantum
2892 5309 3046 5380 juxta
3109 5309 3282 5378 ripam

1704 5399 1872 5455 divisa
1900 5408 1984 5454 est
2006 5415 2161 5469 aqua,
2191 5400 2284 5455 sed
2308 5401 2472 5456 etiam
2498 5402 2554 5455 in
2590 5400 2760 5455 medio
2804 5399 2939 5453 mari
2978 5400 3284 5467 congregati

1702 5499 1823 5546 sunt
1868 5491 2041 5562 abyssi
2092 5493 2246 5563 quasi
2296 5509 2484 5548 murus
2529 5508 2560 5547 a
2600 5492 2806 5548 dextris
2842 5498 2898 5545 et
2931 5507 2961 5544 a
2992 5488 3225 5553 sinistris
3263 5499 3281 5537 ξ

1704 5583 1911 5655 abyssi,
1938 5584 1993 5640 id
2016 5594 2132 5651 est,
2162 5586 2554 5656 profunditates
2579 5598 2842 5653 aquarum
2869 5600 2883 5648 ;
2912 5592 2967 5636 et
2993 5581 3113 5636 ideo
3154 5579 3283 5650 quia

1702 5676 1836 5743 vidit
1878 5692 2071 5748 aquam
2109 5686 2361 5743 stantem,
2405 5676 2536 5730 dixit
2580 5675 2861 5730 inimicus:
2894 5673 3182 5743 Persequar
3231 5682 3283 5727 et

1703 5772 2150 5841 comprehendam,
2182 5772 2412 5828 dividam
2461 5766 2627 5836 spolia
2665 5768 2801 5823 meis
2844 5765 3134 5831 militibus,
3161 5778 3281 5833 qtae
