3898 6462
607 410 710 466 703

1093 414 1450 472 l‘lAYMONlS
1489 417 1966 478 HALBEBSTAT.
2009 424 2220 482 EPISC.
2263 425 2412 482 OPP.
2452 427 2632 485 PARS
2668 429 2709 486 l.
2743 461 2808 472 -
2836 432 3187 490 COMMENT.
3227 438 3398 494 BlBL.
3757 450 3828 507 7οι

600 526 702 595 ipsi
748 539 1038 596 rapuerunt
1078 530 1144 584 ab
1189 528 1483 600 Egyptiis,
1528 534 1820 605 implebitur
1845 541 2020 592 anima
2056 557 2168 594 mea
2196 547 2242 602 Α
2274 539 2485 595 Pharao
2532 561 2649 598 cum
2690 549 2928 603 curribus
2970 561 3016 603 et
3058 553 3311 620 equitibus
3346 555 3468 624 ejus
3520 557 3581 608 in
3616 573 3764 624 mare,
3796 554 3828 612 ὅ

599 614 706 670 illis
731 618 934 686 spoliis,
963 627 1145 673 votum
1172 637 1346 675 meum
1386 625 1612 678 satiabo.

670 709 740 764 Et
781 726 943 780 super
987 713 1130 781 ipsos
1169 715 1472 783 evaginabo,
1502 733 1608 770 non
1657 719 1930 773 retraham
1971 721 2038 774 ab
2084 737 2172 776 oc-

1421 815 1469 858 et
1522 807 1792 875 interﬁciet
1844 826 1931 863 eos
1983 827 2169 866 manus

601 799 802 854 cisione
854 801 1085 871 gladium
1145 819 1314 855 meum
1359 819 1378 857 :

599 905 732 941 mea.

669 978 783 1046 lpse
814 978 885 1032 ita
913 979 1263 1048 disponebat,
1309 983 1401 1037 sed
1443 985 1657 1053 spiritus
1699 996 1818 1039 tuus
1862 986 1946 1041 vel
1979 988 2165 1055 turbo,

594 1070 739 1136 flavit
791 1069 1084 1135 immissus,
1114 1081 1161 1124 et
1203 1073 1402 1140 operuit
1430 1090 1514 1126 eos
1556 1091 1717 1139 mare,
1746 1076 1997 1129 submersi
2048 1087 2166 1131 sunt

591 1159 742 1228 quasi
773 1160 1042 1229 plumbum
1068 1163 1122 1214 in
1144 1164 1292 1232 aquis
1323 1165 1722 1220 vehementibus.

662 1265 729 1319 Et
755 1267 880 1334 quia
907 1268 977 1322 ita
1003 1267 1400 1341 fortiteregisti,
1418 1287 1451 1326 ο
1475 1273 1714 1338 Domine,
1738 1279 1852 1347 quis
1874 1279 2059 1332 similis
2088 1279 2164 1332 tui

588 1356 644 1408 in
670 1355 915 1424 fortibus,
945 1358 998 1412 id
1039 1369 1140 1423 est,
1168 1360 1310 1415 inter
1334 1361 1537 1419 fortes?
1562 1374 1616 1419 et
1663 1378 1858 1436 prteter
1903 1369 2166 1427 fortitudi-

588 1460 710 1499 nem
729 1488 744 1510 ,
772 1449 886 1518 quis
916 1449 1223 1518 magniﬁcus
1254 1460 1338 1506 est
1371 1455 1556 1508 similis
1582 1458 1656 1509 tui
1689 1459 1743 1510 in
1775 1461 2089 1516 sanctitate?
2110 1472 2164 1518 et

587 1537 710 1603 quis
740 1538 812 1592 ita
837 1547 920 1592 est
945 1539 1190 1594 terribilis
1218 1551 1372 1613 atque
1409 1543 1688 1600 laudabilis
1709 1587 1724 1613 ,
1751 1559 1799 1602 et
1827 1549 2024 1617 faciens
2059 1553 2159 1606 mi-

590 1624 780 1679 rabilia
805 1626 943 1681 sicut
973 1629 1065 1682 tu?

659 1714 725 1768 Et
769 1716 822 1768 in
868 1716 956 1770 illa
1001 1717 1371 1775 submersioue
1415 1725 1709 1786 extendisti,
1738 1726 1790 1778 id
1823 1736 1928 1791 est,
1957 1729 2160 1798 inagni-

587 1803 758 1860 fiCasti
809 1825 1020 1862 manum
1065 1820 1229 1873 tuam,
1273 1812 1324 1865 id
1355 1821 1455 1877 est,
1484 1816 1847 1883 operationem
1900 1814 2076 1884 tuam,
2104 1828 2160 1874 et

2274 635 2478 686 reduxit
2507 652 2662 705 super
2696 654 2783 691 eos
2818 637 3072 694 Dominus
3101 660 3261 711 aquas
3289 647 3481 699 maris.

2341 722 2456 775 Filii
2483 732 2657 777 autem
2681 724 2844 782 lsrael
2871 729 3276 785 ambulaverunt
3297 749 3399 802 per
3425 735 3648 788 siccum
3674 737 3722 790 in
3741 755 3817 793 tne-

2269 808 2357 862 dio
2380 810 2514 878 ejus.

2335 902 2635 972 Allegorice
2680 914 2854 975 potest
2890 907 3012 978 legi.
3047 910 3158 964 Vox
3190 911 3429 966 fidelium
3488 915 3549 968 in
3599 915 3808 986 baptisma

2264 993 2689 1061 purificatorum,
2716 1005 2769 1050 et
2793 998 2857 1052 de
2872 999 3099 1064 diabolo,
3123 1012 3177 1056 et
3199 1004 3459 1057 vitiorum
3492 1006 3806 1064 destructioee
3862 1029 3863 1064 γ

2264 1082 2433 1137 Deum
2477 1084 2889 1153 glorificantium
2942 1107 2954 1143 :
3004 1089 3109 1144 Nos
3152 1096 3362 1163 purgati
3418 1096 3480 1148 in
3539 1098 3801 1167 baptismate

2266 1183 2546 1229 cantemus
2569 1177 2814 1241 Domino,
2844 1179 3073 1248 gloriose
3099 1185 3240 1236 enim
3279 1186 3672 1253 magniﬁcatus
3689 1193 3797 1247 estis

2264 1263 2366 1318 hac
2394 1275 2576 1320 nostra
2600 1271 2934 1325 recreatione
2957 1311 2971 1335 ,
2995 1272 3114 1341 plus
3158 1290 3320 1343 quam
3368 1277 3429 1330 in
3489 1281 3662 1346 prima
3698 1299 3788 1336 cies

2267 1355 2449 1409 tione:
2477 1357 2598 1412 ideo
2637 1368 2947 1424 cantemus,
2991 1363 3116 1431 quia
3161 1379 3384 1432 equum,
3444 1367 3504 1421 id
3555 1379 3790 1434 est,tot:a

2264 1448 2570 1514 superbiam
2597 1449 2816 1516 diaboli,
2862 1460 2917 1506 et
2966 1453 3138 1521 ipsum
3167 1455 3466 1512 'diabolum
3513 1475 3786 1519 ascensum

2262 1534 2418 1602 hujus
2444 1538 2590 1606 equi,
2615 1539 2811 1608 dejecit
2834 1541 2887 1594 in
2913 1558 3062 1596 mare
3081 1584 3096 1609 ,
3131 1546 3254 1614 quia
3291 1557 3642 1616 potestatem
3682 1571 3783 1622 qm

2261 1625 2548 1679 exercebat
2571 1641 2732 1697 super
2770 1637 2939 1684 totum
2965 1633 3256 1689 humanum
3283 1652 3472 1708 genus
3489 1681 3506 1704 ,
3537 1641 3588 1694 in
3615 1642 3779 1712 baptiza-

2260 1712 2330 1767 tis
2356 1715 2607 1782 perdidit.

2329 1801 2609 1859 Fortitudo
2635 1823 2753 1862 mea
2774 1817 2830 1863 et
2859 1809 2976 1866 laus
3001 1828 3118 1868 mea
3143 1814 3410 1872 Dominus
3431 1859 3450 1881 ,
3479 1821 3617 1875 sicut
3637 1829 3772 1893 enisi-

583 1894 860 1950 devomm
885 1913 978 1952 eos
1000 1909 1167 1966 terra,
1195 1902 1246 1955 id
1273 1911 1377 1968 est,
1397 1880 1724 1972 spes'term,
1751 1909 1875 1976 quia
1901 1909 2152 1964 videbam
2184 1880 2231 1938 B
2261 1897 2372 1943 tum
2399 1901 2480 1946 est
2507 1910 2520 1946 :
2547 1903 2602 1948 et
2629 1895 2741 1964 ipse
2768 1914 2890 1953 cum
2919 1900 2986 1954 sit
3009 1912 3221 1957 creator
3243 1907 3508 1962 omnium
3528 1952 3542 1972 ,
3570 1911 3707 1967 factus
3725 1928 3769 1968 est

584 1991 782 2038 terram
812 1988 1030 2042 nudam.

654 2074 769 2128 Dux
797 2076 964 2131 fuisti.
1009 2077 1106 2135 Hie
1145 2079 1332 2151 incipit
1365 2085 1646 2139 ostendere
1672 2088 2041 2156 prophetando
2081 2103 2151 2146 ex

582 2173 768 2231 parte,
801 2166 1034 2234 qualiter
1060 2184 1153 2223 eos
1179 2185 1276 2240 per
1305 2172 1574 2227 desertum
1603 2175 1840 2229 traduxit
1881 2193 2048 2245 usque
2093 2180 2146 2233 in

584 2265 783 2312 terram
823 2263 1197 2329 promissionis
1229 2282 1242 2317 :
1270 2273 1323 2319 ει
1349 2268 1544 2335 populo
1570 2269 1841 2334 traducto,
1866 2271 1975 2323 dux.
1999 2271 2146 2340 fuisti

577 2348 634 2402 in
663 2352 1020 2405 misericordia
1052 2362 1142 2407 tua
1167 2355 1357 2424 populo
1386 2373 1536 2427 quem
1565 2358 1841 2413 redemisti.

647 2461 718 2515 Et
768 2465 987 2533 portasti
1038 2484 1155 2520 eum
1188 2469 1243 2521 in
1286 2469 1592 2538 fortitudine
1634 2482 1724 2526 tua
1761 2474 1829 2526 ad
1873 2475 2146 2530 habitacu-

575 2555 684 2608 lum
714 2567 950 2611 sanctum
979 2568 1128 2613 tuum
1152 2601 1166 2625 ,
1199 2561 1252 2615 id
1281 2570 1391 2628 est,
1417 2563 1470 2616 in
1499 2563 1832 2620 Hierusalem
1857 2607 1870 2631 ,
1899 2566 1988 2622 ubi
2015 2583 2144 2622 san-

574 2641 851 2698 ctificaris.

645 2735 714 2789 Et
737 2736 951 2791 interim
985 2737 1110 2793 dum
1137 2741 1426 2796 transirent
1449 2757 1548 2811 per
1579 2744 1868 2808 desertum,
1893 2746 2140 2800 ascende-

573 2835 695 2880 runt
719 2828 896 2897 populi
921 2829 972 2882 in
998 2845 1301 2895 occursum,
1329 2842 1383 2887 et
1417 2847 1791 2890 nocumentum
1817 2838 1915 2901 eis,
1946 2848 1993 2892 et
2019 2838 2143 2891 irati

571 2926 692 2970 sunt
717 2919 856 2985 quod
881 2922 1174 2976 transirent
1195 2922 1328 2978 fines
1355 2940 1541 2978 eorum
1573 2944 1586 2980 :
1615 2937 1670 2981 et
1695 2929 2016 2984 determinat
2048 2933 2139 2998 qui

571 3008 772 3076 populi,
799 3010 1032 3074 scilicet,
1060 3011 1264 3066 dolores
1295 3013 1622 3069 obtinuerunt
1661 3018 1974 3073 habitatores
2013 3018 2142 3074 Phi-

571 3095 772 3150 listiim.

2257 1991 2504 2037 creatura
2530 2024 2545 2049 ,
2571 1986 2756 2042 valens
2782 1989 2911 2043 mihi
2936 1989 2988 2044 in
3016 2000 3270 2050 aeternam
3299 1996 3569 2054 salutem.

2324 2093 2430 2149 Iste
2475 2096 2616 2152 Deus
2658 2114 2838 2163 meus,
2865 2109 2920 2155 et
2964 2102 3272 2171 glorificabo
3296 2124 3432 2161 eum
3455 2151 3470 2174 ,
3503 2112 3633 2166 Deus
3662 2119 3758 2182 patris

2255 2185 2360 2239 mei
2395 2187 2626 2243 Abrahae
2653 2199 2707 2244 et
2747 2190 2973 2246 aliorum
3001 2212 3012 2247 :
3043 2195 3125 2250 vel
3159 2208 3319 2266 caput
3352 2199 3681 2273 Christi,qui
3711 2219 3754 2259 εξ

2250 2287 2405 2348 pater
2451 2281 2845 2351 baptizatorum
2888 2299 2904 2338 :
2955 2288 3094 2340 unde
3123 2289 3254 2343 dicit
3279 2290 3587 2360 Apostolus
3615 2314 3626 2348 :
3654 2297 3751 2364 Ceu

2252 2365 2444 2422 Christi
2470 2370 2610 2424 Deus
2645 2371 2696 2443 (1
2724 2371 2847 2427 Cor.
2877 2373 2974 2445 ιι).
3003 2375 3258 2432 Dominus
3279 2383 3450 2450 quasi
3485 2385 3570 2436 vir
3585 2397 3745 2455 prgam

2249 2461 2592 2530 omnipotens
2627 2480 2822 2520 nomen
2854 2468 2962 2532 eis,
2993 2484 3181 2524 currus
3219 2473 3434 2528 scilicet
3469 2476 3738 2531 detersisse:

2249 2557 2355 2614 est,
2378 2551 2496 2618 quis
2521 2553 2591 2606 sit
2613 2569 2866 2610 ascensor
2887 2561 3114 2622 currus,
3150 2559 3201 2613 id
3239 2570 3345 2624 est,
3374 2563 3508 2617 illos
3536 2565 3746 2633 meme

2249 2643 2402 2697 multi
2434 2655 2825 2715 congregantur
2848 2649 2901 2702 in
2943 2651 3126 2704 eadem
3164 2654 3382 2718 militia,
3422 2659 3497 2711 ad
3516 2661 3746 2728 portandus

2248 2732 2580 2789 Pharaonem
2600 2777 2615 2801 ,
2648 2737 2700 2792 id
2741 2748 2852 2802 est,
2881 2739 3176 2798 Beelzebub
3202 2745 3515 2815 principem
3554 2750 3750 2803 dmons-

2251 2838 2392 2887 rum,
2424 2831 2477 2877 et
2503 2840 2716 2880 omnem
2742 2830 3037 2883 exercitum
3059 2830 3194 2898 ejus,
3226 2835 3280 2887 id
3303 2844 3428 2899 est,
3457 2841 3664 2892 minores
3681 2840 3750 2892 dia-

2248 2914 2432 2977 bolos,
2467 2916 2694 2985 projecit
2724 2919 2776 2972 in
2807 2935 2984 2984 mare,
3015 2923 3139 2990 quia
3170 2922 3284 2991 jam
3330 2942 3444 2981 non
3489 2929 3658 2983 habent
3678 2940 3752 2980 tan-

2249 3014 2361 3060 tam
2384 3005 2673 3062 etIicaciam
2699 3011 2922 3065 nocendi
2951 3012 3002 3065 in
3027 3014 3336 3082 baptizatis.

2317 3117 2486 3172 Electi
2514 3120 2782 3189 principes
2802 3121 2918 3191 ejus
2937 3123 3198 3180 submersi
3228 3139 3355 3184 sunt
3376 3128 3426 3182 in
3455 3131 3573 3184 mari
3597 3131 3750 3190 Rubro,

640 3187 708 3240 Et
755 3199 875 3242 tunc
907 3191 1200 3245 conturbati
1228 3203 1350 3247 sunt
1395 3195 1653 3266 principes
1710 3197 1898 3263 Edam,
1949 3200 1998 3253 id
2039 3209 2140 3268 est,
2171 3212 2215 3274 ί]
2247 3206 2301 3261 in
2325 3210 2586 3275 sanguine
2611 3187 2831 3265 Christi.

569 3277 949 3343 ldumznorum,
988 3282 1078 3350 qui
1122 3282 1187 3336 de
1233 3281 1373 3336 Esau
1417 3283 1852 3340 descenderunt:
1902 3289 2135 3345 robustos

569 3364 726 3419 Moab
757 3367 974 3422 obtinuit
1011 3379 1202 3424 tremor
1230 3371 1334 3425 illis
1361 3377 1777 3442 transeuntibus,
1807 3377 2139 3448 obriguerunt

567 3455 761 3510 timore
792 3475 966 3513 omnes
998 3460 1314 3515 habitatores
1351 3460 1623 3517 Chanaan.

639 3569 817 3624 lrruat
839 3588 992 3642 super
1024 3591 1129 3628 eos.
1151 3575 1526 3645 PrOphetando
1547 3579 1694 3642 dicit,
1721 3581 1874 3648 quasi
1903 3583 2135 3636 diceret:

564 3660 668 3730 lpsi
699 3663 958 3719 timebunt
997 3675 1049 3720 et
1085 3667 1184 3722 hoc
1214 3670 1470 3735 concedo,
1502 3673 1671 3725 irruat
1697 3691 1853 3736 super
1901 3692 1986 3728 eos
2037 3677 2140 3743 for-

563 3754 704 3807 mido
745 3757 956 3822 mentis,
988 3769 1034 3811 et
1063 3777 1224 3828 pavor
1269 3764 1511 3830 corporis
1540 3765 1592 3817 in
1627 3767 1983 3834 magnitudine
2016 3769 2136 3820 bra-

562 3843 666 3896 chii
699 3847 775 3898 tui
804 3845 856 3899 in
893 3861 1086 3914 magna
1113 3847 1444 3906 fortitudine.

634 3951 698 4006 Et
723 3967 821 4008 oro
848 3963 907 4009 ut
933 3966 1119 4010 contra
1147 3957 1309 4013 Israel
1335 3959 1464 4028 fiant
1495 3963 1778 4018 immobiles
1804 3968 1954 4033 quasi
1980 3966 2133 4036 lapis,

560 4043 724 4096 donec
772 4056 1114 4113 pertranseat,
1167 4049 1216 4102 id
1266 4060 1364 4113 est,
1405 4068 1500 4120 per
1527 4054 1640 4106 loca
1667 4070 1852 4109 eorum
1901 4067 2139 4112 transeat

561 4130 782 4199 populus
811 4144 961 4198 tuus,
993 4135 1236 4201 Domine,
1263 4151 1318 4193 et
1345 4156 1449 4194 non
1480 4151 1680 4196 tantum
1711 4160 1804 4212 per
1845 4146 1956 4201 loca
1988 4164 2134 4216 qua:-

561 4219 708 4285 dam,
751 4221 846 4276 sed
893 4223 1055 4278 donec
1097 4228 1319 4283 omnino
1364 4242 1690 4300 pertranseat
1742 4235 1965 4304 papulas
2015 4248 2135 4295 tuus

559 4310 656 4364 iste
681 4328 829 4382 quem
862 4317 1136 4384 possedisti
1162 4334 1331 4390 usque
1357 4321 1410 4374 in
1437 4333 1636 4378 terram
1663 4327 2058 4396 promissionis.

629 4401 697 4455 Et
719 4403 855 4458 sicut
880 4421 996 4470 oro,
1029 4408 1101 4461 ita
1135 4409 1244 4473 fiet,
1271 4412 1395 4480 quia
1427 4421 1483 4468 tu
1510 4415 1807 4472 introduces
1837 4435 1924 4472 eos
1953 4420 2002 4473 in
2029 4429 2134 4474 ter-

558 4506 672 4545 ram
703 4495 1071 4562 promissionis
1095 4508 1140 4551 et
1166 4501 1392 4556 firmiter
1413 4502 1674 4572 plantabis
1696 4507 1751 4560 in
1771 4519 1943 4562 monte
1969 4510 2133 4563 luere-

555 4583 736 4638 ditatis
785 4597 918 4650 tum,
949 4603 1068 4655 quas
1096 4598 1349 4644 montana
1374 4591 1570 4648 Judtea:
1593 4595 1820 4661 scilicet,
1852 4598 1905 4651 in
1934 4599 2130 4666 ﬁrmis-

557 4673 687 4726 simo
703 4673 999 4728 habitacula
1025 4679 1285 4747 tuo,quod
1309 4693 1550 4749 operatus
1562 4699 1635 4750 es,
1660 4684 2053 4756 Dominc,quod
2074 4697 2131 4744 tu

557 4760 661 4815 illis
688 4763 1022 4831 praeparasti.

626 4848 694 4902 Et
720 4849 850 4903 illud
875 4852 1231 4908 habitaculum
1254 4857 1390 4926 quod
1427 4869 1484 4913 tu
1527 4860 1633 4916 illis
1664 4863 1871 4930 dedisti,
1902 4876 1977 4920 est
2005 4883 2129 4922 san-

554 4943 813 4994 ctuarium
842 4953 1019 5012 tuum,
1049 4945 1290 5016 Domine,
1338 4953 1460 5020 quia
1493 4953 1567 5008 ibi
1591 4956 1952 5014 sanctiﬁcabis
1990 4961 2129 5031 quod

553 5029 887 5096 firmaverunt
931 5051 1117 5090 manus
1157 5047 1283 5104 tuw,
1316 5049 1375 5094 ut
1414 5044 1652 5110 quandiu
1695 5048 1975 5102 obedirent
2003 5029 2122 5116 tibi,

557 5119 783 5174 firmiter
831 5122 958 5177 illud
984 5133 1230 5181 tenerent
1279 5146 1292 5182 :
1342 5140 1396 5185 et
1431 5131 1530 5187 iste
1576 5134 1832 5210 Dominus
1877 5139 1966 5209 qui
2021 5139 2124 5195 ista

554 5208 733 5260 omnia
763 5219 1012 5278 Operatus
1059 5223 1174 5280 εει,
1220 5220 1450 5287 regnabit
1505 5223 1558 5275 in
1604 5208 1977 5292 azternumfid
2021 5238 2122 5293 est,

553 5307 811 5366 quantum
837 5301 1030 5371 aliquis
1050 5315 1227 5374 potest
1255 5309 1493 5377 cogitare
1517 5325 1562 5365 et
1593 5313 1729 5368 ultra
1752 5332 1910 5385 quam
1933 5318 2128 5388 aliquis

551 5398 731 5459 potest
747 5392 1001 5460 cogitare.

624 5483 690 5539 Et
713 5501 996 5555 possumus
1017 5492 1147 5546 certi
1177 5509 1296 5550 esse
1323 5497 1464 5565 quod
1490 5498 1603 5554 haec
1642 5503 1820 5556 omnia
1841 5543 1856 5568 ,
1884 5521 2001 5575 qum
2024 5507 2119 5560 ad-

551 5575 659 5629 huc
705 5587 932 5645 restant,
987 5583 1298 5651 operabitur
1341 5604 1354 5640 :
1403 5590 1546 5656 quod
1585 5601 1761 5661 potest
1807 5596 1975 5652 videri
2024 5614 2120 5668 per

549 5663 868 5735 principium
917 5684 1160 5740 operum,
1213 5683 1269 5726 ut
1315 5677 1574 5735 exhibitio
1614 5663 2121 5749 praeteritorum'sit

548 5755 816 5812 ceriitudo
859 5757 1157 5815 futurorum
1195 5781 1204 5813 :
1240 5765 1336 5820 hoc
1380 5767 1509 5823 dicit
1538 5787 1550 5824 :
1578 5769 1850 5846 Ingressus
1881 5787 1952 5830 est
1981 5780 2116 5833 cnim

2313 3295 2558 3352 Dextera.
2610 3298 2772 3365 Quasi
2819 3300 3023 3356 diceret
3064 3321 3077 3356 :
3130 3305 3237 3360 Per
3266 3307 3442 3362 Filium
3482 3320 3602 3362 tuum
3644 3311 3744 3361 hac

2242 3387 2420 3440 omnia
2472 3398 2725 3456 operatus
2771 3405 2832 3446 es
2871 3405 2884 3445 :
2943 3393 3162 3449 dextera
3209 3405 3302 3450 tua
3330 3401 3546 3467 percussit
3583 3399 3735 3451 inimi-

2243 3491 2396 3542 cum,
2427 3478 2479 3532 id
2507 3487 2618 3542 est,
2660 3481 2929 3537 diabolum
2981 3502 2993 3536 :
3049 3493 3105 3540 et
3145 3488 3200 3539 in
3248 3490 3556 3543 multitudine
3596 3490 3750 3559 muriae

2243 3575 2365 3631 tum,
2401 3567 2452 3622 id
2477 3579 2580 3633 est,
2609 3571 2660 3622 in
2690 3572 2964 3641 multiplici
2990 3575 3153 3646 gloria
3182 3582 3492 3647 nativitatis,
3519 3584 3740 3652 passionis.

2241 3659 2671 3724 resurrectionis,
2696 3663 2986 3731 deposuisti
3011 3667 3348 3726 adversarios
3378 3688 3525 3727 meos
3548 3673 3742 3742 malignis

2241 3745 2483 3813 spiritus.

2312 3836 2522 3891 Misisti.
2547 3839 2732 3895 Adhuc
2760 3843 2995 3897 ostendit
3031 3848 3285 3915 quomodo
3317 3850 3569 3920 deposuit
3597 3863 3643 3908 et
3669 3853 3751 3906 Sub-

2240 3927 2426 3981 mersit
2450 3943 2464 3981 :
2493 3929 2684 3982 misisti
2714 3931 2847 3984 iram
2876 3941 3020 3987 tuam
3041 3975 3055 4000 ,
3087 3954 3204 4006 qua:
3236 3940 3518 3996 devoravit
3545 3959 3631 3999 eos
3657 3945 3751 3997 sicut

2239 4017 2486 4084 stipulam
2516 4037 2528 4072 :
2557 4029 2613 4073 et
2651 4021 2701 4074 in
2744 4023 2944 4090 Spiritu
2977 4037 3162 4082 sancto
3205 4030 3566 4087 ministratore
3612 4036 3674 4086 tui
3703 4035 3753 4083 [ας

2239 4106 2401 4168 roris,
2433 4107 2571 4160 sicut
2609 4119 2691 4162 est
2721 4111 2969 4166 minister
2997 4117 3312 4184 gratiarum,
3347 4130 3549 4189 prmter
3575 4124 3754 4176 ablatam

2238 4205 2560 4263 potestatem
2591 4200 2643 4253 in
2667 4201 2950 4269 baptismo,
2979 4218 3315 4278 congregata:
3337 4227 3504 4279 super
3530 4215 3657 4282 ipsos
3681 4230 3752 4264 nu-

2239 4285 2410 4355 lignos
2441 4289 2662 4356 spiritus
2689 4300 2742 4343 et
2765 4292 3124 4362 multiplicata:
3151 4307 3274 4350 sunt
3305 4314 3484 4372 aqua},
3517 4302 3568 4354 id
3585 4313 3672 4363 est,
3694 4302 3754 4352 tri:

2237 4380 2553 4449 bulationes,
2582 4387 2724 4455 quod
2745 4388 2848 4441 erit
2875 4389 2928 4442 in
2959 4388 3156 4456 futuro,
3186 4395 3400 4462 quando
3426 4399 3753 4467 torquebantur

2238 4469 2290 4522 in
2323 4469 2551 4526 inferno.

2162 4555 2210 4613 D
2306 4557 2410 4613 Sed
2446 4561 2659 4616 interim
2688 4574 2813 4618 ante
2847 4566 2986 4621 diem
3007 4568 3193 4639 judicii
3224 4573 3372 4627 stetit
3411 4579 3588 4640 unda,
3613 4589 3756 4644 elpﬁ‘r

2233 4648 2446 4718 longata
2475 4659 2587 4714 est,
2632 4655 2772 4708 unda
2806 4654 2999 4723 ﬂuens,
3025 4660 3077 4713 id
3113 4670 3218 4727 est,
3249 4678 3475 4731 poenam
3529 4668 3756 4722 inundans.

2232 4739 2356 4808 quia
2386 4741 2620 4795 nondum
2649 4751 2986 4813 torquentur.
3037 4748 3227 4805 Adhuc
3249 4766 3573 4823 augmentat
3603 4767 3758 4824 prium

2230 4842 2584 4897 reservatam,
2614 4833 2868 4902 dicendo,
2899 4838 3112 4910 abyssi,
3146 4843 3198 4896 id
3221 4855 3328 4908 est,
3361 4845 3476 4900 illa:
3509 4846 3759 4916 profundis-

2230 4921 2380 4975 simre
2400 4938 2573 4991 pinnae
2594 4938 2931 4998 congregata.-
2953 4970 2967 4995 ,
3002 4933 3052 4984 id
3083 4941 3185 4997 est,
3219 4949 3528 4992 reservata:
3552 4947 3608 4994 et
3635 4934 3764 4992 multi-

2227 5010 2436 5080 plicata!
2466 5014 2518 5068 in
2542 5017 2718 5072 medio
2743 5020 2899 5073 mari.

2298 5122 2365 5176 Et
2388 5123 2526 5190 ideo,
2552 5126 2675 5194 quia
2701 5129 2832 5182 vidit
2853 5131 3096 5186 diabolus
3118 5133 3171 5187 in
3191 5134 3291 5190 hoc
3313 5140 3581 5205 praesenti
3604 5150 3768 5210 penam

2228 5213 2464 5281 dilatam,
2489 5215 2625 5271 dixit
2656 5236 2668 5271 :
2701 5219 3000 5291 Persequar
3023 5224 3153 5277 istos
3180 5240 3316 5294 quos
3345 5230 3514 5285 video
3546 5231 3664 5284 mihi
3682 5228 3771 5282 sub-

2226 5312 2466 5370 tractos,
2515 5316 2568 5361 et
2622 5312 3071 5378 comprehendam
3109 5329 3206 5383 per
3245 5327 3479 5385 peccata
3525 5341 3539 5374 :
3583 5321 3771 5374 dividam

2226 5393 2412 5463 spolia,
2442 5396 2492 5449 id
2519 5406 2603 5451 est
2625 5438 2639 5461 ,
2665 5398 2889 5455 virtutes
2925 5403 3164 5457 auferam
3192 5423 3204 5458 :
3243 5406 3599 5477 implebitur,
3627 5411 3675 5465 id
3697 5419 3772 5467 (si.

2226 5485 2533 5552 satiabitur,
2585 5489 2765 5542 anima
2815 5506 2963 5555 mea,
2997 5494 3047 5547 id
3089 5505 3192 5559 est,
3225 5497 3564 5556 desiderium
3614 5515 3775 5559 mem.

2227 5577 2350 5647 quia
2388 5578 2511 5634 nolo
2541 5587 2599 5634 ut
2622 5581 2676 5635 in
2699 5580 2816 5636 loco
2843 5584 2983 5639 unde
3003 5587 3197 5651 cecidi,
3222 5589 3651 5647 substituautur.

2297 5689 2360 5742 Et
2396 5689 2437 5743 si
2489 5707 2593 5745 non
2630 5702 2817 5762 potero
2861 5695 3266 5765 deceptionibus
3309 5701 3610 5770 proﬁcere,
3635 5699 3779 5768 επιεὶ-

2226 5781 2363 5835 nabo
2393 5792 2658 5852 per'me0s
2690 5787 2962 5843 ministros
2991 5789 3223 5861 gladium
3274 5808 3449 5848 meum
3474 5835 3489 5863 ,
3524 5806 3582 5849 ut
3614 5805 3784 5850 tenore
