3898 6472
74 382 181 438 705

1118 322 1464 430 causam.
1501 367 1568 423 lN
1605 364 1896 422 CANTICA
1933 364 2255 434 ALlQUO'l‘.

3190 382 3195 387 λ
3206 358 3310 415 ἹΟϐ

77 501 424 559 moveantur,
478 501 535 547 et
581 489 866 547 interﬁt-iet
919 501 1014 542 eos
1061 499 1252 540 manus
1300 497 1419 538 mea
1461 494 1651 551 corpo-
1675 482 1724 542 Α
1752 491 1893 545 qua,
1923 476 2175 546 quoniam
2217 490 2464 546 magnam
2498 474 2780 529 utilitatem
2824 482 3200 544 proventuram
3231 473 3313 528 in-

78 586 284 641 raliter.

153 673 344 728 Flavit.
375 671 490 742 Ipse
515 670 589 726 ita
612 668 927 738 disponebat
952 664 1201 738 persequi
1226 672 1283 719 et
1316 658 1647 738 interﬁcere,

79 766 178 822 sed
197 760 429 836 spiritus
448 771 572 817 tuus
592 769 809 816 sanctus
838 757 986 812 ﬁavit
1012 766 1066 812 et
1091 752 1433 810 conturbavit
1457 764 1572 815 eos,
1598 758 1654 805 et

77 864 402 927 potestatem
422 853 538 924 ejus
571 851 869 917 imminuit,
890 857 947 905 et
971 848 1183 919 operuit
1202 859 1296 900 eos
1318 858 1487 904 mare,
1510 855 1650 911 aqua

77 943 333 1015 baptismi
365 960 377 996 :
410 952 465 996 et
509 945 581 996 ita
607 939 839 1010 operuit,
868 952 935 993 ne
976 951 1165 991 rursus
1210 940 1551 1003 resurgerent
1592 930 1646 984 in

75 1034 365 1103 pristinam
413 1037 780 1100 potestatem:
831 1027 935 1082 hoc
985 1025 1116 1081 dicit
1155 1042 1168 1078 :
1220 1021 1484 1078 submersi
1524 1029 1652 1075 sunt

79 1124 238 1193 quasi
263 1122 535 1193 plumbum
556 1122 611 1175 in
635 1119 790 1188 aquis
807 1116 1224 1180 vehementibus,
1259 1128 1377 1184 qut?
1403 1128 1651 1185 magnam

78 1221 402 1285 potestatem
425 1211 643 1267 habent.

155 1304 286 1372 Quis
314 1302 506 1360 similis
533 1301 610 1356 tui
636 1301 689 1355 in
716 1300 965 1364 fortibus,
992 1295 1250 1354 Domine?
1277 1295 1420 1350 sicut
1441 1292 1654 1363 exposi-

84 1405 199 1450 tum
229 1403 330 1450 est.

155 1483 453 1541 Extendisti
479 1483 533 1538 in
562 1481 860 1552 baptismo,
894 1479 969 1534 ita
1007 1484 1271 1549 potestate
1292 1474 1515 1546 privasti
1550 1492 1562 1527 :
1598 1480 1658 1529 et

82 1585 345 1646 quantum
374 1573 441 1628 ad
467 1574 607 1629 diem
624 1572 835 1643 judicii,
858 1568 1165 1631 extendisti,
1198 1566 1249 1620 id
1284 1574 1369 1621 est
1398 1564 1651 1629 dilatasti,

82 1675 141 1720 ct
163 1662 499 1734 ampliﬁcasti
529 1675 770 1725 manum,
799 1660 852 1716 id
877 1666 980 1722 est,
996 1656 1287 1711 vindictam
1310 1664 1475 1720 tuam,
1495 1669 1656 1725 quam

81 1760 194 1814 illis
231 1758 446 1814 inferes.

1751 571 1988 632 tellcxit,
2028 570 2131 625 hoc
2161 570 2430 624 canticum
2456 568 2825 624 exsultationis
2860 567 2968 624 Deo
3008 568 3221 633 cecinit,
3257 568 3312 623 in

1751 675 1858 730 quo
1889 659 2167 712 materiam
2197 657 2360 712 habet
2386 658 2554 728 ipsam
2584 656 2782 712 Christi
2810 656 3229 711 incarnationem
3258 664 3314 712 et

1749 750 2074 820 passionem.
2109 747 2296 803 Modus
2319 755 2434 812 est,
2466 747 2605 816 quod
2640 754 2919 801 enumerat
2964 754 3018 800 et
3064 746 3316 801 determi-

1752 846 1846 893 nat
1887 837 2053 902 bona,
2100 851 2217 905 qua:
2264 850 2363 905 per
2409 836 2579 905 ipsam
2628 836 2961 888 nativitatem
3010 832 3317 887 hominibus

1753 937 1879 984 sunt
1910 928 2169 997 impensa.
2210 926 2441 980 Intentio
2469 934 2574 990 est,
2620 925 2825 979 hortari
2872 925 2939 978 ad
2973 923 3183 979 laudem
3221 921 3316 979 Dei

1750 1033 1848 1089 pro
1872 1017 2241 1073 incarnatione
2266 1015 2407 1069 Filii.

1822 1109 2064 1174 Domine,
2096 1108 2273 1161 audivi
2295 1122 2392 1176 per
2417 1107 2681 1161 internam
2716 1106 3039 1161 locutionem
3085 1104 3317 1158 auditio-

1753 1215 1869 1254 nem
1899 1209 2065 1262 tuam,
2098 1198 2149 1253 id
2175 1206 2290 1262 est,
2327 1196 2453 1250 illud
2492 1197 2637 1265 quod
2667 1196 2732 1250 de
2773 1206 2824 1249 te
2855 1196 3025 1250 audiri
3077 1192 3212 1248 facis
3249 1192 3318 1247 ab

1753 1287 1889 1350 aliis,
1921 1286 2146 1351 scilicet,
2177 1285 2602 1339 incarnationem
2624 1283 2764 1345 Filii,
2795 1292 2842 1337 et
2874 1283 3023 1336 timui
3049 1283 3174 1353 quia
3204 1296 3318 1337 rem

1753 1385 1940 1433 contra
1977 1385 2225 1435 naturam
2252 1375 2514 1430 intellexi.

1825 1466 2065 1520 Domine.
2088 1465 2252 1531 Quasi
2276 1465 2478 1520 diceret
2505 1482 2518 1518 :
2549 1463 2657 1519 Res
2684 1464 2899 1533 quidem
2926 1461 3190 1520 mirabilis
3215 1470 3319 1529 est,

1754 1556 1846 1612 sed
1871 1555 1984 1624 jam
2012 1555 2237 1610 ulterius
2264 1555 2388 1609 inde
2420 1554 2677 1618 mirabor,
2708 1554 2833 1623 quia
2870 1552 3109 1624 intelligo
3137 1561 3190 1608 te
3218 1567 3320 1623 po-

1754 1653 1978 1710 tentem,
2001 1654 2061 1699 ut
2092 1644 2258 1700 facias
2292 1654 2478 1699 contra
2514 1652 2760 1698 naturam
2788 1661 2802 1697 :
2838 1643 2939 1697 hoc
2968 1642 3097 1696 dicit
3127 1654 3143 1695 :
3176 1639 3322 1711 Opus

1756 1745 1925 1800 tuum,
1957 1735 2197 1797 Domine,
2237 1741 2321 1789 est
2349 1733 2518 1798 istud,
2551 1733 2602 1787 id
2633 1742 2742 1799 est,
2778 1741 2882 1787 tuae
2919 1732 3322 1801 omnipotentiae

156 1850 225 1904 Et
254 1848 357 1903 illis
381 1848 456 1901 ita
484 1844 783 1908 subversis,
810 1851 865 1898 et
883 1842 949 1897 ad
973 1840 1228 1912 majorem
1254 1852 1469 1909 poenam
1495 1836 1654 1893 desti-
1681 1842 1727 1901 B
1754 1826 2052 1897 οοηεουυιῐι
2083 1844 2096 1879 :
2127 1836 2183 1879 cl
2211 1825 2314 1879 hoc
2340 1839 2474 1894 opus
2504 1833 2650 1877 tuum
2674 1864 2688 1888 ,
2729 1823 2974 1912 Domine,
3005 1823 3236 1891 uiri/ica,
3269 1821 3323 1877 id
3364 1885 3382 1897 _

80 1940 249 2001 natis,
276 1941 378 1994 dux
406 1937 550 1991 fuisti
582 1952 678 2007 per
721 1935 990 1990 desertum
1034 1932 1193 2001 hujus
1242 1931 1364 1985 vita:
1407 1937 1527 2000 post
1562 1929 1655 1983 ba-

81 2032 345 2103 ptismum
366 2028 561 2100 populo
598 2042 757 2098 quem
782 2024 1054 2081 redemisti
1076 2022 1249 2092 pretio
1274 2022 1577 2091 sanguinis,
1601 2020 1657 2074 in

80 2124 455 2182 misericordia
479 2132 590 2188 tua,
621 2121 671 2177 id
693 2128 802 2187 est,
828 2120 882 2174 in
920 2115 1200 2186 multiplici
1225 2114 1519 2184 gratiarum
1544 2111 1655 2165 lar-

81 2215 314 2287 gitione.

160 2304 228 2358 Et
275 2302 499 2373 portasti
548 2316 670 2355 eum
719 2299 773 2354 in
825 2295 1141 2351 fortitudine
1189 2301 1280 2348 tua
1325 2292 1393 2347 ad
1444 2290 1658 2345 habita-

81 2392 269 2450 culum
308 2400 550 2448 sanctum
592 2398 743 2444 tuum
769 2428 785 2454 ,
827 2399 998 2457 usque
1034 2385 1087 2439 in
1125 2392 1378 2439 aeternam
1430 2380 1659 2437 beatitu-

82 2484 296 2540 dinem.

157 2573 241 2628 Ad
284 2587 446 2642 quam
488 2568 872 2626 beatitudinem
915 2566 1039 2622 dum
1088 2563 1367 2628 tenderet,
1404 2558 1657 2615 ascende-

80 2674 217 2722 runt
246 2674 303 2719 ut
332 2677 425 2719 eos
459 2662 761 2717 detinerent
795 2658 1011 2729 populi,
1042 2657 1097 2712 id
1125 2662 1207 2711 est
1230 2695 1245 2721 ,
1273 2653 1558 2709 multitudo
1583 2650 1659 2705 vi-

81 2756 314 2820 tiorum,
339 2753 422 2807 vel
449 2751 708 2806 malorum
737 2749 1037 2812 hominum,
1066 2753 1121 2800 et
1156 2744 1280 2799 irati
1304 2753 1428 2798 sunt
1468 2751 1655 2797 contra

82 2860 186 2901 eos
213 2843 531 2899 tribulando.
557 2840 793 2910 Exponit
810 2854 907 2910 per
934 2845 1136 2909 partes,
1164 2832 1428 2888 malorum
1459 2848 1472 2883 :
1502 2830 1656 2900 quasi

83 2937 298 2992 diceret
324 2952 336 2987 :
368 2935 435 2988 Et
476 2933 601 3002 quia
628 2931 843 2986 vincere
872 2944 975 2983 non
1006 2931 1321 2998 potuerunt,
1348 2923 1468 2978 ideo
1504 2922 1654 2977 dolo-

84 3044 182 3084 res
227 3027 574 3084 obtinuerunt
619 3024 951 3080 habitatores
993 3020 1276 3077 Philistiim
1316 3037 1330 3073 :
1369 3018 1654 3073 Philistiim

84 3123 498 3190 interpretatur,
543 3118 749 3189 potione
799 3115 1020 3179 cadens,
1069 3122 1124 3169 et
1171 3110 1441 3183 signiﬁcat
1476 3110 1656 3167 ebrios

85 3169 355 3275 terrebis,
381 3169 727 3278 qui'sanctos
754 3203 939 3259 volunt
977 3169 1285 3272 pervertere
1313 3217 1327 3253 :
1358 3198 1501 3269 quod
1531 3198 1656 3267 quia
1682 3179 1728 3243 Ο
2093 3170 2290 3278 didi“:

88 3315 201 3355 non
230 3303 475 3369 possunt,
506 3295 705 3350 dolent.

164 3390 320 3447 Tunc
364 3386 670 3446 conturbati
723 3394 849 3441 sunt
920 3384 1190 3455 principes
1235 3382 1406 3436 Edom
1432 3420 1447 3445 ,
1492 3380 1545 3433 id
1582 3387 1667 3434 est

93 3487 443 3557 sanguineus,
470 3482 559 3550 qui
586 3488 803 3535 sanctos
826 3477 1169 3548 persequitur
1195 3492 1210 3532 :
1238 3475 1486 3529 robustos
1512 3472 1667 3527 Moab

93 3575 333 3633 obtinuit
363 3582 584 3626 tremor.
618 3568 772 3624 Moab
805 3568 913 3638 lege
941 3568 1152 3621 abutens
1174 3566 1572 3634 interpretatur,
1614 3570 1671 3617 et

97 3662 372 3735 signiﬁcat
413 3660 780 3723 incestuosos,
806 3667 861 3711 et
890 3656 1010 3711 aliis
1048 3655 1194 3709 vitiis
1233 3654 1537 3709 obnoxios:
1577 3652 1669 3722 qni

98 3770 291 3811 omnes
322 3751 504 3808 dolent
546 3749 612 3805 de
645 3748 1043 3819 perseverantia
1089 3745 1374 3809 bonorum,
1400 3752 1453 3798 et
1482 3743 1671 3797 timent

98 3860 323 3918 poenas,
361 3858 479 3914 quae
515 3857 612 3914 per
644 3856 735 3896 eos
774 3838 1164 3895 annuntiantur
1196 3853 1209 3889 :
1246 3849 1434 3891 omnes
1462 3832 1673 3887 habita-

101 3951 249 3994 tores
271 3935 546 3993 Chanaan.
568 3934 849 3995 Cbanaan,
880 3931 933 3985 id
959 3937 1063 3994 est,
1093 3929 1405 3990 descensus,
1426 3932 1481 3979 et
1507 3923 1674 3994 signi-

98 4031 235 4084 ﬁcat
262 4027 316 4081 in
346 4026 528 4081 inﬁma
556 4024 810 4078 vitiorum
848 4021 1094 4076 detrusos
1114 4058 1130 4086 ,
1158 4017 1252 4088 qui
1280 4015 1491 4082 dolent,
1527 4016 1673 4085 quod

101 4133 212 4173 non
246 4123 471 4187 possunt
497 4113 760 4168 detinere.

177 4206 380 4262 Irruut.
411 4203 575 4272 Quasi
600 4201 803 4256 diceret
828 4214 842 4253 :
866 4198 958 4254 lsti
988 4197 1113 4253 mali
1145 4195 1216 4251 ita
1242 4194 1427 4251 volunt
1453 4201 1674 4253 sanctos

103 4307 436 4371 pervertere,
462 4295 557 4350 sed
587 4294 757 4347 irruat
783 4306 947 4360 super
973 4304 1067 4345 eos
1090 4287 1322 4344 formido
1343 4296 1402 4343 et
1427 4300 1595 4357 pavor
1617 4285 1673 4340 in

102 4388 477 4461 magnitudine
499 4385 708 4441 brachii
735 4384 831 4447 tui,
860 4383 914 4439 id
940 4390 1045 4447 est,
1078 4378 1194 4436 ﬁlii.

179 4481 337 4537 Fiant
357 4477 655 4535 immobiles
676 4476 831 4546 quasi
853 4473 1008 4545 lapis,
1032 4474 1202 4528 donec
1225 4478 1566 4542 pertranseat
1584 4483 1679 4539 po-.

104 4574 269 4645 pulus
311 4585 409 4643 per
450 4569 591 4625 hanc
616 4568 778 4621 vitam
801 4605 816 4631 ,
857 4578 1029 4634 usque
1067 4563 1135 4617 ad
1167 4562 1442 4617 etelestem
1488 4560 1676 4627 vitam,

103 4662 341 4737 populus
368 4670 491 4717 tuus
520 4658 622 4713 iste
648 4671 809 4726 quem
837 4651 1144 4725 possedisti.

185 4754 252 4810 Et
280 4753 354 4807 ita
390 4750 484 4805 ﬁet
510 4764 525 4802 :
560 4746 867 4802 introduces
890 4758 1002 4804 eos,
1032 4749 1088 4797 et
1113 4739 1380 4811 plantabis
1416 4738 1469 4793 in
1498 4746 1682 4794 monte

108 4841 443 4900 luereditatis
482 4848 621 4904 tuae,
663 4837 717 4891 id
745 4843 854 4898 est,
892 4834 947 4888 in
974 4831 1249 4888 ctelestem
1272 4828 1679 4894 beatitudinem,

111 4935 348 5000 scilicet,
373 4929 683 4986 ﬁrmissimo
703 4924 1008 4982 habitaculo
1030 4932 1139 4988 tuo,
1162 4922 1305 4992 quod
1330 4929 1584 4992 operatus
1598 4936 1679 4986 es,

112 5024 358 5089 Domine,
391 5019 700 5077 timentibus
728 5027 799 5073 te.

188 5114 320 5170 illud
356 5127 491 5183 opus
522 5111 662 5177 dico,
689 5108 1054 5166 sanctuarium
1085 5116 1257 5173 tuum,
1287 5104 1534 5169 Domine,
1555 5103 1682 5174 quia

118 5205 254 5262 nihil
289 5203 694 5273 coinquinatum
732 5198 957 5255 intrabit
990 5197 1046 5252 in
1084 5195 1233 5252 illud.
1262 5193 1468 5250 Caetera
1496 5208 1595 5264 per
1627 5207 1687 5248 se

118 5304 326 5372 patent.

393 5421 647 5483 ORATIO
683 5420 1001 5477 HABACUC
1032 5417 1420 5477 PROPHETJE

681 5533 788 5590 Pro
824 5533 1152 5604 ignorantiis.

196 5651 438 5715 Domine,
469 5649 664 5704 audivi.
694 5646 946 5701 Habacuc
985 5643 1128 5696 inter
1168 5652 1363 5696 caetera
1399 5637 1693 5708 prophetiae

126 5756 242 5800 sua
270 5742 432 5796 verba
464 5740 626 5794 etiam
654 5734 853 5794 Christi
900 5732 1233 5789 nativitatem
1278 5728 1593 5801 prophetat,
1629 5727 1693 5782 de

1754 1922 1858 1979 est,
1890 1914 2126 1968 vividum
2158 1922 2212 1968 et
2235 1922 2425 1981 potens
2452 1913 2697 1976 ostende,
2727 1920 2783 1967 et
2814 1910 3020 1975 elﬁcax,
3060 1919 3116 1964 et
3152 1910 3325 1980 pluria

1754 2005 1855 2060 bus
1883 2016 2068 2060 notum
2101 2020 2116 2069 ;
2148 2002 2288 2073 quod
2313 2003 2525 2073 quidem
2566 2010 2803 2072 tempore
2850 2017 2983 2056 meae
3024 1998 3326 2056 sterilitatis

1755 2109 1862 2148 non
1887 2094 2179 2163 continget,
2211 2092 2305 2148 sed
2342 2094 2397 2147 in
2426 2091 2596 2146 medio
2627 2107 2881 2163 annorum
2913 2091 2965 2144 in
2995 2088 3325 2159 plenitudine

1757 2190 2080 2250 temporum,
2109 2183 2322 2250 quando
2355 2182 2458 2236 erit
2494 2181 2647 2250 quasi
2670 2195 2770 2236 cor
2794 2195 3078 2234 annorum.

1826 2269 1895 2325 In
1940 2271 2108 2324 medio
2157 2287 2434 2324 annorum.
2464 2270 2626 2337 Quasi
2656 2271 2857 2326 diceret
2888 2289 2900 2323 :
2936 2270 3005 2324 Et
3046 2269 3187 2324 sicut
3227 2284 3329 2339 ego

1755 2376 1875 2427 oro,
1902 2361 1975 2415 ita
2005 2369 2059 2415 tu
2088 2360 2248 2431 facies
2276 2369 2455 2415 notum
2494 2360 2620 2415 illud
2653 2375 2809 2431 opus,
2840 2360 2894 2414 id
2920 2370 3025 2424 est,
3058 2359 3203 2413 illam
3232 2359 3321 2414 in-

1757 2450 2159 2514 carnationem,
2207 2449 2560 2505 recordaberis
2601 2449 2653 2503 in
2698 2449 2877 2518 operis
2926 2448 3324 2518 adimpletione,

1755 2539 2127 2593 misericordia:
2146 2538 2320 2607 primo
2350 2538 2548 2592 homini
2576 2538 2783 2608 positze,
2799 2538 2892 2593 sed
2910 2546 3128 2607 propter
3141 2551 3330 2607 pecca-

1755 2637 1869 2683 tum
1906 2627 2215 2694 snhtractaa,
2244 2637 2299 2682 et
2328 2628 2481 2697 quasi
2511 2627 2765 2683 oblivioni
2808 2628 2978 2693 datae,
3007 2642 3124 2681 cum
3170 2625 3325 2698 prius

1754 2720 1923 2773 iratus
1951 2719 2113 2786 fueris
2138 2718 2342 2774 homini
2376 2717 2496 2787 ipsi.

1826 2808 1987 2863 Deus.
2019 2808 2153 2876 Quia
2179 2807 2385 2862 occulte
2411 2808 2619 2863 locutus
2652 2817 2772 2863 erat
2798 2809 2850 2862 in
2880 2808 3185 2877 aenigmate,
3213 2805 3334 2861 ideo

1756 2909 1941 2972 aperte
1971 2899 2292 2954 determinat
2330 2898 2471 2968 quod
2518 2914 2676 2968 opus,
2710 2907 2767 2952 et
2793 2913 2956 2967 quam
3001 2898 3331 2953 auditionem

1756 2991 2111 3046 intellexerat.
2147 2990 2283 3043 Deus
2313 2989 2377 3042 ab
2403 2998 2604 3050 austro,
2631 2988 2683 3043 id
2714 2998 2818 3054 est,
2848 2989 2915 3043 ab
2946 2986 3202 3059 Egypto,
3231 3003 3336 3042 un-

1758 3080 1825 3136 de
1852 3090 2036 3135 auster
2072 3078 2182 3142 ﬁat,
2212 3079 2371 3133 ueniet
2417 3078 2483 3131 ad
2513 3089 2714 3132 terram
2743 3076 2907 3132 Israel
2949 3076 3199 3132 defuncto
3226 3075 3337 3131 He-

2321 3184 2337 3223 :
2369 3168 2452 3222 Ea:
2476 3169 2705 3239 Egypto
2737 3169 2908 3223 vocavi
2938 3165 3136 3221 Filium
3159 3183 3337 3239 neeum

1762 3259 1976 3331 (Matth.
2010 3276 2077 3325 tt;
2120 3256 2241 3313 Ose.
2275 3258 2377 3323 xl),
2406 3268 2453 3312 et
2485 3230 2776 3327 ipse-idem
2807 3267 3019 3310 sanctus
3061 3230 3242 3311 veniet
3274 3255 3340 3309 de

1762 3360 1934 3403 monte
1984 3348 2221 3403 Pltaran.
2272 3347 2484 3404 Pharan
2523 3348 2673 3403 locus
2717 3354 2800 3402 est
2841 3347 2895 3401 in
2937 3345 3202 3415 Egypto,
3243 3343 3336 3414 qui

1763 3438 1971 3493 Pharos
2008 3438 2227 3503 dicitur,
2270 3437 2437 3492 turris
2483 3437 2535 3490 in
2579 3451 2674 3493 ora
2729 3436 2894 3491 maris
2934 3451 2947 3487 :
2995 3436 3138 3489 unde
3182 3447 3341 3505 reges

1768 3536 1926 3582 terra:
1954 3527 2096 3582 illius
2135 3526 2446 3582 Pharaones
2491 3526 2762 3580 dicuntur.
2806 3524 2985 3591 Deus,
3028 3540 3095 3580 ex
3140 3531 3338 3580 natura

1766 3616 1946 3671 Patris
1977 3634 1990 3669 :
2030 3624 2271 3681 sanctus,
2298 3631 2365 3671 ex
2398 3615 2752 3670 humanitate.

1841 3706 2057 3776 Operuit
2105 3704 2277 3760 caelos.
2318 3706 2387 3759 Et
2426 3704 2515 3760 ille
2557 3719 2679 3758 cum
2722 3703 2863 3759 Deus
2902 3711 2958 3758 et
2993 3712 3213 3759 sanctus
3249 3703 3339 3768 sit,

1768 3794 1937 3867 gloria
1965 3795 2078 3865 ejus
2123 3796 2323 3866 operuit
2358 3793 2540 3860 celos,
2570 3793 2622 3847 id
2660 3801 2777 3859 est,
2817 3792 2937 3847 illos
2978 3794 3070 3863 qui
3112 3789 3344 3860 majores

1769 3893 1928 3951 sunt,
1959 3885 2276 3940 obtenebrat
2311 3898 2407 3938 sua
2452 3882 2741 3938 claritate:
2781 3888 2838 3937 et
2875 3881 3038 3936 etiam
3075 3880 3345 3936 illuminat

1771 3979 2033 4033 minorem
2061 3976 2234 4031 lucem
2262 3975 2504 4039 illorum,
2534 3971 2725 4041 majori
2768 3972 2970 4027 lumine
3008 3970 3343 4039 suffundens,

1769 4075 1817 4121 et
1847 4076 1987 4119 terra
2028 4072 2139 4119 tota
2186 4062 2338 4134 plena
2379 4071 2454 4117 est
2498 4062 2672 4117 laudis
2710 4061 2858 4131 ejus,
2888 4060 2944 4115 id
2980 4071 3065 4115 est
3089 4102 3105 4129 ,
3143 4060 3347 4116 terreni

1769 4155 1990 4210 laudant
2013 4169 2156 4218 eum,
2184 4152 2267 4207 vel
2296 4166 2390 4220 per
2409 4166 2533 4206 eum
2561 4150 2860 4206 laudabiles
2886 4149 3044 4204 ﬁunt.

1842 4244 2100 4316 Splendor
2125 4243 2257 4314 ejus.
2275 4242 2414 4297 Ecce
2428 4242 2493 4297 de
2513 4241 2794 4311 passione:
2816 4249 2871 4297 et
2884 4249 3167 4310 postquam
3180 4238 3351 4310 splen-

1773 4334 1869 4388 dor
1890 4334 2004 4404 ejus
2029 4347 2128 4402 per
2154 4340 2325 4386 totum
2352 4331 2609 4385 mundum
2637 4338 2693 4383 ut
2720 4328 2814 4383 tua:
2841 4329 2964 4395 erit,
2992 4336 3119 4383 tunc
3149 4344 3351 4381 cornua

1774 4425 1953 4480 crucis
1976 4430 2136 4478 erunt
2159 4422 2214 4475 in
2240 4420 2479 4475 manibus
2506 4420 2639 4489 ejus.

1708 4510 1756 4570 D
1849 4532 1919 4588 Et
1943 4532 2185 4603 quamvis
2222 4530 2295 4584 ita
2323 4544 2582 4600 magnus,
2631 4540 2812 4586 tamen
2843 4529 3045 4601 poterit
3086 4528 3351 4600 cruciﬁgi,

1780 4628 1907 4699 quia
1939 4628 2032 4691 ibi,
2069 4627 2123 4681 id
2153 4633 2257 4691 est,
2286 4624 2340 4678 in
2368 4617 2604 4694 tempore
2627 4624 2916 4695 passionis,
2943 4620 3248 4677 abscondita
3277 4629 3353 4675 est

1781 4718 2035 4791 fortitudo
2064 4716 2198 4787 ejus,
2228 4716 2444 4787 quando
2475 4731 2535 4770 se
2565 4723 2735 4771 totum
2773 4713 2993 4769 tradidit
3030 4711 3084 4766 in
3114 4718 3354 4782 potesta-

1782 4816 1890 4863 tem
1920 4805 2345 4877 cruciligentium
2373 4822 2387 4857 :
2419 4813 2475 4859 et
2511 4818 2578 4857 ex
2617 4803 2722 4858 hac
2763 4801 3113 4858 cruciﬁxione
3159 4814 3355 4871 magna

1784 4897 1990 4953 utilitas
2018 4895 2323 4966 proveniet,
2353 4894 2479 4965 quia
2524 4894 2615 4948 illo
2650 4901 2966 4965 resurgente
2992 4902 3113 4947 ante
3144 4890 3354 4960 faciem,

1784 4988 1840 5046 id
1866 4994 1949 5043 est
1990 4985 2335 5056 praesentiam
2363 4982 2496 5054 ejus,
2524 4982 2615 5037 ibit
2642 4999 2780 5037 mors
2801 4991 2857 5039 et
2880 4982 3210 5043 destruetur,
3230 4978 3357 5048 quia

1784 5094 1882 5150 per
1904 5092 2026 5132 eum
2051 5074 2282 5131 facultas
2312 5073 2624 5145 resurgendi
2650 5073 2900 5127 omnibus
2923 5071 3102 5125 datur.

1859 5185 1927 5241 Et
1945 5200 2043 5255 per
2061 5181 2177 5254 ejus
2199 5182 2652 5241 resurrectionem
2679 5180 2970 5250 egredietur
2990 5174 3230 5230 diabolus
3257 5174 3362 5231 for-

1790 5281 1861 5336 tis
1901 5285 2142 5332 armatus
2190 5274 2257 5330 de
2294 5272 2457 5330 domo
2492 5290 2654 5346 quam
2700 5271 2850 5341 prius
2882 5266 3193 5337 possederat
3241 5277 3361 5320 ante

1789 5369 1941 5440 pedes
1967 5367 2098 5437 ejus,
2128 5365 2435 5434 ubicunque
2469 5363 2583 5433 ipse
2620 5376 2719 5431 per
2745 5357 3155 5427 inspirationem
3180 5354 3360 5409 inces-

1791 5460 1924 5531 serit
1951 5477 1963 5513 :
1996 5466 2052 5514 et
2081 5455 2324 5513 diabolus
2351 5455 2585 5526 perdens
2606 5450 2696 5520 jus
2730 5464 2884 5505 suum
2913 5488 2929 5512 ,
2964 5448 3137 5510 stetit,
3167 5456 3215 5500 et
3242 5460 3363 5500 ere-

1791 5554 1910 5600 ctus
1932 5544 1989 5599 in
2018 5542 2476 5599 immortalitatem
2516 5547 2573 5594 et
2606 5535 3122 5606 impassihilitatem,
3153 5548 3335 5585 mensu

1791 5645 1869 5690 est
1896 5644 2088 5690 terram
2108 5674 2124 5700 ,
2155 5634 2209 5689 id
2247 5641 2332 5689 est
2352 5673 2367 5698 ,
2396 5645 2495 5702 per
2522 5641 2829 5685 mensuram
2857 5665 2872 5689 ,
2903 5638 3037 5690 quos
3067 5622 3269 5683 voluit,
3295 5620 3363 5675 de

1797 5735 1940 5780 terra
1971 5724 2178 5795 accepit
2208 5743 2219 5777 :
2250 5738 2384 5793 quos
2414 5719 2601 5783 noluit,
2638 5715 2960 5787 reprohavit.
