3898 6486
547 393 643 447 7H

544 607 802 647 numerus
827 590 1116 646 colentium
1139 607 1301 644 unum
1330 591 1520 654 Deum,
1546 599 1605 643 ut
1628 600 1866 660 tempore
1886 590 2117 644 Abraba:

542 685 630 737 vis
663 684 1037 738 invenirentur
1073 683 1370 737 duodecim.
1415 684 1520 752 Ipsi
1565 684 1728 738 etiam
1771 685 1973 737 dictum
2011 692 2112 738 est.

543 775 650 830 Exi
681 776 744 828 de
774 785 912 829 terra
938 786 1048 837 tua,
1078 784 1124 827 et
1153 775 1217 827 de
1255 776 1561 844 cognatione
1600 785 1690 827 tua
1719 771 1870 843 (Gen.
1901 775 2029 843 xu);
2062 783 2118 830 et

542 867 646 921 hoc
669 874 750 920 est
779 884 790 918 ε
825 864 1038 935 quando
1067 865 1376 919 Altissimus
1407 865 1677 920 dividebat
1703 875 1907 934 gentes,
1938 867 1988 920 id
2009 874 2114 932 εει,

543 958 752 1027 quando
787 956 1060 1025 separabat
1113 955 1251 1024 ﬁlios
1281 955 1448 1009 Adam
1482 971 1580 1024 per
1614 957 1914 1026 linguarum
1945 957 2118 1011 varie-

545 1055 705 1100 tatem
748 1045 886 1099 facta
930 1055 1011 1099 est
1048 1047 1315 1114 separatio
1355 1046 1441 1100 illa
1472 1064 1486 1098 ε
1515 1055 1568 1100 ει
1610 1047 1824 1115 quando
1849 1049 2114 1100 constituit

540 1140 784 1192 terminos
815 1137 1146 1208 populorum.
1191 1138 1517 1208 Suspensive
1556 1155 1725 1207 usque
1771 1139 1933 1192 illuc:
1983 1138 2115 1193 Pars

538 1235 715 1280 autem
759 1227 1142 1291 Domini,etc.,
1171 1228 1463 1282 secundum
1508 1229 1715 1296 linguas
1757 1231 2116 1283 terminantur

537 1319 738 1387 populi,
767 1333 862 1388 per
891 1334 1025 1387 quas
1053 1327 1135 1372 est
1160 1319 1474 1388 principalis
1495 1319 1708 1382 divisio,
1733 1321 1874 1389 quod
1907 1329 2027 1388 post
2050 1335 2114 1375 ea

539 1409 640 1461 sub
677 1410 862 1462 eadem
899 1409 1080 1476 lingua
1110 1410 1265 1464 divisi
1310 1419 1434 1463 sunt
1468 1410 1646 1479 populi
1677 1428 1689 1462 :
1728 1410 1828 1464 sub
1851 1410 2114 1463 divisione

531 1499 685 1568 juxta
719 1516 1002 1554 numerum
1029 1500 1337 1570 angelorum
1362 1501 1453 1554 Dei
1481 1509 1688 1570 ponunt
1712 1501 1821 1563 alii,
1851 1500 1975 1568 quia
2004 1500 2114 1554 sin-

539 1589 677 1658 gulis
701 1589 910 1658 populis
947 1589 1172 1659 delegati
1215 1590 1388 1658 angeli
1421 1590 1487 1643 ad
1515 1590 1846 1654 custodiam,
1879 1597 1935 1643 et
1960 1588 2114 1656 juxta

539 1695 823 1734 numerum
873 1679 1082 1734 illorum
1127 1680 1436 1750 angelorum
1483 1689 1569 1734 est
1606 1694 1860 1734 numerus
1889 1679 2113 1749 populo-

540 1773 658 1824 ru’m
691 1769 984 1838 majorum;
1018 1780 1069 1823 et
1099 1771 1262 1824 etiam
1291 1770 1591 1824 inﬁdelibus
1629 1769 1838 1840 populis
1867 1769 2115 1838 delegau-

1037 389 1391 446 IIAYMONIS
1426 389 1898 445 IIALBERSTAT.
1937 389 2148 444 EPiSC.
2191 391 2341 446 OPP.
2379 393 2559 450 PARS
2593 396 2632 450 Ι.
2655 426 2721 436 —
2743 396 3092 453 COMMENT.
3127 398 3298 453 BIBL.
3719 401 3797 456 ΤΗ

545 520 654 560 non
694 502 968 558 consensit
1009 501 1151 556 aliis.
1182 503 1372 558 Postea
1412 502 1545 556 adeo
1577 502 1889 556 imminutus
1913 511 1996 555 est
2034 501 2120 555 ille
2147 508 2194 565 Α

2296 503 2634 560 lncrassatus
2661 521 2782 560 cum
2818 509 2896 562 sic
2922 509 3238 573 abundaret,
3269 508 3593 578 superbivit
3629 510 3682 562 in
3715 512 3793 567 diis

2222 596 2432 661 alienis,
2464 598 2518 651 id
2555 606 2638 652 est
2671 598 2829 653 idolis
2861 614 2889 651 a
2929 600 3038 653 Deo
3075 600 3321 654 diversis.

2290 687 2458 740 Deum
2495 689 2586 758 qui
2619 699 2669 742 te
2707 690 2882 760 genuit
2912 690 3262 760 dereliquisti,
3302 701 3350 743 et
3380 691 3600 744 oblitus
3637 708 3684 744 es
3713 691 3787 743 Da-

2219 777 2347 830 mini
2377 780 2626 832 creatoris
2661 784 2756 832 tui.
2788 780 3086 850 Increpatio
3113 781 3464 850 interposita.

2298 865 2438 920 Vidit
2472 866 2756 932 Dominus,
2793 877 2843 920 et
2879 870 2950 922 ad
3001 869 3332 922 iracundiam
3373 869 3680 922 concitatus
3710 884 3772 932 est,

2217 957 2342 1026 quia
2378 967 2786 1022 prouocauerunt
2823 974 2940 1011 eum
2979 958 3079 1025 ﬁlii
3114 967 3160 1011 et
3198 959 3345 1028 ﬁlitr.

2290 1043 2666 1098 Narrationem
2696 1046 2908 1114 repetit.
2938 1044 3082 1100 Vidit
3111 1048 3250 1100 mala
3281 1063 3407 1116 qua:
3443 1047 3718 1106 faciebant.
3741 1065 3770 1102 ει

2220 1134 2295 1186 ait
2321 1145 2342 1185 :
2370 1133 2699 1187 Abscondam
2738 1134 2926 1201 [aciem
2958 1151 3072 1187 eam
3102 1136 3166 1188 ab
3196 1137 3303 1202 eis;
3344 1138 3512 1205 prius
3553 1138 3768 1191 illumina-

2219 1222 2340 1286 bat,
2373 1222 2501 1276 dum
2544 1222 2709 1277 facies
2753 1239 2847 1277 sua
2895 1225 2960 1276 ad
2987 1239 3082 1278 eos
3115 1235 3231 1279 erat
3261 1241 3579 1292 conversa;
3610 1228 3688 1283 sed
3716 1231 3763 1285 la-

2219 1313 2356 1367 ciem
2393 1313 2696 1373 abscondit,
2725 1313 2850 1366 dum
2895 1313 3148 1367 auxilium
3186 1316 3509 1381 subtrahit;
3564 1330 3609 1371 et
3641 1325 3761 1373 costi-

2219 1400 2411 1454 derabo
2455 1401 2734 1454 novissima
2763 1418 2967 1468 eorum,
2993 1404 3119 1472 quia
3163 1407 3590 1474 prtccipitantur
3614 1409 3658 1462 in
3677 1425 3756 1479 gr:-

2218 1489 2439 1542 vissima
2475 1489 2634 1544 mala.
3077 1495 3082 1500 ’

2288 1577 2359 1631 Ει
2403 1578 2596 1633 merito
2621 1618 2635 1644 ,
2675 1579 2800 1648 quia
2853 1583 3116 1650 generatio
3155 1599 3406 1650 peruersa
3448 1597 3529 1638 est
3553 1626 3569 1650 ,
3603 1598 3643 1640 et
3671 1590 3749 1657 isﬁ-

2225 1665 2367 1720 deles
2403 1666 2521 1734 ﬁlii.

2290 1755 2357 1809 In
2385 1774 2444 1810 eo
2486 1758 2575 1827 qui
2618 1775 2721 1812 non
2750 1768 2826 1814 est
2859 1760 3027 1826 Deus,
3067 1761 3120 1815 id
3162 1771 3275 1828 est,
3323 1765 3569 1821 colendo
3610 1769 3740 1824 idolum

542 1870 629 1915 tur
652 1861 824 1932 angeli
851 1863 914 1915 ad
942 1861 1345 1916 custodiendum
1371 1861 1600 1928 primam
1630 1868 1874 1912 naturam
1911 1859 1964 1912 in
1991 1859 2111 1923 illis,

2225 1861 2318 1915 pro
2344 1846 2453 1902 Deo
2482 1849 2626 1916 quod
2659 1865 2764 1903 non
2793 1860 2878 1904 est
2911 1852 3050 1906 Deus
3081 1870 3093 1904 :
3125 1854 3181 1906 in
3219 1871 3280 1907 eo
3323 1857 3426 1924 qui
3462 1874 3564 1910 non
3601 1869 3658 1913 est
3684 1879 3736 1926 ρο-

539 1969 658 2022 qure
693 1953 832 2008 bona
879 1962 964 2007 est
993 1964 1241 2007 creatura
1287 1951 1401 2005 Dei.
1445 1955 1526 2003 An
1562 1950 1928 2018 unusquisque
1960 1949 2122 2004 homo

539 2044 736 2098 habeat
781 2043 1049 2113 angelum,
1081 2059 1185 2096 non
1215 2051 1298 2096 est
1332 2051 1537 2095 certum
1577 2041 1751 2104 nobis,
1795 2041 1841 2096 is
1875 2049 1959 2095 est
1992 2056 2117 2096 sen-

539 2150 652 2196 sus,
677 2135 836 2202 juxta
867 2150 1139 2188 numerum
1167 2133 1399 2202 filiorum
1429 2131 1600 2186 Israel
1627 2140 1684 2186 ut
1723 2133 1897 2203 angeli
1925 2148 2120 2188 vocen-

541 2233 630 2278 tur
661 2225 755 2277 lilii
790 2224 973 2278 Israel.
1001 2222 1095 2276 Vel
1117 2265 1130 2286 ,
1166 2224 1319 2292 juxta
1350 2239 1632 2277 numerum
1663 2223 1894 2278 ﬁliorum
1928 2223 2114 2288 Israel,

537 2320 662 2390 quia
693 2329 769 2372 tot
792 2319 1000 2372 animas
1023 2317 1231 2372 induxit
1252 2318 1436 2381 Israel,
1461 2318 1511 2371 id
1531 2326 1614 2372 est
1633 2316 1818 2378 Jacob,
1839 2317 1891 2370 in
1917 2327 2114 2372 terram

541 2409 787 2479 Egypti,
837 2407 1043 2462 scilicet
1071 2409 1433 2478 septuaginta,
1459 2408 1511 2461 id
1541 2416 1643 2473 est,
1673 2417 1751 2462 tot
1789 2418 1913 2462 sunt
1945 2409 2114 2462 varie-

536 2508 674 2554 tates
715 2499 1053 2567 linguarum,
1097 2507 1153 2551 et
1193 2497 1487 2552 secundum
1530 2497 1740 2566 linguas
1770 2496 2109 2566 populorum.

609 2587 740 2642 Pars
767 2598 940 2642 autem
971 2588 1200 2641 Domini.
1235 2587 1399 2654 Quasi
1424 2588 1627 2641 diceret
1655 2605 1668 2640 :
1696 2585 1843 2641 Alios
1880 2587 1978 2640 sub
2019 2603 2114 2640 an-

534 2680 667 2752 gelis
710 2679 1018 2742 constituit,
1067 2678 1161 2732 sed
1207 2677 1426 2748 populus
1468 2677 1678 2731 Domini
1712 2686 1787 2731 est
1823 2694 1946 2746 pars
1975 2676 2112 2746 ejus,

533 2771 660 2840 quia
691 2785 812 2824 eum
836 2767 1188 2838 spiritualiter
1212 2768 1368 2837 quasi
1406 2768 1458 2821 in
1489 2783 1650 2821 manu
1682 2783 1778 2822 sua
1803 2767 2110 2832 custodivit,

533 2861 619 2914 cui
649 2868 827 2913 tamen
859 2859 1178 2913 familiarem
1206 2874 1361 2912 suum
1393 2858 1706 2914 Michaelem
1735 2858 2023 2928 delegavit,
2065 2866 2112 2911 et

532 2948 718 3003 Jacob.
749 2950 846 3004 IIic
877 2958 960 3003 est
989 2949 1074 3003 ille
1103 2950 1327 3019 populus
1353 2949 1622 3019 funiculus
1651 2949 1974 3004 htereditatis
1999 2949 2112 3019 ejus

531 3055 691 3110 quem
723 3041 823 3094 sibi
855 3040 1267 3093 inhabitandam
1295 3040 1478 3110 elegit.

603 3129 827 3182 Invenit.
860 3129 1053 3183 Subdit
1082 3129 1258 3183 adhuc
1289 3129 1426 3184 bona
1463 3144 1584 3200 quae
1622 3129 1751 3184 fecit
1790 3128 1985 3200 populo
2014 3128 2109 3194 illi,

531 3220 724 3274 invenit
739 3236 874 3294 (una
911 3220 964 3272 in
995 3227 1135 3272 terra
1163 3219 1365 3272 deserta
1394 3219 1668 3273 Abraham
1693 3219 1806 3274 Huz
1833 3218 2108 3274 Chaldaeo-

533 3325 650 3362 rum
681 3308 930 3379 populum
957 3323 1110 3362 suum
1142 3308 1194 3361 in
1217 3307 1470 3378 Egypto,
1499 3310 1553 3363 in
1581 3309 1693 3362 loco
1721 3310 1977 3374 horroris,
2007 3310 2111 3364 sci-

531 3398 657 3453 licet
686 3400 917 3463 deserto,
947 3408 994 3453 et
1023 3409 1182 3452 vastte
1210 3400 1509 3454 solitudinis
1537 3401 1886 3456 circumduxit
1916 3418 2034 3455 eum
2061 3411 2111 3456 et

530 3489 736 3552 docuit,
765 3499 812 3542 et
853 3490 1127 3543 custodit-it
1171 3492 1322 3560 quasi
1367 3490 1620 3561 pupillam
1649 3491 1786 3545 oculi
1827 3494 1929 3546 sui.
1964 3491 2110 3547 Sicut

532 3578 732 3648 aquila,
749 3595 1034 3648 provocans
1052 3581 1119 3632 ad
1135 3580 1419 3635 volandum
1433 3581 1600 3652 pullos
1619 3600 1764 3648 suos,
1777 3592 1824 3637 et
1849 3601 2004 3654 super
2024 3602 2110 3640 eos

533 3665 752 3720 volitans
782 3683 848 3722 ne
876 3667 958 3721 vel
983 3668 1149 3733 calor,
1179 3669 1260 3723 vel
1292 3680 1484 3725 ventus
1515 3681 1707 3726 noceat
1737 3674 1836 3738 eis,
1866 3673 1945 3728 sic
1971 3673 2112 3730 Deus

535 3756 668 3810 facit
697 3757 828 3822 suis,
859 3758 1105 3827 expandit
1154 3758 1310 3830 longe
1339 3759 1451 3815 alas
1480 3777 1624 3824 suas,
1653 3763 2031 3831 protectiones,
2062 3772 2111 3818 et

533 3847 808 3916 assumpsit
836 3863 973 3910 eum,
1005 3859 1158 3917 atque
1184 3851 1406 3917 portavit
1437 3851 1490 3904 in
1517 3851 1747 3906 humeris
1777 3853 1904 3906 suis.

602 3937 857 3991 Dominus
882 3936 1024 3991 solus
1058 3939 1169 4007 ejus
1193 3939 1325 4007 fuit;
1349 3941 1503 4009 quasi
1527 3942 1769 3998 diceret:
1797 3943 1914 4014 Ipse
1940 3953 2111 4001 totum

532 4019 700 4090 fecit,
742 4035 797 4079 tet
853 4042 955 4080 non
1009 4037 1121 4079 erat
1174 4044 1292 4080 cum
1342 4045 1401 4080 eo
1460 4030 1654 4098 populo
1693 4031 1832 4086 Deus
1887 4033 2108 4090 alienus.

534 4113 825 4183 Postquam
867 4114 1010 4167 enim
1053 4115 1202 4168 venit
1245 4116 1312 4169 ad
1356 4115 1486 4171 deos
1529 4117 1761 4185 alienos,
1809 4121 2114 4180 destructus

534 4212 638 4257 CSI.

604 4291 880 4346 Constituit
910 4309 1025 4347 eum
1053 4312 1209 4366 super
1234 4296 1490 4351 excelsam
1520 4308 1713 4356 terram
1749 4302 2110 4374 Hierusalem,

533 4399 652 4452 quae
700 4384 752 4436 in
799 4385 1000 4441 vertice
1044 4397 1164 4452 est,
1203 4389 1287 4442 vel
1333 4389 1665 4456 Ecclesiam,
1711 4405 1768 4449 ut
1818 4397 1892 4452 ibi
1937 4415 2111 4454 come-

531 4475 672 4528 tleret
709 4475 912 4544 fructus
960 4494 1206 4547 agrorum
1250 4488 1358 4534 tam
1396 4485 1702 4554 corporales
1739 4503 1900 4558 quam
1947 4493 2107 4562 spiri-

533 4565 724 4621 tuales.

601 4656 666 4710 Et
697 4667 752 4709 ut
793 4668 996 4728 sugeret
1034 4659 1136 4712 mel
1182 4661 1246 4715 de
1286 4674 1452 4733 petra,
1483 4675 1537 4720 et
1566 4667 1609 4721 si
1645 4669 1711 4723 ad
1761 4669 1994 4725 litteram
2042 4674 2112 4728 sit

529 4743 767 4814 lapidosa
811 4754 954 4800 terra
985 4747 1071 4800 illa
1091 4788 1105 4812 ,
1140 4757 1317 4805 tamen
1346 4754 1583 4810 abundat
1613 4757 1684 4812 ibi
1716 4759 1854 4824 mel,
1882 4770 1933 4816 et
1960 4762 2110 4817 inve-

531 4833 680 4887 nitur
713 4835 765 4888 in
803 4837 1156 4894 arundinibus
1184 4859 1196 4894 :
1227 4841 1295 4896 de
1322 4845 1620 4913 signiﬁcato
1646 4858 1816 4918 patet,
1842 4850 2110 4924 oleumque

529 4928 596 4981 de
623 4942 752 4979 saxo
783 4927 907 4997 quia
935 4928 1077 4984 inter
1104 4947 1235 4988 saxa
1264 4934 1395 4990 oleae
1423 4947 1692 4994 crescunt.

599 5022 858 5096 Butyrum
908 5039 1183 5101 corrupte,
1222 5036 1374 5104 quasi
1421 5036 1574 5092 bovis
1624 5054 1863 5106 caseum,
1912 5043 1975 5098 de
2020 5063 2106 5100 ar-

531 5125 700 5168 mento
745 5117 999 5189 butyrum
1040 5123 1284 5198 doctrina
1326 5127 1586 5196 majorum
1626 5139 1673 5182 et
1703 5129 1786 5184 lac
1823 5133 1888 5186 de
1928 5135 2105 5190 ovibus

530 5207 773 5262 doctrina
803 5209 857 5264 in
881 5213 1199 5278 minoribus,
1224 5233 1342 5269 cum
1367 5217 1518 5288 adipe
1537 5220 1780 5278 interiori
1801 5224 2103 5292 devotione,

529 5312 786 5366 agnorum
827 5311 873 5354 et
916 5305 1140 5358 arietum
1170 5307 1433 5377 majorum
1473 5317 1528 5365 et
1571 5312 1841 5369 minorum
1874 5315 2106 5384 ﬁliorum

531 5384 731 5442 Basan.
768 5389 932 5445 Terra
967 5393 1144 5448 Basan
1181 5412 1444 5466 pascuosa
1480 5409 1592 5465 est,
1626 5412 1680 5457 et
1706 5413 1791 5458 est
1818 5404 1958 5460 ultra
1984 5405 2104 5461 Jor-

530 5475 746 5544 danem,
773 5479 827 5534 in
854 5482 1048 5551 quibus
1077 5486 1246 5540 tribus
1278 5487 1394 5543 dua:
1423 5491 1822 5549 habitaverunt.

601 5575 669 5630 Et
709 5580 878 5635 hircos
918 5598 1012 5652 per
1049 5599 1182 5652 quos
1214 5590 1536 5654 poenitentes
1563 5593 1952 5663 significantur,
1983 5618 2100 5655 cum

530 5666 762 5720 medulla
785 5670 1022 5735 tritici,et
1049 5677 1356 5744 sanguinem
1379 5695 1490 5732 uva:
1517 5681 1763 5749 biberent,
1783 5687 1847 5740 ad
1867 5687 2097 5744 litteram

506 5772 654 5814 sunt
687 5763 991 5821 rubicundae
1019 5786 1029 5820 :
1060 5769 1342 5837 mysticum
1373 5782 1532 5841 patet.

2220 1935 2392 2006 putus,
2427 1937 2480 1992 id
2508 1946 2612 2004 est,
2639 1941 2946 2010 recipiendo
2977 1950 3164 2012 gentes
3191 1945 3283 2014 qui
3313 1961 3437 2000 non
3468 1958 3550 2002 est
3583 1952 3732 2020 popula

2219 2041 2391 2081 meus.

2271 2116 2369 2172 llic
2382 2121 3080 2189 prophetatconversionem
3101 2127 3363 2195 gentium,
3391 2131 3454 2182 in
3471 2140 3602 2200 gente
3612 2135 3722 2192 statu

2218 2209 2271 2263 id
2301 2219 2414 2274 est,
2455 2211 2743 2280 gentilibus
2782 2213 2874 2283 qui
2917 2215 3062 2270 stulti
3105 2227 3259 2271 erant
3297 2220 3498 2288 prius,
3526 2223 3626 2276 dum
3655 2226 3718 2278 sine

2216 2297 2360 2351 cultu
2392 2299 2486 2353 Dei
2520 2299 2798 2367 vivebant,
2834 2302 3050 2356 irritabo
3088 2315 3145 2358 ut
3183 2308 3481 2364 invideant
3517 2314 3602 2366 illis
3629 2331 3714 2368 rere-

2217 2390 2322 2458 ptis
2355 2392 2423 2445 ad
2460 2391 2642 2457 ﬁdem,
2675 2403 2721 2446 et
2757 2395 2956 2448 ardebit
2987 2413 3148 2468 usque
3176 2401 3244 2452 ad
3277 2401 3696 2471 infamiam

2213 2479 2270 2532 In
2297 2482 2547 2549 praesenti
2581 2484 2723 2537 enim
2753 2484 2940 2554 incipit
2965 2503 3121 2556 poena
3151 2489 3435 2547 malorum
3465 2498 3703 2550 duratum

2213 2579 2510 2638 aeternum;
2542 2588 2714 2642 neque
2743 2575 2896 2644 punit
2924 2576 3064 2631 Deus
3089 2578 3190 2633 bis.

2282 2660 2510 2743 Propter
2536 2676 2638 2730 hoc
2685 2677 2740 2730 in
2782 2677 3012 2747 idipsum
3051 2681 3318 2736 derorabit
3355 2694 3582 2752 terram,
3613 2689 3713 2740 idest

2216 2769 2482 2817 terrenos.
2676 2771 2686 2781 '

2288 2851 2621 2925 Congregabo
2654 2872 2674 2910 .’
2701 2859 3085 2929 multiplicabo.

2287 2940 2471 2997 Fame.
2496 2944 2572 2999 Illi
2603 2947 2658 3001 in
2685 2946 2898 3002 deserto
2929 2953 3192 3021 corporali
3221 2955 3524 3026 signiﬁcato
3544 2973 3620 3030 per
3637 2959 3715 3012 illas

2216 3031 2503 3101 spirituali,
2529 3050 2656 3091 aves
2693 3039 3003 3094 materiales
3029 3041 3431 3100 devoraverunt
3461 3064 3611 3102 eorum
3632 3064 3715 3117 pro-

2218 3129 2510 3177 stratorum
2542 3125 2596 3178 in
2637 3126 2870 3182 deserto.
2910 3130 3190 3188 Daemones
3235 3144 3363 3190 sunt
3396 3153 3524 3203 aves,
3551 3140 3622 3208 qui
3652 3140 3715 3191 de-

2133 3201 2179 3264 C
2212 3221 2401 3266 vorant
2431 3213 2800 3283 spiritualiter.

2287 3299 2624 3356 Tro/tentiam
2670 3321 2826 3376 super
2870 3316 3059 3364 terram
3105 3321 3264 3384 atque
3305 3320 3582 3387 serpentium,
3618 3317 3699 3368 hoc

2213 3399 2296 3445 est
2321 3430 2335 3456 ,
2374 3393 2465 3461 qui
2509 3402 2637 3448 sunt
2677 3408 2957 3466 serpentes
3004 3401 3058 3454 in
3101 3407 3329 3459 terrenis
3351 3419 3397 3460 et
3419 3406 3694 3476 voluptuosis,

2213 3479 2343 3549 foris
2384 3485 2606 3538 vastabit
2635 3503 2721 3540 eos
2763 3487 2970 3558 gladius
2998 3503 3044 3545 et
3075 3493 3218 3549 intus
3245 3515 3419 3566 pater,
3440 3501 3505 3551 ita
3525 3499 3582 3550 ad
3597 3497 3708 3548 liue-

2212 3585 2327 3625 ram
2359 3570 2560 3627 factum
2599 3585 2682 3631 est
2717 3577 2770 3631 in
2808 3579 2913 3634 illis
2946 3595 2959 3634 :
2994 3582 3134 3637 idem
3183 3587 3515 3655 spiritualiter
3542 3588 3704 3656 ﬁl,q‘-tiJ

2212 3661 2453 3717 exterius
2474 3663 2800 3735 alIIiguntur,
2829 3668 3054 3727 interius
3083 3679 3467 3744 torquebantur
3488 3697 3500 3732 :
3521 3679 3708 3747 jtltint’ﬂ,

2213 3769 2316 3810 nec
2341 3756 2494 3810 sexui
2524 3773 2625 3812 nee
2649 3760 2796 3813 aetati
2826 3764 3087 3832 pepercit.

2284 3844 2356 3899 Et
2391 3847 2523 3901 dixi.
2559 3847 2691 3903 Cum
2729 3850 2845 3906 haec
2873 3853 3012 3907 mala
3044 3855 3261 3923 ﬁerent,
3303 3859 3381 3913 eis
3409 3861 3521 3913 dixi
3549 3902 3564 3925 ,
3601 3861 3639 3914 id
3665 3867 3714 3910 est

2211 3933 2457 3991 videntes
2483 3941 2585 3993 hoc
2610 3939 2790 3994 dicere
2813 3941 2916 3996 feci
2945 3960 2958 3996 :
3001 3946 3212 4001 ubinam
3234 3952 3386 4004 sunt?
3417 3951 3493 4006 illi
3519 3953 3598 4022 qui
3621 3952 3716 4021 prius

2214 4041 2245 4080 a
2277 4025 2388 4082 Deo
2411 4036 2658 4097 potentes
2687 4030 2934 4102 fuerunt;
2969 4053 3173 4094 cessare
3196 4041 3387 4110 faciam
3414 4045 3568 4099 verba
3590 4044 3674 4098 Dei.

2283 4126 2398 4182 Hoc
2425 4127 2518 4183 ﬁet
2544 4130 2597 4183 in
2625 4129 2834 4199 futuro,
2863 4136 2952 4190 sed
2981 4138 3196 4194 interim
3219 4154 3431 4212 propter
3455 4146 3574 4199 iram
3601 4146 3718 4198 inlati.

2213 4231 2393 4307 eorum
2439 4218 2650 4287 distuli,
2692 4223 2746 4278 id
2781 4233 2863 4278 est
2907 4237 3126 4298 propter
3162 4233 3390 4301 gentiles
3433 4237 3521 4307 qui
3550 4223 3632 4291 hoc
3656 4235 3716 4290 sibi

2213 4304 2562 4376 imputarent.

2284 4393 2421 4450 Gens
2443 4397 2636 4469 absque
2665 4404 2828 4457 verba
2848 4405 3040 4476 Moysi,
3060 4415 3228 4465 totum
3253 4414 3318 4467 de
3342 4414 3473 4470 illis.

2287 4487 2558 4578 Quomodo
2600 4497 3004 4566 persequebatur
3032 4518 3164 4556 unus
3195 4505 3356 4559 mille.
3399 4507 3512 4563 Hoc
3536 4508 3655 4578 prius
3673 4504 3719 4557 lt-

2212 4573 2444 4642 ciebant,
2476 4579 2569 4633 sed
2598 4595 2860 4639 converso
2891 4587 3047 4643 modo
3074 4591 3134 4644 ﬁt
3160 4593 3215 4646 in
3242 4597 3342 4650 eis.

2281 4675 2348 4730 Et
2375 4678 2479 4734 hoc
2506 4680 2653 4748 ideo,
2693 4687 2817 4755 quia
2856 4688 2996 4744 Deus
3037 4694 3129 4762 qui
3174 4697 3323 4765 prius
3368 4715 3532 4766 suus,
3562 4696 3720 4753 vendidit

2211 4779 2328 4828 eos,
2371 4766 2423 4821 id
2467 4779 2551 4824 est
2594 4788 2624 4825 a
2661 4788 2718 4828 se
2747 4775 3032 4844 alienavit,
3068 4793 3114 4835 et
3143 4783 3400 4842 Dominus
3433 4791 3651 4843 conclusit
3669 4803 3721 4840 tu

2211 4860 2350 4917 inter
2374 4863 2578 4932 hostes,
2606 4868 2679 4923 ita
2717 4880 2777 4925 ut
2814 4889 2920 4928 non
2945 4878 3153 4944 possint
3175 4879 3419 4937 liberari.

2283 4974 2354 5030 Et
2397 4977 2595 5064 inimici
2641 4985 2798 5039 etiam
2841 4994 3004 5043 nostri
3049 5003 3169 5046 sunt
3208 4995 3417 5064 judices
3455 5009 3508 5056 et
3539 4996 3724 5055 testem

2210 5065 2344 5132 hoc,
2396 5069 2522 5138 quia
2566 5088 2839 5144 nunquam
2890 5081 3163 5139 audebant
3210 5102 3303 5144 eos
3350 5090 3619 5156 invadere,
3657 5087 3722 5141 nisi

2210 5159 2425 5252 quando
2463 5162 2703 5218 sciebant
2745 5167 2910 5222 Deum
2950 5171 3029 5226 eis
3073 5173 3266 5230 iratum
3297 5191 3522 5250 pr0pter
3545 5187 3722 5252 peccata.

2281 5248 2360 5304 De
2400 5253 2545 5305 vinea
2574 5254 2946 5326 Sodomorum,
2993 5273 3078 5319 est
3113 5266 3264 5321 vinea
3303 5248 3509 5338 eorum,
3545 5248 3652 5341 qui:
3683 5264 3726 5317 ἀι

2211 5340 2350 5395 mala
2379 5343 2556 5400 radice
2589 5361 2774 5403 eorum
2814 5363 2939 5406 sunt
2989 5359 3280 5428 progeniti,
3311 5369 3368 5417 et
3395 5340 3592 5418 similes
3628 5359 3724 5414 illis:

2209 5439 2256 5522 et
2285 5429 2461 5522 botrus
2488 5472 2503 5496 ,
2542 5432 2857 5492 femininum
2883 5451 2998 5507 est,
3032 5445 3098 5500 de
3131 5447 3232 5502 illis
3257 5465 3374 5519 qua
3400 5453 3540 5522 apud
3565 5449 3728 5506 Graecos

2209 5517 2263 5573 in
2294 5534 2355 5574 os
2384 5521 2657 5590 desinunt,
2693 5537 2748 5582 et
2786 5532 2924 5600 apud
2969 5549 3069 5591 nos
3115 5517 3359 5595 feminini
3397 5517 3522 5598 sunt
3544 5538 3723 5612 generis.

2207 5616 2265 5662 ut
2295 5613 2546 5680 synodus,
2578 5625 2682 5671 etc.

2279 5699 2469 5757 Nonne
2505 5705 2614 5762 Ita'c
2661 5712 2869 5764 condita
2911 5717 3070 5769 sunt?
3104 5718 3278 5774 Verba
3322 5721 3448 5784 Dei,
3499 5719 3634 5790 quasi
3672 5715 3726 5768 ὦ·

2206 5799 2352 5844 ceret
2399 5811 2410 5846 :
2465 5794 2588 5852 Ilaec
2636 5813 2754 5868 quae
2801 5800 3075 5870 fecerunt,
3132 5824 3235 5863 non
3285 5824 3404 5866 sunt
3460 5808 3727 5867 abscondit!
