3898 6462
106 386 207 441 7'17

1204 357 1553 420 COMMENT.
1597 355 1660 410 IN
1700 348 1952 407 ISAIAM.
1990 377 2056 386 —
2096 345 2228 410 LIB.
2267 343 2308 396 I.

3261 325 3364 381 7:3
3429 398 3438 406 ί

105 444 3344 516 __________________________________._______,.__.__

1340 588 1642 669 LIBER
1714 580 1962 657 PRIM
1983 578 2130 654 US.

1531 740 1883 758 μ

603 840 830 900 CAPUT
883 831 1170 893 PRIMUM.

180 944 332 1004 Visio
355 940 526 1005 Isaiae,
560 936 656 991 lilii
705 936 872 991 Amos
897 944 912 983 :
957 943 1117 998 quam
1147 923 1277 978 vidit
1305 935 1466 990 super
1489 915 1683 972 ludam

111 1050 170 1097 et
197 1013 564 1095 Hierusalem,
614 1029 669 1082 in
714 1025 907 1080 diebus
957 1019 1132 1082 Osiaz,
1177 1015 1449 1075 Joatham,
1483 1009 1679 1069 Achaz,

115 1127 360 1186 Ezechiae
384 1165 400 1188 ,
446 1135 631 1192 regum
673 1115 832 1171 Juda.
890 1109 1002 1164 Mos
1031 1115 1082 1160 rt
1111 1106 1305 1160 usitata
1354 1097 1687 1155 consuetudo

113 1229 200 1276 est
227 1190 572 1286 scriptorum,
600 1207 690 1278 qui
714 1204 868 1260 nobis
895 1213 1079 1255 sacras
1111 1197 1316 1250 litteras
1345 1190 1684 1248 ministrant,

112 1320 177 1365 ut
200 1276 415 1378 quan-do
440 1301 509 1355 ab
533 1276 712 1368 aliquo
737 1307 924 1349 eorum
951 1295 1206 1343 narratur
1227 1279 1450 1378 aliquid,
1471 1293 1595 1378 cum
1622 1276 1689 1331 ad

112 1367 354 1470 seipsnm
401 1367 634 1451 venerit,
669 1401 746 1440 snc
767 1383 832 1437 de
875 1395 934 1434 se
982 1386 1236 1445 tanquam
1269 1372 1335 1426 de
1376 1368 1481 1422 alio
1505 1367 1690 1470 loqua-

115 1455 226 1544 tur:
271 1484 363 1541 Sic
409 1480 536 1536 fecit
581 1477 778 1537 Moses,
822 1471 913 1540 qui
943 1468 1119 1523 dixit:
1153 1463 1284 1517 Erat
1308 1468 1489 1513 autem
1517 1455 1693 1510 Moses

114 1579 205 1633 vir
236 1572 572 1630 mitissimus.
621 1564 734 1618 Non
783 1559 956 1615 dixit:
1004 1555 1166 1610 Eram
1206 1565 1306 1620 ego
1355 1545 1690 1601 mitissimus.

117 1669 213 1725 Sic
230 1665 396 1722 etiam
420 1661 520 1717 Job
541 1657 676 1714 dicit
699 1674 712 1709 :
739 1653 857 1710 Vir.
881 1648 1149 1718 inquiens,
1172 1650 1289 1697 erat
1312 1641 1364 1694 in
1394 1647 1536 1692 terra
1559 1634 1692 1699 llus,

122 1759 339 1816 nomine
353 1753 475 1810 Job.
507 1750 600 1804 Sic
625 1749 814 1802 beatus
845 1741 1148 1801 Matthacus,
1192 1743 1246 1790 et
1274 1733 1532 1792 Joannes,
1575 1741 1698 1796 apo-

120 1848 294 1907 stolus
325 1855 539 1916 quoque
580 1836 796 1893 Paulus.
828 1833 920 1888 Sic
952 1829 1182 1898 denique
1212 1824 1378 1880 Isaias
1398 1820 1695 1916 prepbeta,

121 1941 218 2012 qui
256 1909 667 1994 noluitdicere:
699 1927 846 1982 Visio
887 1937 1051 1994 quam
1087 1933 1187 1990 ego
1239 1916 1404 1970 Isaias
1437 1912 1579 1967 vidi:
1606 1909 1700 1964 sed

125 2033 208 2088 sic
243 2043 304 2085 se
330 2023 560 2082 inseruit
585 2019 760 2077 ordini
796 2012 1122 2071 narrationis
1160 2022 1292 2074 suae,
1333 2014 1590 2073 tanquam
1619 2015 1704 2055 re-

125 2139 249 2180 rum
303 2128 580 2192 gestarum
632 2112 908 2182 scriptor:
962 2121 1071 2162 non
1106 2111 1364 2173 tanquam
1413 2096 1497 2152 sui
1535 2093 1705 2165 ipsius

1895 735 1922 754 ο

1713 826 1764 882 Α
1793 833 1914 873 nem
1943 835 1955 870 :
1982 816 2055 869 ita
2076 821 2197 885 post
2233 812 2730 882 praevaricationem
2754 811 2934 883 pepuli
2965 811 3153 866 eadem
3177 827 3364 867 rursus

1788 907 1842 960 in
1894 903 2260 960 testimonium
2298 910 2455 955 vocat
2499 900 2664 955 Isaias
2703 919 2715 954 :
2767 911 2826 955 ut
2857 908 3053 956 cuncta
3086 900 3358 956 elementa

1788 1004 2115 1068 cognoscant
2151 993 2296 1062 juste
2341 993 2507 1046 Deum
2567 992 2620 1046 in
2673 993 2931 1048 ultionem
2982 993 3365 1048 mandatorum

1788 1102 2010 1142 suorum
2041 1085 2108 1138 ad
2150 1082 2483 1138 iracundiam
2521 1092 2744 1136 motum.
2796 1083 3182 1139 Metonomicos
3207 1097 3358 1148 vero,

1791 1177 1844 1232 id
1881 1185 1966 1232 est
2001 1190 2097 1246 per
2124 1175 2238 1228 haec
2284 1188 2402 1241 qua:
2439 1173 2717 1226 continent
2755 1188 2817 1226 ea
2861 1174 3372 1241 qumcontinentur

1790 1267 2160 1336 accipientes,
2222 1279 2507 1335 possumus
2566 1278 2674 1316 non
2735 1264 3033 1334 incongrue
3106 1264 3368 1319 caelorum

1792 1357 2008 1411 nomine
2061 1370 2323 1425 supernas
2381 1355 2760 1424 angelicasque
2800 1357 3030 1410 virtutes
3082 1358 3370 1426 accipere:

1792 1462 1890 1516 per
1913 1456 2111 1500 terram
2149 1455 2330 1499 autem
2379 1446 2642 1507 homines,
2676 1453 2833 1498 terra:
2863 1445 3069 1499 scilicet
3094 1445 3368 1501 habitato-

1796 1553 1901 1592 res.
1929 1536 2030 1602 Qui
2053 1536 2442 1604 przecipiuntur
2480 1535 2668 1588 audire
2705 1543 2760 1588 et
2798 1535 3020 1589 auribus
3049 1535 3329 1604 percipere
3357 1569 3372 1598 .

1795 1632 2050 1703 quoniam
2074 1630 2332 1684 Dominus
2350 1628 2557 1683 locutus
2573 1636 2676 1692 est,
2693 1628 2794 1681 hoc
2815 1627 2955 1697 quod
2970 1627 3226 1696 propheta
3253 1627 3382 1682 sub.

1799 1722 1984 1778 infert.
2040 1720 2147 1775 Sed
2188 1718 2542 1774 subnectatur
2569 1718 2698 1786 quid
2726 1717 2985 1770 Dominus
3014 1724 3098 1772 est
3137 1716 3369 1771 locutus.

1805 1832 1825 1866 ‹
1871 1813 2036 1868 Filios
2059 1811 2290 1867 enutrivi
2328 1819 2383 1865 et
2419 1809 2686 1872 exaltari,
2721 1809 2823 1879 ipsi
2856 1817 3035 1863 autent
3055 1817 3382 1878 spreverunt

1801 1919 1907 1958 me.
1947 1921 1964 1954 ι
2016 1902 2276 1971 Populum
2316 1898 2624 1955 Iudaeorum
2657 1915 2794 1968 quos
2823 1901 3097 1954 communi
3122 1900 3239 1970 lege
3263 1915 3383 1956 ser-

1800 2009 1899 2050 vos
1932 1994 2244 2050 considerat
2278 1993 2621 2062 omnipotens
2652 1991 2826 2056 Deus,
2859 1991 2998 2047 ﬁlios
3034 1992 3285 2062 dignatus
3304 2001 3390 2048 est

1804 2083 2076 2156 appellare
2107 2101 2122 2137 ε
2157 2097 2266 2138 non
2299 2084 2471 2158 solum
2502 2082 2558 2136 in
2580 2081 2683 2136 hoc
2711 2081 2849 2147 loco,
2876 2082 2976 2137 sed
3001 2083 3165 2138 etiam
3197 2083 3252 2138 in
3278 2083 3386 2137 Ex-

124 2173 467 2286 pgdieator.
498 2207 605 2262 Sed
642 2173 836 2275 qui-de
868 2215 926 2256 se
951 2199 1006 2254 in
1045 2192 1343 2268 primordio
1377 2189 1452 2244 ita
1479 2185 1702 2242 silenter
1729 2179 1777 2239 B
1803 2176 1928 2281 ode.
1974 2174 2066 2230 ubi
2085 2173 2216 2278 dicit
2240 2174 2315 2286 at:
2333 2173 2702 2286 Pltaraonet'n:
2731 2193 2748 2224 ‹
2773 2174 2992 2238 Dimitte
3014 2174 3181 2230 ﬁlium
3205 2190 3386 2231 meum

126 2277 384 2376 loquitur,
409 2308 683 2374 postremo
701 2297 752 2352 in
776 2292 1125 2365 sequentibus
1148 2286 1454 2346 roboratus,
1481 2277 1708 2335 ﬁducia-

129 2372 256 2454 liter
296 2372 524 2466 loquens
551 2432 567 2456 ,
598 2390 731 2445 dicit
759 2387 1043 2443 Dominum
1071 2397 1130 2438 se
1159 2379 1378 2435 vidisse.
1402 2372 1706 2430 Notandum

131 2489 363 2558 denique
383 2494 487 2551 est,
523 2499 587 2539 ac
624 2482 844 2552 dignum
877 2477 1140 2549 quazsitu,
1190 2486 1356 2542 quare
1392 2468 1535 2524 dicat
1576 2479 1708 2558 pr_o-

131 2553 294 2649 pheta
318 2591 334 2630 :
363 2573 513 2630 V'isio
541 2570 692 2626 Isaia:
715 2569 809 2624 ﬁlii
845 2567 1032 2633 Amos,
1075 2576 1238 2634 quam
1271 2559 1404 2614 vidit
1428 2572 1591 2649 super
1621 2553 1710 2608 Ju-

132 2647 257 2721 dam
303 2671 356 2718 et
405 2659 789 2716 Hierusalem:
835 2672 958 2713 cum
1008 2655 1124 2724 ipse
1166 2652 1219 2706 in
1278 2647 1548 2721 principio
1599 2662 1708 2700 non

134 2764 320 2811 narret
341 2749 708 2824 hujuscemodi
736 2748 972 2803 visiones
998 2759 1133 2815 quas
1167 2742 1319 2804 vidit,
1357 2740 1496 2794 sicut
1523 2737 1710 2792 Daniel

134 2847 299 2914 (Dan.
330 2843 412 2914 ι),
457 2848 639 2912 neque
660 2841 805 2896 dicat
839 2838 967 2908 quid
991 2835 1228 2891 viderit:
1258 2833 1353 2888 sed
1367 2831 1549 2886 statim
1585 2829 1711 2885 sub'

135 2935 356 3001 inferat,
377 2933 660 3004 inquiens:
683 2949 704 2984 ι
731 2930 892 2996 Audi,
915 2927 1126 2987 calum,
1148 2933 1202 2980 et
1227 2924 1447 2978 auribus
1474 2921 1708 2992 percipe,

137 3035 304 3082 terra.
336 3044 355 3077 ι
383 3023 477 3089 Et,
503 3041 520 3073 ο
542 3021 736 3076 Audite
755 3018 978 3074 verbum
999 3014 1231 3078 Domini,
1256 3013 1527 3084 principes
1542 3010 1712 3065 Sodo-

136 3133 372 3182 morum,
407 3137 426 3170 I
457 3113 867 3184 caeteraque’his
896 3108 1135 3166 similia?
1158 3107 1239 3162 Ad
1262 3106 1404 3176 quod
1427 3104 1711 3159 dicendum

135 3219 224 3266 est
246 3226 271 3264 :.
292 3209 419 3265 Tria
453 3221 652 3279 genera
685 3220 805 3260 esse
849 3202 1139 3258 visionum.
1170 3197 1446 3268 Siquidem
1480 3196 1712 3265 primum

138 3315 311 3374 genus
345 3299 568 3355 visionis
621 3294 904 3366 corporale
943 3299 1047 3356 εει,
1076 3301 1184 3358 quo
1208 3287 1454 3341 videmus
1493 3283 1712 3346 cmlnm,

138 3402 198 3450 et
223 3402 446 3457 terram,
469 3389 715 3445 etomnia
739 3382 1058 3454 corporalia.
1085 3377 1394 3434 Secundum
1409 3374 1714 3445 spirituale,

1808 2267 2227 2339 primogenitum
2244 2264 2441 2335 (Exod.
2463 2265 2558 2336 Iv).
2591 2285 2609 2316 ι
2627 2266 2764 2320 Istos
2779 2266 3043 2335 siquidem
3066 2266 3204 2321 ﬁlios
3221 2269 3394 2322 omni-

1809 2369 2001 2431 potens
2042 2358 2182 2413 Deus
2212 2357 2455 2426 piissima
2499 2356 2847 2412 miseratione
2885 2357 3181 2422 enutrivit,
3227 2365 3390 2428 atque

1811 2449 2085 2516 exaltavit,
2127 2450 2362 2505 educens
2401 2464 2495 2504 eos
2525 2448 2593 2503 de
2634 2448 2895 2503 servitute
2929 2448 3078 2518 gravi
3105 2446 3390 2520 Egyptia-

1812 2559 1952 2606 rum,
2001 2543 2091 2598 ubi
2136 2542 2444 2597 serviebant
2490 2542 2546 2596 in
2581 2542 2694 2597 luto
2733 2551 2788 2597 et
2834 2543 3112 2598 lateribus.
3166 2542 3274 2598 Sed
3309 2543 3389 2599 illi

1812 2633 2198 2687 beneficiorum
2225 2631 2342 2702 ejus
2361 2631 2559 2702 ingrati
2583 2640 2902 2701 spreverunt
2929 2629 3233 2700 illum,ejus
3257 2647 3392 2702 pm

1813 2732 1969 2794 cepta
2011 2723 2289 2788 calcando,
2343 2738 2634 2792 servosque
2670 2722 2786 2793 ejus
2831 2723 3122 2793 prophetas
3149 2732 3395 2779 contem-

1813 2813 2009 2878 nendo,
2039 2829 2104 2868 ac
2142 2818 2272 2868 deos
2302 2814 2543 2884 gentium
2581 2814 2774 2868 surdos
2812 2821 2868 2867 et
2896 2823 3074 2868 mutos
3099 2813 3397 2869 adoranda.

1817 2905 1873 2960 Si
1897 2905 2017 2976 quis
2047 2921 2176 2976 ergo
2200 2906 2394 2974 quaerit
2433 2906 2703 2975 quomodo
2731 2905 3050 2961 enutriverit
3073 2920 3197 2971 eos,
3234 2914 3398 2977 atque

1814 2996 2164 3063 exaltaverit,
2201 2997 2598 3052 animadvertat
2626 2997 2859 3066 qualiter
2886 2997 2940 3052 in
2971 2998 3141 3067 signis
3181 3005 3236 3053 et
3268 3013 3396 3069 pro-

1815 3087 1972 3160 digiis
2001 3088 2185 3144 multis
2203 3089 2452 3144 eduxerit
2479 3103 2574 3144 eos
2611 3089 2677 3144 de
2703 3085 2961 3159 Egypto,
2993 3089 3246 3158 siccoque
3265 3088 3404 3159 pede

1816 3195 1966 3234 mare
2003 3180 2236 3235 transire
2289 3179 2480 3235 fecerit
2523 3178 2718 3250 (Exod.
2743 3189 2856 3249 xw)
2880 3219 2894 3244 ,
2935 3178 3180 3234 inimicos
3212 3194 3404 3234 eorum

1818 3269 1872 3324 in
1898 3271 2025 3340 ipsis
2051 3271 2207 3339 aquis
2233 3270 2532 3333 involvens,
2557 3279 2613 3325 et
2631 3271 2900 3338 quomodo
2923 3284 3021 3340 per
3044 3271 3404 3340 quadraginta

1819 3374 1988 3414 auios
2015 3374 2214 3428 manna
2246 3360 2326 3414 eis
2359 3359 2768 3425 ministraverit,
2817 3360 3034 3416 illorum
3072 3375 3250 3416 mores
3275 3377 3405 3432 pra-

139 3500 250 3557 quo
273 3483 519 3537 videmus
564 3479 617 3532 in
649 3475 878 3533 somniis
921 3479 1154 3533 montes,
1200 3467 1439 3525 arbores,
1473 3464 1714 3519 homines

1819 3465 1936 3516 vos,
1981 3451 2560 3522 murmurationesque,
2619 3459 2783 3522 atque
2821 3451 3163 3518 rebelliones,
3199 3454 3409 3524 patien-

143 3554 482 3630 ambulantes
517 3577 678 3638 atque
722 3567 862 3619 inter
890 3578 948 3618 se
976 3560 1294 3616 dimicantes
1323 3571 1341 3611 :
1368 3565 1422 3611 et
1455 3554 1717 3625 evigilan-

146 3674 232 3720 tes
264 3665 574 3734 ignoramus
622 3658 837 3731 penitus
883 3654 1012 3726 quid
1055 3651 1217 3708 fuerit
1255 3649 1385 3705 illud
1415 3649 1556 3719 quod
1587 3647 1721 3702 vidi-

147 3767 290 3810 mus.
324 3749 562 3804 Tertium
600 3763 729 3803 vero
765 3760 934 3817 genus
958 3741 1183 3798 visionis
1211 3749 1294 3796 est
1335 3737 1717 3801 intellectuale,

147 3859 257 3913 quo
300 3840 548 3898 consistit
600 3835 996 3893 rationabilitas
1049 3833 1263 3897 animae,
1321 3839 1375 3886 et
1425 3845 1522 3900 per
1579 3827 1723 3898 quod

149 3939 539 4004 cognoscentes
577 3939 878 3985 creatorem
927 3934 1194 3989 nostrum,
1218 3921 1566 3992 intelligimus
1595 3920 1724 3988 quid

149 4026 446 4081 debeamus
479 4022 622 4091 loqui
649 4020 944 4076 secundum
970 4018 1096 4088 ejus
1124 4018 1487 4074 voluntatem;
1519 4012 1724 4081 Spiritu

151 4124 344 4174 sancto
385 4114 540 4169 nobis
568 4113 751 4169 hocin
781 4119 962 4168 mente
1000 4109 1290 4165 revelante.
1341 4105 1534 4160 Videre
1580 4105 1725 4160 enim

154 4223 297 4278 saepe
325 4206 542 4278 ponitur
569 4221 666 4276 pro
691 4203 1007 4274 intelligere.
1040 4200 1190 4256 Unde
1223 4199 1460 4252 solemus
1491 4197 1724 4250 interro-

154 4314 284 4371 gare
332 4299 585 4368 aliquem,
631 4305 810 4351 tttrum
855 4295 1036 4350 videat
1081 4292 1182 4346 hoc
1222 4290 1305 4344 vel
1351 4287 1498 4352 illud,
1550 4287 1600 4341 id
1645 4295 1730 4342 est

156 4399 340 4445 utrutn
373 4388 650 4460 intelligat.
685 4387 964 4458 Propheta:
981 4398 1216 4455 quoque,
1246 4381 1338 4452 qui
1362 4380 1731 4449 intelligebant

156 4495 224 4537 ea
275 4496 395 4551 qua:
429 4490 650 4535 ventura
688 4485 862 4541 erant,
901 4485 956 4530 et
1006 4481 1258 4545 poterant
1285 4473 1495 4527 dicere:
1524 4489 1540 4520 ε
1579 4469 1730 4525 Oculi

163 4573 334 4629 nostri
357 4587 567 4641 semper
587 4572 652 4625 ad
683 4569 964 4623 Dominum
983 4563 1152 4635 (f’sal.
1174 4563 1340 4635 xxiv).
1375 4581 1392 4612 ι
1420 4562 1508 4625 Ει,
1539 4579 1557 4610 ‹
1585 4561 1666 4615 Ad
1682 4570 1734 4615 te

161 4662 336 4719 levavi
350 4662 536 4722 oculos
552 4677 696 4717 meos
711 4659 883 4732 (Paul.
902 4657 1141 4728 uxrtv),
1168 4655 1248 4710 »ἱά
1262 4665 1341 4710 est
1357 4653 1544 4710 oculos
1556 4655 1736 4710 cordis

166 4755 294 4812 mei.
320 4755 536 4812 Etcum
560 4753 842 4810 Psalmista
869 4792 884 4818 ,
933 4770 951 4803 ι
989 4750 1237 4812 Audiam,
1272 4747 1467 4817 inquit,
1503 4746 1632 4817 quid
1659 4745 1737 4801 lo-

1746 3525 1794 3588 C
1824 3540 2028 3596 tissime
2067 3540 2302 3596 tolerans
2323 3541 2502 3612 (Deut.
2532 3541 2680 3612 vm):
2717 3557 2923 3598 necnon
2965 3552 3020 3598 et
3057 3545 3409 3618 quemadmo—

1819 3630 1946 3685 dum
1983 3630 2239 3686 deleverit
2276 3641 2481 3702 septem
2517 3643 2706 3704 gentes
2745 3650 2774 3688 a
2797 3633 2936 3689 facie
2973 3633 3206 3700 illorum,
3232 3636 3407 3692 intro-

1821 3721 2023 3799 ducens
2041 3736 2137 3778 eos
2154 3722 2209 3777 in
2234 3731 2433 3778 terram
2458 3723 2708 3779 omnibus
2735 3724 3033 3790 meliorem,
3061 3733 3247 3795 utpote
3271 3726 3412 3783 lacte

1822 3822 1876 3868 ct
1907 3814 2066 3871 melle
2108 3823 2420 3872 manantem
2447 3815 2626 3886 (Deut.
2666 3817 2764 3885 vi),
2805 3816 3080 3886 multaque
3101 3819 3186 3874 his
3215 3819 3413 3875 similia

1823 3908 2049 3972 recolat,
2070 3925 2190 3978 qua:
2232 3909 2392 3964 modo
2421 3909 2734 3980 perlongum
2761 3920 2842 3966 est
2873 3919 3137 3966 retexere.
3169 3911 3414 3967 Prudens

1825 4009 2006 4055 autem
2047 3999 2220 4054 lector
2261 4000 2441 4070 sagaci
2483 4007 2665 4054 mente
2708 4000 3021 4069 prazvideat,
3061 4001 3254 4056 melius
3293 4017 3417 4058 esse

1818 4091 1972 4162 juxta
1997 4093 2313 4147 Hebraicam
2342 4092 2626 4146 veritatem
2657 4090 2964 4162 legendum,
3014 4091 3152 4148 ﬁlios
3178 4093 3412 4148 enutrivi

1828 4202 1989 4258 quam
2029 4187 2220 4258 genui,
2269 4194 2408 4240 teste
2463 4187 2624 4240 beato
2658 4186 3019 4257 Hieronymo,
3063 4203 3129 4242 ne
3169 4189 3416 4244 videatur

1831 4281 1961 4336 illud
2011 4295 2130 4334 esse
2177 4280 2506 4336 contrarium
2562 4277 2703 4348 quod
2753 4278 2988 4333 Joannes
3047 4280 3320 4349 apostolus
3354 4283 3409 4338 in

1831 4368 2056 4438 epistola
2087 4384 2184 4423 sua
2210 4369 2324 4422 ait:
2355 4388 2372 4420 ι
2404 4367 2505 4435 Qui
2537 4377 2693 4421 natus
2718 4376 2801 4422 est
2834 4383 2903 4422 ex
2929 4368 3062 4435 Deo,
3089 4385 3196 4424 non
3227 4380 3418 4440 peccat

1835 4461 2267 4534 (IJoan.un..

1910 4573 1929 4604 ι
1951 4552 2210 4624 Cognovit
2239 4553 2336 4607 bos
2362 4566 2724 4622 possessorem
2760 4568 2914 4607 suum
2935 4593 2950 4617 ,
2991 4561 3045 4608 et
3065 4553 3250 4609 asinus
3272 4566 3414 4623 ρεπ-

1836 4661 1962 4717 sepe
1987 4645 2188 4702 domini
2237 4645 2339 4700 sui.
2367 4643 2528 4700 Israel
2559 4659 2687 4698 vero
2709 4659 2814 4699 non
2845 4645 3095 4713 cognovit
3116 4659 3222 4710 me,
3245 4652 3300 4699 et
3325 4660 3421 4716 po-

1837 4741 1996 4814 pulus
2039 4755 2321 4816 meus'me
2362 4754 2468 4794 non
2519 4737 2801 4792 intellexit.
2837 4757 2856 4790 ι
2903 4738 2984 4792 Ad
3037 4736 3420 4794 contumeliam

165 4855 365 4919 quatur
385 4847 438 4903 in
462 4862 546 4902 me
573 4846 830 4901 Dominus
859 4839 1226 4911 Deus(lbid.).
1265 4859 1282 4891 ›
1305 4837 1382 4892 Illi
1408 4837 1594 4909 utique
1618 4853 1738 4906 pro-
1768 4873 1820 4933 Β
1843 4831 2175 4897 Iudaeorum,
2227 4831 2317 4900 qui
2364 4829 2711 4885 rationabiles
2768 4845 2798 4885 a
2838 4829 2951 4886 Deo
2991 4831 3158 4889 creati
3211 4831 3420 4886 ratione

168 4941 346 5013 pheta:
371 4939 524 5010 prius
555 4938 798 4993 videntes
837 4933 1273 5006 appellabantur,
1318 4930 1373 4986 id
1408 4939 1512 4996 est,
1546 4928 1740 4984 intelli-

169 5041 379 5105 gentes.
439 5028 746 5086 Istiusmodi
806 5041 935 5096 ergo
993 5023 1206 5096 generis
1253 5022 1513 5077 visionem
1572 5021 1740 5076 Isaias

170 5123 337 5190 vilit,
385 5123 438 5178 id
483 5129 586 5186 est,
627 5119 828 5190 Spiritu
864 5125 1050 5173 sancto
1095 5112 1302 5168 afﬂatus
1338 5111 1600 5166 intellexit
1633 5129 1644 5164 :
1687 5117 1744 5180 et

173 5215 307 5273 vidit
344 5231 462 5285 quae
496 5221 717 5270 ventura
753 5219 908 5266 erant
933 5206 1126 5279 populo
1147 5221 1279 5270 suo,
1307 5213 1362 5258 et
1389 5203 1562 5258 dixit:
1594 5201 1742 5256 Visio

174 5306 436 5372 Isaizefid
463 5314 548 5360 est
584 5302 913 5366 intellectus,
948 5313 1106 5368 quem
1145 5294 1406 5351 intellexit
1431 5301 1620 5348 contra
1649 5291 1742 5348 Ju-

178 5400 304 5454 dam
322 5407 377 5454 et
402 5397 757 5453 Hierusalem.

259 5489 446 5555 «Audi,
471 5489 691 5552 cmlum,
717 5496 771 5541 et
792 5486 1013 5540 auribus
1045 5482 1277 5552 percipe,
1298 5489 1469 5534 terra:
1495 5478 1748 5548 quoniam

1846 4925 2144 4982 debuerant
2189 4921 2292 4987 uti,
2335 4921 2495 4975 bruta
2531 4929 2585 4976 et
2623 4921 2954 4978 insensibilia
2996 4922 3424 4990 stultissimaque

1846 5018 2097 5074 animalia
2127 5015 2464 5071 adducuntur
2498 5014 2550 5068 in
2581 5015 2967 5079 testimonium,
2997 5013 3138 5084 quod
3171 5013 3259 5067 illa
3280 5011 3422 5068 fece-

1847 5110 1958 5176 rint
1985 5124 2106 5178 qua:
2138 5107 2225 5162 isti
2258 5122 2363 5160 non
2405 5105 2667 5172 fecerunt,
2702 5106 2906 5162 scilicet
2933 5113 2991 5158 ut
3019 5112 3287 5174 pastorem
3317 5117 3422 5156 nu-

1849 5201 2204 5268 tritorcmque
2239 5213 2394 5252 suum
2425 5206 2888 5267 recognoscerent,
2932 5195 3076 5265 quod
3105 5195 3291 5264 utique
3325 5194 3424 5248 bos

1849 5300 1905 5346 et
1931 5284 2114 5345 asinus
2147 5289 2292 5344 facit.
2321 5288 2509 5343 Altiori
2535 5298 2711 5342 autem
2749 5286 3054 5350 intellectu,
3084 5300 3182 5356 per
3206 5286 3422 5351 bovem,

1852 5384 1942 5452 qui
1970 5390 2217 5462 assuetus
2231 5391 2315 5436 est
2343 5381 2483 5436 ferre
2506 5381 2714 5450 jugum,
2739 5387 2884 5434 etest
2913 5379 3172 5434 mundum
3201 5375 3423 5441 animal,

1853 5472 2188 5545 signiﬁcatur
2219 5472 2445 5541 populus
2493 5470 2846 5534 lsracliticus,
2892 5471 2983 5539 qui
3022 5469 3154 5539 legis
3191 5467 3425 5537 portavit

185 5579 445 5634 Dominus
483 5579 692 5634 locutus
720 5584 821 5632 est.
864 5596 881 5628 ι
911 5575 1063 5629 Sicut
1104 5571 1276 5625 Moses
1307 5570 1486 5641 (Dent.
1517 5569 1649 5638 xxx)
1674 5568 1753 5622 in—
1848 5564 2058 5635 jugum,
2087 5563 2512 5630 nmnditiamque
2533 5561 2728 5614 mentis
2757 5559 3085 5629 att-corporis
3111 5558 3419 5614 custodivitt

185 5672 398 5725 vocavit
425 5669 620 5727 caelum
645 5678 699 5723 et
728 5676 930 5722 terram
963 5665 1016 5719 in
1041 5660 1402 5718 testimonium
1423 5659 1638 5730 quando
1661 5673 1756 5728 per
1856 5657 2054 5712 Asinus
2081 5671 2208 5711 vero
2236 5655 2465 5710 lascivus
2486 5661 2542 5707 et
2572 5651 2879 5706 immundus
2906 5651 2995 5721 qui
3023 5650 3268 5705 similiter
3292 5662 3430 5704 onus

186 5779 308 5819 eum
339 5763 483 5819 dedit
523 5761 779 5821 Dominus
825 5757 1282 5821 benedictionem,
1325 5762 1380 5810 et
1423 5753 1756 5810 maledictio-

1859 5757 2057 5822 portat,
2086 5747 2349 5819 signiﬁcat
2387 5743 2638 5816 gentilem
2678 5742 2928 5812 populum
2973 5741 3206 5813 pondere
3239 5755 3432 5811 pecca-
