3898 6574
523 325 624 380 719

977 327 1328 385 IIAYNIONIS
1367 329 1859 385 IIALBEIIS'I‘A'I‘..
1884 329 2094 384 EI’ISC.
2138 329 2286 383 OPP.
2330 330 2509 385 PARS
2546 332 2583 385 Ι.
2607 360 2675 372 -·
2711 322 3066 387 COMMENT.
3108 330 3275 387 MDL.
3702 334 3787 387 73ft

522 451 700 496 torum
755 451 1054 513 gravatum.
1109 443 1369 515 Cognovit
1423 458 1552 514 ergo
1596 444 1693 496 hos
1734 457 2099 512 possessorem
2131 449 2177 503 Α
2206 443 2402 497 vostris
2428 460 2441 494 :
2470 443 2725 512 quoniam
2756 446 2935 499 omnia
2963 446 3206 499 membra
3234 452 3426 498 vestra
3482 442 3649 511 plena
3684 460 3782 499 sum

523 548 700 597 suum,
726 532 777 585 id
803 540 888 587 est
918 532 1088 587 διιὼθί
1132 534 1223 603 qui
1260 535 1479 589 credere
1505 532 1795 587 noluerunt
1824 533 1877 587 in
1906 531 2098 586 Filium

522 624 618 677 Dei
650 633 1017 691 cognoverunt
1047 624 1193 679 illum
1219 664 1233 688 ,
1260 641 1289 678 a
1327 639 1434 693 quo
1464 624 1516 678 in
1549 624 1792 694 patribus
1824 624 1936 678 suis
1978 637 2101 691 pos-

522 717 658 770 sessi
692 713 927 771 fuerant.
975 715 1053 770 Illi
1104 716 1289 785 utique
1325 716 1391 770 de
1414 717 1608 786 quibus
1652 715 1931 785 loquitur:
1963 714 2099 781 Quia

524 821 632 860 una
672 806 757 861 die
800 805 1143 861 crediderunt
1182 806 1285 860 tria
1338 806 1506 860 millia
1548 807 1615 861 ad
1657 805 2096 875 praedicationem

526 895 891 966 apostolorum
913 936 931 960 ,
969 895 1074 950 alia
1120 895 1207 952 die
1251 897 1490 966 quinque
1534 896 1700 952 millia
1721 937 1735 962 ,
1768 905 1822 950 et
1851 896 2105 964 deinceps

526 988 692 1043 multa
742 988 929 1044 millia.
973 986 1237 1059 Cognovit
1282 1000 1337 1044 et
1367 990 1552 1045 asinus
1591 1004 1828 1059 praesepe
1877 986 2102 1050 domini,

528 1081 746 1149 quando
795 1080 1022 1151 gentiles
1052 1082 1403 1137 crediderunt
1442 1083 1757 1153 mysterium
1782 1082 2106 1137 incarnatio-

526 1172 612 1226 nis
631 1169 754 1225 Filii
782 1171 875 1225 Dei
906 1189 919 1224 :
957 1172 1071 1241 qui,
1097 1173 1239 1227 sicut
1259 1171 1312 1227 in
1342 1172 1628 1244 Evangelio
1654 1172 1869 1242 legitur,
1893 1172 2107 1242 quando

525 1272 686 1316 natus
710 1270 794 1318 est
818 1302 833 1327 ,
869 1263 1160 1318 reclinatus
1186 1274 1270 1318 est
1303 1279 1334 1318 a
1372 1272 1546 1318 matre
1593 1263 1956 1333 in'prtesepio.
1985 1263 2108 1318 Istis

527 1365 707 1411 autem
751 1358 1200 1426 cognoscentibus
1248 1357 1414 1413 Deum
1444 1357 1659 1412 Patrem
1701 1372 1823 1412 eum
1870 1357 2006 1412 Filio
2052 1367 2107 1412 et

528 1447 734 1517 Spiritu
782 1456 970 1503 sancto
991 1489 1005 1511 ,
1047 1449 1211 1503 Israel
1250 1464 1354 1504 non
1382 1450 1630 1519 cognovit
1651 1465 1773 1505 eum
1804 1470 1816 1504 :
1850 1449 2105 1504 Pharisaei

525 1539 753 1603 scilicet,
787 1539 999 1605 scribae,
1047 1539 1248 1609 aliique
1287 1538 1592 1595 Judmorum
1623 1580 1637 1604 ,
1679 1541 1769 1610 qui
1800 1540 2110 1615 maluerunt

530 1634 584 1688 in
619 1633 935 1688 inﬁdelitate
961 1633 1117 1697 mori,
1148 1649 1309 1702 quam
1348 1634 1402 1686 in
1433 1632 1703 1688 Christum
1741 1632 1981 1715 credere.
2005 1632 2104 1700 Qui

530 1722 695 1778 Israel
718 1723 1085 1794 appellantur:
1126 1740 1229 1778 non
1270 1725 1411 1794 quod
1449 1725 1560 1779 veri
1598 1734 1782 1781 essent
1804 1724 2059 1780 Israelita:
2091 1743 2104 1777 :

492 1802 494 1805 ’
531 1816 792 1885 quoniam
828 1816 996 1872 Deum
1028 1824 1205 1871 mente
1242 1832 1347 1870 non
1372 1816 1644 1872 videbant.

607 1924 626 1956 t
661 1907 753 1961 Va:
773 1906 919 1976 genti
964 1906 1254 1975 peccatriei
1285 1946 1300 1969 ,
1344 1906 1538 1975 populo
1584 1906 1732 1977 gravi
1785 1906 2104 1977 iniquitate,

532 1997 726 2051 semini
758 2012 1022 2065 nequam,
1071 1996 1198 2051 ﬁliis
1250 1997 1544 2052 sceleratis.
1583 2016 1602 2049 ι
1628 1997 1743 2053 Non
1773 1999 1877 2053 alia
1898 2014 2029 2070 gens
2052 2007 2109 2053 et

531 2087 671 2142 alius
695 2087 923 2156 papulas
952 2087 1041 2143 hic
1079 2088 1378 2157 accipitur,
1417 2087 1509 2142 sed
1532 2087 1654 2158 ipse
1692 2088 1858 2144 Israel
1887 2098 1941 2144 et
1978 2104 2109 2162 gens

531 2178 853 2248 appellatur,
892 2188 947 2233 et
983 2177 1229 2249 populus,
1281 2188 1336 2232 et
1367 2178 1459 2232 lilii
1489 2178 1755 2235 scelerati.
1800 2177 1912 2246 Vae,
1948 2188 2109 2234 teter.

532 2289 662 2327 num
711 2272 1064 2343 supplicium,
1102 2279 1469 2340 aeternamque
1497 2272 1901 2328 damnationem
1929 2280 2105 2328 sonat.

533 2364 702 2420 lathei
736 2380 883 2436 ergo.
908 2365 1001 2434 qui
1041 2366 1314 2434 quondam
1350 2365 1553 2420 tiliiDei
1597 2377 1721 2420 sunt
1750 2366 2021 2436 appellati,
2054 2366 2108 2419 in

494 2437 813 2525 'przeceptis
850 2454 1019 2524 patris
1048 2455 1133 2510 sui
1166 2455 1259 2510 Dei
1302 2456 1688 2526 omnipotentis
1737 2456 2106 2517 ambulantes.

528 2560 673 2601 nunc
715 2560 901 2601 semen
940 2559 1194 2615 nequam,
1239 2546 1443 2615 ﬁliique
1479 2546 1728 2602 scelerati
1759 2548 2046 2613 dicuntur,
2077 2563 2108 2602 a

527 2636 801 2692 voluntate
840 2636 939 2692 Dei
977 2637 1294 2693 deviantes:
1338 2640 1678 2708 minaturque
1734 2641 1812 2695 eis
1851 2649 2108 2695 attentam

530 2732 932 2786 damnationem
952 2771 967 2796 ,
1011 2738 1383 2797 aeternumque
1413 2732 1690 2787 interitum
1714 2746 1729 2786 ε
1758 2733 1988 2802 ecquod
2010 2747 2109 2788 no-

527 2823 1294 2895 lueruuteognoscereFilium
1310 2825 1748 2888 Dei,vcnientem
1787 2825 1855 2879 ad
1894 2825 2109 2880 redem-

529 2915 771 2984 ptionem
792 2930 956 2970 suam
1000 2916 1053 2970 in
1074 2918 1352 2971 mundum.
1383 2917 1473 2972 Sic
1501 2917 1662 2971 etiam
1694 2918 1764 2972 ab
1793 2917 1911 2987 ipso
1931 2916 2112 2973 Salva-

531 3017 650 3062 tore
671 3006 762 3061 ﬂlii
790 3007 1020 3073 "diaboli,
1048 3016 1102 3063 et
1135 3008 1403 3078 genimina
1432 3009 1759 3078 viperarum,
1804 3016 2069 3063 vocantur
2092 3048 2109 3075 ,

534 3088 750 3152 dicente
798 3097 888 3152 illo
941 3098 995 3152 in
1032 3098 1359 3169 Evangelia:
1410 3117 1428 3150 ε
1460 3099 1567 3154 Vos
1598 3115 1662 3155 ex
1707 3106 1861 3170 patre
1898 3100 2110 3156 diabolo

535 3188 668 3243 estis
685 3186 868 3258 (Joan.
897 3187 1038 3259 vni).
1068 3207 1087 3241 ι
1112 3188 1200 3255 Et,
1232 3209 1251 3241 ι
1284 3189 1567 3245 Genimina
1596 3191 1922 3260 viperarum,
1942 3191 2108 3264 fugite

533 3295 565 3333 a
597 3287 820 3334 ventura
859 3280 938 3335 ira
968 3279 1184 3350 (Matth.
1206 3297 1270 3348 v-;
1293 3281 1422 3337 Luc.
1447 3282 1553 3355 ιιι).
1588 3302 1605 3334 ι
1645 3302 1663 3333 t
1698 3283 2112 3354 Dereliquernnt

534 3368 841 3433 Dominum,
872 3370 1381 3442 blasphemaVerunt
1408 3384 1657 3430 sanctum
1681 3376 1843 3431 Israel
1871 3395 1884 3429 :
1919 3376 2112 3432 abalie-

533 3459 646 3514 nati
687 3470 813 3515 sunt
859 3472 1174 3518 retrorsum.
1210 3484 1228 3517 ι
1276 3465 1559 3520 Dominum
1586 3467 1750 3521 Deum
1780 3468 2115 3537 omnipoten-

536 3560 648 3604 tetn
701 3550 1128 3622 dereliquerunt,
1191 3556 1407 3624 quando
1452 3557 1814 3612 adoraverunt
1858 3558 2019 3624 idola,
2060 3567 2112 3613 et

535 3641 752 3711 quando
779 3642 973 3698 Filium
1017 3643 1135 3715 ejus
1182 3663 1286 3701 non
1331 3656 1669 3717 receperunt.
1702 3649 2115 3720 Blasphemave—

534 3744 664 3789 runt
682 3744 930 3791 sanctum
948 3736 1128 3801 Israel,
1159 3739 1335 3804 idest,
1352 3739 1626 3795 Christum
1650 3741 1845 3796 Filium
1868 3743 1959 3797 Dei
1983 3743 2110 3811 vivi,

534 3825 753 3893 quando
764 3826 1020 3881 dixerunt
1036 3827 1129 3891 illi,
1161 3848 1179 3879 ι
1201 3829 1528 3884 ὒωηιοηίιιιη
1553 3830 1720 3886 habes
1740 3830 1920 3903 (Joan.
1940 3833 2109 3904 νιιι).›

535 3916 621 3979 Et,
655 3935 673 3966 ι
707 3916 1084 3972 Samaritanus
1113 3932 1188 3971 es
1222 3917 1431 3991 (lbid.).
1466 3939 1485 3972 ι
1521 3921 1587 3975 Ει
1618 3922 1856 3991 insuper,
1900 3923 2116 3993 quando

536 4007 704 4063 livido
745 4023 841 4062 ore
883 4008 1357 4064 conclamaverunt
1403 4011 1685 4066 dicentes:
1733 4030 1751 4062 t
1793 4012 1908 4067 Non
1947 4013 2116 4068 habe-

541 4114 664 4154 mus
712 4114 896 4170 rcgem
935 4100 1035 4154 nisi
1083 4100 1349 4155 Cmsarcm
1391 4101 1553 4173 (Ibid.
1601 4102 1778 4175 ζωὴ.»
1833 4104 1900 4159 Et
1937 4105 2114 4171 aliter,

543 4188 860 4259 «Crucilige,
876 4188 1132 4260 crucifige
1148 4190 1306 4245 istum
1324 4190 1538 4261 (Matth.
1561 4209 1726 4257 xxvii;
1752 4193 1882 4248 Luc.
1900 4194 2078 4267 xstn);
2092 4215 2110 4249 ι

542 4288 622 4344 et,
651 4299 669 4331 ι
698 4280 918 4335 Dimitte
938 4283 1093 4338 nobis
1112 4282 1413 4339 Barabbam
1437 4284 1649 4355 (Ibid.).
1683 4305 1701 4339 ›
1734 4286 2118 4359 Blasphemare

538 4378 720 4426 autem
763 4382 846 4426 est
876 4386 890 4426 ς
928 4373 1305 4430 contumeliam
1343 4375 1426 4431 vel
1464 4376 1765 4433 convicium
1801 4378 2016 4449 aliquod
2044 4380 2122 4435 in-

537 4466 700 4522 ferre.
729 4466 862 4533 Quia
889 4483 1019 4523 vero
1049 4469 1455 4539 dereliquerunt
1479 4470 1666 4537 Deum,
1692 4481 1748 4526 et
1776 4471 2117 4543 blasphema-

540 4566 734 4615 verunt
753 4558 1049 4625 Christum,
1082 4561 1370 4617 abalienati
1418 4572 1543 4618 sunt
1580 4572 1901 4629 retrorsum,
1928 4565 1979 4618 id
2006 4573 2109 4629 est,

538 4665 663 4706 cum
702 4650 1015 4706 debuissent
1067 4667 1285 4723 gressus
1314 4667 1538 4722 operum
1586 4668 1806 4709 suorum
1847 4655 1916 4709 ad
1965 4663 2115 4710 ante-

538 4741 686 4795 riora
707 4742 960 4812 dirigere,
997 4752 1051 4798 et
1084 4751 1349 4814 prtecepta
1380 4745 1757 4800 mandatorum
1789 4745 1883 4799 Dei
1922 4746 2116 4817 sequi,

541 4831 840 4888 secundutn
889 4833 1030 4902 quod
1079 4834 1158 4889 eis
1206 4834 1408 4888 dictum
1447 4844 1549 4898 est,
1599 4855 1616 4885 ι
1654 4835 1783 4889 Post
1835 4835 2118 4890 Dominum

540 4922 714 4977 Deum
757 4932 999 4979 vestrum
1045 4923 1317 4979 ambulate
1357 4922 1502 4995 (Οδε.
1534 4925 1611 4997 x1)
1645 4942 1659 4977 :
1700 4944 1720 4977 ›
1751 4924 1911 4979 alieni
1960 4942 1991 4979 a
2015 4925 2122 4979 Deo

541 5011 717 5071 ellecti
737 5054 753 5082 ,
783 5023 929 5070 retro
954 5016 1200 5071 conversi
1224 5016 1436 5071 suntad
1470 5016 1783 5086 iniquitates
1825 5031 1951 5071 suas
1984 5033 2000 5069 :
2037 5016 2118 5070 fa-

542 5106 748 5163 cientes
767 5115 958 5162 contra
984 5107 1035 5162 id
1058 5107 1202 5176 quod
1220 5107 1463 5177 prtecipit
1490 5107 1738 5163 Salvator
1762 5126 1775 5161 :
1805 5107 1902 5175 Ne,
1928 5122 2122 5179 appre-

544 5197 716 5252 henso
742 5204 942 5261 aratro,
969 5196 1224 5267 respiciat
1253 5198 1375 5267 quis
1394 5208 1517 5267 post
1542 5208 1773 5270 tergum.
1854 5213 1865 5225 '

623 5305 643 5339 ο
677 5285 852 5356 Super
876 5302 983 5357 quo
1013 5287 1312 5356 percutiam
1343 5303 1440 5343 vos
1482 5288 1642 5355 ultra,
1687 5284 1949 5345 addentes
1982 5306 2123 5362 prae-

545 5380 974 5436 varicationem?
1002 5400 1021 5431 ›
1054 5380 1167 5436 Vox
1223 5379 1319 5434 Dei
1367 5381 1752 5450 omnipotentis
1796 5381 1866 5436 ad
1906 5380 2123 5438 Iudaeos

548 5470 829 5535 vecordes,
852 5485 948 5540 per
972 5469 1294 5539 Propltelam
1323 5470 1590 5540 loquentis
1620 5487 1634 5526 :
1666 5470 1839 5540 Super
1861 5486 1987 5542 quo,
2013 5474 2126 5528 sive

550 5562 608 5617 in
634 5576 742 5633 quo
782 5561 902 5616 loco
931 5562 1231 5630 percutiam
1277 5578 1375 5617 vos
1414 5561 1577 5625 ultra,
1631 5561 1723 5631 qui
1753 5562 1949 5618 additis
1990 5580 2130 5619 sem-

549 5665 651 5723 per
674 5651 1205 5723 pt‘tevaricationem?
1231 5652 1307 5707 Ae
1328 5652 1371 5707 si
1402 5652 1611 5708 diceret
1632 5651 1753 5706 aliis
1777 5654 1983 5709 verbis:
2010 5654 2126 5709 Non

524 5742 770 5806 .invenio
818 5758 979 5814 quam
1027 5743 1349 5799 medicinam
1398 5743 1603 5813 possim
1634 5744 1909 5814 "adhibere
1957 5746 2129 5820 plagis

2204 534 2534 589 vulneribus.
2587 535 2818 590 Adhibui
2865 538 3060 606 Stl‘pllls
3106 537 3494 598 curationem,
3555 545 3616 590 et
3658 539 3783 592 mlo

2210 622 2406 676 nullam
2435 630 2642 692 partem
2696 622 2910 677 inv'enio
2937 639 3057 693 quae
3101 640 3207 679 non
3250 625 3322 679 sit
3356 623 3489 692 jam
3534 638 3777 693 percusg,

2204 713 2471 783 plenaque
2494 713 2684 784 plagis.
2715 711 2809 767 Vel
2840 721 2985 767 certe
3011 723 3190 783 potest
3220 713 3463 782 intelligi
3500 713 3776 769 itazNulhs

2205 803 2421 857 invenio
2462 803 2666 872 plagas,
2710 818 2884 872 neque
2928 803 3034 856 ulla
3068 803 3300 873 ﬂagella,
3339 802 3563 872 quibus
3617 805 3773 872 possin

2208 893 2456 964 frangere
2484 895 2741 947 duritiam
2792 893 2972 949 cordis
3018 895 3184 948 vestri
3221 895 3402 963 :quia
3455 910 3576 962 quo
3615 895 3771 964 major:

2207 996 2335 1041 sunt
2368 995 2660 1049 tormenta,
2686 1001 2749 1040 co
2777 987 3006 1055 amplius
3030 988 3230 1042 crescit
3254 987 3553 1056 impietas,
3582 1003 3767 1043 mum

2208 1077 2365 1139 ratio,
2400 1087 2561 1146 atque
2604 1078 2855 1146 superbia
2892 1077 3220 1132 rebellionis.
3253 1078 3487 1144 Quibus
3511 1080 3763 1134 verbissic-

2208 1178 2265 1223 ut
2326 1170 2514 1222 beatus
2559 1167 2918 1240 Hieronymus
2964 1170 3042 1223 ait
3075 1188 3089 1223 :
3119 1170 3595 1224 Auimadvertere
3625 1184 3762 1240 possa-

2208 1274 2329 1312 mas
2377 1258 2580 1312 ideirco
2625 1260 2793 1313 Deum
2837 1268 3120 1327 percutere
3149 1259 3577 1329 delinquentes,
3616 1269 3667 1313 ut
3685 1276 3760 1314 cer-

2211 1349 2404 1418 rigat.:
2451 1356 2507 1400 ut
2556 1363 2661 1401 non
2717 1357 2823 1401 tam
2875 1363 3031 1417 pmna
3084 1348 3155 1403 sit
3200 1349 3280 1403 eis
3346 1346 3614 1412 afﬂictio,
3650 1364 3757 1419 quae

2208 1437 2539 1491 emendatio.
2573 1434 2725 1501 Quod
2752 1452 2856 1489 non
2886 1437 3048 1490 fuerit
3078 1436 3228 1492 locus
3254 1447 3454 1507 aptus,
3495 1438 3552 1492 in
3576 1454 3670 1508 quo
3696 1456 3753 1508 po-

2210 1526 2401 1579 tuisset
2444 1526 2526 1579 eis
2568 1525 2888 1579 medicinam
2939 1525 3210 1580 salubrem
3271 1525 3501 1581 inferre
3527 1567 3543 1591 ,
3578 1527 3752 1581 declinat

2210 1631 2331 1668 cum
2364 1614 2544 1669 infert.
2589 1635 2605 1663 ι
2644 1612 2815 1669 Omne
2855 1624 3017 1685 caput
3063 1615 3420 1685 languidum,
3450 1628 3510 1670 et
3538 1632 3749 1671 omnem

2213 1722 2466 1762 nimrens.
2503 1726 2520 1755 ι
2557 1706 2693 1772 Quia
2727 1706 2888 1776 igitur
2918 1706 3057 1760 inter
3081 1721 3271 1760 onmes
3299 1721 3519 1761 sensus
3539 1710 3735 1776 corporis.

2138 1791 2180 1848 Β
2211 1806 2266 1852 et
2311 1798 2450 1851 inter
2495 1797 2678 1850 omnia
2732 1797 2997 1859 membra,
3052 1795 3532 1865 principalitatem
3566 1798 3729 1867 «pm

2212 1888 2374 1942 modo
2428 1887 2638 1941 obtinet
2689 1888 2874 1954 caput,
2924 1885 2978 1938 in
3018 1886 3183 1941 corde
3235 1900 3473 1955 quoque
3528 1888 3736 1956 requiescit

2211 1976 2455 2031 doctrina
2482 1987 2535 2030 et
2562 1975 2829 2045 sapientia
2867 1994 2880 2027 :
2916 1991 3020 2029 non
3046 1976 3507 2044 incompetenter
3537 1976 3731 2046 meum

2212 2067 2323 2121 rice
2335 2081 2431 2136 per
2445 2076 2604 2135 caput
2619 2066 2888 2136 principes
2908 2081 2936 2118 a
2953 2066 3150 2134 quibus
3170 2066 3393 2135 regitur
3408 2066 3728 2136 populosam

2212 2172 2241 2211 a
2273 2157 2448 2226 capite
2477 2155 2719 2210 membra
2747 2165 2834 2208 :et
2853 2170 2953 2224 per
2974 2169 3070 2209 cor
3098 2154 3500 2224 intelliguntur
3521 2156 3721 2225 sapientes

2212 2247 2591 2315 doctoresque.
2643 2246 2835 2310 Omne,
2885 2245 3084 2315 inquit,
3141 2254 3307 2314 caput
3371 2246 3720 2316 languidou

2211 2356 2372 2396 omne
2433 2356 2528 2395 cor
2567 2354 2804 2395 man-ens
2828 2348 2940 2404 est,
2987 2340 3089 2393 hoc
3117 2349 3221 2404 est,
3262 2356 3293 2393 a
3340 2340 3712 2410 principilee-

2212 2450 2315 2504 que
2343 2434 2408 2488 ad
2432 2434 2629 2489 meadi.
2650 2448 2760 2498 uin,
2792 2442 3199 2501 extremamque
3228 2433 3499 2502 plebem;
3543 2444 3578 2487 et
3603 2448 3623 2484 ί
3644 2433 3707 2485 de

2214 2524 2456 2578 etoribus
2472 2539 2639 2593 usque
2669 2524 2732 2578 ad
2758 2523 3066 2592 imperitum
3089 2534 3255 2594 atque
3274 2523 3559 2579 indoctum
3579 2522 3709 2594 rges.

2213 2632 2320 2673 non
2348 2626 2431 2672 est
2448 2618 2662 2672 auritas
2688 2617 2882 2671 mentis
2917 2632 2931 2668 :
2964 2616 3061 2671 sed
3094 2630 3293 2670 omnes
3316 2614 3714 2670 intinnatisuatin

2214 2708 2584 2777 impietatibns
2610 2707 2745 2774 suis,
2774 2721 3072 2775 omnesque
3101 2707 3400 2761 tabescunt
3430 2707 3483 2761 in
3510 2704 3717 2775 iniquitati-

2214 2798 2314 2854 bus
2334 2798 2464 2853 suis.
2499 2796 2653 2852 Sicut
2674 2812 2804 2867 ergo
2835 2797 3023 2851 laetitia
3047 2797 3216 2851 animi
3250 2798 3528 2853 interdum
3565 2796 3713 2850 dolum

2214 2889 2461 2959 corporis
2484 2896 2747 2958 temperat
2777 2905 2791 2954 ;
2828 2898 2883 2944 et
2930 2888 3075 2943 si-ad
3107 2889 3519 2959 aegrotationem
3547 2886 3720 2957 corporis

2215 2978 2682 3049 accedatlanguor
2709 2979 2924 3045 mentis,
2961 2979 3271 3049 duplicatur
3304 2979 3606 3045 inﬁrmitas;
3631 2978 3716 3031 etsi

2215 3080 2376 3143 caput
2401 3071 2654 3134 doluerit,
2680 3074 2861 3127 omnia
2886 3072 3131 3128 membra
3154 3072 3359 3127 debilia
3376 3084 3491 3128 sunt
3511 3090 3525 3125 :
3548 3073 3607 3125 ita
3623 3084 3719 3139 quo

2138 3166 2182 3227 C
2215 3158 2319 3234 que
2355 3162 2552 3234 populo
2593 3162 2904 3218 inlirmante
2927 3164 2982 3218 in
3013 3162 3130 3217 suis
3160 3163 3523 3232 impietatibus,
3544 3160 3583 3214 si
3600 3158 3717 3230 prin-

2213 3256 2363 3326 cipes
2383 3265 2438 3311 et
2460 3256 2712 3311 doctores
2743 3264 2943 3310 statum
2974 3254 3319 3310 rectitudinis
3360 3258 3708 3314 scmssrnt,ut-

2213 3362 2429 3416 cunque
2472 3347 2740 3402 medelam
2778 3345 2968 3401 salutis
3015 3356 3320 3401 mereretur
3351 3345 3466 3399 idem
3495 3339 3691 3411 populus.

2214 3437 2319 3491 Sed
2357 3437 2611 3506 quoniam
2663 3436 2821 3492 simul
2859 3452 3048 3492 omnes
3086 3436 3353 3491 debilitati
3383 3444 3507 3497 sunt,
3537 3431 3708 3486 idcirco

2212 3527 2532 3599 prolongata
2558 3536 2640 3582 est
2667 3528 2736 3582 ab
2763 3527 2843 3583 eis
2868 3527 3038 3594 salus,
3080 3515 3136 3582 et
3178 3526 3439 3582 medicina
3458 3523 3710 3579 animarum.

2215 3617 2368 3673 Unde
2398 3628 2452 3673 et
2480 3618 2724 3688 sequitur
2747 3633 2765 3671 :

2290 3758 2310 3788 ι
2345 3739 2388 3791 A
2429 3737 2611 3807 planta
2655 3738 2807 3808 pedis
2855 3750 3027 3807 usque
3062 3737 3131 3791 ad
3179 3737 3440 3792 verticem
3470 3748 3566 3788 non
3594 3736 3657 3785 est
3681 3727 3713 3779 il

2215 3847 2281 3889 eo
2306 3831 2532 3886 sanitas.
2567 3850 2585 3882 ι
2615 3829 2810 3885 Servat
2838 3830 3235 3899 metaphoram,
3266 3837 3317 3883 et
3353 3828 3511 3891 dicit,
3546 3841 3572 3878 a
3598 3823 3716 3893 plut-1

2215 3924 2368 3993 redis
2393 3938 2561 3992 usque
2591 3922 2657 3976 ad
2687 3922 2965 3977 verticem.
2999 3922 3056 3975 Id
3082 3930 3169 3976 est
3189 3922 3255 3975 ab
3280 3918 3592 3973 humillimis
3607 3923 3719 3980 usqu

2217 4018 2283 4072 ad
2314 4032 2575 4081 sunnnos,
2599 4024 2655 4071 et
2696 4016 2765 4070 ab
2804 4015 3063 4069 extremis
3088 4026 3260 4081 usque
3302 4010 3373 4063 ad
3425 4009 3626 4079 primos,
3656 4017 3721 4056 ne

2217 4122 2339 4163 esse
2375 4107 2608 4177 aliquem
2646 4095 2878 4160 sanitate
2917 4104 3116 4159 mentis
3153 4101 3462 4155 ﬂorentem.
3499 4118 3515 4149 ι
3564 4093 3719 4151 Vulnus

2218 4209 2272 4254 et
2322 4198 2477 4259 livor,
2518 4205 2572 4250 et
2618 4195 2772 4265 plaga
2817 4206 3074 4247 tumens:
3119 4207 3226 4246 non
3275 4182 3374 4245 est'
3406 4185 3723 4253 circumligat).

2219 4302 2319 4342 nec
2347 4295 2531 4340 curata
2568 4282 2946 4347 medicamine,
2992 4296 3169 4352 neque
3214 4279 3322 4334 fota
3364 4278 3511 4334 oleo.
3543 4298 3561 4329 ι
3588 4272 3726 4328 Vulnus

2217 4375 2438 4447 proprie
2457 4384 2559 4441 est,
2589 4375 2735 4444 quod
2756 4374 2817 4428 Iit
2843 4389 2965 4430 cum
3004 4372 3217 4429 baculo.
3254 4371 3429 4428 Livor
3469 4378 3629 4425 autem
3650 4378 3726 4418 vrt-

2221 4468 2505 4525 beratione
2532 4468 2827 4538 virgarum.
2853 4466 3016 4537 Plaga
3049 4480 3263 4536 quoque
3296 4474 3536 4528 tumens,
3565 4461 3655 4516 sive
3680 4456 3727 4509 ὴ-

2220 4561 2366 4627 ﬂata,
2387 4563 2445 4615 lit
2460 4558 2772 4631 plerumque
2796 4559 2994 4631 gladio,
3017 4559 3335 4629 plerumque
3359 4555 3574 4612 baculo.
3592 4551 3728 4606 Notat-

2224 4655 2370 4721 dum,
2404 4655 2547 4725 quod
2593 4654 2708 4708 hare
2732 4655 2895 4708 verba
2936 4651 3244 4723 specialiter
3273 4651 3558 4722 pertinent
3591 4644 3645 4699 ad
3666 4640 3728 4693 Dt-

2225 4747 2357 4800 mini
2387 4745 2695 4810 adventum,
2729 4752 2782 4798 et
2808 4744 2877 4797 ad
2902 4743 3147 4797 ultimam
3176 4741 3547 4796 vastationem
3591 4732 3734 4790 ludar

2230 4852 2368 4891 rum.
2416 4835 2693 4904 Siquidem
2741 4833 2897 4905 plaga
2946 4832 3241 4904 impietatis
3286 4846 3520 4895 eorum,
3563 4842 3643 4898 pm
3671 4834 3735 4889 tl“

2232 4928 2376 4984 ducti
2411 4937 2536 4982 sunt
2566 4927 2618 4980 in
2650 4925 3002 4997 Babylonem,
3032 4934 3219 4996 postea
3241 4934 3441 4979 curata
3460 4931 3560 4986 est,
3588 4911 3736 4988 quanti)

2227 5027 2326 5082 sub
2364 5024 2662 5080 Zorobahel
2692 5024 2920 5095 aliisque
2940 5025 3167 5081 ducibus
3196 5023 3407 5079 reversi
3438 5029 3563 5078 sunt
3601 5018 3655 5071 de
3685 5026 3741 5065 a-

2227 5115 2497 5187 ptivitate,
2536 5114 2906 5184 templumque
2940 5112 3281 5183 postmodum
3338 5109 3741 5182 readiticavautl

2229 5205 2279 5277 (Ι
2310 5206 2466 5260 Esdr.
2502 5206 2578 5278 v).
2628 5205 2969 5275 Quapropter
3000 5203 3067 5258 ad
3093 5211 3394 5257 extremam
3446 5197 3743 5271 captivitatem

2229 5295 2513 5352 referenda
2547 5302 2691 5359 sunt,
2722 5301 3007 5364 postquam
3032 5291 3235 5347 nullum
3270 5292 3571 5346 remedium
3599 5294 3745 5341 mem-

2230 5396 2373 5443 runt.
2392 5386 2499 5444 Sed
2517 5385 2768 5455 impletur
2791 5385 2845 5438 in
2862 5384 2941 5439 eis
2974 5384 3116 5455 quod
3135 5383 3223 5437 hic
3243 5367 3748 5451 dicitProphetazinl-

2229 5492 2333 5532 nus
2358 5475 2603 5541 malitia‘,
2623 5484 2678 5529 et
2706 5473 2843 5528 livor
2869 5472 3188 5542 iniquitatis,
3216 5470 3486 5541 plagaque
3507 5467 3749 5521 linteorum

2233 5577 2467 5633 tumens,
2522 5566 2576 5621 id
2612 5575 2724 5641 est,
2770 5570 3057 5635 peccatum
3089 5563 3301 5617 illorum
3354 5560 3594 5616 inﬂatum
3639 5562 3751 5617 nuli"

2231 5656 2549 5722 distentum,
2582 5671 2687 5709 non
2717 5664 2800 5710 est
2829 5653 3260 5724 circumligatmn
3291 5649 3678 5706 linteaminibus
3697 5648 3751 5692 ει·

2232 5765 2337 5818 que
2370 5748 2606 5805 fasciolis
2632 5748 2959 5814 orationum,
2989 5762 3088 5802 nec
3130 5756 3379 5801 curatum
3420 5745 3600 5814 aliquo
3634 5731 3755 5793 ineti-
