3898 6470
72 512 172 570 721

1162 514 1508 572 COMMENT.
1548 513 1616 593 _l.\'
1651 511 1902 568 iSAlAM.
1942 540 2009 552 —-
2050 512 2173 568 LIB.
2214 513 2255 567 l.

3222 505 3328 559 7‘22

76 630 287 686 camiue
315 631 578 689 bonorum
612 647 854 702 operum,
900 647 1095 702 neque-
1112 632 1302 697 futum,
1342 631 1395 687 id
1422 639 1524 695 est,
1556 644 1645 686 ca-
1675 634 1719 691 Α
1748 624 1848 679 rha
1876 623 2080 678 similes
2102 640 2361 679 essemus.
2395 642 2411 675 ι
2449 622 2561 678 lloc
2590 623 2654 677 de
2680 621 2917 692 reliquiis
2939 620 3326 691 apostolorum,

76 720 326 776 lefactum
355 718 440 777 vel
467 730 714 778 curatum
745 722 866 780 oleo
903 723 1255 793 pmnitentim.
1291 722 1400 778 Nec
1426 723 1645 784 mirum,

78 809 125 865 si
162 808 372 865 illorum
411 810 565 884 plaga
610 827 716 868 non
748 821 832 867 est
881 824 1089 879 curata,
1137 813 1332 883 quippe
1378 826 1501 867 cum
1548 808 1648 878 ipsi

78 899 381 969 piissimum
411 903 680 958 medicum
722 902 791 958 ad
819 919 878 958 se
905 904 1128 959 missum
1154 902 1515 975 perculerint.

94 1022 97 1025 -
156 1008 175 1041 ι
205 989 373 1045 Terra
424 1002 603 1048 vestra
652 993 867 1049 deserta
912 1012 931 1044 ι
966 994 1177 1049 scilicet
1222 994 1326 1048 erit
1355 1010 1372 1043 ι
1401 991 1653 1047 civitates

78 1090 274 1136 vestra:
300 1096 575 1138 succensae
598 1082 730 1155 igni.
764 1083 1058 1153 Regionem
1087 1094 1319 1139 vestram
1351 1097 1533 1138 coram
1562 1096 1651 1134 vo-

76 1169 166 1226 bis
190 1169 352 1226 alieni
382 1172 645 1228 devorant
679 1193 699 1226 ι
732 1190 832 1244 pro
865 1188 930 1229 eo
972 1175 1117 1244 quod
1163 1183 1249 1230 est
1293 1172 1650 1234 devorabunt,

81 1282 103 1315 ι
139 1273 196 1320 et
223 1264 559 1321 desolabitur
582 1267 725 1322 sicut
747 1268 801 1321 in
831 1268 1085 1323 vastitate
1112 1266 1316 1323 hostili.
1354 1286 1372 1317 ι
1401 1266 1528 1321 llaec
1551 1264 1653 1321 sub

73 1354 385 1427 Babyloniis
408 1371 476 1411 ex
498 1365 653 1426 parte
682 1357 947 1427 completa
976 1364 1120 1423 sunt,
1148 1356 1384 1447 incsnsis
1416 1355 1654 1412 civitati—

72 1444 197 1510 bus,
225 1442 563 1500 Hierusalem
594 1445 874 1511 subversa,
899 1456 956 1500 et
980 1442 1343 1500 Samaritanis
1375 1446 1651 1515 regionem

68 1552 261 1593 eorum
281 1536 664 1604 incolentibus,
688 1546 906 1609 totaque
929 1546 1071 1595 terra
1096 1536 1351 1600 desolata,
1383 1538 1653 1593 intantum

69 1638 133 1684 ut
159 1643 191 1684 a
211 1628 458 1686 leonibus
475 1638 802 1685 vastaretur.
819 1629 925 1684 Sed
944 1629 1159 1698 plenius
1174 1636 1341 1700 atque
1363 1627 1664 1698 perfectius.

66 1718 173 1774 sub
201 1718 567 1776 Romanorum
597 1719 830 1775 adventu
859 1718 1125 1790 completa
1158 1728 1307 1784 sunt,
1332 1733 1453 1788 qua:
1475 1727 1655 1774 vasta-

67 1811 149 1867 tio
174 1826 347 1882 usque
368 1814 439 1868 ad
476 1812 640 1867 ﬁnem
673 1812 856 1867 mundi
879 1813 1237 1881 permanebit,
1268 1814 1653 1885 regionemque

60 1899 378 1958 Iudaeorum
407 1902 569 1959 alieni
602 1918 787 1959 coram
816 1903 899 1958 eis
929 1903 1231 1959 comedent.

148 2017 166 2048 ι
198 1996 266 2051 Et
293 1996 695 2067 derelinquetur
721 1998 825 2053 ﬁlia
858 1999 993 2059 Sion
1016 2008 1077 2054 ut
1099 2002 1470 2057 umbrticulum
1494 2003 1547 2058 in
1569 2004 1654 2058 vi-
1686 1989 1731 2047 Β

64 2102 200 2147 nea.
227 2098 284 2143 et
303 2089 444 2143 sicut
475 2091 742 2160 tugurium
762 2091 818 2146 in
844 2082 1240 2157 cucumerario,
1268 2101 1325 2148 et
1347 2094 1488 2149 sicut
1515 2095 1653 2149 civi-

62 2188 158 2234 tas
185 2194 307 2249 qua:
331 2189 590 2234 vastatur.
635 2179 992 2239 rSimilitudo
1022 2183 1343 2239 vastationis
1377 2184 1561 2254 templi
1598 2192 1654 2239 et

62 2268 409 2325 Hierusalem
439 2272 674 2326 sumitur
719 2272 792 2325 ab
822 2271 1092 2341 agricolis,
1119 2273 1211 2342 qui
1234 2274 1471 2342 quandiu
1499 2274 1653 2330 vinea

59 2358 227 2427 plena
261 2370 349 2414 est
380 2362 519 2424 uvis,
564 2371 773 2430 ponunt
813 2363 1064 2417 custodes
1100 2363 1154 2416 in
1199 2364 1547 2420 umbraculis.
1594 2364 1655 2420 In

59 2451 447 2507 oucutnerario
485 2465 702 2521 quoque
745 2456 888 2522 (pro
925 2469 1034 2523 quo
1081 2454 1431 2524 Septuaginta
1468 2471 1654 2525 pomo-

62 2555 191 2594 rum
214 2542 515 2597 custodiam
548 2543 959 2614 transtulerunt)
1006 2545 1142 2599 ﬁunt
1186 2547 1507 2617 tuguria,‘id
1544 2556 1653 2612 est.

60 2642 250 2698 parva:
273 2629 488 2695 casulae,
523 2639 747 2702 pr0pter
783 2633 1030 2688 ardorem
1085 2634 1218 2689 solis
1247 2650 1311 2689 ac
1350 2636 1530 2697 radios
1558 2636 1653 2692 de-

61 2720 371 2788 clinandos,
405 2723 637 2793 indeque
674 2724 758 2778 vel
792 2725 1041 2782 homines
1069 2726 1169 2785 vel,
1189 2727 1445 2783 bestiolas
1475 2729 1651 2799 repel-

61 2810 211 2878 lant,
235 2828 355 2883 qua:
385 2829 583 2875 nocere
609 2814 782 2871 solent
812 2817 957 2878 natis
986 2816 1250 2889 frugibus.
1281 2818 1534 2876 Collectis
1554 2838 1652 2877 au—

63 2912 182 2959 tem
205 2903 512 2960 istiusmodi
541 2906 827 2971 fructibus,
859 2916 916 2963 et
936 2910 1158 2966 custode
1188 2912 1493 2979 recedente,
1523 2915 1673 2984 quia

65 3011 181 3050 non
234 2994 398 3053 habet
429 2997 574 3066 quod
604 2997 743 3052 ultra
778 2999 852 3055 ibi
900 3010 1101 3067 servet,
1133 3014 1416 3060 remanent
1437 3005 1648 3060 arentia

66 3084 385 3141 umbracula
415 3084 668 3142 fruticmn
697 3089 1001 3161 casulmque
1026 3091 1333 3149 dcstructae.
1388 3094 1648 3152 Similiter

63 3176 418 3246 omnipotens
447 3178 589 3234 Deus
617 3179 885 3237 desertam
918 3180 1042 3238 fecit
1070 3181 1407 3241 Hierusalem
1429 3194 1486 3241 et
1514 3194 1647 3242 tem-

63 3267 243 3337 plum,
274 3268 526 3338 populum
550 3287 760 3341 quoque
788 3271 1094 3342 dereliquit,
1127 3288 1194 3329 eo
1221 3276 1367 3344 quod
1394 3290 1501 3331 non
1534 3276 1644 3333 fer-

1749 704 2088 785 aliornmqu'c
2136 716 2415 778 ﬁdelium,
2461 725 2546 770 est
2597 713 3034 784 intelligendum,
3080 712 3171 781 qui
3208 719 3332 781 post

1752 806 1963 860 Domini
1995 804 2283 860 adventum
2313 806 2661 862 crediderunt
2697 820 2763 860 ex
2788 802 3012 867 Judmis.
3038 802 3106 857 de
3133 803 3332 871 quibus

1752 884 1948 954 dicitur
1989 898 2043 951 in
2080 896 2304 952 Actibus
2330 897 2697 966 apostolorum
2737 894 2873 965 (Act.
2903 895 3006 965 tl):
3043 893 3188 964 quod
3223 906 3331 947 una

1752 989 1839 1043 die
1881 976 2227 1043 crediderunt
2271 987 2372 1041 tria
2405 986 2590 1050 millia,
2620 985 2722 1040 alia
2752 985 2839 1039 die
2868 985 3105 1055 quinque
3137 982 3327 1047 millia,

1752 1090 1810 1136 et
1833 1081 2090 1150 deinceps
2118 1079 2283 1134 multa
2314 1079 2502 1133 millia.
2544 1079 2804 1150 Egregius
2832 1092 3047 1148 quoque
3069 1075 3331 1146 prmdica-

1754 1184 1862 1240 tor,
1886 1174 1939 1227 in
1970 1172 2210 1243 Epistula
2240 1173 2307 1227 ad
2343 1172 2616 1227 Romanos
2644 1172 2709 1227 de
2754 1169 2941 1227 iisdem
2989 1166 3229 1239 reliquiis
3260 1168 3331 1221 ita

1755 1264 2021 1334 loquitur:
2052 1282 2069 1314 ι
2092 1262 2349 1332 Rcliquia:
2362 1262 2654 1317 secundum
2679 1261 2995 1320 electionem
3010 1261 3197 1331 gratia:
3225 1259 3333 1313 sal-

1754 1371 1833 1411 va:
1862 1354 2018 1411 facta:
2050 1364 2177 1411 sunt
2209 1355 2386 1427 (Rom.
2426 1357 2524 1424 χι).
2563 1374 2581 1405 ι
2614 1354 2756 1408 Dicit
2799 1369 2929 1423 ergo
2957 1353 3224 1424 Propheta
3264 1358 3335 1407 ex‘

1754 1463 1988 1518 persona
2017 1464 2111 1503 sua
2131 1488 2147 1514 ,
2177 1448 2511 1518 aliorumque
2536 1446 2773 1501 ﬁdelium
2810 1461 2875 1499 ex
2907 1446 3095 1499 eadem
3127 1445 3283 1513 plebe
3316 1427 3338 1496 ε’

1754 1539 1868 1595 Nisi
1883 1540 2142 1597 Dominus
2151 1540 2506 1603 exercituum,
2523 1540 2607 1593 cui
2623 1538 2865 1593 serviunt
2877 1538 3150 1593 exercitus
3170 1552 3333 1606 ange-

1754 1632 1953 1697 lorum,
1969 1632 2277 1702 reliquisset
2294 1632 2449 1686 nobis
2470 1646 2676 1695 semen,
2694 1630 2745 1684 in
2767 1629 3025 1699 apostolis
3036 1619 3334 1695 eorumque

1752 1724 2074 1794 sequacibus
2092 1765 2111 1789 ,
2134 1725 2277 1780 sicut
2310 1722 2604 1779 Sodomita:
2633 1730 2687 1776 et
2711 1720 3068 1776 Gumorrhita:
3111 1727 3334 1789 propter

1752 1823 1974 1884 peccata
2004 1830 2101 1869 sua
2129 1815 2431 1885 perierunt,
2482 1814 2556 1867 ita
2586 1821 2641 1868 et
2660 1813 2841 1875 domuis
2874 1820 3057 1867 nostra
3084 1810 3335 1882 prosapia

1750 1913 1978 1973 peccato
2008 1904 2338 1963 inﬁdelitatis
2377 1904 2609 1974 perdita,
2644 1903 2858 1974 penitus
2898 1911 3329 1957 consumeretur.

1834 2013 1852 2046 ι
1889 1995 2089 2052 Audite
2110 1998 2334 2052 verbum
2357 1995 2592 2060 Domini,
2628 1996 2899 2067 priuc'pcs
2928 1994 3283 2050 Sodomorum
3315 2009 3333 2049 :

1755 2088 2018 2158 percipite
2064 2090 2287 2145 auribus
2345 2088 2516 2160 legem
2563 2088 2660 2143 Dei
2698 2087 2891 2149 nostri,
2943 2086 3172 2156 populus
3227 2085 3336 2140 Go-

1755 2180 2010 2235 morrhze.
2048 2200 2066 2232 ι
2098 2181 2342 2235 Traditio
2371 2180 2680 2236 Judteorum
2714 2188 2818 2246 est,
2854 2188 2913 2233 ut
2934 2179 3124 2233 beatus
3149 2177 3338 2234 llicro—

1756 2288 1951 2343 nymus
1976 2272 2125 2333 dicit,
2155 2272 2226 2326 ob
2251 2270 2386 2337 duas
2423 2286 2618 2326 causas
2667 2270 2859 2325 Isaiam
2891 2269 3211 2339 prophetam
3254 2269 3331 2322 in~

1757 2361 2040 2416 terfectmn
2071 2377 2193 2416 esse
2216 2378 2230 2417 :
2256 2360 2340 2427 vel
2382 2361 2528 2434 quod
2568 2359 2841 2428 principes
2868 2358 3228 2413 Sodomorum
3281 2366 3337 2413 ct

1754 2451 2227 2524 Gpmorrliatorum
2264 2465 2357 2505 eos
2400 2448 2772 2519 appellaverit,
2817 2448 2899 2502 vel
2945 2448 3088 2517 quod
3121 2448 3333 2502 dicente

1755 2542 1982 2597 Dunino
2007 2542 2073 2594 ad
2107 2541 2327 2595 Mosen:
2365 2559 2382 2590 ι
2416 2538 2530 2594 Νοιι
2561 2539 2706 2593 enim
2739 2538 2940 2593 videbit
2969 2554 3055 2593 me
3089 2526 3249 2591 homo
3278 2549 3335 2593 ct

1754 2632 1897 2686 vivet
1923 2630 2120 2703 (Exod.
2165 2629 2381 2700 χχχιιι),
2417 2649 2435 2682 ι
2480 2629 2581 2683 iste
2619 2644 2783 2683 ausus
2829 2636 2913 2683 cst
2955 2629 3174 2682 dicere:
3209 2628 3327 2683 Vidi

1754 2719 2041 2777 Dominum
2086 2720 2316 2775 sabaoth
2372 2720 2648 2775 sedentem
2703 2733 2869 2788 super
2908 2718 3102 2773 solium
3146 2720 3327 2774 excel~

1754 2827 1894 2869 sum.
1910 2813 2144 2870 Possunt
2164 2822 2342 2868 autem
2366 2814 2478 2868 lucc
2492 2811 2655 2867 verba
2671 2810 2857 2867 referri
2873 2812 2937 2866 ad
2953 2810 3167 2867 Judacos
3189 2813 3332 2867 illius

1753 2907 2048 2977 temporis:
2085 2907 2180 2962 sed
2219 2905 2526 2975 specialiter
2570 2906 2638 2960 ab
2684 2906 2894 2961 scribas
2934 2913 2989 2959 et
3032 2905 3338 2961 Pharisaeos

1752 2997 2047 3066 pertinent,
2090 3006 2145 3053 et
2194 2999 2447 3069 populna:
2489 3000 2569 3055 sic
2613 2998 2970 3057 clamantem:
2996 3018 3014 3050 ι
3044 2999 3332 3071 Cruciﬁge,

1752 3090 2006 3161 cruciﬁge
2027 3089 2209 3162 (Joan.
2236 3092 2350 3164 χιχ)
2374 3112 2393 3144 ι
2415 3093 2598 3148 talem.
2620 3092 2899 3163 Principes
2914 3108 3044 3164 ergo
3072 3093 3337 3149 Sodomo-

1750 3196 1870 3263 rum
1898 3190 1953 3235 et
1978 3183 2202 3253 populus
2224 3184 2540 3240 Gomorrha:
2565 3185 2766 3241 idcirco
2811 3185 3171 3256 appellantur,
3202 3186 3335 3257 quia

1752 3272 1892 3327 sicut
1946 3272 2238 3327 Sodomita:
2282 3283 2336 3327 et
2364 3266 2725 3328 Gonwrrhita:
2754 3273 2964 3344 publice
2993 3275 3288 3345 peecabant
3312 3315 3327 3338 ,

66 3368 157 3414 rct
182 3357 297 3428 jam
330 3360 537 3417 fructus
564 3338 691 3418 boni
727 3364 928 3431 operis,
969 3338 1126 3432 cujus
1162 3338 1349 3424 custos
1374 3368 1648 3435 quondam
1677 3338 1722 3399 (ί
1757 3362 2057 3431 cogitantes
2103 3364 2387 3418 consilium
2430 3364 2720 3432 pessimum
2755 3338 2953 3419 contra
2993 3338 3179 3419 ivirnm
3209 3362 3331 3432 jus-

66 3450 191 3518 ipse
254 3450 466 3515 fuerat,
533 3453 752 3519 quando
819 3452 1032 3517 fructus
1092 3454 1357 3512 bonorum
1423 3473 1657 3529 operum,

67 3538 405 3608 proferebat.
451 3541 605 3606 Quod
657 3551 838 3597 autem
878 3545 1033 3600 vinea
1079 3548 1383 3616 appellatus
1404 3551 1476 3604 sit
1501 3550 1661 3605 idem.

69 3630 330 3700 populus,
382 3632 623 3688 ostendit
669 3633 810 3689 idem
858 3637 1120 3706 propheta
1157 3639 1340 3702 Isaias,
1396 3640 1648 3711 inquiens

68 3719 238 3790 paulo
294 3720 558 3777 inferius:
605 3742 623 3776 ι
674 3722 841 3780 Vinea
902 3727 1045 3781 enim
1105 3730 1315 3785 Domini
1358 3733 1643 3800 Dabaoth,

63 3814 265 3868 domus
294 3814 454 3882 Israel
476 3825 559 3871 est
579 3815 773 3886 (Infra,
802 3819 879 3889 v).
902 3839 919 3871 ι
947 3819 1336 3876 EtPsalmista:
1360 3842 1377 3875 ι
1402 3823 1643 3889 Vineam,

64 3905 267 3974 inquit,
296 3907 361 3960 de
374 3905 609 3978 AEgypto
641 3910 964 3966 transtulisti
994 3910 1220 3983 (Psalm.
1249 3917 1454 3984 Lxxu).
1484 3936 1517 3969 r
1542 3916 1644 3971 Ista

63 3999 226 4053 vinea
254 4000 489 4067 quandiu
527 4002 829 4058 uberrimos
855 4004 1034 4058 attulit
1061 4005 1289 4071 fructus,
1307 4007 1493 4063 habuit
1517 4022 1642 4064 cus-

62 4089 249 4142 todem
280 4089 346 4143 de
385 4105 493 4158 quo
523 4091 653 4146 dicit
679 4091 965 4151 Psalmista
995 4114 1010 4149 :
1039 4113 1059 4146 ι
1098 4094 1209 4151 Nisi
1251 4098 1506 4154 Dominus
1523 4114 1646 4156 cus-

60 4179 287 4234 todierit
303 4180 600 4247 civitatem,
618 4182 816 4239 frustra
831 4186 1054 4256 vigilant
1071 4189 1160 4257 qui
1176 4190 1639 4246 custodiunteam.

60 4268 247 4339 (Pani.
276 4271 461 4340 cxxvt)
492 4272 1008 4342 nPostquamamisit
1022 4278 1428 4345 frnctusbonos,
1452 4281 1645 4338 dereli-

57 4360 565 4434 quitillam,utipse
581 4364 1187 4427 DominusJudmisdicit
1210 4387 1223 4423 :
1246 4389 1262 4422 ι
1286 4370 1645 4440 Relinquetur

56 4449 238 4513 vobis,
269 4450 459 4521 inquit,
483 4453 673 4508 domus
700 4465 876 4511 vestra
900 4456 1110 4513 deserta
1136 4459 1352 4531 (Matth.
1396 4462 1576 4532 χχιιι).
1619 4482 1636 4515 ι

58 4542 239 4598 Vocat
258 4551 438 4599 autem
461 4545 708 4614 eumdem
729 4546 981 4617 p0pulum
1011 4549 1172 4603 ﬁliam
1197 4548 1346 4616 Sion,
1383 4562 1442 4606 ut
1463 4562 1650 4608 osten-.

1757 3460 1870 3507 tum
1908 3452 2069 3517 Loth,
2107 3462 2163 3508 et
2187 3454 2305 3509 sine
2332 3453 2514 3523 aliquo
2548 3456 2884 3510 verecundia:
2924 3455 3121 3511 rubore
3170 3457 3321 3511 dixe-

1756 3530 1980 3598 runtz't
2016 3544 2163 3600 Educ
2198 3545 2342 3600 viros
2365 3546 2456 3615 qui
2487 3546 2715 3616 ingressi
2754 3556 2882 3601 sunt
2919 3548 2988 3603 ad
3011 3557 3084 3613 te,
3134 3558 3194 3602 ut
3233 3549 3331 3603 ab-

1752 3641 1971 3689 utamur
1997 3637 2077 3690 eis
2099 3634 2250 3706 (Cen.
2290 3639 2429 3707 χιχ),
2464 3657 2481 3688 ι
2520 3637 2592 3691 ita
2616 3646 2670 3692 et
2699 3638 2785 3692 isti
2806 3639 3177 3710 cogitaverunt
3196 3656 3331 3695 cr-u-

1752 3726 1932 3781 silium
1964 3728 2256 3798 pessimum
2292 3738 2483 3783 contra
2510 3728 2797 3797 Dominum
2826 3728 3104 3785 Christum
3132 3731 3319 3785 dicen-

1752 3827 1855 3882 tes,
1904 3817 2124 3874 exclusa
2172 3818 2319 3873 omni
2367 3818 2729 3883 verecundia,
2787 3818 2975 3875 Venite
3024 3819 3327 3890 cogitemus

1750 3895 2171 3980 contra'jnstum
2196 3909 2574 3979 cogitationes,
2605 3918 2661 3965 et
2690 3925 2813 3968 reus
2832 3919 2918 3966 est
2945 3911 3156 3974 mortis,
3185 3911 3325 3964 mul-

1750 4007 1913 4070 taque
1941 4000 2027 4054 bis
2054 4002 2269 4056 similia.
2289 4000 2442 4056 Unde
2465 4002 2596 4057 dicit
2625 4002 2767 4057 idem
2796 4002 3065 4073 Propheta
3092 4002 3145 4056 in
3174 4020 3309 4057 cun—

1748 4090 2129 4158 sequentilms:
2159 4090 2682 4163 Iniquitatcmsuam
2703 4092 2842 4149 sicut
2866 4092 3098 4149 Sodoma
3130 4095 3327 4164 praali-

1747 4188 2028 4246 caverunt,
2066 4196 2167 4245 nec
2190 4181 2609 4251 absconderunt.

1824 4291 1843 4323 ι
1876 4271 1994 4345 Quo
2022 4273 2155 4344 mihi
2183 4274 2584 4339 multitudinem
2612 4274 2957 4329 victimarum
2995 4286 3320 4340 vestrarum,

1747 4362 1876 4418 dicit
1901 4363 2196 4419 Dominus?
2226 4384 2244 4417 ι
2271 4364 2350 4421 Ac
2378 4366 2421 4420 si
2445 4366 2681 4421 diceret:
2717 4366 2786 4423 Ut
2821 4368 2950 4439 quid
2981 4370 3113 4424 mihi
3140 4370 3324 4424 multi-

1746 4456 1987 4519 tudinem
2017 4457 2358 4514 victimarum
2386 4457 2591 4513 oﬁcrtis
2607 4459 2724 4514 ‘IAn
2747 4462 2948 4529 putatis
2972 4477 3057 4517 me
3082 4462 3324 4533 indigere

1747 4550 1865 4615 his?
1900 4549 2076 4621 Atque
2105 4552 2350 4621 protinus
2382 4553 2599 4609 subdit:
2639 4573 2655 4604 ι
2680 4552 2876 4611 Plenus
2906 4572 3048 4620 sum,
3079 4577 3097 4609 ι
3128 4557 3178 4611 id
3215 4568 3318 4621 ρει,

60 4635 166 4687 dat
222 4633 471 4690 aﬁ‘ectum
500 4636 732 4705 piissimi
761 4638 931 4707 patris
955 4654 1013 4694 se
1041 4640 1259 4694 habere.
1297 4640 1405 4701 Nec
1447 4646 1653 4700 mirum
1670 4682 1723 4742 Ι)
1748 4641 1892 4704 nulla
1920 4658 1983 4707 re
2005 4643 2240 4714 indigeo.
2280 4663 2298 4694 ι
2332 4644 2448 4699 Mea
2472 4654 2557 4699 est
2581 4644 2727 4700 enim
2758 4654 2927 4711 terra,
2965 4657 3020 4702 et
3045 4648 3322 4719 plenitudo

55 4727 111 4780 si
142 4725 272 4780 Sion
314 4726 611 4797 appellatur
655 4728 787 4791 ﬁlia,
826 4744 947 4782 cum
980 4729 1146 4784 etiam
1186 4730 1422 4801 Babylon
1458 4735 1645 4803 saepis-

56 4820 207 4874 sime
234 4817 341 4872 filia
371 4828 728 4888 nuncupetur.
773 4819 973 4874 Omnes
1007 4820 1152 4875 enim
1183 4832 1376 4879 natura
1411 4823 1504 4884 ﬁlii
1546 4826 1655 4883 Dei.

53 4925 279 4975 sumus,
301 4910 392 4966 sed
416 4919 601 4967 nostro
618 4913 745 4967 vitio
764 4912 921 4967 alieni
947 4914 1228 4970 eﬁicimur.
1253 4916 1525 4973 Moraliter
1547 4935 1639 4974 ana

57 5015 178 5060 tem
193 5018 291 5072 per
308 5003 459 5069 Sion,
477 5019 597 5074 qua:
613 5005 997 5075 interpretatur
1014 5007 1330 5075 speculatio,
1349 5018 1401 5062 et
1426 5010 1639 5066 nomine

56 5095 241 5148 vineae
286 5102 559 5160 censetur,
590 5099 1153 5167 possumusaccipere
1187 5100 1427 5155 animam
1453 5118 1642 5172 quam-

57 5190 221 5250 libet,
256 5203 374 5258 qua:
419 5188 473 5242 in
510 5188 962 5258 contemplatione
1000 5190 1092 5245 Dei
1119 5192 1279 5247 debet
1315 5194 1634 5261 consistere,

1746 4731 1862 4801 ejus
1895 4751 1913 4784 ι
1968 4731 2144 4803 (Paul.
2203 4736 2381 4803 χχιιι).
2430 4732 2527 4788 Vel
2573 4733 2737 4788 etiam
2772 4736 2914 4805 quod
2952 4737 3087 4793 dicit
3124 4737 3315 4808 plenus

1749 4839 1890 4891 sum,
1925 4824 2027 4879 sub
2052 4823 2154 4879 hoc
2185 4840 2342 4880 sensu
2371 4831 2546 4894 potest
2572 4824 2742 4894 accipi
2769 4842 2781 4878 :
2806 4835 2866 4880 ut
2897 4828 3107 4882 dicatur
3129 4829 3320 4897 plenus

1748 4932 1887 4981 sum,
1919 4917 1972 4971 id
2002 4925 2109 4980 est,
2137 4916 2190 4971 in
2217 4915 2488 4971 fastidium
2518 4924 2644 4971 sunt
2665 4917 2796 4971 mihi
2826 4918 3058 4974 victima:
3081 4928 3272 4974 vestra:
3300 4935 3316 4973 :

1748 5010 1873 5078 quia
1900 5026 2008 5064 non
2044 5009 2249 5064 oﬁ‘crtis
2286 5023 2379 5063 eas
2416 5007 2645 5077 simplici
2675 5016 2730 5064 et
2766 5025 2899 5079 pura
2925 5018 3127 5065 mente.
3163 5027 3182 5061 ι
3212 5010 3319 5063 Ho-

1747 5102 1985 5157 locausta
2024 5102 2277 5166 arietum,
2325 5108 2381 5155 ct
2421 5101 2633 5170 adipem
2672 5101 2969 5171 pinguium,
3008 5108 3063 5171 et
3101 5102 3316 5170 sangui-

1741 5215 1861 5254 nem
1901 5198 2215 5261 vitulorum,
2257 5206 2313 5252 et
2357 5212 2652 5267 agnorum,
2684 5206 2738 5250 et
2779 5196 3052 5263 hircorum
3083 5195 3250 5250 nolui.
3292 5217 3310 5247 ι

59 5275 302 5332 afferens
333 5275 540 5334 fructus
582 5279 957 5349 acceptabiles.
1007 5281 1138 5347 Qua:
1171 5283 1363 5349 anima
1396 5286 1637 5353 quandiu
1739 5288 2082 5351 Continentia
2116 5286 2274 5356 hujus
2298 5287 2518 5358 capituli
2545 5300 2715 5356 usque
2741 5285 2806 5340 ad
2837 5300 2958 5343 eum
2990 5284 3191 5350 locum,
3223 5287 3313 5342 ubi

59 5371 464 5428 rationabiliter
477 5372 960 5442 vivitproferendo,
976 5375 1178 5431 scilicet
1209 5374 1413 5431 fructus
1439 5377 1633 5443 bonos,

61 5462 236 5518 habet
260 5463 537 5518 custodem
560 5463 758 5517 mentis
781 5462 967 5518 Deum.
992 5464 1049 5519 Si
1069 5473 1249 5521 autem
1275 5467 1404 5521 vitia
1430 5476 1484 5522 et
1513 5483 1635 5538 pec-

56 5561 193 5609 cata
219 5551 424 5609 fructus
455 5554 711 5609 virtutum
735 5554 1037 5625 deprzedata
1072 5556 1274 5611 fuerint
1300 5560 1453 5628 quasi
1491 5576 1636 5629 qua:-

58 5644 195 5698 dam
220 5641 457 5698 bestiola:
481 5640 872 5712 derelinquitur
896 5659 926 5698 a
956 5645 1177 5701 custode
1212 5645 1343 5713 Deo,
1370 5658 1425 5704 et
1454 5652 1633 5706 omnia

57 5734 215 5790 illius
246 5734 558 5805 rediguntur
593 5736 661 5791 ad
683 5735 927 5805 nihilum.

148 5843 167 5876 ι
204 5823 313 5880 Nisi
362 5825 618 5881 Dominus
653 5827 988 5883 exercituum
1031 5828 1335 5899 reliquisset
1375 5833 1528 5889 nobis
1553 5851 1636 5889 sc-

59 5934 228 5982 men,
287 5916 439 5987 quasi
489 5916 721 5974 Sodoma
764 5917 1081 5989 fuissemus,
1131 5931 1184 5976 ct
1210 5923 1363 5992 quasi
1405 5924 1632 5980 Gomor—

1738 5383 1815 5437 ait
1846 5380 2131 5445 :Jndicate
2155 5380 2376 5452 pupillo,
2402 5379 2672 5436 defendite
2709 5378 2948 5440 viduam,
2990 5378 3193 5448 respuit
3219 5393 3310 5434 sa-

1738 5471 1937 5526 criﬁcia
1963 5469 2267 5526 Iudaeorum
2286 5511 2300 5535 ,
2342 5479 2396 5525 et
2423 5470 2579 5526 docet
2606 5468 2971 5524 obedientiam
3002 5468 3303 5538 Evangelii.

1741 5563 1806 5617 Et
1835 5577 1930 5633 per
1955 5563 2056 5618 hoc
2086 5563 2227 5632 quod
2255 5562 2385 5617 dicit
2412 5560 2579 5625 nolui,
2612 5560 2776 5614 verbo
2800 5561 3056 5630 pneteriti
3104 5571 3312 5630 tempo-

1743 5655 1818 5709 ris
1865 5664 2021 5710 utens
2047 5694 2062 5719 ,
2114 5654 2353 5710 ostendit
2398 5667 2673 5721 nunquam
2712 5668 2771 5706 se
2822 5650 3145 5706 delectatum
3189 5666 3311 5708 esse

1742 5744 2007 5800 sacriﬁcio
2029 5743 2357 5798 .ludaeorum.
2397 5740 2732 5811 Maximeque
2771 5740 3092 5796 adveniente
3135 5743 3309 5798 sacri-

1747 5836 1866 5890 ﬁcio
1896 5851 2051 5899 novo,
2081 5851 2179 5905 pro
2209 5834 2375 5890 nihilo
2404 5832 2721 5903 deputatum
2747 5842 2830 5889 est
2859 5832 3181 5888 sacriﬁcium
3213 5849 3304 5890 vc-

1747 5937 1851 5981 tus.
1890 5927 2011 5982 Sola
2053 5928 2195 5981 enim
2239 5927 2376 5981 bona
2413 5924 2658 5979 voluntas
2703 5940 2824 5980 cum
2878 5925 2978 5981 ﬁde
3021 5925 3305 5996 purissnna
