3898 6454
625 510 729 565 725

1108 511 1462 568 HAYMONIS
1499 511 1975 569 HALBERSTAT.
2017 514 2232 571 EPISC.
2271 516 2420 573 OPP.
2461 518 2641 574 PARS
2675 517 2810 573 l.--
2845 516 3207 577 COMMENT.
3245 521 3416 577 BIBL.
3777 527 3845 581 7'3l

622 620 835 677 liberat.
880 620 1097 677 Postest
1120 620 1223 677 hoc
1258 632 1313 678 et
1357 623 1422 679 de
1462 623 1549 680 his
1591 625 1767 696 accipi
1799 626 1910 696 qui,
1949 642 2071 682 cum
2104 626 2201 683 Dei
2228 636 2279 697 Α
2380 649 2399 682 ι
2429 630 2733 699 Lavamini,
2782 633 2965 689 mundi
3010 643 3202 691 estote.
3238 653 3258 687 ι
3290 634 3371 691 Ac
3419 634 3471 691 si
3520 635 3724 695 diceret
3759 640 3839 697 alii:

622 719 893 783 praecepta
942 726 1049 766 non
1090 712 1310 779 faciant,
1355 712 1542 769 volunt
1584 713 1733 770 illum
1768 712 1986 787 placare
2029 719 2199 775 variis

625 800 783 859 donis
812 813 972 875 atque
1000 805 1331 872 muneribus,
1358 823 1477 878 quae
1498 808 1565 863 de
1599 809 1786 878 rapina
1810 809 2195 881 acquisierunt.

698 916 718 948 ι
764 895 897 952 Cum
939 898 1199 954 veniretis
1252 908 1379 955 ante
1428 911 1776 970 conspectum
1817 918 2017 969 meum,
2078 903 2199 973 quis

624 989 870 1058 quaesivit
897 990 1011 1046 haec
1051 991 1116 1046 de
1143 992 1392 1047 manibus
1420 995 1636 1058 vestris,
1674 1004 1733 1048 ut
1762 994 2112 1051 ambularetis
2142 996 2197 1050 in

622 1078 776 1133 atriis
814 1079 983 1133 meis?
1028 1098 1046 1132 ι
1079 1079 1296 1136 Hostias
1341 1090 1394 1136 et
1433 1083 1703 1137 sacrificia
1740 1081 2047 1137 Judmorutn
2088 1100 2196 1139 non

620 1167 869 1237 quaesivit
904 1168 1110 1224 idcirco
1144 1172 1486 1240 omnipotens
1525 1172 1686 1236 Deus,
1722 1182 1783 1226 ut
1830 1173 1946 1243 ipse
1985 1173 2089 1227 illis
2116 1174 2196 1228 in-

619 1259 849 1331 digeret,
894 1261 990 1317 sed
1029 1277 1098 1317 ne
1136 1262 1296 1317 idolis
1337 1263 1697 1327 immolarent,
1738 1274 1793 1317 et
1830 1274 1891 1318 ut
1928 1279 2029 1333 per
2071 1280 2194 1320 ear-

618 1352 770 1407 nales
798 1354 1111 1424 typieasque
1139 1353 1457 1417 medicinas,
1490 1354 1555 1407 ad
1586 1353 1867 1424 spirituale
1900 1369 2196 1427 verumque

617 1430 949 1497 sacrificium
986 1442 1201 1497 facilius
1230 1444 1591 1513 pervenirent.

630 1537 635 1541 ‘
695 1549 715 1582 ι
745 1529 825 1587 Ne
854 1530 1095 1587 offeratis
1122 1533 1260 1587 ultra
1305 1531 1627 1587 sacrificium
1651 1530 1871 1589 frustra.
1910 1534 2192 1589 lncensum

620 1621 954 1676 abominatio
979 1631 1062 1677 est
1093 1622 1247 1686 mihi,
1286 1642 1304 1674 ι
1342 1623 1391 1676 id
1418 1631 1518 1687 est,
1553 1622 1795 1679 detestor
1816 1632 1868 1677 et
1898 1638 1998 1693 pro
2023 1622 2194 1679 nihilo

617 1710 818 1781 deputo
849 1712 979 1768 illud
1013 1728 1027 1768 :
1059 1714 1183 1783 quia
1209 1729 1314 1767 non
1349 1711 1408 1767 fit
1429 1714 1623 1769 munda
1651 1715 1964 1768 intentione.
2002 1732 2023 1765 ι
2049 1714 2191 1770 Neo—

596 1805 877 1870 _meniam,
924 1815 978 1861 et
1022 1808 1328 1873 sabbatum,
1376 1816 1430 1864 et
1463 1808 1785 1864 festivitates
1817 1809 1953 1864 alias
1983 1806 2086 1864 non
2116 1807 2198 1869 fe,

614 1909 761 1962 ram,
805 1915 823 1949 ι
867 1895 920 1951 id
951 1904 1054 1964 est,
1097 1913 1204 1953 non
1250 1897 1526 1954 sustinebo
1572 1900 1641 1953 ad
1690 1900 1791 1954 hoc
1839 1908 1896 1954 ut
1944 1899 2192 1970 placeant

2300 721 2526 777 verbis:
2574 720 2680 777 Pro
2723 723 2974 779 omnibus
3017 739 3137 794 qua:
3179 725 3434 795 superius
3463 740 3835 785 commemorata

2298 819 2442 877 sunt,
2466 827 2587 882 qua:
2623 812 2731 868 dixi
2756 813 2882 868 odio
2915 829 3003 871 me
3029 815 3257 882 habere,
3286 815 3587 889 Evangelii
3615 818 3834 888 placetis

2297 901 2443 973 ligio,
2475 910 2535 957 ut
2554 903 2898 975 baptizemini
2927 904 2982 960 in
3021 906 3240 961 nomine
3262 906 3321 961 S.
3347 905 3666 963 Trinitatis.
3686 909 3831 965 ldeim

2296 990 2551 1047 lavamini
2583 994 2845 1064 sanguine
2870 1009 3015 1060 meo,
3038 1003 3094 1049 et
3128 1010 3268 1067 aqua
3304 996 3680 1068 baptismatis.
3707 997 3826 1056 tim

2297 1090 2489 1147 estote,
2518 1092 2640 1152 post
2686 1083 2937 1154 baptismi
2972 1084 3200 1155 gratiam
3230 1096 3526 1141 manentes
3557 1088 3613 1141 in
3639 1088 3822 1144 innim-

2299 1171 2372 1227 tia
2399 1172 2544 1226 vitae.
2565 1170 2663 1227 Vel
2685 1174 2850 1226 etiam
2881 1172 3136 1228 lavamini
3161 1189 3261 1245 per
3276 1175 3686 1244 penitentiam,
3706 1189 3748 1232 et
3762 1194 3822 1249 pr

2298 1260 2562 1331 lacryinas
2605 1264 3060 1332 compunctionis.
3105 1263 3289 1320 Mundi
3334 1274 3547 1332 estote,
3599 1270 3814 1324 neitcru

2296 1351 2648 1425 inquinemini
2681 1354 2887 1423 uendo
2910 1354 2963 1408 in
2993 1354 3244 1425 laqueum
3272 1371 3620 1427 caenumque
3642 1371 3813 1428 peccato»

2294 1456 2433 1495 rum.
2465 1459 2485 1493 ο
2519 1440 2671 1496 Beati
2698 1442 2841 1496 enim
2868 1443 3066 1498 mundo
3087 1444 3271 1510 corde,
3298 1445 3574 1514 quoniam
3600 1448 3686 1517 ipsi
3704 1450 3805 1503 lle-

2294 1530 2548 1586 videbunt
2571 1531 2785 1604 (Matth.
2804 1532 2879 1605 v).
2904 1552 2922 1585 ι
2945 1533 3080 1595 Huic
3101 1537 3389 1592 sententiae
3400 1539 3695 1594 concordat
3712 1541 3801 1597 illi.

2294 1620 2437 1691 quod
2455 1619 2715 1681 Dominus
2738 1623 2872 1679 dicit
2894 1624 3185 1697 Evangelia
3208 1628 3436 1684 cuidam
3462 1633 3800 1688 sanatoniia!

2293 1726 2456 1767 sanus
2481 1712 2655 1768 factus
2679 1729 2757 1779 es,
2780 1714 2893 1784 jam
2913 1716 3021 1770 noli
3047 1730 3293 1787 peccare.
3325 1740 3346 1771 ι
3378 1736 3405 1770 σ
3436 1719 3792 1776 Αιιΐαηοώ

2293 1802 2680 1871 cogitationum
2705 1812 3012 1860 vestrarum
3039 1806 3106 1862 ab
3124 1807 3299 1863 oculis
3313 1810 3488 1865 meis.
3515 1832 3535 1864 ι
3553 1810 3791 1883 Pw

2292 1900 2352 1948 ut
2376 1893 2686 1959 lavarentur
2720 1903 3015 1968 essentque
3036 1899 3242 1964 mundi,
3270 1914 3433 1955 nunc
3460 1901 3787 1972 deestqui-

612 1988 769 2047 milii.
801 1991 915 2047 Neo
949 2008 1170 2057 novum,
1192 2006 1388 2047 menne
1422 1991 1617 2046 dicitur
1647 1990 1795 2049 luna.
1823 1991 1952 2047 inde
1973 2006 2193 2062 compo-
2221 1983 2267 2043 B
2295 1984 2512 2038 modum
2539 1984 2611 2045 sit
2634 1984 2739 2039 illis
2757 1987 3022 2057 agendum
3054 1988 3240 2047 dicens
3265 2006 3284 2046 :.
3309 1989 3554 2046 Auferte
3576 1992 3783 2047 malunt»

612 2081 763 2137 nitur
809 2083 913 2137 hoc
967 2096 1185 2146 nomen,
1228 2090 1287 2136 ut
1328 2082 1541 2136 dicatur
1587 2079 1879 2136 Neomenia
1924 2079 2193 2140 festivitas

613 2189 768 2229 nova:
805 2173 964 2239 lunae,
992 2188 1153 2243 quam
1190 2173 1466 2227 celebrant
1491 2170 1659 2228 ιιιὼεί
1701 2173 1867 2228 initiis
1901 2173 2188 2227 mensium.

688 2282 707 2315 ι
742 2263 914 2334 Iniqui
954 2273 1081 2320 sunt
1124 2274 1300 2320 cactus
1332 2265 1515 2328 vestri,
1566 2264 1817 2321 calendas
1861 2276 2080 2320 vestras
2138 2271 2192 2321 et

611 2355 965 2413 solennitates
1005 2363 1218 2411 vestras
1245 2355 1415 2411 odivit
1457 2356 1638 2412 anima
1670 2371 1811 2410 mea.
1856 2355 2021 2411 Facta
2064 2362 2191 2411 sunt

616 2449 750 2504 mibi
801 2448 1052 2505 molesta.
1092 2467 1111 2501 ι
1144 2448 1475 2504 Subauditur
1515 2449 1696 2503 omnia
1731 2450 1834 2504 ista
1880 2465 2001 2519 quae
2038 2462 2189 2503 com-

606 2524 945 2594 memoravit.
971 2537 1338 2603 Festivitales,
1389 2537 1586 2606 inquit,
1624 2545 1848 2600 vestras,
1883 2553 1989 2591 non
2018 2552 2187 2599 meas,

613 2630 782 2683 odivit
806 2630 986 2684 anima
1009 2645 1152 2695 mea,
1193 2629 1321 2698 quia
1356 2628 1497 2683 male
1523 2627 1805 2683 abutimini
1845 2627 1944 2682 eis.
1971 2627 2085 2682 Non
2128 2636 2189 2682 ut

614 2718 756 2775 Deus
787 2719 1022 2774 animam
1048 2719 1269 2785 habeat,
1295 2720 1389 2775 sed
1416 2727 1602 2774 nostro
1629 2718 1868 2789 loquitur
1896 2716 2113 2784 aﬂ‘ectu,
2136 2727 2191 2774 et

606 2826 780 2866 more.
812 2811 881 2866 Et
904 2811 1010 2867 tale
1034 2820 1136 2878 est,
1168 2828 1233 2867 ac
1262 2812 1307 2867 si
1332 2812 1576 2868 diceret:
1605 2810 1791 2868 Coetus
1814 2811 1979 2867 vestri
2017 2820 2073 2868 et
2099 2826 2189 2867 so-

607 2901 921 2958 lemnitates
949 2911 1146 2958 vestra:
1192 2919 1302 2959 non
1328 2903 1651 2974 placuerunt
1678 2904 1832 2971 mihi,
1860 2918 2037 2975 neque
2084 2904 2193 2962 ista

607 3008 729 3064 qua:
752 2995 1195 3060 commemoravi,
1224 2995 1317 3050 sed
1358 2995 1538 3066 potius
1583 2994 1722 3049 facta
1749 3003 1875 3053 sunt
1905 2995 2037 3049 mihi
2072 2979 2201 3050 meo.

607 3086 747 3142 lesta
780 3086 1075 3156 :quoniam
1113 3086 1297 3158 iniqua
1327 3096 1509 3142 mente
1546 3086 1771 3158 impleta
1797 3096 1926 3143 sunt
1950 3103 1981 3142 a
2009 3088 2182 3145 vobis.

613 3196 633 3229 ι
663 3177 927 3233 Laboravi
950 3178 1242 3244 sustinens,
1283 3196 1303 3231 ι
1340 3178 1394 3234 id
1432 3186 1540 3244 est,
1565 3178 1815 3236 laborare
1846 3195 1934 3235 me
1955 3178 2185 3248 fecistis,

606 3269 979 3339 exspectando
1006 3269 1412 3330 conversionem
1444 3279 1500 3327 et
1519 3271 1893 3341 paenitentiam
1921 3280 2181 3328 vestram.

2294 2074 2619 2145 gitationum
2649 2084 2977 2141 vestrarum,
3000 2091 3037 2132 θ
3061 2080 3350 2147 praesentia
3379 2096 3541 2145 mea,
3567 2092 3620 2137 ut
3646 2082 3680 2137 si
3704 2086 3778 2151 nagi-

2295 2164 2426 2221 tatis
2448 2164 2654 2236 aliquid
2690 2165 2842 2231 mali,
2872 2181 2981 2221 non
3021 2168 3341 2237 perﬁciatis,
3368 2170 3764 2242 ipsamqlcctg'u

2295 2256 2495 2314 tionem
2519 2271 2744 2326 pravam
2767 2256 3010 2321 funditus
3036 2272 3067 2311 a
3092 2260 3352 2316 cordibus
3376 2263 3770 2323 vestr-iam

2293 2354 2349 2405 et
2386 2346 2677 2410 destruite.

2369 2454 2388 2487 σ
2423 2435 2696 2504 Quiescite
2737 2452 2900 2510 agere
2927 2453 3199 2515 perverse,
3250 2440 3749 2499 discitebcnmi

2290 2524 2407 2582 Hoc
2426 2535 2530 2593 est,
2560 2529 2703 2598 quod
2722 2529 3010 2585 Psalmista
3035 2530 3226 2587 eodem
3250 2546 3452 2600 sensu,
3477 2543 3532 2589 et
3557 2531 3761 2589 unﬁt-

2290 2620 2472 2676 verbis
2508 2622 2825 2693 przecipitzi
2857 2622 3409 2694 Declina,inquiens,
3446 2643 3477 2682 a
3515 2624 3763 2693 malo,etbe

2290 2711 2491 2765 bonum
2506 2711 2734 2784 (halm.
2756 2713 2929 2787 xxxi].
2943 2735 2961 2767 ι
2987 2715 3381 2787 Competenter
3392 2734 3522 2791 ergo
3533 2718 3767 2783 diducis-

2291 2801 2398 2861 cite
2412 2801 2748 2868 bent-facere,
2772 2808 2900 2875 quia
2919 2805 3093 2861 virtus
3106 2807 3247 2863 bona
3270 2809 3530 2866 discenda
3549 2809 3765 2865 cantilat

2290 2902 2394 2950 est.
2446 2894 2557 2951 Nec
2603 2896 2797 2953 sullicit
2838 2907 3048 2957 tantum
3072 2909 3273 2963 natura
3294 2902 3447 2961 bona
3475 2904 3537 2958 ad
3569 2902 3764 2974 institisti.

2291 2985 2399 3040 nisi
2436 2987 2559 3057 quis
2597 2989 2884 3044 erudiatur
2923 2992 3180 3061 congruis
3220 2991 3538 3063 disciplinis.
3566 2976 3766 3059 ιὐιυίιθ

2284 3076 2569 3147 judicium.
2595 3102 2613 3133 ι
2649 3080 2694 3136 Α
2716 3083 2911 3152 quibus
2942 3086 3295 3154 qnmrendum
3322 3096 3411 3142 est
3429 3085 3764 3157 judiciumlﬂti-

2289 3185 2395 3241 que
2440 3187 2470 3226 a
2498 3174 2853 3243 sapientibus,
2885 3174 3011 3243 quia
3043 3190 3151 3231 non
3189 3178 3436 3235 omnium
3476 3187 3545 3239 est
3566 3177 3763 3247 indit-art.

2289 3277 2467 3333 neque
2513 3264 2797 3319 consilium
2847 3264 3065 3321 salubre
3117 3267 3275 3323 dare.
3330 3267 3764 3325 Etrcmnmnisi

606 3390 613 3399 ι
679 3380 698 3413 ι
731 3361 800 3417 Et
837 3377 959 3418 cum
1004 3361 1356 3418 extenderitis
1400 3378 1593 3417 manus
1639 3372 1883 3429 vestras,
1938 3373 2182 3419 avertam

2290 3354 2633 3423 sapientium.
2668 3371 2686 3403 ι
2716 3354 3011 3410 Subvenite
3028 3370 3340 3426 oppressso,
3360 3379 3379 3411 ι
3391 3359 3531 3421 idest,
3548 3355 3603 3410 de
3617 3369 3747 3409 manu

611 3454 803 3510 oculos
850 3467 1001 3508 meos
1038 3468 1069 3507 a
1116 3452 1289 3509 vobis.
1341 3472 1360 3506 ι
1402 3453 1555 3511 Oculi
1593 3455 1807 3510 Domini
1874 3454 2186 3523 signiﬁcant

603 3557 908 3617 respectum
957 3546 1348 3605 misericordiae
1399 3545 1535 3615 ejus,
1583 3545 1781 3616 quibus
1832 3547 2004 3603 oculis
2050 3546 2186 3609 vidit

600 3636 858 3706 populum
884 3633 1238 3691 lsraeliticum
1280 3636 1333 3692 in
1376 3634 1634 3707 Egypto,
1672 3636 1900 3717 ideoque
1929 3636 2195 3701 misertus

602 3735 687 3781 est
712 3726 847 3795 ejus.
886 3726 1039 3783 Unde
1062 3737 1118 3783 et
1151 3727 1331 3786 dixit:
1375 3748 1393 3780 ι
1445 3727 1643 3783 Videas
1688 3729 1795 3783 vidi
1836 3726 2186 3787 alllietioucm

601 3817 781 3890 populi
822 3817 947 3884 mei,
974 3827 1030 3873 et
1059 3818 1319 3888 gemitum
1346 3818 1462 3887 ejus
1482 3817 1681 3883 audivi,
1706 3827 1761 3873 et
1781 3819 2030 3874 descendi
2053 3818 2187 3876 libe-

600 3922 862 3963 rareeum
895 3928 914 3961 ι
944 3907 1139 3980 (Exod.
1168 3908 1273 3980 ιιι).
1303 3908 1523 3973 Videtis,
1558 3907 1749 3977 inquit,
1783 3908 2044 3965 vidi:hoc
2075 3918 2217 3975 est,-

599 3998 709 4053 vidi
738 4006 793 4053 et
816 3999 1069 4052 misertus
1103 4011 1245 4051 sum.
1284 3996 1417 4052 Cum
1441 4010 1570 4067 ergo
1609 3998 1963 4059 extenderitis
1992 4014 2184 4059 manus

600 4098 813 4143 vestras
843 4087 911 4142 ad
957 4102 1067 4151 me,
1109 4093 1350 4165 tempore
1378 4087 1757 4153 tribulationis,
1789 4098 1847 4143 ut
1883 4104 1978 4145 vos
2018 4105 2186 4149 exau-

605 4179 748 4233 diam
770 4187 824 4231 et
842 4175 1089 4244 liberem,
1117 4186 1358 4234 avertam
1385 4178 1571 4233 oculos
1589 4192 1739 4234 meos
1758 4194 1787 4232 a
1808 4180 1980 4243 vobis,
2009 4180 2183 4247 idest,

567 4264 577 4275 “
609 4279 914 4342 respectum
952 4270 1334 4327 misericordiae
1363 4285 1494 4326 mea:
1529 4271 1771 4326 auferam
1801 4289 1832 4327 a
1853 4273 2027 4329 vobis.
2064 4292 2083 4326 ι
2122 4273 2187 4329 Et

611 4377 732 4416 cum
750 4362 1233 4433 multiplicaveritis
1243 4362 1566 4427 orationem,
1586 4379 1689 4417 non
1710 4365 2013 4420 exaudiam.
2028 4365 2188 4421 i'l‘ale

616 4454 756 4526 quod
774 4456 838 4511 ad
852 4454 1140 4511 Jeremiam
1154 4454 1219 4513 de
1234 4457 1420 4512 eodem
1434 4456 1632 4529 populo
1643 4456 1773 4513 dicit
1793 4474 1807 4514 :
1833 4457 1912 4512 'l‘u
1930 4473 2060 4529 ergo
2078 4460 2186 4517 noli

600 4565 757 4604 orare
772 4563 871 4619 pro
885 4548 982 4612 eis,
999 4549 1125 4618 quia
1139 4565 1244 4603 non
1258 4550 1540 4604 exaudiam
1555 4558 1626 4604 te.
1645 4548 1950 4620 Redditque
1965 4566 2185 4606 causam

603 4656 771 4710 quare
795 4649 1001 4696 avertat
1017 4641 1200 4696 oculos
1225 4658 1371 4697 suos.
1401 4662 1418 4693 ι
1440 4640 1630 4696 Manus
1659 4641 1805 4696 enim
1828 4650 2022 4697 vestrae
2055 4657 2181 4696 san-

604 4731 819 4802 guine,»
842 4730 1156 4785 subauditur
1168 4732 1551 4802 prophetarum
1573 4739 1626 4785 et
1642 4728 1962 4799 juslorum,¢
1983 4730 2171 4801 plenae,

602 4829 748 4878 sunt.
762 4819 954 4877 ιιιυὰςεὶ
970 4821 1233 4891 siquidem
1249 4821 1529 4877 homicidae
1541 4835 1754 4892 semper
1768 4819 1986 4875 fuerunt
2002 4822 2175 4891 parati

600 4911 668 4966 ad
691 4908 1016 4966 fundendum
1041 4912 1352 4982 sanguinem
1369 4909 1666 4981 justorum,
1684 4912 1904 4982 insuper
1923 4920 1977 4967 et
2008 4912 2176 4981 ipsius

600 5003 815 5058 Domini
843 5003 909 5059 ad
939 5018 999 5061 se
1036 5004 1207 5058 missi.
1242 5004 1392 5060 l'nde
1420 5002 1673 5060 Salvator
1708 5005 2040 5076 improperat
2070 5002 2176 5058 illis

602 5095 819 5151 dicens:
859 5113 877 5146 ι
913 5095 979 5151 Ει
1004 5111 1101 5151 vos
1130 5094 1348 5165 implete
1375 5111 1681 5151 mensuram
1721 5092 1931 5166 patrtim
1970 5102 2176 5151 vestro-

600 5204 722 5243 rum
750 5188 963 5261 (Matth.
988 5189 1168 5262 mn).
1190 5204 1208 5240 δ
1244 5189 1399 5255 Quod
1423 5189 1880 5259 estdicere,quod
1897 5188 1973 5243 illi
1996 5189 2174 5244 minus

596 5281 864 5347 fecerunt,
889 5295 983 5336 vos
1011 5280 1276 5352 supplete.
1315 5279 1393 5334 llli
1424 5279 1813 5338 interfecerunt
1842 5295 2052 5344 servos,
2075 5294 2172 5334 vos

597 5371 885 5427 interﬁcite
896 5370 1201 5427 Dominum.
1220 5370 1496 5427 Moraliter
1515 5381 1694 5427 autem
1718 5388 1815 5443 per
1834 5387 2026 5427 manus
2037 5372 2177 5427 acci—

596 5461 744 5532 pitur
767 5464 1030 5534 operatio,
1055 5480 1156 5535 per
1183 5464 1504 5533 sanguinem
1530 5478 1659 5519 vero
1686 5472 1988 5535 peccatum.
2023 5463 2175 5520 Unde

598 5553 887 5611 Psalmista
904 5573 918 5610 :
936 5555 1131 5612 Libera
1155 5549 1261 5624 me,
1280 5556 1472 5627 inquit,
1498 5555 1564 5611 de
1587 5555 1959 5628 sanguinibus,
1990 5556 2041 5613 id
2066 5565 2169 5622 est,

601 5646 670 5701 de
692 5647 951 5717 peccatis.
991 5647 1115 5703 Ideo
1140 5663 1268 5721 ergo
1296 5665 1402 5706 non
1430 5647 1717 5704 exaudiam
1746 5663 1862 5717 vos,
1892 5650 2017 5721 quia
2038 5665 2169 5721 ope-

600 5739 740 5794 ratio
763 5755 1019 5796 manuum
1041 5750 1343 5798 vestrarum
1365 5742 1523 5813 plena
1549 5750 1633 5798 est
1654 5742 1888 5813 peccatis
1907 5748 1963 5798 ct
1985 5743 2172 5814 impie-

601 5838 731 5894 tate,
756 5830 1047 5888 homicidio
1079 5833 1299 5899 scilicet,
1335 5833 1617 5899 adulterio,
1653 5832 2033 5901 fornicatione,
2064 5850 2168 5891 cxc-

601 5920 839 5993 tet'isque
866 5923 1027 5980 vitiis.

2208 4689 2261 4748 D

2286 3442 2558 3512 potentis,
2603 3442 2918 3498 violentiam
2977 3447 3207 3516 pauperi
3265 3447 3535 3511 inierentis.
3579 3444 3763 3505 “benis

2288 3548 2436 3589 eum.
2475 3551 2494 3584 ι
2527 3532 2775 3590 ludicate
2828 3535 3062 3605 pupillo,
3103 3557 3122 3588 ι
3150 3537 3257 3593 hoc
3275 3547 3382 3603 est,
3416 3539 3466 3593 in
3675 3534 3762 3589 sab-

2285 3626 2467 3687 venite
2496 3625 2593 3692 illi,
2632 3643 2653 3677 ι
2682 3636 2751 3680 et‘
2766 3626 3036 3689 defendite
3078 3628 3297 3686 viduam
3334 3651 3355 3683 ι
3388 3632 3454 3688 de
3487 3645 3621 3686 manu
3640 3627 3753 3683 iuni»

2287 3716 2364 3772 ris
2387 3716 2524 3786 ejus.

2363 3826 2382 3859 ι
2415 3808 2481 3862 Et
2508 3810 2690 3865 venite
2731 3818 2789 3865 et
2815 3811 3026 3879 arguite
3053 3827 3160 3877 me,
3193 3813 3322 3869 dicit
3343 3814 3612 3871 Dominus.
3644 3810 3758 3865 ifn

2288 3901 2404 3955 haec
2429 3900 2636 3966 omnia,
2665 3900 2865 3970 inquit,
2894 3900 3157 3966 feceritis,
3182 3904 3385 3975 arguite
3427 3920 3539 3970 me,
3561 3905 3604 3959 id
3621 3911 3693 3965 est,
3710 3901 3758 3953 il'

2286 4001 2506 4061 crepate
2535 4008 2644 4059 me,
2690 4003 2745 4047 et
2767 3992 2971 4062 judicio
3018 3997 3330 4059 contendite
3378 4013 3605 4062 mecum,
3640 3996 3675 4051 si
3703 4007 3761 4046 In

2289 4083 2578 4142 reddidero.
2604 4083 2760 4139 vobis
2800 4086 3047 4154 praemia,
3088 4100 3210 4157 qua:
3249 4088 3524 4159 pollicitus
3566 4080 3759 4144 επιειΑὲ

2286 4171 2491 4227 fuerint
2528 4183 2751 4244 peccata
2783 4183 2961 4229 vestra
2989 4186 3049 4230 ut
3076 4179 3384 4244 coccinum,
3422 4180 3572 4250 quasi
3596 4172 3760 4233 uitaui

2286 4262 2575 4319 babuntur.
2605 4265 2670 4318 Et
2692 4265 2738 4319 si
2762 4264 2965 4321 fuerint
2986 4269 3147 4324 rubra
3171 4271 3326 4339 quasi
3350 4263 3761 4332 vermiculout!!!

2286 4355 2412 4418 lana
2444 4356 2564 4411 alba
2600 4368 2778 4413 erunt.
2818 4378 2836 4410 ι
2872 4359 3017 4422 idem
3064 4369 3147 4416 est
3175 4364 3463 4419 coccinum
3508 4364 3760 4419 sivecocm

2287 4447 2431 4516 quod
2462 4456 2517 4502 et
2565 4450 2915 4507 vermiculus.
2961 4451 3192 4522 Ideoque
3226 4438 3372 4523 quod
3417 4456 3763 4525 intelligitur?

2286 4540 2592 4605 coccinum,
2640 4543 2743 4596 hoc
2792 4550 2848 4598 et
2873 4556 2973 4619 per
3009 4544 3389 4613 vermiculum,
3438 4560 3609 4619 grave,
3643 4540 3763 4598 sdﬁw

2287 4638 2593 4705 peccatum,
2623 4639 2679 4685 ut
2720 4640 2804 4687 est
2838 4634 3212 4701 homicidium,
3254 4636 3603 4701 adulterium,
3627 4635 3761 4689 iam

2286 4731 2590 4791 ceteraque
2633 4722 2781 4780 talia.
2834 4723 2901 4779 Et
2948 4725 3092 4794 quod
3136 4725 3487 4798 significatur
3522 4740 3610 4798 per
3643 4724 3764 4778 nim.
3846 4786 3847 4793 γ

2284 4815 2389 4869 hoc
2439 4829 2537 4884 per
2585 4813 2785 4879 lanam,
2829 4816 3077 4888 purgatio
3125 4817 3335 4875 scilicet
3396 4821 3709 4876 delictorum.
3739 4820 3767 4861 ει

2282 4904 2486 4961 ablatio
2515 4905 2803 4962 scelerum.
2831 4905 2909 4971 Si,
2937 4907 3139 4977 inquit,
3174 4908 3534 4977 feceritis‘ca
3568 4922 3667 4981 qua:
3691 4914 3768 4974 pl?

2281 4996 2424 5066 cipio
2450 4996 2625 5062 vobis,
2654 5004 2712 5051 ut
2746 4997 3013 5053 recedatis
3049 5014 3080 5052 a
3111 4999 3255 5061 malo
3292 5009 3350 5056 et
3394 5002 3608 5057 faciatis
3630 5001 3771 5053 hom

2281 5087 2614 5142 subveniatis
2651 5087 2853 5158 pupillo
2882 5098 2937 5143 et
2971 5087 3274 5146 defendatis
3307 5091 3555 5156 viduam,
3580 5094 3775 5154 turpet.

2281 5190 2404 5233 cata
2450 5186 2630 5234 vestra
2672 5179 2933 5234 immania
2978 5189 3034 5237 et
3066 5194 3233 5251 Opera
3282 5182 3679 5242 maestissima.
3704 5184 3775 5242 Ρ

2278 5269 2431 5343 prius
2473 5269 2768 5339 sanguinea
2801 5277 2956 5324 erant
2989 5275 3049 5323 ut
3075 5270 3378 5337 coccinum,
3413 5282 3473 5329 et
3502 5273 3652 5327 rubra
3680 5258 3776 5335 quasi
3844 5308 3845 5315 η

2280 5362 2627 5427 vermiculus,
2652 5377 2749 5432 per
2777 5361 3155 5432 paenitentiam
3188 5371 3246 5426 et
3268 5364 3713 5437 cumpunctionm
3732 5354 3779 5405 1³-
3844 5354 3845 5387 ‘

2279 5470 2588 5527 crymarum
2613 5454 3029 5518 dealbabuntur.
3056 5463 3114 5511 et
3141 5463 3302 5512 erunt
3322 5457 3561 5512 candida
3586 5443 3776 5509 velulliix

2280 5558 2336 5603 et
2360 5548 2501 5602 lana.

2350 5669 2368 5701 ι
2405 5647 2463 5703 Si
2502 5647 2780 5704 volueritis
2813 5667 2830 5700 ι
2868 5648 3148 5705 ambulare
3185 5650 3240 5707 in
3278 5650 3570 5722 ιιι-ποθι)ιῆ
3596 5645 3724 5707 meis.
3747 5645 3780 5691 ⁸⁸

2279 5762 2296 5792 ι
2334 5741 2378 5796 si
2421 5739 2774 5795 obaudieritis
2816 5740 2995 5796 verbis
3024 5742 3162 5798 meis
3206 5760 3219 5796 :
3258 5744 3398 5799 bona
3442 5740 3642 5818 [istius]
3678 5744 3784 5791 tem
3842 5794 3843 5811 η

2273 5833 2585 5889 comedetis.
2621 5852 2638 5883 ι
2658 5832 2770 5893 vel.
2801 5832 2942 5901 quod
2967 5833 3141 5905 majus
3170 5844 3273 5901 est,
3288 5837 3431 5892 bima
3458 5847 3619 5891 terra:
3640 5824 3785 5897 ὀρφί-

2273 5928 2373 5983 bus
2414 5925 2653 5997 psalmus
2699 5925 2827 5981 dicit
2855 5942 2867 5981 :
2900 5942 2919 5979 ι
2945 5926 3120 5985 Credo
3143 5928 3326 5985 videre
3358 5929 3503 5985 bona
3528 5922 3735 5985 Domini,
3755 5916 3787 5970 in
