3898 6460
65 510 146 562 7-35
1097 496 1450 556 COMMENT.
1492 495 1557 550 ιχ
1599 495 1604 548 1

1751 492 1852 549 \M.
1896 526 1963 534 —
1980 494 1983 495 ⁷
2000 492 2128 549 LIB.
2170 494 2214 548 1.
3187 487 3290 543 ’ἵέϐ

66 638 192 679 ,crra
221 617 517 680 viventium
538 614 765 691 (Psalm.
790 630 884 680 xx,
916 611 1108 667 Matth.
1141 613 1218 687 v).
1256 633 1273 665 ι
1314 611 1381 666 Et
1417 611 1482 665 de
1507 623 1611 680 qua
1643 612 1689 672 Α
1717 618 1846 691 tur:
1892 625 2011 681 quae
2063 617 2117 665 et
2156 609 2347 681 rubigo
2401 612 2579 677 potest
2634 603 2949 676 nuncupari.
2993 604 3290 674 Argentum

74 731 106 768 n
133 705 418 781 Evangelio
431 706 677 770 Veritas:
696 727 714 758 ‹
744 705 915 770 Beati,
940 702 1136 774 inqu’t,
1163 703 1339 768 mites,
1361 702 1616 774 quoniam
1720 707 1889 764 tuum,
1920 697 1971 752 id
2004 705 2087 753 est
2114 739 2129 762 ,
2160 698 2373 767 eloquia
2414 697 2716 752 divinarum
2746 694 3178 766 Scripturarum,
3224 693 3292 749 de

66 803 153 875 ipsi
184 799 535 875 possidebunt
556 810 779 859 terram.
819 817 837 849 ι
868 796 1004 851 Cum
1042 796 1224 851 omnia
1258 796 1525 851 elementa
1561 794 1616 848 in
1715 788 1910 859 quibus
1934 788 2063 844 dicit
2095 786 2380 842 Psalmista
2414 804 2427 841 :
2463 807 2481 839 ι
2508 787 2733 857 Eloquia
2768 784 2979 841 Domini
3001 792 3287 856 argentum

65 903 200 948 motu
222 892 360 958 sint,
393 900 535 945 terra
563 889 676 945 sola
704 886 995 943 inmobilis
1017 894 1321 958 permanet,
1343 893 1398 939 et
1423 883 1613 939 solida.
1716 880 1838 950 igne
1857 879 2224 935 examinatum
2240 876 2412 949 (Psal.
2432 878 2563 947 xvii)
2584 919 2597 941 ,
2626 899 2643 930 ι
2666 893 2818 932 versa
2845 875 3035 934 suntin
3059 877 3197 932 scori
3236 892 3289 933 m

65 983 280 1055 [deoque
314 996 419 1036 non
445 979 717 1043 immerito
759 994 859 1050 per
878 992 998 1034 eam
1023 976 1346 1047 intelligitur
1375 975 1618 1031 soliditas
1716 974 1830 1049 sive
1862 973 1914 1027 in
1945 972 2130 1027 sordes
2157 990 2169 1025 :
2198 971 2249 1027 in
2277 987 2498 1041 pravam
2539 970 2809 1029 videlicet;
2827 969 3126 1025 doctrinam
3159 969 3293 1025 scri-

65 1052 265 1130 eternm
294 1072 664 1137 beatitudinis.
1715 1064 1906 1119 harum
1929 1062 2405 1117 etPliaris'rorum.
2426 1063 2596 1119 Aliter
2622 1085 2632 1115 :
2661 1077 2757 1132 per
2783 1052 3064 1135 argentum
3093 1061 3292 1117 intelli-

127 1182 146 1216 ι
187 1164 337 1231 Quod
372 1164 425 1231 _si
465 1161 781 1227 nolueritis“
826 1182 845 1214 ι
880 1160 1202 1216 subauditur
1246 1158 1522 1215 ambulare
1563 1158 1618 1213 in
1715 1162 1915 1225 gtlntur
1941 1153 2044 1207 viri
2072 1152 2326 1223 religiosi,
2355 1152 2609 1222 omnique
2635 1148 2757 1207 vita‘
2780 1152 2943 1209 lucidi
2970 1159 3025 1206 et
3048 1151 3318 1222 probati;‘

65 1256 333 1328 praeceptis
374 1256 542 1322 meis;
580 1274 602 1309 ι
640 1264 696 1310 et
736 1269 821 1310 me
853 1252 1277 1324 provocaveritis
1306 1252 1371 1306 ad
1406 1236 1621 1328 iracun-§
1718 1262 1814 1316 per
1835 1244 2061 1300 scoriam
2082 1252 2554 1314 veropeccatores,
2579 1242 3090 1313 sorditatirubigine
3106 1259 3296 1314 pecea-

65 1324 748 1421 Jiatn,vgladius.devorabit
772 1361 889 1411 vos,
906 1344 1035 1415 quia
1061 1360 1124 1400 os
1147 1343 1357 1435 meiui
1379 1324 1616 1399 locutum
1719 1345 1915 1391 torum.
1942 1335 2007 1389 Et
2036 1344 2117 1393 est
2153 1351 2373 1390 sensus:
2405 1335 2575 1394 sancti
2604 1334 2723 1397 viri,
2747 1335 2837 1404 qui
2869 1335 3017 1404 prius
3042 1332 3216 1390 lucide
3241 1344 3296 1388 et

65 1450 152 1506 est,
195 1459 211 1491 ι
249 1439 299 1495 id
329 1447 435 1504 est,
462 1438 687 1493 verbum
718 1436 813 1491 Dei
828 1435 1034 1501 Patris,
1062 1433 1143 1491 vel
1170 1426 1332 1488 Etiam
1366 1447 1467 1502 ego
1494 1447 1620 1502 pro.
1718 1426 1862 1481 clare
1882 1427 2180 1481 conversati
2221 1436 2347 1481 sunt
2385 1427 2443 1481 iu'
2467 1426 2642 1489 medio
2671 1426 2768 1491 tui,
2799 1436 2979 1496 postea
3014 1426 3067 1480 in
3088 1427 3296 1497 rubigi-

65 1532 211 1601 pheta
236 1530 446 1587 locutus
470 1545 612 1594 sum,
650 1528 773 1598 quia
806 1542 868 1583 os
898 1526 1114 1582 Domini
1144 1525 1339 1591 existo,
1371 1525 1498 1593 quia
1523 1538 1620 1593 per
1718 1532 1841 1573 nem
1872 1516 2162 1587 sordesqne
2186 1520 2528 1587 peccatorum
2568 1516 2812 1572 conversi
2841 1525 2995 1582 sunt;
3034 1516 3149 1570 vel;
3178 1532 3298 1587 qua:

66 1637 139 1678 me
181 1629 399 1687 secreta;
432 1636 529 1685 sua
556 1619 704 1691 Loqui
732 1619 1001 1689 dignatur.
1046 1615 1331 1685 Propheta:
1375 1615 1521 1670 enim
1557 1631 1619 1671 os
1717 1606 1869 1675 prius
1898 1607 2138 1661 habebas
2169 1608 2312 1660 viros
2349 1605 2874 1678 lucidoskomnique
2912 1606 3146 1675 puritate
3176 1622 3299 1677 pro-

65 1713 263 1771 Domini
291 1712 719 1786 appellabantur,
732 1709 883 1780 quod
911 1723 1008 1777 per
1032 1723 1127 1765 eos
1163 1708 1418 1762 Dominus
1438 1707 1621 1777 loque-
1718 1698 1894 1763 batos,
1923 1696 2080 1752 modo
2118 1697 2285 1751 habes
2325 1696 2443 1751 loco
2469 1696 2681 1753 illorum
2706 1695 2860 1759 alios,
2895 1696 3143 1766 rubigine
3173 1712 3298 1767 pec-

65 1814 228 1861 Jatur.
253 1804 407 1873 Quod
431 1811 609 1859 autem
630 1802 783 1867 dicit,
806 1800 1019 1872 gladius
1039 1799 1318 1856 devorabit
1345 1814 1462 1866 vos,
1505 1806 1618 1853 tam
1718 1797 1959 1847 caterum
1984 1787 2231 1843 foedatos.
2262 1808 2280 1836 ι
2315 1786 2510 1843 Vinum
2536 1797 2683 1844 tuum
2714 1789 2934 1847 mistum
2967 1798 3051 1844 est
3074 1804 3234 1859 aqua.
3275 1809 3292 1840 ι

65 1889 293 1968 gladium
312 1893 624 1954 manualem
664 1891 934 1967 significat
977 1890 1413 1962 Babyloniorum,
1455 1904 1617 1960 quam
1652 1955 1691 1968 _
1721 1880 1916 1936 Vinum
1965 1878 2332 1935 austeritatem
2367 1879 2552 1939 habet.
2580 1878 2823 1948 ldeoque
2859 1888 3124 1949 praecepta
3157 1877 3301 1948 lega-

65 1955 108 2042 Si
133 1955 519 2049 Romanorum.
544 1955 838 2039 Possumus
862 1991 1044 2039 autem
1064 1955 1363 2052 intelligere
1385 1955 1618 2051 poi-.513-
1651 1955 1703 2014 Β
1722 1970 1789 2025 lia
1835 1970 2205 2041 intelliguntur
2240 1986 2334 2041 per
2377 1970 2577 2030 vinum.
2616 1985 2761 2039 quae.
2794 1968 3165 2023 austeritatem
3206 1968 3300 2022 lia-

65 2076 198 2131 iium
220 2075 366 2131 illum
379 2074 673 2147 significari
695 2073 1096 2138 mortalitatem,
1120 2071 1500 2142 pestilentiam,
1539 2069 1621 2125 [α-
1719 2068 1869 2132 bent,
1908 2067 1961 2121 id
1986 2074 2071 2122 est
2095 2063 2252 2121 fortia
2290 2073 2346 2119 et
2384 2080 2519 2136 para
2554 2072 2714 2137 atque
2739 2061 2947 2118 sincera
2977 2077 3042 2116 ac
3071 2061 3302 2116 veritate

65 2181 175 2220 men
209 2165 325 2221 sive
354 2165 645 2221 vindictam
659 2162 1040 2234 omnipotentis
1056 2161 1149 2216 Dei
1175 2179 1188 2215 :
1214 2175 1375 2231 quam
1388 2161 1624 2217 sustine-
1722 2157 1932 2211 ﬁrmata
1960 2164 2104 2210 sunt.
2133 2154 2262 2222 Qua:
2305 2154 2464 2215 mista
2494 2162 2620 2208 sunt
2646 2167 2779 2211 eum
2810 2166 2969 2220 aqua,
3003 2149 3301 2205 traditioni-

65 2260 189 2310 aunt
209 2255 363 2325 impii
391 2262 513 2326 post
547 2262 798 2319 mortem,
827 2253 880 2307 in
907 2251 1083 2324 poenis
1105 2249 1384 2316 constituti
1404 2248 1619 2317 inferni,
1720 2247 1819 2303 bus
1838 2247 2143 2302 Judworum
2177 2253 2230 2300 et
2263 2234 2656 2308 Pharisaeorum
2681 2242 2898 2297 violata.
2932 2241 3086 2308 Quod
3121 2240 3302 2295 Domi.

65 2340 281 2398 Nomine
297 2342 497 2397 etenim
519 2341 705 2413 gladii,
727 2340 988 2411 quidquid
1003 2337 1509 2409 cruciat,,quidquid
1527 2352 1633 2409 pug
1721 2356 1824 2395 nus
1868 2339 1922 2394 in
1951 2337 2239 2409 Evangelia
2277 2336 2625 2401 manifestat,
2665 2332 2850 2388 dicens
2888 2346 2903 2385 :
2958 2330 3090 2385 «Va:
3125 2329 3299 2395 vobis,

65 2433 154 2498 ait,
180 2431 441 2503 quidquid
472 2431 597 2495 urit,
638 2430 903 2501 accipitur
923 2429 976 2484 in
998 2429 1103 2484 isto
1129 2429 1267 2491 loco.
1301 2428 1368 2493 Et
1395 2414 1624 2487 liberum
1721 2430 1914 2497 scriba:
1953 2439 2007 2485 ct
2022 2428 2311 2494 Pharismi,‘
2325 2427 2417 2501 qui
2456 2424 2761 2507 depravatis
2792 2422 2963 2494 legem
2992 2421 3086 2476 Dei
3116 2420 3300 2477 volen—

65 2523 334 2578 irbitrium
363 2538 430 2579 ex
460 2508 615 2594 parte
643 2530 910 2587 servatur,
948 2520 1076 2589 dum
1098 2519 1333 2576 dicitur:
1365 2518 1424 2574 Si
1447 2518 1625 2575 volue-
1724 2532 1804 2579 tes
1832 2520 2432 2579 statuereatraditioues
2468 2528 2679 2573 vestras
2709 2514 2923 2588 (Matth.
2962 2531 3047 2576 xv,
3093 2515 3241 2583 xxv).
3279 2534 3297 2567 ι

65 2614 196 2679 ritis,
221 2622 274 2668 et
302 2613 347 2669 si
372 2612 653 2669 nolueritis
679 2630 691 2666 :
720 2620 780 2666 ut
806 2611 858 2665 in
882 2619 1168 2681 utramque
1192 2618 1404 2682 partem
1429 2625 1536 2665 non
1557 2624 1622 2664 ex
1730 2614 1951 2680 Vinum,
1984 2613 2178 2684 inquit,
2213 2621 2360 2666 tuum
2385 2611 2602 2665 mistum
2641 2617 2722 2665 cst
2755 2623 2892 2679 aqua
2915 2625 2927 2661 :
2963 2607 3089 2676 quia
3113 2606 3304 2677 legalia

66 2704 254 2759 iudicio
302 2703 421 2771 Dei,
455 2702 551 2760 sed
599 2718 669 2758 ex
715 2702 909 2758 merito
958 2701 1294 2774 singulorum
1333 2714 1494 2774 pinna
1539 2697 1629 2761 vel
1723 2711 1989 2774 praecepta
2045 2718 2178 2774 pura
2216 2700 2689 2770 sincczissimaque
2738 2697 3109 2753 austeritatem
3153 2697 3206 2751 in
3246 2711 3305 2753 se

65 2799 332 2868 {mentium
365 2799 455 2854 sit.
1726 2795 2000 2860 habentia,
2030 2802 2281 2865 corrupta
2315 2801 2439 2848 sunt
2469 2802 2523 2848 et
2550 2792 2786 2848 emollita
2812 2791 2959 2845 falsis
2992 2790 3304 2845 Scribarum

130 2910 149 2944 ‹
182 2892 463 2959 Quomodo
487 2890 627 2948 facta
655 2901 740 2947 est
760 2890 1230 2947 meretrixcivitas
1250 2889 1444 2956 fidelis,
1468 2890 1626 2960 plena
1726 2880 1781 2940 et
1804 2883 2198 2960 Pharisaeorum
2230 2882 2626 2938 traditionibus.
2664 2881 2851 2938 Omnis
2880 2882 3073 2952 quippe
3094 2880 3306 2944 doctor,

77 2958 236 3039 udicii
258 2984 281 3037 ?
303 2982 523 3039 Justitia
548 2984 818 3052 quondam
845 2981 1109 3050 habitavit
1145 2982 1199 3035 in
1226 2996 1313 3047 ea,
1345 2958 1643 3045 truncam,
1726 2975 1819 3047 qui
1847 2958 2216 3029 austeritatem
2255 2989 2533 3029 sacrarum
2570 2972 2971 3044 Seripturarum
3006 2989 3104 3043 per
3143 2989 3304 3044 quam

65 3088 161 3129 tem
199 3075 504 3131 homicidze.
546 3094 565 3127 ι
606 3074 916 3141 Foruicatio
955 3087 1063 3127 non
1112 3071 1297 3127 solum
1328 3071 1625 3142 corporalis
1725 3074 1905 3147 potest
1951 3067 2227 3122 auditores
2265 3068 2573 3138 corrigere,
2623 3066 2787 3120 vertit
2826 3067 2892 3120 ad
2931 3066 3158 3136 gratiam
3192 3065 3309 3121 illo-

65 3174 154 3230 :st,
183 3165 277 3220 sed
298 3164 462 3220 etiam
491 3162 971 3235 spiritualis.Unde
991 3162 1435 3233 psalmographus
1455 3162 1585 3218 dicit
1609 3180 1621 3216 ε
1726 3176 1872 3225 rum,
1892 3168 1948 3213 et
1977 3159 2053 3214 ita
2082 3158 2319 3229 loquitur
2345 3168 2404 3213 ut
2432 3176 2538 3214 non
2563 3160 2815 3230 corrigat,
2846 3158 2940 3214 sed
2964 3158 3193 3214 delectet
3213 3175 3308 3213 au-

65 3240 953 3325 tPerdesomnesquifornicamur
967 3254 1063 3307 abs
1080 3262 1131 3309 te
1145 3250 1576 3324 (Psalm.i.xxu),
1602 3273 1619 3305 ι
1658 3310 1696 3325 Α
1729 3244 1938 3306 dientes
1964 3291 1979 3315 ,
2023 3251 2207 3318 vinum
2247 3258 2553 3304 sanctarum
2583 3248 2984 3315 Seri,turarum
3016 3249 3197 3314 violat,
3225 3257 3331 3303 at-.

65 3345 157 3398 hoc
187 3354 292 3410 est,
329 3344 421 3414 qui
452 3344 711 3411 recedunt
736 3320 766 3396 a
792 3351 865 3397 te.
895 3342 1174 3397 Fornicari
1200 3341 1398 3395 etenim
1425 3349 1628 3412 estpro
1654 3310 1698 3371 Ο
1732 3359 1837 3412 que
1864 3341 2164 3410 corrumpit
2188 3357 2286 3396 suo
2311 3354 2490 3397 sensu.
2519 3340 2633 3394 Hoc
2658 3336 2864 3394 faciunt
2888 3340 3151 3405 haeretici,
3181 3354 3309 3394 cau-

65 3437 169 3493 Dro
195 3436 336 3491 idola
367 3436 564 3500 colere,
590 3436 731 3491 sicut
752 3435 979 3502 legitur:
1000 3451 1022 3484 ι
1056 3431 1190 3500 Quia
1221 3432 1521 3487 fornicatus
1546 3442 1631 3487 est
1730 3448 2004 3506 poucsque
2057 3431 2276 3503 pessimi
2304 3433 2446 3503 ,qui
2484 3430 2858 3503 Evangelicam
2894 3432 3033 3487 verit
3070 3440 3178 3487 tem
3211 3445 3309 3486 sua

65 3525 223 3580 lsrael
275 3526 330 3580 in
377 3524 709 3594 Beelpbegor
756 3524 1159 3596 (Numanv).
1214 3544 1231 3576 δ
1291 3523 1632 3595 Quapropter
1733 3542 1896 3598 prava
1920 3512 2166 3581 doctrina
2189 3532 2558 3594 corrumpunt.

65 3614 213 3684 plebs
236 3613 536 3682 Israelitica
558 3615 815 3672 meretrix
838 3615 1139 3686 appellatur
1167 3634 1182 3671 :
1213 3631 1320 3671 non
1355 3624 1466 3671 tam
1506 3631 1633 3687 pro-
1810 3638 1828 3671 ι
1865 3618 2142 3688 Principes
2165 3616 2241 3671 tui
2264 3614 2525 3680 inﬁdeles,
2551 3613 2790 3682 sociique
2818 3612 3019 3668 furum.
3052 3631 3071 3665 ο
3104 3611 3313 3668 Princi-

65 3710 185 3773 pter
208 3701 619 3760 fornicationem
651 3704 1007 3776 corporalem,
1055 3722 1219 3777 quam
1265 3715 1484 3778 propter
1528 3708 1634 3764 hoc
1733 3726 1831 3782 pes
1857 3709 2164 3773 Judzeorum
2192 3709 2244 3765 in
2271 3707 2513 3764 hocloco
2544 3705 2850 3762 sacerdotes
2880 3720 3092 3775 quoque
3113 3703 3311 3759 intelli-

65 3792 204 3861 quod
229 3807 260 3846 a
282 3791 392 3855 Deo
421 3793 971 3869 recessit.‘Pertinent
997 3805 1175 3857 autem
1199 3796 1314 3859 haec
1342 3797 1502 3854 verba
1525 3811 1630 3853 non
1735 3792 1956 3876 guniu‘r,
1993 3803 2083 3874 qui
2129 3801 2451 3858 videbantur
2470 3799 2713 3870 judicare
2739 3808 2794 3854 et
2812 3799 3006 3853 docere
3029 3796 3307 3869 populum.

65 3881 129 3936 ad
161 3890 399 3956 tempora
420 3884 717 3964 prophetis,
745 3884 838 3941 sed
862 3885 1169 3955 specialiter
1195 3887 1263 3941 ad
1296 3894 1507 3957 tempus
1529 3887 1633 3945 Do-
1734 3894 1837 3962 Qui
1857 3893 2058 3950 ideirco
2080 3892 2322 3949 infideles
2337 3890 2676 3963 appellantur
2695 3888 2935 3959 soci’que
2957 3887 3157 3954 furum,
3184 3887 3313 3958 quia

65 3970 275 4041 minisac
310 3971 719 4041 incarnationis.
748 3974 965 4044 quando
1016 3977 1235 4046 penitus
1289 3985 1634 4043 recesserunt
1736 3984 2025 4040 inﬁdeliter
2052 3984 2106 4038 in
2138 3981 2408 4037 mandatis
2442 3980 2536 4038 Dei
2585 3979 2951 4044 ambulabant,
2988 3978 3313 4049 accipientes

65 4082 90 4119 a
120 4067 251 4132 Deo,
284 4066 529 4141 eligendo
553 4069 878 4139 Barabbam,
903 4080 960 4128 et
987 4072 1181 4128 Filium
1200 4073 1294 4130 Dei
1316 4075 1629 4133 occidendo.
1735 4092 1766 4130 a
1801 4074 1995 4131 scribis
2031 4082 2085 4131 et
2124 4072 2410 4128 Pharisaeis
2438 4087 2659 4127 munera
2679 4113 2694 4135 ,
2737 4087 2856 4141 qua:
2886 4069 2956 4124 illi
2983 4085 3077 4140 per
3114 4068 3315 4125 violen-

65 4157 293 4215 Miratur
316 4176 448 4233 ergo
478 4161 768 4234 Propheta,
790 4173 846 4220 et
878 4165 1010 4230 dicit
1036 4183 1052 4223 :
1085 4165 1363 4234 Quomodo
1386 4167 1528 4231 facta
1550 4177 1635 4224 est
1737 4169 1867 4223 tiam
1894 4176 1946 4222 et
1971 4167 2213 4238 rapinam
2242 4182 2272 4221 a
2290 4165 2614 4236 pauperibus
2653 4163 2958 4237 rxigeban‘,
2982 4163 3206 4233 ideoque
3226 4178 3315 4219 so-

65 4252 325 4313 merelrix
354 4253 547 4321 civitas
574 4254 769 4320 ﬁdelis,
808 4257 1108 4315 recedendo
1146 4258 1331 4323 aDeo,
1368 4259 1525 4330 plena
1547 4261 1635 4331 ju-
1737 4259 1807 4314 cii
1854 4258 2032 4313 furum
2089 4265 2265 4325 erant,
2341 4256 2531 4310 scrila:
2584 4253 2793 4309 sciliet
2843 4261 2899 4308 et
2929 4251 3211 4310 Pharisaei.
3258 4254 3318 4310 in

65 4334 189 4409 dieii
237 4343 549 4413 quondam?
593 4344 919 4419 Iustitiaque
975 4348 1238 4403 habitavit
1282 4349 1335 4404 in
1375 4365 1438 4405 ea
1482 4351 1631 4417 olim,
1737 4349 1947 4405 Domini
1972 4363 2187 4418 quoque
2223 4347 2475 4419 passione
2515 4345 2757 4400 infideles
2800 4343 3034 4408 fuerunt,
3072 4345 3315 4400 uolentes

65 4448 211 4488 nunc
257 4443 438 4495 autem
489 4438 791 4501 homicidas.
844 4438 1067 4506 Civitas,
1094 4441 1334 4511 inquam,
1372 4441 1634 4509 fidelium,
1736 4441 1790 4493 in
1817 4455 1937 4495 eum
1965 4436 2221 4503 credere;
2277 4446 2332 4491 et
2373 4436 2502 4491 socii
2531 4435 2732 4500 furum,
2764 4434 3062 4490 scribarum
3110 4435 3316 4491 scilicet

65 4535 185 4589 Ψηιέ
231 4521 383 4607 Prius
428 4523 528 4580 fuit
577 4526 731 4596 plena
769 4528 979 4609 iudicii,
1030 4538 1084 4584 et
1129 4529 1183 4583 in
1228 4545 1334 4599 qua
1371 4531 1637 4600 requievit
1738 4537 1791 4584 et
1824 4527 2252 4595 Pharisatorum,
2303 4526 2395 4580 sed
2422 4533 2477 4580 et
2513 4523 2662 4579 Judae
2709 4523 3016 4594 proditoris.
3050 4523 3159 4579 Nos
3186 4539 3317 4593 quo-

65 4611 337 4715 quondam
378 4610 591 4691 justitia
626 4634 639 4669 :
669 4632 812 4670 nunc
855 4627 1033 4671 autem
1066 4617 1205 4673 facta
1253 4628 1338 4674 est
1377 4622 1634 4675 meretrix
1668 4657 1714 4715 Ι)
1740 4634 1845 4688 que
1872 4632 2212 4688 summopere
2238 4632 2429 4684 cavere
2451 4614 2728 4678 debemus,
2770 4630 2834 4669 ne
2857 4614 2925 4669 ab
2950 4613 3052 4668 illis
3084 4612 3316 4685 accipia-

65 4700 222 4771 Plem
248 4701 554 4769 Ῐιοηιῖείάίε,
583 4705 673 4775 qui
705 4705 956 4762 interfect
969 4716 1093 4763 runt
1122 4709 1415 4778 prophetas
1442 4710 1638 4779 ipsum-
1668 4698 1712 4715 υ
1742 4724 2107 4765 musmunera
2128 4698 2222 4778 qui
2248 4706 2450 4776 rapinis
2470 4703 3165 4776 iiiiscrorttiit:;tielacrymis
3188 4720 3314 4760 con-

65 4806 174 4863 tiue
201 4801 363 4864 caput
382 4796 797 4865 prophetarum,
825 4797 1161 4855 Salvatorem
1191 4800 1397 4866 scilicet
1430 4803 1635 4867 mundi.
1739 4808 1963 4870 gregarii
1992 4798 2235 4862 divitias,
2272 4806 2328 4851 ct
2356 4811 2609 4850 vocemur
2648 4810 2751 4849 non
2781 4795 3117 4850 solummodo
3144 4794 3313 4860 fures,

65 4885 257 4939 Potest
285 4885 389 4940 hoc
417 4886 698 4960 moraliter
724 4886 790 4941 ad
824 4904 1258 4960 unamquamque
1290 4890 1523 4945 animam
1552 4908 1635 4945 re-
1741 4889 1832 4943 sed
1852 4899 1905 4943 et
1931 4888 2060 4943 socii
2098 4886 2302 4952 furum,
2336 4886 2647 4955 dicaturque
2678 4887 2742 4940 de
2773 4886 2959 4942 nobis:
2983 4885 3213 4942 Videbas
3237 4885 3318 4941 fu-
3362 4938 3369 4942 .

65 4974 222 5041 ferri,
254 4991 374 5046 quae
388 4959 577 5031 civitas
594 4985 676 5032 est
694 4976 864 5031 fidelis
887 4978 1259 5048 pleuajudicii,
1277 4980 1514 5049 quandiu
1548 4980 1640 5035 Dei
1743 4998 1879 5047 rem,
1902 4988 1955 5034 et
1982 4978 2239 5034 currebas
2263 4994 2384 5032 cum
2408 4993 2492 5033 eo.
2543 4996 2559 5028 ι
2589 4974 2787 5032 Omnes
2822 4975 3205 5032 retributiones
3230 4991 3339 5032 θοι,

65 5064 329 5123 voluntati
346 5065 734 5149 paret,habens
747 5066 1101 5122 habitatorem
1125 5068 1178 5121 in
1192 5068 1432 5138 seipsum
1451 5068 1639 5133 Deum,
1741 5079 1979 5142 quuntur
2002 5083 2096 5124 eos
2126 5067 2215 5140 qui
2247 5067 2475 5140 diligunt
2502 5083 2745 5134 munera,
2782 5087 2801 5120 ι
2840 5066 3068 5136 ideoque
3097 5066 3148 5121 in
3174 5076 3321 5124 sorte
3362 5107 3372 5117 .

65 5156 160 5227 qui
191 5165 275 5213 est
311 5154 523 5226 iustitia
557 5157 945 5227 substantialis,
998 5159 1122 5228 quia
1148 5156 1639 5226 justificat-omncs
1670 5218 1675 5221 _
1740 5164 2007 5219 vitiorum.
2048 5170 2489 5217 annumerantur.
2535 5160 2683 5215 Multi
2722 5159 2864 5214 enim
2903 5166 3047 5225 sunt,
3079 5164 3148 5214 ut'
3183 5161 3321 5216 bene

65 5247 258 5304 ﬁdeles
286 5264 434 5305 suos.
478 5249 614 5317 Cum
657 5258 837 5305 autem
893 5251 1096 5315 recedit
1139 5268 1169 5306 a
1206 5252 1315 5308 Deo
1360 5268 1456 5322 per
1498 5253 1637 5308 mala
1744 5254 2100 5325 llieronymus
2123 5252 2270 5317 dicit,
2301 5253 2528 5323 quiuon
2570 5259 2760 5323 putant
2788 5251 2989 5306 amicos
3013 5251 3167 5307 nisia
3202 5253 3320 5325 qui-

65 5354 383 5409 opera,non
405 5338 546 5411 loco,
562 5341 657 5396 sed
671 5341 881 5404 merito,
904 5340 1131 5397 ellicitur
1147 5343 1422 5399 meretrix.
1440 5343 1640 5412 thuae
1744 5347 1846 5402 bus
1878 5346 2016 5400 dona
2046 5344 2371 5415 acceperint,
2412 5360 2510 5399 nec
2536 5342 2883 5398 considerant
2906 5358 2966 5397 os
2992 5343 3312 5402 amiCorutu.

66 5430 175 5484 fuit
196 5431 351 5502 prius
369 5428 751 5501 plenaiUdicii,
797 5432 1000 5488 habens
1046 5434 1400 5489 habitatorem
1450 5435 1638 5497 Deum.
1747 5438 1840 5496 sed
1864 5454 2073 5505 manus,
2096 5454 2296 5511 eosque
2323 5448 2538 5493 sanctos
2573 5435 2819 5506 judicaut
2852 5453 3078 5505 quorum
3111 5451 3318 5492 marsu-

66 5519 263 5591 incipit
286 5518 399 5590 jam
426 5521 717 5577 inhabitari
749 5540 778 5577 a
808 5522 1136 5579 dmmonibus
1159 5524 1511 5597 maligu'sque
1530 5528 1641 5598 Spi-
1750 5531 1897 5601 pium
1937 5528 2275 5595 exhauriunt.
2299 5528 2586 5597 lstostales
2605 5527 3315 5597 sequunturretributiones,

65 5607 291 5677 ritibus,
315 5626 542 5682 quorum
573 5613 834 5668 voluntati
865 5613 1219 5684 obtemperat.
1751 5619 1877 5691 quia
1909 5617 2014 5674 illis
2041 5617 2343 5673 retrihuuut
2378 5633 2493 5683 sua,
2512 5633 2542 5671 a
2579 5617 2772 5687 quibus
2799 5615 2992 5671 similia
3022 5626 3239 5687 sperant
3260 5634 3319 5672 se

102 5768 107 5771 _
142 5701 246 5787 Qui
280 5712 406 5760 sunt
432 5705 739 5773 homicidia,
784 5707 1086 5762 animarum
1130 5707 1377 5764 videlicet
1429 5708 1646 5766 interfe-
1753 5712 2008 5782 recipere.
2058 5709 2313 5777 Qualibus
2362 5712 2501 5766 Deus
2524 5709 2691 5764 dicit:
2729 5727 2747 5760 ‹
2782 5708 3080 5780 Recepistis
3106 5726 3315 5766 merce-

68 5805 271 5857 ctores.
311 5816 330 5848 ι
366 5798 659 5870 Argentum
705 5809 851 5856 tuum
885 5817 1097 5857 versum
1137 5810 1220 5857 est
1255 5802 1308 5858 in
1338 5804 1587 5860 scoriam.
1623 5823 1641 5854 ι
1752 5804 1873 5859 dem
1901 5812 2132 5859 vestram
2177 5802 2389 5874 (Humi.
2431 5803 2525 5874 vt).
2568 5822 2583 5852 ι
2638 5801 2729 5857 Vel
2782 5801 2834 5856 iu
2876 5802 2979 5858 hoc
3022 5814 3320 5874 sequuntur

71 5891 435 5958 [armamenta
463 5891 796 5949 metallorum
826 5893 1115 5962 sordesqut-
1162 5895 1335 5950 scoria
1372 5894 1644 5967 appellan-
1755 5888 2156 5960 retributiones,
2199 5893 2322 5962 quia
2347 5891 2463 5947 illos
2496 5891 2863 5948 tantummodo
2892 5909 2986 5947 suo
3023 5893 3203 5951 favore
3226 5911 3317 5949 cx-
