3898 6450
573 444 674 498 7-27
768 420 779 429 ’

1071 443 1424 501 HAYMONIS
1461 442 1937 530 llALBljJRSTA'l'.
1981 443 2192 499 EPISC.
2231 443 2382 499 OPP.
2421 439 2600 496 PARS
2638 441 2678 496 Ι.
2701 472 2773 483 -σ-
2804 440 3158 498 COMMENT.
3199 443 3368 500 BlllL.

3751 444 3825 500 738

572 568 594 612 t
614 558 767 612 'llunt
796 565 855 616 et
887 557 1134 622 laudant,
1158 573 1188 611 a
1213 557 1406 626 quibus
1443 553 1642 623 aliquid
1663 526 1954 625 accipiunt.
1994 575 2010 606 ι
2040 554 2142 608 Pu-
2170 562 2219 622 Α
2320 571 2341 602 1
2376 551 2704 607 Eteonteret
2727 554 3020 609 sceleratos
3047 563 3429 625 etpeecatores
3453 554 3656 621 simul,
3681 561 3821 625 atqui

569 647 702 717 pilio
727 662 834 704 non
856 646 1123 715 iudicant,
1152 666 1170 699 ›
1197 646 1249 700 id
1271 654 1357 699 est
1383 645 1437 698 in
1471 643 1673 711 judicio
1698 659 1804 698 non
1828 644 2153 700 subveniunt

571 724 667 798 iili,
703 755 723 788 ‹
745 744 801 792 et
824 740 988 792 causa
1011 734 1184 788 vidute
1205 749 1313 788 non
1328 733 1624 804 ingreditur
1642 733 1710 788 ad
1732 747 1845 802 eos,
1871 752 1890 787 ›
1909 733 2035 804 quia
2056 748 2153 802 pro

571 829 747 886 nihilo
769 829 1058 898 deputatur
1085 825 1152 880 ab
1180 825 1283 879 eis.

648 939 666 970 ι
695 918 919 989 Pr0pter
932 918 1047 971 inec
1067 913 1412 970 aitDominus
1423 915 1758 971 exercituum
1776 913 1931 970 fortis
1952 914 2146 971 Israel:

572 1012 721 1068 lleu!
750 1007 1071 1066 consolabor
1114 1021 1277 1077 super
1299 1006 1541 1062 hostibus
1570 1006 1729 1071 meis,
1755 1015 1809 1061 et
1836 1006 2151 1069 vindicabor

573 1104 640 1159 de
668 1099 903 1156 inimicis
931 1096 1087 1153 meis.
1111 1116 1131 1148 ι
1166 1094 1425 1151 Condolet
1463 1095 1799 1164 omnipotens
1827 1094 1966 1149 Deus
1990 1096 2149 1152 mise—

568 1194 663 1248 riis
690 1190 871 1263 populi
900 1189 1005 1255 sui,
1029 1197 1085 1244 et
1110 1197 1288 1243 tamen
1311 1197 1467 1243 vocat
1486 1202 1581 1242 eos
1605 1189 1788 1242 hostes
1809 1196 1863 1242 et
1894 1189 2142 1246 inimicos

566 1297 712 1348 suos,
739 1282 834 1353 qui
856 1280 1166 1353 specialiter
1188 1277 1558 1349 intelliguntur
1578 1279 1770 1333 scribae
1790 1285 1844 1334 et
1862 1277 2142 1347 Pharisaei,

564 1379 761 1446 quibus
809 1385 865 1433 et
907 1377 961 1431 in
1008 1372 1303 1443 Evangelia
1329 1372 1443 1426 ait:
1479 1392 1497 1424 ι
1536 1372 1628 1428 Vas
1652 1373 1827 1439 vobis,
1883 1373 2070 1428 scribae
2091 1380 2146 1439 et

564 1465 825 1522 Pharisaei
849 1464 1064 1537 (Matth.
1102 1478 1236 1517 χχιιι
1264 1479 1279 1529 ;
1305 1460 1435 1516 Luc.
1476 1460 1574 1533 xi).
1606 1481 1624 1515 ›
1661 1460 1938 1518 Consolari
1966 1473 2144 1527 autem

563 1556 656 1612 hic
684 1554 884 1610 dicitur
910 1554 977 1609 de
1013 1552 1258 1609 hostibus
1284 1552 1398 1608 suis
1415 1593 1430 1619 ,
1453 1552 1715 1608 ultionem
1746 1567 1813 1607 ex
1844 1553 1976 1623 ipsis
2003 1553 2143 1609 reci-

563 1661 715 1720 pere.
745 1643 1053 1701 Consolatio
1092 1643 1291 1714 quippe
1328 1642 1423 1698 Dei
1470 1651 1571 1707 est,
1618 1658 1780 1713 super
1817 1642 2064 1698 hostibus
2087 1651 2143 1698 et

565 1737 802 1793 inimicis
844 1736 982 1806 ejus,
1014 1742 1073 1791 ut
1105 1735 1195 1805 qui
1233 1735 1287 1789 in
1327 1734 1684 1805 prosperitate
1709 1732 1824 1802 ejus
1852 1733 2143 1791 noluerunt

563 1826 767 1883 habere
808 1824 1067 1884 beneﬁcia
1096 1865 1112 1892 ,
1149 1825 1424 1898 suppliciis
1459 1823 1943 1896 atllictionibusque
1970 1825 2141 1882 corri-

561 1929 779 1989 gantur.
1934 1980 1937 1985 _

638 2025 657 2058 ι
689 2006 755 2063 Et
778 2014 1087 2062 convertam
1109 2020 1329 2062 manum
1365 1992 1545 2069 meam
1566 2005 1632 2061 ad
1660 2014 1731 2073 te,
1756 2015 1811 2065 et
1840 2022 2137 2077 excoquam

562 2098 628 2153 ad
663 2097 988 2168 puniendum
1010 2098 1242 2153 scoriam
1270 2105 1417 2153 tuam
1448 2106 1504 2153 et
1522 2097 1767 2153 auferam
1805 2113 1966 2154 omne
1988 2106 2138 2154 stan-

561 2205 692 2265 num
745 2198 912 2244 tuum.
946 2208 964 2242 ι
1011 2189 1127 2245 Vox
1164 2189 1298 2257 Dei,
1338 2191 1726 2261 apostrophum
1768 2189 2017 2246 facientis
2069 2191 2137 2246 ad

560 2281 732 2350 ipsam
758 2276 988 2349 plebem.
1004 2279 1107 2335 Per
1127 2281 1359 2341 scoriam
1381 2281 1750 2353 intelliguntur
1761 2281 1919 2352 vitia,
1929 2282 2141 2338 sordes-

560 2390 665 2445 que
702 2374 971 2429 vitiorum.
1000 2373 1105 2429 Per
1131 2383 1383 2431 stannum
1417 2390 1567 2441 vero,
1591 2376 1734 2445 quod
1761 2374 1899 2432 solet
1920 2375 2134 2431 assimi-

556 2465 658 2520 lari
689 2475 934 2538 argento,
979 2465 1113 2521 falsa
1152 2466 1395 2523 doctrina
1435 2467 1734 2531 scribarum
1764 2475 1818 2535 et
1836 2466 2136 2537 Pharisaeo-

559 2571 703 2623 rum,
753 2571 875 2625 qua:
923 2556 1204 2613 videbatur
1253 2571 1373 2615 esse
1393 2569 1540 2622 vera,
1590 2567 1648 2613 et
1702 2557 1993 2614 assimilari
2030 2558 2139 2615 elo:

558 2649 703 2719 quiis
754 2650 970 2705 divinis.
1019 2649 1274 2705 Extensio
1309 2664 1523 2717 manus,
1555 2649 1815 2715 ultionem
1864 2649 2135 2720 signiﬁcat

559 2740 816 2795 divinam.
849 2739 1055 2796 Dicitur
1073 2754 1233 2812 ergo:
1256 2738 1577 2807 Convertam
1602 2741 1993 2813 extendamque
2019 2757 2133 2796 ma-

557 2846 686 2885 num
716 2846 890 2885 meam
912 2831 978 2886 ad
1008 2830 1333 2899 puniendum
1362 2840 1431 2897 te,
1455 2839 1507 2886 et
1530 2847 1828 2904 excoquam
1857 2833 1971 2900 sive
1997 2847 2128 2902 pur-

554 2919 692 2990 gabo
713 2918 835 2989 igne
858 2918 1216 2973 tribulationis
1238 2935 1426 2981 omnes
1439 2922 1625 2976 sordes
1645 2930 2013 2991 peccatorum,
2036 2938 2131 2990 att-

554 3007 834 3079 t'eramque
866 3008 1054 3062 falsam
1080 3008 1378 3063 doctrinam
1421 3010 1724 3065 scribarum
1759 3020 1811 3066 et
1835 3011 2134 3067 Phariszeo-

558 3114 680 3153 rum
711 3138 727 3163 ,
779 3098 1024 3168 daboque
1075 3099 1496 3155 sincerissimam
1560 3116 1625 3156 ac
1684 3100 2126 3171 perfectissimam

553 3191 839 3246 scientiam
882 3189 1017 3262 legis
1037 3198 1196 3262 atque
1218 3190 1513 3264 Evangelii.

2161 1903 2216 1963 Β
2236 1916 2367 1973 pore
2407 1903 2726 1959 erubescere
2761 1903 2995 1960 debeant
3029 1905 3097 1960 ab
3143 1907 3318 1975 idolis,
3362 1917 3431 1964 et
3478 1926 3636 1981 super
3659 1912 3766 1965 hortis

2255 643 2657 712 dereliquerunt
2685 643 2967 698 Dominum
2994 657 3399 701 consumentur.
3437 667 3457 698 ι
3498 646 3761 704 Scelerati
3780 661 3817 705 rt

2252 741 2563 799 peccatores
2598 732 2672 786 illi
2703 734 2886 803 utique
2914 734 3280 805 intelliguntur
3306 737 3399 806 qui
3424 736 3490 790 in
3517 736 3724 792 Christi
3743 756 3814 795 ne-

2250 837 2369 877 cem
2397 832 2806 889 consenserunt,
2844 823 3064 895 ejusque
3097 824 3255 881 ﬁdem
3290 827 3661 897 postmodum
3704 833 3809 886 reci-

2248 927 2378 984 pere
2416 913 2720 969 noluerunt.
2762 915 2860 980 Qui
2906 917 3113 984 merito,
3147 917 3364 972 contriti
3418 925 3484 971 et
3544 924 3807 989 consumpti

2249 1012 2394 1068 sunt,
2427 1013 2534 1057 tam
2559 1020 2589 1059 a
2606 1004 2859 1060 Romanis
2881 1022 3040 1075 quam
3062 1008 3223 1062 etiam
3248 1008 3432 1077 pmnis
3463 1006 3693 1074 inferni,
3717 1014 3803 1081 quia

2248 1092 2652 1161 dereliquerunt
2703 1092 3008 1160 Dominum,
3053 1105 3442 1164 permanentes
3500 1097 3561 1150 in
3592 1113 3686 1153 sua
3718 1116 3801 1152 m-

2246 1177 2386 1235 litia.

2323 1290 2341 1323 ι
2368 1269 2773 1327 Confundentur
2799 1272 2943 1328 enim
2995 1273 3063 1329 ab
3101 1274 3258 1331 idolis
3313 1276 3533 1346 quibus
3572 1278 3790 1334 sset-iit}

2244 1374 2439 1429 verunt
2463 1404 2478 1425 ,
2526 1371 2583 1419 et
2621 1365 2954 1421 embescetis
2986 1381 3149 1436 super
3185 1368 3361 1424 hortis
3414 1383 3569 1439 quos
3603 1369 3781 1441 εἰρω-

2245 1453 2335 1532 tis.
2377 1472 2395 1504 ι
2428 1452 2683 1509 Contusio
2715 1456 3009 1524 saepissime
3041 1472 3138 1526 pro
3172 1459 3573 1515 erubescentia
3607 1466 3784 1532 ponitur.

2242 1530 2348 1596 Per
2379 1542 2566 1597 hortos
2588 1558 2815 1612 quorum
2853 1543 2979 1600 fecit
3018 1546 3374 1611 mentionem,
3411 1530 3783 1605 debemusacul

2239 1647 2369 1702 pere
2395 1632 2543 1689 lucos
2570 1643 2625 1688 et
2658 1648 2912 1701 nemora,
2962 1634 3014 1689 in
3040 1635 3234 1706 quibus
3264 1636 3637 1693 immolabant
3666 1651 3775 1695 ets:-

2241 1721 2555 1779 crilicabant
2607 1723 2973 1792 daemonibus,
3026 1725 3293 1792 luxuriam
3339 1744 3517 1784 suam
3558 1740 3672 1785 ante
3699 1747 3774 1786 ms

2240 1810 2506 1868 idolorum
2537 1814 2898 1883 inverecunde
2939 1824 3335 1887 perpetrantes.
3390 1819 3527 1888 Quo
3555 1833 3769 1878 verum

2238 2007 2375 2064 quos
2417 1993 2712 2064 elegerant,
2754 2004 2938 2066 aperte
2989 1996 3321 2064 manifestat,
3363 1999 3612 2055 dicens:
3641 2001 3760 2056 «De:

2238 2082 2448 2140 fueritis
2489 2086 2635 2141 velut
2682 2101 2917 2157 quercus
2955 2087 3308 2145 deﬂuentibus
3351 2091 3546 2158 foliis,
3597 2103 3644 2147 et
3672 2094 3757 2146 rei!

2238 2173 2426 2229 hortus
2450 2175 2654 2245 absque
2687 2191 2847 2246 aqua.
2885 2197 2903 2229 ι
2938 2176 3004 2231 Ει
3025 2188 3106 2232 est
3132 2194 3325 2234 sensus
3349 2194 3364 2233 :
3393 2181 3553 2236 sicut
3574 2199 3601 2236 a
3623 2197 3753 2253 quem

2238 2267 2492 2324 ariditate
2533 2284 2798 2325 concussa
2845 2269 3085 2325 defluunt
3136 2270 3293 2338 folia,
3348 2281 3411 2328 et
3465 2275 3746 2330 sicutbortss

2237 2348 2447 2413 fructus
2501 2359 2790 2413 herbarum
2837 2375 2944 2415 non
2988 2360 3131 2416 valet
3184 2362 3449 2432 proferre
3507 2365 3553 2419 si
3602 2363 3739 2417 όεὲήϊ

2233 2465 2374 2520 aqua
2403 2464 2468 2505 ex
2498 2465 2603 2520 qua
2628 2450 2910 2522 irrigetur:
2938 2451 3013 2506 ita
3044 2467 3163 2508 cum
3203 2453 3455 2510 defuerit
3496 2457 3723 2523 volema.

2235 2542 2289 2599 id
2321 2552 2425 2610 est,
2456 2544 2680 2600 scientia
2703 2545 3004 2601 divinarum
3025 2545 3483 2618 Scripturarum,
3516 2548 3731 2621 spiritalis-

2235 2649 2339 2714 que
2358 2636 2549 2706 gratia,
2574 2650 2737 2716 quam
2763 2636 3022 2691 Dominus
3051 2637 3305 2714 promisit
3340 2640 3411 2694 de
3448 2648 3619 2693 ventre
3641 2638 3687 2691 ad
3703 2654 3737 2689 sc

2234 2725 2563 2779 venientium
2613 2740 2856 2793 manare,
2896 2742 3002 2782 non
3042 2726 3286 2783 valebitis
3336 2737 3532 2784 tenere
3558 2738 3741 2783 etesse

2233 2815 2348 2871 dire
2377 2830 2561 2884 opera,
2614 2815 2932 2887 fructusque
2977 2826 3186 2874 vestros
3230 2834 3480 2886 vacuos,
3516 2821 3741 2887 nulliusqu

2232 2906 2484 2962 utilitatis
2516 2923 2530 2961 :
2562 2906 2686 2976 quia
2726 2906 2975 2962 ariditate
3006 2908 3371 2964 siccabitnini.
3400 2910 3595 2966 Hocest
3614 2951 3627 2975 ,
3652 2909 3741 2963 deii—

2231 2996 2387 3053 cietis
2407 2996 2461 3051 in
2490 2998 2728 3067 peccatis
2751 2999 2962 3053 vestris.
2993 2998 3061 3053 Et
3110 3001 3412 3055 notandum
3444 3017 3461 3055 :
3486 3002 3567 3071 qui
3589 3015 3738 3055 annue

2232 3089 2545 3160 prophetico
2572 3089 2745 3145 subito
2791 3091 3019 3145 mutavit
3045 3106 3335 3162 personas.
3386 3093 3511 3148 Cum
3550 3093 3666 3146 enim
3690 3090 3738 3143 de

2233 3181 2393 3238 tertia
2435 3196 2662 3252 persona
2690 3181 2880 3252 plurali
2926 3181 3151 3253 loquens
3186 3185 3444 3241 dixisset:
3471 3185 3735 3240 confunden-

883 3241 1012 3262 -τοα
1040 3241 1193 3262 n1--
1218 3241 1513 3264 --.---ο-----
1844 3256 1847 3259 ,

637 3299 655 3332 ι
692 3279 760 3335 Et
786 3280 1067 3336 restituam
1109 3296 1296 3344 omnes
1322 3281 1533 3352 iudices
1555 3292 1675 3339 tuos
1700 3283 1839 3349 sicut
1864 3285 2035 3356 prius,
2072 3296 2128 3342 et

2232 3278 2320 3327 tur
2353 3273 2419 3328 ab
2437 3241 2601 3329 idolis
2625 3241 2821 3344 quibus
2858 3241 3321 3339 sacriﬁcaverunt,
3352 3287 3531 3346 repente
3548 3273 3723 3326 mlum

555 3371 890 3428 consiliarios
915 3382 1034 3429 tuos
1071 3374 1210 3430 sicut
1232 3375 1579 3446 antiquitus.»
1609 3376 2051 3447 Prioresjudices
2070 3387 2125 3434 et

555 3463 850 3517 consiliarii
885 3464 1089 3534 antiqui
1112 3463 1326 3519 fuerunt
1352 3464 1550 3531 Moses,
1578 3466 1781 3531 Aaron,
1806 3467 1986 3531 Josue,
2020 3466 2125 3524 Ge-

556 3555 715 3621 deon,
758 3551 1005 3621 Samuel,
1054 3555 1252 3622 Divid,
1299 3557 1586 3627 czeterique
1620 3558 1710 3627 qui
1746 3557 2124 3629 iudicaverunt

549 3644 800 3715 populum
828 3644 921 3700 Dei
946 3645 1239 3700 secundum
1280 3648 1607 3703 voluntatem
1634 3649 1751 3714 Dei,
1782 3659 1836 3704 et
1860 3665 1980 3705 cum
2003 3651 2123 3721 qui-

551 3737 653 3792 bus
681 3736 1066 3794 consiliabatur
1090 3738 1429 3810 omnipotens
1452 3741 1623 3805 Deus,
1666 3741 1907 3796 revelans
1933 3742 2012 3796 eis
2034 3758 2121 3796 ar-

549 3830 683 3884 cana
710 3838 1039 3885 secretorum
1063 3845 1303 3886 suorum.
1330 3830 1584 3891 Restituti
1615 3841 1740 3899 sunt
1765 3847 1892 3909 ergo
1910 3831 2120 3900 judiecs

551 3930 607 3975 et
634 3921 925 3975 consiliarii
977 3921 1149 3976 instar
1173 3921 1435 3993 priorum,
1478 3939 1582 3982 non
1607 3922 1776 3979 solum
1807 3932 1925 3995 pust
1952 3924 2120 3993 capti—

546 4006 772 4067 vitatem
800 4020 859 4067 ut
888 4012 1101 4067 fuerunt
1124 4012 1678 4079 Zorobabel,Esdras,
1709 4014 1903 4086 aliique
1934 4015 2116 4079 duces,

552 4104 645 4172 qui
673 4118 842 4173 usque
900 4103 964 4156 ad
1010 4102 1301 4159 Hircanum
1348 4103 1541 4177 pepulo
1586 4103 1916 4174 prtel’uerunt
1966 4123 1979 4158 :
2025 4106 2119 4159 seel

555 4197 718 4249 etiam
755 4205 877 4265 post
917 4196 1206 4255 adventum
1243 4196 1475 4261 Domini,
1524 4203 1584 4250 ut
1620 4195 1837 4250 fuerunt
1868 4196 2115 4267 apostoli,

552 4280 1019 4355 Ecclesiarumque
1041 4285 1329 4354 principes,
1351 4293 1513 4355 atque
1538 4292 1793 4340 rectores.
1825 4304 1842 4337 ι
1862 4283 1988 4349 Post
2008 4285 2131 4355 haec,

550 4375 829 4431 vocaberis
873 4376 1064 4433 civitas
1101 4374 1251 4447 justi,
1304 4378 1433 4431 urbs
1464 4376 1658 4431 ﬁdelis.
1695 4395 1713 4427 ι
1747 4374 1948 4441 Civitas
1961 4376 2116 4445 justi,

549 4469 652 4523 hoc
680 4475 780 4531 est,
816 4468 1024 4522 Domini
1058 4466 1371 4535 Salvatoris.
1404 4467 1468 4521 Et
1494 4467 1624 4522 urbs
1650 4466 1819 4521 ﬁdelis
1847 4466 1935 4529 illa
1965 4467 2119 4531 intel-

546 4558 750 4629 ligitur,
790 4558 855 4612 de
878 4574 983 4628 qua
1007 4557 1218 4614 Veritas
1246 4559 1298 4614 iu
1336 4558 1624 4630 Evangelio
1645 4558 1721 4612 ait
1749 4570 1764 4611 :
1805 4556 1919 4612 Non
1942 4567 2120 4633 potest

554 4743 633 4797 sia
661 4759 821 4813 supra
858 4744 1129 4800 Christum
1157 4746 1415 4810 fundat,a..
1449 4746 1763 4817 Postquam,
1801 4746 1993 4816 inquit,
2033 4761 2120 4801 re-

554 4828 780 4891 atituero
803 4836 896 4891 tibi
917 4836 1123 4906 judices
1142 4847 1261 4895 tuos
1282 4847 1341 4893 ut
1360 4837 1576 4893 fuerunt
1603 4837 1772 4908 prius,
1788 4845 1842 4892 et
1863 4837 2114 4891 consilia-

541 4930 655 4983 rios
700 4936 821 4985 tuos
866 4928 1006 4984 sicut
1067 4930 1381 5000 antiquitus,
1436 4937 1564 4997 tunc
1597 4927 1877 4993 vocaberis
1926 4928 2116 4985 civitas

532 5018 693 5087 justi,
732 5019 787 5075 id
815 5028 899 5075 est
920 5019 1139 5074 Christi.
1158 5020 1224 5074 Et
1244 5021 1371 5074 urbs
1386 5018 1576 5083 tidelis,
1603 5016 1855 5087 quoniam
1883 5017 2110 5090 integer-

542 5113 680 5166 rime
701 5106 861 5166 ﬁdem
887 5110 1097 5166 Domini
1131 5109 1426 5164 Salvator-is
1447 5108 1723 5164 retinebis.

616 5219 635 5250 ι
673 5197 802 5255 Sion
850 5201 903 5255 in
941 5200 1144 5269 judicio
1183 5198 1493 5264 redimetur,
1537 5206 1593 5252 et
1618 5183 1877 5254 reducent
1907 5214 2026 5254 eam
2057 5198 2111 5253 in

530 5287 766 5358 justitia.
792 5309 811 5342 ι
838 5290 915 5346 Ac
935 5291 979 5345 si
1001 5291 1203 5350 diceret
1221 5287 1341 5343 aliis
1362 5287 1568 5343 verbis:
1588 5285 1703 5343 Non
1732 5303 1918 5343 omnes
1942 5286 2113 5343 Israe-

543 5378 653 5434 lita:
685 5380 1041 5445 redimentur,
1080 5380 1174 5434 sed
1212 5378 1315 5446 illae
1346 5378 1587 5449 reliquias
1631 5378 1698 5433 de
1725 5378 1918 5448 quibus
1948 5394 2109 5448 supra

535 5465 744 5524 dictum
792 5479 875 5524 est
905 5467 1081 5539 (Rom.
1114 5465 1250 5537 xu).
1289 5467 1355 5521 Et
1387 5453 1489 5521 hoc
1518 5475 1601 5535 est
1631 5467 1774 5536 quod
1794 5467 1957 5533 dicit,
1981 5467 2107 5538 quia

535 5556 830 5612 redimetur
871 5558 922 5611 in
947 5555 1170 5624 judicio,
1198 5556 1249 5611 id
1267 5567 1350 5612 est
1375 5558 1430 5612 in
1459 5556 1805 5621 discretione,
1830 5564 1889 5610 ut
1907 5558 1999 5627 qui
2023 5575 2107 5614 vo-

537 5645 739 5701 luerint
781 5647 1029 5711 credere,
1078 5647 1353 5702 salventur
1390 5655 1445 5703 et
1472 5646 1823 5701 redimantur.
1858 5647 1947 5702 isti
1979 5663 2105 5704 vero

542 5739 634 5807 qui
657 5738 992 5794 adduxerunt
1020 5755 1112 5795 eos
1139 5740 1204 5794 ad
1244 5739 1400 5795 ﬁdem
1426 5738 1622 5794 Christi
1650 5739 1701 5792 in
1724 5737 1949 5807 justitia,
1976 5756 2101 5811 apo-

544 5827 671 5883 stoli
723 5828 1107 5902 intelliguntur,
1153 5830 1349 5900 aliique
1391 5829 1786 5900 przcdit'atores.

2144 4601 2196 4660 D

549 4652 742 4707 civitas
768 4652 1023 4708 abscondi
1068 4668 1226 4727 supra
1267 4662 1501 4708 montem
1530 4653 1725 4722 posita,
1750 4654 1801 4709 id
1826 4662 1907 4707 est
1933 4653 2120 4708 Ecclc-
2144 4651 2205 4660 ”’

2226 3364 2425 3419 mentis
2474 3363 2636 3419 vertit
2681 3364 2748 3419 ad
2793 3365 3081 3431 secundam
3130 3381 3396 3436 personam
3431 3361 3600 3434 populi,
3646 3362 3711 3414 in-

2224 3455 2415 3524 quiens
2447 3474 2459 3507 :
2499 3454 2567 3519 Et
2585 3455 2919 3511 erubescetis
2945 3471 3109 3527 super
3139 3458 3315 3513 hortis
3339 3453 3726 3529 quoselegemis,

2224 3556 2280 3601 Cl.
2299 3553 2514 3600 caetera.

2300 3655 2320 3687 ι
2354 3636 2422 3691 Ει
2446 3637 2548 3692 erit
2578 3635 2832 3692 fortitudo
2870 3645 3049 3693 vestra
3090 3637 3247 3708 quasi
3285 3637 3462 3692 favilla
3509 3644 3670 3706 stupe,
3695 3643 3725 3686 tt

2223 3742 2358 3797 opus
2386 3736 2625 3782 vestrum
2653 3726 2807 3797 quasi
2848 3727 3114 3782 scintilla}.
3156 3748 3173 3780 ι
3207 3729 3533 3784 Adveniente
3552 3734 3732 3795 tenuiore

2221 3820 2609 3890 persecutionis
2629 3828 2685 3875 et
2716 3821 3042 3890 captivitatis
3076 3819 3232 3889 ejus:
3264 3822 3447 3876 omnis
3471 3818 3682 3875 fortitudo
3697 3825 3733 3869 et

2222 3910 2469 3979 superbia
2498 3908 2805 3965 Iudaeorum
2836 3912 2929 3980 qui
2967 3911 3257 3967 Dominum
3288 3912 3679 3984 dereliquerunt,
3698 3907 3732 3958 in

2220 4015 2325 4070 qua
2352 3999 2715 4065 conﬁdebant,
2747 4002 2814 4056 ad
2835 4001 3061 4057 nihilum
3089 4004 3306 4058 redacta
3336 4013 3425 4058 est
3450 4023 3464 4058 :
3492 4004 3616 4058 sicut
3630 3998 3735 4053 facile

2221 4090 2554 4148 consumitur
2575 4090 2754 4147 favilla
2782 4100 2972 4163 stupze.
3000 4093 3068 4147 Et
3100 4108 3261 4149 omne
3287 4110 3429 4164 opus
3457 4103 3730 4158 eorumque

2221 4184 2510 4255 sperabant
2544 4199 2602 4239 se
2640 4184 2804 4252 tueri,
2869 4186 3050 4241 subito
3080 4188 3403 4256 pertransiit
3436 4205 3451 4242 :
3494 4188 3620 4243 sicut
3642 4183 3720 4237 seu

2220 4274 2332 4329 tilla
2369 4274 2509 4344 ignis
2552 4275 2732 4331 subito
2757 4275 2953 4331 evolat.
2980 4296 2999 4328 ‹
3031 4276 3098 4331 Ει
3122 4276 3490 4332 succendelnr
3518 4284 3736 4340 utrumn:

2220 4369 2400 4438 simul,
2433 4377 2488 4425 et
2517 4385 2624 4425 non
2662 4370 2766 4425 erit
2793 4370 2883 4441 qui
2909 4371 3239 4441 exstinguat.
3271 4389 3290 4422 ι
3328 4369 3449 4435 lloc
3479 4379 3586 4434 est,
3608 4376 3653 4423 et
3672 4365 3737 4418 lor

2219 4461 2393 4516 titudo
2436 4462 2698 4531 superbia:
2722 4503 2737 4527 ,
2785 4470 2840 4516 et
2866 4477 3000 4532 opus
3031 4462 3223 4516 falsum
3251 4454 3737 4533 simul‘peribnnLD

2222 4566 2327 4605 non
2352 4552 2458 4607 erit
2485 4552 2574 4621 qui
2596 4551 2793 4621 salvet,
2815 4553 2941 4623 quia
2971 4552 3230 4607 Dominus
3257 4551 3548 4624 dissipabit
3580 4550 3695 4606 illud.

2836 4709 3062 4765 CAPUT
3102 4708 3167 4763 ιι.
3236 4728 3244 4737 ·

2293 4856 2311 4886 ‹
2343 4836 2581 4907 Verbum
2616 4836 2758 4905 quod
2801 4835 2935 4891 vidit
2982 4837 3148 4893 Isaias
3192 4836 3334 4893 ﬁlius
3381 4842 3559 4894 Amos
3587 4879 3601 4902 ,
3633 4851 3743 4903 super

2212 4924 2406 4980 ludam
2461 4934 2517 4991 et
2587 4925 2941 4982 Hierusalem.
2987 4948 3004 4980 ι
3066 4928 3257 4983 Mirum
3334 4931 3505 4986 valde
3552 4939 3657 4991 est,
3695 4927 3744 4980 nr

2212 5017 2420 5086 misque
2467 5017 2653 5083 animo
2682 5018 3119 5088 perpendendum
3162 5021 3305 5090 quo]
3354 5023 3621 5091 propheta
3655 5017 3747 5072 dicit

2218 5106 2453 5161 Verbum
2505 5118 2563 5161 se
2610 5107 2834 5163 vidisse.
2878 5107 2995 5175 Quo
3026 5109 3172 5164 enim
3208 5110 3369 5164 modo
3414 5122 3598 5181 potest
3627 5112 3747 5163 betae

2218 5195 2448 5252 Verbum
2480 5197 2698 5257 videre?
2731 5198 2798 5252 Et
2839 5200 2980 5275 quod
3018 5208 3104 5269 est
3141 5200 3283 5255 istud
3320 5200 3605 5256 Verbum?
3628 5197 3749 5253 Nimi-

2216 5303 2336 5341 rum
2371 5287 2520 5354 iilud,
2552 5288 2618 5343 de
2643 5303 2749 5359 quo
2768 5286 3004 5344 Joannes
3033 5289 3164 5345 dicit
3196 5308 3209 5342 :
3242 5307 3260 5339 (
3289 5289 3348 5343 ln
3370 5291 3639 5361 principio
3664 5295 3749 5340 erat

2218 5382 2473 5438 Verbum.
2500 5382 2679 5452 (Joan.
2721 5381 2786 5453 ι.)
2810 5402 2831 5435 ι
2850 5382 2996 5438 Istud
3019 5382 3251 5452 denique
3272 5383 3553 5447 Verbum,
3581 5380 3752 5451 sapien-

2215 5471 2344 5527 tiam
2382 5471 2588 5527 scilicet
2617 5470 2792 5527 Patris
2822 5472 3123 5543 Filiumque
3148 5472 3263 5542 ejus
3288 5512 3304 5537 ,
3335 5474 3478 5528 vidit
3509 5471 3751 5545 propheta.

2211 5563 2266 5617 ῘιΙ
2293 5572 2377 5618 est
2401 5572 2580 5618 mente
2608 5561 2871 5618 intellexit
2900 5562 3053 5618 illum
3084 5563 3635 5634 venturutn,ideoque
3657 5557 3753 5615 sub-

2200 5652 2412 5721 junxit:

2284 5761 2301 5792 ι
2340 5742 2407 5795 Et
2432 5742 2536 5796 erit
2576 5742 2628 5795 in
2670 5741 2978 5796 novissimis
3008 5740 3197 5795 diebus
3247 5750 3594 5811 praeparatus
3631 5748 3754 5791 mons
3856 5742 3857 5795 1

2208 5833 2395 5888 domus
2421 5831 2624 5887 Domini
2650 5832 2700 5885 in
2727 5830 2925 5886 vertice
2953 5829 3243 5896 montium,
3279 5838 3331 5885 et
3372 5829 3668 5884 elevabitur
3689 5837 3755 5877 su-
