3898 6514
151 432 278 489 729

1269 431 1621 491 (ΣΟΜΜΕΝΤ.
1662 432 1728 488 IN
1766 430 2018 487 ISAIAM.
2058 463 2129 472 —
2166 432 2290 490 LIB.
2328 434 2367 490 Ι.

3322 420 3329 425 ’
3366 436 3475 492 750

154 562 270 618 per
293 544 486 601 calles.
515 566 534 599 ι
565 545 655 601 Isti
679 544 954 601 novissimi
978 545 1092 601 dies
1113 554 1257 611 sunt,
1289 545 1358 603 de
1381 546 1576 617 quibus
1600 544 1764 600 Iacob
1791 550 1843 608 Α
1868 546 2262 603 ambulabimus
2308 547 2361 602 in
2418 548 2624 605 semitis
2659 550 2810 622 ejus,
2854 550 2906 607 id
2940 559 3054 617 est,
3099 550 3150 607 in
3202 538 3458 623 operibus

156 628 496 706 patriarcha
543 635 953 701 dixitchnite,
990 636 1084 690 ﬁlii
1132 636 1320 702 Iacob,
1370 636 1552 691 audite
1604 634 1768 690 Israel

154 737 395 798 patrem
421 735 697 794 vestrum;
720 734 777 781 et
804 726 1139 782 annuntiabo
1188 727 1340 781 vobis
1388 741 1507 797 qua:
1541 733 1767 781 ventura

157 829 306 875 sunt
340 818 395 874 in
411 818 720 874 novissimis
746 817 955 884 diebus,
981 818 1036 874 id
1056 828 1159 884 est,
1185 819 1238 873 in
1265 818 1558 874 novissima
1585 817 1767 874 saeculi

156 918 358 966 aetate.
407 910 474 964 Et
519 910 765 980 protinus
811 908 1017 964 addidit
1043 928 1059 976 :_
1088 928 1107 963 ι
1142 909 1261 965 Νοιι
1311 910 1521 965 deficiet
1566 910 1672 965 dux
1702 908 1768 965 de

156 998 337 1063 Iuda,
370 1001 544 1055 donec
592 1000 772 1054 veniat
816 999 909 1070 qui
957 999 1253 1055 mittendus
1280 1008 1359 1055 est
1410 998 1572 1070 (Dan.
1624 998 1709 1071 ιι).
1741 1017 1760 1052 ι

154 1090 488 1147 Notandum
514 1098 693 1146 autem
716 1093 879 1147 istum
908 1105 1029 1147 esse
1055 1102 1313 1157 montem,
1340 1108 1499 1163 quem
1521 1091 1768 1164 superius

158 1181 470 1253 appellavit
504 1183 755 1239 Verbum.
780 1183 847 1238 Et
870 1182 970 1237 iste
987 1191 1068 1238 est
1090 1182 1247 1253 lapis,
1267 1182 1357 1254 qui
1380 1180 1529 1238 visus
1551 1190 1632 1237 est
1664 1182 1768 1236 Da-

161 1274 307 1329 nieli
365 1275 606 1331 crevisse
660 1276 715 1330 in
775 1284 1012 1330 montem
1066 1262 1343 1346 magnum,
1394 1284 1449 1330 et
1516 1273 1769 1345 implesse

160 1381 397 1421 omnem
426 1374 646 1422 terram.
677 1366 783 1422 Iste
808 1366 1005 1443 quippe
1037 1382 1215 1432 mons,
1251 1382 1408 1422 mons
1431 1366 1621 1421 domus
1665 1366 1771 1419 Do-

162 1457 313 1513 mini
348 1466 465 1524 est,
494 1456 546 1513 id
577 1466 695 1524 est,
747 1456 1024 1522 Ecclesiae,
1062 1473 1182 1528 qua:
1204 1465 1290 1513 est
1335 1457 1526 1521 domus
1555 1453 1766 1510 Domini

160 1564 339 1618 supra
371 1546 649 1604 Christum
678 1546 923 1614 fundata,
949 1548 1014 1603 de
1028 1564 1141 1619 quo.
1160 1546 1605 1625 psalmographus
1629 1545 1768 1601 ceci-

162 1640 255 1695 nit
281 1658 297 1695 :
332 1658 352 1692 ι
388 1639 558 1696 Unam
592 1640 723 1713 petii
753 1656 784 1695 a
809 1639 1067 1704 Domino,
1097 1638 1237 1694 hanc
1270 1638 1569 1709 requiram,
1599 1646 1657 1691 ut
1686 1637 1766 1692 in-

160 1733 415 1788 habilem
444 1733 497 1788 in
523 1720 683 1798 domo
713 1731 921 1787 Domini
972 1728 1196 1802 (I’salm.
1240 1736 1411 1801 xxvi).
1453 1749 1471 1781 ι
1505 1729 1766 1801 Egregius

163 1838 397 1895 quoque
424 1822 744 1893 prmdicator
772 1822 839 1876 ad
880 1821 1261 1875 Timotheum:
1318 1838 1336 1871 ι
1366 1818 1535 1885 Scito,
1568 1819 1764 1890 inquit,

1870 635 2042 699 illius,
2088 636 2349 693 imitando
2378 638 2547 693 illum.
2578 639 2684 695 Sed
2729 642 2881 711 prius
2907 641 3176 697 discenda:
3198 652 3324 698 sunt
3365 643 3491 697 viae'

1870 724 2107 790 Domini,
2141 726 2193 781 id
2222 737 2327 793 est,
2360 730 2608 785 mandata
2631 730 2790 797 illius,
2812 739 2873 787 ut
2894 732 3082 787 beatus
3105 732 3461 804 Hieronymus

1868 814 2020 881 dicit,
2058 824 2113 871 et
2132 826 2319 888 postea
2346 819 2724 877 ambulandum
2750 838 2847 893 per
2869 823 3089 878 semitas
3110 823 3247 894 ejus.
3277 842 3295 875 ι
3323 822 3460 890 Quia

1868 903 1933 958 de
1956 902 2083 959 Sion
2102 904 2268 959 exibit
2287 905 2390 969 lex,
2418 916 2474 962 et
2494 910 2718 965 verbum
2740 912 2947 967 Domini
2970 913 3034 968 de
3050 913 3403 968 Hierusalem.
3436 932 3456 966 ι

1867 992 1945 1049 Ac
1970 992 2016 1048 si
2040 993 2242 1048 diceret
2275 1011 2288 1050 :
2316 994 2522 1053 Idcirco
2547 1015 2735 1056 omnes
2762 1010 2947 1073 gentes
2976 1003 3262 1074 populique
3303 1002 3459 1058 multi

1867 1097 2055 1143 mutuo
2070 1104 2127 1144 se
2150 1089 2531 1155 hortabantur,
2557 1100 2614 1145 ut
2637 1093 2853 1147 veniant
2874 1078 2949 1148 ad.
2965 1102 3197 1150 montem
3218 1094 3459 1163 Domini,

1867 1186 1923 1232 et
1951 1180 2247 1235 ascendant
2293 1180 2366 1235 ad
2415 1182 2631 1236 domum
2679 1182 2772 1237 Dei
2807 1183 2974 1239 Iacob
3002 1226 3017 1249 ,
3054 1185 3178 1255 quia
3222 1185 3287 1241 de
3328 1184 3461 1242 Sion

1869 1268 2037 1324 exibit
2060 1269 2165 1333 lex,
2191 1279 2246 1325 et
2269 1270 2490 1326 verbum
2508 1271 2721 1327 Domini
2745 1274 2809 1327 de
2825 1273 3179 1330 Hierusalem.
3196 1276 3307 1331 'Per
3327 1277 3456 1332 Sion

1869 1359 2012 1431 (qure
2066 1362 2453 1433 interpretatur
2505 1365 2820 1436 speculatio)
2876 1376 2931 1422 et
2974 1383 3072 1438 per
3120 1369 3454 1426 Hierusalem

1868 1453 2010 1525 (qua:
2041 1454 2422 1525 interpretatur
2455 1457 2591 1519 visio
2617 1458 2784 1526 pacis)
2840 1458 3158 1531 intelligitur
3183 1462 3455 1531 primitiva

1868 1542 2132 1608 Ecclesia,
2166 1559 2285 1614 quae
2319 1543 2420 1599 fuit
2454 1545 2506 1599 in
2553 1546 2807 1616 apostolis
2847 1547 3074 1618 aliisque
3112 1550 3461 1607 credentibus

1867 1649 1933 1689 ex
1963 1633 2181 1697 Iudaeis,
2217 1635 2282 1690 de
2310 1650 2415 1706 qua
2466 1638 2732 1707 processit
2784 1638 2851 1693 ad
2881 1653 3068 1695 omnes
3096 1641 3340 1695 nationes
3370 1642 3458 1697 lex

1870 1727 2077 1782 Veteris
2097 1727 2425 1783 Testamenti
2463 1730 2814 1799 spiritualiter
2835 1732 3127 1800 intellecta,
3155 1742 3209 1789 et
3234 1735 3457 1791 verbum

1872 1815 2085 1871 Domini
2118 1817 2358 1871 doctrina
2388 1818 2677 1889 Evangelii.
2722 1820 2908 1876 Potest
2934 1824 3097 1877 etiam
3133 1824 3274 1878 etde
3298 1839 3459 1896 gene-

165 1912 452 1981 quomodo
477 1920 527 1975 te
555 1919 800 1981 oporteat
828 1909 1106 1974 ambulare
1134 1910 1184 1965 in
1208 1909 1365 1964 domo
1386 1908 1616 1972 Domini,
1644 1925 1763 1979 qua:
1790 1917 1839 1977 Β
1868 1907 1966 1960 rali
1988 1907 2225 1963 Ecclesia
2266 1907 2507 1979 intelligi,
2536 1910 2599 1965 de
2635 1926 2738 1981 qua
2765 1913 3001 1982 quotidie
3029 1921 3214 1978 manat
3261 1913 3367 1981 lex,
3402 1923 3458 1972 et

164 2009 258 2055 est
297 2001 541 2056 Ecclesia
586 2001 680 2056 Dei
722 1999 831 2055 vivi
883 1999 947 2073 (Ι
984 2000 1117 2054 Tim.
1176 1999 1290 2071 ιιι).
1344 2019 1361 2051 ι
1400 2000 1517 2070 ipse
1552 2014 1765 2070 quoque

164 2090 423 2149 Christus
472 2109 626 2157 mons
670 2102 754 2159 est
794 2102 849 2157 et
898 2095 1089 2157 domus
1118 2092 1233 2158 Dei,
1279 2092 1344 2148 de
1376 2088 1481 2168 qua
1531 2091 1763 2147 dicitur:

173 2202 193 2234 ι
227 2182 385 2238 Mons
419 2184 473 2239 in
498 2200 605 2261 quo
627 2183 1019 2252 beneplacitum
1048 2192 1131 2236 est
1160 2181 1290 2247 Deo,
1340 2182 1585 2236 habitare
1611 2181 1662 2235 in
1694 2198 1758 2235 eo

167 2271 625 2346 (Psalm.t.xvu).
680 2292 700 2326 ι
743 2273 847 2327 Sed
894 2274 1017 2342 quis
1061 2272 1194 2327 vidit
1241 2287 1478 2343 unquam
1526 2279 1763 2326 montem

166 2381 338 2435 supra
367 2365 621 2419 verticem
658 2363 960 2418 montium?
994 2362 1143 2417 Mons
1179 2362 1324 2417 enim
1372 2370 1455 2417 est
1494 2361 1762 2425 Christus,

168 2462 233 2509 ut
277 2454 533 2509 diximus.
585 2453 793 2507 Montes
843 2468 968 2507 vero
1016 2451 1192 2523 angeli
1222 2461 1378 2517 sunt,
1407 2452 1764 2521 caelestesque

168 2551 438 2615 vertices,
467 2547 715 2620 apostoli,
752 2547 1090 2617 patriarcbze,
1124 2545 1422 2617 prophetae,
1474 2554 1760 2615 martyres,

86 2636 105 2648 “
170 2642 548 2707 confcssorcs,
603 2641 694 2711 qui
743 2641 812 2695 do
848 2639 990 2714 trina
1017 2655 1133 2705 sua,
1159 2637 1281 2713 ﬁde,
1324 2648 1380 2693 et
1427 2639 1763 2710 operatione,

176 2739 460 2809 signisque
512 2734 894 2791 miraculorum
950 2733 1162 2791 fortiter
1207 2732 1532 2787 micuerunt.
1588 2732 1762 2793 Colles

84 2834 107 2844 ’
168 2842 302 2883 vero
346 2826 620 2897 simplices
647 2824 845 2894 quique
882 2831 936 2877 et
979 2822 1184 2888 ﬁdeles,
1227 2830 1285 2876 ut
1333 2830 1455 2877 sunt
1498 2824 1758 2886 eremitze,

168 2900 532 2982 continentes,
563 2916 755 2980 vidum,
782 2925 837 2971 et
862 2914 1027 2975 vidui,
1062 2914 1294 2983 bonique
1314 2913 1604 2984 conjugati.
1634 2913 1761 2981 Qui,

167 3009 301 3083 licet
338 3008 584 3064 doctrina
609 3016 664 3063 et
683 3007 850 3078 signis
866 3005 1247 3061 miraculorum
1280 3020 1385 3060 non
1414 3004 1756 3072 claruissent,

172 3098 279 3154 ﬁde
332 3107 511 3154 tamen
564 3106 618 3153 ct
662 3097 970 3168 operatione
1017 3094 1239 3167 perfecti
1293 3094 1528 3168 fuerunt.
1564 3095 1638 3150 De
1675 3096 1759 3151 his

168 3189 445 3246 monzibus
471 3187 801 3258 collibusque
830 3186 1114 3242 Psalmista
1144 3185 1414 3251 decantat,
1465 3186 1753 3255 inquiens:

1868 1996 2116 2051 doctrina
2142 1997 2436 2068 Evangelii.

1942 2108 1960 2140 ι
1999 2087 2341 2157 Etj'ndicabit
2366 2100 2572 2161 gentes,
2601 2100 2655 2147 et
2684 2102 2869 2165 arguet
2909 2097 3135 2166 populos
3179 2097 3393 2161 multos.
3432 2118 3451 2152 ι

1866 2177 2094 2257 Quidam
2141 2180 2240 2234 sub
2270 2196 2376 2236 uno
2427 2196 2585 2237 sensu
2622 2184 2939 2253 accipiunt:
2985 2187 3126 2257 quod
3184 2204 3349 2243 unum
3378 2190 3452 2247 sit

1859 2256 2104 2325 judicare
2131 2280 2340 2340 gentes,
2371 2280 2427 2325 et
2454 2287 2679 2342 arguere
2706 2274 2931 2345 populos
2956 2256 3170 2333 multos.
3205 2277 3311 2334 Sed
3341 2295 3457 2335 me-

1865 2359 1967 2415 lius
1992 2369 2097 2425 est,
2129 2370 2188 2415 ut
2218 2362 2470 2418 distincte
2497 2363 2827 2433 accipiamus
2851 2382 2947 2436 per
2974 2376 3179 2438 gentes,
3226 2370 3453 2442 gentiles

1863 2453 2143 2507 credentes
2176 2461 2230 2507 et
2255 2469 2363 2508 non
2391 2455 2701 2522 credentes;
2732 2472 2829 2527 per
2850 2460 3075 2529 populos
3104 2461 3320 2527 multos,
3343 2463 3454 2517 sive

1861 2558 1958 2613 per
1985 2543 2236 2612 populum
2276 2543 2501 2599 multum
2531 2543 2611 2617 (ιιι
2660 2546 3010 2619 Septuaginta
3040 2550 3451 2623 transtulerunt)

1860 2631 2073 2688 Iudzeos
2116 2634 2442 2689 incredulos.
2496 2633 2709 2691 Iudicat
2751 2651 2880 2709 ergo
2909 2639 3167 2699 Dominus
3206 2640 3447 2711 quotidie

1861 2734 2063 2807 gentes,
2118 2736 2172 2782 et
2192 2727 2455 2797 judicabit
2490 2728 2815 2801 generaliter
2843 2730 2895 2785 in
2922 2730 3008 2786 die
3034 2730 3246 2801 judicii,
3282 2732 3335 2786 id
3364 2742 3449 2789 est

1861 2820 2239 2874 discretionem
2268 2820 2427 2876 faciet
2453 2822 2595 2877 inter
2622 2823 2903 2878 credentes
2927 2833 2981 2879 et
3010 2840 3116 2878 non
3140 2825 3445 2881 credentes.

1859 2908 2031 2964 Aliter
2065 2910 2208 2965 enim
2235 2908 2624 2978 judicabuntur
2652 2914 2956 2980 credentes,
2986 2914 3146 2969 aliter
3178 2930 3285 2969 non
3319 2930 3441 2971 crc-

1860 2992 2047 3054 dentes
2070 3017 2084 3052 :
2109 2999 2233 3069 quia
2276 3000 2365 3071 qui
2406 3016 2511 3055 non
2541 3001 2732 3071 credit,
2763 3003 2876 3073 jam
2913 3004 3186 3075 judicatus
3209 3014 3309 3060 est.
3340 3005 3444 3061 Ar-

1858 3098 1985 3160 guet
2011 3100 2189 3144 autem
2225 3091 2447 3161 populos
2479 3091 2694 3157 multos,
2726 3092 2777 3147 id
2807 3101 2890 3149 est
2928 3095 3208 3150 damnabit
3231 3094 3447 3153 Iudaeos

1860 3182 2162 3256 incredulos
2202 3190 2257 3237 ct
2297 3183 2555 3240 inﬁdeles.
2593 3202 2611 3236 ι
2649 3184 2714 3239 Et
2755 3184 3062 3242 conflabant
3087 3187 3291 3259 gladios
3320 3203 3447 3244 sutis

171 3277 377 3334 Montes
402 3278 455 3334 in
479 3279 710 3334 circuitu
739 3276 876 3346 ejus.
903 3276 968 3330 Et
998 3275 1239 3331 Ecclesia
1278 3276 1330 3329 in
1362 3275 1583 3330 Cantico
1621 3292 1749 3330 can-
1775 3268 1821 3327 C
1854 3271 1908 3325 in
1948 3287 2212 3333 vomeres,
2245 3283 2299 3328 et
2351 3273 2566 3329 lanceas
2621 3291 2748 3331 suas
2794 3277 2849 3331 in
2898 3275 3084 3333 falces.
3120 3298 3139 3331 ι
3173 3278 3287 3333 Hoc
3335 3288 3443 3346 est,

174 3373 431 3429 ticorum:
456 3392 474 3423 ι
505 3373 643 3427 Ecce
665 3374 765 3427 iste
795 3371 941 3425 venit
967 3370 1163 3425 saliens
1195 3370 1245 3423 in
1279 3370 1573 3433 montibus,
1607 3377 1756 3421 tran-

175 3462 463 3530 siliensque
508 3461 671 3516 colles
721 3458 946 3532 (Cantia.
978 3460 1062 3531 ιι).
1101 3478 1120 3510 ι
1180 3457 1331 3513 Mons
1383 3474 1514 3529 ergo
1567 3459 1756 3514 domus

178 3550 388 3605 Domini
420 3550 471 3603 in
498 3549 697 3603 vertice
725 3549 985 3604 montium
1013 3556 1097 3602 est
1127 3557 1481 3619 prteparatus,
1506 3563 1570 3603 ac
1596 3563 1757 3618 super

180 3638 342 3695 colles
376 3638 636 3707 elevatus,
665 3638 913 3703 Christus
952 3637 1200 3693 videlicet
1228 3654 1387 3721 super
1428 3654 1589 3721 quem
1636 3639 1755 3693 fun-

179 3729 301 3784 data
322 3738 402 3783 est
429 3729 688 3795 Ecclesia,
720 3744 749 3782 a
775 3730 884 3784 Deo
910 3728 1071 3783 Patre
1091 3737 1423 3799 praeparatus
1445 3740 1497 3785 et
1519 3729 1755 3785 elevatus

162 3826 335 3890 super
353 3835 566 3883 omnem
595 3819 986 3889 principatum,
1021 3826 1077 3875 et
1103 3820 1381 3885 virtutem,
1410 3827 1465 3875 et
1505 3818 1751 3874 domina-

178 3910 391 3966 tionem.

250 4020 268 4053 ι
305 4002 368 4056 Ει
391 4001 556 4069 liuent
586 4002 652 4057 ad
682 4018 804 4057 cum
831 4017 1020 4058 omnes
1044 4010 1253 4074 gentes,
1280 4010 1335 4058 et
1377 4002 1530 4057 ibunt
1571 4002 1751 4074 populi

177 4090 325 4147 multi
374 4101 428 4146 et
472 4093 687 4148 dicent:
720 4112 740 4145 ι
778 4093 1003 4149 Domino
1053 4093 1373 4151 adveniente
1421 4094 1474 4150 in
1528 4096 1755 4169 mundo,

177 4184 441 4257 caalosque
490 4194 707 4256 peracta
760 4188 1128 4257 redemptione
1167 4196 1513 4261 penetrante,
1562 4203 1749 4244 omnes

178 4284 359 4347 gentes
383 4285 439 4330 et
468 4275 646 4346 populi
677 4276 743 4329 ad
773 4276 929 4329 ﬁdem
961 4276 1076 4346 ejus
1101 4275 1491 4332 conﬁnxerunt.
1524 4276 1600 4332 De
1625 4278 1747 4348 qui-

180 4371 277 4424 bus
300 4379 348 4423 et
373 4370 573 4424 dictqu
592 4368 769 4431 fuerat
792 4385 821 4423 a
845 4369 1003 4424 Patre
1027 4388 1039 4423 :
1068 4390 1085 4421 ι
1110 4369 1327 4425 Postula
1353 4386 1383 4424 a
1409 4386 1516 4434 me,
1539 4379 1593 4425 et
1611 4371 1750 4426 dabo

180 4462 271 4527 tibi
298 4473 480 4531 gentes
506 4461 866 4517 luereditatem
906 4471 1050 4517 tuam
1075 4461 1301 4533 (Psalnt.
1330 4463 1414 4533 ιι).
1459 4484 1479 4515 ι
1522 4462 1627 4520 Sed
1658 4465 1749 4520 isti

178 4552 347 4621 populi
370 4561 667 4622 gentesque
689 4567 1027 4621 nequaquam
1051 4553 1267 4621 propria
1290 4551 1462 4607 salute
1488 4556 1746 4621 contenti,

179 4641 519 4709 hortabantur
535 4657 593 4706 se
610 4641 837 4699 invicem
859 4642 1127 4696 dicentes:
1159 4660 1177 4692 ι
1202 4643 1389 4697 Venite
1402 4654 1459 4698 et
1476 4647 1737 4702 ascende-

180 4750 292 4799 mus
319 4736 382 4788 ad
413 4744 651 4801 montem
672 4734 905 4799 Domini,
939 4724 992 4789 et
1023 4734 1091 4788 ad
1116 4733 1334 4790 domum
1365 4736 1459 4791 Dei
1486 4735 1669 4803 Iacob,
1693 4748 1748 4795 et

179 4826 377 4892 decebit
420 4842 519 4886 nos
544 4827 658 4881 vias
707 4841 852 4890 suas,
879 4835 934 4881 et
972 4825 1389 4884 ‘atnbulabimus
1436 4829 1490 4884 in
1541 4830 1747 4887 semitis

178 4918 305 4987 ejus.
341 4936 363 4975 ι,
397 4918 528 4984 Quis
549 4918 619 4972 sit
653 4933 809 4972 mons
834 4918 1025 4973 domus
1046 4917 1291 4984 Domini,
1320 4928 1375 4974 et
1409 4936 1527 4993 qua:
1553 4921 1745 4978 domus

181 5010 289 5073 Dei,
335 5009 491 5079 paulo
543 5009 792 5078 superius
840 5008 1386 5067 diximus:Christus
1415 5011 1666 5068 videlicet
1691 5022 1747 5069 et

178 5102 425 5155 Ecclesia.
451 5100 561 5156 Iluc
585 5110 762 5154 autem
788 5100 1317 5157 animadvertendum
1345 5113 1444 5167 est,
1473 5105 1598 5175 quia
1617 5121 1741 5161 cum

179 5194 411 5258 dixisset,
444 5191 812 5249 Ascendamus
860 5192 928 5247 ad
973 5192 1211 5259 domum,
1240 5184 1742 5263 protinuscuravit

178 5286 481 5353 sulmectere
500 5285 566 5339 ad
589 5284 741 5354 cujus
764 5284 1000 5350 domum,
1026 5283 1351 5356 subjungens
1369 5286 1481 5341 Dei.
1501 5286 1740 5343 Addidit-

178 5396 299 5450 que:
323 5380 485 5447 Cujus
509 5379 642 5434 Dei?
670 5379 761 5433 Dei
794 5377 979 5435 Iacob.
1013 5379 1164 5453 Quod
1194 5389 1277 5436 est
1306 5380 1514 5437 dicere:
1538 5382 1618 5435 Ad
1642 5382 1736 5435 do-

183 5487 313 5526 mum
334 5470 476 5525 illius
503 5469 618 5533 Dei,
652 5469 743 5539 qui
786 5478 868 5524 est
890 5471 1031 5525 Deus
1058 5470 1388 5543 credentium
1412 5473 1551 5527 sicut
1572 5471 1736 5529 Iacob

181 5562 419 5637 credidit,
475 5562 650 5616 venite
696 5570 751 5616 et
801 5561 1171 5617 ascendamus.
1222 5561 1525 5639 Postquam.
1559 5574 1739 5618 autem

181 5654 406 5710 venimus
434 5653 704 5709 credendo
736 5653 803 5707 ad
826 5659 1058 5706 montem
1085 5650 1319 5714 Domini,
1349 5661 1402 5706 et
1426 5652 1737 5707 ascenderi-

181 5762 287 5813 mus
309 5748 371 5801 ad
397 5746 693 5802 Ecclesium
724 5745 835 5811 Dei,
879 5744 1092 5799 docebit
1122 5761 1220 5798 nos
1252 5744 1368 5799 vias
1391 5762 1546 5825 suas,
1567 5745 1617 5800 id
1637 5754 1739 5814 est,

182 5837 411 5894 tnaud'tta
463 5839 585 5893 vita:
626 5854 718 5907 per
768 5834 1140 5908 Evangelicatn
1196 5834 1491 5891 doctrinam
1528 5856 1537 5890 :
1575 5846 1629 5892 ct
1662 5839 1737 5893 sic

1857 3372 2018 3413 omne
2063 3359 2298 3413 studium
2332 3359 2563 3416 bellandi
2602 3371 2847 3417 vertetur
2885 3364 2938 3418 in
2981 3379 3212 3433 pacem:
3252 3374 3307 3422 et
3345 3382 3446 3438 pro

1858 3449 2147 3516 discordia,
2191 3451 2298 3506 erit
2332 3451 2384 3505 in
2413 3461 2525 3508 toto
2552 3454 2683 3509 orbe
2712 3457 3019 3521 ccncordia.
3049 3456 3222 3512 Gladii
3270 3458 3442 3529 siqui-

1857 3540 1979 3595 dem
2047 3544 2399 3598 mutabuntur
2449 3546 2500 3600 in
2552 3561 2836 3613 vomeres,
2879 3559 2935 3604 et
2976 3550 3177 3607 lanceae
3228 3568 3339 3609 sure
3389 3554 3444 3611 in

1857 3629 2059 3687 mices:
2103 3642 2160 3687 ut
2206 3635 2405 3689 amisso
2437 3636 2617 3692 furore
2664 3648 2718 3693 et
2768 3643 3018 3710 superbia
3066 3642 3441 3717 belligerandi,

1857 3722 2199 3792 agricultur:e
2262 3725 2589 3781 deserviant.
2648 3728 3019 3799 Spiritualiter
3059 3742 3239 3788 autem
3282 3736 3445 3806 gladii

1856 3824 2135 3871 mutantur
2192 3818 2244 3871 in
2315 3834 2595 3886 vomeres,
2673 3831 2727 3876 et
2798 3821 2999 3878 lancea:
3068 3825 3121 3879 in
3194 3825 3430 3883 falces:

1854 3909 2070 3979 quando
2096 3917 2150 3964 et
2176 3910 2465 3965 seditiones
2499 3911 2889 3967 discordiarum
2926 3914 3080 3986 longe
3107 3916 3381 3987 pelluntur
3406 3934 3439 3974 a

1853 3998 2028 4063 nobis,
2059 4009 2113 4052 et
2142 3999 2338 4053 duritia
2399 4001 2579 4056 cordis
2615 4002 2814 4056 Christi
2861 4018 3097 4069 vomere,
3147 4006 3201 4060 id
3229 4014 3313 4061 est
3337 4008 3436 4063 ad-

1852 4092 2147 4147 monitione
2171 4093 2320 4147 verbi
2348 4092 2463 4158 Dei,
2480 4093 2743 4165 frangitur
2767 4109 2781 4149 :
2804 4097 3255 4168 eradicanturque
3269 4099 3439 4168 spina:

1850 4184 2125 4251 vitiorum,
2156 4193 2216 4239 ut
2245 4200 2428 4241 semen
2458 4190 2724 4245 sermonis
2760 4189 2856 4245 Dei
2886 4199 3098 4245 crescat
3132 4192 3184 4245 in
3234 4191 3441 4265 fruges,

1851 4284 1905 4329 et
1936 4284 2120 4345 postea
2170 4276 2382 4332 labores
2412 4293 2663 4333 manuum
2694 4292 2996 4337 nostrarum
3029 4284 3436 4342 manducemus:

1851 4365 2167 4420 adveniente
2192 4374 2431 4437 tempore
2456 4370 2739 4426 messiouis
2759 4412 2774 4436 ,
2819 4371 2871 4425 id
2901 4379 3003 4437 est,
3030 4376 3239 4431 mortis.
3277 4396 3295 4429 ι
3323 4376 3440 4434 Νοιι

1851 4455 2051 4509 levabit
2105 4471 2237 4525 gens
2271 4469 2459 4513 contra
2515 4470 2727 4531 gentem
2778 4462 3036 4533 gladium,
3067 4482 3167 4523 nec
3220 4484 3441 4527 exerce-

1850 4547 2051 4602 buntur
2102 4549 2237 4604 ultra
2271 4552 2336 4606 ad
2363 4553 2625 4622 pnclium.
2667 4574 2684 4605 ι
2720 4554 2794 4610 Ea
2840 4571 2958 4633 quae
2996 4560 3242 4630 superius
3290 4563 3435 4619 dicta

1850 4650 1977 4695 sunt
1996 4644 2062 4698 de
2104 4645 2401 4699 mutatione
2426 4645 2744 4715 gladiorum,
2775 4657 2829 4705 et
2854 4666 2972 4719 qua:
2996 4654 3158 4706 etiam
3184 4671 3325 4711 nunc
3354 4657 3438 4713 di-

1848 4743 2061 4798 cuntur,
2099 4745 2337 4806 tempore
2365 4738 2748 4796 incarnationis
2777 4742 3039 4812 completa
3062 4756 3206 4800 sunt.
3259 4747 3436 4821 Siqui-

1847 4824 1988 4889 dem,
2044 4833 2102 4879 ut
2151 4827 2389 4881 historiae
2448 4830 2681 4895 divinae,
2748 4833 3088 4904 maximeque
3158 4839 3436 4908 gentilium

1849 4920 2081 4983 tradunt,
2124 4922 2177 4973 in
2203 4927 2316 4972 toto
2353 4923 2485 4975 orbe
2528 4934 2795 4979 terrarum
2843 4936 2987 4981 tanta
3038 4927 3142 4985 fuit
3168 4932 3436 4989 discordia

1846 5018 1974 5065 ante
2005 5010 2212 5063 Domini
2238 5012 2600 5079 nativitatem,
2619 5030 2787 5085 usque
2812 5018 2880 5071 ad
2904 5018 3216 5088 vigesimum
3233 5038 3432 5078 annum

1845 5101 2124 5158 Octaviani
2153 5103 2401 5174 Augusti,
2436 5105 2535 5161 sub
2578 5123 2685 5177 quo
2718 5108 2977 5163 Dominus
3006 5117 3163 5165 natus
3214 5127 3298 5167 est
3319 5154 3334 5179 ,
3374 5125 3433 5170 ut

1845 5211 1952 5248 non
1996 5195 2402 5262 permitteretur
2451 5198 2516 5253 de
2569 5213 2734 5269 regno
2783 5199 2837 5252 in
2870 5214 3115 5270 regnum,
3161 5203 3213 5259 id
3242 5214 3323 5260 est
3364 5207 3431 5262 de

1842 5285 2117 5356 provincia
2168 5287 2220 5341 in
2269 5290 2595 5359 provinciam
2639 5286 2888 5355 transire,
2919 5293 3160 5349 accensis
3180 5297 3430 5352 omnibu.

1840 5379 2019 5434 studio
2067 5380 2342 5448 praeliandi
2384 5400 2396 5436 :
2444 5398 2548 5437 non
2596 5381 2766 5437 solum
2812 5390 3000 5436 contra
3047 5394 3282 5453 exteras,
3334 5374 3429 5444 sed

1837 5470 2001 5525 etiam
2024 5481 2214 5527 contra
2243 5473 2446 5528 vicinas
2471 5474 2715 5528 nationes
2735 5480 2789 5527 et
2808 5473 3073 5529 civitates.
3100 5474 3229 5530 Orto
3250 5487 3426 5533 autem

1842 5564 2071 5619 Domino
2103 5565 2406 5630 Salvatore,
2442 5565 2532 5635 qui
2576 5564 2723 5619 venit
2747 5579 2936 5635 pacem
2962 5564 3092 5619 dare
3119 5568 3338 5633 mundo,
3369 5581 3430 5625 ut

1841 5670 1939 5709 nos
1982 5655 2357 5712 reconciliaret
2394 5656 2502 5711 Deo
2549 5653 2731 5718 Patri,
2781 5663 2835 5710 ct.
2865 5655 2919 5708 in
2950 5654 3103 5722 cujus
3148 5657 3428 5714 uativitate

1842 5743 1989 5802 cives
2011 5747 2237 5816 angelici
2263 5755 2636 5811 cantaverunt,
2672 5766 2688 5796 ι
2712 5745 2889 5800 Gloria
2919 5746 2971 5800 in
2993 5745 3218 5802 excelsis
3242 5746 3349 5804 Deo
3371 5761 3425 5804 et

1843 5842 1895 5894 iu
1927 5848 2064 5894 terra
2093 5855 2194 5910 [ιιιι
2245 5838 2553 5895 hominibus
2599 5839 2750 5896 bona:
2782 5837 3071 5895 voluntatis
3100 5836 3250 5910 (Luc.
3280 5838 3360 5911 ιι),
3401 5862 3419 5895 ι
