3898 6512
171 482 300 538 753

1296 481 1648 539 (ΞΟΜΜΕΝΤ.
1688 479 1755 535 ΙΝ
1792 476 2045 534 ISAIAM.
2085 505 2153 517 —-
2185 477 2316 534 LIB.
2347 479 2392 533 ῐ.

3347 479 3451 535 754

171 592 495 666 speluncis,
521 607 554 649 a
588 592 726 652 facie
771 593 979 653 timoris
1005 593 1237 660 Domini,
1261 594 1344 650 vel
1369 609 1401 648 a
1439 594 1576 650 facie
1600 592 1774 663 Baby-
1797 595 1852 654 Α
1874 588 1930 644 in
1958 602 2066 657 quo
2094 586 2438 644 damnabitur
2461 587 2722 658 superbus
2749 589 2993 646 diabolus
3032 605 3154 646 cum
3201 591 3454 648 omnibus

171 683 340 740 Ionis
366 684 660 749 exercitus,
690 684 781 754 qui
801 684 1110 755 designatur
1142 699 1238 754 per
1259 685 1507 739 timorem
1545 683 1777 749 Domini,

169 784 240 832 et
275 791 310 830 a
341 774 513 846 gloria
537 775 838 844 majestatis
882 775 1031 844 ejus,
1076 776 1334 846 quoniam
1361 790 1458 849 per
1485 773 1605 832 illos
1634 773 1782 831 misit

173 865 456 922 timorem
496 881 651 921 suum
691 881 853 936 super
891 865 1103 922 Judaeos
1123 908 1137 932 ,
1163 879 1219 922 et
1244 867 1574 937 glorificatus
1597 878 1682 922 est
1714 869 1780 922 de

173 955 449 1010 hostibus
475 956 589 1011 suis
631 956 851 1022 Judaeis,
882 958 1172 1013 vindictam
1195 958 1528 1036 recipiendo.
1574 956 1650 1012 De
1678 957 1780 1011 hac

176 1045 552 1102 tribulatione
583 1046 737 1115 cujus
761 1047 1045 1103 formidine
1073 1050 1466 1104 absconderant
1491 1063 1549 1103 se
1582 1048 1637 1102 in
1665 1063 1783 1118 spe-

176 1133 380 1190 iuncis
411 1143 465 1190 et
484 1136 676 1206 puteis,
719 1138 858 1192 sicut
885 1139 1123 1194 historia:
1156 1146 1411 1202 narrant,
1438 1136 1696 1192 Dominus
1725 1138 1780 1191 in

177 1225 501 1296 Evangelia
527 1226 638 1280 ait:
675 1246 691 1278 ι
717 1227 868 1283 Tunc
893 1228 1072 1288 dicent
1097 1229 1388 1293 montibus,
1404 1227 1593 1282 Cadite
1617 1241 1780 1297 super

178 1329 336 1380 nos;
373 1324 428 1369 et
456 1316 626 1385 petris
652 1317 978 1373 Abseondite
1007 1333 1106 1372 nos
1135 1316 1286 1388 (Luc.
1317 1317 1508 1388 mn).
1539 1335 1558 1369 ι
1583 1316 1778 1380 Altiori

181 1413 384 1460 autem
415 1404 712 1472 intellectu,
751 1409 1060 1478 praecipitur
1091 1409 1247 1464 nobis
1298 1409 1548 1464 omnibus
1591 1416 1650 1462 ut
1691 1410 1780 1464 in-

179 1495 511 1566 grediamur
536 1497 588 1550 in
617 1505 827 1566 petram
857 1513 889 1552 a
921 1497 1060 1554 facie
1088 1498 1299 1557 timoris
1327 1499 1558 1563 Domini,
1595 1499 1650 1554 id
1695 1508 1781 1556 est

179 1585 508 1658 confugium
552 1587 812 1653 faciamus
841 1591 908 1645 ad
958 1589 1232 1652 Christum
1277 1590 1345 1646 de
1389 1606 1497 1660 quo
1539 1591 1774 1655 dicitur:

1881 678 2344 735 consectatoribus
2373 676 2507 746 ejus,
2540 688 2596 734 et
2641 677 3013 736 bumiliabitur
3036 694 3214 750 .snper
3261 695 3452 738 omnes

1880 777 2197 839 arrogantes
2234 777 2289 826 et
2313 769 2597 840 superbos.
2982 759 2987 765 ’

1955 877 1973 910 ι
2025 859 2092 914 Et
2129 875 2294 928 super
2339 875 2529 916 omnes
2573 861 2765 918 cedros
2805 861 2994 918 Libani
3044 863 3340 931 sublimes,
3399 871 3456 920 et

1879 958 2106 1015 erectas,
2136 958 2192 1006 et
2236 965 2400 1019 super
2437 965 2623 1006 omnes
2646 967 2879 1021 quercus
2901 952 3095 1008 Basan.
3134 972 3154 1006 ι
3183 953 3454 1010 Subaudi-

1877 1049 1989 1106 tur,
2018 1041 2196 1098 veniet
2219 1041 2335 1096 dies
2360 1041 2593 1096 Domini.
2642 1044 2878 1100 Libanus
2899 1061 3053 1101 mons
3077 1056 3161 1102 est
3185 1046 3456 1102 Phoenicis

1879 1129 2114 1201 regionis
2139 1129 2534 1186 excelsissimas
2573 1133 2765 1194 cedros
2793 1136 3093 1200 continens,
3118 1151 3271 1206 quae,
3314 1137 3457 1192 sicut

1878 1221 2232 1279 Cassiodorus
2283 1223 2337 1277 in
2391 1223 2728 1292 expositione
2770 1226 3098 1296 psalmorum
3144 1227 3312 1293 dicit,
3359 1243 3454 1284 sua

1878 1312 2206 1382 proceritate
2254 1312 2641 1368 transcendunt
2675 1329 2888 1370 omnem
2921 1315 3258 1371 altitudinem
3299 1318 3457 1372 arbo-

1877 1415 2017 1465 rum.
2047 1401 2219 1456 Basan
2263 1415 2392 1457 vero
2437 1403 2584 1474 regio
2615 1411 2698 1463 est
2738 1403 2952 1465 Arabiae
2976 1445 2990 1472 ,
3035 1405 3122 1460 cui
3172 1407 3458 1476 imperavit

1877 1487 1956 1561 0g
1985 1489 2322 1556 rex,habens
2352 1491 2677 1560 glandiferas
2713 1507 2969 1563 quercus,
2993 1508 3219 1564 quarum
3249 1494 3458 1550 fructus

1874 1594 2163 1658 porcorum
2208 1589 2292 1636 est
2339 1582 2527 1646 cibus,
2564 1596 2670 1637 non
2721 1583 3018 1638 hominum.
3068 1583 3459 1654 Metaphoricos

184 1697 208 1731 ι
247 1677 417 1733 Petra
432 1687 514 1734 est
541 1679 806 1750 refugium
827 1681 1091 1737 erinaceis
1118 1680 1293 1750 (Paul.
1321 1686 1459 1754 cm).
1484 1703 1502 1737 ι
1531 1683 1777 1742 Christus
1876 1680 2057 1727 amem
2087 1688 2185 1743 Ρθτ
2205 1672 2396 1729 cedros
2416 1672 2606 1729 Libani
2647 1673 2906 1736 ευδιίιηθε
2944 1682 3000 1729 ει
3033 1683 3269 1742 mea“,
3292 1676 3457 1732 inte“

179 1769 343 1824 enim
371 1784 470 1839 per
497 1769 899 1826 similitudinem
924 1779 1075 1842 petra
1113 1780 1219 1838 est,
1262 1773 1403 1829 sicut
1429 1772 1624 1830 Paulus
1648 1790 1778 1846 apo-
1873 1761 2114 1833 ligantur
2152 1762 2367 1833 superbi
2393 1762 2620 1835 (ιιιίψιες
2665 1778 2762 1837 [101'
2783 1779 3014 1835 Quercus
3039 1773 3218 1824 autem
3259 1765 3456 1830 3888".

181 1858 370 1913 stolus
403 1858 577 1922 dicit:
620 1877 640 1912 ι
697 1858 858 1916 Petra
903 1869 1085 1916 autem
1120 1869 1240 1916 erat
1284 1860 1619 1934 Christus(l
1647 1861 1771 1928 Cor.
1873 1867 1999 1934 quas
2026 1853 2412 1924 interpretatur
2455 1854 2766 1926 ignominia.
2807 1855 2902 1926 (Ιυί
2939 1871 3106 1926 Opera
3150 1857 3459 1930 ἱειιοηιίιιίεε

183 1947 283 2020 ι).
323 1968 344 2002 ι
383 1948 442 2004 ιη
468 1957 681 2019 petram
708 1965 838 2021 ergo
867 1950 1215 2020 ingredietur,
1246 1951 1492 2022 quisquis
1512 1953 1777 2009 veraciter
1803 1938 1850 1999 Β
1876 1955 2130 2002 exercent
2169 1954 2225 2002 et
2253 1946 2311 2002 in
2356 1960 2512 2001 οωηο
2541 1946 2782 2010 libidinis
2827 1946 3140 2007 volutantur
3170 1965 3184 2004 :
3228 1962 3458 2018 quorum

184 2040 448 2106 credens,
481 2040 612 2098 facit
652 2041 964 2113 confugium
1013 2044 1082 2100 ad
1119 2044 1316 2113 ipsum,
1350 2059 1420 2098 ne
1463 2046 1517 2100 in
1546 2045 1776 2100 adventu
1879 2033 2086 2091 ίΐιιειιιε
2139 2049 2424 2106 porcorum
2463 2045 2580 2102 εει,
2637 2035 2691 2089 id
2735 2043 2850 2100 es"
2904 2036 3227 2098 daemonum.
3281 2035 3460 2107 Super

185 2130 343 2186 illius
389 2146 513 2192 cum
565 2132 776 2188 venerit
834 2134 1061 2204 perdere
1109 2135 1409 2204 reprobos,
1467 2135 1773 2192 damnetur.
1831 2201 1834 2204 ,

181 2221 563 2283 Absconditur
605 2223 660 2278 in
685 2223 830 2280 fossa
872 2225 1056 2290 humo,
1081 2226 1174 2294 qui
1219 2226 1429 2283 intrans
1466 2225 1519 2287 in
1560 2226 1778 2291 cubicu-

184 2310 305 2366 lum
357 2322 481 2368 orat
516 2313 734 2370 Patrem
786 2330 963 2369 suum.
995 2314 1091 2370 Vel
1133 2316 1293 2370 etiam
1334 2315 1679 2370 absconditur
1721 2315 1775 2370 in

183 2402 339 2459 fossa
370 2405 552 2470 humo,
581 2406 672 2477 qui
700 2406 755 2461 in
783 2414 998 2462 terreno
1017 2423 1244 2478 corpore
1265 2409 1610 2474 constitutus,
1634 2408 1777 2479 quod

184 2492 512 2564 designatur
541 2509 636 2565 per
672 2495 892 2551 humum
935 2497 1220 2552 abscondit
1260 2506 1316 2552 et
1361 2496 1499 2552 celat
1546 2498 1776 2554 inﬁrmi-

186 2592 334 2639 tates
379 2585 646 2652 carnales,
680 2600 748 2643 ne
793 2587 1044 2648 videlicet
1089 2588 1270 2644 omnia
1319 2587 1630 2643 illecebrosa
1678 2603 1777 2658 per

185 2677 564 2746 operationem
589 2677 892 2735 forinsecus
913 2679 1178 2745 ostendat,
1207 2694 1326 2749 quae
1359 2695 1486 2735 caro
1505 2680 1778 2737 desiderat

188 2766 486 2838 perficere.

270 2879 289 2911 ι
333 2858 486 2914 Oculi
510 2861 765 2916 sublimes
792 2860 1031 2916 hominis
1052 2862 1322 2919 bumiliati
1346 2873 1496 2929 sunt,
1517 2873 1570 2920 et
1592 2863 1776 2922 incur-

188 2950 411 3006 vabitur
452 2950 676 3005 altitudo
721 2951 960 3006 virorum
989 2969 1002 3006 :
1031 2951 1358 3008 exaltabitur
1386 2963 1562 3009 autem
1602 2953 1780 3009 Domi-

181 3050 294 3094 nus
344 3040 489 3094 solus
520 3039 574 3098 in
620 3040 706 3103 die
736 3039 846 3098 illa.
891 3060 912 3093 ι
962 3039 1065 3098 Per
1091 3041 1278 3101 oculos
1306 3041 1553 3098 sublimis
1598 3041 1774 3097 homi-

189 3133 277 3188 nis
302 3133 394 3203 qui
420 3133 686 3188 humiliati
713 3142 860 3200 sunt,
888 3134 1332 3206 altitudinemque
1353 3137 1611 3202 virorum,
1634 3137 1777 3192 acci-

188 3222 339 3292 pitur
360 3222 529 3279 fastus
544 3223 793 3293 potentia:
809 3231 863 3280 et
887 3225 1136 3280 nobilitas
1151 3226 1385 3295 generis.
1397 3225 1556 3290 Cum,
1579 3227 1776 3296 inquit,

1877 2139 2066 2180 omnes
2112 2132 2290 2179 autem
2345 2124 2520 2191 istos,
2574 2123 2808 2180 vindicta
2849 2131 2905 2182 et
2955 2125 3071 2182 dies
3115 2125 3210 2184 ira:
3246 2125 3456 2193 Domini

1879 2222 2188 2285 consurget.
2253 2213 2327 2268 De
2384 2214 2583 2269 talibus
2642 2214 2820 2272 cedris
2885 2213 3085 2271 dicitur
3141 2216 3196 2270 in
3250 2217 3458 2287 psalmo

1881 2306 2053 2379 (Paul.
2082 2305 2273 2377 nvm)
2303 2324 2315 2360 :
2353 2325 2370 2358 ‹
2406 2305 2522 2365 Yox
2565 2305 2781 2362 Domini
2831 2308 3162 2364 conterentis
3187 2308 3398 2364 cedros.
3433 2328 3454 2362 ι

1878 2395 1948 2452 Ει
1973 2396 2101 2451 item
2129 2436 2143 2450 .
2173 2394 2295 2452 Vidi
2343 2396 2567 2466 impium
2597 2396 3076 2467 superexaltatum,
3101 2397 3240 2454 sicut
3269 2399 3459 2456 cedros

1877 2486 2089 2542 Libani.
2871 2533 2882 2544 ,-

1918 2622 1925 2628 .
1953 2595 1972 2630 ‹
2006 2577 2071 2631 Et
2091 2592 2254 2654 super
2272 2594 2466 2637 omnes
2484 2588 2692 2638 montes
2722 2581 2986 2650 excelsos,
3015 2590 3070 2647 et.
3089 2599 3252 2662 super
3269 2600 3460 2642 onmes

1876 2667 2040 2722 colles
2069 2675 2124 2721 et
2151 2668 2409 2725 clevatos.
2459 2689 2477 2720 ι
2512 2668 2809 2738 Subaudis,
2839 2673 3019 2730 veniet
3066 2673 3181 2732 dies
3222 2675 3458 2731 Domini.

1877 2759 2084 2818 Montes
2114 2769 2169 2816 et
2205 2760 2373 2820 colles
2394 2760 2712 2832 plerumque
2742 2763 2794 2817 in
2839 2763 3034 2830 bonam
3075 2776 3282 2844 partem
3314 2769 3458 2824 acci-

1876 2853 2116 2923 piuntur.
2167 2853 2273 2912 Pro
2329 2854 2532 2909 sanctis
2574 2853 2844 2920 videlicet,
2890 2857 3152 2914 varietate
3198 2859 3456 2913 virtutum

1879 2927 2166 2998 decoratis.
2197 2941 2519 3013 Plerumque
2548 2951 2729 2997 autem
2778 2943 2879 3014 ipsi
2920 2945 3068 3017 impii
3111 2961 3210 3021 pro
3235 2948 3461 3003 diversi-

1878 3039 1988 3086 tate
2018 3033 2296 3099 vitiorum,
2328 3033 2672 3104 maximeque
2692 3033 2928 3104 superbi,
2953 3044 3163 3098 montes
3187 3037 3461 3107 appellan-

1877 3130 1964 3177 tur
1996 3131 2053 3177 et
2098 3122 2287 3188 colles,
2332 3123 2471 3180 sicut
2505 3123 2560 3181 in
2596 3126 2850 3194 praesenti
2889 3125 3028 3188 loco.
3055 3127 3131 3183 De
3169 3127 3255 3183 bis
3299 3144 3460 3185 mon-

1879 3213 2026 3276 tibus
2067 3213 2394 3283 collibusque
2444 3213 2575 3268 dicit
2629 3213 2878 3272 Ezechiel
2925 3218 3273 3288 prophetau
3333 3219 3462 3275 limo

193 3311 380 3367 hostes
408 3312 838 3382 supervenerint,
861 3321 989 3368 tunc
1019 3328 1116 3376 nec
1141 3313 1368 3380 divitiae,
1396 3328 1496 3377 nec
1522 3314 1780 3375 nobilitas
1802 3297 1848 3360 C
1879 3303 2010 3363 diCil
2038 3304 2295 3362 Dominus
2321 3304 2593 3364 montibus
2630 3316 2688 3362 et
2725 3309 2954 3373 collibus
2990 3329 3004 3366 ε
3049 3311 3189 3368 Ecce
3217 3327 3318 3384 ego
3372 3314 3458 3370 in-

198 3402 429 3473 generis,
460 3416 560 3456 nec
586 3401 825 3468 potentia
860 3401 1178 3470 dignitatum
1208 3400 1442 3470 aliquem
1489 3401 1781 3459 defendere

198 3491 420 3559 poterit,
447 3489 642 3558 quippe
664 3504 786 3542 cum
816 3504 923 3542 una
960 3488 1029 3544 sit
1059 3491 1346 3560 captivitas
1369 3491 1638 3546 omnibus.
1672 3491 1778 3548 Sed

200 3577 626 3634 lmmiliabuntur
656 3576 799 3640 oculi
826 3578 1079 3647 potentis,
1097 3579 1385 3648 divitisque
1417 3581 1668 3645 hominis,
1684 3581 1783 3656 qui

203 3669 408 3724 torvide
428 3684 549 3724 cum
581 3669 869 3739 supercilio
889 3670 1211 3740 respiciebat
1239 3671 1493 3742 aliquem.
1527 3673 1780 3729 Incurva-

204 3759 347 3814 bitur
369 3774 583 3829 quoque
621 3758 853 3828 altitudo
885 3760 1140 3823 virorum,
1177 3761 1228 3816 id
1255 3771 1353 3825 est,
1382 3771 1774 3828 contemnetur,

205 3867 269 3907 ac
289 3867 386 3924 pro
415 3852 583 3907 nihilo
622 3853 960 3923 reputabitur
988 3853 1236 3909 nobilitas
1261 3855 1494 3924 generis.
1519 3855 1778 3913 Dominus

205 3954 379 4001 autem
421 3945 568 4001 solus
591 3945 923 3999 exaltabitur
950 3945 1002 3999 in
1031 3945 1119 4001 die
1148 3945 1262 4012 illa,
1290 3946 1391 4001 hoc
1429 3954 1512 4002 est
1551 3947 1603 4002 in
1643 3955 1777 4003 tem-

204 4049 330 4103 pore
375 4034 637 4088 adventus
680 4032 1051 4087 Chaldaeorum
1092 4033 1584 4104 Romanorumque,
1626 4036 1778 4107 cujus

209 4126 337 4177 iram
366 4131 419 4176 et
461 4122 754 4177 vindictam
802 4122 979 4178 nullus
1021 4124 1218 4194 poterit
1247 4122 1499 4194 effugere.
1547 4123 1778 4180 Possunt

209 4223 380 4270 autem
429 4215 544 4269 haec
572 4213 761 4268 eadem
789 4229 895 4268 non
941 4213 1364 4285 incompetenter
1405 4215 1472 4270 ad
1499 4216 1640 4272 diem
1680 4232 1773 4271 ex-

212 4306 358 4361 tremi
404 4307 669 4361 examinis
719 4305 910 4361 referri
962 4326 974 4360 :
1034 4307 1088 4360 in
1140 4323 1246 4377 qua
1298 4309 1474 4362 omnis
1526 4317 1774 4364 creatura

213 4396 395 4455 divina:
442 4395 710 4465 maiestati
759 4404 919 4466 atque
963 4397 1215 4465 potentia:
1264 4397 1670 4463 humiliabitur,
1722 4409 1777 4455 et

212 4485 602 4555 comparatione
631 4485 771 4539 illius
802 4494 1088 4554 cognoscet
1129 4499 1186 4539 se
1214 4485 1348 4539 nihil
1370 4501 1508 4544 esse.
1555 4486 1776 4542 Reddit-

214 4591 310 4646 que
347 4591 584 4640 causam,
633 4591 799 4644 quare
847 4574 1039 4629 debeat
1074 4574 1345 4629 humiliari
1387 4584 1443 4630 et
1478 4575 1771 4632 incurvari.

1882 3394 2072 3456 ducam
2100 3410 2262 3465 super
2291 3412 2387 3451 vos
2412 3396 2647 3467 gladium
2678 3399 2897 3471 (Ezech.
2944 3405 3155 3475 XXXVI).
3190 3423 3210 3456 ι

1957 3502 1974 3535 ι
2011 3484 2079 3547 Et
2107 3500 2267 3555 super
2291 3500 2504 3542 omnem
2528 3489 2720 3544 turrim
2747 3491 3039 3560 excelsam,
3065 3501 3119 3550 et
3148 3510 3312 3572 super
3345 3513 3464 3552 om-

1880 3591 2005 3636 nem
2041 3591 2255 3631 murum
2282 3578 2568 3635 munitum.
2615 3599 2636 3635 ι
2685 3581 2976 3652 Subaudis,
3005 3588 3185 3649 veniet
3219 3590 3336 3646 dies
3356 3591 3462 3647 Do-

1880 3667 2032 3721 mini.
2073 3666 2344 3733 Quantum
2391 3671 2458 3725 ad
2512 3670 2703 3728 litterae
2751 3691 2967 3731 sensum
3015 3688 3258 3749 spectat,
3295 3683 3460 3738 adve—

1879 3749 2060 3812 niente
2089 3757 2332 3823 Romano
2360 3761 2620 3827 exercitu,
2647 3764 2763 3820 dies
2793 3765 3004 3824 Domini
3029 3770 3278 3826 vindicta:
3300 3787 3462 3844 super

1879 3849 2071 3902 turrim
2116 3859 2172 3904 et
2217 3865 2380 3920 super
2426 3867 2640 3909 omnem
2691 3872 2905 3913 murum
2951 3857 3259 3917 Judaenrum
3308 3865 3407 3920 luit
3443 3886 3456 3922 :

1879 3941 2134 4010 quoniam
2164 3938 2406 3997 funditus
2447 3951 2573 4000 sunt
2601 3960 2790 4004 omnes
2818 3950 3019 4005 eversi.
3065 3950 3461 4022 Metaphoricos

1878 4039 2056 4085 autem
2084 4047 2183 4106 per
2210 4033 2403 4096 turrim
2445 4043 2500 4090 et
2525 4052 2739 4092 murum
2777 4037 3150 4112 intelliguntur
3174 4043 3251 4110 hi,
3281 4046 3372 4115 qui
3405 4048 3458 4101 in

1877 4119 2160 4178 altitudine
2187 4123 2416 4185 turrium
2441 4135 2496 4180 et
2529 4125 2785 4186 firmitate
2808 4147 3084 4188 murorum
3115 4137 3298 4207 potius
3329 4153 3458 4192 con—

1877 4209 2113 4266 fidebant
2140 4229 2303 4282 quam
2332 4215 2384 4274 in
2423 4217 2553 4271 Deo.
2585 4215 2759 4289 Super
2781 4237 2916 4290 quos
2953 4223 3068 4279 dics
3109 4224 3329 4282 ultionis
3354 4228 3453 4282 Do-

1877 4302 2008 4356 mini
2038 4304 2204 4368 venit,
2250 4305 2375 4374 quia
2416 4305 2592 4373 fame,
2624 4311 2986 4379 mortalitate,
3019 4323 3075 4368 et
3107 4315 3285 4386 gladio
3333 4327 3460 4373 sunt

1876 4392 2180 4465 consumpti
2206 4393 2333 4446 etin
2370 4397 2603 4465 pretium
2633 4399 2896 4456 distracti.
2920 4401 3014 4458 Vel
3037 4405 3199 4459 etiam
3221 4422 3318 4476 per
3348 4416 3461 4462 tur-

1875 4479 1979 4533 rint
2027 4481 2331 4550 specialiter
2379 4496 2606 4555 possunt
2647 4488 2876 4560 intelligi
2926 4493 3000 4548 illi
3045 4496 3136 4566 qui
3179 4499 3460 4566 praemine-

1876 4567 2009 4622 bant
2033 4569 2085 4622 in
2112 4570 2331 4641 populo,
2361 4573 2500 4629 sicut
2543 4577 2709 4632 turris
2735 4579 2792 4632 in
2833 4580 3069 4640 civitate.
3104 4583 3210 4638 Per
3243 4600 3456 4641 murum

284 4681 300 4715 ι
329 4665 461 4731 Quia
490 4662 607 4718 dies
634 4663 845 4717 Domini
877 4663 1209 4717 exercituum
1253 4679 1413 4733 super
1442 4678 1654 4719 omnem
1682 4680 1775 4720 su-

1883 4673 2007 4712 vero
2045 4660 2331 4727 munitum,
2380 4663 2573 4720 divites
2600 4675 2975 4738 potentesque,
3005 4673 3096 4743 qui
3148 4689 3207 4729 se
3250 4677 3464 4734 munie-

216 4757 445 4827 perbum,
469 4764 524 4814 et
551 4754 840 4816 excelsum,
873 4763 928 4807 et
965 4769 1124 4822 super
1159 4768 1373 4808 omnem
1401 4762 1772 4824 arrogantem:

218 4856 267 4903 et
300 4844 682 4902 humiliabitur.
711 4862 728 4895 ι
763 4841 1080 4912 Ubicunque
1116 4843 1182 4897 de
1209 4842 1441 4896 vindicta
1470 4851 1522 4896 et
1552 4843 1775 4899 victoria

221 4935 414 4995 Domini
455 4932 801 5006 propheticus
825 4947 1002 4986 sermo
1029 4930 1284 5000 loquitur,
1314 4932 1596 4986 Dominum
1622 4948 1778 4990 excr-

221 5029 406 5082 cituum
437 5023 626 5080 solitus
659 5031 744 5078 est
768 5021 914 5084 illum
942 5037 1160 5088 vocare,
1202 5023 1255 5077 id
1292 5031 1395 5087 est,
1442 5023 1774 5092 militiarum,

223 5117 349 5186 quod
361 5114 620 5170 Hebraice
637 5113 834 5168 dicitur
857 5111 1102 5168 sabaotb.
1134 5111 1248 5181 Ipse
1263 5113 1404 5166 enim
1428 5115 1780 5171 estDominus

225 5206 516 5261 militiarum
549 5220 788 5270 suarum,
819 5205 929 5259 sive
953 5205 1306 5270 exercituum,
1335 5206 1643 5276 angelorum
1672 5207 1779 5262 sci-

225 5300 363 5365 licet,
404 5308 564 5368 atque
602 5297 900 5354 hominum.
941 5297 1065 5351 Dies
1105 5305 1282 5352 autem
1319 5299 1551 5363 Domini,
1597 5299 1649 5353 id
1675 5308 1778 5367 est,

226 5390 326 5444 dies
365 5388 612 5443 vindicta:
644 5386 809 5451 illius,
839 5387 1121 5456 dupliciter
1169 5388 1486 5459 intelligitur
1515 5408 1528 5442 :
1569 5401 1779 5461 tempus

226 5480 454 5536 videlicet
501 5478 824 5549 captivitatis
879 5478 1216 5545 Judaeorum,
1269 5496 1388 5550 quae
1427 5482 1572 5536 venit
1619 5496 1781 5552 super

228 5585 423 5626 omnem
446 5571 752 5640 superbum,
783 5578 836 5623 et
857 5571 1149 5636 excelsum,
1183 5581 1236 5626 et
1262 5588 1421 5642 super
1446 5587 1656 5629 omnem
1686 5589 1777 5629 ar-

230 5671 505 5733 rogantem.
561 5660 688 5727 Quze
731 5661 830 5714 tria
879 5677 1043 5715 unum
1099 5677 1314 5717 sensum
1363 5664 1627 5729 obtinent,
1683 5680 1780 5734 per

231 5766 333 5822 qua:
376 5751 740 5822 intelliguntur
781 5751 1047 5822 principes
1088 5749 1416 5818 Judzeorum,
1447 5755 1776 5820 sacerdotes,

236 5842 469 5903 Phariszei
509 5851 561 5899 et
602 5843 808 5901 scribae.
845 5843 1076 5915 Tempus
1113 5858 1324 5915 quoque
1371 5845 1541 5901 ultimi
1566 5847 1772 5918 judicii,

1879 4749 2010 4806 bant
2040 4751 2261 4808 divitiiis
2291 4772 2302 4807 :
2337 4770 2498 4826 super
2540 4772 2676 4828 quos
2723 4761 2933 4817 Domini
2969 4764 3086 4820 dies
3114 4767 3312 4822 veniet.

1955 4861 1973 4894 ι
2008 4842 2073 4899 Et
2109 4860 2270 4916 super
2301 4863 2490 4903 omnes
2522 4865 2685 4906 naves
2731 4851 2981 4922 Tharsis;
3014 4866 3070 4912 et
3110 4875 3272 4930 super
3297 4877 3456 4919 omne

1879 4935 2023 5024 quod
2056 4935 2174 4991 visu
2211 4937 2494 5008 pulchrum
2549 4952 2651 4998 est.
2695 4963 2714 4996 ι
2759 4944 3046 5014 Subaudis,
3078 4952 3194 5006 dies
3244 4954 3453 5010 Domini

1877 5026 2077 5081 veniet.
2124 5025 2334 5084 Hebraei
2363 5033 2544 5088 omnia
2594 5037 2762 5092 maria
2813 5039 3035 5096 Tharsis
3083 5045 3372 5112 appellant,
3400 5057 3456 5103 et

1880 5118 2346 5188 congregationem
2395 5138 2657 5194 aquarum
2705 5129 2921 5183 nomine
2971 5131 3137 5186 maris
3168 5134 3450 5189 vocitant:

1874 5203 2029 5274 juxta
2074 5207 2202 5262 illud
2233 5208 2286 5262 in
2329 5210 2526 5269 Genesi
2569 5233 2582 5270 :
2621 5235 2639 5269 ι
2680 5215 3239 5292 Congregationesque
3287 5240 3454 5294 aqua-

1881 5309 2001 5349 rum
2043 5299 2329 5369 appellavit
2376 5305 2542 5359 maria
2575 5304 2725 5377 (Gen.
2771 5306 2832 5378 ι).
2889 5328 2909 5362 ι
2969 5307 3308 5383 Quapropter
3349 5315 3453 5372 hoc

1879 5386 1997 5442 loco
2041 5403 2145 5443 non
2187 5389 2502 5460 simpliciter
2549 5395 2677 5450 illud
2723 5412 2872 5452 mare
2923 5400 3294 5471 accipiendum
3345 5414 3450 5470 est,

1879 5479 2021 5549 quod
2042 5480 2248 5550 adjacet
2273 5491 2429 5539 terrae
2451 5487 2880 5556 repromissionis
2909 5508 2922 5544 :
2953 5491 3046 5546 sed
3080 5492 3241 5546 etiam
3265 5496 3446 5550 omnia

1878 5570 2099 5626 ﬂumina
2129 5574 2322 5640 vicina,
2353 5592 2451 5646 per
2472 5593 2590 5646 qua:
2617 5578 2784 5633 Ind-.ei
2817 5580 2958 5634 soliti
2994 5593 3148 5636 erant
3173 5584 3446 5653 navigare,

1878 5669 1933 5716 et
1959 5665 2174 5735 negotia
2205 5679 2480 5722 exercere.
2516 5667 2584 5721 Et
2614 5669 2928 5726 translative
2969 5687 3064 5742 per
3092 5687 3256 5728 naves
3301 5673 3451 5730 intel-

1877 5755 2218 5827 ligunturlti,
2247 5758 2338 5828 qui
2387 5759 2440 5813 in
2490 5761 2714 5816 navibus
2757 5763 3074 5829 residentes,
3123 5767 3444 5838 negotiatio-

1879 5847 1962 5902 nis
1993 5865 2149 5904 causa
2175 5850 2391 5920 pelagus
2413 5859 2465 5904 et
2490 5849 2705 5907 litnnina
2732 5855 3069 5924 navigabant.
3103 5856 3274 5926 Super
3312 5873 3450 5928 quos
