3898 6518
463 462 566 519 733

934 462 1288 522 HAYMONIS
1324 464 1799 522 HALBERSTAT.
1842 463 2055 520 EPISC.
2097 463 2247 519 UPP.
2290 462 2468 519 PARS
2506 462 2546 518 I.
2586 491 2654 502 ο-
2689 460 2974 519 COMMEN
2994 463 3040 516 Γ.
3082 461 3248 518 Βιῐιί..

3694 455 3787 509 736

461 574 579 630 dies
614 573 862 629 vindicta:
888 572 1104 629 Domini
1135 577 1320 630 venit:
1364 577 1580 646 quando
1610 576 1755 633 sicut
1776 575 2044 647 Josepttus
2069 581 2116 640 Α
2138 576 2288 645 quod
2326 586 2413 631 est
2436 575 2637 631 animal
2663 575 2861 632 lumine
2901 591 3098 631 carens
3146 576 3467 631 oculorum
3504 612 3524 635 ,
3573 579 3679 625 aut
3705 585 3787 625 re-

462 674 679 730 narrat,
725 664 1137 741 advenientibus
1185 666 1475 731 Romanis,
1532 667 1607 721 illi
1664 668 2041 736 comprehensi

461 763 623 822 sunt,
677 754 772 824 qui
829 753 879 809 in
920 755 1167 825 portibus
1213 758 1724 821 commorabantur,
1775 773 2044 826 navesque

460 858 650 900 eorum
685 860 979 901 succensa}.
1004 845 1268 918 Quodque
1304 835 1564 918 sequitur,
1617 859 1673 904 et
1696 864 1860 918 super
1886 864 2044 905 omne

463 935 610 1005 quod
656 935 941 1006 pulchrum
987 945 1073 993 est
1114 937 1271 1003 visu,
1323 939 1725 1011 intelligendum
1772 948 1857 994 cst
1884 954 2045 1009 super

464 1026 722 1095 templum
751 1035 806 1081 et
835 1029 1226 1096 sanctuarium,
1257 1029 1349 1084 ubi
1387 1038 1505 1085 erat
1545 1031 1778 1084 maxima
1809 1031 2045 1101 pulchri-

464 1116 614 1181 tudo,
666 1124 719 1172 et
746 1132 909 1187 super
942 1133 1134 1177 omnes
1181 1119 1420 1191 virgines
1459 1130 1516 1175 et
1558 1122 1787 1191 juvenes
1821 1141 1833 1176 :
1883 1139 2046 1192 super

460 1221 622 1261 omne
661 1208 910 1277 quodque
949 1210 1098 1279 quod
1130 1210 1449 1267 delectabile
1481 1221 1602 1266 erat
1626 1212 1694 1267 ad
1730 1214 2042 1280 videndum,

462 1296 602 1352 diem
656 1297 876 1354 ultionis
923 1284 1137 1356 venisse
1166 1319 1179 1354 :
1211 1302 1428 1371 quando
1476 1301 1634 1356 simul
1675 1306 1854 1359 omnia
1906 1306 2045 1363 boiia

462 1387 605 1443 illius
625 1390 806 1459 papuli
834 1390 1111 1449 destructa
1139 1399 1195 1445 et
1220 1402 1480 1447 evacuata
1509 1403 1656 1448 sunt.

461 1534 467 1540 ,
536 1499 554 1531 ι
587 1480 653 1534 Et
699 1481 1074 1536 incurvabitur
1121 1483 1441 1539 sublimatus
1488 1486 1808 1548 hominum,
1864 1495 1919 1541 et
1948 1488 2047 1542 bul-

462 1569 759 1627 miliabitur
788 1572 1014 1627 altitudo
1060 1573 1320 1629 virorum.
1356 1595 1374 1628 ι
1406 1575 1512 1631 Per
1538 1578 1920 1634 sublimitatem
1949 1581 2046 1635 Ιιοφ

462 1662 670 1717 minum
691 1703 707 1728 ,
739 1663 1187 1736 altitudinemque
1229 1667 1468 1722 virorum
1494 1708 1511 1736 ,
1559 1668 1729 1724 fastus
1769 1673 2042 1741 potentiae,

462 1764 521 1812 et
544 1754 797 1811 nobilitas
847 1756 1061 1827 generis
1103 1759 1388 1830 accipitur,
1425 1761 1567 1816 sicut
1606 1762 1767 1832 paulo
1799 1765 2046 1833 superius

464 1848 671 1905 dictum
690 1856 793 1916 est,
818 1851 943 1919 quia
967 1850 1243 1908 incurvata
1268 1863 1322 1908 et
1342 1853 1625 1911 humiliata
1654 1865 1801 1920 sunt,
1829 1856 2045 1925 quando
2086 1904 2095 1910 ,

2138 665 2488 735 spertilionis.
2522 681 2644 735 quae
2684 674 2770 721 est
2815 666 2933 721 avis
2977 666 3231 738 lucifuga.
3265 665 3397 721 Sed
3456 663 3782 732 despectus

2141 762 2304 824 atque
2342 755 2587 811 irrisorie
2634 756 2895 825 protulit,
2941 756 3080 812 idola
3108 773 3300 812 eorum
3348 754 3558 823 talpis
3606 764 3668 807 et
3704 770 3781 809 vc-

2141 843 2542 914 spertiliouibus
2584 860 2930 914 comparans,
2975 857 3097 917 quae
3122 862 3246 901 cum
3292 843 3536 900 occulas
3564 843 3773 899 videan-

2143 944 2231 991 tur
2252 936 2452 993 habere
2474 977 2491 1002 ,
2541 937 2764 991 minime
2788 936 3013 1003 vident,
3060 937 3199 992 sicut
3237 935 3583 991 Psalmista
3611 934 3738 988 didt
3762 953 3773 985 τ

2147 1045 2166 1078 ι
2192 1024 2498 1097 ,δὶωυιειοιεθ
2519 1026 2755 1096 gentium
2781 1034 3064 1096 argentum
3093 1034 3150 1081 et
3169 1042 3381 1081 aurum
3403 1066 3423 1089 ,
3454 1041 3643 1096 Oper:
3671 1045 3767 1082 In:-

2144 1130 2307 1171 nuum
2333 1115 2630 1174 hominum.
2659 1115 2856 1172 Oculos
2881 1116 3083 1172 habent
3107 1125 3164 1172 et
3196 1132 3305 1172 non
3341 1117 3577 1170 vident
3599 1117 3619 1188 ζ
3637 1117 3762 1172 Pw.

2141 1219 2271 1261 cxnt
2290 1203 2339 1275 ).
2370 1223 2389 1255 ι

2220 1315 2239 1347 ι
2270 1297 2548 1365 Quiescite
2586 1314 2718 1370 ergo
2757 1300 2833 1353 ab,
2870 1299 3087 1356 homine
3112 1301 3269 1371 cujus
3300 1301 3575 1372 spiritus
3604 1302 3656 1357 in
3678 1321 3754 1357 na.

2146 1388 2297 1445 ribus
2338 1390 2476 1459 ejus,
2513 1391 2638 1460 quia
2666 1391 2915 1446 exceisus
2941 1394 3278 1462 reputabitur
3311 1395 3483 1463 ipse.
3527 1414 3552 1446 ι
3592 1392 3749 1450 Cossi-

2145 1479 2342 1535 derans
2371 1480 2629 1550 propheta
2652 1480 2819 1536 Isaias
2839 1479 3052 1536 Iudaeos
3076 1483 3338 1537 concives
3368 1498 3527 1538 suos
3548 1487 3745 1552 perdeu-

2144 1566 2243 1624 dos
2270 1564 2496 1640 propter
2520 1569 2682 1633 tnala,
2727 1585 2847 1643 qua:
2872 1570 3090 1625 Christo
3123 1571 3335 1641 perfida
3372 1582 3589 1626 mente
3632 1574 3741 1628 inte-

2144 1659 2342 1724 lerunt,
2374 1660 2622 1715 hortatur
2648 1675 2743 1716 eos
2788 1660 3012 1715 dicens:
3037 1661 3175 1717 Ecce
3210 1663 3554 1732 prophetali
3578 1665 3736 1733 spirits

2144 1750 2369 1820 przedixi
2405 1750 2579 1815 vobis,
2619 1766 2743 1820 quae
2796 1752 3016 1807 evenire
3064 1763 3311 1821 possunt.
3380 1751 3598 1807 Moneo
3636 1770 3735 1828 εῖτ)

2146 1829 2308 1909 atque
2350 1839 2624 1910 praccipio,
2664 1849 2727 1894 ut
2762 1841 3059 1910 quiescatis
3105 1843 3172 1895 ab
3222 1842 3477 1897 homine
3529 1843 3724 1903 Christe.

464 1941 681 2011 quidam
734 1943 901 1999 occisi
931 1984 946 2010 ,
986 1945 1208 2016 quidam
1257 1961 1390 2002 vero
1439 1947 1492 2002 in
1550 1963 1737 2004 servos
1786 1959 1911 2005 sum
1952 1965 2043 2006 γε,
2073 1927 2117 1985 Β
2146 1931 2239 2002 qui
2275 1931 2572 1986 secundum
2597 1945 2816 1986 carnem
2861 1930 3077 1999 quidem
3108 1932 3270 1987 horno
3295 1943 3402 1988 est
3446 1936 3725 1997 ecl-ns,»

463 2032 711 2088 nundaﬁ.

539 2144 558 2177 ι
591 2126 660 2181 Ει
683 2125 982 2183 elevabitur
1022 2130 1281 2186 Dominus
1301 2132 1447 2187 solus
1473 2133 1527 2188 in
1554 2134 1642 2191 die
1686 2135 1878 2204 illa,et
1902 2138 2042 2205 idola

464 2218 680 2287 penitus
716 2228 1083 2277 conterentur.
1126 2243 1144 2275 ι
1191 2223 1353 2290 Quod
1372 2235 1459 2281 est
1499 2237 1686 2296 aperte
1729 2229 1950 2285 dicere:
1984 2231 2043 2287 ln

465 2308 554 2363 die
600 2307 710 2375 illa,
767 2310 871 2365 hoc
916 2320 1029 2379 est,
1091 2313 1146 2367 in
1195 2324 1434 2384 tempore
1474 2317 1790 2389 vastationis
1830 2319 2044 2376 Judaeu-

465 2415 605 2465 rum,
631 2399 928 2456 elevabitur
952 2403 1234 2472 Dominus,
1257 2406 1313 2461 id
1354 2417 1455 2475 est,
1485 2410 1734 2465 excelsus
1759 2419 1816 2471 et
1848 2412 2048 2483 glorio-

464 2509 558 2550 sus
587 2494 850 2567 fortisque
894 2503 1177 2570 apparebit
1219 2518 1236 2556 :
1292 2519 1414 2559 cum
1469 2507 1749 2571 tradiderit
1798 2509 2046 2575 inimicos

463 2601 593 2641 suos
616 2586 832 2645 Iudaeos
855 2589 912 2645 in
942 2606 1038 2647 ore
1059 2593 1222 2663 gladii
1245 2593 1616 2651 Chaldamrum
1652 2598 2046 2655 Romanorum-

463 2692 592 2748 que,
627 2687 754 2735 tunc
781 2682 997 2751 penitus
1041 2684 1182 2740 idola
1209 2695 1559 2745 conterentur
1575 2688 1885 2757 Jndreorum
1922 2707 2046 2763 cum

464 2766 764 2827 cultoribus
789 2771 923 2826 suis.
954 2772 1105 2828 Licet
1146 2774 1201 2829 in
1233 2774 1455 2841 Domini
1474 2778 1705 2833 adventu
1737 2795 1840 2849 non
1865 2780 2046 2852 legan—

466 2866 554 2911 tur
606 2856 776 2914 Judmi
816 2860 958 2917 idola
1004 2863 1257 2931 coluisse,
1300 2874 1482 2922 tamen
1527 2869 1742 2938 quando
1789 2872 2044 2940 captivati

465 2958 592 3003 sunt
620 2964 653 3003 a
698 2950 965 3012 Chaldaeis
992 2993 1007 3019 ,
1063 2955 1204 3011 idola
1258 2957 1511 3013 colebant
1538 2999 1554 3025 ,
1589 2961 1730 3015 sicut
1774 2962 2045 3018 Ezechieli

462 3049 741 3101 ostensum
779 3052 863 3098 est
893 3044 1120 3115 (Exerit.
1148 3046 1290 3118 vni).
1344 3048 1683 3120 Quapropter
1711 3054 1834 3123 quia
1864 3068 2046 3110 sermo

463 3131 812 3203 propheticus
843 3135 1054 3189 mixtim
1082 3136 1321 3205 loquitur
1357 3141 1423 3196 de
1469 3150 1698 3213 utraque
1736 3146 2049 3217 captivitate

464 3230 521 3276 et
567 3223 902 3295 vastatione,
956 3227 1262 3296 specialiter
1305 3231 1372 3286 ad
1421 3233 1656 3303 priorem
1701 3226 2042 3293 referendum

463 3322 567 3381 est,
591 3317 733 3385 quod
758 3316 972 3384 dicitur,
994 3319 1132 3375 idola
1164 3322 1377 3392 penitus
1406 3333 1770 3382 conterentur.
1801 3327 2045 3396 Contrita

464 3414 589 3460 sunt
615 3408 757 3462 enim
791 3408 931 3464 idola
970 3399 1278 3469 Judreorum
1326 3432 1357 3469 a
1401 3415 1688 3485 Chaldmis,
1732 3429 1789 3475 et
1829 3400 2047 3490 metalla

464 3511 654 3552 eorum
701 3499 753 3553 in
791 3500 1117 3577 Babylonem
1147 3505 1326 3561 ducta.

540 3607 559 3639 ι
593 3587 661 3642 Ει
687 3589 988 3647 introibunt
1016 3593 1070 3648 in
1098 3595 1381 3665 speluncas
1407 3606 1720 3669 petrarum,
1762 3610 1815 3657 et
1846 3602 1901 3657 in
1945 3616 2046 3660 vo-

464 3680 687 3751 ragines
711 3688 886 3750 terrae,
926 3700 957 3738 a
984 3686 1119 3742 facie
1140 3686 1446 3744 formidinis
1468 3691 1701 3758 Domini,
1735 3700 1789 3746 et
1817 3708 1847 3747 a
1874 3693 2044 3765 gloria

465 3769 767 3841 majestatis
800 3775 941 3845 ejus,
972 3792 1096 3831 cum
1122 3779 1422 3834 surrexerit
1442 3790 1727 3852 percutere
1773 3790 1996 3849 terram.
2020 3804 2039 3838 ι

462 3864 757 3922 Praesentia
786 3883 908 3923 cum
945 3872 1300 3940 sequentibus
1350 3874 1417 3928 ad
1466 3883 1752 3947 utramque
1789 3880 2046 3941 vastatio-

464 3969 590 4010 nem
626 3954 935 4014 ludteorum
965 3963 1259 4031 pertinent,
1304 3964 1519 4033 quando
1546 3965 1782 4039 effugere
1809 3969 2045 4026 nitentes

463 4045 561 4101 Dei
588 4048 903 4113 vindictam,
927 4049 1330 4111 abscondebam
1351 4069 1410 4108 se
1434 4055 1490 4109 in
1516 4056 1786 4126 speluncis
1809 4066 1867 4116 et
1893 4075 2047 4124 vora-

465 4138 681 4210 ginibus
703 4149 880 4195 terrae.
903 4139 1050 4197 Bene
1071 4152 1252 4197 autem
1278 4144 1477 4199 dicitur
1492 4164 1504 4199 :
1520 4146 1566 4199 A
1594 4146 1762 4219 gloria
1793 4151 2045 4219 petentur.

466 4228 702 4295 Domini,
743 4245 869 4283 cum
897 4231 1198 4286 surrexerit
1218 4242 1501 4302 percutere
1533 4214 1754 4291 terram.
1780 4214 2046 4306 Quoda’m-

466 4321 627 4376 modo
680 4322 825 4377 enim
858 4324 1201 4395 omnipotens
1244 4324 1386 4381 Deus
1433 4329 1709 4400 consurgit
1761 4316 2046 4402 percutere

469 4424 718 4471 terrenos
764 4417 1011 4474 homines
1035 4458 1052 4485 ,
1102 4427 1316 4475 terrena
1348 4420 1690 4477 solummodo
1744 4423 2044 4500 cogitantes

465 4513 523 4561 et
548 4517 869 4578 quaerentes,
916 4508 1130 4578 quando
1172 4509 1433 4566 severiter
1483 4525 1609 4567 suos
1637 4526 1736 4582 per
1771 4513 2046 4570 ministros

2073 3281 2121 3343 C

2146 2021 2281 2076 hens
2306 2020 2543 2081 animam
2573 2030 2629 2076 et
2672 2020 2907 2091 spirans,
2940 2029 2997 2075 et
3047 2020 3273 2075 halitum
3327 2023 3578 2077 trahens
3604 2027 3716 2078 nari—

2149 2111 2279 2177 bus,
2305 2109 2447 2169 sicut
2474 2125 2575 2173 nos
2617 2110 2738 2180 puri
2786 2111 3052 2169 homines,
3069 2111 3363 2180 spiramus
3394 2120 3469 2167 et:
3504 2114 3713 2177 vim,

2146 2201 2240 2260 sed
2284 2202 2577 2257 secundent
2610 2202 2849 2273 divinam
2899 2201 3238 2271 majestatem
3285 2204 3561 2261 excelsus
3593 2222 3704 2276 ι’φι-

2146 2300 2293 2348 tatur
2317 2294 2452 2364 ipse,
2497 2304 2551 2349 et
2581 2294 2838 2360 creditur,
2886 2296 3011 2364 quia
3035 2297 3388 2366 :equalis-est
3440 2297 3554 2352 Deo
3580 2297 3695 2351 Patri.

2147 2384 2346 2440 Cavete
2373 2400 2440 2440 ne
2481 2385 2762 2442 nlicndatis
2787 2402 2909 2441 eum
2942 2389 2996 2442 in
3041 2388 3255 2457 aliquo,
3291 2390 3443 2459 quia
3491 2390 3678 2459 licet?

2149 2484 2233 2530 ret
2261 2484 2319 2529 ut
2361 2476 2555 2541 homo,
2599 2477 2739 2532 Dens
2769 2493 2931 2533 verus
2978 2488 3156 2533 tamen
3187 2490 3294 2534 est.
3337 2481 3425 2535 Et
3484 2481 3675 2535 siicmi-

2147 2565 2239 2632 tis,
2264 2566 2912 2638 venientvohispmpere
2962 2570 3142 2624 omnia
3175 2560 3320 2625 mala
3375 2572 3611 2642 superius
3628 2572 3683 2625 ὦ·

2147 2666 2253 2718 cta.
2276 2657 2430 2735 Quod
2459 2658 2585 2717 Red
2607 2667 2785 2731 ruptor
2804 2668 2988 2714 uoster
3022 2660 3273 2716 excelsus
3299 2661 3369 2717 sit
3392 2704 3410 2729 ,
3460 2663 3691 2718 Psalmista

2148 2750 2382 2815 indicat,
2423 2750 2608 2805 dicens
2639 2769 2651 2803 :
2690 2750 2946 2811 Excelsns
2973 2767 3134 2821 super
3162 2768 3363 2823 omnes
3390 2762 3577 2823 gentes
3610 2754 3691 2808 Do-

2147 2842 2344 2907 minus,
2385 2850 2440 2897 et
2477 2842 2830 2911 super-gerulos
2878 2842 3047 2913 gloria
3088 2842 3226 2913 ejus.
3248 2822 3345 2897 Ἐι
3393 2822 3536 2915 quod
3570 2844 3687 2905 dicit,

2148 2932 2301 3002 cujus
2321 2933 2543 3002 spiritus
2570 2934 2621 2987 in
2649 2933 2873 2988 naribus
2892 2933 3026 3003 ejus,
3063 2934 3168 2988 tale
3198 2942 3287 2988 est
3308 2950 3379 2990 ac
3414 2936 3459 2989 si
3484 2935 3687 2989 diceret:

2148 3025 2204 3080 in
2250 3025 2403 3094 cujus
2453 3026 2675 3081 naribus
2710 3035 2796 3081 est
2821 3024 2999 3091 ﬂatus,
3044 3026 3137 3096 qui
3165 3026 3483 3097 plerumque
3503 3027 3685 3096 spiritus

2149 3117 2466 3188 appellatur.

2762 3207 2988 3267 CABUT
3024 3208 3113 3264 ιιι.

2223 3349 2243 3383 ‹
2281 3331 2418 3399 Ecce
2454 3331 2598 3386 enim
2629 3331 2935 3386 dominator
2964 3331 3228 3386 Dominus
3267 3332 3539 3401 exercituum
3571 3344 3646 3381 an-

2148 3421 2284 3478 fcret
2309 3421 2378 3477 ab
2415 3421 2752 3477 Hierusalem
2790 3431 2845 3477 et
2876 3438 2905 3476 a
2927 3421 3063 3477 Juda
3086 3422 3319 3477 validum
3357 3432 3403 3476 et
3421 3421 3604 3475 ini-tem.
3632 3439 3650 3468 ι

2146 3512 2265 3568 Vox
2306 3514 2583 3584 propheta:
2612 3511 2864 3584 dirigitur
2899 3512 2964 3567 ad
3012 3511 3230 3568 Judwos
3255 3553 3271 3578 ,
3304 3515 3390 3583 qui
3426 3510 3672 3565 Dominum

2145 3602 2414 3673 persecuti
2443 3609 2586 3657 sunt.
2618 3603 2753 3672 Quia
2781 3644 2795 3668 ,
2831 3603 3021 3674 inquit,
3072 3602 3324 3657 noluistis
3348 3602 3595 3673 quiescere
3622 3598 3675 3650 ab

2145 3694 2362 3749 homine
2391 3692 2545 3763 cujus
2591 3695 2811 3764 spiritus
2842 3694 2894 3749 in
2931 3694 3157 3749 naribus
3195 3692 3336 3761 ejus,
3362 3694 3451 3765 qui
3475 3690 3677 3747 excelsus

2146 3785 2445 3853 credendus
2470 3795 2572 3851 cst,
2601 3786 2694 3841 sed
2720 3786 3030 3841 econtrario
3061 3785 3278 3840 fudistis
3302 3786 3594 3856 sanguinem
3610 3781 3671 3834 in-

2145 3878 2411 3945 nocentis,
2439 3892 2568 3933 eccc
2608 3877 2912 3947 dominator
2966 3877 3225 3947 Dominus
3259 3876 3473 3932 auleret
3504 3876 3563 3929 ab
3586 3872 3677 3926 llic-

2146 3968 2378 4035 rusalem
2402 3966 2638 4023 validum
2668 3976 2724 4023 et
2752 3964 2967 4034 fortem,
2995 3982 3324 4039 omnemque
3346 3967 3518 4021 virum
3555 3961 3675 4018 bella-

2147 4071 2318 4131 torem
2351 4081 2363 4117 :
2392 4070 2453 4117 ut
2498 4077 2652 4126 nemo
2682 4070 2980 4129 remaneat,
3019 4062 3111 4132 qui
3141 4062 3369 4132 alicujus
3401 4064 3471 4117 sit
3494 4057 3682 4116 virtutis

2146 4157 2240 4211 sed
2262 4171 2448 4210 omnes
2476 4155 2585 4210 sint
2621 4154 2856 4225 languidi
2886 4164 2942 4210 et
2970 4152 3286 4209 imbecilles.
3317 4173 3334 4205 ‹
3368 4153 3537 4209 Omne
3559 4149 3682 4204 robur

2144 4247 2319 4317 panis,
2357 4255 2412 4301 et
2451 4261 2610 4301 omne
2651 4246 2818 4301 robur
2860 4259 3035 4314 aqua}.
3096 4262 3114 4295 ι
3150 4242 3426 4299 Subaudis
3472 4241 3682 4297 auferrta

2144 4328 2280 4397 Inda
2323 4350 2377 4395 ct
2406 4338 2474 4392 ab
2513 4337 2871 4395 Hierusalem.
2900 4337 3087 4391 Robur
3130 4336 3245 4390 sive
3289 4334 3547 4389 fortitudo
3574 4330 3683 4401 panis

2145 4443 2200 4488 et
2230 4447 2402 4503 aquae,
2439 4446 2537 4501 pro
2565 4430 2712 4484 omni
2743 4428 2864 4483 cibo
2886 4436 2940 4482 et
2979 4435 3106 4498 potu
3149 4427 3419 4496 accipitur
3453 4446 3466 4481 :
3492 4441 3597 4495 qua:
3618 4422 3685 4473 Du

2146 4527 2325 4582 minus
2367 4524 2587 4581 abstulit
2627 4538 2658 4576 a
2696 4520 2897 4576 Iudaeis
2922 4561 2935 4585 ,
2983 4520 3035 4574 in
3073 4526 3279 4573 tantum
3330 4526 3391 4572 ut
3430 4518 3563 4571 ﬁlios
3595 4526 3685 4568 suos

464 4610 682 4667 Ρωηθηι
726 4598 892 4655 iure“
918 4598 1044 4666 illis:
1075 4600 1216 4656 είειιῑ
1242 4615 1338 4670 l’er
1358 4600 1639 4659 Chaldaeos
1664 4601 2044 4677 Romanosque
2068 4630 2123 4689 D
2146 4617 2289 4672 fame
2315 4623 2541 4687 urgente
2582 4612 2952 4668 comederent.
2980 4597 3279 4681 Allegorice
3306 4620 3493 4665 autem
3517 4623 3603 4678 per
3624 4620 3687 4675 pa-

464 4686 667 4744 Judteis
708 4691 906 4746 intulit.

543 4801 563 4834 ι
601 4780 657 4837 ln
687 4785 772 4838 die
794 4784 902 4839 illa.
926 4803 944 4836 ι
979 4784 1091 4840 Hoc
1115 4791 1200 4841 est
1225 4786 1278 4842 in
1300 4786 1533 4842 adventu
1553 4785 1928 4843 Chaldaeorum
1955 4787 2040 4843 vel

466 4873 629 4929 etiam
658 4874 1022 4930 Romanorum
1062 4896 1081 4928 ι
1118 4879 1368 4949 projiciet
1414 4881 1577 4936 homo
1607 4879 1866 4952 (Iudaeus)
1900 4880 2039 4935 idola

467 4967 678 5038 argenti
706 4968 811 5034 sui,
850 4977 905 5024 et
930 4969 1218 5028 simulacra
1244 4973 1363 5026 auri
1407 4973 1511 5038 sui,
1536 4988 1656 5043 quae
1685 4972 1888 5029 fecerat
1912 4972 2038 5039 sibi,

468 5069 528 5116 ut
538 5062 791 5117 adoraret
813 5063 984 5134 talpas
1004 5073 1058 5119 ct
1071 5064 1567 5134 vespertiliones,ct
1588 5065 2041 5136 ingredieturses-

468 5168 624 5208 suras
636 5163 907 5224 petrarum
924 5164 978 5212 et
993 5158 1045 5212 in
1062 5173 1324 5214 cavernas
1335 5174 1589 5215 saxorum
1605 5176 1635 5214 a
1651 5159 1787 5215 facie
1801 5159 2042 5214 formidi-

469 5247 558 5303 nis
576 5247 783 5305 Domini
814 5260 868 5306 et
882 5267 912 5306 a
933 5253 1100 5324 gloria
1126 5254 1424 5325 majestatis
1443 5256 1578 5326 ejus,
1599 5271 1722 5311 cum
1735 5256 2039 5312 surrexerit

471 5353 751 5412 percutere
776 5353 996 5401 terram.
1019 5368 1039 5402 ι
1066 5348 1398 5404 Subauditur
1423 5347 1753 5415 Judteorum,
1780 5348 1865 5404 vel
1895 5348 2041 5418 ipsos

467 5433 683 5491 Judzeos
722 5445 938 5494 terrena
967 5450 1254 5498 sectantes.
1306 5442 1396 5498 Sic
1427 5440 1628 5497 factum
1669 5452 1785 5508 est,
1827 5441 2044 5512 quando

470 5528 882 5596 superveniente
908 5532 1086 5587 hostili
1127 5534 1366 5589 exercitu
1395 5534 1736 5605 projecerunt
1767 5534 1906 5589 idola
1948 5550 2045 5589 sua

471 5614 659 5684 Iudici,
699 5619 1201 5692 absconderuntque
1226 5640 1285 5680 se
1311 5624 1363 5679 in
1402 5624 1667 5690 cavernis,
1714 5633 1773 5677 ut
1813 5623 2049 5694 effugere

472 5720 691 5785 possent
738 5715 874 5769 iram
917 5716 1146 5772 Domini.
1180 5717 1333 5784 Quod
1357 5728 1538 5772 autem
1582 5717 1733 5781 dicit,
1764 5725 1823 5771 ut
1856 5714 2048 5770 adora-

474 5818 593 5863 rent
623 5809 794 5878 talpas
822 5819 877 5865 et
898 5809 1327 5879 vespertiliones,
1362 5826 1466 5864 non
1509 5817 1592 5866 est
1619 5808 2045 5880 intelligendum,

472 5900 615 5969 quod
661 5899 946 5955 simulacra
989 5903 1251 5958 haberent
1291 5903 1356 5959 ad
1399 5901 1803 5960 similitudinem
1851 5900 2005 5973 talpa:

2151 4725 2273 4774 nem
2287 4719 2342 4766 et
2358 4722 2578 4779 aquam,
2589 4706 2769 4768 divina
2793 4703 3052 4773 accipitur
3065 4700 3345 4772 Scriptura
3365 4717 3520 4772 :quze
3542 4700 3587 4754 in
3605 4694 3687 4766 qni-

2150 4803 2376 4861 busdam
2405 4800 2539 4856 locis
2563 4799 2717 4854 cibus
2744 4806 2855 4862 est,
2887 4797 2941 4851 in
2989 4794 3309 4867 quibusdam
3353 4804 3535 4865 potus.
3560 4789 3688 4857 Quam

2152 4894 2376 4951 abstulit
2393 4891 2651 4947 Dominus
2671 4904 2700 4942 a
2726 4886 2926 4945 Iudaeis
2951 4896 3007 4942 et
3040 4884 3262 4941 tradidit
3287 4884 3436 4939 illam
3469 4879 3690 4956 gentibus.

2150 4998 2213 5042 ut
2248 4985 2448 5042 faciant
2475 4982 2681 5038 fructus
2708 4981 2847 5050 ejus,
2896 4979 3037 5034 sicut
3063 4978 3179 5048 ipse
3219 4977 3348 5032 dicit
3380 4994 3394 5031 :
3435 4997 3457 5028 ε
3509 4972 3690 5028 Aufere-

2152 5086 2241 5133 tur
2268 5092 2299 5132 a
2331 5075 2481 5132 vobis
2527 5087 2752 5145 regnum
2798 5070 2938 5136 Dei,
2973 5076 3027 5124 et
3065 5067 3276 5124 dabitur
3312 5067 3466 5138 genti
3518 5058 3691 5118 facienti

2146 5170 2354 5225 fructus
2378 5164 2495 5235 ejus
2518 5163 2735 5230 (Matt/1.
2784 5160 2922 5228 χχι).
2972 5179 2991 5213 ι
3026 5156 3345 5226 Ubicunque
3378 5156 3525 5210 enim
3552 5146 3691 5223 gravis

2146 5269 2230 5326 est
2269 5260 2336 5315 ad
2383 5255 2784 5326 intelligendum
2810 5293 2825 5317 ,
2871 5258 2925 5307 et
2958 5265 3080 5305 cum
3118 5246 3430 5303 diﬂicultate
3478 5241 3690 5300 sumitur.

2139 5324 2297 5407 cibus
2329 5359 2414 5407 est
2457 5368 2469 5402 :
2502 5324 2626 5417 quia
2652 5345 2898 5424 quodam
2931 5340 3091 5396 modo
3132 5334 3437 5393 mandendo
3487 5332 3686 5424 ιιςὶιιιίιιιιςζ

2153 5440 2251 5499 Ubi
2286 5454 2415 5494 vero
2440 5415 2597 5491 facile
2625 5415 2970 5503 intelligitur,
3003 5436 3162 5500 potus
3183 5436 3286 5483 est.
3315 5427 3392 5481 De
3424 5415 3689 5479 istiusmodi

2146 5546 2287 5602 pane
2313 5538 2367 5585 et
2414 5542 2552 5598 aqua
2584 5531 2810 5579 testatur
2853 5521 2992 5576 alius
3030 5517 3330 5590 propheta:
3378 5534 3399 5566 r
3435 5513 3569 5569 Ecce
3601 5507 3689 5562 dies

2147 5625 2384 5688 venient,
2431 5620 2561 5675 dicit
2606 5616 2895 5680 Dominus,
2925 5621 2979 5669 et
3025 5612 3236 5666 mittam
3280 5608 3476 5662 famem
3519 5605 3568 5661 in
3607 5609 3688 5688 lcr-

2150 5733 2289 5782 ram,
2320 5730 2425 5769 non
2464 5711 2658 5766 famem
2700 5707 2854 5779 panis
2892 5719 3069 5774 neque
3112 5700 3259 5763 sitim
3298 5714 3473 5769 aqua}.
3513 5697 3594 5753 sed
3629 5687 3686 5742 ταί

2151 5824 2293 5864 mem
2322 5803 2573 5860 audiendi
2614 5801 2835 5857 verbum
2876 5796 2969 5851 Dei
3000 5795 3200 5866 (Amos.
3230 5791 3369 5862 vui).
3412 5811 3430 5843 ι

2229 5917 2248 5952 ι
2293 5897 2508 5954 Fortem
2558 5903 2611 5949 et
2667 5890 2839 5948 virum
2876 5886 3214 5966 bellatorem,
3266 5892 3319 5939 et
3360 5880 3600 5954 judiccm,
3643 5875 3683 5922 οι
