3898 6452
124 376 233 429 757

122 487 468 558 prophetam,
499 494 555 541 et
590 485 875 550 hariolum,
915 491 969 538 et
1005 497 1210 538 senem.
1249 503 1267 536 ι
1302 483 1571 538 Subaudis
1614 497 1705 537 au-
1731 488 1777 546 Α

124 579 273 634 feret
302 578 559 634 Dominus
601 576 671 632 ab
697 575 831 631 Juda
868 575 1021 631 etab
1058 574 1413 629 Hierusalem.
1446 571 1561 627 Non
1598 573 1701 626 du-

122 668 312 732 bium,
344 667 473 736 quin
510 681 698 721 omnes
738 667 872 721 istos
909 663 1194 720 abstulerit
1238 664 1497 718 Dominus
1540 678 1572 717 a
1617 661 1704 717 Ju-

123 757 281 811 dteis.
317 755 505 811 Virum
535 757 677 811 enim
704 755 1020 811 bellatorem
1062 762 1118 809 et
1145 754 1339 808 fortem
1376 765 1702 822 quemquam

122 860 240 901 non
275 845 513 910 habent,
566 845 661 900 sed
701 859 890 899 omnes
917 851 1048 899 sunt
1082 842 1283 898 infirmi
1312 850 1369 898 et
1410 842 1553 913 pleni
1592 841 1679 895 for

122 938 354 993 midine.
380 937 438 991 ln
464 938 567 992 hoc
592 950 805 1007 quoque
846 942 1069 1006 apparet
1096 949 1192 989 eos
1230 934 1442 1002 judices
1470 946 1575 987 non
1606 932 1703 985 hac

120 1029 278 1094 bere,
310 1029 435 1098 quia
481 1028 581 1100 ipsi
617 1028 930 1099 judicantur
972 1042 1002 1081 a
1043 1026 1302 1081 Romanis
1348 1024 1698 1094 principibus.

120 1120 397 1190 Propheta
452 1136 629 1186 verus,
676 1136 950 1191 senexque
987 1120 1220 1189 sapiens,
1256 1120 1367 1190 jam
1399 1120 1557 1173 desiit
1584 1131 1703 1174 csse

119 1226 188 1265 ex
221 1212 349 1265 illis.
392 1212 458 1265 Et
485 1228 590 1266 non
628 1212 801 1266 solum
832 1212 985 1275 alios,
1036 1211 1129 1266 sed
1171 1212 1334 1265 etiam
1374 1211 1522 1278 ipsos
1559 1209 1700 1265 ario-

121 1301 207 1355 los
271 1302 400 1373 (pro
448 1301 641 1371 quibus
695 1299 1041 1371 Septuaginta
1098 1300 1307 1354 divinos
1365 1299 1700 1368 interpretati

119 1394 295 1464 sunt)
340 1394 558 1450 abstulit
602 1394 860 1449 Dominus
896 1395 965 1449 ab
1006 1394 1107 1447 eis.
1138 1393 1307 1448 Arioli
1348 1401 1529 1446 autem
1578 1399 1701 1446 sunt

120 1485 510 1547 incantatores,
555 1484 645 1554 qui
699 1484 1016 1554 quibusdam
1070 1482 1529 1536 incantationibus
1587 1494 1700 1535 rem

119 1584 411 1646 peragunt.
440 1575 543 1630 Per
574 1589 708 1645 quos
752 1575 919 1627 etiam
967 1572 1284 1641 plerumque
1326 1570 1508 1624 futura
1562 1584 1702 1640 prm-

120 1667 396 1731 dicantur,
443 1666 585 1720 sicut
634 1666 701 1720 de
744 1663 960 1718 Balaam
1003 1662 1194 1733 (Num.
1227 1663 1378 1732 xxiv)
1422 1661 1591 1716 ariolo
1624 1660 1701 1715 le-

120 1755 325 1825 gimus,
370 1755 527 1809 etde
572 1753 769 1808 divinis
798 1752 862 1824 (l
899 1750 1024 1821 Reg.
1058 1754 1150 1819 vt)
1196 1752 1433 1822 quinque
1484 1751 1699 1806 urbium

1235 370 1585 430 connexa.
1626 370 1693 425 IN
1732 346 1998 425 istum;
2026 399 2093 409 -
2131 368 2257 424 ue.
2294 368 2336 423 ιι

3286 369 3389 426 758

1884 499 1901 531 ι
1940 479 2006 533 Et
2033 480 2200 534 irrttct
2233 478 2477 549 populus,
2494 479 2577 532 vir
2610 479 2679 535 ad
2700 481 2896 548 virum,
2928 490 2983 537 et
3015 484 3387 557 unusquisque

1809 571 1877 625 ad
1914 571 2216 641 proximum
2251 586 2426 625 suum.
2459 571 2893 628 Tumultuabitur
2920 588 3054 644 puer
3083 586 3268 632 contra
3300 594 3390 634 se-

1808 676 1953 727 nem,
1990 670 2048 716 et
2074 662 2322 731 ignobilis
2345 671 2532 717 contra
2569 664 2819 720 nobilem.
2862 685 2880 717 ι
2914 665 3046 720 Cum
3083 668 3236 737 pueri
3263 668 3387 725 fue-

1815 752 1925 806 rint
1960 751 2233 822 prineipcs
2270 767 2478 819 eorum,
2500 762 2557 807 et
2581 752 2871 808 eﬂ‘eminati
2899 754 3098 809 fuerint
3119 756 3199 811 eis
3219 756 3391 812 domi-

1808 843 1943 907 nati,
1990 851 2114 896 tunc
2157 842 2343 912 utique
2369 857 2472 898 nec
2514 843 2714 908 :etatis,
2758 858 2858 899 nec
2905 845 3185 916 dignitatis
3227 846 3390 903 ullius

1808 935 1940 991 ordo
1964 934 2302 990 servabitur:
2330 937 2425 992 sed
2460 937 2632 992 irruet
2671 938 2786 992 sive
2815 947 3104 1010 consurget
3157 938 3388 1009 populus

1808 1027 2065 1081 adversus
2093 1027 2458 1097 semetipsum,
2490 1028 2665 1082 soluto
2702 1028 2904 1082 findere
2943 1029 3091 1098 pacis
3126 1038 3180 1084 et
3208 1029 3385 1085 civili-

1810 1120 1974 1172 tatis:
2010 1119 2093 1172 vir
2128 1118 2337 1174 scilicet
2372 1127 2559 1173 contra
2587 1119 2783 1184 virum,
2809 1127 2864 1173 et
2900 1122 3269 1191 unusquisque
3295 1121 3390 1177 ad-

1808 1221 1997 1262 versus
2024 1208 2325 1278 proximum
2351 1222 2526 1263 suum.
2555 1206 2696 1262 Puer
2728 1224 2942 1278 quoque
2962 1218 3122 1265 :etate
3154 1225 3391 1266 murmu-

1809 1301 1950 1356 rabit
1987 1310 2174 1356 contra
2204 1316 2409 1366 senem,
2462 1301 2574 1356 sive
2599 1300 2792 1355 Stultus
2829 1310 3015 1356 contra
3044 1302 3340 1373 sapientem
3368 1319 3385 1369 ;

1804 1399 1862 1445 et
1908 1391 2154 1462 ignobilis
2199 1401 2389 1446 contra
2427 1391 2682 1446 nobilem.
2734 1390 2827 1446 Sic
2854 1389 2914 1445 fit
2962 1392 3281 1462 plerumque
3328 1394 3386 1447 in

1806 1490 1993 1536 sancta
2024 1481 2285 1547 Ecclesia,
2331 1489 2552 1552 propter
2576 1489 2793 1550 peccata
2829 1480 3030 1555 populi.
3053 1480 3391 1537 Auferuntnr

1807 1572 1951 1628 enim
1994 1572 2265 1642 principes
2308 1572 2375 1625 ad
2417 1570 2661 1626 bellando
2709 1570 2890 1639 praelia
2944 1568 3155 1624 Domini
3199 1569 3387 1635 fortes,

1809 1672 2153 1732 rectoresque
2182 1660 2416 1732 religiosi
2442 1678 2454 1713 :
2481 1661 2570 1731 qui
2595 1658 2801 1730 plebem
2834 1660 2927 1715 Dei
2955 1659 3246 1715 secundum
3271 1658 3389 1728 ejus

1807 1752 2069 1823 placitum
2115 1759 2379 1806 noverunt
2430 1765 2653 1821 regere,
2703 1749 2995 1804 consiliarii
3036 1764 3283 1820 quoque,
3335 1755 3392 1803 et

120 1844 556 1900 i’hiistitmrum.
612 1842 815 1897 Sensus
868 1850 1047 1896 autem
1100 1850 1182 1896 est
1207 1882 1223 1907 ,
1270 1841 1412 1911 quod
1462 1854 1591 1895 vera
1646 1849 1702 1895 et
1729 1842 1776 1900 Β
1803 1844 2050 1899 doctores
2081 1843 2390 1914 prudentes.
2417 1842 2613 1911 Sicque
2647 1840 2993 1896 confunditur
3011 1843 3187 1897 omnis
3225 1842 3379 1907 ordo,

122 1934 263 1989 falsa
302 1934 508 2003 pariter
532 1949 563 1987 a
600 1932 803 1987 Judtcis
829 1931 1164 1986 auferantur.

205 2044 224 2075 ι
257 2025 563 2096 Principem
593 2039 754 2094 super
799 2022 1209 2093 quinquaginta,
1245 2029 1301 2078 et
1330 2021 1700 2076 honorabilem

120 2116 297 2182 vultu,
329 2125 384 2171 et
413 2115 780 2172 consiliarium
819 2115 1113 2184 sapientem
1163 2115 1231 2169 de
1283 2113 1617 2177 architectis,
1646 2119 1701 2166 et

118 2196 443 2279 prudentem
490 2208 690 2277 eloquii
727 2207 958 2279 mystici.
1007 2225 1024 2257 ι
1068 2206 1125 2260 ln
1165 2207 1268 2261 hoc
1305 2206 1423 2259 loco
1468 2220 1498 2258 a
1547 2213 1702 2275 parte

118 2309 298 2354 totum
335 2300 697 2371 accipientes,
728 2314 824 2368 per
874 2297 1172 2367 principem
1221 2311 1383 2366 super
1438 2295 1703 2365 quinqua-

116 2389 270 2459 ginta
299 2388 411 2460 (qui
436 2387 927 2458 quinquagenarius
954 2384 1314 2455 nuncupatur)
1338 2398 1527 2438 omnes
1552 2383 1702 2453 prin—

117 2483 272 2552 cipes
310 2470 620 2535 Iudaeorum
647 2478 996 2549 intelligimus
1023 2490 1144 2531 esse
1169 2476 1397 2530 ablatos.
1426 2474 1573 2529 inter
1596 2490 1701 2529 caa-

117 2582 269 2628 teras
303 2586 517 2642 quoque
553 2571 779 2642 gratias,
806 2571 967 2626 etiam
999 2569 1102 2624 hoc
1135 2568 1344 2623 auferet
1389 2566 1647 2621 Dominus
1670 2582 1700 2620 a

114 2665 361 2721 Iudaeis:
403 2674 464 2721 ut
500 2663 706 2719 nullum
743 2662 977 2717 habeant
1007 2660 1380 2716 bonorabilem
1405 2659 1574 2722 vultu,
1607 2658 1699 2727 qui

116 2775 222 2831 pro
249 2774 349 2815 sua
373 2757 673 2814 reverentia
703 2757 1034 2811 honoretur:
1068 2754 1271 2807 nullum
1309 2752 1698 2815 consiliarium,

116 2851 218 2905 sed
271 2857 462 2905 cuncta
495 2846 697 2902 facient
743 2845 946 2915 absque
995 2843 1240 2899 consilio.
1288 2842 1700 2910 Principcmqne

116 2939 414 3005 artiﬁcum,
439 2937 614 3009 qualis
638 2935 740 2991 fuit
758 2933 1029 3000 Beseleel;
1071 2942 1126 2988 et
1153 2934 1473 3003 prudentem
1498 2931 1698 3001 eloquii

118 3033 358 3106 mystici,
399 3033 454 3087 id
505 3040 609 3097 est,
655 3029 974 3100 prudentem
1020 3028 1295 3082 doctorem
1326 3065 1341 3090 ,
1403 3025 1497 3094 qui
1544 3024 1698 3079 docet

117 3126 331 3195 eloquia
368 3124 591 3196 mystica
618 3123 730 3177 sive
766 3122 979 3187 divina;
1018 3118 1125 3186 vel,
1157 3126 1218 3174 ut
1262 3118 1479 3189 quidam
1510 3117 1698 3172 volunt

1799 1948 1853 1990 et
1880 1935 2157 2006 consurgit
2195 1935 2281 1989 vir
2325 1947 2513 1989 contra
2551 1932 2772 1988 fratrem
2818 1948 3011 1987 suum:
3043 1949 3179 2003 puer
3221 1932 3390 1988 sumit

1799 2031 2081 2086 audaciam
2120 2029 2490 2084 murmurandi
2544 2036 2731 2083 contra
2767 2042 2982 2097 senem,
3035 2035 3093 2081 et
3133 2025 3391 2097 ignobilis

1798 2140 2017 2197 genere,
2048 2134 2103 2179 et
2129 2123 2536 2179 conversatione
2563 2137 2792 2188 morum,
2815 2132 3001 2176 contra
3028 2121 3284 2176 nobilem.

1874 2235 1893 2268 ι
1948 2212 2332 2285 Apprehendct
2383 2213 2469 2266 vir
2516 2212 2737 2266 fratrem
2788 2226 2979 2278 suum,
3034 2211 3391 2267 domesticum

1798 2307 1968 2378 patris
1989 2305 2094 2370 sui,
2124 2324 2141 2355 ι
2172 2304 2225 2358 id
2247 2310 2349 2368 est,
2377 2302 2751 2367 vernaculum,
2785 2317 2945 2371 quem
2982 2310 3139 2372 pater
3153 2303 3268 2373 ejus
3292 2319 3391 2357 nu-

1802 2398 1967 2452 trivit.
1997 2396 2131 2450 Dnm
2168 2394 2359 2448 civitas
2406 2392 2736 2447 Hierusalem
2777 2392 3053 2447 obsidione
3094 2393 3390 2448 vallaretnr

1798 2502 1828 2542 a
1854 2486 2097 2541 Romano
2119 2484 2378 2548 exercitu,
2403 2481 2569 2537 Judaei
2599 2481 2736 2536 infra
2769 2482 2968 2536 mmnia
2997 2496 3108 2537 sua:
3149 2482 3387 2537 civitatis

1799 2579 2068 2644 conclusi,
2111 2578 2298 2632 intres
2341 2583 2522 2645 partes
2564 2582 2720 2628 erant
2758 2573 2935 2628 divisi.
2975 2573 3078 2629 Alii
3121 2574 3388 2645 siquidem

1801 2670 2054 2740 templum
2084 2681 2371 2734 arcemque
2400 2664 2529 2719 Sion
2568 2664 2850 2728 tenebant,
2885 2661 2975 2717 alii
3004 2677 3132 2719 vero
3175 2672 3389 2734 partem

1800 2761 2132 2831 superiorem
2155 2756 2412 2821 civitatis,
2441 2763 2601 2825 atque
2623 2753 2712 2808 alii
2736 2752 3046 2809 inferiorem
3071 2771 3085 2808 :
3114 2764 3170 2808 et
3196 2768 3387 2823 quem:

1799 2865 2011 2920 cunque
2039 2848 2160 2920 quis
2180 2846 2391 2901 volebat
2414 2845 2515 2900 sibi
2537 2843 2829 2914 principem
2860 2843 3241 2908 constituebat,
3268 2859 3378 2898 non

1799 2942 1971 2997 solum
1993 2938 2339 2993 vernaculum
2359 2935 2531 3006 patris
2553 2935 2658 3000 sui,
2678 2935 2771 2989 sed
2796 2934 2960 2989 etiam
2984 2933 3148 2988 alium
3169 2934 3379 2989 dicens:

1804 3048 1824 3082 ι
1862 3030 2253 3085 Vestimentum
2284 3026 2382 3081 tibi
2411 3032 2517 3090 est,
2542 3018 2790 3093 princeps
2815 3023 2935 3078 esto
2984 3031 3184 3078 noster.
3212 3022 3388 3077 Ruina

1799 3128 1979 3175 autem
2012 3119 2129 3173 hmo
2176 3115 2275 3172 sub
2306 3130 2468 3169 manu
2508 3124 2617 3168 tua.
2656 3132 2674 3165 ι
2711 3113 2775 3167 Ει
2813 3121 2898 3168 est
2946 3127 3139 3168 sensus
3163 3130 3183 3171 ι
3214 3111 3391 3168 [labes

118 3194 322 3283 dicere,
353 3194 670 3286 prudentem
707 3214 1039 3278 auditorem,
1066 3210 1158 3281 qui
1190 3211 1360 3280 possit
1391 3211 1697 3264 discernere
1723 3194 1768 3256 C
1799 3212 1978 3266 cibum
2015 3218 2073 3263 et
2097 3208 2502 3270 vestimentum,
2530 3213 2647 3259 esto
2667 3204 2820 3259 nobis
2840 3204 3126 3273 princeps:
3156 3212 3387 3258 tantum-

118 3310 561 3381 przedicationem
608 3306 850 3363 docentis
879 3324 893 3358 :
926 3303 1073 3358 illum
1105 3301 1314 3356 auferet
1344 3301 1410 3354 ab
1450 3300 1549 3354 eis.
1581 3298 1694 3351 Ad-

120 3400 366 3456 miranda
393 3406 477 3454 eSt
504 3397 649 3452 enim
687 3392 955 3449 sententia
981 3389 1259 3459 cujusdam
1287 3396 1457 3458 poeta:
1480 3385 1652 3442 Graeci
1678 3403 1693 3440 :

119 3492 216 3563 qui
239 3491 370 3546 dicit
404 3489 637 3558 primum
685 3499 805 3539 esse
853 3484 1072 3537 beatum
1119 3481 1210 3551 qui
1241 3494 1340 3550 per
1380 3494 1440 3534 se
1476 3477 1693 3548 sapiat:

123 3581 442 3645 secundum,
472 3577 565 3646 qui
598 3575 893 3644 sapientem
923 3573 1123 3628 audiat.

200 3690 219 3723 ι
268 3670 336 3724 Ει
372 3668 511 3723 dabo
545 3680 743 3738 pueros
770 3663 1045 3736 principes
1067 3678 1276 3727 eorum,
1315 3670 1371 3715 et
1406 3659 1699 3716 effeminati

126 3757 549 3815 dominabuntur
598 3755 700 3811 eis.
733 3775 752 3807 ι
782 3752 1060 3824 Loquente
1086 3768 1150 3808 ex
1186 3763 1418 3823 persona
1447 3768 1543 3807 sua
1570 3768 1697 3822 pro-

124 3851 288 3920 pheta
334 3863 397 3903 ea
436 3862 555 3918 qua:
605 3846 855 3916 superius
896 3844 1040 3900 dicta
1088 3851 1242 3909 sunt,
1283 3842 1460 3898 subito
1505 3856 1699 3897 secun-

124 3941 251 3996 dum
295 3954 500 3995 morem
545 3938 945 4009 propheticum,
973 3934 1211 4006 loquitur
1254 3948 1319 3988 ex
1346 3948 1579 4004 persona
1604 3947 1701 3988 sua

127 4034 265 4090 Deus
284 4048 381 4104 per
402 4032 738 4104 prophetam,
760 4029 947 4085 dicens
976 4041 993 4081 :
1025 4026 1174 4082 Dabo
1201 4038 1398 4095 pueros
1428 4024 1702 4095 principes

122 4142 335 4191 eorum,
375 4126 427 4180 id
473 4132 577 4189 est,
609 4122 841 4178 sublatis
893 4121 978 4177 bis
1021 4136 1160 4191 quos
1197 4129 1323 4175 ante
1370 4120 1699 4174 donaveram

124 4217 431 4288 principes,
478 4213 730 4268 videlicet
778 4209 1263 4282 quinquagenaria,
1324 4222 1591 4276 scneqne,
1645 4214 1702 4263 et

124 4306 387 4377 prudente
425 4301 733 4359 consiliario
773 4319 786 4355 :
820 4316 915 4371 pro
941 4300 1027 4355 bis
1062 4299 1202 4354 dabo
1228 4297 1504 4369 principes
1541 4296 1702 4353 lasci-

124 4411 247 4455 vos,
287 4404 339 4450 et
367 4392 673 4457 dissolutos,
706 4406 855 4447 more
899 4405 1208 4459 puerorum.
1237 4387 1354 4443 Non
1384 4388 1531 4443 enim
1573 4402 1702 4458 puc-

126 4504 216 4543 ros
237 4486 568 4543 solummodo
598 4494 756 4539 aetate
782 4483 1039 4537 debemus
1065 4481 1366 4552 intelligere
1391 4518 1406 4546 ,
1452 4480 1548 4534 sed
1581 4494 1697 4534 ιιιο⁴

129 4582 274 4637 ribus
320 4588 375 4635 et
419 4577 848 4634 conversatione.
876 4574 951 4629 De
974 4573 1170 4629 talibus
1210 4573 1392 4642 pueris
1440 4572 1696 4643 principi-

124 4679 225 4729 bus
268 4674 319 4728 in
353 4672 675 4728 Ecclesiaste
703 4670 975 4740 legimus:
1014 4688 1032 4719 ι
1066 4669 1159 4724 Vae
1200 4669 1313 4732 tibi,
1361 4678 1506 4723 terra
1544 4669 1698 4739 cujus

127 4778 221 4817 rex
238 4760 451 4830 juvenis
476 4768 560 4815 est
592 4758 762 4831 (Eccl.
791 4757 877 4828 x)!
910 4777 930 4810 ι
960 4756 1015 4812 id
1052 4764 1153 4823 est,
1175 4756 1486 4826 juveniliter
1512 4772 1693 4829 agens.

126 4853 271 4909 Talis
308 4853 407 4907 fuit
442 4850 684 4907 Roboam
735 4853 848 4921 qui,
899 4853 1156 4923 despecto
1205 4853 1431 4908 consilio
1479 4868 1693 4919 senum,

125 4953 342 4999 secutus
392 4952 475 4998 cst
523 4942 744 4998 consilia
785 4943 1040 5012 juvcnum
1069 4943 1184 5013 (111
1216 4943 1340 5014 Reg.
1384 4943 1503 5015 xu).
1557 4943 1695 5009 Non,

127 5033 267 5103 quod
292 5048 425 5103 puer
468 5041 560 5087 aut
589 5031 806 5102 juvenis
845 5042 987 5088 esset
1025 5044 1181 5089 :rtate
1225 5036 1442 5104 quando
1490 5035 1699 5105 accepit

130 5139 371 5193 regnum,
387 5133 571 5194 utpote
592 5124 733 5193 quod
752 5124 1109 5195 quadraginta
1137 5140 1230 5180 sex
1257 5134 1379 5180 erat
1398 5140 1663 5180 annormn
1678 5166 1693 5190 ,

130 5215 222 5271 sed
266 5214 407 5284 quod
445 5214 723 5285 pueriliter
768 5214 954 5285 gessit,
1000 5226 1054 5270 et.
1107 5215 1386 5270 dissolute.
1438 5215 1700 5284 Quodque

130 5306 385 5375 sequitur,
411 5313 466 5359 et
494 5303 779 5361 effeminati
808 5306 1227 5361 dominabuntur
1255 5307 1353 5371 cis,
1385 5307 1525 5362 idem
1569 5322 1695 5361 sen-

130 5411 220 5452 sus
257 5405 359 5452 est.
391 5393 691 5450 Eii'eminati
744 5407 924 5463 autem
971 5403 1134 5461 sunt,
1185 5396 1274 5467 qui
1326 5394 1696 5450 fortitudinem

133 5486 581 5557 stabilitatemque
610 5485 817 5539 virilem
850 5486 904 5540 in
954 5485 1242 5541 femineam
1292 5487 1571 5542 mollitiem
1603 5486 1697 5542 ba-

132 5580 256 5634 bent
301 5579 594 5633 redactam.
628 5577 785 5634 Tales
814 5586 938 5633 sunt
989 5580 1146 5636 hodie
1177 5581 1446 5650 principes
1488 5578 1700 5634 Judtco—

133 5685 271 5735 rum,
313 5668 590 5739 pueriliter
621 5668 865 5726 videlicet
893 5679 1083 5726 cuncta
1115 5680 1363 5742 agentes,
1400 5669 1701 5741 nulliusque

137 5759 341 5815 virtutis
367 5760 677 5815 existentes.

1720 4532 1773 4591 D

1797 3302 1982 3362 modo,
2009 3307 2070 3352 ut
2103 3297 2302 3351 liberes
2338 3310 2438 3349 nos
2474 3294 2542 3349 ab
2572 3294 2850 3363 ingruente
2880 3292 3043 3360 fame,
3076 3303 3134 3349 et
3171 3294 3389 3348 miseria

1794 3396 1980 3442 nostra
2016 3394 2108 3440 tuo
2144 3391 2473 3439 sustentetur
2496 3381 2713 3436 auxilio.

1872 3513 1890 3545 ι
1925 3489 2395 3561 Respondebitqne
2419 3487 2473 3542 in
2495 3487 2581 3541 die
2618 3486 2707 3541 illa
2734 3486 2918 3543 dicens
2943 3506 2956 3542 :
2981 3486 3097 3549 Non
3124 3503 3241 3544 sum
3267 3502 3383 3545 me-

1798 3583 1969 3646 dicus,
1995 3581 2115 3634 etin
2132 3580 2293 3634 domo
2306 3591 2424 3632 mea
2450 3591 2555 3631 non
2585 3585 2669 3632 est
2712 3578 2866 3646 panis
2903 3593 3076 3648 neque
3100 3579 3390 3635 vestimen-

1801 3680 1913 3725 tum
1969 3688 1984 3724 :
2031 3669 2197 3723 nolite
2241 3668 2569 3723 constituere
2630 3682 2718 3722 me
2769 3668 3073 3738 principem
3116 3648 3329 3739 populi:
3355 3689 3379 3722 ι

1798 3759 2162 3817 Considerans
2191 3758 2259 3823 is,
2287 3758 2379 3828 qui
2401 3756 2603 3813 electus
2632 3757 2796 3812 fuerit
2816 3758 2870 3811 in
2898 3759 3230 3828 principem,
3257 3774 3389 3828 pau-

1800 3859 2064 3924 pertatem
2092 3859 2147 3905 et
2172 3847 2591 3904 imbecillitatem
2635 3862 2808 3914 suam,
2847 3833 3232 3919 respondebit:
3265 3849 3383 3905 Non

1802 3959 1921 3999 sum
1950 3940 2241 4013 (inquiens)
2273 3939 2535 4003 medicus,
2562 3936 2616 3992 id
2643 3945 2748 4005 est,
2771 3954 2877 3993 non
2902 3954 3123 4009 possum
3151 3950 3389 3996 vestram

1801 4033 2178 4090 necessitatem
2202 4030 2460 4101 implere:
2485 4029 2610 4099 quia
2638 4045 2744 4084 non
2776 4030 2950 4085 habeo
2972 4044 3186 4099 panem,
3214 4040 3390 4100 neque

1801 4126 2199 4182 vestimentum.
2229 4122 2568 4192 Quapropter
2588 4120 2754 4177 nolite
2780 4136 2866 4176 me
2888 4121 3217 4177 constituere
3235 4122 3392 4192 prin-

1801 4196 1996 4286 cipem:
2672 4200 2680 4209 ’

1876 4325 1895 4358 ι
1930 4305 2062 4360 Ruit
2090 4305 2235 4359 enim
2269 4302 2638 4368 Hierusalem,
2676 4313 2731 4357 et
2756 4299 2891 4356 Juda
2940 4300 3219 4356 concidit:
3263 4303 3389 4373 quia

1800 4398 1981 4469 lingua
2011 4410 2199 4452 eorum
2227 4404 2283 4452 et
2308 4395 2717 4450 adinventioncs
2745 4409 2931 4449 eorum
2987 4403 3173 4449 contra
3202 4396 3386 4451 Domi-

1801 4502 1963 4552 num,
2003 4495 2061 4541 ut
2088 4493 2443 4556 provocarent
2490 4484 2675 4540 oculos
2720 4483 3017 4553 majestatis
3044 4484 3182 4555 ejus.
3217 4502 3236 4535 ι
3271 4481 3389 4537 Non

1799 4578 2038 4649 loquitur
2077 4575 2318 4641 hocille,
2345 4590 2504 4646 quem
2548 4575 2843 4645 principem
2888 4574 3145 4630 volebant
3188 4573 3389 4629 consti-

1803 4678 1972 4737 tuere,
2020 4670 2114 4725 seJ
2143 4670 2321 4739 potius
2350 4669 2641 4739 propheta,
2669 4668 2762 4738 qui
2804 4667 2933 4724 dicit
2975 4668 3177 4723 idc'rco
3210 4668 3385 4722 nemi-

1800 4775 1922 4815 nem
1976 4760 2116 4815 velle
2166 4758 2361 4828 populo
2420 4758 2692 4827 peccatori
2742 4740 2975 4827 pacesse
3000 4797 3015 4824 ,
3065 4756 3191 4828 quia
3256 4756 3386 4812 urbs

1801 4849 2136 4905 Hierusalem
2165 4862 2219 4904 et
2245 4848 2427 4904 Judtea
2450 4849 2724 4919 provincia
2752 4850 2956 4920 pariter
2985 4859 3307 4905 corruerunt
3330 4849 3386 4904 in

1801 4940 2269 4995 manushostium.
2296 4939 2607 5009 Causasque
2635 4941 2810 4996 reddit
2854 4941 3148 5011 impietatis
3195 4954 3384 4993 eorum

1801 5041 1965 5101 atque
2011 5031 2531 5102 perditioniszquod
2566 5042 2754 5087 contra
2800 5032 3085 5086 Dominum
3137 5028 3386 5101 blasphe-

1801 5132 2084 5179 maverunt
2109 5123 2371 5183 dicentes,
2404 5141 2424 5174 ι
2471 5124 2801 5179 υωιηοιιίιιιῐι
2831 5123 3028 5186 babes,
3061 5141 3079 5174 ι
3114 5134 3185 5185 et,
3224 5142 3243 5173 ι
3279 5122 3383 5177 Sa-

1800 5216 2100 5271 maritanus
2124 5231 2204 5281 es,
2236 5237 2254 5268 ι
2282 5225 2337 5271 et
2361 5235 2379 5267 ι
2405 5217 2547 5272 licus
2562 5226 2646 5272 est
2666 5216 2874 5279 mortis,
2900 5232 2920 5265 ι
2946 5222 3002 5268 et
3027 5232 3045 5264 ι
3070 5211 3337 5283 Crucilige
3357 5233 3376 5266 ›

1805 5307 1989 5374 talem,
2017 5306 2289 5378 multaque
2315 5307 2401 5363 his
2426 5308 2620 5362 similia
2646 5304 2826 5378 (Joan.
2857 5320 2983 5371 vin;
3022 5303 3213 5359 Matth.
3234 5319 3380 5371 xxvi;

1800 5397 1931 5452 Luc.
1989 5397 2168 5469 χχιιι).
2231 5396 2655 5453 Adinventiones
2719 5411 2932 5466 quoque
3001 5409 3130 5450 suas
3195 5402 3383 5457 contra

1800 5490 2477 5561 Dontinum’protulerunt,
2509 5488 2722 5558 quando
2748 5494 3117 5557 opposuerunt
3137 5486 3188 5542 ei
3218 5484 3384 5540 falsos

1801 5590 1987 5644 testes,
2010 5580 2276 5635 dicentes:
2296 5578 2392 5634 llic
2411 5580 2566 5644 dixit,
2590 5592 2803 5648 possum
2827 5577 3105 5631 destruere
3128 5574 3381 5644 templum

1803 5673 1906 5727 hoc
1934 5669 2318 5735 manufactnm,
2347 5679 2402 5725 et
2428 5669 2480 5723 in
2508 5668 2682 5722 triduo
2715 5665 2857 5719 aliud
2886 5681 2991 5719 non
3016 5664 3382 5719 manufactnm

1806 5763 2151 5818 rcwlilicare.
2202 5760 2537 5831 Quapropter
2587 5756 2771 5814 oculos
2817 5754 3114 5825 majestatis
3148 5752 3380 5821 Domini,
