3918 6454
569 349 672 404 759

1027 345 1383 404 ιιΑγΜοΝιε
1423 345 1900 404 HALBERSTAT.
1939 345 2149 402 EPISC.

2249 346 2342 402 PP.
2381 348 2561 406 PARS
2585 349 2638 410 ,I.
2681 381 2750 391 —
2787 348 3141 407 COMMENT.
3179 348 3350 406 BIBL.
3727 361 3800 411 τω

570 463 623 519 id
647 471 751 529 est,
783 473 1086 535 respectum
1110 465 1492 521 misericordia:
1533 463 1676 520 illius
1708 472 1764 520 et
1788 464 2146 530 clementiam,
2175 467 2227 528 Α
2250 472 2408 520 erant
2453 464 2642 532 dediti,
2671 475 2731 520 ιιι
2764 465 2810 522 si
2838 480 2938 536 per
2980 465 3162 520 omnia
3206 477 3316 520 non
3343 465 3706 524 reddidissent
3727 489 3794 526 eo-
3853 461 3855 536 λ

568 557 636 613 ad
657 559 1068 616 amaritudinem
1091 567 1534 630 provocaverunt.
1558 558 1710 613 Licet
1733 557 1876 612 enim
1897 557 2144 621 Romani,

566 660 829 720 quantum
855 651 922 706 ad
951 667 1008 707 se
1037 652 1292 723 pertinuit
1329 659 1549 722 propter
1582 650 1686 704 hoc
1719 649 1989 714 venerint,
2021 649 2146 718 quia

568 739 827 794 tributum
879 743 1172 796 renuebant
1200 739 1534 810 persolvere,
1563 754 1724 794 causa
1755 746 1932 792 tamen
1963 736 2145 807 perdi-

567 827 730 884 tionis
757 830 963 885 illorum
1007 845 1151 885 mors
1175 829 1298 884 Filii
1327 830 1417 884 Dei
1449 829 1571 884 fuit.
1602 829 1668 883 Et
1694 827 1819 899 quia
1848 827 1995 882 illum
2025 841 2148 897 pro-

567 927 897 975 vocaverunt
929 920 994 975 ad
1021 920 1438 975 amaritudinem
1480 937 1493 973 :

642 1027 663 1061 ι
697 1009 912 1079 Agnitio
960 1009 1140 1065 vultus
1183 1025 1370 1065 eorum
1415 1007 1761 1079 respondebit
1796 1007 1895 1073 eis,
1933 1026 1952 1060 ι
1989 1007 2040 1061 id
2065 1013 2149 1060 est

565 1101 802 1172 cognitio
821 1102 987 1172 quod,
1011 1101 1285 1156 Christum
1310 1101 1555 1156 videntes
1581 1101 1635 1154 in
1659 1115 1841 1165 carne,
1863 1099 2150 1154 noluerunt

564 1192 618 1246 in
640 1207 762 1247 eum
787 1192 1028 1248 credere.
1054 1191 1521 1263 ReSpondebitque
1539 1191 1618 1246 eis
1635 1189 1914 1256 Dominus,
1936 1190 2149 1260 quando

562 1284 726 1354 positi
789 1284 842 1340 in
905 1283 1125 1338 miseria
1179 1293 1234 1339 et
1287 1283 1654 1349 tribulatione,
1725 1283 2150 1338 recordabuntur

563 1387 785 1450 propter
808 1393 994 1434 necem
1021 1378 1143 1432 Filii
1173 1378 1266 1433 Dei
1315 1378 1430 1432 haec
1476 1377 1576 1431 sibi
1603 1377 1906 1431 advenisse.
1937 1374 2032 1430 Vel
2059 1375 2152 1430 ali-

563 1476 649 1524 ter
679 1487 691 1521 :
715 1469 932 1538 Agnitio
964 1467 1142 1522 vultus
1170 1481 1358 1538 eorum
1386 1465 1730 1535 respondebit
1753 1466 1832 1520 eis
1854 1506 1870 1530 ,
1898 1465 2022 1533 quia
2052 1479 2150 1519 sua

563 1567 885 1630 receperunt
924 1565 1173 1628 peccata,
1198 1558 1283 1612 vel
1307 1566 1432 1612 ante
1459 1557 1643 1612 oculos
1691 1557 1890 1612 mentis
1937 1571 2150 1626 semper

564 1650 871 1704 habuerunt
891 1649 1108 1719 propria
1133 1648 1345 1704 delicta.
1377 1666 1395 1699 ι
1425 1648 1490 1702 Ει
1510 1655 1790 1718 peccatum
1815 1663 1972 1702 suum
1993 1646 2148 1716 quasi

565 1738 800 1793 Sodoma
842 1738 1284 1816 praedicaverunt,
1316 1753 1415 1792 nec
1461 1738 1876 1792 abseouderunt.
1930 1757 1948 1790 ›
1997 1738 2149 1792 Sicut

2246 569 2366 608 rum
2393 554 2619 624 subjecti
2662 570 2784 625 quae
2842 555 3114 610 reddenda
3158 561 3334 619 erant,
3377 553 3795 626 ﬂagellareateos
3854 553 3855 624 ἶ

2244 644 2459 713 publice
2483 661 2497 700 :
2521 653 2574 700 et
2596 645 2963 714 multipliciter
3000 645 3068 699 ab
3091 644 3171 700 eis
3197 653 3385 715 postea
3409 646 3715 715 exigerent,
3737 655 3790 707 di-
3853 637 3855 715 ἦ

2247 743 2428 790 centes
2453 752 2466 788 :
2499 753 2519 787 ι
2558 734 2829 806 Scriptum
2857 742 2941 791 est
2962 751 2976 787 :
3001 733 3118 789 Non
3143 735 3428 805 apparebis
3459 735 3519 790 in
3550 750 3788 808 conspectu

2247 839 2368 880 meo
2389 840 2592 880 vacuus
2615 825 2812 897 (Exod.
2840 824 3020 896 xxut).
3050 844 3070 878 ι
3098 825 3284 880 Potest
3304 835 3494 880 autem
3519 836 3576 881 et
3592 828 3658 882 ita
3677 829 3785 884 intel-

2245 915 2357 986 ligi,
2383 918 2528 988 quod
2555 919 2808 974 mulieres
2833 919 3117 974 dominata:
3139 920 3220 974 eis
3247 928 3399 985 sunt,
3434 921 3494 974 id
3519 930 3621 984 est,
3643 939 3783 976 uxores

2247 1007 2541 1062 scribarum
2571 1016 2628 1062 et
2661 1007 3080 1064 Pharisaeorum.
3112 1008 3427 1064 Cavendum
3469 1018 3558 1064 est
3579 1026 3721 1081 ergo.
3741 1029 3781 1066 ne

2245 1097 2491 1167 magistri
2513 1097 2871 1168 doctoresque
2908 1097 3161 1154 Ecclesiae
3186 1107 3481 1154 exactores
3525 1101 3690 1168 populi
3712 1103 3781 1154 sint

2245 1188 2609 1259 Opprimentes
2636 1189 2908 1260 subjectos
2932 1225 2946 1254 ,
2979 1199 3040 1244 ut
3086 1189 3300 1243 illorum
3328 1188 3548 1244 divitiis
3583 1191 3775 1251 ditentur.

2245 1291 2300 1338 et
2325 1284 2602 1353 cupiditati
2635 1285 2950 1349 servientes,
2979 1284 3310 1339 muliebriter
3332 1284 3551 1338 vivant.
3591 1302 3609 1334 ι
3639 1284 3774 1354 Ροριιε

2247 1389 2422 1441 meus,
2447 1377 2540 1446 qui
2562 1379 2778 1432 beatum
2803 1385 2855 1432 te
2882 1377 3084 1442 dicunt,
3109 1377 3209 1447 ipsi
3233 1386 3283 1431 te
3303 1376 3610 1446 decipiunt,
3628 1378 3772 1431 etviza

2246 1479 2526 1534 gressuum
2582 1474 2796 1520 tuorum
2841 1467 3118 1536 dissipant.
3156 1485 3176 1518 ι
3222 1465 3436 1520 Scriba:
3484 1475 3537 1520 et
3567 1466 3768 1528 Pbarisa',

2247 1554 2338 1624 qui
2367 1556 2613 1626 superius
2638 1564 2919 1612 exactores
2955 1556 3205 1626 appellati
3253 1563 3407 1619 sunt,
3446 1555 3567 1610 illos
3591 1571 3617 1608 a
3642 1557 3768 1625 quin

2247 1660 2470 1700 munera
2500 1647 2856 1717 accipiebant,
2879 1647 3066 1702 beatos
3094 1661 3213 1701 esse
3241 1646 3546 1701 dicebant:
3569 1646 3764 1700 adulantes

2249 1737 2330 1793 eis
2351 1753 2416 1793 ac
2436 1738 2677 1794 dicentes
2701 1757 2713 1792 :
2738 1737 2848 1793 Vos
2866 1740 2998 1794 estis
3025 1737 3199 1793 sancti
3223 1745 3280 1792 et
3299 1737 3479 1792 electi
3506 1739 3761 1806 omnipotn-

566 1828 858 1884 Sodomita:
910 1827 1157 1883 nefandis
1211 1827 1533 1884 criminibus
1586 1828 1871 1897 inquinati,
1935 1827 2146 1882 invere-
2179 1824 2223 1884 Β
2251 1831 2320 1886 tis
2345 1829 2476 1895 Dei,
2521 1831 2614 1900 qui
2662 1830 2939 1885 ministros
2964 1829 3105 1884 illius
3147 1829 3465 1890 honoratis.
3505 1839 3560 1883 et
3583 1829 3758 1884 enim

561 1921 736 1977 cunde
762 1921 1012 1974 dixerunt
1039 1909 1106 1973 ad
1131 1918 1288 1983 Loth,
1308 1918 1456 1973 Educ
1477 1918 1622 1973 viros
1640 1917 1787 1972 foras
1812 1927 1872 1973 ut
1893 1934 2148 1973 concum-

560 2011 752 2066 bamus
773 2027 896 2066 cum
924 2012 1004 2066 eis
1032 2029 1045 2064 :
1077 2012 1150 2065 ita
1187 2020 1243 2066 et
1292 2011 1381 2066 isti
1434 2012 1638 2066 eisdem
1665 2011 1902 2081 peccatis
1928 2010 2145 2076 irretiti,

563 2101 904 2171 impudenter
951 2109 1008 2158 et
1058 2102 1260 2170 absque
1318 2100 1466 2155 omni
1519 2102 1820 2157 reverentia
1867 2109 2149 2172 peccatum

561 2207 718 2247 suum
741 2191 1187 2262 praedicaverunt,
1215 2192 1576 2247 acelamantes
1601 2202 1790 2248 contra
1822 2193 2103 2248 Dominum
2129 2210 2145 2249 :

559 2279 1122 2352 Crucillge,cruciiige
1151 2281 1346 2336 istum!
1369 2281 1453 2345 Ει,
1485 2281 1628 2337 Reus
1648 2290 1732 2337 est
1755 2282 1964 2337 mortis.
1997 2282 2150 2338 Unde

559 2375 628 2428 ab
647 2373 836 2429 eodem
861 2373 1142 2444 propheta,
1171 2374 1440 2444 principes
1465 2373 1820 2428 Sodomorum
1846 2382 1902 2429 et
1921 2374 2148 2444 papulus

558 2465 874 2520 Gomorrhze
901 2462 1260 2533 appellantur.
1286 2463 1558 2517 Moraliter
1575 2471 1756 2518 autem
1779 2464 2149 2531 unusquisque

559 2564 838 2626 peccatum
885 2570 1041 2610 suum
1087 2554 1226 2609 sicut
1277 2553 1568 2608 Sodomita:
1595 2553 1854 2622 publicat,
1885 2553 1976 2620 qui
2019 2551 2148 2605 vitia

559 2647 756 2718 quibus
806 2647 920 2718 ipse
970 2654 1183 2702 tenetur
1233 2645 1574 2713 inquinatus,
1621 2643 1742 2698 aliis
1792 2644 2150 2698 inverecunde

559 2737 843 2809 prodit,ad
861 2739 962 2792 hoc
986 2746 1046 2790 ut
1063 2751 1158 2792 eos
1181 2735 1384 2790 similes
1410 2735 1615 2799 reddat,
1638 2735 1828 2803 suique
1849 2734 2149 2788 imitatores

559 2831 779 2888 eiiiciat.
811 2830 922 2886 Nec
946 2827 1141 2886 subicit
1169 2830 1218 2883 ei
1249 2828 1641 2883 immunditiam
1668 2841 1820 2882 suam
1853 2826 1943 2880 uni
1967 2833 2148 2879 osten-

559 2926 708 2991 dere,
737 2925 842 2980 nisi
867 2925 1030 2980 etiam
1057 2923 1256 2978 multos
1283 2921 1386 2978 sibi
1412 2919 1621 2974 illiciat.
1651 2919 1991 2988 Quapropter
2009 2917 2151 2971 sicut

562 3019 853 3074 Sodomita:
877 3032 1104 3088 corpore
1141 3025 1197 3072 et
1234 3016 1411 3069 anima
1439 3014 1735 3083 perierunt,
1768 3013 1841 3067 ita
1870 3013 2034 3066 etiam
2062 3011 2150 3067 ille

563 3112 618 3167 in
646 3111 732 3166 die
746 3110 935 3180 judicii
956 3108 1160 3179 pariter
1181 3108 1237 3161 in
1258 3119 1488 3175 corpore
1507 3112 1564 3159 et
1581 3104 1759 3157 anima
1783 3102 2145 3166 damnabitur,

2249 1923 2439 1977 domus
2469 1922 2580 1985 Dei,
2611 1923 2928 1991 cretei-isque
2958 1921 3042 1976 his
3089 1919 3353 1975 similibus
3385 1920 3577 1974 verbis
3601 1921 3756 1973 aduiato

2249 2011 2346 2067 riis
2368 2010 2704 2082 decipiebant
2725 2027 2818 2066 eos
2840 2051 2856 2076 ,
2881 2019 2936 2066 et
2961 2011 3102 2065 viam
3125 2011 3404 2066 actionum
3437 2010 3631 2065 illorum
3650 2011 3752 2064 laodi-

2247 2103 2349 2158 bus
2396 2103 2508 2159 suis
2559 2103 2698 2158 male
2742 2102 3049 2159 extollendo
3101 2101 3453 2171 dissipabant
3497 2113 3655 2157 eontra
3680 2103 3750 2155 ilbi

2248 2200 2469 2261 agentes
2493 2209 2536 2245 τι
2560 2191 2638 2247 Ne
2659 2192 2844 2247 laudes
2869 2192 3143 2247 hominem
3165 2193 3221 2246 in
3239 2192 3346 2246 vita
3368 2191 3746 2261 503(Etdl.l1}.i

2324 2305 2342 2338 ι
2377 2287 2496 2342 Stat
2517 2289 2583 2342 ad
2599 2281 2946 2357 judicandum
2971 2285 3242 2349 Domlnus,
3273 2295 3385 2340 stat
3409 2287 3486 2340 ad
3503 2287 3744 2355 judirah

2247 2377 2488 2447 populos.
2535 2397 2554 2430 ι
2607 2377 2722 2431 Νοιι
2761 2375 2913 2432 sedet
2959 2376 3024 2430 ad
3065 2375 3426 2444 judicandum
3483 2377 3548 2430 ad
3575 2375 3735 2430 betam

2247 2467 2502 2538 pmseuti
2531 2468 2722 2537 perdat
2747 2478 3004 2538 tempore,
3039 2468 3178 2521 sicut
3213 2467 3266 2520 in
3305 2468 3556 2523 Danielis
3575 2467 3730 2522 πάθω

2249 2558 2448 2629 legitur
2489 2558 2652 2630 (Dan.
2685 2553 2807 2628 xiii)
2835 2577 2848 2610 :
2877 2559 2970 2612 sed
3005 2566 3130 2621 stat,
3180 2558 3235 2612 id
3268 2567 3392 2623 est,
3449 2559 3683 2614 consident
3705 2566 3740 2609 et

2249 2649 2506 2704 discernit
2552 2649 2793 2704 omnium
2821 2664 2985 2718 Opera
3014 2666 3026 2701 :
3054 2648 3236 2702 volens
3262 2657 3515 2704 statuere
3540 2664 3615 2702 eis
3632 2646 3742 2700 inid:

2248 2739 2511 2808 bonisque
2535 2739 2818 2809 operibus,
2844 2755 3071 2809 quorum
3102 2739 3188 2793 via
3239 2739 3412 2794 fuerit
3438 2741 3667 2809 dissipata
3690 2737 3746 2790 id

2249 2834 2432 2898 etiam,
2463 2834 2771 2888 considerat
2815 2833 3084 2902 quomodo
3113 2832 3494 2888 benefactores
3517 2836 3564 2888 in
3584 2833 3748 2886 futurum

2250 2933 2554 2980 remuneret
2584 2961 2599 2990 ,
2653 2925 3034 2980 malefactores
3083 2933 3268 2980 autem
3317 2941 3448 2980 suos
3498 2927 3546 2980 in
3583 2925 3749 2977 intuma

2249 3017 2460 3088 perdat.

2331 3128 2349 3160 ι
2386 3108 2643 3163 Dominus
2670 3108 2737 3163 ad
2773 3103 3033 3176 judicium
3046 3095 3238 3163 'veniet
3263 3124 3387 3162 cum
3413 3108 3601 3164 senibus
3619 3102 3749 3173 populi

561 3204 789 3260 audiens
813 3217 844 3256 a
869 3199 1095 3256 Domino
1117 3197 1262 3253 illam
1286 3194 1580 3253 terribilem
1610 3208 1796 3249 vocem
1821 3211 1833 3246 :
1863 3213 1880 3244 ‹
1909 3192 2009 3258 Ite,
2039 3207 2149 3246 ma-
2175 3183 2221 3247 C
2251 3200 2356 3265 sui,
2387 3219 2405 3252 ι
2453 3199 2507 3255 id
2557 3208 2661 3264 est,
2690 3215 2809 3255 cum
2835 3198 3162 3269 patriai-chi;
3205 3206 3263 3254 et
3307 3199 3567 3268 prophetis,
3591 3205 3633 3248 et
3657 3209 3749 3247 eum

561 3298 762 3366 ledicti,
784 3298 838 3353 in
860 3298 1041 3368 ignem
1068 3303 1331 3350 :eternum
1358 3289 1574 3363 (Matth.
1607 3288 1923 3361 xxv)»th
1951 3290 2146 3344 anima:

561 3404 773 3454 eorum,
803 3386 1058 3457 quoniam
1083 3382 1290 3438 reddita
1321 3388 1445 3436 sunt
1474 3381 1555 3435 eis
1578 3381 1738 3434 mala.
1777 3398 1796 3432 ›
1837 3377 2149 3433 Damnatio-

563 3494 688 3536 nem
716 3477 923 3532 scilicet
947 3489 1167 3530 suorum
1199 3471 1462 3528 scelerum
1495 3471 1822 3542 recipiendo.

639 3589 660 3622 ι
693 3567 864 3624 Dicite
881 3565 1050 3637 justo,
1099 3563 1354 3635 quoniam
1407 3562 1562 3626 bene,
1610 3561 1864 3631 quoniam
1914 3557 2148 3616 fructum

564 3656 1002 3714 adinventionum
1043 3669 1260 3710 suarum
1306 3651 1607 3707 comedent.
1645 3671 1663 3704 ι
1704 3650 1960 3708 Lecturos
2009 3651 2150 3706 hanc

561 3749 900 3823 prophetiam
923 3746 1218 3815 alloquitur
1246 3744 1507 3815 propheta
1538 3760 1552 3797 :
1589 3743 1698 3798 Vos
1723 3744 1811 3812 qui
1841 3743 2047 3814 legistis
2080 3741 2147 3796 lio

561 3844 720 3899 brum
773 3838 930 3908 hujus
954 3836 1274 3908 prophetia,
1302 3836 1386 3890 vel
1415 3836 1506 3904 qui
1536 3834 1764 3890 audistis
1793 3834 2148 3905 perditionem

561 3932 892 3996 Jttdzeorum,
923 3929 1132 3983 laudate
1154 3927 1420 3998 justitiam
1450 3925 1679 3991 Domini,
1722 3935 1778 3982 et
1800 3925 1961 3981 dicite
1979 3925 2146 3996 justo,

565 4026 669 4082 hoc
698 4032 782 4078 est
823 4020 1058 4084 Christo,
1087 4019 1340 4087 quoniam
1369 4018 1506 4072 bene
1555 4016 1702 4080 fecit,
1731 4017 1874 4086 quod
1919 4018 2151 4073 reddidit

561 4115 760 4172 Judzeis
806 4126 1048 4184 poenam,
1079 4123 1241 4180 quam
1274 4108 1621 4162 merebantur
1648 4107 1861 4163 illorum
1887 4108 2148 4162 adiuven-

564 4207 760 4259 tiones.

640 4313 659 4346 ι
686 4295 780 4349 V'a:
802 4292 967 4362 impio
997 4290 1050 4344 in
1076 4288 1297 4352 malum,
1325 4287 1610 4345 retributio
1641 4304 1894 4345 manuum
1921 4289 2036 4358 ejus
2059 4291 2152 4346 lict

565 4387 638 4441 ei.
675 4405 693 4437 υ
745 4383 897 4451 Quod
949 4391 1035 4438 est
1073 4381 1294 4436 dicere:
1325 4379 1553 4436 ιλΕιθιΊιδ
1594 4382 1828 4451 perditio
1876 4383 2057 4438 veniet
2094 4383 2147 4438 in

565 4475 764 4548 populo
802 4473 1130 4535 Iudaeorum,
1178 4471 1304 4540 quia
1363 4472 1542 4541 qualia
1590 4483 1848 4544 operatus
1873 4484 1974 4536 est,
2022 4475 2150 4530 talia

2246 3290 2580 3360 principibus
2620 3290 2772 3360 ejus,
2815 3288 2921 3344 hoc
2965 3297 3049 3344 est
3078 3304 3203 3343 cum
3236 3281 3744 3358 apostolis:dequibus

2247 3382 2530 3438 Psahnista
2558 3381 2798 3453 loquitur
2825 3397 2842 3436 :
2871 3401 2890 3434 ι
2924 3381 3240 3439 Constitues
3269 3397 3345 3436 eos
3365 3378 3587 3450 principes
3606 3388 3739 3444 super

2248 3488 2465 3529 omnem
2491 3483 2696 3528 terram
2724 3470 2954 3544 (Psalm.
2983 3471 3156 3544 xuv).
3189 3492 3208 3524 ι
3243 3493 3263 3524 ‹
3297 3474 3394 3526 \‘os
3416 3479 3565 3525 autem
3583 3465 3752 3534 depasti

2247 3563 2381 3618 estis
2423 3563 2638 3619 vineam
2681 3577 2895 3630 meam,
2924 3563 3112 3633 rapina
3157 3578 3452 3634 pauperum
3473 3562 3519 3615 in
3542 3560 3674 3614 domo
3690 3573 3749 3612 ve-

2249 3667 2381 3714 stra.
2396 3677 2415 3711 ι
2441 3657 2640 3714 Contra
2661 3657 2869 3712 scribas
2888 3665 2944 3711 et
2968 3657 3298 3724 Pharisaeos,
3319 3666 3581 3712 exactores
3609 3651 3749 3709 scilicet

2248 3751 2578 3817 Judzeorum,
2607 3751 2848 3823 loquitur
2871 3766 3051 3808 sermo
3093 3751 3308 3807 divinus
3330 3768 3348 3805 ε
3367 3753 3460 3821 qui
3486 3743 3753 3815 suntdepasti

2250 3843 2461 3896 vineam
2507 3841 2754 3906 Domini,
2809 3843 2914 3899 hoc
2955 3851 3042 3898 est
3068 3841 3278 3913 plebem
3307 3842 3756 3918 lsraelitiamntlr

2250 3932 2432 3987 liaudo
2462 3933 2606 3986 illam
2635 3933 2701 3987 de
2727 3947 2834 4002 qua
2865 3933 3063 3989 dicitur
3098 3932 3304 4003 psalmo
3334 3950 3347 3987 :
3381 3934 3594 3987 Vineam
3630 3923 3757 3984 dei-

2249 4034 2410 4095 gypto
2459 4024 2800 4079 transtulisti.
2874 4023 3038 4079 Isaias
3089 4038 3304 4093 quoque
3359 4024 3492 4078 alibi
3530 4042 3541 4076 :
3583 4019 3759 4075 «Vina.

2252 4118 2444 4187 inquit,
2482 4117 2692 4172 Domini
2721 4117 2972 4181 sabaoth,
3000 4117 3192 4172 domus
3205 4124 3291 4172 est
3313 4116 3482 4171 lsrael
3512 4114 3662 4186 (Infra
3675 4109 3757 4177 ι-ξιι

2251 4208 2306 4263 In
2341 4224 2570 4278 quorum
2618 4209 2866 4264 domibus
2917 4216 3038 4264 erat
3085 4208 3268 4278 rapina
3314 4207 3600 4278 pauperis,
3628 4205 3668 4258 id
3698 4210 3760 4256 est

2252 4299 2574 4361 innocentis,
2610 4298 2933 4369 pupillorum
2978 4297 3188 4352 scilicet
3216 4297 3615 4366 orphanorum,
3659 4288 3761 4346 aur

2251 4388 2478 4443 duarum
2505 4406 2519 4442 :
2542 4388 2633 4458 qui
2663 4404 2768 4442 non
2800 4388 3070 4442 habebant
3100 4387 3412 4442 facultatem
3444 4404 3505 4442 se
3534 4384 3701 4440 tuendi.

2331 4498 2349 4531 ι
2393 4479 2568 4546 Quare
2603 4479 2833 4534 atteritis
2872 4498 2890 4530 ι
2930 4479 3044 4534 sive
3066 4479 3303 4549 atlligitis
3329 4499 3347 4528 ι
3377 4479 3629 4548 populum
3654 4486 3764 4529 mea

567 4547 808 4636 recipiet.
837 4561 1139 4630 Principem
1167 4576 1321 4615 suum
1347 4559 1603 4616 Romana:
1633 4563 1852 4618 tradidit
1873 4563 2146 4632 potestati,
2177 4547 2228 4606 Ῑ)
2253 4581 2306 4626 et
2334 4570 2500 4625 facies
2530 4587 2846 4640 pauperum,
2872 4592 2890 4624 ›
2920 4572 2971 4624 id
2997 4581 3100 4636 est,
3116 4547 3411 4642 egenorum
3435 4547 3504 4625 ac
3529 4569 3768 4642 pupillam

565 4668 623 4712 ct
673 4658 788 4725 ipse
835 4653 1092 4707 Romana:
1132 4647 1408 4718 subjectus
1439 4659 1525 4705 est
1577 4653 1845 4724 servituti.
1901 4652 2153 4708 Refertur

568 4759 748 4804 autem
793 4755 849 4801 et
893 4744 960 4799 ad
1008 4733 1444 4814 unumquemque
1471 4744 1727 4814 impium,
1755 4746 1848 4815 qui
1873 4745 2052 4815 qualia
2083 4745 2155 4800 fe-

567 4841 726 4905 cerit,
756 4837 879 4894 talia
912 4837 1127 4891 venient
1156 4836 1226 4890 ei.

643 4953 664 4986 ι
704 4931 963 5003 Populum
1009 4942 1186 4982 meum
1228 4940 1512 4987 exactores
1555 4933 1636 4987 sui
1667 4931 2050 5004 Spoliaveruut,
2095 4940 2151 4988 et

570 5025 824 5082 mulieres
844 5021 1130 5077 dominata:
1152 5031 1275 5075 sunt
1299 5023 1398 5078 eis.
1443 5043 1461 5076 ι
1491 5023 1692 5080 Contra
1713 5025 1918 5080 scribas
1939 5035 1992 5079 et
2015 5025 2154 5080 Pha-

571 5116 758 5171 risaeos
811 5113 1052 5182 loquitur
1092 5123 1272 5165 sermo
1309 5115 1654 5184 propheticus
1701 5113 1916 5186 (Matth.
1973 5131 2148 5178 xxtu;

572 5205 701 5260 Luc.
731 5206 832 5276 xi),
862 5223 1062 5265 vocans
1092 5225 1186 5266 eos
1213 5217 1494 5263 exactores
1519 5221 1662 5272 suos,
1696 5207 1822 5276 quia
1858 5215 1916 5260 ut
1939 5207 2155 5276 exigere

571 5310 790 5368 possent
815 5316 846 5353 a
871 5302 983 5358 suis
1011 5303 1239 5358 subditis
1271 5299 1487 5363 tributa,
1518 5298 1753 5353 decimas
1786 5306 1840 5353 et
1865 5299 2153 5368 primitias,

575 5401 737 5461 atque
783 5392 837 5445 in
871 5408 997 5448 suos
1047 5411 1175 5449 usus
1224 5392 1484 5461 redigere,
1517 5405 1636 5444 eam
1684 5390 1854 5460 turpis
1893 5389 2030 5444 lucri
2061 5389 2156 5444 Dei

573 5480 767 5536 Filium
793 5495 1140 5554 negaverunt.
1166 5486 1231 5538 Et
1250 5498 1356 5537 non
1379 5482 1551 5536 solum
1572 5489 1855 5535 exactores
1876 5489 2154 5545 vocantur,

573 5571 700 5642 quia
745 5574 996 5643 populum
1021 5575 1320 5644 spoliabant
1340 5589 1352 5602 ο
1380 5573 1474 5628 sed
1499 5571 1660 5626 etiam
1686 5571 1938 5625 mulieres
1966 5571 2159 5641 despe-

575 5664 735 5729 ctive,
765 5679 829 5718 eo
853 5666 994 5734 quod
1039 5665 1372 5720 muliebriter
1411 5664 1668 5724 viverent,
1700 5662 1997 5716 servientes
2036 5661 2156 5715 libi-

577 5755 725 5820 dini,
761 5757 1014 5826 omuique
1068 5756 1344 5826 voluptati.
1401 5755 1587 5809 Tanta:
1635 5754 1832 5810 etenim
1878 5753 2158 5824 cupiditati

2259 4681 2278 4714 ι
2317 4663 2642 4718 commolitis
2673 4682 2689 4713 ι
2726 4664 2839 4717 sive
2875 4665 3187 4727 attenuatis,
3220 4663 3304 4717 vel
3340 4659 3773 4718 conteritisim-

2255 4754 2454 4810 molere
2474 4763 2558 4809 est
2601 4762 2910 4818 attenuare,
2960 4753 3043 4808 vel
3093 4753 3375 4808 comedere
3405 4763 3510 4808 aut
3549 4761 3775 4808 conteme-

2256 4845 2408 4902 Unde
2433 4846 2487 4900 in
2511 4845 2800 4916 Evangelia
2821 4844 3034 4916 (Matth.
3061 4845 3167 4916 vr):
3191 4845 3384 4899 scribat
3409 4855 3472 4900 et
3494 4840 3719 4898 Pharisaei
3732 4837 3779 4890 di-

2252 4945 2449 4990 cuntur
2468 4933 2798 5005 jejunantes,
2839 4935 2963 5006 quia
2990 4935 3157 4989 facies
3174 4950 3297 4988 suas
3324 4934 3628 4989 demoliunt
3643 4974 3656 4997 ,
3679 4929 3717 4984 id
3733 4935 3784 4980 est

2255 5034 2551 5081 attenuant.
2586 5025 2688 5096 Ipsi
2713 5043 2924 5096 quoque
2947 5025 3302 5080 substantiam
3325 5040 3629 5097 paupemm
3651 5031 3785 5092 egw-

2256 5130 2483 5185 rumque
2511 5116 2862 5186 diripiebant:
2887 5117 3069 5185 sicque
3093 5115 3266 5184 inopia
3281 5113 3445 5170 famis
3476 5115 3639 5171 facies
3659 5122 3789 5167 eorum

2256 5207 2625 5260 attenuehant.
2667 5206 2770 5260 Sed
2794 5215 2849 5260 et
2871 5207 2971 5261 hoc
2995 5208 3060 5262 ad
3090 5207 3257 5261 malos
3283 5205 3569 5276 principes
3597 5200 3793 5258 Ecclesia

2259 5294 2449 5350 referri
2491 5303 2710 5364 potest:
2755 5296 2845 5366 qui
2878 5297 3112 5366 spoliant
3156 5310 3373 5365 egenos,
3432 5306 3492 5350 et
3543 5296 3797 5349 innocentes

2258 5387 2472 5458 publice
2523 5389 2885 5444 condemnant
2931 5403 2945 5441 :
3001 5389 3054 5442 in
3096 5402 3322 5457 quorum
3363 5384 3626 5442 domibus
3661 5379 3798 5449 rapina

2259 5493 2555 5548 pauperum
2583 5487 2685 5543 est,
2716 5489 2771 5532 et
2796 5487 3079 5533 attenuant
3105 5477 3269 5531 facies
3301 5491 3524 5530 eorum.

2336 5587 2354 5619 ι
2397 5569 2460 5622 Et
2491 5569 2625 5623 dixit
2675 5569 2974 5624 Dominus:
3010 5568 3114 5623 Pro
3151 5582 3215 5622 eo
3256 5566 3400 5636 quod
3447 5566 3677 5627 elevata:
3716 5566 3804 5613 sunt

2261 5661 2384 5716 lilia:
2411 5662 2538 5715 Sion
2559 5701 2573 5725 ,
2603 5671 2656 5716 et
2685 5661 3093 5716 ambulaverunt
3117 5666 3333 5713 extento
3357 5655 3523 5720 collo,
3559 5665 3615 5710 et
3636 5650 3806 5708 nutibus

2260 5753 2536 5809 oculorum
2580 5769 2795 5808 suorum
2835 5754 2980 5807 ibant
3007 5761 3061 5805 et
3104 5751 3450 5822 plaudebant,
3501 5745 3809 5804 ambulabant
