3918 6458
110 351 207 406 741

1173 339 1524 398 COMMENT.
1561 338 1629 393 IN
1660 335 1922 392 'lSAlAM.
1966 366 2034 375 -—
2077 336 2203 390 LIB.
2246 337 2286 390 l.

3255 339 3358 392 ’ἱιὲ

109 477 167 520 et
194 463 420 536 pedibus
457 460 569 517 suis
604 459 900 530 composito
939 460 1104 530 gradu
1143 461 1478 516 incedebant.
1528 479 1546 511 ι
1582 456 1682 511 Sn-
1709 460 1755 516 Α
1785 453 1960 508 millas
1988 469 2055 508 ne
2085 454 2245 508 nimis
2280 461 2554 514 crescant,
2581 453 2723 521 quod
2751 451 2990 506 deforme
3015 461 3115 508 est.
3152 453 3229 508 De
3257 455 3360 508 bac

109 554 293 624 peritis
340 561 450 608 tam
495 551 751 607 Dominus
794 566 955 619 quam
1003 553 1280 620 propheta,
1324 551 1578 622 populum
1628 558 1683 606 et

108 646 377 715 principes
413 644 780 712 increpaverat
807 660 818 694 :
847 655 988 696 nunc
1009 641 1076 695 ad
1108 642 1359 696 mulieres
1384 642 1682 697 scribarum

107 746 163 791 et
184 735 596 798 Pharisaeorum,
629 734 693 787 de
721 732 916 802 quibus
945 747 1106 803 supra
1132 733 1346 811 dixerat
1373 750 1385 786 :
1412 740 1466 785 et
1496 731 1684 785 mulie-

111 842 199 882 res
239 825 522 880 dominalze
549 832 675 878 sunt
713 822 837 878 eis;
883 837 1072 877 rursus
1121 837 1298 877 sermo
1339 821 1684 892 propheticus

107 915 382 986 dirigitur,
414 927 481 968 ne
525 928 584 968 se
627 913 833 967 alienas
875 927 906 966 a
955 912 1180 968 crimine
1221 911 1571 975 arbitrentur,
1612 912 1682 966 ob

106 1021 340 1076 quarum
389 1005 610 1060 delicias
638 1013 798 1074 atque
824 1003 1114 1068 luxuriam,
1141 1003 1241 1056 viri
1269 1018 1454 1058 earum
1483 1002 1680 1072 spolia-

107 1104 303 1150 verunt
339 1092 589 1165 populum
637 1093 882 1146 ~Domini.
947 1091 1164 1148 Ornat-.1:
1213 1100 1393 1145 autem
1437 1099 1591 1144 erant
1628 1099 1684 1144 et

107 1187 445 1256 depompatte
473 1182 701 1248 deliciis,
732 1183 856 1238 dum
889 1182 1243 1237 ambulabant
1267 1189 1484 1236 extento
1523 1181 1680 1246 collo,

105 1283 166 1329 et
214 1273 436 1328 nutibus
477 1271 754 1327 oculorum
796 1271 1172 1341 loquebantur.
1201 1269 1682 1340 lbantplaudendo

106 1363 380 1428 manibus,
407 1371 567 1431 atque
595 1361 826 1416 ludendo
853 1360 1100 1430 pedibus,
1129 1375 1239 1430 pra:
1266 1360 1431 1414 nimia
1463 1359 1681 1413 lascivia

102 1463 162 1508 et
188 1452 568 1517 dissolutione,
599 1459 653 1506 et
679 1451 974 1519 composito
1015 1451 1188 1521 gradu
1234 1459 1454 1520 pr0pter
1495 1465 1683 1520 super-

103 1542 248 1596 biam
274 1542 606 1596 incedebant.
631 1539 742 1595 l=loc
763 1539 1068 1594 testimonio
1107 1539 1439 1609 corrigendte
1467 1548 1593 1595 sunt
1610 1540 1682 1595 fe-

104 1631 265 1685 mina:
295 1639 350 1684 et
392 1630 644 1684 mulieres
692 1641 890 1684 sancta:
937 1629 1190 1683 Ecclesiae
1233 1647 1246 1683 :
1291 1645 1411 1700 qum
1455 1632 1676 1684 istarum

105 1717 426 1773 imitatrices
452 1719 714 1774 existunt.
751 1715 856 1772 Pro
896 1731 980 1783 eo,
1013 1716 1206 1786 inquit,
1251 1718 1375 1787 quia
1403 1717 1504 1772 hoc
1534 1718 1675 1773 fece-

100 1818 252 1875 runt,

179 1921 199 1954 ι
254 1902 563 1958 Decalvabit
606 1902 860 1956 Dominus
903 1903 1160 1958 verticem
1190 1901 1418 1958 filiarum
1463 1903 1614 1970 Sion,
1654 1923 1673 1957 ι

101 1992 160 2046 id
187 2001 288 2058 est,
312 2008 496 2048 earum
525 1993 699 2062 capita
727 1991 885 2046 faciet
904 1991 1040 2048 radi.

1785 542 1953 596 fascia
1983 542 2262 610 pectorali,
2291 550 2345 596 et
2379 540 2640 594 Jeremias
2679 541 2906 611 mystico
2935 555 3182 597 sermone
3209 541 3355 596 dicc-

1783 633 1894 686 bat.
1921 653 1945 682 τι
1971 632 2028 686 Si
2051 633 2290 688 oblivisci
2317 641 2496 702 potest
2525 647 2718 702 sponsa
2741 641 2962 687 ornatus
2982 633 3084 699 sui,
3101 633 3358 704 autvirgo

1783 721 1965 776 fasciae
2013 721 2456 791 pectoralis-suae
2479 761 2492 785 ,
2545 733 2600 775 et
2637 736 2736 791 ego
2767 722 3056 776 obliviscar
3099 724 3198 788 tui,
3229 723 3363 778 dicit

1784 812 2042 866 Dominus
2063 809 2275 882 (Jerem.
2293 814 2377 881 ιι).
2405 831 2422 862 ι
2457 810 2508 864 In
2531 811 2846 880 quibusdam
2860 821 3037 866 autetn
3051 813 3360 883 reg'onibus

1783 904 1916 958 fiunt
1943 904 2184 973 quaedam
2214 904 2455 959 formulae
2483 921 2548 958 ex
2571 904 2720 959 corio
2745 904 2932 970 crudo,
2964 913 3126 960 tanta:
3157 906 3361 976 magni-

1784 995 1989 1050 tudinis
2009 1005 2224 1064 quanta:
2247 996 2367 1064 quis
2399 995 2528 1060 vult,
2559 1004 2616 1050 ut
2645 997 2752 1051 sint
2787 998 3037 1052 mamillae
3063 1015 3075 1052 :
3107 1008 3161 1052 et
3175 998 3360 1068 “appli-

1783 1095 1979 1141 cantur
2003 1087 2256 1142 mamillis
2280 1087 2578 1157 puellarum
2597 1129 2609 1149 ,
2649 1089 2832 1157 sicque
2873 1090 3105 1158 desuper
3129 1098 3241 1144 tum
3274 1088 3358 1144 fa-

1783 1176 1894 1231 scia
1921 1177 2262 1246 stringuntur
2287 1193 2300 1230 :
2329 1185 2383 1230 et
2414 1185 2538 1230 tunc
2567 1192 2740 1245 neque
2776 1177 2937 1232 nimis
2971 1188 3239 1245 crescunt,
3264 1194 3363 1234 ne-

1780 1284 1887 1338 que
1905 1270 2173 1334 manibus,
2197 1278 2252 1322 et
2284 1278 2426 1324 tactu
2452 1268 2842 1322 lascivientium
2858 1268 3118 1336 juvenum
3144 1269 3363 1326 confra-

1781 1367 1881 1411 cta:
1916 1359 2236 1412 exuberant.

1857 1466 1876 1498 ι
1921 1448 2275 1504 Pulcherrimi
2318 1465 2530 1520 quoque
2569 1451 2667 1504 viri
2719 1451 2792 1505 tui
2844 1452 3021 1521 gladio
3049 1455 3262 1521 cadent,
3306 1463 3362 1511 et

1779 1535 1946 1593 fortes
1974 1541 2049 1593 tui
2079 1539 2131 1593 in
2159 1541 2364 1609 praslio.
2411 1560 2428 1591 ι
2467 1541 2597 1595 Tam
2641 1543 2988 1612 pulcherrimi
3010 1545 3236 1614 juvenes
3263 1545 3358 1602 Ju-

1779 1629 2038 1696 dzeorum,
2066 1648 2227 1700 quam
2257 1631 2422 1686 fortes
2448 1633 2753 1699 bellatores,
2785 1635 2962 1706 gladio
2991 1636 3357 1694 Romanorum

1780 1722 2089 1777 ceciderunt
2119 1723 2170 1778 in
2203 1733 2454 1789 mortem,
2478 1735 2531 1778 et
2556 1725 2608 1778 in
2639 1726 2823 1794 praelio
2846 1727 3150 1784 dimicando
3171 1739 3362 1785 contra

1709 1794 1758 1858 Β
1787 1829 1880 1868 eos
1899 1813 2194 1884 perierunt.
2225 1813 2377 1870 Licet
2421 1815 2563 1868 enim
2593 1815 2837 1870 cominus
2868 1817 3088 1873 minime
3126 1835 3363 1891 pugnas-

1781 1915 1902 1960 sent
1939 1920 2061 1960 cum
2093 1905 2350 1960 Romanis
2390 1906 2442 1960 in
2489 1921 2697 1976 campo,
2747 1917 2924 1962 tamen
2967 1909 3364 1968 dimicaverunt

1776 2005 1970 2050 contra
1999 2011 2095 2052 eos
2138 1997 2373 2051 conclusi
2419 1996 2558 2050 intra
2610 1997 2809 2052 mtenia
2852 1999 3064 2054 urbium
3091 2016 3357 2056 suarum:

153 2082 774 2140 wEtDomiuuserinem
793 2083 1679 2154 earumnudabit,iutprooruatu
1776 2086 1922 2140 sicut
2003 2086 2340 2156 apertissime
2394 2085 2680 2157 Iosephus,
2733 2096 2787 2142 et
2839 2088 3174 2160 Egesyppus
3227 2105 3359 2147 nar-

97 2173 173 2228 sit
200 2174 510 2245 ignominia.

178 2287 196 2318 ι
219 2267 277 2321 ln
289 2268 374 2322 die
390 2269 503 2336 illa,
528 2289 546 2322 ι
565 2269 670 2325 hoc
694 2278 796 2334 est,
820 2269 872 2323 in
897 2279 1134 2339 tempore
1157 2270 1484 2342 captivitatis
1505 2270 1675 2327 Judae-

98 2370 282 2420 orum,
314 2372 433 2426 qua:
455 2357 634 2411 veniet
661 2357 738 2411 eis
759 2373 853 2426 per
879 2356 1169 2424 Romanos,

181 2464 198 2496 ι
231 2445 455 2501 Auferet
509 2447 766 2501 Dominus
802 2457 1057 2502 ornatum
1084 2449 1596 2515 calceamentorum,
1625 2459 1680 2506 et

101 2534 347 2602 lunulas,
379 2556 398 2588 ι
433 2546 1089 2611 εωιετίιᾳυεςρηιιηῐιθιιιει
1134 2539 1435 2595 muliebria.
1471 2527 1681 2596 llabeut

101 2628 356 2682 mulieres
385 2627 554 2683 bullas
576 2629 688 2684 sive
722 2629 932 2694 fibulas,
968 2629 1140 2684 instar
1168 2629 1304 2685 lunae
1334 2631 1522 2686 factas.
1548 2633 1680 2687 Tor-

96 2734 236 2789 ques
263 2734 328 2773 ex
351 2735 483 2774 auro
510 2721 590 2785 lit,
620 2729 674 2774 et
709 2721 1003 2775 circumdat
1044 2721 1257 2776 collum.
1293 2721 1442 2778 Unde
1467 2723 1682 2778 Baltha-

97 2827 212 2875 sar,
238 2811 424 2866 videns
455 2811 710 2866 articulos
767 2827 960 2867 manus
1013 2812 1300 2869 scribentis
1347 2814 1398 2868 in
1453 2815 1676 2884 pariete,

97 2901 238 2957 dixit
266 2902 426 2974 (Dan.
453 2902 506 2975 v)
543 2920 556 2956 :
611 2902 925 2973 Quicunque
957 2903 1146 2976 legerit
1172 2909 1489 2976 scripturam
1518 2907 1678 2973 hanc,

96 3003 156 3047 et
181 2993 678 3062 interpretationem
716 2993 832 3062 ejus
860 2994 1090 3060 dixerit,
1120 3012 1355 3068 purpura
1401 2998 1677 3065 vestietur,

96 3094 156 3139 et
185 3094 402 3155 torques
437 3101 600 3140 aurea
632 3096 858 3156 ponetur
884 3087 940 3142 in
980 3088 1116 3144 collo
1156 3087 1289 3157 ejus.
1333 3088 1546 3144 Monilia
1593 3104 1681 3162 ge-

98 3175 358 3230 neraliter
395 3175 647 3232 dicuntur
669 3178 848 3232 omnia
877 3187 1193 3233 ornamenta
1237 3179 1542 3234 mulierum.
1573 3180 1678 3233 Ars

99 3263 283 3331 mill-.e,
327 3264 587 3321 dextralia
639 3276 759 3336 qua:
796 3267 854 3321 in
897 3267 1133 3322 brachiis
1183 3278 1472 3336 ponuntur.
1524 3267 1682 3322 Mitra

97 3357 491 3427 operimentqu
516 3366 599 3412 est
626 3357 818 3427 capitis
848 3372 862 3409 :
889 3357 970 3410 vel
999 3357 1238 3411 virorum
1266 3357 1564 3426 appellatur
1597 3357 1681 3426 pi-

99 3447 243 3503 leum
275 3447 358 3501 vel
404 3447 613 3516 thiara,
646 3447 930 3502 mulierum
969 3462 1098 3502 vero
1145 3455 1322 3516 potest
1363 3447 1470 3502 dici
1509 3447 1682 3502 cusia.

103 3534 501 3592 Discriminalia
545 3543 700 3602 sunt,
733 3533 929 3604 quibus
973 3533 1418 3589 discriminantur
1460 3535 1682 3591 crines:

101 3639 226 3696 qua:
246 3623 352 3678 alio
381 3623 596 3678 nomine
618 3623 951 3694 appellantur
971 3624 1282 3694 squinoues.
1308 3623 1385 3678 Ex
1411 3623 1514 3680 illis
1539 3624 1684 3680 enim

105 3712 374 3777 dividunt,
403 3726 466 3766 ac
490 3721 794 3784 prteparant
819 3711 1076 3768 mulieres
1121 3714 1300 3769 crines
1339 3714 1533 3784 capitis
1577 3713 1680 3769 sui.

101 3799 496 3855 Perischelides
521 3799 646 3854 sum
675 3809 892 3870 torques
919 3817 985 3855 ex
1009 3817 1160 3867 auro,
1184 3802 1250 3856 ad
1280 3803 1682 3878 similitudinem

101 3889 467 3955 annillarum,
509 3899 564 3945 et
609 3901 884 3962 ponuntur
938 3893 1081 3948 circa
1127 3893 1341 3947 collum.
1393 3893 1684 3949 Murenula:

101 3988 230 4034 sunt
256 3979 476 4049 virgulae
506 3995 682 4034 aurea:
700 4019 715 4046 ,
757 3990 1118 4052 contortaeque
1145 3998 1277 4036 auro
1308 3992 1637 4054 argentoque
1665 3999 1680 4038 :

98 4083 223 4139 qua:
251 4069 448 4123 habent
479 4071 800 4138 margaritas
826 4071 1196 4142 interpositus,
1225 4081 1278 4126 et
1325 4074 1625 4142 dependent
1651 4089 1682 4127 a

98 4160 262 4216 collo.
296 4158 640 4216 Olfactoriola
681 4161 931 4216 dicuntur
955 4163 1022 4217 ab
1057 4163 1356 4220 olfaeicudo
1384 4183 1395 4218 :
1429 4155 1504 4220 ibi
1535 4165 1679 4220 enim

99 4261 323 4322 portant
383 4269 660 4318 muscum,
713 4253 925 4324 aliaque
969 4257 1318 4313 odoramcnla
1375 4257 1678 4314 muliebria.

101 4347 323 4401 lnaures
350 4355 493 4412 sunt,
522 4363 640 4417 qua:
692 4347 743 4400 iu
791 4349 1011 4404 auribus
1045 4349 1364 4419 dependent.
1417 4351 1684 4406 Sindoncs

101 4445 230 4491 sunt
282 4435 616 4504 linteamina,
646 4438 825 4492 subtili
852 4456 1012 4509 opere
1061 4439 1220 4494 facta.
1257 4438 1554 4495 Teristrutn
1586 4458 1680 4512 ge-

102 4543 209 4582 nus
237 4537 322 4583 est
370 4529 517 4598 pallii
564 4529 857 4594 muliebris,
884 4530 1024 4599 quod
1057 4531 1115 4583 lit
1142 4547 1206 4584 ex
1254 4531 1458 4600 optimo
1487 4547 1683 4600 genere

99 4621 250 4686 linis:
279 4622 412 4675 adeo
441 4621 848 4676 subtilissimum
877 4639 938 4677 ac
970 4623 1342 4677 tenuissimum
1367 4665 1381 4688 ,
1406 4634 1463 4677 ut
1491 4625 1534 4678 si
1563 4627 1684 4694 quis

104 4712 341 4767 tunicam
371 4713 492 4767 inde
514 4714 761 4768 habuerit
786 4713 1024 4768 indutam
1046 4754 1061 4778 ,
1085 4714 1289 4768 macula
1321 4715 1561 4784 corporis
1593 4731 1685 4769 ne-

100 4813 270 4873 queat
296 4803 572 4860 abscondi.
620 4803 852 4860 Utuntur
885 4814 1062 4859 autem
1089 4821 1152 4860 eo
1181 4805 1488 4860 indumento
1517 4807 1687 4860 maxi-

105 4912 195 4951 me
221 4897 471 4954 mul'eres
498 4897 729 4961 Arabice,
769 4912 972 4952 necnon
1008 4908 1062 4951 et
1097 4897 1494 4967 Mesopotamiae
1526 4906 1685 4968 atque

105 4989 376 5058 Hispania:
408 5000 495 5045 tou
528 4990 749 5054 thereos,
785 4989 886 5044 hoc
913 4998 1018 5054 est,
1050 4989 1101 5043 in
1151 4998 1336 5044 testate
1381 5009 1393 5043 :
1437 4989 1578 5044 unde
1631 4999 1682 5046 et

104 5093 304 5133 nomen
335 5078 561 5148 accepit,
586 5077 756 5156 tlieros
779 5075 921 5131 enim
951 5077 1148 5132 dicitur
1171 5087 1347 5132 aestas.

188 5189 204 5222 ι
240 5169 302 5224 Ει
325 5170 429 5225 erit
458 5186 553 5240 pro
576 5170 726 5225 suavi
771 5169 934 5224 odore
979 5170 1144 5235 fetor,
1170 5181 1225 5225 et
1251 5187 1346 5241 pro
1393 5187 1549 5236 zona,
1582 5192 1598 5222 ι
1635 5171 1685 5226 id

102 5271 213 5327 est,
236 5276 332 5332 pro
363 5261 573 5330 cingulo
599 5276 763 5316 aureo
798 5279 815 5312 ι
863 5259 1162 5327 funiculus,
1193 5271 1248 5316 et
1289 5277 1386 5332 pro
1428 5263 1688 5332 crispanti

104 5356 261 5414 crine
292 5375 311 5408 ι
341 5357 484 5428 quod
507 5355 679 5412 solent
711 5355 960 5411 mulieres
986 5356 1191 5421 facere,
1225 5357 1427 5411 scilicet
1448 5357 1686 5426 crispare

104 5450 409 5516 cincinnos,
443 5469 460 5501 ι
493 5449 595 5505 erit
621 5447 912 5503 calvitium.
950 5449 1012 5502 Et
1042 5450 1145 5503 erit
1179 5466 1276 5520 pro
1317 5449 1482 5504 fascia
1505 5460 1685 5519 pecto-

109 5541 216 5596 rali
240 5542 495 5598 cilicium.
527 5562 544 5594 ι
578 5540 764 5595 Fascia
791 5549 976 5610 pectus
1000 5541 1128 5608 tegit
1155 5559 1166 5593 :
1202 5550 1257 5596 et
1294 5557 1416 5596 cum
1446 5543 1685 5612 possidet

111 5635 290 5688 locum
325 5635 376 5690 in
407 5633 621 5690 feminis
657 5674 672 5698 ,
718 5648 876 5703 quem
929 5631 1187 5686 rationale
1228 5632 1280 5686 in
1321 5632 1680 5701 pontificibus.

107 5723 316 5780 Idcirco
343 5735 520 5782 autem
565 5724 848 5794 apponitur
879 5725 1105 5794 pectori,
1133 5734 1188 5778 ut
1235 5725 1520 5795 restringat
1571 5741 1684 5779 ma-

1783 2187 1926 2232 rant.
2599 2231 2602 2234 .

1857 2288 1875 2320 ι
1915 2269 1978 2322 Et
2013 2269 2318 2322 mmrebunt
2348 2277 2510 2338 atque
2539 2267 2797 2338 lugebunt
2822 2278 2990 2339 portae
3017 2270 3154 2339 ejus,
3179 2281 3232 2327 et
3272 2273 3363 2328 de-

1781 2357 1950 2415 solata
1993 2359 2048 2413 in
2087 2369 2231 2413 terra
2282 2359 2507 2414 sedebit.
2551 2378 2568 2411 ι
2614 2358 3001 2416 Metonomicos
3045 2377 3140 2432 per
3179 2373 3362 2434 portas

1781 2447 2136 2511 Hierusalem,
2168 2463 2291 2517 qua:
2338 2447 2593 2502 diettntur
2634 2461 2866 2504 mirarere
2892 2458 2946 2504 et
2975 2450 3179 2522 lugere,
3208 2453 3364 2508 intel-

1782 2539 2019 2608 liguntur
2057 2538 2364 2592 habitantes
2409 2551 2561 2592 extra
2591 2548 2809 2607 portas,
2839 2540 2922 2594 vel
2951 2541 3004 2595 in
3035 2542 3166 2612 ipsis
3193 2543 3364 2613 portis

1783 2647 1932 2686 more
1961 2631 2185 2700 antiquo
2217 2648 2230 2686 :
2263 2629 2389 2700 quia
2428 2630 2582 2684 sedes
2627 2646 2812 2701 regum
2849 2640 2904 2686 et
2930 2633 3234 2702 principum
3277 2649 3362 2688 su-

1783 2737 1878 2791 per
1905 2729 2090 2790 portas
2118 2729 2272 2775 erant
2304 2738 2316 2773 :
2352 2720 2490 2774 sicut
2529 2721 2595 2774 de
2627 2714 2792 2776 David
2836 2721 3063 2793 legimus
3105 2723 3197 2793 (II
3231 2724 3360 2798 Reg.

1783 2808 1920 2880 xu),
1948 2810 2091 2880 quod
2136 2809 2338 2864 sederit
2376 2810 2428 2864 in
2467 2819 2641 2879 porta.
2693 2809 2924 2866 Possunt
2970 2821 3024 2866 et
3054 2829 3152 2883 per
3179 2823 3362 2884 portas

1783 2899 2118 2956 Hierusalem
2142 2901 2367 2973 intelligi
2402 2904 2674 2974 principes
2703 2905 2863 2972 illius,
2906 2907 2996 2976 qui
3019 2907 3360 2986 postmodum

1783 2993 1836 3048 in
1872 3009 2107 3050 maerore
2131 3003 2186 3050 et
2215 2994 2360 3049 luctu
2412 3005 2709 3051 morantur.
2762 2997 2880 3068 Ipsa
2910 3014 3123 3068 quoque
3173 2998 3370 3054 civitas

1782 3083 2019 3139 desolata
2051 3084 2119 3139 ab
2162 3085 2554 3141 habitatoribus
2593 3087 2707 3142 suis
2759 3089 2910 3144 sedet
2965 3090 3017 3144 in
3054 3099 3198 3146 terra
3246 3090 3365 3145 fun—

1783 3175 1925 3230 ditus
1975 3178 2255 3242 subversa,
2308 3177 2394 3231 vel
2441 3178 2603 3232 etiam
2651 3178 2763 3249 ipsa
2815 3180 2964 3249 plebs
3017 3181 3257 3237 desolata
3311 3191 3368 3238 et

1781 3267 2040 3321 derelicta
2087 3267 2155 3320 ab
2202 3267 2505 3322 habitatore
2553 3285 2652 3323 suo
2694 3272 3060 3340 omnipotente
3102 3275 3233 3338 Deo,
3279 3288 3366 3329 se-

1781 3359 1872 3414 det
1899 3360 1952 3414 in
1987 3368 2152 3425 terra,
2187 3361 2288 3415 hoc
2320 3370 2405 3416 est
2442 3362 2495 3418 in
2534 3364 2904 3420 humiliatione
2945 3375 3001 3422 et
3039 3368 3363 3439 abjectione,

1782 3447 1909 3502 dum
1943 3450 2184 3518 quotidie
2211 3466 2242 3507 a
2268 3453 2446 3509 cuntis
2478 3454 2729 3524 gentibus
2767 3458 3167 3526 contemnitur,
3202 3467 3366 3531 atque

1783 3535 2097 3608 despicitur.

2398 3670 2627 3728 CAPUT
2661 3673 2750 3729 IV.

1861 3823 1878 3855 ι
1917 3803 1983 3858 Et
2011 3805 2416 3875 apprehendent
2439 3816 2643 3878 septem
2668 3808 2923 3866 mulieres
2936 3811 3110 3868 virum
3123 3829 3286 3869 unum
3311 3815 3370 3870 in

1781 3891 1872 3948 die
1915 3893 2023 3959 illa,
2069 3895 2576 3952 dieentes.Panem
2612 3908 2856 3954 nostrum
2885 3903 3267 3971 eomedemus,
3313 3914 3372 3960 et

1783 3984 2122 4038 vestimentis
2151 3985 2352 4040 nostris
2399 3989 2727 4055 operiemur,
2754 3993 3126 4047 tantummodo
3151 3993 3368 4052 invoce-

1783 4081 1872 4126 tur
1900 4087 2094 4126 nomen
2129 4083 2279 4128 tuum
2321 4091 2638 4146 supernos,
2670 4078 2826 4132 aufer
2872 4082 3219 4150 opprobrium
3266 4101 3368 4140 no-

1783 4173 1975 4217 strum.
2017 4184 2032 4214 s
2061 4163 2284 4230 Quando
2317 4165 2809 4223 Nabuchodonosor
2830 4169 2935 4240 (IV
2962 4171 3090 4241 Reg.
3120 4172 3248 4245 xxv)
3272 4188 3370 4230 rex

1783 4256 2069 4327 Babylonis
2110 4258 2401 4327 captivavit
2454 4258 2773 4316 Sedechiam
2822 4279 3002 4333 regem
3048 4263 3208 4332 Juda,
3253 4282 3371 4322 om-

1784 4363 1986 4416 nesque
2011 4348 2281 4418 principes
2299 4347 2606 4405 Judarorum
2623 4361 2674 4406 et
2689 4368 2901 4406 onmem
2929 4354 3183 4424 populant
3212 4365 3370 4413 terra:

1787 4441 2011 4493 duarum
2044 4440 2290 4495 videlicet
2341 4442 2576 4496 tribuum
2615 4441 2764 4497 Judze
2809 4453 2863 4498 et
2907 4445 3186 4515 Benjamin
3217 4449 3366 4518 :jam

1785 4530 1928 4583 enim
1973 4529 2158 4584 decem
2185 4531 2355 4585 tribus
2383 4533 2556 4587 ducta:
2584 4542 2739 4587 erant
2768 4535 2904 4590 ultra
2947 4548 3160 4592 montes
3186 4539 3366 4594 Medo-

1786 4636 1905 4673 runt
1937 4630 1989 4673 et
2017 4620 2324 4686 Persarum,
2367 4622 2507 4677 unde
2554 4633 2740 4694 postea
2786 4641 2889 4680 non
2943 4636 3068 4682 sunt
3095 4643 3364 4684 reversae:

1786 4708 1958 4778 potuit
2009 4709 2148 4774 ﬁeri,
2181 4718 2237 4764 ut
2285 4710 2537 4766 mulieres
2567 4713 2735 4767 multo
2783 4714 2963 4785 plures
3011 4719 3368 4773 remanserint

1788 4801 2032 4866 interra,
2064 4811 2120 4856 ut
2160 4819 2257 4872 pro
2300 4805 2570 4873 paucitate
2612 4805 2848 4860 virorum
2899 4819 3101 4878 septem
3147 4825 3214 4865 ex
3263 4811 3365 4866 illis

1787 4893 2238 4961 apprehenderint
2262 4894 2433 4947 virum
2459 4910 2644 4961 unum,
2667 4896 2906 4952 dicentes
2937 4917 2949 4952 :
2983 4899 3253 4955 Habemus
3273 4917 3368 4970 pa-

1792 5001 1912 5039 nem
1942 4993 1995 5038 et
2028 4985 2427 5052 vestimentum,
2459 4989 2550 5042 sed
2596 4989 2785 5043 marito
2808 4993 3028 5060 privatte
3055 5006 3258 5046 sumus.
3289 4991 3368 5047 Nc

1789 5093 1918 5147 ergo
1945 5078 2148 5147 absque
2174 5079 2377 5133 semine
2401 5079 2590 5144 simus,
2614 5091 2666 5134 et
2697 5080 2823 5134 illud
2849 5082 3189 5137 maledictum
3232 5083 3364 5156 legis

1793 5187 1955 5240 super
2001 5187 2098 5224 nos
2129 5171 2329 5236 veniat,
2363 5171 2638 5227 Maledicta
2670 5174 2870 5229 sterilis
2913 5191 3031 5243 qtae
3062 5191 3166 5229 non
3211 5177 3367 5231 dimi-

1794 5262 1925 5316 serit
1970 5275 2153 5316 semen
2189 5277 2350 5332 super
2388 5272 2586 5317 terram
2632 5283 2644 5318 :
2697 5264 2918 5319 veniens
2965 5253 3366 5338 aufer'oppro-

1793 5354 1969 5408 brium
2017 5352 2315 5407 sterilitatis
2359 5370 2387 5407 a
2421 5356 2593 5417 nobis,
2629 5364 2683 5409 et
2712 5365 2933 5409 vocetur
2975 5373 3166 5412 nomen
3218 5368 3369 5413 tuum

1792 5461 1954 5514 super
1971 5461 2090 5510 nos,
2109 5445 2158 5498 id
2185 5454 2285 5510 est,
2305 5446 2378 5499 sis
2394 5447 2478 5498 vir
2496 5455 2700 5510 noster,
2731 5461 2800 5501 ne
2817 5446 3016 5518 absque
3036 5449 3231 5504 marito
3249 5464 3370 5505 esse

1792 5537 2087 5601 videamur,
2122 5545 2328 5605 tumque
2378 5537 2621 5590 dicamur
2663 5552 2783 5591 esse
2824 5554 3038 5591 uxores.
3070 5537 3371 5609 Allegorice

1792 5642 1920 5680 ve:o
1961 5637 2166 5697 septem
2207 5626 2478 5692 mulieres,
2513 5636 2714 5696 septem
2754 5628 2890 5682 dena
2922 5627 3154 5698 Spiritus
3197 5627 3368 5680 sancti

1794 5715 2160 5790 intelliguntur
2205 5737 2219 5773 :
2264 5736 2382 5791 quae
2419 5720 2556 5775 idem
2607 5721 2864 5791 propheta
2922 5723 2972 5775 in
3023 5721 3371 5791 sequentibus
