3918 6486
615 384 722 438 745

1074 378 1425 435 llAYMONlS
1465 338 1940 432 llALBERSTA'l‘.
1982 372 2193 430 EPISC.
2236 374 2385 433 OPP.
2423 376 2604 432 PARS
2641 376 2681 431 1.
2723 407 2793 417 -
2829 376 3186 434 COMMENT.
3224 376 3391 432 BIB'..
3755 381 3822 434 ill

617 505 1005 555 commemorat
1051 495 1239 550 dicens
1285 493 1479 566 (Infra-
1509 492 1585 563 XI)
1616 511 1627 545 :
1659 491 1984 561 Requiescct
2027 505 2190 560 super
2218 493 2269 552 Α
2292 489 2377 544 vir
2401 499 2586 546 noster
2611 492 2752 546 inter
2789 492 3015 547 adversa
3042 498 3099 546 et
3121 504 3380 561 prospera
3412 500 3697 563 protegens
3714 512 3817 554 nos:

613 605 737 644 cum
785 587 1008 658 spiritus
1046 585 1288 649 Domini,
1318 583 1540 653 Spiritus
1573 581 1850 652 sapientiae
1893 590 1950 635 et
1987 580 2195 635 intelle-

613 690 773 747 ctus,
817 686 874 734 et
927 692 1097 747 usque
1143 675 1354 730 timoris
1401 672 1632 728 Domini.
1693 671 1791 726 Vir
1832 680 2011 726 autem
2056 688 2195 729 unus

613 769 872 825 Dominus
919 768 1074 823 Iesus
1123 766 1370 822 Christus
1419 763 1735 832 intelligitur
1777 780 1791 816 :
1830 763 1896 817 de
1947 777 2052 833 quo
2099 778 2196 832 per

613 861 931 916 Zachariam
976 858 1205 921 dicitur,
1239 874 1257 907 ι
1292 856 1430 910 Ecce
1459 854 1577 919 vir,
1624 855 1806 909 oriens
1832 870 2025 909 nomen
2079 852 2193 923 ejus

615 951 802 1023 (Zuch.
851 950 948 1021 vr).
982 969 998 1001 ι
1038 950 1094 1003 ln
1142 947 1229 1002 die
1253 988 1269 1014 ,
1298 946 1508 1017 inquit,
1534 945 1625 999 illa
1658 945 2059 1015 apprchendent
2109 958 2194 998 se-

611 1053 754 1116 ptem
809 1040 1079 1097 mulieres.
1118 1037 1232 1093 lloc
1261 1046 1376 1104 est,
1405 1037 1458 1092 in
1495 1044 1736 1106 tempore
1775 1034 2066 1090 Dominicze
2112 1034 2195 1088 in-

611 1132 961 1194 carnatiOnis,
989 1128 1392 1199 apprehendent
1418 1134 1621 1196 septem
1650 1125 1789 1180 dona
1813 1124 2046 1194 Spiritus
2074 1138 2196 1178 san-

612 1224 682 1278 cti
720 1223 893 1277 virum
928 1237 1089 1275 unum
1123 1234 1137 1274 :
1170 1219 1455 1274 Dominum
1481 1215 1659 1272 Iesum
1707 1215 2006 1287 signiﬁcat,
2032 1230 2115 1284 qu:
2140 1229 2193 1269 ιιι

617 1312 785 1367 multo
822 1322 1063 1381 tempore
1110 1308 1551 1363 desideraverant
1583 1326 1596 1361 :
1643 1307 1770 1377 quia
1794 1306 1998 1360 nullum
2029 1305 2195 1360 alium

612 1414 901 1476 potuerunt
929 1402 1192 1467 invenire,
1221 1401 1276 1455 in
1313 1416 1419 1470 quo
1453 1408 1651 1455 aeterna
1682 1399 1913 1453 statione
1958 1398 2197 1469 quiesce-

614 1501 751 1549 rent.
782 1493 935 1548 Unde
961 1490 1194 1546 Joannes
1220 1490 1368 1556 dicit,
1397 1490 1520 1560 quia
1553 1489 1660 1544 vidi
1689 1487 1949 1559 Spiritum
1974 1489 2197 1544 descen-

614 1584 850 1649 dentem,
879 1589 933 1636 et
958 1590 1264 1634 manentem
1302 1580 1355 1633 in
1403 1578 1519 1649 ipso
1565 1577 1759 1650 (Marc.
1789 1576 1849 1650 l).
1904 1578 2026 1633 istae
2070 1585 2197 1633 sunt

614 1686 818 1748 septem
844 1674 1112 1739 mulieres,
1146 1674 1196 1728 id
1221 1682 1324 1740 est,
1354 1682 1560 1743 septem
1583 1673 1721 1727 dona
1737 1658 1970 1743 Spiritus
1999 1672 2191 1738 sancti,

615 1785 735 1840 qua:
755 1784 786 1821 a
812 1767 1071 1822 Zacharia
1084 1764 1359 1821 oculorum
1387 1763 1602 1818 nomine
1630 1770 1919 1818 censentur
1946 1762 2187 1818 dicente:

2298 589 2355 636 ut
2401 583 2670 652 possimus
2715 597 2961 637 crescere
3013 596 3114 651 per
3162 582 3476 638 universum
3531 585 3732 651 orbem,
3764 604 3818 645 ae-

2296 688 2527 743 mcnque
2570 674 2836 729 bonorum
2868 688 3094 744 operum
3143 672 3454 742 relinquere
3490 684 3615 744 post
3638 690 3737 740 nos,
3763 679 3815 734 rd

2293 762 2494 819 liberos
2522 762 2849 834 spirituales,
2878 763 2971 834 qui
3012 764 3123 818 sint
3155 761 3251 818 ﬁlii
3294 763 3411 819 Dei.
3442 762 3708 835 Siquidem
3734 783 3813 822 ante

2295 853 2506 908 Domini
2564 853 2855 909 adventum
2904 853 3131 925 gentiles
3190 854 3491 924 Opprobrio
3548 856 3811 914 habebantur

2294 956 2325 997 a
2347 942 2564 1009 Iudaeis,
2598 944 2742 1013 quod
2776 959 2884 999 non
2910 942 3176 1000 haberent
3204 945 3385 1000 virum
3430 944 3602 1000 Deum
3634 951 3807 1019 omnipa-

2295 1042 2518 1091 tentem.
2550 1036 2619 1090 At
2659 1043 2784 1107 post
2828 1028 3045 1092 Domini
3087 1036 3474 1093 ascensionem
3519 1040 3653 1095 istud
3683 1055 3805 1111 oppm

2294 1125 2472 1180 brium
2530 1125 2801 1181 'sublatum
2859 1134 2943 1181 est
2995 1126 3066 1182 ab
3113 1127 3232 1193 eis,
3283 1127 3514 1197 quando
3567 1140 3801 1200 recqiem

2293 1215 2470 1269 virum
2503 1231 2661 1270 suum
2702 1216 2871 1272 Deum
2910 1217 3334 1287 omnipotentem
3375 1232 3485 1287 per
3514 1218 3658 1273 ﬁdem
3683 1222 3795 1292 ipsius.

2372 1322 2392 1356 ι
2424 1304 2482 1359 In
2511 1306 2597 1361 die
2634 1304 2724 1360 illa
2747 1306 2853 1360 erit
2891 1319 3110 1377 germen
3138 1306 3350 1361 Domini
3383 1307 3444 1360 in
3492 1308 3793 1379 magniﬁcas:

2294 1401 2349 1450 et
2369 1394 2563 1466 gloria,
2590 1404 2643 1451 et
2667 1393 2877 1451 fructus
2902 1404 3064 1452 terra!
3093 1396 3358 1463 sublimis,
3400 1406 3462 1451 et
3493 1399 3793 1455 exsultath

2294 1485 2621 1555 qui'salvati
2652 1486 2856 1542 fuerint
2899 1489 2968 1544 de
3004 1487 3188 1543 Israel.
3213 1507 3231 1540 ι
3264 1488 3512 1545 Germen
3544 1491 3713 1547 Domini
3740 1510 3789 1564 η-

2294 1577 2456 1650 pellat
2476 1577 2670 1634 Filium
2684 1579 2778 1635 Dei
2800 1578 2997 1647 Patris,
3013 1580 3078 1636 de
3095 1596 3200 1651 quo
3214 1582 3345 1637 dicit
3362 1584 3650 1653 prapheta:
3670 1604 3684 1635 ι
3701 1587 3785 1640 Exiet

2293 1670 2444 1742 virga
2477 1670 2543 1726 de
2570 1669 2753 1726 radice
2801 1669 2972 1734 Iesse,
3001 1680 3056 1726 et
3082 1670 3179 1726 llos
3226 1673 3292 1728 de
3339 1674 3535 1728 radice
3561 1676 3659 1745 ejus
3676 1691 3784 1729 asce-

2295 1752 2407 1816 det.
2428 1780 2448 1814 ι
2479 1760 2549 1816 Ει
2569 1761 2722 1816 radix
2747 1761 2901 1818 Iesse
2928 1762 3021 1832 qui
3056 1770 3163 1817 stat
3193 1762 3248 1817 in
3281 1763 3510 1833 signum
3548 1765 3778 1834 populoea

630 1880 647 1909 ι
670 1858 844 1928 Super
876 1872 1039 1912 unum
1072 1854 1290 1927 (inquit)
1314 1852 1543 1924 lapidem
1567 1860 1769 1923 septem
1800 1851 1940 1907 oculi
1971 1860 2115 1918 sunt,
2140 1860 2194 1907 et
2219 1840 2267 1899 Β
2294 1855 2363 1911 Et
2382 1855 2538 1911 alibi:
2569 1876 2586 1908 ι
2615 1855 2904 1927 Aperiatur
2932 1864 3097 1921 terra,
3120 1865 3175 1912 et
3196 1858 3477 1927 germinet
3497 1857 3773 1913 salvatorem.»

614 1948 669 2004 in
706 1964 811 2004 uno
838 1961 1003 2001 aureo
1032 1940 1355 2001 candelabro
1389 1950 1591 2013 septem
1626 1940 1881 2009 lucernas,
1907 1950 1960 1996 et
1984 1949 2189 2012 septem

614 2044 897 2100 suﬂ‘usoria
931 2041 1114 2113 (Zuch.
1145 2039 1239 2112 tv).
1281 2059 1297 2090 ι
1330 2038 1447 2093 Non
1478 2037 1620 2092 enim
1657 2040 1784 2091 tunc
1825 2036 2057 2107 primum
2108 2051 2195 2091 se-

616 2145 760 2205 ptem
789 2135 927 2187 dona
952 2131 1186 2201 Spiritus
1210 2120 1418 2194 sancti,
1443 2143 1563 2196 qum
1588 2122 1939 2196 designantur
1962 2141 2060 2196 per
2102 2132 2191 2180 se-

614 2236 760 2296 ptem
802 2222 1093 2288 mulieres,
1124 2221 1596 2292 appreltenderunt
1652 2221 1936 2276 Dominum
1982 2219 2188 2286 Iesum,

613 2324 674 2369 ut
714 2316 766 2369 in
813 2314 902 2368 illo
943 2313 1272 2368 :eternaliter
1315 2311 1645 2378 habitarent,
1685 2313 1899 2382 quando
1950 2302 2192 2382 tempore

613 2403 954 2475 baptismatis
984 2401 1220 2473 Spiritus
1263 2408 1482 2456 sanctus
1529 2416 1692 2473 super
1739 2415 1861 2455 eum
1908 2400 1963 2455 in
2015 2400 2192 2470 specie

610 2493 873 2549 columba:
898 2490 1194 2559 descendit,
1222 2501 1276 2547 et
1300 2507 1403 2547 vox
1440 2500 1664 2562 paterna
1691 2489 1926 2546 intonuit
1971 2489 2188 2562 (Matth.

611 2600 705 2651 tu;
740 2583 867 2638 Luc.
906 2600 986 2651 ut,
1014 2582 1174 2637 Joan.
1208 2581 1292 2654 ιιι)
1330 2600 1344 2637 :
1380 2579 1479 2636 llic
1505 2591 1588 2637 est
1608 2580 1777 2637 Filius
1806 2596 1957 2635 meus
1978 2580 2187 2635 charis-

610 2674 780 2728 simus
815 2689 828 2726 :
871 2672 964 2727 sed
1008 2669 1186 2742 potius
1219 2686 1249 2724 a
1297 2679 1536 2741 tempore
1579 2669 1949 2740 conceptionis
1993 2668 2193 2740 plenis-

610 2765 746 2820 sime
777 2762 832 2818 in
857 2779 922 2819 eo
951 2762 1148 2818 mansit
1179 2780 1191 2816 :
1223 2763 1360 2818 sicut
1383 2761 1572 2817 beatus
1611 2761 1944 2832 Augustinus
1970 2767 2026 2815 et
2056 2759 2192 2817 Boe-

611 2858 719 2911 tius
742 2856 794 2910 in
818 2854 953 2911 libro
988 2856 1053 2911 de
1078 2864 1261 2910 sancta
1283 2851 1548 2909 Trinitate
1579 2861 1862 2910 testantur.
1879 2851 2034 2920 Quod
2062 2865 2190 2910 vero

609 2948 806 3004 dicitur
831 2965 843 3001 :
884 2946 1084 3001 Panem
1102 2956 1346 3002 nostrum
1375 2945 1739 3010 cumedemus,
1770 2951 1824 2998 et
1853 2943 2190 3001 vestimentis

596 3041 811 3116 _nostris
839 3041 1144 3110 cperiemur
1168 3058 1182 3094 :
1219 3040 1293 3094 ita
1318 3046 1403 3095 est
1429 3038 1833 3108 intelligendum
1855 3078 1870 3105 ,
1897 3037 2039 3108 quod
2069 3052 2192 3110 gra-

612 3132 687 3185 tia
706 3130 880 3184 sancti
894 3128 1128 3200 Spiritus
1143 3136 1332 3185 cuncta
1356 3143 1479 3183 cum
1494 3127 1655 3182 Patre
1675 3126 1877 3183 etFilio
1894 3119 2185 3198 possideat.

610 3222 679 3276 Et
725 3222 851 3292 quia
904 3221 957 3275 in
1002 3219 1310 3275 hominibus
1368 3233 1581 3290 semper
1633 3220 1941 3290 patiebatur
1984 3236 2182 3290 oppro-

610 3311 811 3376 brium,
838 3310 962 3365 dum
989 3323 1086 3379 per
1128 3317 1408 3378 peccatum
1443 3308 1831 3363 excludebatur
1875 3310 1944 3363 ab
1969 3307 2184 3363 illorum

607 3403 881 3464 cordibus,
912 3401 1058 3456 nullo
1084 3400 1158 3454 ita
1196 3400 1434 3465 vivente,
1467 3406 1526 3453 ut
1550 3398 1689 3453 dona
1728 3397 1967 3471 Spiritus
2014 3398 2183 3454 sancti

605 3494 922 3564 poscebant,
954 3492 1154 3547 idcirco
1200 3506 1394 3546 nomen
1436 3489 1562 3546 Iesu
1609 3489 1711 3545 sibi
1758 3489 1980 3561 cupiunt
2034 3491 2187 3546 invo-

605 3585 744 3655 cari,
771 3593 828 3640 ut
855 3583 923 3640 ab
950 3583 1039 3640 illo
1066 3584 1155 3654 qui
1197 3591 1279 3639 est
1307 3583 1556 3638 Salvator
1578 3591 1633 3638 et
1656 3583 1853 3638 dicitur
1884 3581 2041 3638 Iesus
2068 3583 2185 3639 sive

606 3675 881 3738 Christus,
910 3674 1156 3730 homines
1190 3673 1299 3728 sint
1345 3671 1536 3728 salvati
1584 3679 1639 3727 et
1681 3670 1973 3727 Christiani
2030 3672 2181 3739 dicti,

605 3774 660 3821 et
709 3766 761 3821 in
810 3765 914 3822 illis
959 3765 1128 3838 possit
1176 3765 1429 3836 deinceps
1476 3764 1739 3820 habitare.
1791 3763 1976 3820 Potest
2005 3773 2058 3821 et
2085 3764 2184 3820 ali-

607 3866 690 3912 ter
736 3856 981 3927 intelligi.
1033 3855 1269 3927 Septem,
1319 3856 1495 3926 inquit
1529 3855 1801 3923 mulieres,
1837 3866 2042 3928 septem
2081 3858 2184 3914 Ec-

607 3948 799 4003 clesias
829 3947 1132 4019 designant,
1159 3948 1227 4002 ad
1274 3962 1410 4016 quas
1457 3949 1645 4003 scribit
1672 3949 1908 4005 Joannes
1946 3951 2001 4004 in
2039 3950 2183 4021 Apo-

605 4036 953 4108 calypsisua.
1001 4036 1132 4104 Quae
1173 4045 1377 4107 septem
1425 4036 1679 4093 Ecclesiae
1723 4039 1951 4109 ﬁguram
1998 4049 2182 4097 tenent

605 4127 847 4183 omnium
892 4125 1274 4192 Ecclesiarum,
1302 4141 1421 4197 quae
1459 4142 1558 4198 per
1585 4129 1893 4185 universum
1920 4132 2180 4189 mundum

604 4221 838 4277 dilatata:
859 4230 1001 4277 sunt.
1031 4220 1378 4291 Septenarius
1410 4222 1611 4278 etenim
1652 4238 1911 4282 numerus
1932 4225 2158 4296 frequen

606 4322 689 4367 ter
714 4312 766 4366 in
795 4328 950 4368 sacro
978 4311 1191 4384 eloquio
1230 4327 1330 4384 pro
1374 4314 1725 4371 universitate
1779 4316 2062 4386 accipitur.
2111 4315 2179 4373 Et

603 4416 727 4455 cum
781 4401 1019 4472 loquitur
1046 4403 1138 4458 uni
1185 4418 1394 4470 earum,
1426 4404 1678 4460 omnibus
1716 4405 1957 4477 loquitur
1987 4425 2001 4461 :
2037 4408 2179 4463 sicut

600 4492 654 4547 in
693 4493 797 4548 ﬁne
844 4494 1231 4550 sententiarum
1289 4494 1709 4565 uniuscujusque
1759 4510 1947 4550 earum
1993 4494 2123 4551 dicit
2153 4514 2168 4551 :
2197 4529 2249 4590 Β
2273 4502 2517 4565 pretatur
2546 4493 2858 4565 speculatio,
2891 4503 2945 4548 et
2973 4491 3324 4559 Hierusalem,
3354 4510 3488 4564 qua:
3522 4486 3771 4550 diciturtisiﬂ

605 4601 622 4633 ι
661 4582 761 4650 Qui
788 4584 952 4639 habet
979 4597 1170 4651 aures,
1197 4584 1379 4639 audiat
1402 4585 1529 4654 quid
1555 4585 1788 4654 Spiritus
1819 4586 1962 4641 dicat
1990 4586 2173 4642 Eccle-

597 4673 693 4728 siis
723 4674 906 4745 (Apoc.
952 4671 1034 4744 ιι).
1085 4692 1104 4727 ι
1157 4672 1274 4741 Quo
1312 4688 1440 4745 ergo
1489 4683 1727 4743 tempore
1757 4675 1873 4730 ista:
1919 4676 2173 4733 mulieres

598 4761 881 4815 Dominum
900 4759 1083 4816 Iesum
1105 4763 1604 4833 apprehenderuut?
1629 4761 1822 4834 Utique
1847 4772 1969 4834 post
1990 4780 2173 4823 ascen-

594 4850 801 4904 sionem
832 4849 981 4920 ejus,
1011 4851 1226 4921 quando
1264 4852 1682 4923 praedicantibus
1708 4851 1965 4922 apostolis
2010 4855 2171 4911 ﬁdem

591 4941 708 5011 ejus
755 4950 1106 5021 receperunt,
1147 4941 1482 5013 ﬁrmiterque
1511 4941 1565 4997 in
1592 4957 1716 4998 eum
1744 4945 1966 5000 credere
1984 4960 2165 5017 coepe-

591 5040 736 5087 runt.
766 5031 870 5088 Sed
897 5034 1025 5104 quid
1052 5034 1305 5090 dixerunt
1342 5034 1452 5090 illi?
1485 5034 1687 5092 Panem
1734 5046 1978 5093 nostrum
2015 5053 2165 5094 com-

589 5121 830 5188 edemus,
865 5123 917 5177 id
947 5130 1055 5188 est,
1087 5139 1281 5194 corpus
1318 5132 1469 5179 tuum
1498 5123 1552 5179 in
1584 5120 1823 5181 Ecclesia
1850 5142 2159 5182 sumemus:

587 5210 714 5279 quia
739 5218 795 5291 tu
824 5226 882 5265 es
906 5227 1063 5267 verus
1088 5213 1262 5283 panis,
1292 5213 1383 5283 qui
1409 5213 1475 5268 de
1517 5215 1654 5271 coelo
1703 5215 2045 5293 descendisti.
2094 5216 2163 5272 Et

588 5303 928 5357 vestimentis
970 5304 1173 5360 nostris
1211 5305 1553 5375 operiemur,
1594 5308 1647 5362 id
1674 5316 1787 5372 est,
1830 5309 2163 5363 ornamentis

2296 1939 2529 2002 Fructus
2559 1953 2723 2000 terrae
2762 1946 2878 2017 ipse
2904 1956 2987 2002 est
3017 1945 3159 2000 ﬁlius
3206 1947 3381 2001 beatze
3414 1946 3594 2002 Maria:
3626 1950 3769 2017 virga

2294 2037 2726 2107 Notandumque,
2775 2037 2900 2107 quia
2926 2036 3053 2091 dum
3087 2037 3320 2092 dicimus
3372 2037 3537 2093 illum
3556 2038 3701 2094 ﬁliuni
3724 2039 3768 2092 De"

2294 2145 2435 2194 esse,
2481 2137 2537 2184 et
2565 2125 2736 2183 illium
2762 2127 3037 2199 Virginis,
3066 2143 3173 2184 non
3227 2129 3534 2185 dividimus
3572 2146 3761 2200 pem

2293 2235 2413 2291 qua:
2441 2234 2548 2275 una
2586 2227 2708 2275 est:
2742 2219 2836 2274 sed
2864 2218 3242 2290 distinguimus
3284 2229 3542 2285 naturas,
3566 2221 3765 2277 dirimet

2295 2309 2606 2387 humanam.
2648 2310 2758 2387 iste
2800 2318 2885 2365 est
2932 2309 3157 2375 fructus,
3206 2311 3274 2365 de
3319 2327 3445 2381 quo
3481 2312 3596 2368 dicit
3613 2312 3761 2366 Petere

2293 2384 2462 2459 David
2498 2420 2511 2456 :
2547 2403 2623 2457 De
2650 2384 2828 2458 l‘ructu
2876 2401 3044 2457 lumbi
3095 2402 3175 2458 tui
3224 2417 3443 2472 ponam
3494 2404 3757 2475 sapam

2294 2509 2470 2549 meam
2501 2491 2675 2564 (Psal.
2705 2491 2919 2563 cum).
2940 2493 3006 2547 Et
3027 2492 3311 2548 Psalmista
3344 2512 3358 2547 :
3392 2514 3414 2547 ς
3452 2497 3645 2551 Βοωὶεις
3662 2494 3748 2547 aut

2291 2584 2704 2656 benignitatem,
2735 2594 2790 2640 et
2836 2593 2981 2639 terra
3010 2593 3192 2639 nostra
3241 2586 3405 2640 dabit
3455 2586 3755 2642 fructuum

2295 2675 2467 2750 (Psal.
2490 2676 2732 2750 Lxxxtv).
2758 2697 2776 2731 ι
2806 2677 2863 2733 ln
2886 2679 2973 2733 die
2998 2693 3125 2749 ergo
3153 2678 3268 2745 illa,
3304 2679 3417 2735 hoc
3446 2689 3525 2736 est
3562 2681 3759 2747 intme

2295 2767 2410 2834 illo,
2431 2767 2649 2838 quando
2679 2776 2885 2840 septem
2916 2768 3168 2823 mulieres
3208 2767 3761 2839 apprehendeth

2293 2872 2460 2911 unum
2487 2897 2503 2924 ,
2553 2856 2657 2912 fuit
2684 2871 2905 2927 germen
2938 2855 3170 2921 Domini,
3209 2858 3263 2912 id
3309 2867 3425 2921 est.
3470 2858 3612 2913 Filius
3638 2857 3714 2918 Dei,
3735 2856 3763 2906 in

2294 2944 2693 3016 magniﬁcentia
2727 2953 2782 3001 et
2811 2944 3020 3016 gloria:
3055 2947 3181 3018 quia
3221 2947 3433 3004 virtute
3474 2947 3763 3003 miraculorum

2294 3046 2350 3093 et
2379 3038 2622 3093 doctrina
2671 3038 2900 3105 cmlesti,
2927 3055 3157 3111 magnus
3185 3049 3241 3095 et
3285 3040 3544 3112 gloriosus
3581 3038 3763 3109 appamit

2295 3129 2524 3185 Fructus
2576 3143 2791 3200 quoque
2837 3137 2994 3185 terra:
3037 3127 3278 3199 ejusdem
3308 3130 3427 3200 ipse
3465 3130 3583 3184 ﬁlius
3606 3124 3766 3196 Virgini:

2290 3219 2533 3275 sublimis
2556 3219 2785 3285 exstitit,
2816 3221 3030 3290 quando
3065 3235 3232 3291 super
3252 3235 3435 3277 omnes
3454 3219 3630 3275 onﬁnes
3646 3230 3766 3285 ange-

2285 3311 2460 3369 lorum
2490 3323 2575 3368 est
2594 3311 2853 3368 elevatus.
2882 3312 3035 3367 Tunc
3070 3313 3174 3369 fuit
3195 3313 3458 3369 exsultatio
3476 3310 3665 3365 maxima
3688 3307 3757 3360 bis

2284 3402 2375 3472 qui
2401 3403 2592 3458 salvati
2613 3413 2772 3459 erant
2791 3403 2857 3458 de
2874 3403 3067 3459 Israel:
3093 3404 3338 3475 apostolis
3354 3401 3559 3457 videlicet
3575 3393 3758 3465 aliisque

2280 3492 2628 3550 credentibus
2644 3508 2710 3549 ex
2740 3493 2961 3559 Iudaeis,
2985 3496 3052 3549 de
3076 3494 3277 3564 quibus
3296 3485 3573 3549 dicitlmas
3588 3510 3605 3541 ι
3622 3506 3639 3538 ι
3657 3485 3764 3552 ﬁli“

2282 3583 2629 3638 Crediderunt
2656 3595 2762 3639 una
2785 3582 2869 3639 die
2897 3584 2996 3639 tria
3027 3584 3212 3650 millia,
3249 3584 3351 3638 alia
3376 3583 3459 3638 die
3478 3581 3670 3652 quinun
3683 3575 3761 3630 mil-

2281 3670 2375 3739 lia,
2432 3680 2487 3728 et
2518 3673 2774 3745 deinceps
2821 3676 2987 3730 multa
3027 3676 3195 3731 millia
3231 3675 3373 3746 (Act.
3400 3691 3461 3739 ιι,
3480 3673 3547 3744 ει).
3571 3691 3586 3721 ι
3609 3669 3755 3724 Eccum

2281 3763 2477 3820 scribis
2510 3773 2565 3820 et
2595 3764 2902 3830 Pharisaeis,
2949 3764 3178 3836 aliisque
3208 3765 3263 3820 in
3313 3764 3608 3843 bﬁdelitate
3628 3771 3762 3813 manes

2282 3855 2448 3923 tibus,
2475 3858 2568 3929 qui
2594 3874 2700 3913 non
2733 3867 3047 3914 meruerunt
3094 3860 3334 3925 salvari,
3396 3876 3501 3916 non
3545 3858 3626 3912 fuit
3655 3854 3765 3908 exse!-

2282 3950 2414 4005 tatio
2438 3949 2533 4005 sed
2577 3950 2813 4005 maxima
2840 3950 3062 4005 tristitia
3107 3950 3419 4007 videntibus
3445 3948 3765 4023 apostolospt?

2279 4038 2461 4095 dicare
2507 4054 2705 4095 nomen
2749 4039 2959 4095 Domini
3008 4037 3161 4109 Iesu,
3212 4040 3493 4113 ﬁdemque
3535 4040 3651 4094 illius
3677 4036 3766 4101 ιωςε

2276 4125 2495 4197 lateque
2519 4127 2806 4198 divulgari.
3270 4202 3273 4203 ν

2296 4217 2300 4222 “
2354 4238 2373 4271 ι
2406 4219 2473 4274 Et
2502 4220 2626 4276 erit.
2675 4216 2864 4276 Omnis
2892 4220 2983 4291 qui
3011 4221 3230 4276 relictus
3260 4221 3438 4277 fuerit
3463 4223 3518 4278 in
3555 4221 3676 4281 Sion,

2258 4311 2414 4367 rduus
2447 4312 2501 4366 in
2539 4310 2896 4379 Iiierusalem,
2953 4321 3172 4369 sanctus
3213 4315 3526 4380 vocabitur,
3554 4311 3691 4369 omnis
3718 4303 3763 4375 ξεί

2276 4404 2510 4474 scriptus
2531 4413 2615 4460 est
2639 4404 2695 4459 in
2719 4402 2829 4458 vita
2858 4403 2913 4458 in
2939 4402 3294 4459 Hierusalem.
3324 4423 3343 4456 ι
3380 4404 3539 4469 Sion,
3562 4402 3769 4474 qua-inter

2275 4587 2443 4658 pacis,
2460 4595 2705 4643 sanctam
2719 4586 3013 4643 Ecclesiam
3027 4586 3351 4658 signiﬁcant,
3379 4604 3507 4659 qua:
3528 4584 3689 4644 mentis
3701 4594 3773 4635 car

2276 4679 2622 4750 templatione
2650 4678 2891 4734 etelestia
2926 4680 3169 4732 intuetur
3193 4697 3205 4731 :
3237 4679 3480 4735 tendens
3505 4679 3622 4733 totis
3648 4672 3773 4729 eiseis

2264 4758 2342 4825 ad
2376 4770 2635 4825 visionem
2666 4769 2834 4839 pacis.
2865 4766 3054 4824 Omnis
3077 4768 3238 4839 igitur
3268 4769 3362 4838 qui
3408 4760 3778 4826 relictuselrcsi'

2272 4860 2411 4915 duus
2437 4859 2601 4916 fuerit
2628 4859 2682 4914 in
2721 4858 2982 4924 Ecclesia,
3036 4873 3133 4930 per
3174 4860 3334 4913 ﬁdem
3384 4872 3448 4917 et
3502 4858 3779 4931 operatione!

2272 4950 2491 5015 bonam,
2515 4958 2733 5005 sanctus
2753 4950 3054 5015 vocabitur,
3075 4950 3202 5022 quia
3221 4968 3250 5005 ει
3271 4949 3506 5009 Christo
3533 4949 3782 5008 ChristumS
3856 4962 3857 4965 ‘

2266 5041 2677 5110 nuncupabitur.
2711 5039 2898 5097 Omnis
2918 5042 3166 5097 videlicet
3188 5042 3280 5112 qui
3299 5044 3553 5115 scriptus
3570 5052 3645 5099 est
3665 5042 3705 5094 in
3720 5038 3783 5087 till

2266 5132 2322 5187 in
2362 5130 2718 5195 Hierusalem,
2750 5132 2802 5186 id
2824 5139 2908 5187 est
2934 5132 2987 5187 in
3013 5134 3269 5187 memoria
3293 5142 3347 5188 et
3382 5129 3787 5205 prasdestinatime

2264 5221 2649 5293 omnipotentis
2687 5223 2801 5277 Dei.
2842 5221 2959 5289 Quo
3005 5223 3123 5279 loco
3173 5225 3411 5294 apostoli
3465 5226 3777 5295 intelliguntur

2264 5312 2554 5382 caeterique
2580 5311 2764 5368 ﬁdeles
2794 5327 2859 5366 ex
2890 5314 3079 5369 eodem
3130 5314 3348 5384 populo,
3407 5318 3482 5374 de
3512 5306 3781 5387 quihusthe'

589 5391 845 5445 virtutum
887 5391 1291 5461 decorabimur,
1317 5412 1436 5466 quae
1462 5406 1822 5453 contexuntur
1848 5399 1901 5453 in
1946 5399 2155 5456 duobus
2253 5403 2399 5460 idem
2416 5404 2702 5475 propheta:
2719 5404 2832 5459 Nisi
2856 5404 3113 5460 Dominus
3134 5405 3448 5475 reliquisset
3472 5407 3630 5463 nobis
3648 5413 3796 5457 mea.

589 5480 764 5552 lignis,
790 5482 844 5537 in
868 5482 1151 5540 dilectione
1163 5487 1259 5542 Dei
1280 5488 1504 5554 scilicet,
1529 5497 1583 5544 et
1611 5488 1897 5545 dilectione
1923 5492 2155 5563 proximi

586 5571 767 5643 (Joan.
799 5575 895 5647 vt).
926 5575 1316 5635 Tantummodo
1339 5580 1617 5635 invocetur
1642 5598 1835 5637 nomen
1882 5591 2030 5639 tuum
2066 5601 2155 5641 su-

584 5680 679 5732 per
705 5681 823 5731 nos,
853 5677 912 5723 ut
949 5684 980 5724 a
1021 5678 1073 5724 te
1105 5669 1320 5726 Christo
1350 5671 1774 5729 Christianitatis
1819 5690 2012 5731 nomen
2061 5679 2155 5733 ha-

582 5756 821 5814 beamus.
852 5758 1016 5816 Aul'er
1061 5762 1406 5833 opprobrium
1447 5773 1721 5830 nostrum,
1756 5764 1856 5819 hoc
1885 5776 1995 5835 est,
2039 5781 2155 5824 esto

2255 5496 2412 5566 quasi
2442 5495 2674 5550 Sodoma
2704 5494 3015 5551 fuissemus.
3037 5495 3159 5550 lstis
3187 5498 3351 5551 etiam
3382 5493 3798 5561 DominusW

2259 5589 2444 5643 batur:
2478 5607 2495 5639 ι
2525 5586 2765 5643 Gaudete
2785 5589 2923 5656 quod
2952 5588 3168 5643 nomina
3195 5601 3376 5643 vestra
3414 5592 3629 5661 scripta
3650 5581 3800 5642 suum

2255 5679 2395 5735 coelo
2437 5678 2585 5749 (Luc.
2610 5679 2685 5750 ιι).
2710 5700 2728 5732 ι
2769 5678 2880 5734 Non
2924 5682 2977 5735 in
3016 5682 3152 5735 libro
3180 5683 3480 5747 materiali,
3531 5683 3628 5739 sed
3652 5682 3700 5736 in
3727 5689 3802 5731 me-

2259 5772 2431 5826 moria
2464 5771 2845 5841 omnipotentis
2876 5771 2988 5827 Dei.
3023 5771 3154 5827 Nam
3187 5773 3238 5828 in
3268 5774 3487 5832 ctelesti
3518 5770 3806 5831 Hierusalrﬁ
