3918 6462
131 537 241 592 745

1223 532 1576 592 COMMENT.
1611 530 1679 588 IN
1715 529 1969 587 lSAlAM.
2015 560 2084 572 —
2118 531 2247 588 LIB.
2283 531 2325 587 Ι.

3277 527 3380 584 746
3447 557 3450 560 ~

127 646 500 703 non'habetur
524 646 663 703 alius
707 647 862 714 liber,
905 646 1011 703 nisi
1040 646 1301 703 memoria
1345 658 1402 704 et
1422 638 1712 719 praesentia
1738 651 1790 710 Α
1815 642 1914 699 tibi
1942 638 2289 712 munitiones,
2319 621 2375 699 et
2390 640 2666 698 vallabunt
2692 647 2769 708 te,
2807 648 2863 696 et
2887 649 3230 711 prosternant
3254 650 3308 698 te
3326 649 3383 699 et

207 848 229 884 ‹
265 829 324 887 Si
362 830 597 887 abluerit
621 830 898 886 Dominus
941 830 1128 887 sordes
1177 830 1406 888 ﬁliarum
1456 831 1608 898 Sion,
1657 838 1712 886 et

123 922 444 994 sanguinem
470 921 805 978 Hierusalem
840 921 1032 978 laverit
1053 923 1120 979 de
1147 922 1325 980 medio
1355 922 1491 1001 ejus,
1519 922 1575 978 in
1602 922 1712 992 spi-

122 1015 237 1070 ritu
259 1013 451 1084 judicii
494 1021 550 1068 et
592 1013 785 1084 spiritu
813 1012 1043 1069 ardoris.
1078 1032 1096 1065 ι
1142 1013 1250 1069 ista
1279 1012 1563 1085 particula,
1589 1025 1711 1084 quae

121 1114 216 1162 est
261 1107 327 1169 si,
373 1105 662 1176 aliquando
692 1106 999 1177 negativam
1027 1105 1474 1178 signiﬁcationem
1522 1105 1705 1170 habet,

120 1203 189 1249 ut
209 1195 312 1251 ibi:
339 1215 358 1248 ε
404 1195 461 1251 Si
491 1195 700 1251 reddidi
729 1195 1150 1251 retrihuentibus
1176 1195 1309 1251 mihi
1345 1195 1488 1250 mala
1530 1191 1704 1266 (Psal.

119 1287 292 1359 vn)”
335 1287 439 1344 hoc
477 1296 580 1354 est,
626 1303 734 1343 non
776 1287 1002 1345 reddidi.
1045 1287 1346 1358 Aliquando
1393 1302 1524 1343 vero
1565 1287 1709 1343 afﬁr-

120 1378 328 1436 mative
350 1380 592 1452 ponitur,
629 1387 690 1434 ut
729 1379 784 1435 in
813 1379 1068 1450 praesenti
1098 1380 1218 1436 loco
1247 1389 1301 1436 et
1339 1381 1395 1436 in
1423 1380 1542 1436 aliis
1565 1380 1707 1436 mul-

120 1469 215 1524 tis.
270 1473 349 1524 Ac
389 1470 435 1525 si
465 1470 709 1526 diceret:
741 1470 942 1527 Omnes
975 1471 1067 1540 qui
1099 1471 1156 1526 in
1185 1485 1309 1527 eum
1353 1471 1704 1539 crediderint,

116 1565 461 1621 vocabuntur
487 1565 680 1622 sancti.
719 1563 786 1620 Et
820 1565 1001 1621 abluet
1043 1565 1304 1620 Dominus
1343 1565 1532 1621 sordes
1575 1581 1704 1636 pec-

117 1665 368 1710 catorum
399 1657 468 1711 ab
518 1650 620 1722 bis,
651 1670 749 1726 per
795 1655 1025 1727 gratiam
1077 1654 1432 1724 baptismatis,
1488 1665 1543 1711 et
1581 1671 1706 1712 san-

117 1748 341 1820 guinem
378 1749 761 1819 prophetarum
808 1747 1008 1802 lavabit
1035 1746 1102 1801 de
1149 1747 1330 1803 medio
1380 1747 1516 1817 ejus,
1544 1764 1705 1819 quem

117 1841 226 1910 ipsi
255 1841 508 1896 fuderunt
527 1850 582 1896 et
600 1848 780 1910 patres
821 1855 1029 1906 eorum,
1054 1839 1272 1910 insuper
1294 1849 1348 1896 et
1375 1840 1523 1896 illum
1544 1856 1703 1912 quem

118 1933 226 1989 sibi
252 1934 478 2004 populus
497 1950 684 1990 errans
709 1935 1032 2005 imprecatus
1054 1943 1158 2002 est,
1179 1935 1363 1991 dicens
1385 1953 1398 1989 :
1430 1953 1450 1986 ‹
1474 1935 1704 2008 Sanguis

1813 729 1952 792 ﬁlice
1977 744 2098 792 tuos
2125 735 2275 807 (Luc.
2297 733 2433 806 xix).
2459 753 2478 787 ι
2514 733 2666 803 Quod
2689 743 2870 788 autem
2891 731 3136 789 Christus
3173 734 3384 792 dicatur

1814 822 2058 894 dilectus,
2105 823 2505 894 quadragesimi
2540 822 2720 894 quarti
2755 821 2950 893 psalmi
2979 837 3077 879 nos
3104 821 3383 894 inscriptio

1811 913 1988 982 docet,
2018 913 2299 970 Canticum
2349 929 2448 986 pro
2485 913 2699 981 dilecto,
2731 922 2786 969 et
2823 929 2930 970 vox
2972 913 3068 968 Dei
3108 913 3281 992 patris
3328 915 3382 970 in

1809 1004 2136 1079 Evangelio:
2165 1024 2184 1057 ε
2214 1004 2314 1060 Hic
2337 1014 2421 1060 est
2468 1004 2636 1061 Filius
2684 1021 2837 1061 meus
2881 1004 3131 1071 dilectus,
3181 1004 3236 1059 in
3275 1019 3384 1076 quo

1809 1097 1943 1152 mihi
1965 1097 2105 1154 bene
2137 1096 2435 1168 complacui
2465 1097 2678 1169 (Matth.
2703 1113 2786 1163 ιιι,
2822 1097 2932 1168 l7).
2969 1115 2986 1148 ι
3013 1095 3112 1151 Hic
3149 1110 3276 1168 ergo
3303 1097 3382 1152 di-

1808 1187 1982 1245 lectus
2008 1205 2224 1246 carmen
2246 1188 2472 1260 lugubre
2499 1188 2628 1244 fecit
2647 1189 2817 1244 vinem
2837 1203 2968 1255 suae,
2994 1189 3137 1258 quod
3156 1190 3383 1245 cantabo

1807 1291 1910 1348 ego
1951 1277 2149 1333 dilecto
2181 1285 2343 1349 atque
2373 1278 2666 1334 miserabili
2692 1280 2887 1351 populo
2928 1295 3067 1337 meo.
3115 1281 3212 1338 Vel
3237 1291 3384 1338 certe

1807 1369 1883 1426 ita
1929 1369 2375 1441 intelligendum:
2409 1369 2649 1425 Cantabo
2679 1371 3032 1442 omnipotenti
3078 1373 3190 1428 Deo
3235 1372 3385 1428 Patri

1807 1462 2081 1518 canticum
2109 1460 2329 1527 Christi,
2357 1461 2448 1531 qui
2475 1469 2558 1517 est
2577 1461 2835 1530 patruelis
2863 1476 3034 1528 meus,
3075 1463 3180 1518 hoc
3207 1471 3292 1518 est
3316 1478 3384 1517 ex

1806 1553 1996 1609 eadem
2024 1567 2239 1608 mecum
2268 1560 2429 1623 gente
2473 1560 2781 1623 generatus.
2827 1551 2979 1619 Quod
3020 1560 3201 1608 autem
3230 1554 3385 1609 vinea

1807 1646 2022 1702 Domini
2055 1645 2353 1716 appelletur
2389 1652 2625 1716 populus
2669 1645 2852 1712 lsrael,
2897 1646 2952 1700 in
2992 1647 3386 1717 septuagesimo

1807 1751 1951 1793 nono
1971 1736 2179 1809 psalmo
2204 1737 2402 1793 dicitur
2428 1752 2444 1791 :
2474 1755 2491 1787 ι
2513 1735 2734 1790 Vineam
2765 1737 2831 1791 de
2864 1735 3098 1808 Egypto
3147 1746 3385 1792 transtu-

1805 1827 1938 1893 listi,
1967 1826 2175 1896 ejecisti
2211 1837 2399 1899 gentes
2425 1836 2479 1882 et
2499 1827 2758 1897 plantasti
2782 1843 2921 1883 eam.
2943 1848 2960 1880 ι
3010 1830 3067 1883 In
3097 1829 3388 1902 Evangelio

1807 1934 2023 1988 quoque
2051 1933 2191 1988 pene
2238 1917 2429 1974 iisdem
2477 1918 2660 1974 verbis
2706 1918 2901 1988 quibus
2930 1919 3198 1989 Propheta
3243 1936 3388 1976 nunc

116 2024 240 2094 ejus
274 2040 436 2095 super
466 2041 564 2082 nos
591 2033 646 2080 et
665 2041 826 2096 super
846 2025 983 2082 ﬁlios
1002 2035 1216 2084 nostros
1237 2025 1655 2098 (Matt/unm).
1681 2046 1697 2078 ι

1809 2009 2066 2080 loquitur,
2083 2010 2345 2066 Dominus
2365 2010 2539 2065 texuit
2563 2009 2905 2080 parabolam:
2929 2031 2946 2062 ‹
2968 2011 3142 2068 Homo
3166 2013 3388 2083 quidam

117 2116 278 2174 Hanc
305 2128 482 2174 autem
513 2121 888 2191 purgationem
915 2119 1078 2175 faciet
1104 2120 1159 2175 in
1188 2119 1379 2190 spiritu
1403 2117 1614 2188 judicii,
1646 2118 1698 2173 id

112 2215 206 2262 est
232 2208 284 2261 in
314 2208 657 2278 baptismate,
685 2218 740 2266 et
774 2211 966 2281 spiritu
995 2210 1223 2277 ardoris,
1249 2211 1354 2267 hoc
1385 2219 1469 2265 est
1493 2210 1546 2265 in
1571 2208 1704 2265 effu-

114 2297 275 2354 sione
303 2300 579 2372 sanguinis
623 2301 723 2356 sui.
758 2299 852 2356 Vel
882 2301 1047 2356 etiam
1078 2317 1176 2372 per
1205 2301 1454 2370 spiritum
1490 2299 1702 2356 ardoris

113 2403 218 2445 seu
249 2391 664 2457 combustionis,
723 2391 1041 2460 intelligitur
1069 2390 1305 2462 Spiritus
1335 2401 1576 2459 sanctus,
1608 2391 1701 2464 qui

111 2482 391 2538 consumit
417 2491 640 2553 peccata
663 2481 1163 2552 electorumJlnde
1183 2491 1238 2537 et
1258 2482 1488 2538 dicitur:
1525 2503 1544 2535 ι
1564 2481 1701 2550 Quia

110 2574 262 2630 Deus
286 2582 470 2631 noster
495 2575 635 2646 ignis
662 2590 988 2632 consumens
1013 2583 1096 2630 est
1126 2574 1304 2646 (Deut.
1337 2575 1437 2647 tv).
1463 2596 1482 2630 ι
1515 2576 1701 2632 Potest

108 2674 170 2720 et
209 2666 430 2736 spiritus
457 2665 668 2721 ardoris
693 2666 853 2721 tertio
879 2667 1038 2722 modo
1073 2666 1317 2738 intelligi,
1349 2666 1625 2722 tribulatio
1647 2675 1703 2720 et

108 2767 448 2814 tormentum
505 2759 792 2828 passionis,
849 2773 957 2829 quo
1014 2768 1312 2831 purgantur
1356 2758 1532 2815 electi.
1587 2756 1700 2813 Hoc

106 2857 299 2904 tamen
323 2849 707 2906 advertendum
729 2857 814 2905 est
835 2849 902 2904 de
929 2849 1188 2921 apostolis
1214 2848 1442 2914 dictum,
1463 2848 1700 2904 caeteris-

105 2955 218 3012 que
248 2957 315 2996 ex
345 2941 534 2997 eodem
566 2939 761 3011 populo
795 2940 1157 2996 credentibus.

189 3049 207 3082 ‹
242 3029 312 3085 Et
330 3030 536 3086 creabit
557 3030 817 3085 Dominus
849 3045 1009 3101 super
1045 3043 1260 3085 omnem
1293 3028 1471 3086 locum
1497 3028 1697 3085 montis

107 3123 265 3190 Sion,
296 3131 351 3178 et
377 3123 469 3178 ubi
501 3123 780 3178 invocatus
807 3133 910 3188 est,
940 3121 1158 3178 'nubem
1187 3135 1288 3192 per
1315 3121 1479 3186 diem,
1512 3129 1567 3176 et
1606 3119 1694 3178 fu-

104 3235 280 3285 mum,
318 3229 374 3275 et
425 3219 765 3292 splendorem
811 3219 950 3290 ignis
994 3218 1319 3275 ﬂammantis
1365 3219 1422 3272 in
1458 3225 1636 3273 nocte.
1669 3236 1688 3269 ι

104 3310 214 3366 Per
242 3312 372 3367 Sion
398 3312 486 3368 hic
507 3323 698 3369 sancta
735 3311 981 3366 Ecclesia
1007 3310 1342 3380 intelligitur.
1369 3306 1475 3361 Per
1496 3309 1694 3362 nubem

1807 2113 1926 2159 erat
1966 2103 2394 2174 paterfamilias,
2423 2104 2516 2174 qui
2555 2103 2817 2174 plantavit
2854 2104 3085 2160 vineam.
3126 2125 3145 2157 ›
3180 2105 3246 2160 Ει
3272 2106 3391 2162 haec
3433 2130 3436 2133 ·

1805 2196 1988 2266 itaque
2010 2195 2368 2262 Hierusalem,
2401 2205 2462 2250 ut
2479 2194 2735 2263 diximus;
2757 2197 3031 2269 plangitur
3048 2205 3104 2253 et
3141 2213 3390 2254 sermone

1803 2289 2118 2359 prophetico
2168 2290 2311 2345 illius
2358 2290 2513 2345 ruina
2561 2298 2828 2344 cantatur.
2869 2308 2888 2340 ‹
2932 2289 3099 2344 Vinea
3133 2290 3279 2346 facta
3308 2299 3394 2346 est

1805 2377 2006 2436 dilecto
2035 2395 2176 2446 meo,
2210 2381 2264 2434 in
2294 2395 2460 2436 cornu
2507 2379 2618 2435 ﬁlio
2665 2379 2787 2434 olei.
2817 2399 2834 2432 ›
2879 2379 2937 2433 ln
2969 2395 3136 2435 cornu
3165 2387 3391 2452 regnum

1805 2471 2102 2542 signiﬁcari
2127 2481 2183 2528 et
2207 2473 2507 2542 potentiam
2535 2486 2677 2543 saepe
2705 2471 2954 2554 legimus,
2977 2480 3039 2526 ut
3065 2480 3148 2527 est
3170 2471 3298 2527 illud
3335 2474 3392 2527 in
3457 2477 3462 2483 '

1801 2561 2125 2634 Evangelia:
2156 2583 2174 2614 ι
2197 2564 2492 2619 Suscitavit
2517 2579 2686 2620 cornu
2707 2563 2897 2620 salutis
2919 2571 3119 2618 nostra:
3146 2565 3204 2618 in
3231 2564 3393 2620 domo

1802 2652 1972 2709 David
2000 2654 2154 2724 pueri
2182 2655 2285 2709 sui.
2315 2673 2332 2705 ι
2363 2654 2430 2708 Ει
2455 2669 2469 2709 :
2511 2673 2528 2705 ‹
2561 2653 2618 2708 In
2640 2663 2694 2710 te
2714 2653 2962 2727 inimicos
2983 2663 3198 2711 nostros
3222 2672 3391 2711 cornu

1801 2743 2201 2800 ventilabimus.
2235 2763 2255 2798 ι
2290 2745 2358 2800 Et
2378 2745 2434 2799 in
2465 2743 2725 2800 Zacharia
2756 2764 2775 2796 ι
2813 2753 3043 2815 quatuor
3068 2761 3271 2802 cornua
3291 2761 3388 2816 po-

1802 2835 2108 2892 tentissima
2131 2836 2503 2893 demonstrant
2527 2852 2710 2909 regna.
2755 2857 2772 2888 ι

1877 2947 1896 2979 ι
1926 2928 1996 2982 Ει
2024 2929 2191 2999 sepsit
2214 2943 2358 2995 eam,
2383 2937 2438 2984 et
2478 2929 2684 2999 lapides
2723 2929 2884 3000 elegit
2907 2945 2974 2985 ex
3015 2930 3120 2996 illa,
3155 2940 3209 2986 et
3237 2931 3390 3001 plan—

1801 3020 1936 3074 tavit
1961 3020 2180 3075 vineam
2206 3021 2402 3076 Soreth
2428 3039 2440 3075 :
2491 3030 2547 3077 et
2571 3020 2860 3077 aadiﬁcavit
2891 3022 3083 3076 turrim
3112 3023 3168 3077 in
3216 3025 3391 3079 medio

1798 3112 1937 3183 ejus,
1965 3120 2021 3166 et
2049 3111 2284 3168 torcular
2309 3113 2581 3169 exstruxit
2610 3114 2668 3168 in
2695 3128 2780 3168 ea.
2805 3133 2822 3166 ι
2867 3113 2971 3169 Per
2992 3115 3388 3186 metaphoram,
3443 3118 3452 3135 '

1797 3210 1858 3256 ut
1887 3203 2037 3272 prius
2067 3203 2320 3270 diximus,
2365 3205 2582 3260 vineam
2638 3205 2927 3275 descripsit
2974 3220 3095 3263 esse
3132 3207 3392 3277 populum

1798 3294 2104 3351 Judaaorum
2131 3313 2144 3348 :
2175 3312 2338 3367 quem
2368 3298 2534 3367 sepsit
2562 3298 2877 3368 angelorum
2899 3299 3122 3354 auxilio.
3159 3319 3179 3350 ‹
3213 3300 3281 3352 Et
3310 3301 3390 3353 la-

103 3407 372 3475 protectio
407 3404 610 3459 divina.
659 3403 763 3458 Per
815 3401 1020 3455 fumum
1070 3399 1241 3471 gloria
1293 3397 1432 3467 ejus,
1470 3397 1611 3453 sicut
1637 3397 1695 3451 in
1721 3390 1768 3455 Ο
1797 3385 1950 3455 Fides
1982 3385 2144 3455 ειεεῑι
2169 3401 2235 3440 ει
2257 3401 2342 3453 ea.
2379 3407 2397 3440 ³
2426 3388 2482 3444 id
2503 3397 2605 3457 εει,
2633 3391 2810 3445 idOIa:
2845 3392 2928 3450 Vel
2948 3394 3270 3465 omniaquae
3296 3395 3392 3450 Dei

106 3497 214 3551 hoc
232 3496 418 3549 eodem
438 3495 704 3564 propheta
727 3491 942 3557 dicitur,
967 3491 1092 3562 quia
1121 3511 1139 3542 ι
1164 3491 1354 3546 domus
1374 3487 1592 3560 impleta
1614 3496 1698 3545 est

106 3585 279 3651 fumo,
319 3604 337 3636 ι
371 3585 423 3639 id
451 3593 556 3652 est,
583 3584 750 3656 gloria
775 3583 1008 3640 Domini.
1027 3582 1124 3637 Vel
1153 3583 1318 3638 etiam
1345 3598 1442 3654 per
1463 3581 1694 3648 fumum,

109 3677 455 3746 compunctio
501 3675 838 3746 poenitentiae
879 3674 1161 3747 accipitur.
1209 3673 1316 3730 Per
1353 3673 1696 3743 splendorem

108 3768 254 3839 ignis
280 3769 529 3826 remissio
555 3777 922 3842 peccatorum.
947 3788 967 3821 ι
994 3766 1169 3838 Super
1195 3781 1431 3832 omnem,
1455 3787 1474 3820 ι
1496 3766 1690 3836 inquit,

112 3878 133 3910 ι
169 3859 348 3915 locum
378 3860 578 3914 montis
605 3879 624 3911 ι
657 3859 807 3925 Sion,
840 3859 891 3915 id
911 3868 1017 3926 est,
1048 3874 1210 3929 super
1229 3867 1472 3915 sanctam
1502 3858 1693 3914 Eccle-

105 3954 263 4019 siam,
296 3961 351 4009 et
376 3954 466 4009 ubi
499 3954 837 4010 invocabitur
860 3970 891 4008 a
911 3953 1161 4010 ﬁdelibus
1184 3955 1316 4022 suis,
1353 3954 1562 4010 creabit
1587 3955 1694 4010 Do-

104 4045 287 4100 minus
312 4045 510 4100 nubem
539 4059 638 4115 per
671 4043 836 4111 diem,
864 4043 919 4100 id
943 4051 1047 4111 est,
1080 4045 1472 4116 protectionem
1492 4043 1547 4098 in
1573 4059 1694 4115 pro-

103 4135 301 4206 speris,
333 4143 389 4190 et
413 4134 641 4202 fumum,
665 4144 722 4190 et
740 4135 1082 4205 splendorem
1107 4135 1248 4207 ignis
1274 4134 1603 4191 ﬂammantis
1635 4135 1690 4190 in

103 4234 286 4293 nocte,
320 4227 424 4282 hoc
444 4235 529 4282 est
549 4226 810 4281 auxilium
829 4234 884 4281 et
905 4225 1302 4294 liberationem,
1326 4227 1441 4282 sive
1462 4226 1691 4295 gloriam

102 4325 160 4372 et
208 4315 698 4385 compunctionem,
744 4330 953 4370 necnon
985 4323 1041 4369 ct
1089 4315 1462 4372 remissionem
1492 4331 1690 4387 pecca-

102 4415 306 4472 torum,
345 4421 444 4476 per
466 4407 695 4478 gratiam
727 4405 962 4478 Spiritus
987 4407 1160 4462 sancti
1193 4409 1527 4478 protegentis
1551 4409 1692 4464 inter

103 4499 358 4554 adversa.
399 4499 476 4554 Ac
523 4500 571 4554 si
615 4500 862 4555 diceret:
895 4497 1041 4553 Inter
1060 4513 1322 4572 prospera
1362 4511 1417 4556 et
1465 4501 1690 4557 adversa

102 4598 352 4661 proteget
378 4599 660 4662 sperantes
710 4591 766 4646 in
799 4605 877 4657 se,
899 4599 960 4646 ut
995 4607 1096 4648 nec
1123 4593 1265 4648 inter
1293 4607 1556 4663 prospera
1602 4609 1692 4649 suo

100 4679 358 4750 perbiant
390 4690 444 4736 et
471 4681 723 4736 labantur
761 4681 814 4735 in
838 4691 1140 4751 peccatum,
1165 4697 1268 4738 nec
1296 4682 1441 4737 inter
1462 4683 1688 4739 adversa

1801 3476 2005 3531 cultum
2026 3485 2277 3547 poterant
2299 3479 2580 3551 impedire.
2613 3500 2629 3532 ι
2660 3481 2728 3536 Et
2749 3481 3011 3552 plantavit
3036 3499 3156 3538 eam
3180 3486 3388 3541 vineam

1802 3567 2017 3625 Soreth.
2056 3587 2076 3621 ι
2103 3569 2273 3624 Aiunt
2300 3570 2446 3625 enim
2477 3558 2687 3628 Hebraei
2714 3573 2908 3631 Soreth
2929 3592 3098 3649 genus
3124 3593 3244 3634 esse
3265 3581 3392 3635 vitis

1799 3659 2034 3730 optimm,
2060 3675 2181 3732 quae
2209 3661 2403 3718 uberes
2440 3662 2650 3720 fructus
2678 3664 2844 3720 faciat
2867 3675 3030 3737 atque
3074 3679 3387 3744 perpetuos.

1799 3744 2041 3821 Denique
2083 3750 2280 3810 Soreth
2315 3769 2348 3808 a
2385 3755 2707 3826 quibusdam
2755 3757 3065 3830 catticarpos
3121 3747 3388 3832 interpre-

1798 3849 1966 3910 tatur,
1987 3846 2132 3916 quod
2158 3861 2258 3903 nos
2279 3847 2336 3903 in
2361 3849 2758 3920 pulcherrimos
2791 3851 2998 3908 fructus
3027 3864 3240 3910 vertere
3266 3872 3392 3928 pos-

1796 3948 2005 3990 sumus.
2047 3955 2067 3987 (
2104 3935 2416 3997 ιλΕάἱΰωνὶι
2438 3938 2654 4012 quoque
2679 3944 2875 4012 turrim
2903 3945 2959 4000 in
2990 3947 3168 4003 medio
3195 3947 3332 4018 ejus,
3367 3972 3385 4000 ›

1797 4028 2054 4097 templum
2091 4030 2344 4088 videlicet
2389 4034 2445 4088 in
2492 4037 2670 4091 media
2712 4037 2948 4095 civitate.
2996 4059 3014 4091 ι
3052 4041 3123 4096 Et
3153 4044 3390 4099 torcular

1793 4119 2063 4174 exstruxit
2090 4121 2144 4175 in
2173 4137 2259 4189 ea,
2292 4143 2312 4176 ι
2340 4125 2485 4194 quod
2512 4126 2730 4196 quidam
2753 4128 2927 4184 altare
2951 4131 3260 4204 signiﬁcare
3288 4152 3388 4206 pu-

1796 4217 1931 4265 tant.
1956 4210 2164 4268 Cuncta
2190 4229 2319 4286 ergo
2344 4230 2464 4286 qua:
2488 4217 2740 4274 dicuntur
2763 4220 2830 4276 de
2871 4221 3050 4291 vinea,
3078 4235 3308 4295 possunt
3331 4222 3390 4283 εί

1793 4303 1862 4358 ad
1903 4304 2100 4359 animae
2143 4314 2343 4362 statum
2387 4308 2619 4366 referri:
2661 4327 2781 4382 quae
2817 4328 2850 4367 a
2888 4312 3000 4370 Deo
3037 4317 3282 4386 plantata
3326 4322 3381 4375 in

1791 4393 2015 4460 bonum,
2058 4410 2164 4451 non
2205 4411 2338 4454 uvas
2377 4400 2578 4465 attulit,
2623 4402 2716 4458 sed
2738 4403 3058 4462 labruscas:
3112 4419 3166 4465 et
3195 4422 3384 4481 postea

1793 4485 1864 4540 sit
1893 4486 2087 4540 tradita
2113 4487 2302 4544 bestiis
2334 4491 2717 4559 conculcanda,
2761 4511 2862 4552 nec
2884 4497 3126 4555 divinum
3153 4503 3383 4560 imbrem

1793 4578 2097 4648 susceperit
2127 4581 2493 4640 doctrinarum
2524 4602 2538 4638 :
2573 4586 2700 4656 quia
2752 4591 3040 4658 praeterita
3080 4595 3220 4652 dona
3245 4612 3380 4653 con-

1794 4671 2096 4740 tempserit.

103 4770 365 4826 deﬁciant
398 4771 754 4842 desperando,
777 4778 836 4826 ut
863 4772 1003 4827 sicut
1022 4770 1162 4826 ﬁlios
1182 4771 1347 4828 Israel
1372 4774 1689 4845 protegebat
1713 4769 1768 4830 D
1869 4782 1887 4814 ί
1917 4763 1986 4819 Et
2009 4768 2324 4836 θιερθοῐανί
2349 4777 2412 4822 ιιι
2451 4768 2655 4827 faceret
2693 4789 2842 4843 "V38,
2891 4777 3021 4835 fecit
3062 4790 3242 4840 autem
3295 4785 3378 4842 la-

102 4863 164 4918 in
208 4862 290 4919 die
318 4863 566 4918 columna
599 4863 760 4917 nubis
799 4863 866 4917 ad
916 4862 1253 4934 repellendos
1301 4871 1485 4932 aestus,
1531 4875 1588 4921 et
1635 4867 1694 4922 in

104 4962 270 5010 nocte
304 4954 550 5010 columna
597 4953 736 5024 ignis
787 4953 853 5008 ad
891 4954 1261 5011 incutiendum
1312 4955 1584 5023 timorem,
1619 4957 1694 5012 ita

101 5047 274 5100 etiam
317 5045 372 5100 in
415 5045 692 5117 prosperis
729 5053 784 5100 et
820 5045 1064 5102 adversis
1114 5054 1362 5119 proteget
1402 5057 1458 5104 et
1499 5049 1696 5122 guber-

102 5134 263 5191 nabit
286 5135 485 5194 electos
521 5151 667 5194 suos.

745 5273 970 5333 CAPUT
1001 5276 1064 5332 V.

188 5428 209 5462 ι
242 5409 483 5466 Cantabo
534 5427 677 5467 nunc
715 5411 910 5469 dilecto
944 5429 1066 5470 meo
1111 5415 1380 5472 canticum
1428 5419 1690 5488 patruelis

105 5504 238 5572 mei,
263 5505 432 5562 vineae
459 5521 586 5563 suae.
632 5525 651 5560 ι
681 5505 873 5564 Cantat
897 5507 1165 5580 Propheta
1190 5527 1406 5568 carmen
1432 5513 1690 5570 lamenta-

103 5597 221 5659 bile
245 5599 442 5672 populo
479 5599 666 5668 Israel,
698 5601 843 5672 quod
879 5604 1181 5672 composuit
1219 5603 1327 5672 ille,
1357 5606 1422 5662 de
1459 5622 1567 5677 quo
1605 5607 1690 5664 di-

105 5699 258 5748 ctum
279 5700 362 5748 est
387 5690 444 5748 in
481 5690 788 5764 Evangelio,
824 5709 843 5744 ι
873 5690 1008 5748 Cum
1045 5704 1225 5750 autem
1256 5697 1480 5754 vidisset
1500 5715 1640 5768 eam,
1665 5719 1684 5754 ›

109 5775 258 5839 haud
291 5781 511 5838 dubium
541 5783 669 5855 quin
691 5781 1046 5850 Hierusalem,
1080 5802 1101 5837 ι
1133 5782 1279 5842 ﬂevit
1303 5802 1468 5859 super
1489 5803 1611 5846 eam
1637 5800 1692 5848 et

112 5871 284 5930 dixit:
314 5873 371 5930 Si
402 5875 571 5931 scires
612 5885 667 5930 et
693 5883 748 5930 tu
780 5891 899 5946 qum
938 5877 1005 5930 ad
1033 5891 1219 5949 pacem
1249 5889 1374 5937 sunt
1405 5883 1520 5951 tibi,
1551 5899 1688 5954 quo-

112 5964 260 6020 niam
298 5966 512 6021 venient
551 5979 712 6034 super
740 5975 790 6021 te
827 5967 1033 6024 inimici
1084 5970 1236 6029 tuict
1275 5973 1691 6033 circumdabunt

516 6062 792 6124 Parum.
827 6063 1052 6127 CXVI.

1799 4856 2042 4914 bruscas.
2074 4857 2230 4916 Hunc
2266 4876 2397 4933 ergo
2442 4862 2774 4923 habitatores
2802 4869 3140 4930 Hierusalem
3175 4885 3232 4931 et
3277 4880 3382 4934 viri

1798 4953 1935 5010 Juda
1954 4997 1969 5022 ,
1994 4956 2235 5027 judicate
2263 4958 2406 5014 inter
2431 4975 2518 5016 me
2545 4971 2600 5017 ct
2621 4963 2762 5020 inter
2780 4967 2994 5025 vineam
3021 4987 3216 5027 meam.
3240 4975 3381 5042 Quid

1797 5057 1882 5104 est
1929 5050 2074 5119 quod
2099 5051 2258 5107 debui
2299 5051 2438 5108 ultra
2489 5053 2668 5113 facere
2702 5059 2872 5116 vineae
2904 5077 3038 5118 mea:
3069 5074 3126 5120 et
3162 5083 3270 5122 non
3301 5070 3382 5124 fc-

1797 5142 1969 5197 ccrim
1993 5142 2097 5197 ei?
2139 5143 2223 5198 An
2267 5146 2408 5215 quod
2435 5151 2741 5219 exspectavi
2789 5161 2849 5206 ut
2893 5151 3097 5211 faceret
3142 5174 3292 5225 uvas,
3326 5172 3382 5218 ct

1800 5238 1929 5296 fecit
1955 5239 2306 5297 labruscas?»
2338 5241 2488 5311 Feci,
2527 5243 2724 5315 inquit,
2759 5243 3011 5301 universa
3051 5263 3171 5318 qua
3195 5253 3376 5324 debui,

1795 5329 2034 5401 plantavi
2060 5329 2272 5385 vineam
2318 5333 2373 5387 in
2402 5333 2518 5389 loco
2554 5335 2867 5390 uberrimo:
2898 5337 3221 5399 circumdedi
3254 5363 3375 5402 ma-

1799 5421 2022 5488 ceriam,
2055 5421 2191 5496 elegi
2220 5425 2442 5496 lapides,
2479 5436 2536 5482 et
2578 5427 2783 5500 ﬂagella
2810 5429 2926 5499 ejus
2972 5434 3257 5496 hastilibus
3284 5458 3376 5498 ca-

1798 5512 2061 5584 lamisque
2088 5518 2363 5587 supposui.
2415 5518 2551 5575 Vitis
2579 5535 2793 5592 quoque
2834 5523 2950 5592 ipsa
2996 5542 3102 5583 non
3137 5530 3240 5586 fuit
3264 5551 3370 5591 una

1798 5604 1864 5660 de
1886 5603 2152 5675 pluribus,
2179 5609 2272 5663 sed
2295 5608 2486 5665 electa.
2515 5608 2650 5676 Quia
2691 5610 2856 5682 igitur
2879 5615 2994 5672 haec
3024 5616 3126 5676 feci
3153 5638 3272 5692 quae
3293 5625 3344 5680 fa
3363 5663 3375 5670 -ι

1795 5713 1922 5756 cere
1943 5699 2123 5768 debui,
2149 5703 2510 5774 respondeant
2528 5703 2658 5758 mihi
2682 5705 3012 5766 habitatores
3037 5710 3372 5775 Hierusalem

1797 5799 1851 5847 et
1880 5788 2053 5860 Judae,
2088 5793 2198 5849 imo
2231 5795 2474 5865 judicent
2502 5780 2645 5853 inter
2669 5813 2755 5853 me
2799 5809 2855 5856 et
2887 5802 3100 5860 vineam
3151 5823 3369 5866 meam:

1796 5885 1924 5957 quid
1949 5895 2034 5944 est
2055 5888 2200 5959 quod
2234 5887 2413 5945 facere
2438 5889 2620 5959 debui,
2643 5900 2698 5948 et
2725 5909 2832 5949 non
2859 5892 3124 5954 fecerim?
3155 5900 3253 5958 Hic
3281 5920 3372 5973 po-

1795 5979 1951 6051 pulus
1989 5981 2351 6053 interrogatur
2384 5983 2538 6041 quasi
2565 5985 2632 6042 dc
2661 5987 2838 6055 vinea,
2877 5999 3146 6051 utcontra
3175 6010 3231 6049 se
3259 5997 3372 6067 ipse

2861 6082 2937 6143 at
