3918 6494
604 500 708 556 74⁸1
1067 505 1421 562 HAYMONIS
1456 506 1939 565 HALBERSTAT.
1981 511 2195 568 EPISC.
2228 512 2388 571 ‘OPP.
2426 511 2609 570 PARS
2643 514 2688 569 I.
2724 542 2795 556 —-
2830 513 3188 572 COMMENT.
3229 516 3402 573 BIBL.
3751 524 3823 580 πε

572 634 575 635 ⁷
605 617 948 687 respondeat.
997 616 1152 673 Hunc
1183 620 1380 699 locum
1411 620 1464 674 in
1500 620 1789 692 Evangelia
1826 621 2040 694 (lauit.
2064 628 2180 697 ιιι)
2208 631 2259 692 Α
2284 628 2413 697 quid
2470 643 2566 684 vos
2627 628 2729 684 soli
2787 630 3101 686 habitabitis
3160 646 3328 701 super
3375 633 3631 687 terram?
3661 654 3679 687 ι
3712 632 3818 704 ςμιαι

598 711 815 781 plenius
850 710 1100 767 Salvator
1130 714 1464 782 exsequitur.
1504 714 1571 768 Et
1616 714 1761 783 quod
1806 715 1897 770 hic
1955 724 2182 784 prteter-
2285 717 2501 786 quidem
2524 726 2579 771 et
2607 718 2933 788 generaliter
2958 721 3248 775 adversum
3274 737 3466 777 omnes
3517 724 3706 792 quibus
3727 727 3814 781 πίω

598 804 825 859 missum
880 813 993 869 est,
1047 805 1253 860 scribas
1299 814 1357 862 et
1399 806 1705 862 Pharisaaos
1742 807 2064 877 interrogat.
2121 808 2181 863 In
2284 808 2414 864 satis
2454 818 2562 875 est,
2602 809 2804 864 dictum
2831 819 2982 880 puto,
3011 819 3067 866 et
3098 812 3408 882 specialiter
3442 822 3637 870 contra
3659 818 3811 872 vineam

596 894 736 951 Isaia
788 898 932 952 enim
976 896 1108 951 nihil
1135 897 1338 961 dictum
1388 905 1474 955 est
1519 898 1586 954 de
1622 898 1896 970 agricolis,
1927 913 2029 954 nec
2061 914 2182 969 qua
2283 898 2515 966 Domini,
2557 915 2677 970 qua;
2723 914 2824 971 pro
2851 902 2970 956 uvis
3018 901 3146 957 fecit
3179 902 3483 968 labruscas,
3533 905 3589 960 id
3624 916 3715 974 est,
3749 925 3810 981 pro

595 987 810 1057 passuri
832 995 957 1042 sunt
996 987 1303 1043 indicatur:
1333 989 1427 1045 sed
1464 997 1674 1043 tantum
1703 989 1772 1044 de
1804 990 1960 1046 vinea
2001 1005 2185 1047 sermo
2274 987 2480 1057 judicio
2542 989 2909 1060 iniquitatem,
2964 1007 3062 1063 pro
3104 993 3312 1063 justitia
3371 995 3682 1051 clamorem.
3726 998 3807 1066 Qua

595 1088 699 1134 est.
732 1079 807 1133 Ibi
833 1087 1016 1134 autem
1052 1079 1209 1147 quasi
1235 1078 1342 1134 alia
1381 1080 1454 1135 sit
1478 1080 1636 1135 vinea
1664 1089 1721 1135 et
1746 1078 1884 1135 alius
1920 1081 2176 1152 agricola,
2281 1080 2427 1134 enim
2449 1085 2534 1135 est
2578 1082 2775 1147 rabies,
2822 1098 2946 1137 cum
2978 1092 3121 1140 tecta
3152 1087 3205 1141 in
3236 1088 3386 1158 agris
3433 1089 3507 1143 ad
3536 1090 3802 1160 depellendus

592 1170 674 1228 sic
702 1170 770 1225 de
798 1169 1000 1241 popqu
1020 1170 1262 1239 loquitur
1287 1180 1345 1227 et
1370 1171 1667 1240 magistris,
1693 1178 1774 1237 ut,
1799 1191 1817 1223 ‹
1848 1170 2016 1227 Malos
2040 1171 2182 1227 male
2281 1170 2482 1226 imbres
2516 1181 2571 1228 et
2594 1173 2662 1228 ad
2691 1174 2951 1230 serendas
3001 1174 3183 1248 fruges
3224 1176 3419 1234 haberi
3453 1179 3732 1245 videantur,
3765 1199 3800 1237 ea

589 1262 811 1331 perdat;
836 1281 856 1312 ι
887 1261 979 1326 Ει,
1010 1281 1028 1314 ‹
1056 1260 1272 1317 vineam
1303 1261 1425 1316 aliis
1458 1261 1711 1332 agricolis
1734 1262 1900 1328 locet,
1924 1281 1949 1314 ι
1975 1261 2180 1330 signifi-
2281 1260 2484 1317 habere
2523 1277 2741 1332 cupere,
2765 1264 2962 1333 quibus
3007 1265 3309 1335 conjunctis
3339 1267 3599 1323 habitare
3622 1285 3798 1343 nonpes

587 1367 722 1408 cans
762 1351 1036 1422 apostolos
1072 1360 1130 1407 et
1158 1366 1253 1407 eos
1290 1352 1383 1422 qui
1414 1352 1672 1423 apostolis
1700 1352 2004 1408 successuri
2030 1360 2178 1408 sunt.
2281 1349 2376 1416 sis,
2429 1359 2485 1406 et
2519 1368 2641 1422 qua:
2685 1352 2864 1409 colere
2911 1370 3016 1409 non
3057 1354 3335 1412 sullicias:
3382 1356 3617 1413 alterius
3658 1376 3795 1431 qua}:

589 1441 764 1514 Supra
788 1444 935 1498 enim
962 1442 1103 1511 apud
1126 1457 1185 1498 se
1210 1443 1408 1498 tacitus
1430 1442 1692 1513 loquitur,
1714 1443 1805 1499 hic
1832 1450 2010 1499 autem
2035 1442 2181 1512 quod
2280 1443 2660 1498 necessitatem
2693 1452 2839 1500 tuam
2866 1444 3050 1501 facere
3076 1448 3415 1504 voluntatem
3438 1450 3464 1503 ?
3510 1449 3657 1506 Juxta
3679 1464 3788 1524 imp}

584 1534 921 1605 cogitaverat
944 1531 1080 1587 alios
1102 1533 1424 1603 interrogat.
2279 1535 2500 1608 logiam,
2528 1543 2717 1590 contra
2768 1536 3052 1593 haereticos
3089 1540 3307 1608 quidam
3353 1541 3469 1595 hoc
3508 1543 3687 1596 dictum
3705 1547 3787 1597 ariis

659 1645 680 1708 ς
718 1624 788 1679 Ει
812 1639 959 1679 nunc
990 1623 1272 1679 ostendam
1304 1623 1457 1679 vobis
1499 1623 1630 1694 quid
1655 1638 1759 1695 ego
1784 1623 1983 1679 faciam
2008 1624 2181 1681 vinea:
2280 1633 2511 1680 trantur.
2548 1624 2651 1691 Qui
2682 1640 2804 1680 cum
2840 1627 3107 1681 moverint
3148 1629 3313 1697 pedes
3360 1646 3504 1685 suos
3550 1631 3611 1686 de
3635 1633 3781 1697 oriens,

583 1731 738 1773 meae.
792 1715 1049 1773 Auferam
1099 1730 1283 1786 sepem
1311 1713 1444 1784 ejus,
1492 1724 1550 1771 et
1576 1717 1681 1771 erit
1712 1717 1767 1772 in
1796 1717 2174 1788 direptionem.
2280 1717 2503 1773 veniunt
2543 1717 2600 1771 in
2642 1732 2893 1786 campum
2933 1716 3201 1785 Sennaar,
3232 1721 3324 1790 qui
3356 1722 3779 1792 interpretaturu-

583 1811 805 1867 Diruam
828 1810 1125 1867 maceriam
1159 1809 1294 1879 ejus,
1326 1819 1382 1866 et
1428 1810 1533 1865 erit
1584 1810 1639 1864 in
1684 1810 2175 1867 conculcationem.
2279 1809 2448 1863 caesio
2488 1809 2755 1872 dentium,
2802 1815 2857 1863 et
2897 1807 3169 1864 aediﬁcant
3197 1811 3491 1866 civitatem
3528 1815 3776 1875 centesimis,

579 1900 649 1956 Et
686 1916 879 1971 ponam
906 1915 1039 1957 eam
1063 1900 1356 1967 desertam,
1401 1916 1507 1955 non
1549 1901 1829 1971 putabitur
1856 1911 1913 1957 et
1942 1918 2048 1957 non
2094 1902 2177 1957 fo-
2280 1910 2591 1970 turremque
2625 1899 2911 1969 superbire.
2960 1899 3051 1955 lsti
3098 1901 3287 1957 domos
3336 1903 3613 1967 donnibus,
3654 1906 3689 1958 id
3717 1915 3770 1965 et

579 1994 776 2061 dietur,
818 2002 874 2050 et
922 1995 1217 2050 ascenderit
1253 2009 1416 2063 super
1458 2009 1579 2048 eam
1625 2008 1818 2064 vepres
1839 2001 1895 2048 et
1923 1994 2110 2064 spinas.
2141 2013 2162 2046 ι
2196 2001 2246 2061 Β
2272 1992 2462 2077 dogma
2488 1990 2827 2063 dogmatibus
2853 1990 3206 2063 conjungunt.
3233 1992 3367 2047 Tam
3400 1993 3505 2047 diu
3534 2002 3768 2064 autequ

578 2085 718 2155 Quia
745 2086 850 2142 feci
876 2089 1049 2144 vinea
1077 2102 1212 2145 mea:
1235 2096 1431 2143 cuncta
1470 2103 1592 2157 quae
1620 2088 1804 2155 debui,
1838 2097 1896 2144 et
1921 2102 2021 2158 pro
2048 2089 2169 2145 uvis
2270 2093 2397 2138 runt
2426 2083 2669 2139 haeretici
2698 2098 2836 2138 nova
2866 2082 3141 2138 veteribus
3173 2082 3445 2155 jungere,
3479 2092 3535 2139 et
3571 2085 3764 2140 cadente

578 2182 758 2237 attulit
785 2181 1088 2247 labruscas,
1138 2180 1378 2236 auferam
1417 2182 1670 2237 universa
1718 2196 1839 2251 quae
1886 2180 2163 2237 dederam.
2267 2175 2598 2230 cenlioribus
2644 2174 2963 2239 immutare,
3023 2174 3194 2230 donec
3244 2183 3300 2231 et
3351 2190 3555 2232 sensus
3595 2176 3761 2231 human

577 2273 783 2330 Tollam
827 2274 1143 2346 angelorum
1192 2274 1421 2339 auxilia,
1472 2273 1539 2328 de
1591 2273 1787 2342 quibus
1834 2272 1888 2327 in
1944 2273 2169 2343 psalmis
2265 2275 2323 2322 et
2354 2281 2535 2322 sermo
2565 2265 2802 2323 deficiat.

574 2365 834 2434 scriptum
854 2372 969 2420 est:
995 2364 1361 2419 Circumdabit
1382 2362 1607 2432 angelus
1626 2363 1837 2418 Domini
1858 2364 1912 2419 in
1932 2362 2121 2419 circuit

2340 2377 2359 2409 ι
2393 2356 2452 2411 In
2483 2357 2706 2413 auribus
2736 2357 2870 2412 meis
2907 2368 3037 2414 sunt
3082 2359 3217 2426 haec,
3249 2359 3386 2415 dicit
3438 2362 3653 2416 Dominus
3668 2376 3752 2415 εισι

572 2455 880 2509 timentium
906 2468 1051 2520 eum,
1082 2462 1138 2529 ᾳ
1168 2453 1420 2508 liberabit
1445 2468 1576 2508 eos:
1622 2461 1677 2507 et
1720 2452 1939 2522 diripiet
1967 2453 2035 2507 ab
2065 2453 2163 2508 ad—
2262 2448 2487 2503 cituum.
2520 2446 2634 2504 Nisi
2664 2449 2874 2526 domus
2900 2449 3080 2505 multa:
3123 2451 3354 2506 deserta:
3384 2451 3740 2524 fuerintgnabs

570 2545 847 2600 versariis.
877 2543 1161 2598 Destruam
1184 2558 1369 2598 muros
1394 2542 1531 2611 ejus,
1572 2549 1626 2598 et
1650 2542 1889 2597 inimicis
1914 2536 2165 2612 gentibus
2261 2547 2317 2594 et
2354 2539 2592 2611 pulchrae
2644 2540 2847 2611 absque
2892 2540 3213 2597 habitatore.
3246 2563 3265 2595 ι
3299 2542 3361 2598 Id
3394 2555 3509 2611 est,
3537 2547 3641 2600 vute
3666 2558 3738 2613 qua

570 2635 890 2705 subjacebit.
943 2636 1172 2706 Eritque
1215 2636 1456 2701 deserta,
1516 2642 1572 2690 et
1624 2650 1731 2690 non
1780 2635 2060 2705 putabitur
2107 2635 2162 2691 in
2261 2628 2474 2685 loculus
2522 2638 2605 2686 εει
2649 2629 2932 2697 DomimIS,
2990 2632 3166 2687 adhuc
3215 2647 3486 2690 resonant
3529 2639 3572 2691 in
3616 2635 3745 2688 antibus

567 2739 856 2795 aeternum,
887 2743 986 2783 nec
1012 2728 1266 2793 fodietur,
1293 2734 1353 2781 ut
1378 2726 1658 2796 redigatur
1698 2725 1753 2779 in
1787 2738 1995 2795 vepres.
2038 2724 2163 2779 Tol—
2261 2718 2417 2774 meis.
2453 2717 2712 2775 Dominus
2742 2729 2925 2776 autem
2955 2720 3167 2778 locutus
3192 2733 3293 2787 est,
3348 2728 3499 2795 quod
3536 2736 3630 2797 post
3650 2724 3749 2796 capti-

566 2823 699 2879 litur
721 2832 903 2877 autem
932 2820 1030 2876 Dei
1077 2819 1339 2874 auxilium
1380 2819 1449 2874 ab
1484 2819 1571 2874 his
1602 2818 1695 2887 qui
1742 2816 1948 2886 indigni
1992 2825 2158 2871 sunt:
2261 2810 2483 2866 vitalem
2528 2811 2721 2867 domus
2768 2827 2977 2883 magna:
3015 2821 3177 2884 atque
3225 2815 3589 2885 pulcherrima:
3608 2817 3750 2872 desert:

566 2924 628 2970 ut
654 2915 781 2985 quia
807 2930 914 2969 non
954 2919 1241 2969 senserunt
1267 2911 1437 2965 Deum
1473 2925 1570 2980 per
1606 2908 1889 2974 beneficia,
1921 2907 2160 2962 sentiant
2261 2898 2483 2967 fuerint,
2508 2917 2616 2956 non
2653 2901 2917 2958 habentes
2946 2903 3334 2959 habitatorem.

564 3026 665 3081 per
697 3008 979 3079 supplicia.
1010 3005 1108 3061 Vel
1134 3006 1257 3061 ideo
1290 3004 1593 3059 truculenta
1620 3000 1867 3071 quaedam
1892 3008 1948 3055 et
1966 3013 2158 3070 aspera
2338 3007 2357 3039 ί
2392 2988 2588 3045 Decem
2647 2991 2790 3045 enim
2840 2991 3031 3064 jugera
3082 2994 3369 3049 vinearum
3428 2997 3594 3051 faciem
3634 2995 3750 3066 lagun-

564 3080 649 3157 est
674 3100 1058 3164 comminatus,
1091 3107 1149 3151 ut
1179 3096 1428 3152 conversi
1454 3095 1523 3149 ad
1548 3092 1947 3165 paenitentiam,
1976 3090 2156 3146 immi-
2259 3081 2437 3136 cuiam
2463 3098 2647 3149 unam,
2693 3092 2747 3139 et
2781 3084 2999 3156 triginta
3032 3087 3197 3142 modii
3228 3080 3484 3144 sementis
3510 3088 3750 3142 faciemme-

476 3238 483 3245 .
564 3193 750 3248 nentia
782 3199 1055 3247 tormenta
1100 3187 1359 3243 devitent.
1398 3204 1417 3237 ι
1468 3184 1539 3240 Ει
1584 3182 1819 3239 nubibus
1866 3180 2023 3236 mand

2259 3172 2375 3227 dios
2404 3181 2532 3228 tres.
2559 3192 2576 3225 ι
2601 3172 2657 3228 Id
2682 3183 2784 3241 est,
2808 3176 3003 3230 chorus
3032 3175 3197 3231 faciet
3228 3179 3408 3248 mpha,
3433 3180 3551 3248 quod
3578 3178 3744 3246 Septua-

562 3303 632 3344 ue
656 3287 847 3357 pluant
874 3298 1038 3354 super
1065 3296 1186 3337 eam
1214 3282 1462 3337 imbrem.
1494 3298 1514 3333 ι
1558 3277 1675 3333 Non
1716 3277 1891 3332 solum
1930 3277 1997 3332 de
2030 3290 2109 3345 pri

2256 3264 2405 3334 ginta
2451 3272 2553 3319 tres
2592 3282 2863 3321 mensuras
2906 3266 3247 3337 interpretati
3292 3282 3435 3335 sunt,
3478 3271 3525 3324 id
3544 3280 3622 3334 εει,
3660 3276 3745 3322 tres

464 3404 468 3409 ι
562 3378 761 3449 phetis,
789 3373 884 3430 sed
923 3383 980 3430 et
1001 3374 1068 3429 de
1093 3371 1353 3443 apostolis
1376 3383 1665 3440 possumus
1709 3366 2026 3439 intelligere.
2078 3364 2155 3422 Ne
2183 3366 2231 3430 Ο
2260 3360 2490 3415 modios.
2524 3359 2690 3416 Batus
2728 3368 2928 3429 autem,
2961 3364 3012 3417 in
3044 3362 3270 3434 liquidis
3301 3366 3530 3437 speciebus
3558 3362 3728 3423 didlur,

560 3484 662 3538 pro
688 3467 810 3522 uvis
837 3464 1094 3520 afferrent
1120 3463 1325 3533 spinas,
1354 3462 1446 3517 sed
1468 3476 1567 3532 pro
1592 3459 1876 3516 sterilitate
1902 3467 1957 3516 et
1985 3458 2155 3513 aridi-
2258 3462 2313 3508 et
2339 3452 2483 3522 (Βρίιὶ
2508 3452 2621 3508 sive
2650 3454 2811 3524 mpha
2830 3452 3071 3534 ejusdem
3099 3471 3365 3512 mensura:
3382 3458 3432 3511 iu
3449 3457 3596 3510 aridis.
3614 3449 3739 3518 Quod

563 3569 673 3615 tate
698 3575 795 3615 sua
828 3564 1187 3629 precarentur
1224 3570 1351 3610 eum
1404 3553 1497 3625 qui
1534 3560 1711 3623 potest
1755 3552 1957 3608 imbres
1985 3551 2157 3607 virtu—
2257 3556 2439 3603 autem
2468 3546 2755 3603 aedificatio
2781 3556 2836 3604 et
2873 3548 3203 3618 agricultura
3237 3548 3561 3606 referaturad
3591 3544 3743 3600 intelli-

563 3661 674 3706 tum
695 3648 955 3719 prmbere.
2255 3638 2492 3707 gentiam
2536 3638 2896 3709 spiritualem,
2945 3640 3109 3696 etiam
3158 3642 3267 3698 alio
3330 3644 3449 3699 loco
3491 3640 3659 3713 (Epka.
3689 3636 3739 3707 in)

638 3762 657 3794 α
693 3741 861 3797 Vinea
918 3739 1132 3795 Domini
1189 3739 1527 3795 exercituum
1575 3738 1769 3793 domus
1811 3735 1977 3793 Israel
2023 3743 2108 3792 est,
2134 3775 2151 3802 ν
2252 3725 2452 3781 Paulus
2499 3727 2775 3798 apostolus
2823 3729 3016 3796 docet,
3055 3750 3073 3781 ι
3108 3730 3363 3789 fundatas
3404 3745 3456 3788 et
3482 3727 3739 3788 ndicatosil

555 3846 612 3892 et
633 3837 735 3892 viri
783 3833 921 3889 Juda
963 3848 1184 3905 germen
1228 3833 1548 3890 delectabile
1591 3831 1729 3902 ejus,
1760 3852 1778 3886 ι
1813 3834 1869 3888 id
1900 3842 2006 3899 εει,
2031 3833 2147 3888 Dei,
2253 3819 2519 3875 charitate
2556 3821 2838 3877 credentes
2864 3837 2983 3878 esse
3011 3843 3029 3876 ι
3054 3834 3391 3881 contestans.
3421 3819 3743 3882 Undeetﬁocle

553 3929 787 3986 Pulchre
812 3932 1000 3998 Israel,
1033 3931 1087 3987 id
1137 3940 1240 3998 est,
1290 3941 1435 3987 totus
1464 3930 1694 4002 populus
1742 3929 1927 3995 Israel,
1957 3929 2151 3984 domus
2252 3912 2442 4008 δίδῗιεδ
2471 3909 2697 4008 (βσείεδς
2722 3911 2924 4008 ⁸³)-Ποη
2961 3915 3133 4008 θοίιιιξι
3164 3917 3267 4008 βίω
3295 3917 3572 3972 πάῖηεενῖι

558 4026 655 4080 Dei
683 4026 928 4080 dicitur:
981 4024 1149 4081 Judas
1175 4034 1356 4099 autem
1408 4000 1632 4094 germen
1661 4023 2005 4087 delectabile,
2056 4023 2148 4092 qui
2250 4000 2430 4099 sed“
2457 4000 2721 4099 Pla_"u"i‘
2768 4004 2977 4071 Vincas:
3006 4014 3062 4061 ει
3090 4004 3221 4062 fec“
3248 4007 3445 4099 ξιοτιοδ
3484 4016 3535 4063 ει
3566 4001 3742 4099 Domi”,

554 4127 742 4187 postea
782 4117 1051 4188 separatis
1075 4096 1321 4172 tribubus
1357 4116 1658 4187 pullulavit.
1694 4115 1971 4171 Novellum
2000 4115 2146 4169 enim
2247 4103 2301 4151 εί
2343 4094 2580 4149 insutu“
2606 4110 2797 4152 omnes
2824 4098 3049 4155 arbores
3093 4098 3418 4169 pomiferas,
3467 4096 3744 4188 ειειτυιίνίίῐπε

554 4209 754 4264 dicitur
779 4187 1113 4264 delectabile.
1141 4206 1249 4263 Sed
1270 4217 1326 4263 et
1350 4209 1454 4263 hoe
1475 4208 1793 4272 notandum,
1821 4208 1965 4278 quod
1992 4204 2101 4275 juxl

2244 4189 2509 4258 piscinas,
2548 4197 2607 4242 ut
2658 4187 2911 4259 irrigaret
2954 4189 3172 4248 saltum.
3209 4192 3385 4246 Porro
3432 4189 3639 4247 lueretici
3663 4187 3744 4240 im-

553 4301 997 4357 consuetudinem
1046 4299 1461 4371 prophetialem,
1496 4314 1617 4369 qua;
1663 4299 1814 4369 prius
1851 4314 1949 4368 per
1974 4308 2100 4352 met:

2244 4277 2424 4349 ginem
2468 4285 2675 4333 tantum
2722 4278 2985 4336 habentes
3034 4282 3399 4352 umbramque
3464 4285 3743 4342 virtutumcf

552 4391 779 4459 phoram
809 4392 951 4446 dicta
989 4369 1263 4456 sunt,'vel
1287 4405 1384 4461 per
1428 4389 1765 4461 parabolam,
1828 4399 2013 4459 postea
2049 4404 2099 4443 ei

2244 4384 2349 4424 non
2398 4369 2572 4440 ipsam
2624 4373 2929 4439 veritatem,
2982 4374 3188 4446 absque
3237 4374 3424 4431 fructu
3476 4384 3744 4447 cperunt?!-

553 4491 829 4553 pouuntur
876 4483 1237 4548 manifestius,
1266 4483 1409 4553 quod
1456 4484 1614 4539 vinea
1645 4492 1702 4539 et
1740 4483 1946 4538 novella
1989 4484 2100 4552 plar

2242 4461 2432 4515 borum
2479 4461 2605 4517 folia
2652 4463 2993 4533 pollicentur.
3028 4465 3104 4521 De
3147 4468 3342 4537 quibus
3397 4461 3746 4524 arboribusddi

552 4550 687 4630 iatio
715 4575 879 4630 Israel
903 4568 958 4629 ei.
984 4575 1121 4631 Juda
1150 4550 1301 4631 sunt:
1317 4594 1335 4626 ι
1374 4575 1714 4645 Exspectavi,
1748 4584 1807 4630 ut
1836 4550 2040 4631 faceret
2060 4574 2142 4645 ju—
2242 4550 2500 4645 ῡοιηίηυε
2530 4552 2743 4645 (Ματιίιο
2770 4556 2860 4625 ιν)
2890 4575 2904 4611 ε
2941 4574 2960 4607 ί
2988 4555 3179 4612 omnis
3207 4559 3480 4629 Ρίθηιειῑίο
3524 4572 3658 4631 quam

554 4666 793 4720 dicium:
825 4674 879 4721 et
914 4681 1041 4722 ecce
1069 4667 1344 4737 iniquitas.
1375 4664 1443 4721 Ει
1459 4641 1748 4734 justitiam,
1783 4675 1839 4722 et
1876 4682 2003 4722 ecce
2024 4641 2101 4722 cla

2203 4643 2505 4737 ‘plantavit
2555 4644 2716 4701 Pater
2760 4663 2914 4703 meus
2970 4648 3207 4704 cmlestis
3249 4651 3625 4707 eradicabitur.
3660 4665 3675 4697 ι
3708 4641 3750 4695 De

551 4772 689 4813 mor.
712 4776 731 4809 ι
763 4758 1111 4829 Exspectayit
1154 4718 1304 4813 Deus
1354 4765 1414 4812 ut
1455 4757 1684 4828 populus
1716 4756 2023 4812 Iudaeorum
2044 4756 2136 4826 ju-
2158 4718 2214 4780 Β
2241 4739 2395 4795 "inea
2442 4750 2625 4835 amelli
2672 4739 3030 4835 SOdO'HOI‘W}
3077 4743 3231 4798 Vinea
3265 4759 3487 4812 eorum.
3517 4755 3568 4801 ει
3592 4748 3751 4815 Ρωβῖθ

549 4849 750 4904 (licium
794 4847 1018 4914 faceret,
1047 4849 1101 4902 id
1123 4858 1208 4905 est
1233 4865 1368 4905 uvas
1393 4870 1405 4904 :
1437 4861 1492 4905 et
1529 4850 1657 4906 fecit
1686 4850 2050 4919 iniquitatem,
2082 4851 2139 4907 id
2242 4849 2430 4890 eorum
2459 4834 2524 4889 de
2548 4832 2872 4889 GOmor’ha-

546 4949 631 4996 est
652 4940 951 4997 labruscas.
975 4940 1044 4995 Et
1070 4942 1403 5011 exspectavit
1428 4940 1717 5009 justitiam,
1743 4948 1803 4994 ut
1825 4940 2139 5012 largitorem
2319 4956 2336 4987 ι
2365 4936 2458 4992 Va:
2489 4938 2578 5006 qui
2609 4938 2935 5007 consurgitis
2961 4954 3122 4994 mane
3143 4938 3212 4994 ad
3252 4940 3582 4997 ebrietatem
3614 4943 3756 4994 sediv-

544 5039 818 5086 tantorum
858 5047 1146 5087 munerum
1193 5047 1225 5085 a
1266 5040 1418 5102 patre
1468 5033 1691 5089 missum
1737 5032 2057 5101 susciperet,
2085 5041 2142 5088 et
2245 5028 2389 5092 dam,
2440 5036 2493 5083 et
2548 5029 2841 5099 potandum
2898 5046 3072 5100 usque
3121 5032 3190 5086 ad
3232 5047 3552 5102 vesperum,
3599 5041 3648 5086 nl
3681 5028 3759 5078 vi”

543 5121 674 5179 fecit
702 5123 994 5180 clamorem
1024 5140 1133 5195 quo
1156 5124 1480 5181 vociferatus
1503 5135 1585 5181 est
1614 5128 1803 5181 contra
1832 5126 2090 5181 Dominun

2244 5119 2502 5173 zestuetis.
2537 5119 2794 5190 Cythara,
2816 5129 2870 5175 et
2900 5121 3039 5191 lyra,
3070 5129 3127 5175 et
3154 5130 3502 5193 tympanum,
3533 5132 3585 5177 et
3606 5118 3762 5177 tibiaﬁ

542 5223 597 5269 et
611 5214 1084 5282 clamavitdicens,
1107 5236 1125 5268 ι
1146 5216 1482 5283 Tolle,tolle,
1504 5218 1895 5290 cruciﬁgeeum
1914 5219 1926 5271 ε
1947 5216 2131 5289 (Joan.
2240 5210 2421 5263 vinum
2451 5211 2503 5264 in
2540 5211 2801 5265 conviviis
2843 5211 3064 5278 vestris,
3092 5222 3308 5291 etopus
3348 5214 3570 5269 Domini
3606 5220 3761 5266 nostr

542 5306 681 5379 xix.)
706 5326 724 5360 ι
772 5306 924 5364 Unde
951 5317 1007 5364 et
1025 5308 1228 5365 Paulus
1254 5309 1528 5379 apostolus
1556 5310 1799 5365 scribens
1827 5310 1926 5376 ait,
1958 5328 1976 5362 ι
2006 5308 2134 5364 Om-
2237 5302 2463 5372 spicitis,
2496 5316 2594 5356 nec
2623 5318 2788 5371 opera
2816 5316 3074 5357 manuum
3103 5304 3219 5374 eius
3263 5306 3639 5362 consideratis.
3666 5322 3679 5351 ι
3702 5299 3765 5351 Αἰ·

542 5400 627 5455 nis
672 5400 752 5454 ira
784 5408 839 5455 et
874 5400 1083 5456 clamor
1129 5410 1186 5456 et
1231 5402 1565 5472 blasphemia
1620 5402 1839 5457 tollatur
1887 5418 1918 5456 a
1953 5403 2089 5457 vobi:

2234 5394 2348 5464 guit
2371 5392 2524 5461 juxta
2565 5394 2951 5463 consequentia
3000 5404 3194 5467 coeptae
3248 5396 3642 5466 explanationis
3672 5389 3767 5461 agri-

539 5506 663 5546 cum
692 5492 841 5546 omni
868 5491 1074 5546 malitia
1101 5489 1319 5563 (Epltes.
1354 5496 1455 5564 Iv).
1492 5512 1511 5545 ι
1558 5492 1655 5547 Vel
1688 5500 1835 5548 certe
1869 5494 2126 5562 quoniam
2234 5485 2379 5540 colas
2407 5486 2593 5550 vineae,
2624 5486 2715 5555 qui
2759 5485 3079 5544 imminente
3122 5488 3412 5544 sterilitate
3441 5500 3501 5545 et
3531 5487 3688 5543 vicino
3719 5480 3769 5533 in'

533 5581 668 5652 justi
689 5583 1009 5655 sanguinem
1042 5582 1317 5650 fuderant,
1343 5593 1400 5639 et
1426 5584 1647 5653 sanguis
1680 5582 1976 5638 Dominicae
2001 5600 2127 5653 pas-
2233 5576 2448 5642 cendiO,
2479 5591 2586 5646 quo
2638 5592 2828 5647 vepres
2875 5585 2929 5632 et
2956 5579 3125 5650 spina:
3154 5588 3282 5635 sunt
3307 5579 3699 5639 comburendae,
3720 5570 3774 5624 lu-

538 5674 709 5731 sionis
729 5675 991 5732 clamaret
1027 5675 1098 5731 ad
1134 5676 1326 5742 Deum,
1361 5682 1658 5747 propterea
1709 5673 1999 5730 clamorem
2030 5689 2128 5745 pro
2234 5668 2403 5724 xuria:
2436 5684 2495 5724 se
2532 5678 2587 5724 et
2626 5668 2990 5739 voluptatibus
3019 5672 3401 5727 tradiderunt:
3435 5689 3549 5728 non
3576 5660 3772 5726 solumin

534 5763 744 5832 iustitia
771 5766 1142 5823 reddiderunt.
2232 5761 2496 5817 vescendo
2541 5770 2594 5818 et
2642 5761 2896 5828 bibendo,
2943 5763 3038 5818 sed
3068 5764 3123 5818 in
3169 5764 3379 5818 aurium
3410 5778 3633 5834 quoque
3671 5754 3775 5813 obit.

612 5876 630 5907 ι
668 5856 758 5914 Va;
811 5858 902 5929 qui
961 5858 1286 5932 conjungitis
1340 5860 1556 5916 domum
1613 5858 1680 5913 ad
1736 5857 1951 5912 domum
1997 5897 2010 5920 ,
2071 5866 2125 5912 ct
2229 5854 2465 5908 elatione
2490 5864 2543 5908 et
2583 5854 2636 5908 in
2679 5854 2909 5910 diversis
2955 5854 3176 5912 musicae
3206 5856 3674 5926 artis‘generibus.
3702 5841 3775 5911 (ξἢὶ

536 5963 723 6023 agrum
755 5968 887 6024 agro
907 5952 1173 6023 copulatis
1203 5967 1372 6024 usque
1402 5952 1468 6009 ad
1495 5950 1785 6011 tertninum
1819 5949 1941 6008 loci.
1974 5948 2119 6006 Nun-
2228 5964 2347 6001 cum
2378 5946 2478 6002 ista
2521 5946 2742 6015 iaciunt,
2770 5963 2905 6017 opus
2936 5946 3147 6005 Domini
3176 5964 3281 6005 non
3313 5947 3654 6019 respiciunt:
3701 5950 3772 5994 nec

633 6428 1108 6447 ——-‘-‘———-——
1897 6451 1963 6458 __7
