3918 6524
102 546 211 616 its

1186 552 1540 615 θοκΜεΝτ.
1578 552 1649 612 IN
1683 541 1933 611 κων.
1975 580 2045 596 -
2080 549 2209 611 LIB.
2243 550 2287 612 Ι.

3230 554 3335 610 750

99 671 438 728 considerant
491 682 615 742 qua
659 678 888 728 ventura
935 676 1065 727 sunt
1103 667 1231 726 illis.
1270 668 1459 724 Potest
1498 652 1660 737 iuxta
1685 669 1742 730 Α
1764 672 1820 720 et
1856 664 2003 721 Deus
2027 675 2247 723 auctus
2293 665 2718 722 sanctificabitur
2743 666 2799 721 in
2821 666 3055 737 justitia,
3092 687 3112 721 ι
3151 668 3205 723 id
3228 679 3334 736 est,

98 763 333 818 altiorem
392 763 796 834 intelligentiam
850 763 1028 818 clunis
1082 761 1281 817 anima:
1329 759 1665 830 perturbatio

98 852 323 907 ebrietas
366 851 642 923 appellari,
691 866 813 922 qua
858 852 1159 924 concipitur
1201 854 1269 908 de
1309 852 1438 907 vino
1464 849 1664 905 furoris

98 940 401 1008 draconum,
433 952 487 998 et
512 945 585 999 de
626 956 839 999 veneno
881 943 1127 1013 aspidum
1164 942 1451 1001 insanabili
1476 958 1491 994 :
1519 939 1667 1010 quod

97 1032 329 1087 nonnulli
371 1032 562 1088 bibunt
604 1034 672 1089 ab
715 1032 1073 1089 adolescentia
1109 1046 1281 1103 usque
1327 1032 1383 1086 in
1423 1036 1669 1086 senectu-

98 1134 227 1192 tem,
258 1127 357 1181 hoc
383 1135 468 1182 est
495 1126 563 1181 de
588 1140 748 1182 manu
774 1113 945 1195 usque
972 1127 1041 1182 ad
1068 1139 1349 1195 vesperam
1375 1141 1388 1177 :
1420 1122 1514 1178 alii
1535 1135 1669 1176 vero

98 1219 229 1273 hora
255 1218 430 1282 tertia,
464 1226 640 1283 sexta,
669 1212 757 1272 vel
779 1232 921 1273 nona
963 1217 1317 1281 suscitantur,
1341 1213 1427 1270 vel
1453 1212 1664 1269 decima

96 1308 165 1362 de
184 1308 427 1363 convivio
448 1323 464 1361 :
489 1307 791 1377 diciturque
809 1307 878 1360 ad
899 1320 1012 1361 eos.
1047 1324 1067 1358 ι
1100 1303 1549 1375 Expergiscimini
1570 1301 1663 1371 qui

95 1398 229 1453 ebrii
259 1399 389 1454 estis
415 1398 543 1453 vino
572 1396 730 1470 (Jul.
758 1397 820 1468 t).
858 1416 879 1450 ι
904 1395 1266 1455 [infelicissimi
1308 1403 1491 1450 autem
1515 1401 1665 1459 sunt,

94 1489 188 1558 qui
217 1489 281 1545 de
315 1504 475 1547 mane
504 1503 681 1560 usque
711 1488 779 1545 ad
808 1501 1112 1557 vesperam,
1137 1485 1430 1548 ebrietate,
1459 1482 1584 1559 gula
1610 1489 1667 1539 et

94 1579 318 1635 diversis
363 1578 730 1650 voluptatibus
775 1576 1217 1647 occupati,-non
1268 1573 1577 1643 intelligunt
1610 1571 1666 1627 in

94 1685 153 1723 se
184 1685 341 1740 opera
394 1669 508 1735 Dei,
554 1684 655 1723 nec
707 1667 1054 1725 considerant
1099 1680 1269 1736 quare
1297 1662 1467 1719 creati
1518 1670 1662 1717 sunt.

98 1783 116 1813 ‹
150 1762 432 1834 Propterea
472 1762 717 1831 captivus
754 1759 949 1814 ductus
974 1765 1058 1813 est
1089 1756 1317 1828 populus
1343 1768 1516 1817 meus,
1540 1754 1666 1824 quia

91 1870 199 1909 non
230 1855 412 1910 habuit
459 1852 765 1917 scientiam,
821 1857 876 1905 et
927 1846 1131 1903 nobiles
1184 1846 1301 1918 ejus
1344 1844 1667 1899 interierunt

91 1943 258 2009 fama,
288 1951 344 2003 et
386 1941 672 1996 multitudo
716 1938 833 2008 ejus
881 1939 969 1994 siti
1022 1937 1253 1994 exaruit.
1286 1956 1305 1989 ι
1347 1937 1473 1991 Hane
1512 1934 1665 2005 juxta

1767 772 1890 813 cum
1919 758 2232 814 incurvatus
2251 759 2415 814 fuerit
2437 759 2600 813 homo
2622 766 2679 813 et
2708 757 3020 814 humiliatus
3045 759 3148 823 vir,
3171 769 3229 815 et
3250 776 3339 816 re-

1767 849 2009 919 ceperint
2034 864 2225 905 omnes
2260 848 2415 919 juxta
2447 851 2636 905 merita
2689 864 2807 915 sua,
2850 858 2979 905 tunc
3008 849 3340 905 exaltabitur

1766 939 2027 996 Dominus
2055 939 2353 1008 indudicio,
2382 941 2532 1011 cujus
2554 940 2785 1011 primum
2828 940 3093 995 incertum
3134 940 3343 996 videbi—

1764 1040 1854 1086 tur
1876 1032 2137 1103 judicium
2160 1045 2303 1097 csse,
2340 1040 2396 1086 et
2422 1032 2563 1087 Deus
2583 1039 2804 1087 sanctus
2832 1030 3258 1087 sanetiﬂcabitur
3282 1031 3340 1086 in

1756 1120 1966 1191 justitia
2002 1140 2015 1176 :
2058 1130 2116 1176 ut
2145 1114 2601 1191 impleatur/illud
2637 1123 2781 1192 quod
2830 1122 2886 1176 in
2927 1122 3219 1194 Evangelio
3260 1123 3343 1178 di-

1764 1216 1909 1270 citur
1936 1230 1953 1269 :
1984 1232 2005 1266 t
2047 1214 2211 1270 Pater
2238 1218 2455 1279 noster,
2482 1214 2577 1283 qui
2606 1228 2666 1271 es
2690 1215 2747 1269 in
2773 1214 2949 1279 cmiia,
2979 1214 3345 1271 aauctificetur

1764 1321 1961 1361 nomen
1987 1313 2137 1360 tuum
2162 1303 2376 1376 (Matth.
2406 1303 2542 1375 xvi).
2582 1322 2600 1355 ι
2631 1303 2720 1368 Ει,
2747 1321 2767 1355 t
2800 1303 2963 1359 Pater
2984 1305 3151 1374 justo,
3181 1320 3339 1360 mun-

1764 1398 1866 1453 dus
1891 1406 1944 1453 te
1966 1412 2074 1454 non
2091 1396 2341 1468 cognovit
2360 1394 2541 1465 (lusu.
2564 1393 2719 1464 xvtt).
2753 1412 2773 1445 ι

1844 1507 1866 1541 ι
1898 1490 1968 1544 Et
1985 1496 2277 1559 pascentur
2300 1488 2423 1557 agni
2448 1487 2604 1556 juxta
2647 1486 2895 1541 ordinem
2924 1500 3082 1541 suum
3109 1505 3122 1539 :
3155 1494 3213 1543 et
3244 1488 3342 1542 de-

1768 1579 1980 1637 sertain
2001 1579 2301 1634 ubertatem
2320 1590 2477 1631 versa
2500 1576 2723 1631 advena:
2744 1576 3044 1631 comedent.
3077 1596 3097 1627 ι
3121 1576 3348 1642 Quando

1769 1671 2028 1727 Dominus
2051 1669 2323 1723 exaltatus
2345 1666 2509 1721 fuerit
2546 1667 2601 1721 in
2642 1667 2866 1737 judicio.
2896 1667 2966 1721 Et
2999 1675 3220 1723 sanctus
3245 1667 3349 1722 Da-

1769 1759 1859 1814 vid
1897 1760 1953 1814 in
2002 1774 2101 1814 sua
2143 1756 2513 1813 sanctiﬁcatus
2551 1755 2762 1825 justitia
2810 1775 2825 1811 :
2861 1765 2922 1812 ut
2943 1758 3069 1813 mali
3100 1758 3350 1829 agricolm

1771 1850 1910 1905 male
1928 1856 2173 1920 pereant,
2201 1856 2257 1904 et
2280 1846 2517 1905 exaltata
2550 1849 2747 1903 cedrus
2771 1847 2949 1902 securi
2977 1848 3187 1903 Domini
3225 1864 3351 1904 suc-

1771 1941 2019 1996 cidatur:
2056 1948 2185 1995 tunc
2214 1939 2305 2010 qui
2337 1937 2539 1995 fuerint
2581 1940 2648 1994 de
2675 1954 2937 2009 agnorum
2967 1954 3212 2003 numero,
3241 1956 3351 1997 non

91 2033 329 2088 litteram
376 2031 639 2086 accidisse
661 2028 855 2101 populo
877 2027 1183 2083 Judteorum
1212 2027 1316 2081 sub
1344 2024 1677 2096 Vespasiano
1700 2018 1751 2079 Β
1776 2032 2081 2095 haedorum,
2128 2038 2417 2100 pascentur
2438 2029 2495 2084 in
2522 2028 2779 2084 Ecclesia:
2822 2028 3011 2100 pratis,
3048 2039 3103 2085 et
3126 2030 3305 2085 dicent
3331 2046 3348 2084 :

90 2132 153 2178 et
176 2123 295 2178 Tito
316 2122 573 2178 Romanis
592 2121 942 2192 principibus,
960 2128 1068 2174 tam
1080 2119 1269 2175 Greca
1294 2133 1459 2189 quam
1479 2118 1672 2172 Latium

89 2223 282 2268 narrat
313 2214 559 2269 historia.
600 2212 755 2280 Quod
779 2212 996 2282 quidem
1037 2220 1094 2266 et
1133 2209 1489 2281 spiritualiter
1513 2209 1674 2264 hodie

88 2295 436 2372 intelligitur,
483 2317 607 2373 quas
654 2300 1302 2373 patiuntursustincntcs
1333 2314 1443 2355 non
1472 2298 1675 2354 famem

86 2398 249 2467 panis
269 2410 441 2465 neque
459 2394 607 2450 sitim
632 2408 806 2463 aquai,
829 2394 925 2450 sed
946 2392 1147 2447 famem
1177 2391 1430 2446 audiendi
1450 2390 1675 2446 verbum

85 2486 191 2541 Dei
211 2485 388 2557 (Deut.
416 2484 559 2550 γιιι).
605 2483 760 2550 Quod
788 2490 971 2537 autem
996 2481 1179 2537 omnis
1202 2496 1383 2537 set-tuo
1411 2481 1675 2536 doctrina

85 2578 248 2649 panis
275 2576 573 2647 appellatur
609 2582 665 2631 et
704 2589 868 2644 aqua,
910 2573 1041 2633 illud
1084 2573 1246 2630 docet
1288 2571 1674 2644 Evangelicum

85 2670 309 2742 (Matth.
330 2685 382 2723 tv
407 2685 423 2734 ;
451 2667 580 2722 Luc.
604 2683 694 2733 tv;
719 2664 881 2721 Joan.
906 2665 1029 2737 tv):
1063 2685 1085 2719 ι
1140 2664 1258 2723 Non
1294 2666 1349 2721 in
1388 2680 1530 2734 pane
1559 2664 1677 2722 solo

83 2762 229 2816 vivit
271 2762 453 2824 homo,
497 2758 593 2814 sed
631 2758 686 2812 in
729 2757 877 2812 omni
917 2758 1083 2812 verbo
1114 2756 1261 2827 quod
1305 2756 1580 2825 egreditur
1607 2756 1677 2810 de

84 2867 193 2908 ore
213 2852 327 2906 Dei.
355 2871 374 2903 ι
392 2850 490 2905 Et:
516 2867 536 2900 ι
565 2847 885 2916 Quicunque
910 2846 1109 2903 biberit
1129 2861 1197 2902 ex
1226 2861 1366 2915 aqua
1391 2860 1552 2915 quam
1573 2860 1675 2915 ego

84 2945 295 3001 dedero
330 2943 403 3007 ei,
433 2957 539 2996 non
561 2940 710 2995 sitiet
730 2939 785 2993 in
809 2948 1093 2994 aeternum.
1114 2958 1136 2992 ι
1176 2937 1240 3013 Et
1263 2937 1318 2993 in
1358 2937 1567 3006 psalmo
1589 2937 1675 2992 di-

84 3038 275 3092 citur:
307 3052 326 3086 ι
360 3034 534 3104 Super
551 3047 749 3104 aquam
781 3031 1095 3088 refectionis
1120 3030 1374 3087 educavit
1394 3046 1479 3086 me
1499 3028 1670 3101 (Paul.

82 3128 253 3198 χιιι).
286 3147 305 3180 t
331 3127 563 3194 Quidam
590 3127 696 3182 hoc
716 3124 860 3195 quod
886 3124 1123 3180 dicitur:
1155 3143 1175 3177 ι
1200 3122 1459 3193 Captivus
1482 3124 1676 3179 ductus

82 3232 174 3277 est
208 3220 434 3292 populus
474 3235 649 3285 meus,
677 3225 733 3274 et
760 3218 888 3288 quia
916 3233 1025 3274 non
1054 3217 1245 3274 habuit
1284 3216 1591 3281 scientiam,
1620 3222 1677 3270 et

86 3310 306 3367 nobiles
325 3309 444 3380 ejus
481 3309 807 3366 interierunt
839 3306 1001 3374 fame,
1039 3315 1096 3364 et
1124 3306 1413 3363 multitudo
1431 3303 1548 3373 eius
1585 3306 1675 3359 siti

1778 2141 1797 2175 ι
1834 2122 2094 2178 Dominus
2120 2121 2296 2191 pascit
2338 2136 2424 2178 me
2473 2118 2531 2177 et
2578 2118 2713 2176 nihil
2764 2121 2897 2176 mihi
2947 2121 3121 2177 deerit
3173 2119 3347 2193 (Paul.

1772 2213 1889 2285 xx).
1925 2233 1944 2265 ι
1982 2213 2050 2269 Ει
2079 2227 2201 2283 qua:
2221 2227 2252 2266 a
2276 2211 2478 2267 ludatis
2504 2211 2714 2266 deserta
2747 2220 2890 2275 sunt,
2914 2227 3072 2269 versa
3104 2214 3159 2269 in
3194 2212 3354 2269 uber-

1774 2313 1941 2363 tatem
1968 2304 2213 2360 comedet
2249 2303 2476 2373 populus
2503 2303 2759 2373 gentium.
2803 2302 2930 2358 Haec
2962 2302 3116 2372 juxta
3165 2313 3344 2373 tropo-

1773 2397 1993 2469 logiam.
2039 2395 2327 2460 Caeterum,
2372 2403 2433 2449 ut
2476 2394 2722 2450 ordinem
2759 2394 3123 2465 complcamus
3179 2395 3353 2452 histo-

1775 2490 1888 2555 riae,
1918 2487 2152 2557 idipsum
2195 2487 2317 2542 aliis
2352 2485 2535 2541 verbis
2570 2484 2767 2540 dicitur
2795 2487 2865 2541 de
2889 2500 2998 2555 quo
3023 2500 3186 2557 supra
3210 2487 3352 2541 dixi-

1774 2596 1896 2636 mus
1930 2599 1943 2635 :
1978 2581 2273 2653 Regionum
2299 2590 2535 2636 vestram
2563 2581 2619 2636 in
2642 2588 2936 2650 conspectu
2976 2588 3157 2637 vestro
3193 2579 3354 2636 alieni

1776 2674 2056 2737 devorant,
2096 2681 2154 2727 et
2201 2672 2417 2729 deserta
2449 2679 2537 2728 est
2569 2679 2732 2741 atque
2776 2672 3034 2729 subversa
3063 2687 3096 2727 a
3142 2672 3357 2743 populis

1774 2764 2033 2819 externis.
2264 2808 2267 2815 ηη
2572 2816 2573 2819 η

1849 2874 1868 2907 ι
1899 2853 1995 2911 να,
2017 2854 2111 2925 qui
2154 2854 2373 2911 trahitis
2418 2854 2761 2924 iniquitatem
2801 2854 2860 2910 in
2904 2853 3161 2911 funiculis
3203 2855 3370 2911 vani-

1777 2948 1924 3013 tatis,
1954 2958 2009 3001 et
2037 2948 2192 3018 quasi
2233 2948 2504 3003 vinculum
2541 2946 2768 3017 plaustri
2797 2956 3080 3016 peccatum
3100 2986 3119 3014 ,
3141 2948 3237 3018 qui
3282 2947 3358 3003 di-

1775 3038 1900 3093 citis
1929 3055 1943 3091 :
1974 3036 2283 3092 Festinetur
2313 3038 2424 3092 cito
2461 3038 2643 3092 veniat
2672 3053 2808 3107 opus
2827 3034 2945 3105 ejus
2974 3046 3035 3092 ut
3057 3039 3354 3102 videamus,

1775 3137 1830 3184 et
1864 3129 2167 3209 appropiet,
2210 3137 2266 3184 et
2309 3130 2489 3183 veniat
2518 3128 2802 3183 consilium
2853 3129 3024 3183 sancti
3066 3128 3268 3196 Israel,
3304 3140 3362 3185 et

1775 3221 2009 3276 sciemus
2049 3238 2068 3272 t
2116 3219 2265 3275 illud.
2317 3218 2472 3286 Quod
2521 3218 2734 3275 vincula
2779 3219 3029 3276 dicantur
3064 3234 3186 3276 esse
3234 3235 3356 3290 pec-

1777 3320 1920 3376 cata,
1965 3309 2211 3365 crebrius
2256 3309 2505 3379 legimus.
2534 3309 2578 3364 E
2602 3310 2796 3378 quibus
2833 3309 2963 3366 illud
2991 3320 3095 3367 est.
3136 3329 3155 3363 t
3188 3310 3358 3367 Funi-

84 3368 391 3458 exaruitzvt
413 3400 736 3473 generaliter
750 3400 816 3454 de
835 3398 1050 3453 inferno
1071 3408 1126 3451 et
1145 3398 1214 3454 de
1233 3397 1479 3466 gebenua
1508 3395 1678 3449 inter-
1703 3368 1748 3430 Ο
1781 3404 1882 3457 bus
1917 3407 2265 3470 peccatorum
2308 3368 2527 3455 suanm]
2561 3368 2929 3471 unusquisque
2972 3402 3362 3473 constringitur

80 3495 302 3565 pretari
332 3494 544 3558 volunt,
588 3491 642 3545 in
692 3504 802 3560 qua
843 3488 1081 3558 patietur
1108 3487 1289 3547 omnis
1332 3485 1426 3557 qui
1448 3484 1547 3541 Dei
1573 3498 1682 3539 non
1784 3488 1967 3561 (Prov.
2011 3489 2089 3558 v).
2124 3509 2143 3541 ι
2173 3488 2284 3545 Nec
2307 3489 2514 3560 plangit
2542 3504 2637 3545 eos
2669 3490 2760 3560 qui
2806 3492 3069 3561 cmperint
3112 3507 3362 3562 peccare,

86 3584 288 3641 habuit
314 3579 621 3636 scientiam.

1785 3582 2076 3652 statimque
2098 3580 2376 3636 desierint.
2403 3579 2520 3637 Non
2551 3592 2635 3639 est
2665 3582 2810 3636 enim
2833 3582 3014 3653 justus
3051 3598 3218 3654 super
3255 3592 3365 3639 ter-

176 3693 194 3726 ι
238 3672 536 3741 Propterea
580 3669 827 3729 ἀίιῧιθνίι
863 3667 1108 3727 infernus
1134 3668 1373 3741 animam
1413 3681 1568 3723 suam
1592 3706 1608 3733 υ
1629 3673 1686 3720 ει
1784 3695 1901 3734 ram
1939 3679 2032 3749 qui
2062 3677 2222 3733 faciat
2246 3677 2446 3732 bonum
2481 3686 2536 3732 et
2564 3669 2853 3747 aliquando
2881 3693 2986 3734 non
3018 3685 3225 3747 peccet,
3268 3679 3364 3733 sed

91 3768 315 3839 aperuit
342 3781 407 3821 os
436 3779 593 3821 suum
622 3765 829 3834 absque
852 3762 963 3818 ullo
990 3762 1247 3827 termino,
1276 3769 1330 3823 st
1359 3758 1688 3823 descendent
1786 3769 1878 3840 qui
1939 3756 2127 3839 longos
2188 3766 2457 3822 funiculus
2516 3768 2727 3837 peccati
2781 3768 3163 3837 pertraxcrint.
3211 3766 3391 3836 Quod”

86 3860 273 3913 Ῐοηθί
294 3856 419 3926 ei“
442 3864 497 3910 ει
522 3854 750 3925 Polla!“
793 3850 942 3920 ﬁliis:
966 3861 1026 3909 ει
1062 3852 1318 3907 sublime“
1356 3851 1686 3924 διατίθείίιυθ
1788 3867 1969 3915 autem
1997 3858 2336 3930 appellantur
2371 3857 2597 3913 funiculi
2641 3858 2917 3922 vanitatis,
2966 3860 3067 3914 hoc
3098 3858 3369 3929 signiﬁcat

85 3951 217 4020 ejus
242 3942 312 4003 ad
355 3962 500 4012 eum,
525 3955 581 4001 et
608 3944 978 4001 ineurvabitur
1004 3944 1183 4010 homo,
1215 3951 1270 3999 et
1316 3942 1687 4001 humiliahitur
1789 3949 1932 4021 quod
1987 3947 2313 4003 facientibus
2361 3955 2643 4019 peccatum
2701 3945 2861 4004 facile
2895 3947 3112 4012 texitur,
3161 3956 3218 4003 et
3255 3956 3365 4001 tam

84 4044 204 4104 vir,
247 4048 304 4094 et
352 4036 493 4092 oculi
526 4035 835 4092 sublimium
882 4034 1266 4106 deprimentur.
1305 4053 1325 4086 ι
1366 4034 1502 4101 Quia
1551 4049 1682 4089 con-

86 4137 462 4187 surrexerunt
482 4143 641 4187 mane
659 4126 727 4182 ad
750 4126 1061 4181 sectandam
1084 4127 1336 4191 siceram,
1360 4134 1416 4181 et
1436 4142 1687 4198 perman-

84 4231 293 4282 serunt
320 4224 375 4278 in
405 4222 667 4279 ebrietate
694 4234 866 4289 usque
912 4219 980 4273 ad
1012 4233 1321 4289 vesperam,
1359 4227 1414 4273 et
1443 4218 1687 4289 volupta-

1788 4038 1953 4094 inane
2000 4044 2057 4093 et
2104 4036 2293 4093 inutile
2339 4045 2452 4101 est,
2482 4046 2544 4093 ut
2567 4052 2891 4093 aranearum
2922 4038 3008 4092 illa
3045 4046 3300 4093 texuntur
3350 4055 3364 4092 :

1788 4130 1882 4185 sed
1921 4143 2045 4185 cum
2080 4128 2205 4187 inde
2252 4127 2499 4183 volumus
2545 4127 2696 4182 exire
2718 4167 2733 4192 ,
2758 4128 3098 4185 solidissimis
3137 4130 3370 4187 vinculis

1789 4224 2138 4291 innectimur.
2168 4222 2475 4279 Plaustrum
2513 4233 2693 4278 autem
2718 4224 2936 4294 plenum
2977 4234 3371 4295 oneratumque

60 4317 248 4371 tibus
266 4323 434 4384 atque
461 4312 672 4369 deliciis
696 4311 966 4382 occupati,
992 4326 1130 4382 opus
1166 4309 1381 4367 Domini
1415 4311 1687 4383 respicere
1788 4315 2025 4387 peccatis
2056 4313 2215 4370 facile
2253 4314 2581 4382 intelligunt,
2608 4314 2700 4385 qui
2732 4314 3079 4370 meminerint
3104 4316 3364 4384 scriptum

82 4409 414 4472 noluerunt,
438 4421 539 4465 nec
558 4421 721 4476 opera
744 4421 999 4468 manuum
1016 4404 1133 4476 ejus
1153 4404 1504 4474 contemplati
1525 4411 1683 4458 sunt:

84 4514 391 4578 propterea
436 4503 581 4558 ducti
630 4510 756 4557 sunt
784 4501 841 4557 in
868 4500 1259 4571 captivitatem,
1287 4500 1412 4569 quia
1446 4514 1553 4555 non
1584 4494 1683 4555 ba-

56 4599 338 4677 lbuerunt
386 4594 671 4650 scientiam
716 4590 836 4651 Filii
867 4591 1000 4655 Dei,
1035 4591 1247 4647 dicente
1297 4590 1414 4658 ipso
1455 4590 1523 4645 ad
1549 4604 1684 4644 eos:

1790 4410 1847 4463 in
1894 4407 2161 4462 Zacharia
2207 4404 2402 4478 (Zach.
2457 4406 2545 4479 v),
2584 4406 2913 4475 impietatem
2967 4407 3158 4463 sedere
3208 4423 3371 4476 super

1792 4499 2056 4557 talentum
2085 4496 2310 4567 plumbi.
2358 4498 2620 4553 Dicuntur
2653 4507 2833 4551 autem
2862 4497 2977 4553 haec
3001 4496 3067 4552 ad
3102 4498 3372 4569 principes

1790 4590 2121 4655 Judaaorum,
2165 4589 2256 4660 qui
2285 4605 2447 4661 supra
2478 4589 2654 4662 arguti
2687 4598 2814 4645 sunt
2847 4589 2903 4644 in
2933 4591 3161 4645 avaritia
3208 4598 3372 4660 atque

90 4706 117 4739 ι
156 4685 272 4740 Nec
293 4700 380 4741 me
407 4684 579 4749 scitis,
605 4697 706 4739 nec
730 4697 852 4736 eum
880 4680 972 4750 qui
999 4695 1086 4737 me
1113 4681 1265 4736 misit
1286 4679 1468 4751 (Joan.
1495 4678 1636 4752 Vill).
1661 4700 1681 4733 ι
1714 4729 1766 4753 ἢ
1792 4680 2036 4747 luxuria,
2079 4680 2222 4751 quod
2251 4681 2525 4750 provocati
2552 4696 2581 4735 a
2613 4680 2843 4736 Domino
2878 4680 2946 4735 ad
2997 4682 3370 4753 paenitentiam

1714 4729 1767 4789 D

80 4776 354 4833 Infernae
399 4784 579 4833 autem
622 4773 823 4828 habere
864 4772 1103 4829 animam
1146 4771 1364 4837 dicitur,
1406 4787 1513 4828 non
1541 4773 1685 4845 quod
1714 4770 1765 4789 "
1793 4782 1850 4828 et
1895 4780 2082 4844 postca
2130 4772 2199 4828 ab
2241 4770 2498 4842 apostolis
2536 4770 2673 4841 ejus,
2704 4780 2762 4827 et
2798 4787 2968 4841 usque
2998 4773 3159 4828 hodie
3190 4788 3371 4845 perse-

81 4869 308 4927 animal
325 4870 416 4933 sit,
432 4869 585 4938 juxta
601 4881 841 4923 errorem
862 4865 1219 4935 quorumdam
1245 4884 1258 4920 :
1277 4865 1370 4921 sed
1396 4865 1541 4936 quod
1568 4880 1687 4921 ver-

84 4964 192 5021 bis
204 4963 456 5016 humana:
473 4956 876 5016 consuetudinis
898 4970 1080 5013 rerum
1094 4956 1484 5013 insensibilium
1501 4959 1681 5027 expri-

1793 4875 1986 4922 verant
2021 4867 2078 4922 in
2102 4867 2484 4937 blasphemiis,
2515 4874 2570 4922 et
2596 4874 2723 4921 tunc
2749 4881 2848 4938 per
2887 4868 3127 4939 singulos
3174 4869 3290 4926 dies
3318 4868 3376 4924 in

1793 4958 2045 5014 omnibus
2078 4958 2366 5031 synagogis
2406 4957 2508 5013 sub
2544 4958 2762 5014 nomine
2789 4956 3203 5015 Nazarzenorum
3245 4974 3376 5015 ana-

86 5069 323 5110 mamus
345 5050 618 5112 affectum.
648 5050 793 5118 quod
834 5048 1153 5105 insatiabilis
1189 5050 1270 5104 .sit
1320 5057 1375 5105 et
1413 5065 1687 5122 nunquam
1797 5052 2222 5107 thematizabant
2257 5049 2578 5107 vocabulum
2616 5050 3006 5107 Christianum.
3059 5051 3154 5105 Est
3192 5058 3374 5105 autem

88 5153 448 5215 mortuorum
474 5139 816 5197 multitudine
847 5138 1201 5208 compleatur.
1232 5139 1505 5209 Quidquid
1557 5156 1686 5199 vero
1799 5160 1989 5200 sensus
2015 5159 2031 5200 :
2061 5145 2154 5201 Vae
2176 5144 2331 5200 vobis
2384 5144 2475 5214 qui
2520 5145 2724 5215 putatis
2774 5145 2914 5201 diem
2938 5144 3126 5214 judicii
3153 5158 3261 5199 non
3291 5142 3375 5199 fu-

89 5240 175 5296 de
210 5237 409 5307 populo
452 5235 779 5291 lodazorutn-
811 5233 1079 5299 diximus.
1116 5233 1447 5304 tropologice
1493 5232 1688 5291 referri
1793 5246 1995 5301 turum,
2042 5236 2126 5291 vel
2154 5251 2262 5295 non
2297 5245 2576 5292 venturam
2603 5237 2997 5309 captivitatem,
3035 5250 3197 5307 quam
3249 5249 3377 5306 pro-

91 5329 387 5402 potestati
412 5340 507 5383 sua
534 5327 628 5396 qui
648 5325 829 5384 seaculi
871 5325 1079 5385 deliciis
1100 5325 1367 5396 occupati,
1392 5339 1495 5381 nec
1514 5325 1687 5395 respi-

89 5424 321 5479 cientes
341 5430 506 5491 opera
532 5417 761 5479 Domini,
789 5418 986 5487 captivi
1011 5419 1277 5475 ducuntur
1310 5419 1363 5474 in
1389 5426 1687 5488 peccatum,

1791 5327 2041 5398 pbcticus
2065 5340 2244 5382 sermo
2272 5327 2536 5397 przedicit.
2564 5328 2673 5384 Vos
2705 5328 2849 5382 enim
2902 5326 3031 5379 estis
3059 5324 3152 5394 qui
3196 5323 3377 5379 dicitis

1794 5420 1863 5474 ad
1884 5418 2200 5490 prophetam
2218 5436 2232 5471 :
2252 5416 2545 5489 Usquequo
2566 5418 2793 5475 minaris
2813 5414 2967 5471 nobis
2982 5413 3077 5470 Dei
3093 5415 3263 5469 iram?
3277 5414 3378 5470 νος

90 5522 161 5571 et
204 5527 316 5567 non
357 5512 559 5567 habent
584 5508 867 5565 scientiam
891 5508 1019 5574 Dei,
1043 5508 1323 5565 etidcirco
1344 5508 1483 5563 fame
1521 5516 1575 5564 et
1600 5509 1693 5564 siti
1793 5510 1972 5566 lumus
2010 5512 2150 5567 scire
2191 5512 2236 5567 si
2258 5509 2371 5581 iam
2417 5529 2582 5584 pr0pe
2613 5520 2780 5566 estut
2813 5508 3014 5563 veniat.
3044 5508 3157 5562 Hoc
3194 5517 3377 5562 autem

87 5604 364 5674 pereunt,
399 5600 909 5668 bonorumoperum
935 5597 1148 5663 scilicet
1174 5605 1338 5667 atque
1380 5598 1639 5655 virtutum
1672 5617 1688 5654 :

89 5701 159 5748 et
207 5690 566 5746 detrahentur
611 5692 666 5745 in
708 5691 1041 5761 gehennam.
1065 5690 1248 5759 ibique
1271 5692 1493 5758 mternis,
1532 5693 1693 5762 depu-

1794 5616 1891 5672 per
1919 5602 2180 5656 ironicam
2208 5602 2714 5657 sermocinationem
2743 5597 3035 5669 loquuntur
3052 5638 3068 5663 ,
3091 5596 3234 5667 quod
3253 5606 3379 5651 eam

1797 5706 1904 5747 non
1939 5700 2128 5763 putent
2166 5707 2285 5749 esse
2318 5700 2620 5754 venturam,
2665 5689 2760 5746 sed
2786 5688 3092 5745 simulatum
3120 5702 3241 5743 esse
3276 5687 3380 5743 hoc
3491 5700 3538 5757 _'

95 5783 209 5841 tati
237 5784 504 5839 incendiis
530 5783 827 5855 potentiam
856 5798 1011 5839 suam
1032 5791 1091 5843 et
1109 5783 1418 5854 superbiam
1449 5785 1503 5840 in
1537 5787 1698 5841 mise-
1798 5786 2023 5842 verbum
2045 5801 2077 5841 a
2107 5787 2390 5858 propheta.

96 5878 253 5933 riam
275 5883 331 5931 et
356 5875 720 5931 humilitatem
745 5882 973 5931 cernent
996 5875 1214 5932 mutari.

184 5988 204 6020 ς
242 5969 312 6024 Et
348 5968 670 6026 exaltabitur
708 5966 969 6027 Dominus
993 5968 1327 6047 exercituum
1374 5970 1430 6027 in
1466 5967 1694 6040 judicio,

1875 5895 1892 5929 ι
1927 5875 2020 5934 Var.
2046 5876 2141 5950 qui
2181 5876 2363 5933 dicitis
2407 5876 2606 5932 malum
2642 5876 2844 5932 bonum
2870 5915 2885 5940 ,
2926 5882 2983 5932 et
3025 5875 3225 5930 bonum
3266 5886 3382 5928 ma-

1801 5976 1946 6045 lum,
1996 5982 2259 6045 ponentes
2296 5972 2548 6030 tenebras
2594 5973 2790 6042 lucem,
2817 5980 2874 6030 et
2900 5971 3075 6028 lucem
3105 5970 3378 6035 tenebras,
