3918 6490
608 505 701 560 751
1063 497 1418 557 HAYMONIS
1457 494 1932 554 HALBERSTAT.
1974 491 2190 550 EPISC.
2229 491 2378 550 OPP.
2420 489 2600 546 PARS
2631 486 2780 543 l.‘--
2815 484 3166 545 COMMENT.
3203 482 3372 541 BIBL.
3753 484 3822 538 751

596 623 860 691 ponentes
897 630 1142 671 amarum
1176 617 1232 671 in
1261 614 1434 680 dulce,
1467 621 1523 668 et
1545 612 1700 668 dulce
1744 611 1800 665 in
1845 624 2108 664 amarum.
2156 627 2174 660 ι
2208 613 2264 674 Α
2285 614 2415 671 tem,
2447 602 2752 673 justiﬁcans
2773 600 2995 672 impium
3027 614 3138 690 pro.
3155 595 3500 663 muneribus,
3532 603 3594 652 et
3617 610 3716 652 non
3735 613 3819 652 caa-

597 709 656 763 ld
686 716 791 773 est,
819 706 1062 778 ejusdem
1087 704 1331 760 criminis
1354 713 1439 760 est
1473 705 1696 768 bonum,
1723 701 1901 758 lucem
1939 709 1995 756 et
2027 699 2185 755 dulce

599 799 892 858 contrariis
917 813 1112 855 vocare
1140 797 1472 863 nominibus,
1495 797 1649 866 cujus
1674 795 1878 851 malum
1907 793 2182 859 tenebras,

600 903 656 948 et
707 908 949 949 amarum
995 891 1258 948 vocabulo
1317 889 1587 961 appellare
1639 889 1919 944 virtutum.
1966 887 2036 942 Et
2083 886 2185 940 hoc

600 991 792 1040 contra
815 996 910 1039 eos
934 982 1154 1049 dicitur,
1179 981 1271 1051 qui
1299 987 1581 1052 peccatum
1609 995 1720 1035 non
1754 986 1948 1050 putant
1970 978 2018 1033 si
2042 978 2184 1033 bono

601 1075 910 1140 detrahant,
954 1081 1010 1131 et
1057 1088 1166 1129 non
1204 1073 1475 1128 aestimant
1514 1085 1634 1128 esse
1667 1070 1923 1126 delictum
1971 1068 2017 1124 si
2063 1068 2180 1121 lau-
2214 1074 2216 1076 '

600 1169 850 1226 daverint
893 1167 1116 1223 malum.
1145 1167 1361 1222 Ponunt
1404 1173 1584 1221 autem
1614 1163 1784 1220 Judaei
1837 1163 2039 1218 bonum
2068 1175 2184 1214 nia—

596 1259 732 1326 lum,
769 1267 826 1316 et
852 1260 1027 1315 lucem
1073 1257 1362 1321 tenebras,
1409 1265 1466 1312 et
1497 1254 1652 1311 dulce
1710 1267 1976 1317 amarum,
2009 1251 2180 1306 susci-

595 1350 810 1421 pientes
822 1349 1117 1406 Barrabam
1137 1347 1407 1404 latrocinii
1431 1355 1486 1402 et
1511 1344 1788 1402 seditionis
1811 1352 2107 1410 auctorem,
2130 1351 2187 1399 et

599 1439 984 1513 cruciﬁgentes
1013 1439 1199 1497 Iesum
1231 1438 1444 1511 (Matth.
1477 1437 1648 1509 xxvu)
1669 1477 1684 1504 ,
1707 1437 1796 1506 qui
1825 1451 1933 1491 non
1963 1441 2186 1490 venerat

598 1535 706 1590 nisi
733 1534 802 1590 ad
831 1537 970 1590 'oves
992 1533 1235 1603 perditas
1263 1532 1454 1586 domus
1481 1529 1666 1595 Israel,
1693 1537 1755 1585 ut
1778 1528 2013 1584 salvaret
2043 1527 2187 1598 quod

597 1626 837 1695 perierat
890 1624 1105 1696 (Matth.
1138 1623 1251 1695 xv).
1296 1622 1483 1678 Sedet
1515 1621 1629 1677 hoc
1653 1613 1940 1692 possumus
1982 1619 2182 1686 dicere,

599 1717 745 1786 quod
771 1717 954 1773 omnia
981 1717 1234 1788 dogmata
1258 1714 1478 1769 veritati
1521 1712 1797 1768 contraria
1841 1727 2025 1766 amara
2054 1710 2181 1776 sint,
2212 1728 2215 1730 ’

599 1817 655 1864 et
682 1808 797 1864 sola
852 1815 936 1864 est
975 1807 1147 1863 dulcis
1189 1808 1411 1863 veritas.
1466 1805 1620 1862 Unde
1671 1807 1968 1861 cavendum
2004 1814 2088 1859 est
2118 1819 2186 1859 ne

595 1921 698 1974 pro
720 1904 946 1960 veritate
968 1919 1261 1973 sequamur
1285 1901 1646 1966 mendacium,
1668 1915 1841 1970 neque
1865 1915 1965 1971 pro
1984 1899 2186 1954 lumine

2284 710 2404 764 sas,
2438 697 2535 753 sed
2567 696 2710 753 dona
2756 684 3138 760 considerans,
3173 705 3294 761 quae
3339 695 3624 745 excaacant
3665 690 3811 754 ocuh,

2284 789 2450 846 etiam
2477 786 2824 858 sapientium.
2859 784 3015 841 Unde
3044 781 3346 839 cavendum
3383 786 3498 846 est,
3541 793 3612 834 ne
3635 777 3810 833 inebrie-

2258 896 2408 937 -mur
2457 880 2604 947 vino,
2633 880 2689 934 in
2719 892 2827 949 quo
2855 885 2940 934 est
2978 875 3192 931 luxuria
3222 872 3411 946 (Ephe.
3439 873 3499 943 v)
3520 911 3538 937 ,
3564 880 3621 926 et
3643 871 3809 926 nudetur

2283 972 2488 1029 femina
2535 970 2885 1042 turpitudinis
2932 976 3132 1026 nostra:
3154 1006 3170 1033 ,
3219 975 3276 1022 et
3315 962 3611 1020 adulemur
3652 962 3807 1032 impium

2284 1079 2384 1136 pro
2411 1064 2749 1131 muneribus,
2789 1070 2845 1119 et
2880 1061 3150 1134 justitiam
3173 1058 3307 1130 justi
3330 1073 3436 1128 pro
3487 1055 3663 1128 inopia
3694 1056 3804 1125 ὼςρὲ

2284 1157 2515 1214 ciamus.
2556 1155 2713 1223 Quod
2743 1164 2800 1211 et
2845 1155 2903 1209 in
2928 1151 3169 1224 Epistula
3215 1147 3408 1205 Jacobi
3434 1146 3800 1218 principium:

2284 1248 2618 1306 honorantes
2657 1247 2852 1323 impios
2901 1245 3117 1310 divites,
3161 1250 3220 1300 et
3270 1240 3638 1312 despicientes
3657 1245 3795 1295 sanata

2285 1355 2574 1414 pauperes,
2609 1340 2804 1396 ﬁamus
2822 1337 3034 1408 judices
3064 1335 3387 1407 iniquitatis.

2363 1475 2382 1508 t
2414 1456 2646 1526 Propter
2673 1455 2780 1511 hoc
2803 1453 2945 1510 sicut
2969 1451 3198 1508 devorat
3222 1448 3490 1522 stipulam
3517 1446 3680 1516 lingua

2289 1555 2522 1613 et'calor
2549 1535 2781 1611 ﬂamma:
2810 1554 2992 1610 exurit
3022 1571 3034 1607 :
3067 1553 3148 1609 sic
3171 1552 3328 1608 radix
3369 1566 3573 1607 eorum
3598 1550 3718 1620 quasi
3745 1549 3784 1600 Ir

2286 1661 2434 1728 villa,
2462 1668 2518 1715 et
2548 1674 2771 1731 germen
2797 1673 2986 1714 eorum
3027 1664 3087 1712 ut
3120 1656 3298 1728 pulvis
3339 1655 3618 1712 ascendet.
3643 1654 3779 1721 Abiens
3844 1661 3845 1704 1

2285 1771 2416 1819 runt
2458 1763 2604 1820 enim
2630 1762 2804 1834 legem
2833 1761 3050 1818 Domini
3077 1761 3427 1817 exercituum
3445 1800 3461 1826 ,
3493 1768 3550 1814 et
3579 1772 3774 1814 seruias:

2287 1868 2461 1924 sancti
2516 1867 2684 1923 Israel
2737 1866 3286 1937 hlasphemaverunt;
3321 1883 3340 1916 ι
3398 1863 3462 1919 id
3508 1871 3612 1929 est,
3648 1873 3772 1932 prata!

600 1999 867 2053 tenebras.
895 1997 1074 2051 Multae
1096 1997 1240 2050 enim
1280 2003 1405 2050 sunt
1428 1994 1529 2074 viae
1573 2009 1690 2062 qua:
1717 1959 1968 2048 videntur
2010 1992 2184 2047 homi-
2212 1977 2260 2037 Β
2288 1965 2602 2074 “Perimes
2627 1981 2821 2074 fans“
2847 1963 3113 2034 superbiai
3137 1971 3194 2019 θι
3222 1963 3519 2074 africum
3543 1969 3594 2019 εἴ
3615 1959 3766 2068 "alia

598 2089 760 2144 nibus
788 2080 952 2142 recta:
978 2081 1161 2155 (Prov.
1193 2085 1325 2156 xxv),
1349 2094 1406 2140 et
1439 2083 1731 2140 novissima
1759 2099 1944 2140 eorum
1985 2097 2178 2153 perve-

599 2181 759 2235 niunt
808 2180 862 2234 in
912 2178 1234 2250 profundunt
1298 2177 1513 2232 inferni.
1570 2177 1657 2242 Et,
1688 2184 1747 2230 ut
1803 2172 1993 2246 loquar
2039 2177 2183 2246 quod

599 2271 806 2335 sentio,
835 2269 1051 2325 dillicile
1097 2270 1200 2324 hoc
1246 2267 1534 2324 maledicto
1562 2257 1684 2338 quis
1733 2283 1922 2324 carere
1975 2276 2181 2338 potest,

596 2378 720 2416 cum
749 2369 808 2416 et
846 2360 1002 2415 malis
1035 2359 1346 2430 frequenter
1393 2359 1677 2416 adulemur
1720 2368 1943 2431 propter
1989 2367 2183 2431 poten-

594 2452 750 2517 tiam,
775 2458 829 2506 et
849 2451 1018 2506 bonos
1041 2451 1404 2520 despiciemus
1424 2459 1644 2522 propter
1672 2451 1928 2522 inopiam.
1956 2452 2014 2505 ln
2040 2429 2185 2506 hunc

595 2559 814 2599 sensum
857 2543 1104 2614 congruit
1131 2541 1260 2597 illud
1292 2544 1438 2613 quod
1473 2541 1729 2598 Salomon
1774 2543 1828 2596 in
1873 2541 2183 2598 Proverbiis

592 2628 864 2706 loquitur:
896 2655 915 2688 ‹
951 2635 1055 2703 Qui
1083 2635 1345 2704 justiticat
1371 2637 1615 2706 impium,
1647 2645 1703 2691 et
1736 2637 1829 2707 qui
1860 2637 2184 2692 condemnat

587 2725 816 2796 justum,
847 2728 1226 2784 abominabilis
1252 2735 1335 2783 est
1362 2735 1589 2797 uterque
1615 2727 1756 2797 apud
1786 2727 1955 2782 Deum
1995 2726 2180 2798 (Prov.

592 2819 754 2891 xvu).
786 2839 806 2872 ›
836 2819 1038 2875 Scribae
1065 2834 1279 2890 quoque
1312 2828 1368 2874 et
1392 2817 1651 2874 Pharisaei
1673 2820 1840 2875 verba
1883 2817 2185 2874 Salvatoris

597 2924 707 2964 non
753 2909 1097 2980 recipientes,
1145 2910 1238 2964 sed
1265 2909 1583 2964 traditiones
1609 2909 1914 2977 hominum,
1964 2919 2019 2964 et
2069 2909 2183 2963 ina-

596 3015 696 3057 nes
749 3001 988 3068 fabulas',
1039 3001 1284 3056 fecerunt
1335 3001 1539 3056 bonum
1594 3001 1816 3067 malum,
1869 3009 1923 3054 et
1980 3000 2182 3056 malum

596 3093 820 3149 bonum.
923 3130 926 3132 η
1790 3076 1792 3078 ’

673 3207 692 3240 t
733 3188 827 3242 Vae
867 3187 959 3256 qui
991 3185 1262 3256 sapientes
1303 3184 1435 3240 estis
1477 3184 1532 3239 in
1557 3182 1728 3240 oculis
1757 3184 1979 3252 vestris,
2007 3191 2063 3239 et
2091 3199 2184 3240 co-

597 3295 715 3334 ram
778 3277 1174 3354 vohismetipsis
1214 3277 1524 3346 prudentes.
1569 3295 1587 3328 )
1654 3276 1712 3332 ld
1754 3283 1860 3344 est,
1887 3278 1980 3346 qui
2034 3277 2184 3332 vobis

596 3370 730 3440 ipsis
759 3367 979 3440 (inquit)
1027 3366 1290 3423 videmini
1333 3382 1457 3422 esse
1505 3366 1798 3436 sapientes,
1828 3368 1918 3436 qui
1953 3367 2185 3437 pruden-

597 3461 733 3515 tiam
764 3466 876 3515 non
900 3460 995 3514 Dei
1041 3459 1352 3529 sequimini,
1395 3460 1491 3515 sed
1525 3460 1824 3526 hominum,
1853 3468 1908 3515 et
1951 3460 2044 3530 qui
2077 3475 2185 3515 non

598 3551 841 3623 recipitis
867 3551 965 3606 Dei
996 3551 1249 3606 virtutem
1274 3551 1477 3621 Deique
1503 3551 1844 3621 sapientiam,
1869 3559 1924 3606 et
1963 3551 2055 3620 qui
2081 3566 2183 3622 pu-

597 3649 729 3705 tatis
755 3664 853 3706 vos
878 3663 998 3705 esse
1019 3625 1292 3719 sapien'tes
1319 3649 1368 3720 (Ι
1403 3649 1526 3704 Cor.
1558 3650 1619 3721 ι).

677 3763 695 3795 ι
731 3741 824 3798 Vae
851 3743 944 3814 qui
999 3751 1249 3814 potentes
1292 3743 1425 3797 estis
1463 3742 1532 3798 ad
1575 3741 1870 3798 bibendum
1899 3743 2105 3810 vinum,
2133 3752 2188 3798 et

596 3834 700 3889 viri
729 3835 899 3890 fortes
943 3835 1012 3890 ad
1056 3832 1390 3889 miscendam
1439 3833 1776 3889 ebrietatem.
1813 3851 1832 3884 ι
1865 3832 1923 3888 ld
1947 3842 2050 3900 est,
2081 3832 2186 3888 illis

598 3926 796 3996 quibus
825 3941 988 3995 supra
1019 3926 1232 3980 dixerat
1271 3943 1282 3977 :
1316 3925 1408 3980 Va:
1454 3924 1546 3993 qui
1579 3923 1904 3994 consurgitis
1932 3939 2092 3979 mane
2120 3923 2189 3978 ad

598 4017 917 4073 ebrietatem
967 4014 1302 4081 sectandam,
1347 4026 1402 4069 et
1443 4016 1739 4085 potandum
1783 4028 1956 4084 usque
1984 4017 2053 4068 ad
2091 4029 2188 4068 ve-

600 4122 840 4178 sperum,
873 4113 934 4160 ut
961 4105 1086 4160 vino
1115 4104 1374 4160 instuetis.
1412 4102 1502 4158 Vae
1527 4105 1613 4160 his
1643 4104 1807 4158 etiam
1837 4119 1982 4158 nunc
2012 4103 2188 4174 loqui-

601 4213 720 4270 tur,
751 4203 844 4273 qui
876 4208 1124 4272 potentes
1160 4208 1288 4256 sunt
1321 4199 1390 4254 ad
1428 4198 1721 4255 bibendum
1761 4199 1945 4253 vinum
1965 4238 1979 4266 ,
2005 4207 2060 4253 et
2087 4198 2190 4252 viri

603 4296 771 4353 fortes
800 4297 868 4350 ad
914 4294 1250 4350 miscendam
1297 4292 1544 4356 siceram,
1589 4291 1682 4362 qui
1708 4290 2016 4346 inebrietati
2064 4289 2191 4345 vino

603 4387 856 4447 draconis
880 4397 936 4443 et
973 4402 1181 4444 veneno
1208 4386 1455 4457 aspidum
1483 4383 1805 4450 insanabili,
1831 4384 2061 4438 virtutes
2088 4382 2194 4438 Do-

601 4486 735 4543 mini
764 4483 1251 4547 calumniabantur,
1286 4489 1341 4534 et
1376 4479 1478 4549 ipsi
1524 4477 1658 4533 ebrii
1706 4476 2050 4532 inebriabant
2101 4489 2192 4544 po-

601 4579 777 4650 pulos,
802 4587 863 4632 ut
887 4576 1006 4648 pari
1029 4575 1212 4630 furore
1233 4573 1583 4636 bacchantes,
1607 4570 1869 4625 adversus
1899 4567 2190 4623 Dominum

603 4629 1027 4730 cunelamaient.
1054 4669 1197 4723 Inter
1227 4667 1414 4722 vinum
1455 4671 1510 4718 ct
1540 4663 1769 4718 siceram
1802 4661 1958 4730 juxta
1989 4676 2188 4732 anago-
2216 4685 2268 4746 ι)
2296 4667 2398 4715 est.
2434 4678 2453 4710 ι
2621 4672 2642 4705 ι
2676 4655 2858 4708 nonne
2879 4650 2970 4706 hic
2995 4657 3080 4706 est
3107 4646 3250 4746 ﬁlius
3290 4644 3478 4701 fabri?
3499 4662 3517 4694 ι
3539 4638 3696 4735 Idcirco

604 4780 706 4836 gen
734 4765 837 4818 hoc
871 4761 1106 4817 arbitror
1135 4773 1287 4823 esse,
1317 4755 1461 4827 quod
1487 4755 1671 4810 vinum
1717 4767 1824 4808 una
1870 4768 1902 4807 e
1945 4752 2186 4823 pluribus

601 4855 936 4928 perturbatio
985 4864 1068 4909 est
1109 4871 1121 4906 :
1163 4851 1312 4906 verbi
1365 4848 1568 4920 gratia,
1618 4846 1885 4910 libidinis,
1919 4843 2185 4910 avaritiae,

602 4949 739 5022 gulae
767 4957 823 5005 et
846 4946 1080 5004 invidiae.
1111 4943 1295 5000 Sicera
1326 4951 1506 4998 autem
1533 4982 1547 5009 ,
1575 4941 1631 4996 id
1665 4947 1748 4996 est
1777 4938 2034 5004 ebrietas,
2073 4953 2188 4992 om-

603 5058 700 5098 nes
733 5041 789 5097 in
817 5055 877 5098 se
905 5038 1162 5095 vitiorum
1190 5037 1430 5092 continet
1459 5034 1757 5104 passiones.
1801 5029 1948 5097 Quas
1990 5030 2188 5085 rectius

601 5135 797 5190 Latino
846 5148 1094 5190 sermone
1144 5128 1578 5201 perturbationes
1639 5138 1929 5196 possumus
1983 5122 2183 5187 dicere,

605 5227 748 5299 quod
771 5235 971 5283 statum
993 5223 1188 5280 mentis
1215 5228 1481 5287 evertant,
1511 5229 1564 5274 et
1589 5219 1768 5274 ebrios
1793 5231 1901 5272 reos
1927 5213 2182 5279 elliciant,

602 5329 656 5374 et
685 5318 890 5373 faciant
915 5331 1008 5373 eos
1059 5314 1271 5370 nescire
1313 5311 1443 5382 quid
1477 5318 1656 5380 agant.
1706 5307 2025 5377 Quicunque
2057 5321 2186 5376 ergo

603 5417 832 5482 possunt
854 5407 1103 5471 multum,
1127 5405 1525 5460 debentcarcre
1549 5400 1716 5466 vitiis,
1743 5406 1797 5452 et
1818 5397 2052 5452 maxime
2082 5397 2183 5462 ira,

606 5520 725 5574 quae
751 5501 950 5557 furoris
979 5513 1136 5554 soror
1163 5505 1267 5563 est,
1294 5511 1362 5552 ne
1381 5499 1584 5565 quanto
1611 5492 1730 5561 plus
1753 5497 1998 5562 possunt,
2037 5495 2184 5542 tanto

607 5597 838 5670 amplius
867 5583 1126 5663 subjectis
1152 5598 1399 5647 noceant.

683 5711 702 5743 ι
737 5689 839 5758 Qui
871 5685 1179 5757 justiﬁcatis
1209 5683 1431 5752 impium
1461 5695 1560 5752 pro
1586 5677 1920 5742 muneribus,
1953 5682 2006 5731 et
2028 5674 2186 5745 justi-

610 5781 743 5838 tiam
767 5779 896 5848 justi
950 5771 1175 5831 aufe'rtis
1206 5773 1270 5828 ab
1317 5788 1399 5828 co.
1441 5794 1457 5824 ›
1496 5771 1561 5824 Et
1588 5770 1706 5823 haec
1751 5780 1878 5837 pars
1930 5764 2187 5818 vitiorum

612 5881 696 5930 est
729 5871 916 5934 vincas,
952 5885 1068 5937 qum
1115 5883 1211 5936 pro
1243 5865 1360 5919 uvis
1405 5863 1532 5918 fecit
1582 5861 1882 5920 labruscas,
1913 5864 1967 5909 ct
1996 5869 2187 5923 exspe-

613 5975 793 6022 ctante
841 5964 1065 6020 Domino
1117 5970 1171 6015 ut
1205 5963 1401 6013 ilict-tet
1447 5956 1728 6028 judicium,
1766 5950 1890 6007 fecit
1943 5947 2189 6017 iniquita-

2287 2067 2413 2136 quia
2438 2081 2538 2136 pro
2558 2066 2679 2121 uvis
2702 2066 3002 2120 attulerunt
3028 2065 3229 2134 spinas,
3263 2062 3485 2129 fenum,
3527 2063 3660 2134 ligna,
3675 2060 3764 2127 εῐὶῑεο
3844 2045 3845 2116 i

2285 2158 2414 2225 lam,
2443 2171 2770 2227 arsurasque
2804 2171 3030 2226 vepres,
3064 2156 3187 2210 ideo
3230 2154 3395 2210 radix
3447 2152 3641 2208 malitia
3660 2165 3760 2204 eam
3844 2143 3845 2152 “

2287 2248 2564 2318 redigetur
2584 2247 2642 2301 in
2667 2245 2932 2312 favillam,
2958 2253 3015 2300 et
3043 2245 3222 2301 omnis
3253 2242 3353 2299 ﬂos
3387 2237 3758 2314 superbiaeipcl-

2286 2341 2538 2397 chritudo
2581 2339 2895 2394 divitiarum
2941 2346 2997 2394 et
3040 2337 3280 2408 corporis
3331 2336 3554 2406 pulveri
3594 2344 3754 2399 comam

2284 2433 2450 2489 bitur.
2478 2431 2596 2486 Non
2615 2431 2763 2486 enim
2789 2430 2963 2487 solum
2984 2430 3090 2486 ista
3123 2430 3394 2496 fecerunt,
3432 2429 3528 2487 sed
3567 2428 3619 2483 his
3645 2420 3742 2493 ςηάῖσ

2286 2526 2388 2581 bus
2430 2534 2797 2596 pervenerunt
2844 2525 2913 2581 ad
2949 2523 3344 2594 blasphemiam
3396 2540 3417 2577 :
3472 2531 3531 2578 ut
3567 2515 3737 2589 ligni»

2287 2617 2420 2672 mini
2445 2633 2554 2673 non
2584 2625 2644 2672 ut
2684 2617 2855 2689 legem
2891 2616 3104 2672 Domini
3137 2616 3474 2686 reciperent,
3516 2625 3564 2670 et
3589 2620 3750 2667 sum

2288 2710 2461 2765 sancti
2489 2709 2656 2765 Israel
2714 2709 3172 2779 hlasphemarent.
3204 2707 3281 2761 De
3309 2705 3515 2776 quibus
3539 2700 3752 2759 senmibas

2287 2816 2448 2871 supra
2498 2800 2727 2872 legimus
2757 2814 2771 2854 :
2802 2800 2879 2854 De
2907 2798 3038 2854 Sion
3085 2797 3406 2867 egredietur
3427 2798 3526 2862 lex,
3550 2806 3592 2852 et
3622 2791 3752 2846 vetitas

2287 2892 2503 2948 Domini
2545 2892 2614 2947 de
2661 2890 3018 2946 Hierusalem.
3070 2889 3258 2944 Potest
3285 2900 3472 2945 autem
3511 2898 3558 2943 et
3594 2884 3697 2939 radix
3726 2880 3753 2931 is

2286 2984 2445 3040 malis
2491 2982 2910 3054 cogitationibus
2949 2980 3122 3051 accipi
3148 3021 3163 3046 ,
3190 2979 3407 3035 fructus
3435 2989 3588 3034 autem
3611 2973 3671 3027 νει
3689 2984 3757 3040 ἔθ’

2286 3088 2411 3129 men
2442 3073 2498 3128 in
2526 3072 2686 3128 malis
2711 3072 2968 3143 operibus
2993 3080 3157 3141 atque
3180 3070 3527 3134 sermonibus,
3551 3075 3596 3122 ut
3613 3061 3756 3136 quodit

2287 3167 2470 3244 radice
2499 3166 2651 3233 latet,
2679 3171 3017 3221 monstretur
3048 3164 3102 3218 in
3126 3162 3393 3234 germine.

2365 3297 2384 3331 ι
2426 3277 2552 3333 Ideo
2574 3278 2745 3332 iratus
2781 3283 2867 3333 est
2899 3274 3050 3330 furor
3075 3273 3292 3329 Domini
3319 3273 3370 3327 in
3393 3269 3594 3340 populum
3617 3277 3755 3322 suum,

2289 3377 2344 3426 et
2377 3367 2622 3425 extendit
2665 3382 2886 3423 manum
2924 3381 3078 3421 suam
3123 3379 3287 3434 super
3317 3377 3438 3425 ann,
3470 3365 3514 3412 et
3544 3350 3750 3424 percussit

2289 3476 2413 3516 eum
2448 3478 2460 3512 :
2488 3467 2544 3516 et
2567 3457 2876 3515 conturbati
2908 3465 3034 3513 sunt
3063 3464 3297 3521 montes,
3325 3464 3376 3510 et
3396 3453 3511 3507 iacta
3526 3454 3628 3502 sunt
3642 3455 3756 3497 mor-

2290 3553 2455 3608 ticina
2487 3567 2677 3608 eorum
2713 3549 2871 3620 quasi
2907 3557 3118 3605 stercus
3157 3547 3214 3602 in
3245 3544 3420 3601 medio
3451 3529 3754 3613 platearum.la

2289 3645 2540 3701 omnibus
2572 3644 2661 3699 his
2695 3657 2804 3698 non
2843 3648 2929 3697 est
2962 3653 3186 3696 aversus
3214 3636 3368 3692 furor
3395 3633 3518 3703 ejus,
3549 3627 3627 3684 sed
3649 3623 3748 3678 adis:

2291 3753 2486 3794 manus
2531 3735 2648 3806 ejus
2689 3742 2928 3792 extenta.
2980 3753 3000 3786 ι
3035 3730 3302 3799 Quoniam
3351 3729 3625 3800 abjeeeruut
3650 3718 3752 3785 Ιεςεε·

2290 3830 2504 3886 Domini
2550 3827 2890 3884 exercituum
2917 3866 2932 3890 ,
2971 3838 3136 3894 quam
3179 3837 3240 3878 se
3288 3822 3534 3876 daturum
3564 3828 3637 3885 per
3668 3807 3756 3861 lett-

2291 3921 2459 3975 miam
2512 3917 2772 3974 Dominus
2819 3907 3108 3986 pellicetur
3147 3912 3366 3968 dicens:
3404 3930 3423 3962 t
3458 3908 3580 3963 Ecce
3609 3901 3756 3956 diaste-

2292 4013 2469 4079 niunt,
2519 4009 2650 4065 dicit
2691 4008 2985 4072 Dominus,
3023 4013 3080 4060 et
3129 4004 3320 4059 feriam
3368 3999 3546 4058 domui
3583 3989 3696 4050 Israel
3729 3995 3758 4037 ei

2291 4103 2477 4161 domui
2517 4102 2655 4159 Juda
2701 4101 2876 4157 ftedus
2906 4113 3102 4154 novum
3133 4115 3147 4150 :
3183 4113 3293 4152 non
3329 4093 3609 4151 secundum
3629 4088 3755 4155 pacm

2295 4195 2440 4267 quod
2466 4193 2645 4265 pepigi
2673 4207 2798 4248 cum
2823 4188 3071 4262 patribus
3098 4201 3310 4252 eorum,
3334 4185 3398 4240 in
3438 4186 3521 4241 die
3541 4174 3757 4250 quando?“

2291 4289 2556 4363 prehendi
2597 4301 2818 4343 manum
2857 4299 3045 4341 eorum
3088 4289 3151 4336 ut
3189 4280 3484 4336 educerem
3509 4289 3593 4330 eos
3617 4270 3757 4363 ditem

2295 4354 2515 4454 IEgypti
2541 4378 2676 4452 (Jer.
2702 4375 2879 4447 xxxi).
2902 4394 2922 4427 ›
2948 4374 3016 4430 Et
3029 4384 3336 4429 sermonem
3362 4366 3536 4425 sancti
3547 4358 3674 4420 Israel
3686 4354 3761 4410 iis

2293 4473 2684 4542 phemavemm
2748 4467 2988 4522 δίθθηιθδ
3036 4462 3240 4534 (locu.
3299 4474 3446 4526 vrn;
3497 4453 3761 4542 Nattam:

2296 4539 2464 4617 litare.
2493 4567 2604 4633 vr):
2643 4579 2662 4612 ‹
2707 4557 3041 4614 Daemonium
3073 4554 3266 4619 habet,
3315 4571 3334 4604 ι
3365 4559 3425 4606 et
3456 4567 3476 4601 ι

2296 4761 2382 4806 tus
2428 4755 2512 4804 est
2539 4745 2691 4801 furor
2721 4742 2936 4800 D’omini
2969 4741 3023 4796 in
3061 4737 3320 4811 populum
3361 4749 3544 4797 suum,
3581 4725 3656 4799 qui
3687 4727 3767 4820 prii

2295 4843 2468 4896 iratus
2505 4838 2684 4894 fuerat
2713 4841 2901 4892 contra
2946 4830 3221 4903 principes
3261 4825 3318 4883 et
3347 4832 3615 4897 potentes.
3646 4820 3769 4904 qui}?
3844 4867 3845 4870 η

2295 4933 2506 5002 pientes
2528 4935 2685 4984 erant
2708 4927 2765 4981 in
2797 4898 2970 4980 oculis
2998 4898 3324 4977 suis.'lrasci
3352 4924 3541 4970 autem
3844 4941 3845 4952 ι

2298 4993 2405 5090 iur.
2435 5035 2546 5076 non
2573 5020 2716 5089 quod
2736 5015 2988 5073 humanis
3011 5005 3448 5090 perturbationis
3465 5001 3715 5090 subiace-1!:
3727 4993 3775 5078 εξ]

2296 5080 2440 5185 quod
2480 5080 2696 5181 nos-qui
2731 5080 3110 5176 delinquimus,
3150 5080 3258 5156 nisi
3283 5098 3610 5185 ίηεφηωιιι

2297 5174 2752 5266 ὦιιέῡοωίιῖιιω,
2779 5174 3208 5253 ηοιιῇῐίωθεωιιε
3225 5203 3371 5245 eum.
3401 5174 3783 5266 UudeetW

2294 5299 2378 5352 lus
2407 5294 2614 5359 scribit,
2647 5261 2790 5363 quod
2822 5309 2839 5341 ‹
2877 5286 3091 5344 bonitas
3115 5282 3211 5340 Dei
3241 5291 3298 5337 et
3323 5275 3592 5351 patientia
3616 5261 3785 5341 μντοαι

2296 5408 2394 5447 nos
2437 5389 2503 5444 ad
2532 5383 2912 5458 paenitentiam
2942 5378 3121 5453 (Rom.
3157 5378 3244 5446 ιι).
3279 5391 3297 5425 ι
3330 5369 3446 5426 Nos
3473 5375 3647 5458 autent

2296 5485 2420 5539 dum
2453 5453 2709 5535 duritiam
2737 5484 2793 5532 et
2821 5471 3166 5544 impmnitens
3192 5482 3287 5523 cor
3312 5471 3588 5524 nostrum.

2201 5581 2204 5584 ’
2295 5590 2482 5630 zamus
2515 5571 2671 5626 nobis
2714 5569 2855 5623 iram
2898 5564 2956 5620 in
2997 5562 3084 5618 die
3129 5559 3223 5616 irae
3258 5564 3316 5612 et
3355 5545 3689 5610 revelationis

2292 5663 2480 5734 judicii
2529 5661 2643 5716 Dei.
2685 5657 2817 5725 Quae
2855 5655 2928 5711 sit
2959 5659 3137 5708 autem
3180 5647 3369 5702 manus
3412 5655 3540 5714 qua!

2295 5718 2379 5810 i’el
2408 5754 2647 5809 elevatur
2681 5718 2844 5820 super
2883 5742 3136 5817 ροριιιιιιη
3175 5744 3546 5812 Ρθθοδίοπθων
3576 5718 3803 5820 Μίθρῃ

2297 5863 2438 5904 nono
2482 5845 2715 5916 loquitur
2750 5815 3117 5901 manifestius,
3175 5850 3192 5883 ι
3244 5829 3433 5885 Manus
3474 5824 3620 5881 enim

2301 5942 2473 6012 tetigit
2519 5913 2623 5996 mc.
2668 5958 2683 5986 ι
2745 5934 2891 5991 Unde
2933 5928 3181 5989 diabolus
3222 5925 3390 5983 sciens
3436 5920 3739 5991 potestatem
