3918 6462
129 453 238 507 755

1252 443 1604 499 COMMENT.
1645 443 1712 498 IN
1751 443 2007 500 lSAlAM.
2043 477 2112 486 —
2150 446 2279 500 LIB.
2322 447 2360 500 I.

3226 438 3228 440 ’
3289 443 3390 498 τεςι

133 577 296 616 manu
321 559 532 614 Domini
557 573 697 624 esse,
723 567 774 612 et
800 559 849 611 in
877 555 1100 611 brachio
1135 555 1252 624 ejus
1275 555 1426 635 quod
1448 555 1715 611 universis
1741 561 1795 619 Α
1822 558 1936 626 ejus
1961 558 2111 626 quasi
2152 557 2386 627 impetus
2416 557 2768 628 tempestatis.
2798 556 3024 627 ltugitus
3052 556 3166 626 ejus
3190 555 3248 610 ut
3279 556 3395 612 leo-

135 649 389 722 gentibus
417 647 711 704 revelatum
736 654 840 714 est,
870 646 1002 702 dicit
1037 645 1106 702 ad
1130 645 1418 702 Dominum
1458 664 1470 700 :
1507 664 1526 697 ‹
1562 644 1712 701 Mitte

133 753 360 796 manum
396 747 540 793 tuam
571 745 625 793 et
654 745 813 808 tange
840 735 1023 792 omnia
1055 749 1176 806 qua
1203 735 1388 800 habet,
1416 733 1522 789 nisi
1551 733 1606 788 in
1634 732 1719 788 fa-

134 833 280 890 ciem
305 829 643 887 benedixerit
669 829 767 884 tibi
800 826 944 900 (Job.
973 827 1062 899 ιι).
1101 847 1120 880 ι
1155 825 1308 894 Quod
1335 834 1515 882 autem
1540 825 1722 895 sequi-

135 930 229 976 tur
253 938 265 973 ε
296 928 350 976 et
373 918 642 990 percussit
661 933 808 983 eum,
833 917 888 973 id
917 925 1000 972 est
1022 916 1275 988 populum
1309 930 1465 971 suum
1487 956 1502 981 ,
1523 922 1578 970 et
1598 927 1732 968 cons

134 1009 341 1067 turbati
387 1018 514 1064 sunt
554 1017 770 1063 montes
813 1024 828 1060 :
872 1005 1216 1077 hyperbolice
1249 1013 1525 1074 putamus,
1576 1003 1724 1073 quod

135 1118 240 1173 pro
281 1099 651 1173 magnitudine
697 1097 962 1154 malorum
1012 1098 1177 1153 etiam
1218 1104 1444 1151 montes
1471 1108 1721 1150 commo-

134 1203 370 1250 veantur
394 1235 409 1260 ,
470 1200 526 1249 et
587 1191 944 1248 cadaveribus
1004 1197 1344 1246 mortuorum
1412 1188 1725 1258 repleantur

139 1301 335 1342 omnes
384 1284 575 1356 platea
613 1285 851 1340 urbium.
898 1283 1012 1338 Hoc
1051 1281 1312 1338 accidisse
1356 1280 1559 1337 Judais
1605 1287 1728 1351 post

139 1382 451 1454 passionem
517 1379 730 1434 Domini
758 1442 765 1447 ,
798 1377 898 1433 sub
945 1376 1281 1447 Vespasiano
1341 1381 1397 1430 et
1449 1373 1722 1441 Adriano,

146 1487 306 1528 nemo
337 1472 458 1541 quis
481 1469 713 1525 dubitat.
742 1468 985 1538 Cumque
1007 1469 1124 1523 hac
1165 1465 1308 1520 facta
1341 1465 1470 1531 sint,
1499 1479 1608 1520 non
1637 1473 1724 1520 est

143 1575 367 1616 aversus
401 1559 554 1614 furor
577 1559 716 1630 ejus,
755 1561 850 1615 sed
894 1557 1071 1613 adhuc
1095 1571 1288 1610 manus
1338 1557 1456 1626 ejus
1487 1564 1723 1619 extenta,

145 1666 254 1722 quo
287 1650 533 1706 habitum
574 1650 864 1706 irascentis
905 1659 961 1705 et
999 1647 1352 1718 percutientis
1381 1648 1634 1703 ostendit.
1661 1647 1730 1703 Et

147 1746 442 1801 notandum
479 1746 535 1799 in
583 1745 671 1800 his
709 1744 966 1800 omnibus
1003 1741 1147 1811 quod
1184 1757 1290 1796 non
1327 1741 1407 1796 eis
1445 1739 1733 1812 exprobret

149 1837 531 1902 idololatriam,
570 1851 676 1891 non
707 1836 811 1890 alia
837 1842 1058 1905 peccata
1095 1842 1317 1905 propter
1344 1848 1463 1903 qua
1490 1831 1730 1887 offende-

1823 646 1930 711 nis,
1953 644 2144 716 ’rugiet
2185 654 2245 700 ut
2283 647 2448 701 catuli
2483 647 2721 713 leonum,
2753 654 2809 702 et
2838 646 3070 712 frcndet,
3104 655 3159 702 et
3193 647 3400 704 tenebit

1822 737 2082 806 pradam,
2127 745 2180 791 et
2220 737 2620 807 amplexabitur
2651 755 2664 792 :
2695 747 2753 794 et
2784 753 2892 794 non
2925 739 3029 793 erit
3056 738 3149 808 qui
3183 739 3397 809 eripiat.

1825 826 1892 880 Et
1921 827 2136 881 sonabit
2167 841 2330 896 super
2368 843 2490 883 eum
2509 829 2577 882 'in
2607 827 2695 883 die
2723 829 2835 894 illa,
2864 829 3003 884 sicut
3042 829 3252 884 sonitus
3283 845 3402 884 ma-

1822 914 1919 968 ris.
1945 913 2285 984 Aspiciemus
2324 916 2378 970 in
2407 924 2630 982 terram,
2660 926 2716 973 et
2758 932 2886 975 ecce
2913 919 3148 974 tenebra
3182 918 3401 974 tribula-

1825 1005 2006 1070 tionis,
2054 1004 2244 1059 et-lux
2287 1007 2641 1062 obtenebrata
2680 1017 2765 1063 est
2810 1009 2866 1063 in
2921 1009 3150 1080 caligine
3197 1009 3332 1078 ejus.
3378 1029 3397 1062 ι

1825 1095 2026 1152 Gentes
2051 1110 2184 1167 ergo
2208 1096 2366 1167 longe
2386 1099 2592 1168 positas
2621 1097 2909 1170 signiﬁcat,
2937 1109 2994 1156 et
3021 1115 3140 1172 qua
3169 1102 3222 1156 in
3246 1109 3404 1157 terra

1825 1189 2024 1246 ﬁnibus
2051 1199 2456 1245 commorantur
2489 1209 2501 1244 :
2530 1192 2672 1246 haud
2696 1193 2917 1249 dubium
2954 1195 3085 1262 quin
3108 1194 3402 1260 Romanos,

1826 1289 1882 1337 et
1935 1295 2123 1336 omnes
2170 1280 2370 1346 Italia,
2421 1280 2696 1337 Gallorum
2721 1323 2736 1348 ,
2782 1291 2838 1337 et
2869 1298 3003 1353 .qua
3041 1285 3096 1338 in
3147 1283 3404 1355 Hispania

1827 1379 1953 1427 sunt
1992 1380 2202 1442 gentes,
2235 1387 2356 1442 qua
2393 1373 2494 1427 sub
2529 1372 2859 1442 Vespasiano
2897 1383 2954 1429 et
3005 1374 3248 1430 Adriano
3305 1376 3408 1432 Ro-

1828 1475 1989 1516 mano
2040 1462 2268 1532 imperio
2305 1463 2674 1533 subjacebant.
2725 1465 3173 1537 Describit'ergo
3225 1484 3406 1523 sermo

1827 1549 2042 1606 divinus
2065 1551 2409 1607 velocitatem
2423 1553 2691 1609 venientis
2710 1554 3004 1621 exercitus,
3029 1556 3121 1626 qui
3149 1571 3255 1611 non
3285 1572 3403 1622 sua,

1829 1643 1924 1698 sed
1952 1643 2166 1697 Domini
2191 1645 2398 1699 venerit
2436 1645 2734 1712 voluntate,
2768 1646 2876 1702 imo
2907 1647 2974 1704 ab
3009 1647 3101 1702 illo
3137 1656 3406 1704 attractus

1831 1741 1887 1788 et
1921 1733 2079 1789 sibilo
2125 1733 2269 1789 illius
2303 1742 2647 1803 provocatus,
2679 1736 2820 1806 quod
2850 1752 2957 1792 non
2998 1737 3277 1803 defecerit,
3304 1754 3406 1793 nec

1811 1831 1991 1880 ‘tanto
2043 1825 2237 1880 itinere
2290 1825 2640 1892 laboraverit,
2687 1835 2744 1881 et
2789 1828 3081 1898 cupiditate
3132 1829 3406 1898 praedandi

150 1934 280 1980 runt
301 1925 608 1992 Dominum,
639 1926 733 1980 sed
757 1925 882 1994 quia
899 1922 1214 1992 abjecerunt
1236 1923 1407 1994 legem
1429 1921 1731 1994 Evangelii,
1761 1924 1808 1985 B
1836 1931 2085 1972 somnum
2119 1915 2290 1971 oculis
2335 1931 2443 1971 non
2472 1917 2776 1984 admiserit,
2806 1917 3172 1973 calceamenta
3194 1935 3410 1990 quoque

152 2022 208 2069 et
230 2029 535 2071 sermonem
564 2014 660 2070 Dei
685 2015 1213 2084 blasphemaverunt.

228 2122 248 2155 ε
279 2103 345 2157 Ει
370 2103 603 2159 elevabit
631 2103 845 2174 signum
875 2104 928 2158 in
958 2102 1266 2158 nationibus
1288 2101 1573 2172 procul,et
1597 2102 1729 2158 sibi-

152 2193 287 2248 labit
308 2195 376 2249 ad
410 2210 531 2250 eum
564 2195 629 2250 de
659 2194 855 2250 ﬁnibus
885 2203 1064 2250 terra.
1095 2194 1162 2248 Et
1185 2207 1311 2249 ecce
1336 2191 1564 2248 festinus
1588 2192 1733 2249 velo-

151 2287 290 2344 citer
312 2287 512 2354 veniet,
543 2297 598 2343 et
624 2303 732 2343 non
760 2289 865 2344 erit
890 2288 1166 2353 deﬁciens,
1198 2299 1372 2356 neque
1400 2285 1651 2341 laborans
1680 2287 1735 2340 in

152 2391 238 2432 eo.
286 2378 404 2434 Non
452 2377 766 2434 dormitabit
801 2392 976 2447 neque
1009 2377 1263 2442 dormiet,
1295 2389 1470 2445 neque
1498 2374 1737 2430 solvetur

153 2467 431 2539 cingulum
472 2467 777 2524 lumborum
795 2467 953 2555 “ejus,
986 2483 1161 2538 neque
1192 2476 1475 2538 rumpetur
1504 2466 1737 2537 corrigia

156 2558 661 2630 calceamentiejus.
689 2560 909 2631 Sagittae
935 2560 1051 2630 ejus
1067 2567 1256 2625 acuta,
1287 2566 1342 2614 et
1367 2567 1556 2613 omnes
1580 2572 1739 2613 arcus

157 2657 276 2729 ejus
310 2656 535 2712 extenti.
567 2655 788 2726 Ungula
821 2669 1081 2726 equorum
1104 2653 1221 2722 ejus
1249 2661 1309 2709 ut
1339 2652 1497 2718 silex,
1529 2660 1583 2707 et
1606 2659 1739 2706 rota

1832 2008 1949 2078 ejus
1997 2023 2106 2063 non
2155 2017 2280 2064 sunt
2327 2009 2544 2076 attrita,
2588 2010 2991 2082 sagittariorum
3043 2027 3294 2080 cursum,
3345 2030 3408 2070 ac

1832 2097 2232 2152 multitudinem
2253 2099 2514 2168 equitum,
2548 2107 2862 2172 turmasque
2886 2117 3165 2168 curruum,
3189 2104 3410 2172 quadri-

1835 2206 2134 2263 garumque
2163 2190 2452 2257 fervorem,
2497 2194 2640 2263 quod
2667 2194 2840 2250 instar
2863 2193 3036 2250 leonis
3067 2210 3174 2250 non
3202 2203 3313 2250 tam
3340 2197 3410 2250 ad

1839 2281 2182 2353 pugnandum
2212 2295 2373 2350 quam
2412 2284 2480 2337 ad
2509 2283 2854 2352 pradandum
2898 2284 3302 2355 vorandumque
3329 2300 3416 2340 ve.

1839 2375 2001 2439 nerit,
2034 2383 2090 2428 et
2115 2374 2350 2429 ululatus
2374 2375 2641 2430 vincentis
2669 2376 2939 2430 exercitus
2986 2376 3213 2431 marinis
3241 2376 3414 2432 ﬂucti-

1838 2465 1944 2520 bus
1972 2473 2338 2534 comparatur.
2373 2465 2454 2518 Ex
2493 2481 2599 2534 quo
2635 2465 2931 2519 notandum
2972 2473 3076 2531 est,
3109 2465 3415 2536 ubicunque

1843 2555 2051 2611 sonitus
2079 2555 2246 2610 maris
2276 2555 2332 2609 in
2370 2545 2664 2626 Scripturis
2694 2556 3011 2627 appellatur,
3048 2556 3178 2628 quid
3217 2556 3413 2628 signiﬁ-

1841 2657 1926 2704 cet
1951 2648 2042 2704 bic
2074 2639 2496 2704 demonstratur.

163 2763 3386 2796 ww

1328 2890 1427 2968 LI
1440 2888 1622 2969 BER
1677 2887 2240 2969 SECUNDUS.

771 3109 995 3167 CAPUT
1033 3109 1119 3166 VI.

242 3233 260 3266 ‹
301 3213 457 3269 Ληιιο
481 3226 588 3284 quo
617 3219 864 3269 mortuus
888 3220 972 3268 est
991 3210 1172 3278 Ozias,
1199 3211 1309 3267 vidi
1339 3212 1627 3268 Dominum
1648 3227 1729 3268 se-

1847 3112 2030 3185 (Joan.
2078 3113 2143 3186 ι.)
2173 3114 2252 3169 Ad
2295 3117 2437 3185 quod
2467 3115 2926 3186 respondebimus.
2953 3115 3069 3172 Non
3111 3118 3282 3174 solum
3317 3117 3419 3172 Pa—

1845 3208 1944 3262 tris
1977 3208 2332 3274 divinitatem,
2390 3211 2484 3265 sed
2529 3225 2630 3265 nec
2669 3209 2789 3264 Filii
2832 3212 3048 3281 quidem
3091 3220 3145 3265 et
3185 3211 3419 3282 Spiritus

165 3309 381 3365 dentem
410 3273 571 3377 super
592 3305 783 3361 solium
807 3304 1078 3360 excelsum
1119 3313 1174 3359 et
1201 3304 1489 3358 elevatum.
1532 3324 1550 3356 ι
1576 3303 1738 3360 Visus
1768 3273 1814 3336 C
1847 3300 2020 3354 sancti
2066 3299 2212 3368 (quia
2255 3311 2360 3354 una
2388 3301 2443 3354 in
2474 3302 2736 3356 Trinitate
2766 3311 2958 3357 natura
2996 3303 3100 3373 est)
3137 3318 3234 3358 nec
3263 3318 3419 3373 posse

164 3408 253 3458 est
287 3397 438 3454 Isaia
473 3395 730 3449 Dominus
773 3409 935 3464 super
969 3393 1162 3448 solium
1191 3394 1462 3448 excelsum
1493 3402 1548 3448 et
1567 3394 1744 3450 eleva-

168 3498 307 3555 tum,
326 3495 385 3542 ut
404 3486 648 3542 habitum
667 3484 945 3556 regnantis
966 3483 1294 3539 ostenderet.
1309 3483 1494 3540 Oziam
1509 3499 1743 3555 namque

171 3580 300 3650 quia
342 3577 445 3632 Sibi
492 3575 736 3630 illicitum
770 3574 1132 3630 sacerdotium
1171 3574 1560 3640 vindicaverat,
1595 3575 1744 3644 lepra

172 3671 340 3725 fuisse
384 3681 699 3738 percussum
743 3679 900 3721 sacra
943 3672 1132 3720 narrat
1169 3665 1418 3720 historia.
1467 3665 1583 3732 Quo
1605 3679 1747 3721 mor-

174 3768 286 3826 tuo,
318 3757 581 3814 Dominus
610 3756 822 3812 videtur
844 3755 899 3811 in
931 3755 1151 3827 templo,
1177 3757 1320 3827 quod
1342 3755 1431 3811 ille
1457 3755 1744 3826 polluerat.

173 3853 254 3908 Ex
282 3866 388 3922 quo
415 3849 915 3914 animadvertimus,
950 3856 1209 3918 regnante
1232 3847 1445 3918 leproso
1475 3863 1622 3919 rege,
1648 3863 1746 3904 nos

172 3941 341 3998 Deum
365 3941 420 3995 in
445 3955 540 3996 sua
567 3939 850 4010 majestate
877 3937 1060 3993 videre
1084 3951 1192 3994 non
1215 3953 1394 4009 posse,
1424 3953 1527 3993 nec
1547 3946 1747 3994 sancta

172 4017 470 4090 Trinitatis
498 4046 658 4087 nosse
692 4030 968 4103 mysteria.
1000 4028 1153 4084 Unde
1190 4038 1246 4085 et
1288 4030 1343 4084 in
1384 4028 1570 4085 Exodo
1600 4036 1747 4099 post-

172 4124 337 4197 quam
379 4131 623 4179 mortuns
662 4131 747 4178 est
782 4121 994 4178 Pharao
1043 4122 1135 4191 qui
1179 4122 1517 4194 opprimebat
1554 4122 1743 4190 Israel,

170 4213 304 4282 luto,
335 4221 386 4269 et
412 4213 601 4284 paleis,
633 4221 688 4268 et
711 4212 991 4278 lateribus,
1015 4212 1241 4282 populus
1265 4212 1517 4269 clamavit
1546 4214 1614 4269 ad
1637 4214 1746 4270 Do-

174 4305 402 4370 minum,
429 4306 521 4376 qui
545 4304 649 4360 illo
686 4304 898 4360 vivente
944 4304 1179 4359 clamare
1212 4317 1321 4359 non
1358 4310 1590 4374 poterat.
1615 4303 1746 4372 Quis

174 4398 244 4453 sit
265 4409 445 4453 autem
477 4397 578 4453 iste
619 4397 877 4452 Dominus
915 4397 1008 4466 qui
1037 4394 1268 4463 videtur,
1317 4395 1374 4450 in
1412 4395 1745 4465 evangelista

173 4487 380 4545 Joanne
400 4498 453 4544 et
479 4489 534 4544 in
565 4488 929 4560 apostolorum
963 4486 1188 4542 Actibus
1214 4485 1425 4556 plenius
1464 4487 1741 4542 discimus.

173 4579 320 4635 Inter
358 4595 495 4652 quos
531 4577 764 4635 Joannes
805 4579 923 4633 ait:
954 4575 1079 4632 Hac
1122 4577 1258 4632 dixit
1293 4575 1476 4641 Isaias,
1529 4578 1744 4646 quando

175 4668 310 4724 vidit
334 4669 560 4741 gloriam
587 4667 725 4739 ejus,
753 4675 811 4723 et
845 4666 1059 4721 locutus
1101 4672 1187 4720 est
1215 4665 1282 4720 de
1320 4679 1385 4720 eo
1416 4683 1430 4720 :
1459 4665 1603 4721 haud
1648 4667 1744 4723 du-

172 4760 322 4816 bium
363 4760 496 4830 quin
521 4758 796 4815 Christum
825 4755 1175 4828 signiﬁcaret.
1201 4754 1435 4810 Rursum
1466 4754 1663 4812 Paulus
1689 4757 1743 4812 in

172 4850 398 4908 Actibus
424 4850 784 4921 apostolorum
811 4849 900 4904 ubi
935 4847 1118 4903 Roma
1144 4845 1380 4916 loquitur
1401 4845 1466 4901 ad
1489 4845 1700 4902 Judaos
1729 4865 1742 4902 :

173 4939 323 4996 Bene
351 4939 566 5013 (inquit)
609 4939 842 5010 Spiritus
861 4946 1079 4994 sanctus
1104 4936 1315 4993 locutus
1329 4946 1416 4993 est
1433 4952 1531 5008 per
1551 4937 1746 4994 Isaiam

175 5034 498 5107 prophetam
544 5032 611 5088 ad
650 5039 835 5103 patres
863 5037 1074 5086 nostros
1103 5028 1289 5085 dicens
1321 5046 1336 5084 τ
1369 5028 1518 5085 Vade
1551 5030 1619 5085 ad
1647 5045 1744 5101 po-

174 5124 363 5196 pulum
404 5125 589 5192 istum,
612 5134 667 5180 et
705 5123 795 5179 dic
822 5138 836 5177 :
864 5122 1009 5178 Aure
1045 5121 1292 5189 audietis,
1319 5130 1376 5178 et
1402 5137 1508 5177 non
1545 5123 1745 5179 intelli-

179 5217 339 5290 getis,
369 5224 425 5272 et
465 5217 708 5297 videntes
734 5215 1006 5281 videbitis,
1033 5221 1089 5270 et
1127 5227 1236 5270 non
1265 5214 1624 5285 perspicietis.
1653 5213 1747 5271 Vi-

178 5325 274 5366 sus
300 5319 384 5366 est
411 5319 590 5366 autem
619 5309 791 5366 Filius
832 5309 1107 5381 regnantis
1144 5309 1199 5364 in
1221 5308 1425 5374 habitu,
1453 5317 1510 5366 et
1536 5307 1748 5366 locutus

180 5409 266 5460 est
293 5401 528 5474 Spiritus
553 5410 774 5459 sanctus
799 5416 902 5471 per
929 5401 1260 5457 consortium
1287 5401 1604 5472 majestatis,
1627 5403 1748 5458 uni-

181 5499 455 5564 tatemque
508 5491 841 5549 substantia.
911 5491 1126 5559 Quaret
1178 5490 1374 5563 aliquis
1402 5534 1418 5560 ,
1481 5493 1748 5563 quomodo

181 5599 326 5644 nunc
371 5586 635 5656 propheta
675 5582 961 5639 Dominum
1003 5597 1062 5636 se
1104 5581 1305 5638 vidisse
1335 5583 1500 5648 dicat,
1547 5590 1601 5638 et
1641 5597 1748 5638 non

183 5676 429 5734 absolute
471 5676 781 5742 Dominum,
824 5674 920 5731 sed
963 5674 1248 5730 Dominum
1279 5673 1517 5731 Sabaoth
1560 5685 1665 5731 :ut
1693 5677 1750 5731 in

183 5769 639 5843 consequentibus
689 5770 805 5842 ipse
852 5774 1112 5833 testatur,
1145 5781 1270 5822 cum
1302 5765 1538 5825 Joannes
1583 5783 1750 5825 evan-

189 5861 377 5930 gelista
437 5861 680 5917 dixerit:
740 5879 759 5912 ι
814 5861 982 5914 Deum
1051 5873 1210 5915 nemo
1264 5859 1399 5915 vidit
1449 5876 1686 5930 unquam
1729 5881 1746 5914 ι

1846 3391 2019 3446 oculis
2043 3391 2225 3446 carnis
2251 3392 2513 3462 aSpicere,
2558 3395 2652 3450 sed
2690 3395 2860 3451 oculis
2881 3395 3097 3450 mentis.
3126 3397 3203 3450 De
3224 3397 3420 3464 quibus

1845 3480 1961 3549 ipse
2011 3479 2258 3536 Salvator
2295 3482 2405 3537 ait:
2447 3503 2466 3534 ‹
2518 3485 2672 3541 Beati
2715 3488 2914 3543 mundo
2949 3487 3129 3555 corde,
3164 3489 3417 3558 quoniam

1847 3569 1951 3640 ipsi
1987 3571 2155 3626 Deum
2191 3573 2451 3629 videbunt
2497 3575 2711 3647 (Matth.
2749 3576 2825 3648 γ).
2877 3599 2894 3629 ι
2930 3580 3026 3634 Dei
3072 3590 3263 3637 natura
3313 3598 3417 3637 non

1848 3664 2127 3731 cernitur,
2181 3665 2277 3720 sed
2320 3667 2534 3724 videtur
2579 3669 2647 3724 ab
2704 3670 3016 3728 hominibus
3065 3681 3122 3727 nt
3170 3675 3283 3744 ipse
3328 3690 3422 3728 vo-

1847 3754 2027 3811 luerit.

1921 3867 1939 3900 ι
1983 3848 2265 3919 Seraphim
2315 3852 2529 3906 stabant
2573 3867 2732 3922 super
2776 3854 2942 3920 illud,-
2968 3870 3065 3910 sex
3094 3855 3192 3910 ala
3222 3856 3337 3922 nni,
3368 3865 3425 3911 et

1848 3952 1944 3994 sex
1993 3940 2306 3996 alaaltcri.
2354 3943 2572 3999 Duabus
2626 3944 2878 4000 velabant
2925 3945 3120 4002 faciem
3169 3945 3315 4016 ejus,
3367 3956 3422 4001 et

1848 4031 2056 4088 duabus
2090 4033 2338 4089 velabant
2378 4036 2540 4104 pedes
2586 4035 2702 4105 ejus
2757 4056 2770 4092 :
2815 4038 3021 4094 duabus
3060 4039 3329 4106 volabant,
3367 4049 3423 4095 et

1848 4121 2156 4177 clamabant
2195 4123 2334 4178 alter
2367 4126 2434 4178 ad
2462 4125 2716 4192 alterum,
2757 4136 2814 4182 et
2842 4129 3093 4184 dicebant
3127 4148 3138 4182 :
3167 4129 3421 4196 Sanctus,

1847 4220 2087 4278 sanctus,
2148 4223 2390 4281 sanctus,
2423 4215 2684 4272 Dominus
2725 4219 3056 4274 exercituum
3081 4261 3096 4286 ,
3140 4219 3298 4289 plena
3342 4229 3426 4276 est

1846 4306 2026 4360 omnis
2055 4314 2199 4360 terra
2239 4307 2408 4378 gloria
2438 4310 2574 4377 ejus.
2610 4329 2628 4361 ι
2667 4308 2954 4380 Seraphim
2996 4313 3425 4384 interpretantur

1845 4396 2197 4462 incendentes,
2228 4397 2342 4452 sive
2372 4400 2750 4465 comburentes,
2778 4399 2932 4470 juxta
2966 4401 3095 4458 illud
3132 4406 3274 4474 quod
3297 4405 3422 4460 alibi

1847 4487 2118 4558 legimus:
2149 4507 2168 4541 ι
2206 4489 2306 4557 Qui
2349 4489 2478 4546 facit
2511 4492 2732 4562 angelos
2768 4509 2896 4549 suos
2931 4495 3154 4565 spiritus
3194 4495 3419 4568 (Psalm.

1847 4582 1984 4653 cur),
2026 4601 2045 4635 ι
2079 4591 2136 4638 et
2166 4585 2446 4642 ministros
2485 4602 2610 4643 suos
2641 4588 2818 4659 ignem
2866 4598 3132 4646 urentem.
3165 4592 3424 4647 Dominus

1852 4674 1908 4728 in
1933 4674 2202 4744 serapliim
2247 4691 2313 4731 ex
2364 4686 2515 4747 parte
2549 4667 2858 4736 ostenditur
2899 4689 2954 4742 et
2993 4697 3056 4737 ex
3091 4691 3245 4753 parte
3283 4683 3425 4738 cela-

1854 4772 1958 4818 tur.
1999 4764 2218 4820 Faciem
2249 4766 2365 4836 ejus
2392 4775 2447 4822 et
2473 4769 2637 4837 pedes
2666 4770 2936 4838 operiunt,
2967 4772 3092 4841 quia
3121 4780 3175 4829 et
3202 4783 3425 4844 prater-

1852 4854 1926 4910 ita
1969 4863 2093 4910 ante
2129 4857 2428 4925 mundum,
2469 4867 2524 4912 et
2564 4858 2745 4914 futura
2789 4870 2911 4931 post
2953 4863 3241 4930 mundum,
3282 4865 3422 4920 scire

1853 4962 1960 5003 non
1984 4963 2293 5017 possumus,
2336 4950 2432 5005 sed
2470 4949 2646 5007 media
2684 4960 2915 5021 tantum,
2948 4969 3067 5023 qua
3096 4955 3151 5009 in
3183 4971 3277 5009 sex
3307 4956 3420 5011 die-

1851 5038 1953 5093 bus
1981 5038 2125 5094 facta
2164 5047 2289 5094 sunt
2327 5036 2480 5110 (Gen.
2527 5041 2565 5112 ι)
2599 5042 3042 5111 contemplamur.
3084 5042 3196 5099 Nec
3225 5043 3422 5099 mirum

1853 5130 1959 5185 hoc
1992 5131 2059 5186 de
2095 5131 2368 5201 seraphim
2410 5133 2661 5202 credere,
2703 5151 2826 5189 cum
2860 5144 2915 5188 et
2962 5133 3189 5203 apostoli
3231 5135 3420 5190 Salva-

1854 5230 2025 5277 torem
2056 5221 2399 5278 credentibus
2430 5226 2691 5296 aperiant,
2732 5225 3034 5281 inﬁdelibus
3068 5226 3420 5290 abscondant,

1853 5321 1907 5370 et
1934 5311 2114 5368 velum
2150 5322 2276 5370 ante
2299 5328 2480 5370 arcam
2512 5314 2674 5370 fuerit
2702 5316 3029 5371 Testamenti
3069 5315 3264 5386 (Exod.
3307 5318 3418 5386 ιιι).

1851 5405 1981 5461 Alas
2023 5419 2237 5476 quoque
2288 5407 2488 5463 habere
2535 5409 2789 5464 dicuntur
2825 5419 3045 5480 propter
3083 5410 3420 5466 velocitatem

1853 5498 1907 5552 in
1937 5505 2131 5554 cuncto
2159 5513 2258 5554 suo
2286 5499 2552 5565 discursu,
2581 5500 2693 5560 sive
2728 5501 2852 5569 quia
2889 5493 3098 5571 selnper
3126 5501 3181 5556 in
3218 5502 3422 5558 altiori-

1851 5591 1952 5646 bus
1983 5601 2404 5647 commorantur.
2434 5591 2617 5660 Neque
2642 5593 2786 5650 enim
2821 5593 2948 5647 illud
2977 5593 3117 5662 quod
3149 5583 3421 5649 de'ventis

1854 5681 2070 5745 dicitur,
2099 5681 2191 5750 qui
2226 5679 2464 5735 ambulat
2507 5695 2669 5750 super
2704 5696 2909 5751 pennas
2937 5691 3217 5736 ventorum
3245 5679 3419 5753 (Psal.

1855 5771 1968 5841 cm)
2008 5787 2177 5827 :vere
2210 5772 2364 5842 juxta
2419 5769 2650 5826 fabulam
2708 5780 2992 5850 poetarum
3033 5779 3083 5825 et
3128 5773 3420 5842 pictorum,

1855 5873 2045 5924 ventos
2073 5878 2280 5933 pennas
2319 5861 2516 5916 habere
2561 5871 2811 5929 testatur,
2842 5862 2933 5917 sed
2963 5863 3166 5920 celeres
3195 5865 3248 5917 in
3289 5878 3418 5915 cun-
