3918 6458
637 416 739 471 755

1095 420 1444 478 HAYMONIS
1481 421 1950 478 HALIlERSTAT.
1992 424 2207 481 EPISC.
2244 425 2394 482 OPP.
2434 426 2616 484 PARS
2655 429 2693 484 Ι.
2733 459 2803 472 —
2840 429 3191 486 COMMENT.
3226 430 3392 486 BIBL.

3769 430 3841 487 756

632 536 721 584 cto
743 529 1016 585 discursu.
1052 531 1120 586 Et
1144 534 1369 604 singulis
1406 534 1520 588 alas
1551 548 1730 599 senas,
1767 536 1892 603 quia
1931 535 1998 589 de
2032 536 2196 592 fabri-
2223 541 2271 601 Α
2298 538 2391 591 sed
2418 539 2562 607 quod
2602 540 2714 609 ipse
2743 554 2839 609 pro
2873 541 3178 598 humilitate
3213 541 3517 597 immundis
3563 543 3838 599 tantumit-

630 622 844 677 catione
874 630 1081 678 tantum
1110 625 1294 680 mundi
1320 640 1385 680 ac
1410 625 1690 694 praesentis
1720 626 1899 680 surculi
1928 627 2193 682 novimus.

630 710 786 779 Quod
832 721 1011 767 autem
1059 713 1258 769 clamat
1306 714 1443 768 alter
1492 715 1558 770 ad
1604 714 1865 779 alterum,
1912 714 1997 769 vel
2040 714 2194 781 juxta

629 800 887 856 Hebraea
938 802 1042 857 iste
1088 803 1155 856 ad
1204 803 1366 858 istum
1418 803 1493 873 (id
1536 812 1820 868 est,-unus
1866 804 1934 858 ad
1979 803 2188 873 unum),

630 892 859 947 invicem
915 907 974 947 se
1020 892 1088 948 ad
1126 894 1312 949 laudes
1351 894 1562 951 Domini
1605 894 1962 950 cohortantur
2010 901 2067 948 et
2113 893 2194 947 di-

627 991 758 1036 cunt
785 1000 798 1035 :
826 981 1079 1046 Sanctus,
1112 992 1355 1049 sanctus,
1404 995 1648 1050 saqu,
1679 984 1938 1039 Dominus
1979 984 2189 1038 exerci-

628 1082 798 1138 tuum,
827 1083 885 1129 ut
912 1078 1227 1146 mysterium
1259 1077 1539 1132 Trinitatis
1566 1079 1623 1133 in
1662 1092 1765 1131 una
1794 1077 2075 1133 divinitate
2100 1078 2192 1131 de-

624 1174 945 1230 monstrent,
970 1175 1026 1222 et
1050 1182 1388 1238 nequaquam
1419 1168 1672 1238 templum
1700 1166 2027 1233 Iudaeorum,
2050 1169 2191 1223 sicut

619 1256 793 1326 prius,
839 1259 934 1314 sed
970 1274 1184 1315 omnem
1230 1271 1429 1316 terram
1468 1262 1611 1317 illius
1636 1262 1801 1332 gloria
1837 1261 2047 1331 plenam
2071 1277 2190 1318 esse

622 1354 906 1412 testentur,
936 1349 1027 1417 qui
1054 1364 1156 1417 pro
1195 1359 1378 1407 nostra
1417 1350 1589 1404 salute
1627 1351 1877 1421 dignatus
1898 1360 1981 1405 est
2008 1352 2192 1405 buma-

621 1452 747 1491 num
793 1453 989 1508 corpus
1035 1454 1309 1496 assumere
1347 1437 1489 1510 (Gal.
1533 1440 1633 1511 tv),
1675 1439 1740 1494 ad
1778 1449 2056 1510 terrasque
2092 1441 2186 1495 de-

620 1529 897 1583 scendere.
930 1528 1158 1596 Quidam
1190 1529 1503 1585 Latinorum
1538 1530 1672 1585 duos
1711 1531 2007 1600 seraphim,
2035 1536 2188 1586 vetus

618 1624 673 1670 et
713 1632 911 1673 novum
948 1616 1367 1674 [instrumentum
1414 1620 1738 1687 intelligunt,
1785 1620 1927 1689 quod
1977 1627 2186 1674 tantum

618 1708 683 1761 de
717 1712 965 1778 praesenti
1003 1712 1197 1767 saeculo
1238 1712 1492 1782 loquitur.
1536 1713 1689 1768 Unde
1722 1721 1776 1767 et
1817 1726 1912 1768 sex
1947 1711 2062 1766 alas
2091 1712 2187 1766 ha-

618 1801 743 1857 bere
792 1803 1057 1868 dicuntur,
1111 1812 1166 1858 et
1210 1803 1399 1860 faciem
1451 1804 1546 1859 Dei
1591 1805 1859 1875 pedesque
1892 1804 2095 1868 velare,
2128 1811 2184 1858 et

2295 630 2397 685 hiis
2420 629 2699 702 indignum
2728 648 2788 688 se
2824 633 2918 688 Dei
2945 633 3105 689 laude
3128 634 3381 690 fateatur.

2373 739 2390 770 ι
2432 720 2502 773 Et
2532 722 2729 776 volavit
2753 724 2822 777 ad
2846 738 2931 781 me
2953 740 3092 779 unus
3113 727 3179 779 de
3205 725 3518 793 seraphim.
3543 731 3604 779 et
3640 725 3692 777 ia
3718 741 3829 780 mam

2294 812 2409 880 ejus
2430 812 2687 878 calculus,
2708 829 2867 883 quem
2889 815 3093 886 forcipe
3112 817 3309 870 tulerat
3330 817 3399 871 de
3430 817 3624 879 altari,
3642 827 3694 871 et
3711 818 3825 889 tetigit

2290 920 2353 959 os
2375 920 2553 960 meum
2572 946 2586 971 ,
2621 915 2677 961 et
2707 908 2843 961 dixit
2868 909 2998 963 mihi
3024 923 3037 961 :
3070 910 3208 963 Ecce
3230 911 3381 979 tetigi
3408 910 3527 964 hoc
3550 909 3704 980 [hac]
3731 912 3818 963 labi

2292 1004 2403 1061 tua,
2455 1005 2513 1050 et
2551 996 2828 1052 auferetur
2856 998 3110 1068 iniquitas
3140 1007 3247 1063 tua,
3281 1008 3337 1054 et
3390 1009 3683 1067 peccatum
3721 1008 3813 1051 ωδε

2290 1088 2656 1142 mtmdabitur.
2693 1106 2710 1139 ι
2744 1087 2953 1143 Volavit
2982 1105 3119 1143 unus
3142 1090 3209 1145 de
3240 1089 3531 1159 seraphim
3554 1090 3678 1158 (qui
3703 1090 3811 1142 inter-

2289 1188 2537 1249 pretatur
2560 1180 2872 1251 incendens)
2905 1189 2962 1234 ut
2996 1192 3248 1252 purgaret
3289 1183 3585 1251 propheta:
3612 1180 3727 1233 labia
3756 1182 3810 1233 in-

2290 1270 2508 1328 munda.
2539 1280 2593 1325 et
2619 1288 2790 1342 pruna
2815 1271 2899 1325 vel
2920 1272 3145 1335 calculo,
3177 1287 3337 1341 quem
3363 1272 3441 1325 de
3472 1271 3631 1324 altari
3654 1272 3800 1327 tulenz.

2284 1372 2631 1431 excoqueret.
2670 1362 2815 1416 Multi
2845 1372 3024 1416 autem
3045 1370 3233 1432 putant
3262 1362 3407 1417 duos
3428 1375 3563 1415 esse
3584 1363 3798 1428 seraphin.

2287 1451 2414 1519 quia
2436 1451 2709 1506 clamabat
2732 1451 2872 1505 alter
2894 1452 2961 1504 ad
2990 1451 3219 1505 alterum
3264 1466 3280 1505 :
3312 1466 3452 1506 cum
3485 1451 3625 1505 etde
3645 1452 3793 1517 siluis
3854 1470 3855 1519 ἦ

2286 1542 2371 1597 vel
2396 1543 2461 1599 de
2488 1542 2730 1611 pluribus
2763 1542 2973 1612 possint
2998 1542 3191 1612 singuli
3216 1542 3473 1596 clamare
3513 1543 3582 1595 ad
3615 1542 3789 1611 singultu
3854 1542 3855 1612 ς

2285 1643 2340 1688 et
2366 1632 2717 1702 Septuaginta
2739 1632 2906 1687 editio
2932 1633 3103 1702 magis
3144 1632 3428 1702 significet
3468 1631 3784 1700 plurimam

2283 1722 2620 1791 interpretati
2650 1731 2777 1776 sunt
2805 1736 2819 1774 :
2846 1720 3127 1791 Serapbim
3144 1722 3365 1776 stabant
3396 1722 3461 1774 in
3484 1721 3689 1775 circuito
3704 1721 3781 1787 ejus.

2283 1814 2437 1880 Quod
2463 1814 2507 1868 si
2532 1815 2599 1870 de
2624 1815 2833 1868 duobus
2859 1814 3146 1877 diceretur,
3172 1830 3278 1868 non
3303 1815 3356 1868 in
3392 1813 3642 1874 circuitu,
3662 1812 3776 1867 sedet

612 1892 860 1948 certatim
903 1892 1143 1962 proferre
1191 1895 1560 1950 testimonium
1604 1895 1871 1960 veritatis,
1920 1904 1977 1950 et
2020 1910 2182 1953 omne
2211 1915 2259 1974 Β
2287 1916 2516 1976 utraque
2547 1916 2697 1977 parte
2725 1906 3004 1961 dixissent.
3038 1908 3104 1960 Et
3130 1907 3233 1961 hoc
3260 1907 3412 1962 bene
3437 1906 3773 1972 convenam~

610 1984 754 2055 quod
794 1984 1029 2040 clamant
1075 1985 1358 2041 Trinitatis
1389 1996 1729 2043 sacramenta
1770 1995 2097 2055 monstrare,
2132 1999 2188 2043 et
2287 1998 2459 2053 lorum
2506 1999 2855 2063 multitudini,
2881 2013 3001 2067 quae
3030 1999 3084 2053 in
3130 2000 3223 2053 Dei
3255 2000 3619 2053 ministerium
3647 2012 3769 2068 ρπβ

612 2077 803 2133 mirari
843 2078 1151 2132 adinvicem
1175 2080 1317 2147 quod
1358 2079 1616 2134 Dominus
1647 2079 1914 2144 Sabaoth,
1952 2094 2074 2135 cum
2114 2080 2185 2136 sit

611 2168 668 2222 in
718 2167 892 2224 forma
937 2169 1033 2237 Dei
1077 2169 1292 2236 Patris,
1337 2169 1566 2225 formam
1612 2172 1753 2226 servi
1808 2174 2080 2243 acceperit
2124 2181 2184 2229 et

610 2258 976 2314 humiliaverit
999 2275 1059 2314 se
1081 2274 1251 2328 usque
1277 2260 1342 2316 ad
1378 2269 1628 2326 mortem,
1655 2270 1713 2316 et
1738 2271 1969 2318 mortem
2003 2266 2180 2321 crucis

607 2348 866 2420 (Philipp.
898 2352 985 2423 n);
1016 2360 1071 2408 et
1095 2369 1465 2423 nequaquam,
1496 2363 1555 2409 ut
1581 2356 1751 2425 prius,
1778 2357 2021 2414 omlestia
2054 2374 2178 2415 eum

608 2445 950 2509 tantum,sed
975 2453 1031 2498 et
1056 2452 1267 2500 terrena
1298 2458 1646 2517 cognoscant.

677 2599 696 2631 ι
746 2579 816 2635 Ει
859 2590 1126 2638 commota
1176 2595 1301 2638 sunt
1334 2584 1761 2654 superliminaria
1794 2586 2085 2658 gardinum
2143 2602 2173 2642 a

601 2683 732 2724 voce
758 2669 1059 2735 clamantis,
1086 2679 1141 2725 et
1178 2672 1370 2727 domus
1406 2673 1618 2742 impleta
1652 2676 1735 2729 est
1781 2672 1942 2729 fumo.
1997 2694 2014 2725 ›
2051 2675 2173 2730 Cla-

599 2761 870 2816 mantibus
896 2762 1244 2832 seraphim'et
1266 2765 1318 2818 in
1347 2773 1454 2819 tota
1492 2774 1632 2820 terra
1659 2764 1935 2822 Trinitatis
1974 2776 2170 2838 myste-

596 2853 735 2907 rium
759 2854 1191 2923 praedicantibus,
1236 2857 1451 2926 quando
1481 2858 1781 2927 passionem
1819 2859 2027 2914 Domini
2060 2859 2169 2914 sal-

596 2944 799 2998 vatoris
841 2951 984 2999 terra
1008 2946 1258 3001 universa
1296 2948 1566 3017 cognovit,
1612 2949 1796 3002 statim
1836 2932 2199 3005 commotum-

593 3024 699 3098 est,
724 3035 839 3090 sive
873 3036 1140 3090 sublatum
1172 3038 1416 3093 liminare
1449 3040 1648 3109 templi,
1679 3048 1733 3094 et
1762 3055 1949 3095 omnes
1992 3041 2164 3113 cardi-

592 3137 689 3178 nes
719 3124 1070 3179 conciderunt
1098 3127 1151 3181 in
1181 3127 1393 3197 plateis,
1428 3129 1723 3184 Salvatoris
1746 3131 2164 3187 comminatione

590 3212 849 3279 dicentis;
887 3234 905 3266 ι
934 3213 1291 3288 Relinquetur
1330 3220 1480 3273 vobis
1505 3221 1693 3275 domus
1721 3229 1901 3276 veStra
1946 3221 2158 3277 deserta

587 3302 802 3373 (Matth.
837 3306 1013 3377 XXIII).
1065 3326 1083 3360 ι
1133 3308 1195 3363 Et
1215 3324 1373 3379 quam
1404 3310 1625 3380 pulcher
1645 3314 1727 3367 eSt
1759 3313 1858 3367 iste
1882 3313 2017 3368 ordo
2044 3329 2161 3369 ver-

585 3394 797 3448 borum.
838 3395 1123 3466 Postquam
1152 3401 1294 3454 enim
1320 3408 1465 3455 terra
1502 3402 1703 3471 repleta
1726 3411 1807 3457 est
1844 3403 2011 3472 gloria
2050 3403 2158 3459 Do-

590 3485 721 3537 mini
763 3484 1031 3550 Sabaoth,
1065 3487 1368 3543 Judzeorum
1428 3491 1684 3567 templum
1750 3492 2025 3564 impletum
2077 3500 2162 3547 est

587 3576 907 3646 ignorantiae
945 3580 1200 3645 tenebris,
1226 3589 1281 3634 et
1316 3582 1564 3653 caligine,
1588 3591 1641 3639 et
1664 3581 1810 3639 fumo
1842 3584 1930 3653 qui
1966 3585 2159 3641 noxius

581 3676 665 3722 est
693 3669 882 3723 oculis.
919 3670 1010 3725 Vel
1050 3680 1197 3727 certe
1240 3688 1338 3743 per
1359 3672 1563 3728 fumum
1604 3674 1789 3744 templi
1826 3683 2157 3732 monstratur

582 3762 907 3816 incendium.
933 3762 1091 3818 Prius
1110 3766 1252 3819 enim
1276 3765 1621 3837 Evangelium
1645 3766 1941 3824 Salvatoris
1962 3769 2017 3823 in
2041 3776 2155 3824 toto

576 3852 707 3905 urbe
757 3852 1107 3921 praedicatum
1138 3864 1243 3915 est,
1276 3863 1332 3909 et
1373 3864 1494 3924 post
1531 3857 1887 3929 quadraginta
1922 3864 1975 3913 et
2019 3862 2154 3916 duos

575 3957 749 3997 annos
794 3944 1082 3999 Dominicae
1133 3946 1419 4014 passionis,
1456 3956 1610 4017 capta
1638 3946 1971 4004 Hierusalem
2014 3932 2149 4005 tem-

572 4032 831 4102 plumque
850 4048 1166 4089 succensum
1195 4043 1296 4089 est.

651 4185 669 4216 ι
698 4165 765 4220 Et
796 4166 905 4220 dixi
947 4185 958 4219 :
995 4167 1087 4221 Vae
1125 4167 1255 4221 mihi
1287 4169 1410 4239 quia
1461 4170 1621 4236 tacui,
1689 4171 1811 4241 quia
1843 4172 1927 4227 vir
1976 4172 2148 4245 pollu-

577 4265 662 4311 tus
701 4256 860 4312 labiis
895 4273 996 4330 ego
1025 4273 1167 4321 sum,
1199 4268 1254 4315 et
1286 4260 1339 4314 in
1375 4260 1549 4319 medio
1582 4263 1759 4333 populi
1814 4263 2012 4334 polluta
2065 4265 2142 4320 la-

570 4348 656 4402 bia
692 4349 939 4403 habentis
977 4364 1079 4421 ego
1110 4350 1312 4416 habito,
1338 4359 1391 4406 et
1433 4368 1610 4423 regem
1651 4354 1934 4410 Dominum
1982 4373 2138 4413 exer-

567 4437 773 4493 cituum
807 4436 911 4493 vidi
944 4439 1113 4495 oculis
1152 4443 1305 4496 meis.
1357 4462 1376 4495 »
1430 4442 1536 4498 Sed
1567 4452 1622 4499 et
1662 4446 1937 4503 Abraham
1980 4448 2133 4520 (Cen.

2284 2098 2401 2144 rata
2416 2078 2524 2144 'est.
2558 2088 2841 2158 Seraphim
2866 2098 3042 2143 autem
3078 2089 3268 2159 plurali
3302 2104 3545 2143 numero
3569 2089 3763 2158 lp’ellals!

2281 2187 2339 2233 et
2360 2179 2647 2248 singulari,
2680 2180 2734 2233 id
2762 2188 2846 2234 est
2883 2178 3113 2248 Serapb,
3142 2179 3283 2234 sicut
3312 2180 3610 2234 Cherubin:
3629 2188 3665 2232 et
3687 2180 3762 2230 (te

2279 2269 2401 2324 rnb.
2429 2270 2582 2335 Quod
2609 2269 2780 2324 altare
2805 2271 2904 2324 sub
2928 2286 3039 2339 quo
3069 2270 3263 2325 animm
3296 2279 3598 2341 martyrum
3625 2272 3662 2323 in
3679 2268 3757 2322 celi

2277 2374 2403 2420 sunt
2428 2365 2509 2437 (ut
2553 2364 2789 2420 Joannes
2822 2364 2877 2418 in
2905 2363 3225 2434 Apocalypsi
3265 2363 3524 2433 loquitur
3549 2364 3744 2434 (Apuani,

2278 2458 2625 2528 intelligimus
2658 2457 2830 2512 altare
2862 2456 3071 2512 Domini
3104 2457 3321 2526 plenum
3343 2471 3484 2511 esse
3503 2452 3735 2515 carinis.

2274 2547 2378 2601 hoc
2414 2550 2519 2610 e‘st,
2550 2547 2732 2617 ignitis
2759 2545 2981 2609 calculis
3007 2546 3091 2599 vel
3120 2547 3331 2616 prunis,
3362 2556 3741 2617 poetarum

2274 2637 2434 2691 tibus.
2482 2636 2633 2691 Unde
2662 2637 2919 2706 scriptum
2957 2637 3023 2690 de
3062 2636 3171 2691 Deo
3209 2636 3451 2706 legimus
3482 2656 3496 2690 :
3529 2655 3544 2687 t
3574 2636 3748 2690 (brius

2270 2728 2518 2782 succensi
2541 2735 2666 2782 sunt
2688 2727 2757 2781 ab
2784 2742 2851 2783 eo
2876 2724 3049 2797 (Psal.
3074 2727 3227 2797 xvu).
3267 2748 3286 2778 ι
3319 2726 3394 2781 Et
3416 2727 3488 2782 de
3504 2728 3602 2795 ipso
3619 2722 3751 2778 Decii-

2270 2819 2429 2883 citur,
2448 2818 2588 2887 quod
2608 2837 2625 2867 ‹
2649 2818 2789 2888 ignis
2811 2833 3136 2873 consumens
3157 2827 3243 2872 est
3266 2817 3455 2887 (Deut.
3471 2818 3564 2889 iv).
3585 2816 3657 2869 ιΕι
3673 2813 3750 2867 Sal-

2268 2919 2424 2962 vator
2451 2908 2505 2963 in
2529 2909 2818 2978 Evangelia
2845 2928 2864 2961 ι
2898 2911 3079 2981 ignem
3101 2910 3226 2963 veni
3250 2911 3472 2966 mittere
3494 2912 3540 2965 in
3560 2921 3748 2969 terram,»

2266 3012 2327 3057 ut
2367 3003 2632 3073 baptizem
2683 3022 2701 3053 ι
2758 3003 2813 3056 in
2852 3001 3060 3072 Spiritu
3099 3010 3287 3058 sancto
3322 3013 3400 3059 .et
3438 3004 3533 3075 igni
3565 3002 3677 3072 (Lac.
3704 3016 3746 3061 n;

2266 3091 2458 3145 Matth.
2475 3093 2578 3164 ιιι).
2603 3112 2620 3143 ›
2642 3090 3072 3163 Uniuscujusque
3100 3093 3246 3147 enim
3271 3110 3411 3164 opus
3428 3096 3562 3165 quale
3573 3095 3641 3155 sit,
3656 3093 3750 3160 ignis

2264 3181 2537 3251 probabit.
2580 3181 2645 3235 Et
2676 3184 2768 3251 qui
2811 3182 3098 3236 salvandus
3145 3194 3230 3238 est
3278 3184 3361 3238 sic
3395 3184 3604 3244 salvawr,
3631 3179 3746 3248 quasi

2184 3268 2233 3331 C
2262 3288 2358 3342 per
2381 3274 2558 3342 ignem
2587 3275 2880 3331 transierit.
2924 3275 2991 3331 Et
3026 3275 3131 3330 hoc
3152 3277 3429 3332 notandum
3447 3274 3563 3342 quod
3587 3270 3739 3325 adle-

2264 3362 2489 3417 remiam
2536 3363 2739 3420 dictum
2784 3373 2869 3420 est
2898 3380 2912 3417 :
2948 3384 2967 3416 t
3004 3364 3322 3435 Priusquam
3346 3374 3391 3419 ts
3428 3364 3657 3417 (ortam
3682 3359 3726 3414 in

2260 3461 2432 3517 utero,
2467 3454 2588 3509 novi
2619 3463 2691 3521 te;
2719 3463 2776 3510 et
2794 3455 2851 3510 in
2871 3455 3032 3511 vulva
3054 3456 3253 3513 matris
3272 3454 3615 3512 sanctiﬁcante
3629 3450 3737 3521 (la.

2256 3543 2297 3613 ι)
2336 3562 2349 3598 ;
2402 3563 2419 3593 ι
2455 3545 2580 3613 quia
2620 3544 2761 3600 labia
2794 3561 2898 3601 non
2920 3546 3155 3601 habebat
3184 3546 3740 3613 immunda,de

2257 3633 2468 3689 dixerat
2492 3653 2504 3688 :
2530 3634 2903 3705 Nescioloqui,
2925 3635 3277 3706 quiajuvenis
3296 3653 3435 3694 sum.
3450 3636 3739 3704 Extenditipu

2254 3724 2515 3783 Dominus
2542 3741 2762 3782 manum
2807 3726 2959 3782 suam
3006 3737 3062 3783 et
3109 3728 3288 3796 tetigit
3314 3744 3382 3784 os
3405 3730 3527 3798 ejus.
3552 3726 3736 3783 etditit:

2252 3815 2393 3870 Ecce
2435 3817 2555 3871 dedi
2588 3817 2642 3872 in
2680 3832 2744 3872 os
2774 3824 2922 3873 tuum
2974 3833 3255 3873 sermones
3310 3834 3481 3874 meos.
3531 3817 3661 3872 Porro
3696 3816 3737 3869 ad

2249 3906 2467 3974 lsaiam,
2488 3908 2579 3977 qui
2600 3907 2815 3963 dixerat
2838 3927 2852 3962 :
2880 3928 2899 3960 ι
2926 3909 3020 3964 Vir
3042 3908 3280 3980 pollutus
3308 3910 3472 3965 labiis
3488 3925 3578 3979 ego
3592 3914 3739 3969 δειλά

2251 3998 2304 4053 in
2338 3998 2517 4053 medio
2542 3998 2723 4068 populi
2744 3999 2944 4069 polluta
2966 4001 3106 4056 labia
3138 4001 3392 4059 habentis
3415 4018 3513 4074 ego
3532 4002 3673 4059 habito
3693 4015 3736 4048 τι

2250 4104 2355 4144 non
2393 4088 2488 4143 Dei
2524 4104 2718 4145 manus
2760 4091 3076 4160 porrigitur,
3108 4093 3203 4148 sed
3250 4096 3527 4164 serapbim
3562 4093 3738 4147 mittitur.

2247 4179 2437 4235 Manus
2472 4179 2721 4254 autemla
2762 4180 2988 4243 Domino
3025 4192 3081 4238 et
3132 4199 3164 4238 a
3210 4183 3424 4255 Seraph
3462 4187 3681 4245 mittitur.
3704 4190 3739 4233 εί

2245 4273 2508 4342 propheta
2541 4274 2621 4328 sui
2645 4275 2888 4345 corporis
2907 4276 3211 4332 membrum
3238 4278 3438 4334 videns
3466 4289 3658 4341 tactum.
3675 4289 3738 4329 est

2244 4375 2511 4422 terreatur
2563 4369 2629 4425 de
2676 4377 2922 4426 externo.
2983 4371 3213 4438 Quidam
3280 4382 3468 4429 autem
3517 4382 3737 4428 nostrum

2240 4458 2498 4530 forcipem
2530 4476 2637 4531 quo
2670 4458 2911 4519 calculus
2949 4464 3453 4533 comprehenditur,
3496 4466 3593 4519 duo
3622 4463 3740 4516 Tcslr

565 4530 686 4602 mi)
742 4540 1025 4603 postquam
1073 4533 1207 4588 vidit
1258 4533 1540 4591 Dominum
1592 4547 1647 4591 et
1695 4539 1896 4596 audivit
1948 4557 2135 4598 vocem
2164 4622 2201 4627 _
2237 4559 2417 4605 menta
2442 4560 2636 4619 putant
2675 4567 2838 4623 :quae
2877 4553 3020 4610 inter
3049 4530 3108 4609 se
3145 4556 3318 4610 sancti
3350 4555 3590 4627 Spiritus
3612 4554 3742 4609 uni-st

563 4618 699 4688 ejus,
730 4629 929 4696 terram
976 4630 1032 4676 et
1057 4624 1297 4678 cinerem
1341 4640 1401 4679 se
1428 4641 1549 4681 esse
1584 4627 1732 4683 dicit.
1762 4629 1975 4703 Plangit
2000 4649 2127 4704 pro-
2159 4622 2214 4682 Ι)
2238 4618 2533 4697 sociantur.
2735 4618 2752 4623 ⁷
3397 4618 3418 4627 ’
3586 4704 3599 4707 _

563 4712 750 4807 pheta.
774 4727 863 4807 se,
919 4714 1060 4807 quod
1076 4729 1180 4769 non
1233 4716 1405 4770 fuerat
1468 4717 1659 4789 dignus
1706 4719 1927 4777 laudare
1951 4723 2131 4781 Domi-
2311 4753 2331 4784 ι
2358 4733 2425 4788 Et
2452 4735 2632 4790 audivi
2658 4748 2845 4792 vocem
2872 4739 3083 4794 Domini
3104 4739 3365 4795 dicentis:
3388 4739 3563 4807 Quem
3582 4737 3743 4793 alim

561 4817 688 4901 num
718 4799 1108 4901 sabao-t-h-cum
1139 4807 1429 4878 seraphim,
1467 4824 1604 4880 quas
1625 4813 1895 4889 angelicas
1916 4814 2128 4872 fortitu-
2229 4825 2426 4893 etquis
2446 4825 2626 4879 ibitex
2656 4827 2846 4883 nobis?
2867 4829 2934 4884 Et
2958 4830 3068 4885 dixi
3099 4846 3113 4882 :
3144 4830 3284 4886 Ecce
3304 4799 3443 4901 ego:
3467 4831 3612 4884 mitte
3633 4839 3742 4880 me!

558 4890 711 4945 dines
759 4891 1102 4964 intelligimus
1144 4909 1283 4953 esse.
1331 4896 1443 4952 Non
1475 4898 1576 4955 fuit
1603 4910 1781 4956 autem
1817 4918 1978 4960 ausus
2012 4905 2125 4960 lau-
2229 4890 2454 4982 Quando
2490 4932 2556 4972 ex
2592 4918 2688 4973 Dei
2714 4933 2943 4988 persona
2971 4921 3170 4975 dicitur
3192 4890 3367 4984 nobis:
3530 4933 3667 4975 sensu
3693 4928 3747 4968 st-

557 4987 685 5040 dare
712 4986 903 5052 Deum,
934 4988 1060 5059 quia
1099 4988 1237 5044 labia
1275 4991 1505 5047 habebat
1542 4996 1836 5049 immunda.
1882 4997 1948 5051 Et
1994 5015 2120 5068 pro-
2226 5010 2530 5078 cipiendum
2555 5021 2659 5074 est,
2689 4986 2796 5082 quo
2821 5014 2953 5068 etin
2993 5013 3189 5068 Genesi
3221 5013 3444 5084 legitur.
3476 5033 3495 5064 ε
3533 5010 3748 5067 Facias!

553 5083 737 5145 pterea
776 5076 916 5131 labia
952 5078 1185 5134 habebat
1222 5080 1516 5149 immunda,
1548 5084 1673 5155 quia
1695 5101 1815 5141 cum
1840 5098 2124 5158 peccatore
2230 5076 2501 5154 honiinem
2553 5102 2619 5155 ad
2656 5076 2945 5174 imaginem
2998 5112 3054 5159 et
3105 5076 3521 5161 simltiiudinem
3569 5108 3747 5157 ιιοςιηι

551 5166 747 5235 populo
774 5169 1110 5224 versabatur.
1142 5170 1238 5225 Vel
1273 5182 1419 5226 certa
1462 5173 1534 5227 ita
1564 5182 1646 5230 est
1673 5176 2074 5247 intelligendum
2102 5197 2115 5234 ε
2230 5188 2482 5261 (ϐεη.ι),ι
2502 5199 2561 5245 ut
2581 5166 2975 5249 sacramentum
3000 5195 3198 5251 indicet
3212 5195 3517 5250 Trinitatis.
3531 5188 3750 5261 ()qu

551 5257 684 5321 Quia
727 5257 868 5310 tacui
894 5266 949 5312 et
995 5275 1098 5313 non
1135 5260 1394 5316 audacter
1437 5262 1619 5319 Oziam
1668 5281 1846 5338 regem
1897 5270 2117 5339 impimn
2226 5257 2369 5334 enim
2410 5257 2469 5334 'in
2498 5281 2789 5353 Evangelia
2827 5283 3053 5354 legimus
3078 5285 3291 5341 {Hieme
3612 5279 3748 5349 (Jul.

550 5349 807 5445 corripui,
830 5350 950 5404 ideo
972 5350 1112 5405 labia
1140 5368 1253 5407 mea
1280 5354 1552 5411 immunda
1575 5369 1717 5424 sunt,
1741 5370 1794 5416 et
1816 5361 2003 5418 laudes
2023 5365 2119 5419 Do-
2225 5369 2281 5440 χ)
2306 5390 2317 5425 :
2355 5390 2372 5421 ‹
2402 5372 2515 5442 Ego
2535 5381 2588 5429 et
2608 5349 2769 5428 Pater
2790 5349 2956 5430 unum
2980 5392 3186 5441 sumus,
3220 5397 3239 5429 ι
3266 5393 3433 5433 unum
3456 5378 3531 5433 ad
3550 5383 3750 5430 natan-

549 5436 681 5492 miai
705 5453 827 5493 cum
869 5441 1072 5512 angelis
1097 5452 1317 5499 cantare
1351 5461 1455 5501 non
1488 5449 1680 5516 audeo,
1712 5467 1777 5506 ne
1804 5454 1932 5529 mihi
1962 5454 2114 5510 dica-
2222 5436 2597 5522 referimuset
2622 5480 2807 5521 manus
2830 5466 2897 5521 ad
2911 5482 3263 5536 personarum
3282 5469 3646 5524 diversitatem
3667 5462 3752 5518 :sit

550 5538 677 5584 tur:
717 5552 735 5582 ‹
770 5532 949 5600 Quare
989 5545 1043 5590 tu
1074 5552 1294 5595 enarras
1327 5538 1567 5610 justitias
1599 5559 1764 5609 meas,
1793 5555 1849 5601 et
1884 5551 2116 5606 assumis
2221 5552 2447 5609 Domino
2473 5555 2711 5623 jubente.
2750 5532 2987 5629 Trinitas
3008 5544 3253 5628 imperat.
3290 5558 3588 5629 Propterea
3613 5564 3752 5609 ξω

547 5628 927 5678 testamentum
950 5641 1127 5681 meum
1155 5645 1254 5698 per
1277 5645 1338 5685 os
1358 5640 1506 5686 tuum
1527 5633 1698 5705 (Psal.
1724 5636 1915 5709 xux)?
1948 5658 1967 5690 ι
1998 5638 2114 5696 Non
2218 5662 2326 5702 nou
2348 5648 2481 5703 dicit
2508 5649 2766 5707 Dominus
2790 5628 2950 5723 quem
2982 5654 3062 5708 ire
3086 5656 3516 5725 prmeipiaLsed
3545 5649 3752 5726 μηνωίί

543 5723 628 5767 est
650 5717 792 5770 enim
824 5717 1045 5787 pulchra
1076 5718 1310 5775 laudatio
1332 5723 1384 5777 in
1414 5739 1508 5779 ore
1532 5726 1853 5795 peccatoris.
1886 5726 1997 5783 Hoc
2018 5746 2113 5785 au-
2216 5738 2555 5795 audientibus
2576 5717 2870 5811 optionem,
2911 5752 2970 5798 ut
2998 5717 3568 5818 voluntas-praemium

548 5816 651 5861 tem
678 5809 904 5864 dicimus
920 5812 1176 5883 nonquod
1205 5812 1395 5867 Isaiam
1422 5816 1583 5871 talem
1609 5818 1773 5873 fuisse
1799 5819 2106 5886 doceamus,
2216 5838 2430 5899 quatur.
2484 5833 2553 5888 Et
2580 5809 2841 5906 propheta
2886 5853 2993 5893 non
3030 5809 3337 5897 temeritaie
3378 5853 3437 5898 et
