3918 6450
2076 306 2157 355 ἕῖῦ

166 358 271 466 7S7
1254 403 1608 465 COIMENT.
1647 402 1716 459 IN
1750 399 2003 459 ISAIAM.
2042 432 2111 443 —
2145 399 2275 457 LIB.
2310 399 2377 457 11.
3297 398 3403 456 758

165 519 397 592 proprias
435 518 780 576 conscientia:
820 533 881 574 se
926 519 1008 575 ire
1034 518 1303 589 promittit
1339 536 1355 572 :
1409 517 1504 573 sed
1542 515 1736 571 ﬁducia
1764 512 2116 577 Adilatatus,
2162 523 2217 568 et
2241 513 2437 569 oblitus
2482 510 2754 567 Creatorts
2794 511 2897 566 sui.
2930 510 3192 581 Propheta
3223 522 3405 570 autem

164 613 321 669 bona:
334 613 468 682 spei,
486 599 737 682 quoniam
762 621 989 683 purgata
1005 619 1129 666 sunt
1145 611 1291 666 labia
1302 609 1440 681 ejus,
1454 608 1738 692 ablataque
1839 604 2149 673 respondet,
2167 603 2466 674 quaeritque
2484 601 2745 657 sollicitus
2759 602 2824 657 de
2836 603 3031 674 populo
3052 618 3151 659 suo
3172 622 3185 658 :
3205 604 3407 675 Usque-

168 702 442 773 iniquitas,
466 703 891 771 mundatumque
916 711 1224 773 peccatum.

245 816 263 849 ι
304 798 373 853 Et
387 798 525 854 dixit
548 813 563 852 :
588 797 752 863 Vade,
772 806 832 853 et
857 798 944 854 dic
962 800 1158 872 populo
1180 802 1305 856 huic
1332 817 1346 855 :
1372 796 1564 856 Audite
1593 799 1741 854 audi-

168 897 249 953 tu,
290 896 347 943 et
385 888 551 943 nolite
592 887 937 959 intelligere:
969 898 1024 944 et
1074 890 1251 946 videte
1285 891 1427 956 visu,
1474 897 1532 946 et
1573 889 1738 945 nolite

165 993 515 1048 cognoscere.
543 978 766 1033 Excaeea
801 994 897 1033 cor
922 980 1101 1050 populi
1142 981 1321 1050 hujus,
1366 988 1423 1035 et
1446 994 1601 1034 aures
1622 980 1738 1050 ejus

166 1086 418 1139 aggrava,
439 1080 494 1125 et
516 1070 702 1125 oculos
727 1069 847 1140 ejus
874 1071 1084 1137 claude,
1109 1088 1176 1127 ne
1202 1071 1339 1127 forte
1364 1073 1544 1126 videat
1564 1071 1737 1126 oculis

167 1160 277 1213 suis
303 1170 358 1213 et
382 1160 602 1214 auribus
624 1161 823 1223 audiat,
856 1169 910 1214 et
938 1163 1099 1216 corde
1122 1162 1407 1232 intelligat,
1437 1169 1490 1217 et
1512 1176 1737 1218 conver-

168 1259 311 1305 tatur
337 1261 391 1305 et
418 1260 654 1309 sanetur.
685 1274 706 1305 a
734 1253 851 1320 Quo
879 1263 1054 1309 autem
1078 1256 1188 1310 haec
1213 1258 1492 1326 prophetia
1522 1258 1735 1327 impleta

165 1343 237 1396 sit
274 1351 534 1413 tempore,
569 1346 672 1399 hoc
697 1357 750 1400 ct
778 1348 1051 1415 apostolus
1080 1348 1279 1404 Paulus
1316 1351 1369 1404 in
1399 1366 1734 1421 consequen-

165 1433 307 1487 tibus
338 1434 601 1504 loquitur:
623 1435 813 1492 Notu-m
829 1440 899 1494 sit
910 1454 1039 1508 ergo
1057 1442 1209 1495 vobis
1223 1443 1473 1510 quoniam
1492 1444 1737 1513 gentibus

168 1524 389 1579 missum
416 1536 501 1581 est
520 1528 620 1583 hoc
642 1528 879 1585 salutare
900 1531 1018 1593 Dei,
1045 1531 1145 1600 ipsi
1165 1532 1402 1586 audient.
1431 1533 1582 1588 Unde
1602 1542 1658 1587 et
1681 1534 1733 1588 in

166 1615 369 1670 eisdem
401 1618 623 1673 Actibus
658 1622 1023 1688 apostolorum
1049 1622 1276 1692 legimus
1300 1625 1440 1693 quod
1466 1624 1665 1679 Paulus
1679 1633 1735 1680 et

163 1703 438 1763 Barnabas
458 1707 655 1765 Judaeis
671 1712 976 1768 nolentibus
987 1716 1208 1769 credere
1226 1716 1460 1770 dixerint
1484 1731 1498 1769 :
1519 1736 1537 1767 ‹
1568 1718 1733 1773 Vobis

165 1799 693 1867 oportebatprimum
718 1801 861 1870 loqui
879 1805 1099 1859 verbum
1117 1807 1229 1871 Dei,
1259 1808 1350 1861 sed
1376 1808 1626 1876 quoniam
1644 1824 1731 1863 re-

165 1887 363 1954 pellitis
388 1888 537 1952 illud,
569 1900 624 1945 et
651 1893 901 1960 indignos
943 1912 1040 1952 vos
1062 1898 1317 1972 judicatis
1345 1910 1559 1955 aeterna:
1583 1902 1728 1966 vitae,

46 2002 65 2017 ο
167 1990 294 2031 ecce
336 1981 701 2037 convertimur
723 1985 789 2038 ad
819 1996 1007 2055 gentes
1038 1987 1174 2059 (Act.
1207 1990 1348 2061 xm).
1388 2010 1407 2043 ι
1451 1992 1544 2047 Sic
1587 1994 1731 2048 enim

168 2068 423 2136 praecepit
443 2071 594 2125 nobis
615 2072 895 2141 Dominus,
929 2078 1113 2134 dicens
1142 2097 1154 2132 :
1193 2098 1212 2131 ί
1249 2081 1408 2137 Posui
1438 2092 1491 2137 te
1522 2084 1578 2137 in
1607 2100 1736 2155 gen-

166 2156 314 2211 tibus
342 2158 541 2226 lumen,
570 2171 629 2218 ut
666 2165 743 2219 sis
776 2166 828 2220 in
859 2168 1086 2223 salutem
1116 2187 1285 2241 usque
1334 2173 1400 2227 ad
1432 2183 1734 2230 extremum

166 2256 325 2304 terra:
354 2250 486 2322 (lsa.
508 2255 678 2327 XLIX).
694 2256 837 2312 »Νοιι
865 2268 947 2313 est
971 2263 1258 2318 crudelitas
1282 2263 1395 2329 Dei,
1415 2267 1507 2319 sed
1532 2267 1737 2321 miscri-

166 2342 372 2406 cordia,
406 2359 562 2398 unam
592 2348 767 2414 perire
806 2358 1042 2419 gentem,
1076 2362 1133 2407 ut
1153 2370 1342 2409 omnes
1362 2355 1525 2410 salva:
1552 2356 1682 2410 fiant
1714 2374 1730 2409 :

163 2426 471 2485 Iudaeorum
524 2442 730 2501 partem
779 2452 885 2490 non
923 2439 1126 2504 videre,
1176 2450 1233 2495 ut
1266 2444 1447 2498 cannis
1503 2445 1736 2500 mundus

166 2520 409 2587 aspiciat.
442 2520 595 2577 Unde
627 2534 682 2579 et
716 2525 829 2594 ipse
854 2528 1108 2583 Dominus
1131 2530 1185 2583 in
1212 2531 1527 2603 Evangelia,
1553 2548 1735 2589 sacra-

165 2619 402 2666 mentum
460 2616 588 2670 cmci
656 2632 685 2671 a
743 2619 1041 2684 nativitate,
1073 2622 1162 2690 qui
1207 2633 1486 2693 receperat
1524 2627 1730 2692 oculos,

167 2703 330 2756 vertit
366 2704 435 2759 ad
466 2707 817 2777 trepologiam
862 2718 917 2763 et
960 2711 1089 2765 dicit
1137 2730 1150 2766 :
1201 2731 1221 2764 ι
1264 2713 1321 2767 ln
1344 2712 1604 2783 judicium
1634 2733 1734 2788 ego

167 2792 288 2847 veni
320 2793 370 2847 in
402 2795 544 2849 hunc
580 2800 863 2866 mundum,
912 2809 972 2856 ut
1006 2803 1249 2860 videntes
1274 2820 1377 2859 non
1409 2806 1645 2873 videant,
1683 2816 1737 2864 et

166 2882 413 2940 videntes
452 2887 578 2947 caeci
604 2886 735 2944 ﬁant
760 2890 941 2961 (lacn.
974 2893 1072 2964 Ix).
1128 2912 1146 2947 ι
1197 2894 1264 2949 Et
1289 2895 1342 2949 in
1368 2895 1473 2950 alio
1500 2897 1617 2952 loco
1650 2898 1734 2953 Si-

166 2988 323 3029 meon
368 2975 638 3047 loquitur:
680 2998 698 3031 ι
730 2980 868 3037 Ecce
897 2985 1104 3052 positus
1129 2992 1211 3039 est
1240 2986 1337 3055 hic
1364 2985 1418 3039 in
1440 2986 1648 3041 ruinam
1676 2997 1733 3043 et

164 3071 613 3127 resurrectionem
632 3073 915 3129 multorum
934 3075 1084 3147 (Luc.
1108 3076 1191 3147 ιι).
1217 3095 1235 3128 ι
1264 3078 1328 3145 Et
1348 3078 1452 3134 illis
1475 3088 1730 3150 tanquam

1836 711 1944 766 quo
1989 696 2105 749 haec
2142 695 2407 750 sententia
2436 693 2794 764 permanebit,
2835 702 2897 748 ut
2923 694 3148 749 audiens
3177 709 3282 750 non
3309 710 3408 749 au—

1837 788 1967 851 diat,
1991 785 2285 855 vidensque
2313 801 2418 841 non
2448 784 2661 840 videat?
2683 783 2782 840 Cui
2807 785 3085 856 respondit
3108 783 3400 841 Dominus:

1838 879 1968 933 Tam
1998 878 2089 932 diu
2124 893 2229 932 non
2270 877 2452 931 audiet
2489 883 2544 929 et
2576 891 2683 930 non
2718 877 2937 942 videbit,
2973 885 3029 932 et
3073 872 3401 933 excaecatum

1838 972 2057 1028 habebit
2107 987 2219 1033 cor,
2261 972 2429 1026 donec
2462 971 2712 1027 civitates
2730 969 3035 1028 Judaeorum
3076 970 3405 1041 Vespasiano

1839 1063 2065 1135 Titoque
2102 1064 2461 1135 pugnantibus
2498 1064 2707 1132 penitus
2742 1064 3122 1119 subvertantur
3153 1079 3167 1115 :
3203 1062 3256 1115 in
3288 1068 3406 1115 tan-

1836 1166 1951 1211 tum
1982 1166 2037 1211 ut
2076 1172 2174 1212 nec
2204 1171 2395 1211 nomen
2425 1155 2637 1224 quidem
2664 1157 2950 1227 pristinum
2989 1161 3324 1226 permaneat,
3350 1161 3408 1210 et

1835 1248 2049 1313 domus,
2080 1249 2127 1303 si
2166 1263 2284 1318 quae
2311 1248 2689 1313 remanserint,
2726 1248 2842 1302 sine
2869 1249 3174 1302 habitatore
3192 1247 3320 1311 sint,
3352 1253 3407 1300 et

1838 1349 1981 1395 terra
2030 1340 2303 1410 redigatur
2338 1339 2391 1393 in
2426 1339 2790 1403 solitudinem,
2824 1347 2879 1393 et
2918 1339 3003 1393 vel
3034 1337 3156 1410 fuga
3193 1337 3279 1391 vel
3320 1352 3409 1393 cae

1835 1432 2081 1501 ptivitate
2107 1432 2158 1485 in
2188 1440 2358 1486 totum
2388 1432 2572 1485 orbem
2604 1429 2860 1484 ludaicus
2885 1430 3111 1498 p0pulus
3133 1429 3408 1499 disperga-

1834 1531 1942 1586 tur,
1968 1532 2022 1578 et
2048 1537 2384 1592 nequaquam
2419 1522 2471 1575 in
2495 1519 2678 1575 Judzra
2717 1528 2776 1573 ut
2802 1521 2972 1588 prius,
3000 1520 3094 1574 sed
3118 1519 3170 1572 in
3195 1518 3407 1573 cunctis

1835 1613 2082 1682 gentibus
2111 1610 2415 1666 ludmorum
2446 1611 2675 1679 populus
2697 1609 3096 1680 multiplicetur.
3126 1608 3278 1674 Quod
3309 1623 3405 1661 au-

1834 1714 1941 1759 tem
1964 1704 2109 1763 dicit,
2151 1703 2553 1772 multiplicetur,
2600 1710 2748 1755 tanta
2796 1702 2900 1755 erit
2941 1700 3228 1755 infelicitas
3275 1697 3411 1752 resi-

1834 1796 1924 1850 dui
1950 1795 2149 1865 populi,
2198 1803 2256 1848 ut
2282 1793 2348 1847 ad
2378 1793 2834 1863 comparationem
2882 1791 3078 1861 prioris
3104 1788 3407 1844 multitudi-

1758 1865 1807 1926 Β
1835 1888 1920 1942 nis
1940 1889 2031 1941 vix
2064 1887 2269 1942 decima
2314 1901 2439 1957 pars
2468 1892 2762 1949 remaneat,
2794 1899 2915 1938 cum
2939 1891 2991 1937 et
3022 1883 3073 1936 in
3097 1883 3211 1952 ipsa
3263 1890 3406 1937 terra

1835 1979 1997 2034 fuerit
2042 1977 2295 2034 solitudo.
2340 1977 2636 2047 Dupliciter
2670 1978 2811 2030 enim
2866 1974 3017 2029 locus
3044 1975 3145 2029 iste
3180 1973 3405 2044 intelligi

1836 2079 2043 2140 potest:
2073 2071 2199 2140 quia
2226 2070 2431 2124 decima
2461 2068 2668 2138 pars'in
2710 2075 2822 2121 toto
2841 2068 2972 2122 orbe
3007 2073 3306 2129 remaneat,
3351 2072 3408 2120 et

1836 2162 1890 2217 in
1926 2163 2044 2231 ipsa
2091 2161 2273 2216 Jualtea
2326 2163 2411 2215 vix
2471 2176 2636 2231 parva
2685 2175 2814 2230 pars
2848 2159 3027 2230 pepuli
3081 2165 3405 2213 reservetur.

1837 2254 2072 2309 Rursum
2122 2254 2254 2323 ipsa!
2306 2253 2547 2323 reliquiae
2594 2262 2755 2307 erunt
2824 2253 2876 2304 in
2924 2251 3407 2320 depraedationem,

1836 2345 2051 2414 quando
2095 2351 2217 2413 post
2266 2359 2436 2399 annos
2485 2342 2654 2397 ferme
2706 2341 3093 2411 quinquaginta
3142 2338 3412 2394 Adrianus

1839 2437 2062 2501 venerit,
2088 2445 2142 2490 et
2161 2445 2356 2490 terram
2375 2434 2610 2490 Iudaeam
2627 2434 2838 2504 penitus
2865 2424 3408 2501 fueritdepraedatus:

1836 2526 1889 2580 in
1943 2532 2148 2579 tantum
2197 2534 2253 2578 ut
2303 2524 2603 2578 terebintho
2657 2532 2713 2577 et
2744 2522 2967 2592 quercui
3024 2537 3141 2591 qua:
3190 2520 3412 2592 glandes

1836 2616 2177 2680 amiserint,c-
2199 2624 2561 2685 comparetur.
2628 2614 2867 2684 Denique
2932 2620 3055 2685 post
3110 2622 3408 2667 extremam

1836 2713 2163 2775 vastitatem,
2191 2711 2353 2766 etiam
2378 2711 2520 2781 leges
2540 2709 2770 2781 publica
2794 2708 3185 2781 pependerunt,
3209 2717 3264 2764 et
3291 2722 3411 2779 pro-

1836 2804 1992 2860 hibiti
2022 2812 2147 2859 sunt
2173 2802 2339 2858 «ἰυᾶωὶ
2386 2814 2611 2870 terram,
2641 2805 2706 2859 de
2730 2819 2834 2874 qua
2864 2804 3019 2874 ejecti
3060 2804 3292 2867 fuerant,
3330 2802 3412 2855 in-

1835 2898 2006 2969 gredi.
2041 2895 2095 2952 Si
2127 2897 2249 2968 quis
2277 2906 2454 2953 autem
2485 2898 2775 2954 crediderit
2811 2898 2864 2953 in
2892 2896 3191 2961 Christum,
3223 2902 3277 2951 et
3311 2895 3411 2948 im-

1835 2988 2037 3057 pletum
2069 2987 2231 3043 fuerit
2262 2988 2390 3043 illud
2437 2990 2579 3059 quod
2609 3005 2773 3059 supra
2806 2988 3054 3061 legimus,
3084 2987 3187 3042 nisi
3230 2985 3413 3040 Domi-

1837 3096 1939 3134 nus
1967 3080 2204 3137 Sabaoth
2234 3080 2542 3150 reliquisset
2579 3079 2734 3134 nobis
2756 3093 2961 3142 semen,
2986 3078 3142 3148 quasi
3174 3075 3407 3131 Sodoma

165 3175 271 3215 non
304 3162 625 3229 videntibus,
674 3180 780 3221 non
810 3168 1071 3224 videmus.
1104 3168 1214 3224 illis
1244 3170 1589 3236 cadentibus,
1626 3188 1731 3227 nos
1760 3216 1802 3237 η
1836 3171 2121 3227 fuissemus
2168 3180 2221 3227 et
2264 3172 2466 3226 aniles
2506 3169 2821 3225 Gomorrhae
2866 3183 3108 3224 essemus
3148 3184 3161 3221 :
3194 3165 3410 3237 quando

165 3247 516 3321 resurgimus.
551 3254 704 3320 Quod
740 3256 1044 3327 intelligens
1071 3259 1349 3327 propheta,
1379 3259 1730 3326 quodammo-

166 3341 233 3396 do
255 3342 374 3401 aliis
404 3345 584 3401 verbis
623 3346 755 3401 dicit
780 3366 793 3402 :
820 3347 866 3403 Ο
892 3348 1138 3411 Domine,
1161 3349 1407 3418 praecipis
1432 3350 1559 3403 mihi
1587 3349 1732 3419 loqui

163 3433 359 3503 populo
386 3433 714 3500 Iudaeorum,
743 3445 803 3490 ut
844 3437 1070 3491 audiant
1094 3445 1149 3491 et
1174 3452 1279 3491 non
1304 3438 1604 3509 intelligant
1623 3439 1735 3494 Sal-

165 3530 428 3587 vatorem,
459 3532 515 3579 et
543 3524 760 3579 videant
794 3539 917 3580 eum
954 3532 1011 3581 et
1046 3541 1151 3581 non
1190 3535 1499 3597 agnoscant.
1532 3528 1586 3582 Si
1610 3530 1734 3599 quis

171 3610 299 3665 velit
326 3612 545 3681 implere
560 3613 856 3682 iussionem
880 3625 1050 3681 tuam,
1075 3625 1130 3671 et
1157 3625 1330 3673 totum
1358 3618 1565 3674 salvare
1585 3636 1736 3675 mun-

170 3702 318 3768 dum,
344 3706 485 3774 quod
510 3714 566 3761 et
593 3721 696 3778 ego
721 3707 836 3762 fieri
872 3708 1119 3764 desidero
1147 3727 1159 3763 :
1189 3718 1245 3765 tu
1285 3725 1493 3766 encaeca
1522 3726 1617 3767 cor
1635 3726 1733 3783 po-

167 3793 276 3861 puli
322 3794 500 3867 hujus,
538 3807 593 3852 et
626 3814 785 3855 aures
821 3813 1073 3871 aggrava,
1112 3809 1165 3858 et
1196 3804 1385 3861 oculos
1412 3803 1624 3871 claude,
1666 3820 1733 3860 ne

169 3884 489 3956 intelligant,
535 3903 603 3942 ne
628 3889 871 3957 audiant,
896 3907 965 3947 ne
988 3893 1220 3947 videant.
1248 3892 1306 3948 Si
1324 3894 1471 3949 enim
1493 3894 1567 3948 illi
1592 3894 1734 3951 vide-

168 3974 294 4040 rint,
344 3986 399 4032 et
427 3981 675 4035 conversi
715 3981 930 4048 fuerint,
966 3992 1027 4038 et
1067 3985 1262 4049 sanati,
1313 3992 1456 4040 totus
1504 3986 1734 4041 mundus

167 4081 274 4121 non
307 4068 528 4138 recipiet
550 4070 857 4128 sanitatem.
884 4074 964 4129 Ex
980 4090 1095 4144 quo
1114 4074 1461 4141 advertimus,
1484 4077 1735 4146 quamvis

166 4171 332 4227 grave
371 4158 441 4212 sit
470 4169 771 4229 peccatum,
800 4164 846 4217 si
876 4164 998 4233 quis
1024 4171 1390 4230 convertatur,
1420 4180 1544 4219 eum
1573 4181 1735 4235 posse

167 4246 347 4301 sanari
394 4262 408 4301 :
452 4249 715 4320 simulque
754 4261 809 4306 et
851 4254 952 4308 hoc
998 4254 1418 4326 intelligendum,
1463 4256 1605 4325 quod
1639 4272 1736 4326 per

168 4337 590 4407 magnitudinem
618 4340 858 4406 sceleris,
889 4343 1049 4397 etiam
1078 4344 1397 4412 poenitentia
1427 4345 1630 4414 indigni
1649 4344 1737 4414 ju-

168 4426 331 4481 dicati
386 4438 528 4492 sunt,
578 4430 693 4499 ipso
740 4431 964 4488 Domino
1014 4434 1227 4489 dicente
1277 4434 1344 4488 ad
1392 4433 1734 4490 Jerusalem:

1831 3260 1984 3329 juxta
2015 3261 2328 3330 Apostolum
2380 3260 2618 3328 reliquia:
2650 3259 2999 3315 salvabuntur
3042 3277 3055 3312 :
3091 3259 3196 3313 hoc
3225 3271 3410 3311 semen

1836 3357 2081 3403 sanctum
2128 3351 2253 3413 erit,
2286 3358 2341 3404 et
2390 3351 2457 3404 de
2501 3349 2861 3418 apostolorum
2910 3350 3151 3420 germine
3203 3357 3411 3403 cuncta:

1834 3438 2088 3494 Ecclesia:
2113 3439 2469 3508 pullulahunt.

2435 3571 2661 3629 CAPUT
2702 3570 2813 3626 VII.

1911 3725 1931 3756 ‹
1966 3705 2031 3759 Et
2058 3705 2260 3761 factum
2285 3706 2443 3761 est‘in
2474 3706 2666 3760 diebus
2687 3704 2869 3760 Acbaz
2895 3703 2991 3758 ﬁlii
3017 3701 3288 3768 Joatham,
3317 3702 3414 3758 lilii

1836 3796 1981 3852 Ozize
2002 3798 2145 3869 regis
2173 3796 2333 3863 .luda,
2365 3798 2609 3853 ascendit
2637 3798 2825 3864 Rasin,
2852 3811 2945 3854 rex
2975 3794 3170 3869 Syriae,
3200 3805 3257 3851 et
3276 3794 3416 3850 Pha-

1836 3901 1929 3944 cee
1953 3888 2098 3943 illius
2120 3888 2395 3953 Romeliaz,
2423 3903 2516 3943 rex
2544 3888 2731 3953 Israel,
2749 3889 2803 3943 in
2830 3886 3168 3943 Hierusalem
3183 3888 3251 3941 ad
3276 3898 3414 3954 prm-

1836 3979 2075 4035 liandum
2128 3988 2315 4036 contra
2351 3996 2495 4045 eam,
2532 3990 2586 4035 et
2641 3996 2746 4036 non
2801 3988 3098 4051 potuerunt
3143 3978 3415 4033 debellare

1838 4087 1979 4129 eam.
2003 4072 2071 4125 Et
2093 4073 2480 4126 nuntiaverunt
2521 4072 2704 4127 domui
2746 4073 2934 4137 David,
2966 4070 3209 4126 dicentes
3236 4087 3250 4123 :
3273 4068 3415 4125 Con-

1836 4162 2008 4218 sensit
2052 4160 2207 4232 Syria
2251 4178 2374 4217 cum
2406 4146 2705 4232 'Ephraim,
2731 4171 2787 4218 et
2838 4172 3166 4217 commotum
3208 4170 3294 4215 est
3319 4175 3416 4215 cor
3470 4146 3475 4153 ”

1837 4252 1952 4322 ejus
1978 4261 2035 4306 et
2059 4266 2155 4306 cor
2183 4252 2362 4320 populi
2393 4250 2557 4315 illius,
2588 4252 2730 4306 sicut
2758 4238 3046 4306 moventur
3070 4250 3212 4321 ligna
3235 4251 3412 4321 sylva-

1839 4357 1962 4395 rum
1989 4356 2020 4394 a
2046 4340 2187 4396 facie
2208 4341 2379 4395 venti.
2410 4360 2432 4392 ο
2455 4341 2707 4411 Legimus
2726 4342 2781 4401 in
2804 4340 3333 4410 Paralipomenorum
3356 4342 3416 4396 li-

1839 4430 1939 4485 bro
1983 4429 2070 4501 (ΙΙ
2101 4430 2231 4484 Par.
2280 4446 2482 4495 xxvm;
2521 4429 2608 4483 IY
2655 4428 2784 4501 Reg.
2817 4429 2964 4502 xvr),
3017 4431 3184 4486 Basia
3230 4447 3410 4503 regem

173 4535 192 4567 ι
229 4517 450 4584 Quoties
496 4519 634 4574 volui
676 4535 1001 4594 congregare
1039 4523 1177 4577 tilios
1210 4532 1353 4590 tuos,
1398 4512 1423 4577 ιΔ
1459 4525 1736 4592 subaudis,
1769 4551 1817 4610 ο
1842 4523 2113 4589 Damasci,
2156 4524 2300 4580 victo
2323 4526 2525 4590 Achaz,
2560 4526 2760 4579 multos
2790 4525 2858 4581 de
2880 4525 3065 4582 Iudaea
3091 4528 3413 4584 Damascum

173 4627 194 4659 ι
233 4611 372 4664 sicut
428 4611 624 4680 gallina
672 4624 960 4685 congregat
1000 4613 1174 4684 pullos
1222 4629 1351 4671 suos
1400 4616 1500 4672 sub
1529 4616 1659 4682 alas,
1686 4626 1742 4672 et
1845 4615 2205 4680 transtulisse,
2234 4623 2293 4671 et
2320 4614 2529 4671 Phacee
2555 4615 2722 4670 lilium
2751 4615 3005 4672 Bomeliae
3027 4632 3205 4687 regem
3228 4618 3414 4674 decem

170 4699 386 4755 noluisti
410 4701 620 4757 (Matth.
652 4703 830 4774 xxut).
873 4725 895 4758 ›

246 4810 265 4841 ‹
319 4792 385 4851 Et
434 4792 540 4847 dixi
571 4811 584 4845 :
620 4792 939 4865 Usquequo,
970 4796 1229 4853 Domine?
1257 4797 1325 4852 Et
1345 4797 1481 4854 dixit
1508 4818 1522 4852 :
1562 4798 1741 4856 Donec

168 4880 476 4937 desolentur
499 4883 745 4941 civitates
766 4887 968 4955 absque
991 4888 1312 4955 habitatore,
1333 4896 1388 4945 et
1410 4889 1601 4946 domus
1621 4891 1740 4949 sine

169 4972 497 5039 hominibus,
531 4983 586 5030 et
629 4985 769 5031 terra
798 4976 1131 5047 relinquetur
1151 4979 1388 5042 deserta,
1412 4989 1466 5035 et
1489 4981 1643 5053 longe
1665 4980 1738 5036 fa-

171 5061 279 5118 ciet
315 5065 569 5123 Dominus
594 5067 864 5133 homines,
893 5076 947 5122 et
974 5068 1419 5140 multiplicabitur
1440 5088 1558 5141 quae
1578 5073 1737 5128 dere-
1766 5056 1772 5064 δ

170 5153 304 5240 licta‘
320 5153 494 5211 fuerat
516 5157 570 5211 in
595 5159 770 5214 medio
799 5169 974 5225 terrae,
996 5169 1050 5216 et
1074 5161 1248 5217 adhuc
1285 5162 1339 5217 in
1366 5177 1429 5217 ea
1455 5163 1559 5221 erit
1588 5163 1735 5219 deci-

173 5246 341 5299 matio
366 5260 380 5297 :
410 5254 462 5299 et
486 5262 698 5301 rursum
727 5249 831 5304 erit
856 5250 911 5304 in
938 5251 1390 5320 deprmdationem
1423 5252 1561 5307 sicut
1590 5261 1735 5309 tere—

173 5338 414 5401 binthus,
443 5346 497 5393 et
532 5338 670 5395 sicut
696 5356 925 5408 quercus
948 5357 1068 5413 qua:
1090 5343 1320 5413 projecit
1345 5342 1554 5399 fructus
1585 5359 1733 5400 suos.

175 5427 368 5483 Semen
418 5438 665 5485 sanctum
693 5434 799 5487 erit
826 5435 965 5504 quod
995 5436 1206 5493 steterit
1241 5436 1297 5491 in
1344 5450 1430 5491 ea.
1467 5454 1487 5487 ι
1518 5436 1741 5492 Dicente

177 5519 402 5574 Domino
436 5539 448 5573 :
482 5521 625 5577 Vade
651 5531 707 5577 et
747 5524 830 5579 dic
855 5525 981 5579 huic
1012 5526 1228 5595 populo,
1269 5528 1410 5595 quod
1458 5528 1643 5582 audiat
1686 5537 1741 5583 et

175 5625 280 5663 non
309 5612 511 5679 audiat,
540 5614 717 5668 videat
742 5623 798 5669 et
831 5630 937 5670 non
965 5616 1161 5670 videat.
1193 5618 1395 5673 Idcirco
1424 5626 1601 5674 autem
1642 5634 1743 5676 nec

176 5702 377 5767 audiat,
403 5704 525 5773 quia
550 5720 655 5760 non
685 5707 754 5761 sit
780 5706 1148 5762 intellecturus
1176 5708 1337 5763 verba
1370 5710 1599 5775 Domini,
1643 5726 1743 5768 nec

176 5787 293 5860 ejus
314 5807 475 5865 Opera
498 5796 811 5873 cogniturus
836 5814 848 5849 :
874 5805 930 5853 et
951 5800 1202 5868 quoniam
1220 5800 1545 5857 incrassatus
1561 5810 1664 5867 est,
1688 5810 1743 5858 et

1841 4707 2103 4773 tribuum,
2131 4707 2273 4778 (quae
2298 4706 2706 4777 appellabantur
2740 4706 2905 4762 Israel
2932 4716 2989 4763 et
3013 4709 3314 4780 regnabant
3360 4708 3412 4762 in

1843 4795 2111 4871 Samaria)
2131 4809 2186 4855 et
2208 4815 2314 4854 una
2340 4800 2427 4855 die
2448 4808 2665 4855 centum
2684 4799 2876 4871 viginti
2897 4800 3063 4856 millia
3083 4801 3415 4872 percussisse

1840 4889 1906 4944 de
1925 4888 2062 4944 Juda
2085 4889 2362 4945 hominum
2386 4890 2723 4954 bellatorum,
2754 4899 2809 4946 et
2832 4890 3069 4947 ducenta
3092 4892 3264 4948 millia
3294 4908 3412 4945 mu-

1842 4979 2055 5043 lierum,
2103 4994 2533 5050 puerorumque~
2560 4990 2618 5037 et
2658 4981 2958 5053 puellarum
3022 4998 3144 5038 cum
3202 4981 3410 5037 inﬁnita
3498 4978 3507 4985 ’

1844 5069 2043 5138 praeda,
2081 5069 2134 5123 iu
2183 5068 2485 5125 Samariam
2515 5071 2730 5128 duxisse
2776 5074 3006 5142 captiva.
3045 5073 3122 5127 De
3156 5088 3263 5143 quo
3292 5088 3381 5131 cet

1846 5160 2048 5214 tamine
2092 5160 2356 5229 propheta
2388 5175 2534 5217 nunc
2582 5164 2768 5229 tacuit,
2801 5160 2893 5217 sed
2922 5162 3216 5218 secundum
3247 5165 3414 5219 refert

1845 5249 2087 5320 praelium
2115 5268 2127 5304 :
2162 5252 2375 5321 quando
2402 5254 2829 5324 experimentum
2856 5253 3115 5310 habentes
3140 5255 3413 5310 fortitudi-

1846 5342 1933 5397 nis
1969 5357 2080 5397 suae
2104 5351 2269 5412 atque
2304 5343 2565 5410 victoria,
2610 5353 2666 5399 et
2688 5344 2900 5400 invitati
2928 5346 3120 5415 praedae
3142 5346 3411 5416 magnitu-

1846 5433 1990 5499 dine,
2023 5450 2238 5491 rursum
2266 5436 2486 5492 veniunt
2522 5436 2590 5491 ad
2617 5434 2827 5499 ludam,
2858 5444 2914 5490 et
2950 5435 3286 5491 Hierusalem
3321 5454 3416 5493 cu-

1846 5527 1998 5596 piunt
2020 5526 2313 5594 debellare,
2340 5538 2397 5583 et
2436 5542 2543 5584 non
2587 5533 2875 5596 potuerunt
2904 5545 2917 5581 :
2952 5529 3077 5597 quia
3125 5530 3415 5587 auxiliatus

1846 5624 1931 5671 est
1952 5616 2004 5671 ei
2031 5616 2329 5674 Dominus:
2356 5630 2416 5675 ut
2455 5618 2554 5673 sub
2581 5617 2869 5674 occasione
2897 5618 3280 5676 misericordia
3306 5638 3411 5692 qua

1847 5706 2100 5776 populum
2124 5707 2390 5764 liberabat
2414 5707 2710 5771 obsessum,
2738 5707 2930 5764 Filium
2959 5723 3117 5765 suum
3142 5713 3411 5767 nuntiaret

1848 5799 1912 5854 de
1939 5799 2150 5871 virgine
2202 5802 2553 5856 nasciturum.
2585 5800 2737 5867 Quod
2774 5816 2899 5857 cum
2946 5802 3185 5859 audisset
3223 5805 3414 5860 domus
