3918 6484
511 413 613 470 759

508 618 784 690 Ephraim,
817 615 986 671 Rasin
1011 623 1066 670 et
1106 615 1316 669 Phacee
1339 613 1528 683 juneto
1581 614 1769 670 venire
1813 613 2074 676 exercitu,

505 710 770 769 exterrita
796 717 881 765 est
908 716 1068 779 atque
1092 707 1436 773 contremuit,
1469 715 1524 763 et
1542 716 1650 762 tam
1680 722 1777 763 rex
1805 722 1966 778 quam
1987 721 2080 777 po-

504 803 666 877 pulus
700 802 776 857 ita
812 807 1278 864 contremuerunt,
1312 808 1373 853 ut
1413 807 1634 869 putares
1671 800 1923 854 arborum
1955 797 2081 854 folia

505 900 794 950 ventorum
821 891 1036 946 flatibus
1072 888 1342 945 ventilari.
1366 888 1528 944 Juxta
1568 904 1862 960 anagogem
1901 889 2082 944 facilis

510 986 886 1053 interpretatio
914 991 1022 1047 est,
1059 981 1204 1051 quod
1231 989 1492 1052 regnante
1518 981 1702 1035 Aehaz
1734 995 1862 1050 rege
1893 981 2078 1050 impio,

508 1089 604 1128 rex
627 1075 792 1127 Aram
812 1113 826 1139 ,
849 1072 940 1143 qui
969 1071 1362 1141 interpretatur
1382 1069 1616 1124 excelsus
1644 1077 1802 1138 atque
1824 1070 2080 1134 sublimis,

507 1174 567 1219 ut
591 1165 792 1221 indicet
818 1165 1181 1234 arrogantiam
1213 1162 1493 1232 sapientiae
1536 1163 1827 1226 mularis,
1867 1170 1921 1217 et
1945 1161 2086 1217 Pha-

507 1272 604 1312 eec
657 1256 798 1311 ﬁlius
835 1256 1114 1321 Romeliae,
1145 1255 1237 1326 qui
1266 1262 1320 1309 et
1356 1253 1468 1324 ipse
1493 1253 1648 1324 juxta
1693 1254 1832 1309 Osee
1859 1254 2086 1324 prophe-

507 1357 618 1404 tam
637 1349 835 1403 tribum
858 1348 1136 1417 Ephraim,
1156 1347 1221 1401 de
1242 1360 1347 1415 qua
1365 1343 1672 1409 Jeroboam,
1692 1344 1833 1399 ﬁlius
1851 1342 2082 1409 Nabath,

505 1437 702 1493 vitulos
751 1453 943 1493 aureos
971 1438 1022 1491 in
1055 1435 1262 1501 Bethel,
1296 1442 1350 1490 et
1398 1433 1514 1489 Dan
1560 1434 1936 1500 constituerat,
1977 1442 2085 1489 eta

505 1530 666 1585 domo
694 1529 864 1584 David
898 1529 995 1583 Dei
1023 1526 1279 1598 populum
1327 1534 1676 1597 separaverat
1719 1545 1732 1580 :
1777 1525 2088 1582 referuntur

505 1622 572 1675 ad
602 1621 908 1687 haereticos,
942 1620 1034 1690 qui
1055 1619 1398 1674 consentiunt
1427 1618 1530 1673 sibi
1555 1627 1614 1673 ut
1650 1626 1959 1689 expugnent
1987 1618 2087 1673 Ec-

507 1713 750 1768 elesiam.
775 1712 927 1781 Quod
968 1728 1089 1767 eum
1115 1712 1349 1767 audierit
1385 1712 1579 1765 domus
1614 1710 1805 1774 David,
1833 1725 1994 1780 quem
2034 1710 2087 1764 in

506 1801 754 1856 Ezechiel
786 1802 1002 1873 (Ezech.
1034 1802 1230 1880 rxxxrv)
1278 1809 1550 1871 pastorem
1603 1799 1803 1854 bonum
1860 1799 2086 1870 legimus

505 1894 895 1960 suscitandum,
926 1902 980 1950 et
1018 1878 1245 1964 populus
1278 1891 1396 1962 ejus
1421 1892 1742 1963 simpliciter
1776 1892 2004 1948 credens
2031 1893 2086 1948 in
2114 1878 2162 1938 Β

505 1987 671 2041 Deum
688 1988 1080 2058 pertremiscet.
1101 1987 1167 2040 Et
1181 1987 1302 2041 ideo
1322 1975 1719 2056 pertremiscet,
1732 1985 1860 2056 quia
1880 2001 1985 2040 non
2002 1999 2084 2039 ar-

502 2077 726 2133 boribus
740 2077 1057 2144 fructiferis,
1084 2077 1177 2132 sed
1198 2075 1283 2130 inf
1283 2083 1535 2130 ruetuoso
1551 2066 1708 2130 saltui
1723 2081 2084 2146 comparatur.

587 2189 605 2219 ς
640 2169 709 2222 Ει
748 2170 886 2222 dixit
915 2168 1177 2223 Dominus
1207 2168 1276 2222 ad
1316 2167 1511 2222 Isaiam
1542 2185 1555 2221 :
1588 2166 1861 2238 Egredere
1907 2167 1961 2221 in
1995 2181 2089 2222 oe-

504 2274 723 2320 cursum
763 2259 968 2326 Aehaz,
1010 2266 1066 2312 tu
1101 2269 1156 2313 et
1183 2257 1275 2326 qui
1307 2257 1599 2313 derelictus
1617 2265 1702 2312 est
1737 2255 1904 2313 Jasub
1946 2239 2088 2313 ﬁlius

505 2362 649 2410 tuus,
680 2349 747 2402 ad
787 2357 1092 2403 extremum
1125 2347 1474 2417 aquaeductus
1515 2346 1736 2416 piscinae
1767 2345 2084 2416 superioris,

504 2439 561 2496 in
581 2428 805 2510 via'agri
829 2437 1064 2504 fullonis,
1102 2446 1158 2493 et
1184 2437 1330 2493 dices
1358 2437 1426 2492 ad
1454 2451 1577 2492 eum
1608 2455 1622 2491 :
1649 2436 1783 2491 Vide
1808 2444 1868 2489 ut
1902 2436 2086 2502 sileas,

503 2529 611 2584 noli
633 2529 839 2595 timere,
867 2537 922 2584 et
939 2543 1036 2584 cor
1062 2536 1213 2582 tuum
1241 2543 1310 2582 ne
1332 2527 1585 2582 formidet
1611 2541 1643 2580 a
1670 2527 1879 2580 duabus
1901 2526 2090 2581 caudis

504 2623 756 2678 titionum
798 2621 1178 2692 fumigantium
1215 2621 1464 2684 istorum,
1498 2620 1552 2673 in
1577 2619 1658 2674 ira
1689 2617 1891 2673 furoris
1916 2608 2087 2672 Rasin

503 2717 650 2787 regis
681 2716 875 2787 Syrias,
904 2724 961 2770 et
988 2714 1111 2770 Filii
1139 2713 1398 2769 Romeliae
1421 2711 1652 2768 dicentis
1677 2729 1689 2765 :
1716 2709 2088 2766 Ascendamus

505 2809 572 2863 ad
601 2807 793 2862 Judam
836 2816 889 2863 et
918 2808 1243 2863 suscitemus
1271 2820 1414 2870 eum,
1457 2812 1511 2859 et
1542 2802 1836 2858 evellemus
1870 2814 1994 2855 eum
2019 2800 2089 2855 ad

505 2914 627 2964 nos,
655 2907 709 2954 et
740 2913 1004 2968 ponamus
1036 2913 1216 2969 regem
1245 2897 1299 2950 in
1327 2895 1506 2950 medio
1525 2895 1644 2965 ejus
1665 2893 1834 2948 ﬁlium
1865 2891 2082 2948 Tabeel.

506 2991 633 3045 Ilaec
689 2991 1101 3046 dicitDominus
1149 2989 1337 3044 Deus:
1389 2987 1506 3043 Non
1564 2987 1727 3042 stabit
1768 2993 1824 3040 et
1849 3000 1956 3039 non
1984 2983 2088 3038 erit

507 3082 673 3145 istud,
701 3083 794 3134 sed
826 3089 988 3150 caput
1020 3079 1192 3150 Syria:
1221 3079 1532 3141 Damascus,
1565 3083 1620 3132 et
1654 3083 1818 3146 caput
1839 3074 2087 3130 Damasci

504 3169 672 3225 Rasin
693 3211 707 3236 ,
741 3170 1000 3225 etiadhuc
1034 3168 1313 3236 sexaginta
1344 3177 1398 3223 et
1421 3167 1662 3237 quinqt'
1689 3165 1838 3231 anni,
1863 3173 1919 3221 et
1942 3165 2086 3220 desi-

507 3270 600 3316 net
625 3231 882 3332 Ephraim
912 3275 1035 3316 esse
1067 3231 1314 3330 populus,
1342 3267 1396 3315 et
1418 3231 1585 3330 caput
1599 3231 1857 3329 hiphraim
1889 3256 2081 3312 Sama-
2113 3231 2160 3296 (ἶ

505 3356 604 3421 ria,
630 3365 684 3411 et
713 3363 874 3425 caput
921 3353 1180 3410 Samariae
1206 3352 1348 3408 ﬁlius
1374 3351 1650 3408 Romeliac.
1683 3351 1740 3407 Si
1777 3367 1883 3407 non
1914 3350 2088 3406 credi-

506 3448 720 3511 deritis,
747 3445 1292 3518 nonIpermanebitis.
1335 3463 1353 3496 ι
1386 3443 1572 3510 Jasub,
1603 3443 1744 3499 ﬁlius
1781 3444 1967 3510 Isaias,
1993 3443 2086 3514 qui

507 3542 898 3610 interpretatur
936 3539 1145 3594 relictus
1193 3546 1356 3608 atque
1403 3545 1700 3592 convertens
1738 3535 1795 3590 in
1826 3543 1952 3606 typo
1993 3549 2091 3606 po-

506 3631 615 3704 puli
637 3631 794 3699 Juda,
832 3631 922 3702 qui
955 3638 1074 3685 erat
1095 3629 1163 3684 de
1192 3631 1418 3685 duorum
1454 3642 1640 3697 regum
1678 3626 1930 3694 manibus
1951 3622 2118 3680 libe-'

507 3725 711 3779 rahdus
755 3742 768 3777 :
812 3723 1031 3794 jubetur
1058 3721 1242 3791 egredi
1268 3736 1389 3776 cum
1427 3728 1685 3790 parente,
1716 3725 1773 3774 et
1796 3731 2087 3772 occurrere

505 3818 686 3874 Achaz
713 3817 825 3888 regi
845 3815 996 3872 ludas
1018 3817 1072 3870 in
1094 3816 1214 3872 loco
1235 3814 1582 3886 aquaaductus
1605 3812 1827 3883 piscinas
1839 3811 2084 3882 superio-

508 3911 606 3975 ris,
635 3910 690 3963 in
711 3909 798 3964 via
825 3909 940 3980 agri
971 3907 1210 3974 fullonis,
1232 3909 1324 3963 ubi
1347 3916 1534 3978 postea
1556 3905 1749 3962 lecturi
1771 3920 1959 3960 sumus
1988 3903 2090 3959 sub

505 4003 740 4058 Ezechia
769 4017 896 4072 rege
917 4000 1053 4056 Juda
1083 4009 1229 4055 stare
1249 3999 1552 4055 Rabsaeen.
1585 3999 1730 4054 Duas
1758 4005 1938 4052 autem
1964 4011 2089 4051 cau-

507 4095 606 4150 das
636 4095 907 4158 titionum,
958 4093 1012 4147 id
1060 4102 1161 4159 est,
1201 4092 1428 4147 torrium
1474 4091 1874 4162 fumigantium,
1929 4096 2088 4145 vocat

507 4183 676 4238 Rasin
713 4198 892 4253 regem
920 4180 1093 4253 Syriae
1119 4190 1173 4237 et
1199 4181 1408 4238 Phaeee
1427 4181 1593 4236 ﬁlium
1623 4180 1879 4236 Romeliaa
1905 4195 2090 4253 regem

511 4274 796 4340 Samariae,
822 4274 875 4329 id
904 4281 986 4330 est
1038 4273 1223 4330 decem
1267 4273 1501 4328 tribuum
1545 4291 1557 4326 :
1591 4289 1711 4344 qua:
1740 4272 1844 4328 alio
1872 4272 2089 4328 nomine

511 4365 922 4437 appellabantur
945 4366 1223 4436 Ephraim.
1249 4363 1509 4434 Quamvis
1533 4364 1677 4420 enim
1700 4363 1938 4419 inierunt
1959 4378 2087 4419 con-

510 4457 691 4512 silium
721 4457 856 4512 duos
880 4472 1036 4527 reges
1061 4456 1284 4527 pessimi
1319 4463 1380 4510 ut
1405 4455 1760 4511 aseenderent
1782 4455 1850 4510 ad
1871 4453 2083 4522 ludam,

969 408 1322 465 HAYMONIS
1358 405 1831 465 HALBERSTA'I‘.
1868 406 2077 464 EPISC.
2119 405 2266 464 OPP.
2307 399 2485 464 PARS
2519 405 2559 462 I.
2601 436 2670 485 -—_
2701 404 3052 463 COMMENT.
3096 405 3262 462 BlBI..

509 525 697 591 David,
750 524 852 579 hoc
899 534 982 578 est
1037 524 1228 578 domus
1279 522 1454 593 regia,
1513 520 1726 592 Syriam
1772 521 1979 577 scilicet
2021 521 2392 593 etApoterit.
2419 519 2622 588 Quarto
2654 517 2863 574 decimo
2904 533 3048 574 anno
3075 518 3258 573 Achaz
3286 515 3383 572 ﬁlii
3441 515 3696 574 Joathan
3728 523 3769 576 in
3850 515 3851 586 ἲ

3690 410 3774 463 τίιῡ

2179 612 2322 668 tribu
2342 610 2502 678 Juda,
2531 611 2775 680 regnavit
2795 609 2955 665 Ozias
2973 624 3138 680 super
3175 608 3532 676 Samariam,
3562 617 3624 665 et
3649 625 3767 668 nouo

2180 719 2320 759 anno
2354 703 2566 774 imperii
2598 703 2684 759 sui
2709 712 2898 774 captus
2935 711 3037 758 est.
3075 703 3341 774 Regnavit
3363 710 3573 758 autem
3604 704 3759 761 Acha:

2182 795 2577 874 superdudam
2625 793 3072 874 sedecimannis.
3125 791 3255 847 Post
3302 793 3476 864 cujus
3525 805 3758 860 mortem,

2182 870 2412 960 septimo
2431 903 2571 943 anno
2597 886 2809 957 imperii
2832 870 2916 942 sui
2937 894 3124 954 captus
3146 893 3228 940 est
3251 885 3451 951 Ozias,
3481 894 3546 940 et
3570 887 3753 942 destru-

2183 992 2269 1038 cta
2309 981 2579 1047 Samaria,
2610 980 2894 1049 omnisque
2917 978 3148 1048 populus
3172 979 3547 1033 transductus
3583 979 3636 1031 in
3668 978 3755 1034 He-

2183 1071 2317 1127 dos:
2344 1071 2418 1126 ita
2446 1078 2508 1124 ut
2540 1070 2587 1125 si
2628 1070 2956 1124 voluerimus
2987 1068 3220 1124 sedecim
3249 1083 3435 1122 annos
3480 1068 3681 1130 Achar,
3714 1081 3750 1125 et

2185 1172 2388 1234 septem
2427 1161 2572 1218 Ozias
2609 1175 2842 1231 ponere,
2872 1159 3170 1216 efﬁciantur
3205 1160 3334 1214 anni
3389 1159 3598 1230 viginti
3646 1169 3745 1227 tres,

2186 1265 2279 1313 aut
2301 1264 2364 1312 ut
2413 1254 2641 1310 multum
2697 1255 2785 1320 sit,
2838 1253 3031 1324 viginti
3076 1261 3332 1324 quatuor.
3390 1251 3470 1306 Et
3510 1252 3602 1307 ubi
3628 1267 3744 1310 eruat

2187 1348 2465 1420 sexaginta
2490 1346 2727 1416 quinque
2757 1345 2902 1411 anni,
2927 1345 2981 1399 in
3013 1345 3212 1415 quibus
3237 1358 3490 1415 regnum
3517 1343 3668 1399 Israel
3687 1348 3742 1399 di.

2187 1441 2329 1496 citur
2353 1435 2686 1492 ﬁniendum?
2713 1434 2882 1502 Igitur
2910 1433 3123 1490 Hebraei
3155 1435 3297 1489 hunc
3317 1433 3521 1488 locum
3555 1433 3622 1488 ita
3643 1436 3735 1488 edis

2188 1539 2396 1596 serunt,
2442 1538 2502 1584 ut
2545 1530 2710 1585 Amos
2759 1529 2852 1600 qui
2899 1531 2998 1584 sub
3057 1528 3186 1584 Ozia
3237 1530 3418 1600 cmpit
3465 1531 3739 1599 prophetare

2190 1623 2406 1694 quando
2439 1630 2496 1677 et
2520 1619 2688 1676 Isaias
2739 1621 3036 1691 prophetiae
3080 1636 3189 1676 sua:
3231 1620 3443 1676 habuit
3483 1621 3731 1682 exordium.

2188 1713 2422 1785 primum
2459 1711 2873 1782 prophetaverit
2902 1721 3093 1766 contra
3122 1711 3308 1778 Israel,
3344 1712 3553 1767 dicens
3583 1731 3594 1764 :
3620 1713 3730 1768 lsrze’

2191 1812 2369 1860 autem
2399 1804 2644 1874 captivus
2672 1803 2902 1860 ducetur
2923 1805 2988 1858 de
3011 1813 3151 1859 terra
3177 1820 3296 1860 sua.
3320 1803 3555 1860 Titulus
3579 1820 3725 1875 quo-ia

2187 1895 2486 1968 prophetia:
2514 1896 2632 1966 ejus
2659 1904 2848 1951 contra
2877 1894 3184 1950 Samariam
3218 1896 3314 1962 sit,
3353 1903 3420 1951 et
3466 1898 3722 1967 prophetam

2191 1987 2418 2059 ceperit
2443 1986 2499 2042 in
2526 1986 2715 2042 diebus
2739 1985 2885 2042 Ozia:
2915 1987 3058 2058 regis
3079 1985 3249 2041 Iudae.
3275 1986 3432 2041 Ante
3457 1987 3586 2043 duos

2189 2087 2352 2134 terra:
2377 2085 2576 2142 motus,
2608 2091 2770 2146 quem
2799 2075 2968 2131 voluit
3013 2091 3078 2131 eo
3109 2085 3355 2146 tempore
3387 2078 3635 2132 accidisse
3653 2095 3718 2147 qua

2189 2169 2468 2240 ingressus
2511 2175 2598 2222 est
2623 2165 2784 2224 Ozias
2810 2165 3070 2237 templum
3099 2166 3215 2232 Dei,
3260 2167 3618 2222 sacerdotium
3652 2169 3715 2222 ss

2187 2262 2489 2327 vindicans,
2543 2269 2598 2316 et
2632 2268 2777 2316 terra
2810 2274 3066 2330 percussa
3093 2266 3199 2325 est,
3230 2268 3290 2314 et
3333 2259 3555 2316 cineres
3587 2259 3710 2312 altaris

2189 2351 2342 2408 effusi
2373 2360 2521 2417 sunt,
2565 2359 2620 2406 et
2645 2351 2760 2420 ipse
2801 2365 2897 2405 rex
2925 2364 3213 2421 percussus
3236 2357 3326 2404 est
3354 2348 3534 2420 lepra.
3579 2350 3705 2403 Veisa:

2190 2452 2371 2500 autem
2402 2443 2553 2498 illum
2584 2456 2788 2497 annum
2817 2440 2983 2497 fuisse
3007 2441 3332 2498 vicesimum
3361 2442 3688 2512 quintuuonz

2187 2536 2354 2606 regis,
2385 2534 2602 2603 quando
2627 2534 2743 2589 haec
2769 2532 3104 2600 acciderunt,
3131 2533 3288 2604 cujus
3309 2533 3515 2603 reliqui
3536 2545 3693 2587 mttu-

2186 2626 2242 2681 ni
2271 2625 2460 2696 viginti
2486 2631 2712 2694 septem.
2747 2622 2908 2679 Ozias
2935 2623 3078 2679 enim
3102 2623 3360 2694 regnavit
3379 2625 3696 2694 quinquaginta

2189 2715 2397 2772 duobus
2428 2715 2603 2770 annis.
2649 2713 2842 2769 Postea
2872 2715 3018 2770 enim
3061 2715 3318 2783 regnavit
3360 2713 3589 2770 Joatham
3611 2714 3703 2767 ﬁlius

2188 2808 2306 2879 ejus
2342 2807 2500 2862 annis
2530 2806 2788 2872 sedecim,
2820 2814 2876 2861 et
2904 2804 3063 2874 hujus
3089 2805 3232 2860 ﬁlius
3253 2805 3441 2862 Acha:
3459 2808 3603 2861 annis
3623 2805 3702 2858 aliis

2190 2898 2445 2955 sedecim.
2490 2896 2618 2952 Post
2648 2910 2808 2967 quem
2847 2897 3094 2968 regnavit
3125 2896 3411 2962 Ezechias,
3442 2895 3576 2967 cujus
3596 2905 3704 2950 sexto

2189 2990 2402 3061 imperii
2432 3003 2573 3045 anno
2619 2997 2774 3062 capta
2813 2998 2896 3044 est
2931 2987 3200 3054 Samaria,
3229 3000 3394 3058 atque
3429 2990 3496 3043 ita
3521 2986 3702 3042 efﬁciun-

2189 3092 2278 3138 tur
2303 3082 2431 3137 anni
2453 3081 2734 3153 sexaginta
2760 3081 3018 3152 quinque.
3046 3080 3174 3136 Haec
3200 3095 3299 3151 per
3318 3081 3603 3151 prophetam
3627 3079 3702 3131 Do-

2190 3177 2340 3232 mino
2375 3175 2731 3247 praedicante,
2762 3189 2860 3228 rex
2895 3173 3079 3228 Achaz
3108 3181 3166 3227 et
3191 3172 3413 3243 populus
3433 3170 3530 3238 ejus
3553 3169 3698 3221 futura

2191 3282 2300 3324 non
2327 3265 2576 3321 credidit.
2605 3263 2731 3320 Haec
2747 3263 2900 3335 juxta
2923 3263 3210 3318 historiam
3239 3263 3457 3322 diximus,
3479 3269 3689 3314 (mentm

2189 3373 2319 3414 vero
2337 3358 2491 3428 juxta
2532 3363 2762 3427 emptam
2807 3354 3169 3428 trepologiam
3198 3349 3575 3411 considerandum
3609 3354 3677 3402 est

2191 3449 2336 3522 quod
2369 3449 2535 3520 impio
2558 3449 2674 3520 regi
2708 3448 2875 3504 Isaias
2916 3448 3138 3519 jubetur
3168 3453 3518 3509 occurrere,et
3537 3441 3692 3496 exiens

2190 3541 2258 3596 de
2307 3539 2426 3595 loco
2462 3553 2560 3594 suo
2609 3555 2715 3594 non
2762 3537 2816 3592 in
2855 3536 3122 3609 principio
3170 3537 3516 3608 aquaeductus,
3544 3529 3625 3586 sed
3656 3529 3700 3582 in

2191 3633 2452 3688 extremis
2479 3632 2675 3687 ﬁnibus
2695 3631 2916 3702 piscina:
2936 3630 3254 3702 superioris,
3275 3645 3393 3700 qua:
3413 3635 3520 3684 erat
3542 3626 3589 3678 in
3608 3638 3704 3693 agro

2191 3729 2429 3796 fullonis,
2448 3730 2541 3785 ubi
2567 3731 2756 3786 sordes
2774 3736 2829 3785 et
2848 3727 3074 3783 maculae
3101 3725 3492 3798 purgabantur.
3511 3723 3631 3778 Duas
3645 3733 3706 3770 au-

2191 3834 2303 3880 tem
2335 3825 2540 3881 caudas
2561 3823 2790 3880 torrium
2813 3822 3213 3893 fumigantium,
3246 3830 3309 3875 ut
3329 3821 3485 3891 prius
3509 3815 3703 3872 diximus.

2188 3924 2350 3974 vocat
2387 3915 2706 3988 sapientiam
2749 3913 3062 3970 saecularem
3091 3911 3518 3980 haeretieumque
3561 3917 3707 3962 sermo-

2189 4024 2431 4077 monem,
2461 4023 2691 4080 quorum
2721 4007 2844 4063 ﬁnis
2871 4005 3085 4062 exustio
3111 4013 3215 4060 est.
3245 4003 3350 4071 Qui
3396 4001 3586 4058 frustra
3617 3995 3709 4050 inie~

2191 4110 2320 4158 runt
2369 4099 2676 4164 consilium,
2713 4107 2774 4154 ut
2813 4097 3170 4154 ascenderent
3215 4104 3414 4151 contra
3462 4093 3649 4151 ludam,
3679 4096 3712 4140 et

2191 4193 2347 4264 quasi
2385 4191 2743 4262 negligentem
2774 4197 2830 4243 et
2865 4187 3224 4243 dormientem
3256 4195 3540 4256 caperent,
3571 4179 3713 4238 etsuis

2190 4283 2468 4339 erroribus
2495 4281 2829 4352 copularent,
2861 4286 3229 4350 ponerentque
3251 4292 3423 4348 super
3440 4291 3564 4352 eum
3588 4284 3712 4340 reguli

2190 4373 2360 4429 ﬁlium
2395 4351 2613 4439 Tabeel,
2664 4372 2767 4426 hoc
2806 4381 2892 4425 est
2937 4370 3137 4426 bonum
3176 4369 3294 4424 Dei.
3345 4351 3581 4436 Uterque
3617 4360 3711 4416 enim

2191 4463 2532 4520 adversarius
2574 4461 2716 4534 apud
2761 4477 2820 4517 se
2849 4460 3081 4517 aestimat
3126 4460 3422 4515 veritatem
3462 4472 3576 4513 esse
3603 4465 3644 4508 et
3665 4466 3716 4503 sa-

509 4549 662 4619 eujus
686 4549 838 4620 regio
869 4551 925 4605 in
943 4549 1218 4605 montibus
1247 4548 1350 4604 sita
1379 4556 1464 4605 est
1496 4567 1510 4604 :
1538 4557 1593 4604 et
1613 4548 1941 4604 suscitarent
1963 4561 2086 4603 eum
2115 4590 2168 4651 Β
2195 4571 2320 4612 nam
2345 4555 2668 4611 doctrinam.
2702 4552 2828 4608 Haec
2854 4551 2959 4606 illis
2993 4550 3299 4606 dicentibus
3326 4548 3590 4604 Dominus
3620 4556 3714 4598 conv

509 4641 878 4712 quiescentem
915 4649 973 4697 et
1001 4640 1394 4710 quodammodo
1440 4641 1797 4696 dormientem
1827 4682 1841 4706 ,
1880 4653 2087 4709 suoque

507 4747 630 4787 eum
659 4733 884 4802 imperio
907 4731 1259 4804 subjugarent
1294 4741 1347 4789 et
1385 4742 1809 4804 superponerent
1828 4732 1879 4787 ei
1907 4747 2089 4803 regem

506 4821 678 4878 ﬁlium
705 4822 925 4890 Tabeel,
954 4825 1048 4895 qui
1088 4827 1473 4897 interpretatur
1507 4825 1672 4880 bonus
1702 4823 1866 4890 Deus,
1899 4833 1962 4879 ut
2004 4825 2089 4880 vel

508 4915 786 4973 hominem
815 4916 919 4972 hoc
946 4917 1182 4980 nomine,
1205 4917 1290 4971 vel
1312 4916 1515 4971 idolum
1537 4915 1972 4980 demonstraret;
2005 4921 2090 4970 ta-

507 5021 633 5062 men
658 5006 776 5062 haec
815 5006 949 5062 dicit
973 5006 1233 5062 Dominus
1256 5007 1398 5062 Deus
1443 5024 1457 5060 :
1488 5005 1606 5061 Non
1638 5005 1803 5061 stabit
1828 5006 1933 5061 hoc
1957 5019 2090 5062 con-

507 5095 708 5160 silium,
743 5097 839 5152 sed
883 5096 1101 5152 interim
1130 5097 1291 5152 modo
1333 5104 1494 5167 caput
1519 5094 1691 5168 Syria:
1719 5094 1934 5151 urbium
1983 5094 2090 5152 erit

509 5186 828 5254 Damascus,
858 5196 914 5243 et
940 5188 998 5244 in
1042 5189 1157 5258 ipsa
1189 5187 1469 5258 metropoli
1508 5188 1772 5243 Damasco
1799 5186 2090 5259 imperabit

511 5278 700 5334 Basin.
737 5277 910 5334 Porro
945 5280 1003 5335 in
1044 5279 1301 5350 Ephraim
1330 5289 1552 5351 propter
1595 5278 1880 5336 Jeroboam
1917 5278 2087 5333 ﬁlium

509 5367 738 5435 Nahaib,
761 5370 1070 5441 quiprimus
1082 5373 1347 5442 regnavit;
1371 5379 1426 5426 et
1445 5371 1512 5426 de
1530 5371 1645 5441 Eph
1654 5363 1786 5425 rai‘m
1809 5370 1914 5426 erit
1927 5375 2090 5438 caput

511 5463 792 5531 Samaria},
817 5465 924 5521 hoc
953 5474 1037 5521 est
1068 5467 1219 5545 regia
1257 5466 1448 5523 domus
1476 5465 1530 5520 in
1555 5467 1691 5522 urbe
1731 5464 2013 5531 Samaria,
2036 5473 2093 5520 et

511 5553 758 5610 Samaria
794 5566 954 5628 caput
981 5558 1089 5613 erit
1115 5557 1261 5614 ﬁlius
1285 5556 1562 5624 Romelite,
1608 5555 1663 5610 id
1709 5560 1812 5619 est,
1856 5553 2089 5612 Phacee.

509 5645 754 5718 Regnum
824 5658 1004 5704 autem
1068 5651 1255 5706 decem
1307 5648 1543 5703 tribuum
1571 5685 1587 5713 ,
1657 5645 1711 5699 id
1779 5651 1862 5698 est
1909 5644 2092 5713 populi

509 5737 791 5808 Ephraim,
840 5752 960 5814 post
987 5745 1265 5813 sexaginta
1285 5751 1340 5796 et
1359 5743 1598 5812 quinque
1625 5752 1796 5794 annos
1823 5753 1942 5793 esse
1969 5753 2090 5794 ees-

513 5829 655 5888 sabit
682 5849 695 5886 :
724 5835 868 5902 quod
898 5834 1008 5893 nisi
1045 5835 1350 5906 diligentius
1390 5832 1750 5896 attendamus,
1789 5837 1938 5888 stare
1979 5821 2089 5886 non

2194 4649 2453 4715 minatur,
2502 4644 2646 4718 quod
2679 4662 2787 4700 non
2838 4651 2944 4700 stet
2979 4642 3264 4700 consilium
3295 4641 3564 4713 ipsorum,
3598 4635 3722 4692 sedet

2195 4741 2417 4799 interim
2446 4739 2686 4812 quandiu
2720 4754 2865 4794 nunc
2903 4735 3135 4793 mundus
3176 4736 3279 4792 iste
3306 4744 3452 4802 stat,
3484 4744 3539 4791 et
3572 4746 3624 4787 ea
3644 4742 3722 4798 quae

2192 4830 2378 4887 mundi
2409 4837 2554 4895 sunt,
2582 4827 2639 4883 in
2671 4827 2784 4884 suis
2809 4826 3005 4882 ﬁnibus
3038 4834 3094 4881 et
3115 4826 3171 4880 in
3205 4825 3318 4880 suis
3344 4825 3578 4881 urbibus
3598 4816 3725 4876 domi-

2191 4932 2408 4979 nentur.
2434 4922 2568 4977 Cum
2591 4928 2771 4976 autem
2802 4917 3283 4976 consummationis
3299 4925 3527 4989 tempus
3545 4913 3727 4970 advene-

2193 5014 2286 5080 rit,
2330 5013 2434 5069 boc
2465 5019 2548 5067 est
2587 5012 2864 5081 sexaginta
2903 5010 3143 5080 quinque
3165 5009 3317 5075 anni,
3355 5017 3418 5063 et
3456 5017 3568 5063 tam
3595 5000 3730 5059 mundi

2183 5097 2286 5159 res
2333 5118 2454 5173 qua:
2499 5102 2553 5156 in
2579 5116 2674 5159 sex
2721 5100 2909 5156 diebus
2954 5098 3110 5155 factas
3153 5106 3278 5154 sunt
3323 5096 3492 5170 (Gen.
3526 5097 3588 5170 ι).
3617 5105 3732 5167 quam

2195 5195 2377 5250 omnia
2403 5190 2611 5264 quaead
2636 5193 2873 5264 quinque
2899 5206 3090 5247 sensus
3108 5189 3403 5260 pertinent,
3436 5190 3598 5245 ﬁnem
3625 5196 3734 5238 acm-

2194 5286 2391 5358 perint,
2429 5293 2556 5340 tunc
2576 5285 2830 5340 universa
2856 5299 2975 5339 esse
2995 5282 3271 5338 solvenda.

2278 5396 2296 5430 ι
2339 5373 2645 5443 Etadjeeit
2690 5374 2836 5446 loqui
2881 5375 3142 5430 Dominus
3191 5373 3260 5428 ad
3301 5373 3516 5440 Aebaz,
3547 5372 3735 5427 dicens:

2195 5467 2324 5524 Pete
2361 5467 2458 5522 tibi
2504 5467 2717 5538 signum
2747 5482 2780 5522 a
2807 5465 3035 5523 Domino
3062 5467 3174 5521 Deo
3219 5475 3309 5521 tuo
3350 5464 3406 5519 in
3449 5462 3737 5536 profundum

2195 5560 2412 5624 inferni,
2442 5560 2556 5614 sive
2583 5561 2639 5614 in
2661 5559 2937 5615 excelsum
2973 5573 3156 5628 supra.
3194 5576 3214 5609 ›
3250 5555 3386 5623 Quia
3424 5556 3528 5610 tibi
3566 5552 3742 5607 videtur

2194 5651 2399 5721 inquit,
2426 5648 2646 5705 difﬁcile
2669 5665 2791 5705 esse
2829 5649 2974 5718 quod
3016 5663 3180 5718 regna
3209 5645 3593 5716 potentissima
3622 5637 3741 5696 brevi

2194 5753 2436 5813 tempore
2481 5741 2716 5796 ﬁnienda
2764 5741 2892 5807 sint,
2942 5750 2996 5794 et
3040 5746 3096 5793 tu
3146 5753 3268 5793 cum
3317 5739 3522 5810 popqu
3567 5745 3653 5790 tuo
3695 5731 3742 5784 de

2185 5848 2390 5903 magno
2419 5833 2661 5902 periculo
2703 5831 2971 5896 libereris,
3002 5837 3128 5899 pete
3158 5829 3256 5884 tibi
3295 5830 3532 5899 signum,
3569 5837 3743 5892 nequa-
