3918 6482
148 468 260 525 ’761

1253 459 1608 520 COMMENT.
1636 456 1703 513 IN
1740 455 1991 514 ISAIAM.
2030 488 2102 499 ——
2133 459 2260 514 LIB.
2291 458 2354 514 II.

3313 455 3422 522 τοί

149 605 324 663 quam
359 589 428 646 ab
465 587 620 644 idolis
649 601 880 659 quorum
909 599 1097 642 errore
1132 583 1416 648 detineris,
1449 581 1544 637 sed
1574 597 1604 637 a
1636 579 1740 634 Do—
1765 577 1821 641 Α
1843 591 1965 632 mus
1993 573 2200 648 (Cenes.
2245 573 2423 648 xxxv),
2468 573 2561 630 ubi
2603 571 2860 658 Rebecca.
2895 568 3096 625 dicitur
3121 567 3299 625 halma
3327 587 3338 624 :
3367 578 3424 626 et

150 682 312 737 mino
338 680 452 735 Deo
481 687 594 744 tuo,
627 678 722 750 qui
750 678 848 734 tibi
877 677 1136 733 auxilium
1151 675 1457 748 pollicetur,
1485 681 1541 730 et
1567 673 1744 742 ipsum

150 773 380 846 signum
410 770 648 841 optionis
675 777 779 825 tua
814 777 898 824 est
920 769 1064 824 unde
1087 767 1350 840 postules,
1384 761 1745 836 de‘profundo

151 862 280 919 sive
324 863 391 917 de
429 859 662 916 excelso.
696 857 814 924 Vis,
852 858 1048 928 inquit,
1085 867 1147 914 ut
1187 857 1464 914 scindatur
1489 865 1659 919 terra,
1688 861 1744 908 et

155 951 353 1026 grandi
389 951 542 1006 hiatu
579 949 738 1006 inl'eri
772 957 1012 1021 pateant,
1051 949 1143 1020 qui
1189 948 1246 1004 in
1291 947 1454 1003 corde
1495 946 1747 1001 dicuntur

153 1059 287 1101 esse
325 1051 502 1108 terra,
535 1057 604 1096 an
649 1049 707 1096 ut
746 1042 1056 1113 aperiantur
1086 1038 1247 1096 cali?
1275 1038 1427 1106 Quod
1458 1045 1746 1107 utrumque

159 1133 238 1190 ad
292 1141 475 1206 typum
509 1132 744 1204 pertinet
784 1132 976 1188 mortis
1011 1130 1224 1188 Domini
1275 1139 1333 1186 et
1391 1128 1741 1184 ascensionis.

169 1243 193 1277 ι
253 1221 358 1292 Qui
409 1223 557 1278 enim
611 1222 922 1290 descendit,
972 1222 1088 1292 ipse
1136 1228 1222 1276 est
1267 1225 1324 1276 et
1371 1218 1464 1289 qui
1504 1217 1747 1275 ascendit

161 1313 390 1387 (Ephes.
423 1313 520 1386 IV).
558 1333 577 1366 ι

246 1423 268 1458 ‹
311 1405 380 1460 Et
422 1405 558 1460 dixit
597 1404 779 1460 Achaz
814 1421 826 1458 :
861 1402 978 1458 Non
1021 1411 1228 1474 petam,
1274 1409 1332 1457 et
1369 1416 1477 1456 non
1528 1397 1748 1454 tentabo

167 1495 481 1553 Dominum.
533 1515 553 1548 ι
588 1493 921 1550 Humilitatis
967 1503 1052 1549 est
1106 1508 1175 1548 an
1211 1491 1478 1562 superbia
1519 1488 1623 1544 ista
1656 1503 1745 1543 re-

168 1587 416 1659 sponsio,
446 1587 592 1658 quod
613 1582 819 1642 nullum
846 1586 1012 1641 vulta
1040 1584 1270 1640 Domino
1292 1584 1501 1655 signum
1531 1581 1748 1653 petere?

168 1679 492 1749 Quanquam
556 1679 703 1736 enim
764 1677 1026 1748 scriptum
1083 1677 1154 1732 sit
1213 1677 1269 1732 in
1327 1673 1748 1731 Deuteronomio

167 1773 352 1845 (Deut.
390 1776 492 1845 vi),
530 1771 648 1828 Non
692 1772 927 1827 tentabis
956 1771 1241 1826 Dominum
1278 1770 1447 1824 Deum
1487 1776 1661 1834 tuum,
1694 1775 1749 1822 et

167 1862 276 1918 hoc
309 1871 498 1919 contra
533 1861 806 1918 diabolum
848 1861 1096 1918 Salvator
1125 1876 1259 1917 usus
1292 1869 1376 1924 est
1416 1857 1744 1924 testimonio,

1842 669 2115 741 Aquilam,
2141 684 2250 725 non
2276 664 2736 724 adolescentulam
2761 655 2862 719 nec
2892 659 3148 733 puellam,
3179 659 3275 718 sed
3297 661 3422 719 abs-

1845 761 2118 819 conditam
2145 759 2454 832 protulisse.
2480 758 2623 829 Ergo
2657 754 2861 822 balma,
2894 767 3003 810 non
3030 752 3218 818 solum
3246 752 3426 824 puella

1844 855 1933 911 vel
1961 855 2138 926 virgo,
2167 853 2262 908 sed
2299 867 2422 908 cum
2454 851 2664 922 Epitasi
2692 849 2845 918 virgo
2874 846 3190 904 abscondita
3227 845 3429 902 dicitur

1846 952 1902 1000 et
1933 951 2165 1009 secreta,
2213 956 2336 1012 qua
2369 955 2645 1011 nunquam
2687 939 2930 995 virorum
2963 935 3290 1008 aspectibus,
3331 935 3427 992 sed

1846 1052 2040 1109 magna
2067 1041 2354 1106 parentum
2375 1032 2652 1103 diligentia
2676 1029 2947 1086 custodita
2969 1029 3060 1085 sit.
3078 1027 3285 1100 Lingua
3297 1042 3427 1099 quo-

1847 1141 1952 1198 que
1972 1127 2196 1193 Punica,
2220 1126 2341 1195 qua
2359 1122 2427 1178 de
2455 1121 2808 1178 Hebraorum
2835 1119 3072 1176 fontibus
3095 1132 3318 1174 manare
3346 1117 3430 1175 di-

1847 1224 2008 1289 citur,
2035 1221 2189 1294 virgo
2214 1219 2432 1291 proprie
2457 1216 2635 1274 halma
2661 1216 2880 1273 dicitur.
2912 1216 2980 1272 Et
3003 1224 3267 1286 quantum
3301 1229 3428 1271 cum

1848 1327 1970 1368 mea
1998 1325 2179 1382 pugno
2203 1308 2486 1373 memoria,
2509 1321 2787 1376 nunquam
2811 1321 2899 1362 me
2922 1305 3138 1361 arbiror
3161 1304 3340 1360 halma
3372 1304 3428 1360 in

1847 1405 2072 1463 muliere
2093 1413 2257 1476 nupta
2279 1402 2498 1474 legisse,
2517 1399 2612 1457 sed
2642 1401 2694 1455 in
2716 1415 2780 1455 ea
2802 1414 2922 1470 qua
2939 1401 3091 1470 virgo
3103 1406 3207 1466 est,
3232 1405 3293 1454 ut
3316 1413 3426 1454 non
3485 1403 3488 1406 ’

1848 1500 2020 1558 solum
2046 1500 2198 1571 virgo
2221 1498 2314 1565 sit,
2339 1495 2433 1552 sed
2461 1495 2613 1567 virgo
2627 1493 2862 1564 iunioris
2882 1495 3079 1562 atatis,
3110 1503 3166 1550 et
3190 1495 3244 1550 in
3273 1495 3432 1551 annis

1849 1590 2248 1648 adolescentia.
2271 1588 2457 1645 Potest
2473 1587 2618 1643 enim
2642 1572 2773 1644 ﬁeri.
2786 1595 2846 1642 ut
2858 1586 3011 1659 virgo
3025 1587 3097 1642 sit
3115 1587 3310 1642 vetula.
3326 1585 3432 1641 Ista

1849 1695 2030 1743 autem
2053 1680 2208 1757 virgo
2250 1692 2405 1750 erat,
2449 1682 2504 1738 in
2549 1681 2704 1737 annis
2742 1679 3078 1753 puellaribus
3119 1679 3430 1734 constituta.

1848 1781 2112 1853 Ergoiste
2139 1794 2274 1851 puer
2299 1777 2389 1849 qui
2414 1776 2660 1832 nascitur
2686 1790 2755 1830 ex
2793 1774 3024 1846 virgine,
3055 1789 3089 1830 ο
3119 1767 3310 1829 domus
3331 1771 3436 1825 Da-

1847 1875 1960 1941 vid,
1984 1885 2130 1930 nunc
2152 1889 2184 1928 a
2203 1881 2256 1928 te
2281 1870 2581 1942 appelletur
2598 1866 2936 1932 Emmanuel,
2960 1866 3016 1922 id
3030 1873 3133 1932 est,
3155 1863 3436 1920 nobiscum

167 1960 355 2009 tamen
387 1952 572 2023 305503
601 1962 662 2008 ιιι
695 1960 924 2024 Deleta:
960 1952 1278 2009 οδθάίθηῑίπ
1316 1950 1500 2007 dem“
1526 1949 1744 2021 explere
1770 1967 1819 2028 B
1847 1969 2008 2034 Deus,
2046 1966 2174 2037 quia
2212 1965 2375 2020 rebus
2415 1962 2547 2034 ipsis
2583 1959 2840 2031 probabis
2878 1974 2908 2013 a
2948 1956 3158 2013 duobus
3199 1954 3436 2010 inimicis

167 2053 531 2116 praceptum,
581 2045 886 2116 prasertim
922 2061 1044 2101 cum
1091 2053 1146 2101 et
1197 2043 1414 2100 Gedeon
1458 2051 1514 2099 et
1555 2043 1748 2098 Manne

169 2133 376 2206 (Judic.
415 2134 492 2208 v1)
539 2136 752 2208 signum
803 2136 1059 2206 petierint
1100 2144 1155 2191 et
1207 2133 1534 2204 acceperint,
1582 2147 1748 2202 quan-

168 2241 336 2296 quam
387 2225 543 2297 juxta
592 2227 844 2285 Hebraici
891 2229 1158 2285 sermonis
1207 2227 1646 2300 ambiguitatem,
1693 2227 1750 2282 in

167 2337 280 2394 quo
299 2323 559 2393 scriptum
581 2332 665 2380 est
689 2342 708 2376 ‹
741 2324 1077 2380 Ylanassem
1096 2322 1325 2388 Adonai,
1352 2341 1370 2374 ι
1395 2319 1540 2391 quod
1560 2335 1750 2377 omnes

167 2414 422 2471 similiter
467 2415 891 2482 transtulerunt,
923 2416 991 2471 Et
1029 2430 1134 2470 non
1177 2413 1394 2469 tentabo
1438 2412 1746 2478 Dominum,

168 2504 343 2575 possit
371 2503 475 2576 legi
507 2503 661 2558 :Non
712 2504 962 2560 exaltabo
996 2504 1304 2560 Dominum.
1341 2501 1563 2558 Sciebat
1603 2501 1750 2556 enim

169 2607 269 2647 rex
312 2593 538 2664 impius,
589 2594 732 2664 quod
784 2595 829 2649 si
871 2594 1084 2666 signum
1129 2601 1371 2664 peteret,
1426 2598 1751 2663 accepturus

170 2695 318 2742 esset
342 2694 400 2742 et
426 2685 816 2756 gloriﬁcaretur
838 2686 1116 2741 Dominus.

249 2795 270 2830 ι
314 2776 382 2833 Et
425 2777 582 2844 dixit,
625 2777 822 2833 Audite
850 2793 1004 2848 ergo,
1035 2776 1228 2832 domus
1262 2774 1448 2831 David.
1497 2772 1752 2845 Nunquid

171 2884 366 2940 parum
391 2869 545 2924 vobis
589 2876 672 2924 est
697 2868 953 2925 molestos
979 2882 1098 2925 esse
1137 2866 1449 2924 hominibus
1484 2866 1610 2937 quia
1636 2880 1752 2920 mo-

170 2959 296 3016 Icsti
340 2961 473 3016 estis
508 2969 564 3017 et
609 2961 720 3017 Deo
760 2963 918 3019 meo?
963 2983 980 3014 ›
1023 2961 1156 3030 Quis
1189 2971 1274 3017 est
1314 2961 1415 3016 iste
1452 2960 1546 3030 qui
1582 2959 1748 3024 dixit,

174 3053 358 3108 audite
383 3068 543 3124 ergo,
570 3054 761 3110 domus
810 3052 998 3109 David.
1047 3051 1396 3124 Nequaquam
1449 3051 1593 3106 enim
1647 3050 1752 3106 hoc

175 3144 312 3201 dixit
354 3144 640 3216 Deus,qui
670 3162 833 3218 supra
870 3147 1083 3220 dixerat
1127 3147 1194 3203 ad
1234 3147 1455 3202 Achazt
1488 3144 1616 3200 Pete
1655 3144 1752 3199 tibi

174 3236 388 3305 signum
415 3251 446 3291 a
474 3236 702 3293 Domino
729 3237 836 3292 Deo
863 3246 979 3303 tuo,
1010 3237 1104 3292 sed
1131 3237 1409 3307 propheta,
1443 3244 1502 3289 ut
1535 3250 1604 3289 ex
1629 3250 1754 3289 con-

1850 2058 2067 2130 regibus
2094 2055 2342 2121 liberata,
2377 2053 2548 2108 Deum
2578 2059 2629 2106 te
2664 2049 2866 2105 habere
2887 2054 3229 2119 prasentem,
3261 2051 3316 2100 et
3343 2044 3436 2113 qui

1850 2158 2038 2222 postea
2088 2147 2367 2202 vocabitur
2415 2143 2593 2208 Iesus,
2635 2142 2692 2198 id
2733 2149 2840 2209 est,
2876 2140 3142 2204 Salvator,
3185 2151 3250 2194 eo
3294 2136 3438 2206 quod

1850 2242 2163 2297 universum
2209 2236 2468 2293 mundum
2517 2233 2823 2290 salvaturus
2865 2231 2972 2298 sit,
3021 2237 3077 2285 et
3119 2243 3262 2284 nunc
3307 2241 3338 2282 a
3382 2233 3437 2282 te

1851 2329 2170 2388 Emmanuel
2202 2327 2496 2398 appelletur
2516 2323 2778 2380 vocabulo
2808 2321 3025 2394 (Matth.
3052 2319 3116 2390 ι).

1929 2441 1947 2474 ‹
1991 2423 2254 2493 Butyrum
2298 2427 2354 2474 et
2401 2416 2506 2473 mel
2553 2414 2823 2479 comedet,
2859 2419 2920 2467 ut
2966 2411 3105 2468 sciat
3139 2408 3432 2480 reprobare

1852 2515 2076 2579 malum,
2108 2521 2163 2568 et
2187 2512 2389 2582 eligere
2417 2511 2637 2565 bonum.
2673 2527 2691 2558 ι
2721 2505 2802 2561 Ne
2825 2518 2949 2559 eum
2977 2503 3031 2558 in
3054 2503 3434 2573 phantasmate

1852 2611 2187 2668 nasciturum
2235 2605 2471 2662 credatis
2498 2645 2514 2671 ,
2555 2603 2691 2659 cibis
2735 2606 2918 2657 utetur
2957 2595 3230 2662 infantia,
3277 2594 3433 2662 buty-

1855 2721 1974 2761 rum
2000 2711 2055 2759 et
2078 2700 2186 2758 mel
2216 2699 2485 2757 comedet.
2517 2697 2585 2752 Et
2626 2695 2750 2751 licet
2781 2695 2847 2749 de
2885 2707 2950 2748 eo
2975 2689 3144 2745 multa
3177 2695 3302 2759 post
3327 2699 3430 2740 sa-

1854 2797 1974 2853 cula
2007 2792 2349 2865 Evangelista
2387 2798 2616 2846 testetur
2639 2787 2844 2851 dicens,
2877 2802 2896 2836 ι
2932 2783 3073 2838 Puer
3097 2787 3278 2835 autem
3306 2790 3433 2849 pro-

1854 2886 2073 2941 ﬁciebat
2111 2881 2377 2952 sapientia
2412 2887 2469 2936 et
2511 2887 2672 2934 atate
2699 2885 2754 2933 et
2787 2874 2962 2946 gratia
2996 2870 3138 2943 apud
3176 2868 3346 2924 Deum
3381 2874 3436 2922 et

1854 2978 1996 3048 apud
2023 2977 2268 3032 homines
2294 2972 2445 3048 (Luc.
2481 2971 2564 3044 ιι),
2611 2991 2629 3023 ι
2673 2977 2727 3026 et
2753 2969 2860 3038 hoc
2893 2967 3105 3023 dicatur
3139 2971 3200 3017 ut
3231 2959 3434 3015 veritas

1853 3070 2074 3126 humani
2109 3067 2352 3138 corporis
2390 3065 2720 3136 approbetur
2753 3080 2767 3117 :
2811 3070 2992 3116 tamen
3032 3057 3208 3112 adhuc
3240 3052 3436 3124 pannis

1855 3161 2146 3227 involutus,
2177 3168 2234 3214 et
2276 3158 2471 3256 lyter
2503 3162 2691 3226 pastus
2733 3167 2798 3208 ac
2836 3149 3016 3216 melle,
3049 3144 3272 3204 habebit
3309 3142 3435 3198 boni

1856 3255 2094 3324 malique
2136 3236 2418 3320 judici‘u'm,
2465 3256 2526 3302 ut
2560 3246 2858 3316 reprobans
2886 3240 3028 3297 mala
3063 3239 3228 3310 eligat
3271 3236 3432 3291 bona.

175 3324 527 3394 sequentibus
570 3325 974 3394 comprobatur,
1019 3340 1143 3378 cum
1179 3325 1330 3414 dicit,
1372 3324 1500 3392 quia
1538 3323 1748 3378 molesti
1774 3322 1824 3388 C
1854 3345 1971 3400 Non
2000 3322 2144 3414 έλυοά
2178 3342 2282 3396 hoc
2308 3339 2500 3395 fecerit
2526 3345 2622 3392 aut
2653 3332 3047 3409 reprobaverit,
3083 3328 3166 3384 vel
3192 3326 3432 3398 elegerit,

175 3414 308 3468 estis
343 3421 400 3469 et
441 3414 552 3470 Deo
597 3429 740 3469 meo.
783 3414 851 3468 Et
886 3422 971 3470 est
997 3429 1189 3469 sensus
1224 3413 1400 3481 :Quia
1441 3428 1549 3468 non
1578 3414 1750 3469 solum

176 3504 466 3574 prophetas
502 3505 888 3574 persequimini
915 3513 1183 3561 eteorum
1213 3505 1352 3562 facta
1385 3507 1748 3573 contemnitis,

180 3593 277 3647 sed
317 3593 482 3647 etiam
515 3595 797 3664 prasentis
831 3604 888 3650 et
911 3594 1152 3666 jubentis
1177 3595 1273 3652 Dei
1313 3598 1592 3652 sententia
1620 3612 1751 3654 con-

181 3683 378 3748 traitis,
428 3684 507 3739 ita
545 3694 607 3740 ut
654 3686 704 3740 ei
755 3687 1056 3744 exhibeatis
1101 3688 1361 3755 laborem,
1413 3691 1505 3760 qui
1552 3691 1617 3748 in.
1649 3689 1755 3745 alio

181 3771 301 3828 loco
340 3774 418 3829 ait
459 3793 473 3828 :
525 3795 543 3828 ‹
590 3776 829 3833 laboravi
878 3779 1094 3852 (inquit)
1139 3781 1412 3838 sustinens
1445 3781 1580 3854 (Isa.
1619 3781 1683 3854 1),
1727 3801 1748 3836 ι

182 3865 386 3922 idcirco
415 3866 673 3925 Dominus
709 3870 872 3928 faciet
904 3888 1024 3944 qua
1061 3883 1377 3945 sequuntur.
1432 3873 1504 3929 Et
1538 3874 1641 3930 hoc
1672 3881 1757 3930 est

183 3959 476 4015 notandum
518 3963 681 4033 quod,
719 3963 903 4020 Acbaz
933 3953 1071 4038 rege
1095 3967 1416 4038 impiissimo
1445 3967 1662 4023 nolente
1690 3967 1758 4022 si-

183 4070 347 4126 gnum
362 4065 566 4126 petere,
581 4073 762 4126 seuno
774 4062 1122 4131 propheticus
1133 4063 1203 4117 ad
1214 4063 1432 4117 domum
1448 4061 1636 4126 David,
1653 4060 1757 4116 hoc

183 4153 269 4201 est
291 4147 359 4202 ad
383 4147 579 4203 tribum
607 4151 809 4221 regiam
839 4161 1205 4219 convertatur,
1233 4153 1299 4209 de
1323 4167 1430 4223 qua
1457 4167 1617 4223 supra
1631 4152 1759 4222 legi-

184 4253 305 4293 mus
336 4256 349 4292 :
375 4238 442 4293 Et
468 4241 857 4297 nuntiaverunt
881 4243 998 4298 hac
1022 4244 1202 4299 domui
1231 4243 1400 4300 David
1429 4244 1669 4300 dicentes
1701 4258 1717 4298 :

261 4348 281 4381 ‹
326 4329 616 4401 Propterea
657 4332 809 4388 dabit
857 4334 1118 4391 Dominus
1162 4336 1277 4408 ipse
1318 4336 1473 4392 vobis
1517 4336 1755 4407 signum,

1854 3436 1949 3492 sed
1985 3433 2132 3505 quod
2178 3430 2363 3488 scierit
2404 3427 2695 3498 reprobare
2715 3434 2717 3436 '
2740 3433 2796 3479 et
2839 3421 3060 3492 eligere,
3100 3429 3160 3474 ut
3195 3432 3292 3488 per
3322 3418 3436 3471 hac

1853 3526 2018 3582 verba
2047 3537 2334 3580 noscamus
2379 3518 2662 3576 infantiam
2691 3513 2915 3570 humani
2961 3509 3206 3581 corporis
3243 3507 3437 3564 divina

1855 3633 1963 3676 non
2004 3615 2388 3688 prajudicasse
2444 3607 2740 3679 sapientia.
2787 3604 3032 3674 Denique
3062 3601 3336 3672 iacentem
3379 3598 3436 3653 in

1853 3709 2083 3782 prasepi
2132 3703 2308 3774 angeli
2339 3699 2648 3772 pastoribus
2685 3695 2974 3757 nuntiant,
3013 3691 3162 3762 magi
3208 3688 3438 3768 adorant

1856 3781 1922 3860 de
1943 3803 2151 3858 oriente
2175 3796 2454 3852 venientes
2485 3791 2638 3865 (Luc.
2667 3807 2729 3855 ιι,
2761 3787 2953 3842 Matth.
2981 3785 3068 3857 ιι),
3097 3797 3234 3854 quos
3253 3781 3437 3850 utique

1855 3894 2058 3951 electos
2089 3903 2208 3945 esse
2243 3883 2573 3942 credendum
2601 3879 2842 3936 est.Ete
2863 3875 3139 3934 contrario
3172 3872 3434 3936 Herodes,

1856 3983 2048 4041 scriba
2083 3989 2138 4036 et
2180 3973 2443 4033 Pharisai
2484 3973 2868 4043 reprobantur,
2918 3968 3012 4039 qui
3048 3981 3149 4037 pro
3199 3979 3308 4020 uno
3348 3963 3432 4018 in-

1855 4074 2003 4130 fante
2040 4070 2207 4126 multa
2238 4065 2589 4138 parvulorum
2619 4062 2787 4118 millia
2824 4059 3186 4117 trucidarunt.

1933 4183 1952 4215 ‹
1995 4161 2131 4230 Quia
2168 4167 2459 4226 antequam
2497 4154 2633 4210 sciat
2665 4167 2802 4224 puer
2830 4151 3126 4221 reprobare
3153 4146 3354 4203 malum
3383 4154 3438 4201 et

1857 4257 2055 4328 eligere
2081 4253 2304 4316 bonum,
2330 4247 2734 4316 derelinquetur
2758 4251 2906 4299 terra
2927 4256 3090 4312 quam
3120 4248 3175 4294 tu
3205 4238 3441 4294 detesta-

1859 4351 1936 4406 ris
1959 4364 1989 4404 a
2013 4347 2151 4403 facie
2174 4346 2402 4400 duorum
2425 4356 2613 4414 regum
2642 4353 2888 4403 suorum,
2921 4355 2939 4387 ι
2968 4333 3022 4389 id
3053 4341 3160 4398 est,
3189 4332 3256 4386 ad
3288 4345 3436 4400 mys-

186 4422 324 4478 Ecce
364 4424 516 4494 virgo
551 4424 608 4479 in
651 4435 808 4481 utero
851 4423 1120 4497 concipiet
1155 4435 1212 4483 et
1252 4427 1430 4498 pariet
1473 4426 1664 4493 lilium,
1705 4435 1749 4482 et

1861 4440 2057 4497 terium
2077 4444 2133 4494 et
2161 4431 2524 4491 innovationis
2545 4427 2782 4485 nominis
2793 4422 3131 4486 Emmanuel,
3159 4431 3303 4477 terra
3331 4417 3438 4490 Sy—

185 4513 464 4568 vocabitur
492 4530 690 4572 nomen
714 4516 831 4586 ejus
863 4517 1199 4574 Emmanuel.
1247 4537 1266 4570 ›
1315 4517 1545 4586 Quando
1579 4526 1758 4573 autem

1861 4532 1956 4588 ria
1979 4539 2036 4586 et
2071 4526 2332 4586 Samaria
2368 4541 2383 4578 :
2419 4521 2651 4594 'Assyrio
2692 4525 2982 4589 superante
3023 4511 3345 4576 vastabitur,
3385 4517 3442 4563 et

187 4603 384 4659 diem"
430 4605 578 4661 dab“
622 4605 882 4662 Dominus
924 4607 1040 4677 ipse
1075 4607 1228 4663 νοδίε
1264 4607 1512 4678 Signum:
1561 4623 1761 4663 ηονωη
1792 4675 1825 4680 _
1864 4624 2056 4680 domus
2076 4618 2247 4676 David
2274 4613 2595 4671 liberabitur
2628 4627 2658 4666 a
2697 4610 2906 4666 duobus
2928 4605 3144 4678 regibus
3165 4616 3300 4674 quos
3321 4614 3436 4655 mc-

187 4694 346 4750 debet
385 4710 527 4762 esse,
574 4703 736 4766 atque
783 4675 1050 4753 mirabile.
1103 4695 1200 4753 Sin
1249 4675 1429 4754 autem
1473 4699 1762 4769 juveneula
1791 4675 1840 4736 D
1865 4675 2178 4780 ﬁdsin
2207 4706 2460 4763 videlicet
2479 4713 2536 4759 et
2569 4701 2799 4758 Phacee.

188 4787 272 4842 vel
321 4787 514 4858 puella,
543 4798 606 4843 ut
651 4788 819 4845 Judai
866 4789 1071 4859 volunt,
1119 4800 1175 4848 et
1219 4808 1327 4848 non
1371 4793 1524 4863 virgo
1563 4794 1758 4863 pariet,

187 4878 345 4949 quale
393 4880 606 4949 signum
648 4881 846 4950 poterit
883 4883 1140 4953 appellari
1197 4902 1210 4938 :
1259 4899 1382 4939 cum
1422 4885 1526 4940 hoc
1562 4900 1760 4941 nomen

189 4973 362 5028 atatis
399 4972 491 5039 sit,
529 4989 637 5029 non
679 4974 1040 5047 integritatis?
1069 4977 1136 5032 Et
1175 4993 1386 5044 revera,
1422 4987 1484 5034 ut
1510 4995 1632 5035 cum
1668 4977 1764 5035 Ju-

1941 4826 1958 4858 ‹
2001 4802 2248 4859 Adducet
2296 4796 2558 4852 Dominus
2601 4807 2766 4864 super
2804 4799 2857 4846 te
2892 4797 2948 4845 et
2973 4801 3137 4859 super
3181 4782 3439 4858 populum

1866 4904 2054 4961 tuum,
2100 4899 2156 4948 et
2199 4903 2362 4959 super
2405 4885 2624 4942 domum
2664 4883 2839 4954 patris
2876 4881 2957 4937 tui
3003 4880 3157 4947 dies,
3198 4877 3289 4948 qui
3333 4891 3440 4930 non

1864 4990 2129 5041 venerunt
2157 4997 2188 5035 a
2213 4977 2404 5035 diebus
2439 4973 2795 5046 separationis
2815 4971 3076 5044 Ephraim
3099 4985 3131 5024 a
3158 4966 3295 5024 Juda
3320 4981 3440 5022 cum

192 5052 320 5121 dais
346 5065 686 5122 conferamus
719 5067 930 5138 pedem,
960 5077 1016 5124 et
1050 5083 1390 5142 nequaquam
1420 5072 1749 5128 contentiosc

1865 5095 1992 5150 rege
2019 5074 2386 5147 Assyriorum.
2427 5089 2446 5123 ι
2491 5068 2714 5125 Interim
2751 5081 2900 5124 nunc
2941 5065 3048 5121 duo
3079 5076 3235 5133 reges
3272 5058 3439 5114 Rasin

192 5155 318 5211 Ῑυηθ
344 5157 678 5226 Pmbeamus
716 5158 796 5214 eis
835 5159 1002 5214 risum
1039 5168 1240 5216 nostra
1282 5161 1580 5233 imperitia,
1613 5163 1765 5234 virgo
1864 5148 2184 5228 et—Pbacee,
2226 5159 2318 5230 qui
2348 5157 2598 5213 obsident
2637 5164 2692 5211 et
2729 5163 2944 5210 vastare
2977 5149 3258 5217 festinant,
3289 5148 3438 5204 brevi

194 5247 456 5306 Hebraice
499 5249 676 5305 betula
719 5250 1036 5322 appellatur,
1085 5267 1205 5322 qua
1242 5253 1297 5307 in
1343 5248 1596 5323 prasenti
1643 5252 1749 5308 locc

1866 5273 2111 5334 tempore
2137 5257 2544 5314 subvertentur.
2583 5252 2712 5308 Tua
2743 5258 2923 5305 autem
2954 5243 3278 5301 vastationis
3306 5251 3443 5297 tem-

197 5355 301 5396 non
328 5338 730 5430 scribitur,ised
762 5355 860 5410 pro
894 5341 996 5397 hoc
1035 5341 1201 5397 verbo
1241 5343 1474 5413 positum
1517 5351 1602 5399 est
1648 5343 1768 5398 hal-
1866 5371 1968 5430 pus
1991 5352 2121 5409 illud
2146 5348 2417 5414 adveniet,
2457 5345 2674 5417 quando
2713 5341 2854 5414 quod
2887 5353 3162 5410 nunquam
3196 5350 3445 5406 sperave-

198 5447 304 5486 ma.
337 5429 501 5486 Porro
536 5429 715 5484 halma
751 5430 893 5499 apud
919 5445 1014 5486 eos
1047 5431 1272 5488 verbum
1305 5442 1390 5489 est
1429 5434 1741 5505 ambiguum

1867 5425 1977 5511 ras,
2007 5446 2116 5500 imo
2152 5453 2430 5510 nunquam
2456 5445 2751 5500 metueras,
2783 5430 3039 5504 Assyrius
3069 5426 3296 5484 venerit.
3342 5425 3447 5481 Per

200 5523 406 5579 Dicitur
457 5523 599 5579 enim
644 5532 699 5580 et
744 5523 1142 5581 adolescentula
1194 5535 1249 5583 et
1294 5527 1651 5597 abscondita,
1683 5530 1772 5585 vel
1873 5550 1994 5607 qum
2018 5533 2172 5590 docet
2199 5527 2379 5586 domui
2417 5524 2589 5580 David
2623 5537 2730 5577 non
2773 5519 2987 5593 Syriam
3023 5527 3078 5574 et
3116 5516 3444 5583 Samariam,

203 5615 554 5689 apocrypbos.
608 5615 762 5674 Unde
811 5626 866 5672 et
907 5617 962 5671 in
991 5615 1158 5673 titulo
1188 5619 1381 5690 psalmi
1417 5619 1545 5696 noni
1581 5621 1676 5676 ubi
1716 5621 1771 5678 in
1876 5627 1968 5683 sed
2016 5622 2265 5695 Assyrios
2308 5633 2430 5674 esse
2480 5612 2816 5670 metuendos.
2864 5609 3128 5668 Prasenti
3168 5625 3297 5679 ergo
3337 5608 3421 5663 for

205 5712 469 5768 Hebraico
503 5712 737 5784 positum
772 5721 854 5770 est
892 5713 1190 5780 halinanoi,
1231 5718 1410 5772 cateri
1448 5719 1774 5789 interpretes
1875 5717 2077 5773 midinc
2101 5714 2320 5776 liberat,
2349 5717 2404 5763 et
2432 5707 2496 5763 de
2526 5705 2706 5760 futuro
2728 5711 2972 5774 tempore
2995 5701 3373 5757 comminatur.

207 5805 599 5863 transtulerunt
643 5821 744 5876 pro
798 5806 1178 5872 adolescentia,
1225 5811 1368 5879 quod
1421 5809 1771 5881 Septuaginta
1952 5825 1970 5858 ι
2003 5807 2070 5861 Et
2101 5803 2204 5860 crit
2231 5803 2284 5856 in
2309 5800 2396 5855 die
2425 5798 2536 5864 illa,
2559 5795 2796 5852 sibilabit
2819 5793 3077 5849 Dominus
3095 5806 3311 5856 musca,
3327 5805 3447 5862 qua

209 5898 544 5969 interpretati
584 5905 709 5955 sunt
737 5914 834 5969 pro
862 5900 1209 5957 absconditis.
1241 5902 1306 5958 Et
1331 5902 1384 5957 in
1411 5903 1608 5958 Genesi
1640 5903 1770 5974 legi-
1877 5908 1960 5957 est
1991 5899 2050 5954 in
2089 5905 2332 5952 extremo
2366 5890 2644 5946 ﬂuminum
2678 5887 2916 5960 Egypti,
2945 5897 3000 5943 et
3031 5887 3116 5958 api
3141 5901 3259 5957 qua
3280 5895 3365 5940 est
3391 5885 3443 5960 in
