3918 6494
540 471 645 528 765

999 462 1350 521 HAYMONIS
1389 460 1860 516 HALBERSTAT.
1901 457 2112 514 EPISC.
2152 456 2302 513 cer.
2342 452 2520 510 rans
2556 453 2599 510 ι.
2637 482 2711 494 -
2744 450 3096 508 conamur.
3137 416 3343 506 Βιθιζῖ
3723 451 3796 504 ia

541 595 687 639 terra
737 583 933 646 Assur,
980 588 1037 634 et
1082 578 1295 633 venient
1336 582 1389 629 et
1434 574 1776 643 requiescent
1820 587 2009 626 omnes
2056 572 2111 625 in
2136 574 2188 632 Α
2216 568 2370 622 lactis
2404 565 2687 621 comedent
2721 564 2997 634 butyrum,
3038 563 3141 617 hoe
3168 560 3480 632 signiﬁcat
3515 563 3664 628 quod
3691 571 3794 615 tem

540 674 873 731 torrentibus
900 671 1138 732 vallium,
1166 674 1225 723 et
1263 668 1318 721 in
1348 663 1593 720 cavernis
1635 672 1935 733 petrarum,
1966 668 2019 716 et
2053 660 2109 715 in

537 742 792 820 omnibus
836 761 1091 823 fnitetis,
1133 766 1190 812 et
1234 758 1288 811 in
1342 756 1610 810 universis
1659 751 2034 807 foraminibus.
2084 771 2102 802 ι

538 857 674 913 Cum
725 855 889 909 fuerit
920 852 1150 906 duorum
1214 863 1401 918 regum
1448 856 1593 900 terra
1628 846 1877 909 deserta,
1918 845 2110 898 Dama-

514 942 667 1001 scus
690 943 937 997 videlicet
962 952 1022 996 et
1049 940 1299 995 Samaria
1340 953 1502 1008 quam
1544 944 1600 989 tu
1641 950 1786 989 nunc
1824 934 2110 989 detestaris

538 1045 597 1091 et
627 1034 840 1095 metuis,
894 1041 1022 1086 tunc
1059 1032 1290 1085 adlucet
1327 1028 1611 1091 Dominus,
1646 1040 1681 1079 ο
1716 1026 1905 1080 domus
1948 1022 2103 1087 Juda,

498 1152 505 1159 -
539 1138 700 1195 super
722 1133 852 1177 teet
876 1121 1132 1194 populum
1173 1130 1323 1174 tuum
1358 1119 1475 1173 dies
1509 1132 1645 1187 quos
1674 1132 1951 1187 nunquam
1986 1125 2109 1170 ante

541 1214 742 1276 vidisti,
771 1214 822 1269 id
844 1223 927 1269 est
954 1227 1134 1283 regem
1159 1211 1526 1282 Assyriorum.
1547 1209 1770 1264 Frustra
1798 1210 1962 1278 igitur
1982 1222 2111 1276 princ

536 1307 712 1363 sentia
751 1306 972 1371 metuis,
1000 1305 1315 1373 semijustos
1354 1314 1558 1367 torres,
1588 1311 1643 1356 et
1668 1303 1843 1370 ignem
1898 1300 2110 1369 penitus

533 1412 644 1452 non
688 1397 966 1453 habentes.
1026 1394 1180 1449 Scire
1225 1395 1368 1449 enim
1411 1392 1579 1448 debes
1625 1393 1766 1461 quod
1813 1390 1971 1445 sibilo
2013 1405 2111 1444 suo

536 1488 797 1545 Dominus
843 1502 1057 1543 muscas
1102 1485 1321 1556 [Egypti
1364 1495 1418 1538 et
1468 1483 1746 1539 iluininum
1784 1481 1924 1551 ejus,
1966 1481 2110 1536 baud

534 1581 757 1636 dubium
801 1579 931 1650 quin
970 1586 1175 1646 septem
1214 1577 1452 1646 diorijas
1486 1575 1589 1630 Nili
1630 1566 1920 1644 signiticet,
1955 1587 2112 1626 voca-

516 1681 694 1731 ,turus
736 1673 828 1737 sit,
870 1680 926 1726 et
964 1684 1119 1739 apem
1142 1685 1264 1739 quae
1288 1677 1371 1724 est
1416 1669 1469 1722 in
1500 1676 1643 1721 terra
1679 1666 1866 1719 AsSur.
1903 1663 2111 1717 Muscas

535 1774 715 1818 autem
737 1762 1021 1833 Egyptios
1052 1772 1208 1821 vocat
1252 1768 1473 1829 prepter
1497 1758 1684 1812 sordes
1711 1754 2023 1810 idololatriae
2057 1762 2113 1807 et

448 1861 451 1865 '
534 1854 861 1911 imbecillem
916 1851 1193 1923 populum.
1241 1850 1409 1920 Apem
1459 1864 1589 1902 vero
1628 1846 1879 1917 Assyrios
1920 1852 2108 1908 vocat,
2213 1846 2419 1899 Caetera
2456 1851 2636 1898 autem
2672 1846 2928 1912 patebunt
2958 1846 3201 1923 pascuis,

535 1959 765 2015 quorum
793 1943 883 1998 illo
920 1951 1160 2012 tempore
1195 1940 1631 2011 potentissimum
1666 1952 1888 2007 regnum
1920 1945 2039 1990 erat
2058 1945 2111 1991 et
2138 1947 2187 2009 Β
2214 1937 2446 1993 bitatore
2473 1953 2505 1991 ει
2534 1936 2707 1992 brutis
2737 1935 3058 1991 animalibus
3085 1932 3498 1989 calcabantur.

534 2040 603 2093 ad
631 2038 767 2093 bella
789 2035 1274 2107 promptissimum,
1298 2032 1380 2086 vel
1405 2032 1474 2087 ob
1498 2032 1569 2096 id,
1598 2031 1721 2100 quia
1744 2029 1920 2083 omnis
1944 2043 2107 2098 prope

509 2130 758 2201 .Assyria
782 2139 838 2184 et
863 2128 1100 2182 Persidis
1138 2126 1282 2196 regio
1319 2140 1473 2179 usum
1510 2124 1746 2179 habebat
1767 2121 2105 2193 sagittarum.

535 2221 600 2276 Hi
636 2236 769 2290 ergo
791 2235 978 2274 omnes
1012 2220 1230 2273 venient
1261 2226 1316 2272 et
1340 2218 1684 2286 occupabunt
1723 2224 1918 2269 terram
1944 2223 2108 2269 totam

535 2310 591 2364 in
625 2309 953 2363 torrentibus
995 2308 1233 2371 vallium,
1274 2315 1329 2360 et
1368 2308 1615 2363 cavernis
1656 2306 1927 2375 petrarum
1963 2314 2017 2360 et
2056 2304 2110 2358 in

533 2399 785 2455 omnibus
826 2398 1063 2463 frutetis,
1110 2407 1165 2453 et
1209 2397 1562 2452 foraminibus
1601 2398 1867 2468 lignisque
1917 2412 2108 2452 nemo-

538 2492 695 2546 rosis.
732 2491 855 2547 llaec
884 2500 1063 2544 autem
1091 2497 1187 2561 per
1207 2490 1576 2559 metaphoram
1607 2491 1877 2551 dicuntur,
1903 2500 1963 2543 ut
1987 2489 2112 2558 quia

535 2581 701 2636 somel
752 2596 971 2637 muscas
1018 2591 1073 2636 et
1113 2595 1242 2651 apes
1276 2580 1672 2644 nominaverat,
1705 2578 2109 2633 translationem

534 2682 719 2726 servet
744 2672 798 2726 in
830 2672 1073 2742 reliquis.

612 2779 633 2815 ι
678 2760 735 2816 lu
783 2762 868 2817 die
916 2762 1009 2817 illa
1059 2763 1211 2817 radet
1258 2762 1517 2819 Dominus
1568 2761 1623 2816 in
1675 2760 1935 2816 novacula
1984 2776 2112 2815 con-

536 2850 720 2916 ducta,
771 2852 827 2906 in
870 2852 957 2911 bis
1006 2853 1099 2922 qui
1136 2864 1287 2909 trans
1318 2851 1519 2909 ﬂumen
1544 2862 1667 2908 sunt
1695 2853 1748 2908 in
1784 2867 1906 2922 rege
1952 2851 2113 2922 Assy-

538 2939 762 3006 riorum,
810 2948 972 3010 caput
1012 2949 1067 2996 et
1114 2941 1251 3012 pilos
1287 2942 1481 3011 pedum
1526 2949 1582 2997 et
1625 2942 1848 2996 barbam
1890 2941 2109 2995 univer-

541 3042 676 3082 sam.
718 3047 737 3079 ι
779 3029 842 3085 1n
896 3030 1211 3086 novaculam
1259 3031 1508 3088 mercede
1554 3032 1899 3096 conductam,
1934 3031 2108 3101 ipsum

541 3116 876 3172 arbitrantur
905 3116 1123 3191 Syrum,
1163 3135 1321 3190 quem
1361 3121 1415 3181 in
1442 3121 1672 3176 Jeremia
1714 3121 1849 3191 (Jer.
1881 3123 2006 3189 xxv)
2044 3122 2110 3175 ob

541 3206 801 3262 ultionem
847 3209 1029 3280 populi
1083 3211 1380 3279 peccatoris
1419 3212 1582 3267 etiam
1610 3197 1920 3266 Qilumbam
1958 3227 2108 3267 suam

2211 656 2478 712 cultorum
2504 654 2726 708 raritate
2755 652 2985 707 fertilior
3005 652 3096 716 sit,
3126 659 3181 705 et
3199 650 3401 721 magis
3434 659 3575 718 apta
3603 654 3786 719 pascuis.

2208 746 2266 801 In
2305 746 2397 801 illo
2441 754 2685 815 tempore
2714 760 2826 814 prae
2856 743 3132 797 hominum
3171 742 3509 812 paucitate,
3554 750 3693 793 tanta
3719 746 3787 796 erit

2210 838 2318 891 vini
2375 837 2553 906 inopia
2600 836 2665 890 de
2713 835 2941 890 desertis
2989 834 3183 898 vineis,
3243 847 3388 903 quae
3452 840 3609 886 ﬂictu
3654 833 3779 889 bestii.
3838 856 3839 859 η

2208 942 2553 996 nequaquam
2596 928 2952 996 putabuntur,
3004 935 3065 981 ut
3114 926 3360 996 singulae
3409 925 3567 979 vites
3610 926 3780 993 singulis

2210 1021 2479 1090 argenteis
2508 1021 2597 1073 vix
2624 1026 2914 1074 emantur.‘
2936 1019 2991 1074 lu
3027 1033 3213 1088 vepres
3241 1018 3419 1071 enim
3451 1025 3513 1070 et
3544 1016 3598 1070 in
3628 1018 3773 1085 irrisas,

2210 1114 2382 1168 omnis
2410 1121 2553 1167 terra
2584 1112 2876 1182 redigetur,
2919 1120 3175 1179 tantaque
3200 1110 3318 1163 erit
3353 1108 3612 1162 formido
3632 1108 3773 1178 abige:

2210 1207 2553 1262 saevientibus
2586 1206 2798 1276 gladiis,
2834 1214 2896 1258 ut
2927 1205 3300 1272 absque'arcu
3350 1209 3421 1255 et
3464 1201 3668 1265 sagittis
3690 1200 3766 1255 sui»

2210 1299 2295 1353 lus
2320 1315 2473 1353 suum
2513 1313 2701 1365 agrum
2744 1297 2976 1350 invisere
3007 1295 3219 1355 audeat;
3255 1302 3322 1345 et
3364 1293 3765 1346 derelictione-

2209 1392 2478 1461 pestribus
2525 1389 2657 1443 locis
2703 1387 2769 1441 ad
2815 1397 3069 1441 montana
3105 1383 3480 1453 confugiant,
3528 1381 3686 1451 ibique
3715 1383 3760 1435 la-

2211 1497 2396 1535 cerum
2427 1480 2736 1535 difﬁcultate
2764 1478 2976 1545 muniti,
3016 1477 3102 1530 vix
3132 1489 3380 1544 asperos
3416 1485 3630 1527 utentes
3651 1491 3755 1527 manu

2209 1571 2434 1630 fodiant,
2482 1571 2610 1639 quia
2661 1571 2847 1633 boves,
2898 1578 3081 1622 aratra
3111 1576 3163 1622 et
3195 1581 3481 1622 vomeres
3526 1581 3623 1619 non
3650 1565 3753 1619 bk-

2211 1662 2365 1715 bunt.
2399 1660 2490 1715 Sic
2532 1675 2662 1730 ergo
2698 1660 2792 1712 ubi
2823 1674 2979 1714 rarus
3015 1658 3189 1713 cultor
3226 1657 3287 1711 in
3338 1654 3744 1709 montibuslnm‘i

2212 1752 2498 1817 inventus,
2551 1752 2675 1807 inde
2734 1751 2905 1807 vitam
2959 1747 3338 1805 miserabilem
3413 1746 3741 1799 sustentam

2213 1844 2419 1899 Caetera
2456 1851 2636 1898 autem
2672 1845 2928 1912 patebunt
2958 1840 3197 1911 pascuis,
3224 1848 3287 1893 et.
3326 1837 3552 1908 absque
3575 1836 3661 1893 ulla
3685 1838 3737 1891 Β

2792 2085 3021 2147 CAPUT
3059 2085 3193 2141 Vlll.

2284 2242 2303 2273 ι
2338 2221 2408 2275 Et
2438 2220 2576 2275 dixit
2624 2220 2882 2274 Dominus
2925 2217 2994 2272 ad
3054 2204 3185 2273 me:
3231 2216 3425 2273 Sume
3474 2216 3561 2271 tibi
3595 2217 3717 2271 lira

2207 2314 2498 2387 grandem,
2537 2321 2591 2367 et
2640 2313 2815 2367 scribe
2853 2313 2906 2365 in
2939 2323 3007 2366 eo
3039 2311 3178 2381 stylo
3226 2310 3523 2373 hominis,
3562 2308 3714 2362 acuatu

2208 2406 2486 2470 velociter,
2520 2403 2722 2475 spolia,
2756 2404 3011 2467 detrahe,
3040 2403 3147 2457 cito
3172 2403 3460 2471 praedam.
3500 2400 3704 2456 [Ξιῶ

2208 2497 2340 2551 mihi
2390 2504 2556 2550 testes
2604 2495 2810 2559 fideles,
2857 2494 3040 2549 Uriam
3079 2494 3480 2557 sacerdotem,
3514 2492 3697 2545 αἰδὼ-

2210 2590 2346 2644 riam
2382 2589 2551 2643 tilium
2588 2588 2884 2643 Baracliiie.
2926 2587 2991 2642 Et
3036 2588 3241 2641 accessi
3271 2588 3351 2640 ad
3384 2586 3703 2656 prophetissa.

2211 2690 2264 2737 et
2287 2682 2531 2751 concepit
2554 2689 2607 2734 et
2622 2680 2831 2750 peperit
2854 2680 3042 2734 lilium.
3059 2679 3123 2733 Et
3145 2679 3285 2733 dixit
3305 2678 3564 2734 Dominus
3580 2677 3624 2727 ad
3637 2689 3708 2727 ne:

2212 2770 2354 2826 Voca
2386 2787 2579 2825 nomen
2610 2770 2747 2839 ejus,
2776 2770 3043 2835 accelera,
3085 2770 3281 2840 spolia,
3324 2770 3560 2831 detrahe,
3584 2765 3711 2821 [estin

2211 2862 2441 2931 praedari
2472 2879 2483 2914 :
2514 2861 2643 2930 quia
2679 2870 2970 2930 antequam
3003 2862 3141 2915 sciat
3169 2877 3307 2931 puer
3348 2876 3531 2915 vocare
3553 2869 3713 2912 manu

2210 2966 2365 3006 suam
2404 2959 2459 3006 et
2487 2961 2698 3021 patrem
2735 2968 2927 3016 suum,
2977 2951 3263 3005 auferetur
3310 2951 3555 3006 fortitudo
3579 2950 3714 3004 Dan-

2211 3041 2287 3095 sci
2311 3081 2325 3105 ,
2372 3051 2427 3094 et
2470 3042 2637 3111 spolia
2679 3040 2938 3096 Samariae
2977 3056 3160 3096 coram
3204 3057 3336 3111 rege
3377 3042 3708 3111 Assyrionu.»

2213 3134 2448 3189 Rursum
2478 3135 2576 3188 sub
2604 3134 2708 3188 alia
2736 3134 2904 3204 ﬁgura
2929 3143 3116 3203 partus
3144 3133 3457 3189 describitur
3478 3130 3707 3201 virginalis.

2216 3226 2283 3279 Et
2314 3226 2454 3279 dixit
2484 3225 2742 3279 Dominus
2776 3226 2841 3279 ad
2873 3225 3201 3296 Prophetam
3256 3234 3313 3280 ut
3354 3237 3631 3293 nequiquam
3658 3222 3702 3273 in

538 3306 718 3354 vocat.
761 3298 901 3370 Ergo
936 3301 994 3357 in
1032 3300 1135 3355 ista
1174 3302 1432 3361 novacula
1478 3302 1807 3367 acutissima,
1847 3310 1902 3357 et
1940 3303 1993 3355 in
2025 3302 2109 3357 his

2212 3315 2408 3385 populo
2429 3314 2698 3385 proferret
2716 3330 2867 3369 novae
2891 3315 3191 3370 nativitatis
3214 3329 3456 3377 arcanum;
3486 3310 3564 3365 sed
3580 3309 3691 3362 scri-

549 3389 643 3461 qui
683 3390 925 3448 habitant
955 3402 1103 3449 trans
1136 3392 1334 3449 ﬂumen
1365 3393 1695 3464 Euphraten,
1729 3395 1782 3447 in
1813 3409 1938 3464 rege
1965 3395 2113 3449 vide-

538 3480 670 3536 licet
717 3482 1102 3554 Assyriorum,
1146 3499 1337 3540 omnes
1388 3485 1613 3556 capillos
1660 3494 1714 3539 et
1758 3485 1895 3556 pilos
1949 3487 2113 3542 totius

545 3572 789 3644 corporis
838 3589 869 3631 a
924 3574 1098 3644 Capite
1159 3589 1329 3645 usque
1381 3575 1447 3629 ad
1496 3576 1664 3646 pedes
1690 3617 1703 3642 ,
1759 3578 2113 3646 decoremque

542 3665 745 3732 barbae,
776 3667 917 3737 quod
948 3669 1219 3725 virilitatis
1258 3670 1644 3737 indicium.est,
1675 3673 1828 3726 radet
1857 3672 2115 3729 Dominus

547 3756 615 3811 de
654 3756 866 3824 Judzea,
915 3767 975 3815 ut
1023 3760 1155 3815 nihil
1202 3761 1254 3815 in
1305 3761 1392 3815 illa
1443 3760 1609 3828 forte,
1656 3762 1790 3816 nihil
1826 3762 2110 3834 pulchrum

535 3847 796 3913 resideat,
828 3849 922 3905 sed
953 3848 1275 3906 eﬂeminatis
1325 3852 1662 3919 hominibus,
1732 3854 1839 3908 imo
1887 3854 2113 3925 ignomi-

538 3936 710 3992 niosis
752 3938 1069 3995 mulieribus
1106 3950 1509 4010 comparentur.

611 4047 631 4079 ε
672 4028 739 4083 Et
767 4030 869 4084 erit
896 4030 951 4085 in
991 4028 1079 4085 die
1123 4031 1236 4097 illa,
1270 4033 1478 4087 nutriet
1513 4032 1674 4087 homo
1698 4047 1919 4088 vaccam
1950 4033 2111 4089 boum

533 4125 591 4174 et
629 4118 759 4174 duas
802 4132 955 4184 oves,
995 4127 1050 4172 et
1090 4134 1201 4186 prae
1248 4121 1494 4176 ubertate
1536 4122 1691 4177 lactis
1731 4123 1975 4177 comedet
2017 4123 2113 4177 bu-

537 4214 735 4278 tyrum.
785 4205 1042 4277 Butyrum
1083 4209 1225 4262 enim
1272 4218 1327 4264 et
1371 4210 1477 4264 mel
1525 4212 1873 4266 inanducabit
1915 4216 2108 4279 omnis,

541 4298 635 4368 qui
686 4297 904 4354 relictus
935 4299 1097 4355 fuerit
1143 4301 1196 4355 in
1246 4301 1422 4357 medio
1468 4312 1643 4357 terrae.
1679 4303 1744 4356 Et
1788 4304 1890 4357 erit
1932 4306 1982 4358 in
2026 4306 2112 4361 die

539 4390 650 4455 illa,
690 4393 866 4448 omnis
900 4393 1049 4449 locus
1094 4394 1183 4449 ubi
1223 4393 1424 4450 fuerint
1462 4394 1605 4450 inille
1647 4397 1804 4455 vites.
1837 4395 1980 4451 mille
2024 4413 2109 4451 ar-

538 4485 771 4555 genteis,
803 4495 857 4540 ct
882 4486 934 4541 in
972 4487 1156 4557 spinas
1196 4496 1252 4542 et
1285 4503 1477 4558 vepres
1514 4497 1691 4543 erunt.
1729 4489 1863 4544 Cum
1901 4491 2111 4561 sagittis

537 4585 592 4630 et
636 4592 766 4632 arcu
815 4576 1182 4648 ingredientur
1225 4578 1369 4635 illuc.
1414 4577 1615 4649 Vepres
1662 4580 1806 4635 enim
1857 4590 1911 4634 et
1946 4581 2111 4650 spinae

537 4677 697 4722 erunt
744 4668 796 4722 in
841 4669 1092 4724 universa
1140 4677 1303 4734 terra,
1352 4678 1407 4725 et
1451 4685 1637 4725 omnes
1683 4680 1891 4724 montes
1928 4672 2018 4740 qui
2055 4672 2107 4725 in
2138 4646 2375 4741 unem
2416 4672 2735 4741 prophetam
2776 4669 2941 4733 fuisse
2972 4685 3079 4725 non
3119 4669 3343 4725 dubium
3395 4680 3501 4723 est.
3547 4665 3723 4735 Legimié

541 4760 754 4816 sarculo
783 4763 1109 4828 sarrientur,
1131 4778 1238 4817 non
1264 4763 1440 4818 veniet
1470 4762 1596 4817 illuc
1625 4769 1801 4817 terror
1830 4757 2107 4832 spinarum

539 4860 596 4906 et
629 4852 868 4925 veprium
890 4893 909 4919 ,
943 4862 998 4908 et
1025 4855 1131 4908 erit
1168 4854 1220 4908 in
1262 4869 1515 4924 pascuam
1550 4853 1702 4908 bovis
1739 4862 1792 4908 et
1829 4853 2110 4909 conculca-

540 4944 739 5001 tionetn
786 4945 1015 5015 pecoris.
1052 4965 1072 4997 ι
1108 4945 1167 5000 ln
1213 4946 1302 5002 die
1342 4961 1470 5018 ergo
1507 4946 1614 5009 illa,
1667 4947 1770 5001 hoc
1810 4956 1892 5001 est
1933 4949 1984 5001 in
2016 4946 2107 5002 illo

539 5040 798 5104 tempore,
850 5050 972 5091 cum
1024 5034 1223 5090 fuerint
1269 5051 1455 5092 omnes
1488 5023 1635 5106 .opes
1687 5036 1994 5093 Judaeorum
2050 5038 2104 5091 in

537 5121 839 5183 Chaldaaam
869 5127 1159 5191 translatis,
1215 5135 1363 5181 tanta
1403 5116 1774 5183 eritisolitudo
1821 5136 1979 5183 terra:
2005 5127 2101 5181 Ju-

539 5214 642 5281 die,
672 5225 726 5270 et
760 5225 868 5273 tam
898 5219 1228 5275 incredibilis
1259 5219 1508 5284 vastitas,
1556 5227 1613 5271 ut
1644 5234 1988 5289 nequaquam
2019 5233 2106 5272 ar-

539 5316 716 5364 menta
767 5308 927 5363 boum
971 5310 1237 5374 habeant,
1288 5323 1459 5377 neque
1502 5323 1691 5380 greges
1735 5310 1917 5364 ovium
1967 5310 2106 5364 sicut

538 5401 688 5473 prius
722 5397 922 5454 habere
959 5408 1367 5463 consueverant,
1403 5400 1497 5455 sed
1536 5401 1621 5453 vix
1654 5416 1806 5454 rarus
1834 5394 2105 5453 habitator

516 5505 702 5569 unam
737 5505 953 5546 vaccam
987 5491 1194 5547 nutrire
1235 5491 1405 5561 possit
1439 5498 1493 5544 et
1531 5490 1664 5545 duas
1703 5506 1853 5555 oves,
1894 5505 1999 5543 non
2036 5490 2103 5545 ad

538 5583 823 5649 arandum,
850 5585 943 5639 sed
972 5585 1038 5641 ad
1064 5585 1240 5639 cibum
1271 5595 1430 5653 atque
1453 5583 1702 5637 vestitum
1732 5582 1887 5637 Iactis
1914 5591 1970 5636 et
1994 5583 2107 5636 vel-

538 5674 687 5732 leris.
734 5674 962 5746 Propter
1000 5676 1239 5746 inopiam
1283 5674 1577 5739 frumenti,
1617 5682 1671 5727 et
1709 5673 1945 5728 omnium
1990 5689 2109 5743 quae

540 5775 686 5822 terra
732 5768 903 5840 gignit
945 5769 1012 5823 ad
1058 5768 1444 5823 comedendum
1472 5807 1488 5832 ,
1540 5765 1679 5819 lacte
1718 5771 1775 5818 et
1814 5763 2008 5834 butyro
2052 5775 2109 5818 et

542 5861 743 5935 agresti
769 5860 925 5917 melle
954 5868 1261 5918 vescantur.
1286 5858 1555 5932 ,Quodque
1579 5857 1678 5925 ait,
1707 5870 1819 5929 prie
1859 5854 2107 5911 ubertate

2212 3407 2307 3461 bat
2332 3422 2451 3461 eam
2478 3407 2531 3461 in
2558 3407 2662 3461 isto
2690 3406 2878 3477 grandi
2902 3406 3177 3482 volumine
3201 3407 3333 3476 quod
3348 3420 3465 3459 nunc
3478 3404 3664 3471 legium
3678 3440 3692 3463 .

2214 3506 2268 3553 et
2292 3497 2434 3566 quod
2463 3497 2534 3552 sit
2560 3496 2861 3551 mirabilius
2886 3496 3138 3550 humanis
3169 3497 3345 3551 verbis
3360 3494 3580 3565 exprimi,
3596 3488 3706 3559 style

2208 3602 2320 3656 quo
2358 3587 2603 3641 homines
2632 3586 2871 3640 scribere
2907 3595 3280 3648 consuerunt,
3321 3586 3412 3639 Dei
3443 3587 3705 3638 sacramenti

2208 3675 2652 3747 comprehendat.
2698 3674 2836 3741 Quid
2879 3683 3057 3730 autem
3086 3684 3171 3731 est
3208 3675 3340 3730 illud
3366 3674 3498 3745 qtiod
3522 3671 3708 3725 scribitur

2209 3767 2451 3829 humano
2480 3764 2661 3834 stylo?
2691 3762 2909 3821 Scilicet
2937 3775 2997 3819 ut
3024 3779 3161 3833 puer
3196 3775 3363 3819 natus
3389 3762 3609 3817 velociter
3628 3773 3707 3825 spe

2210 3855 2283 3911 lia
2326 3855 2609 3919 detrahat,
2654 3863 2712 3909 et
2756 3854 2865 3909 cito
2909 3855 3200 3923 praedetur,
3238 3853 3349 3908 hoc
3379 3860 3498 3914 est,
3540 3847 3708 3903 neulin

2213 3945 2450 4016 patiatur
2484 3959 2710 4015 regnum
2750 3942 2946 3997 diaboli
2980 3944 3247 3998 dominari
3268 3984 3284 4006 ,
3322 3960 3427 3999 nec
3473 3942 3621 3996 mittat
3647 3953 3708 3991 aa-

2206 4037 2360 4109 gelos
2382 4074 2399 4103 ,
2431 4050 2529 4091 nec
2555 4037 2847 4107 prophetas
2873 4076 2887 4100 ,
2932 4036 3025 4089 sed
3071 4035 3141 4089 ad
3187 4034 3478 4090 salvandas
3516 4042 3712 4087 creatura

2212 4145 2340 4186 suas
2375 4131 2490 4199 ipse
2525 4130 2833 4183 descendat.
2867 4128 3020 4185 Facit
3053 4143 3180 4198 ergo
3210 4127 3489 4198 Propheta
3515 4124 3713 4195 qucdjv‘r

2212 4238 2329 4277 sum
2356 4230 2438 4276 est
2457 4261 2471 4285 ,
2501 4230 2556 4275 et
2580 4221 2800 4277 adhibet
2822 4221 2926 4277 sibi
2953 4228 3117 4275 testes
3146 4220 3334 4275 ﬁdeles
3354 4260 3368 4282 ,
3409 4219 3579 4275 Uriam
3603 4228 3715 4270 sacu-

2212 4314 2412 4377 dotem,
2436 4311 2527 4379 qui
2555 4310 2688 4380 legis
2714 4311 2903 4365 doctor
2926 4320 3030 4375 est,
3061 4311 3275 4364 dicente
3308 4309 3565 4364 Malachia
3588 4326 3598 4358 :
3624 4324 3638 4353 ι
3658 4303 3716 4355 Le

2209 4400 2297 4481 bia
2326 4400 2623 4455 sacerdotis
2651 4400 2962 4477 custodiunt
2992 4399 3310 4462 scientiam,
3338 4406 3395 4451 et
3425 4400 3586 4470 legem
3606 4393 3717 4459 requa

2212 4500 2339 4546 runt
2361 4506 2427 4545 ex
2456 4507 2551 4549 ore
2579 4488 2695 4563 ejus
2719 4489 2986 4562 (Malach.
3018 4490 3113 4557 ιι),
3139 4509 3157 4541 ›
3183 4490 3313 4559 quia
3340 4488 3562 4559 angelus
3580 4481 3718 4541 [lotaml

2213 4581 2551 4636 exercituum
2606 4588 2724 4644 est,
2774 4589 2828 4633 et
2888 4579 3208 4634 Zachariam
3260 4578 3442 4633 lilium
3490 4574 3719 4632 Baiachir.

2212 4764 2280 4836 (Ι
2300 4763 2336 4817 γ
2363 4763 2490 4834 Reg.
2523 4779 2611 4817 xvr
2636 4762 2655 4827 )
2695 4763 2837 4833 quod
2869 4770 3124 4831 regnante
3154 4760 3339 4815 Achaz
3374 4766 3618 4815 sacerdos
3638 4768 3723 4823 pm

2212 4855 2313 4910 fuit
2356 4854 2555 4924 templo
2600 4853 2842 4919 Domini,
2894 4853 2978 4909 cui
3022 4852 3277 4922 praecepit
3322 4852 3513 4905 Achar
3544 4861 3593 4902 ut
3618 4846 3727 4899 altare

2208 4946 2384 5001 simile
2418 4945 2571 4999 altari
2604 4946 2852 4999 Damasci
2884 4944 3122 5008 faceret;
3163 4950 3218 4996 et
3250 4942 3477 4996 Dierum
3509 4941 3627 4994 liber
3650 4930 3717 5002 (1‘

2210 5036 2338 5106 Reg.
2369 5051 2500 5089 xviii
2529 5036 2546 5107 )
2576 5043 2795 5100 narrat,
2822 5036 2963 5104 quod
2990 5033 3248 5087 Ezechias
3273 5031 3420 5086 [ilius
3447 5032 3616 5085 Acbaz
3636 5036 3730 5092 qvi-

2208 5129 2374 5182 sierat
2421 5128 2703 5182 Dominum
2746 5128 2800 5180 in
2842 5126 3030 5181 diebus
3079 5125 3405 5191 Zachariae,
3458 5123 3674 5181 eruditus
3700 5115 3731 5165 in

2208 5222 2405 5277 timore
2434 5219 2561 5273 ~Dei.
2603 5218 2861 5273 Exhibuit
2898 5227 3079 5271 autem
3120 5233 3177 5272 sc
3213 5217 3382 5272 Isaias
3418 5217 3628 5286 dignum
3651 5206 3734 5277 Spi-

2208 5312 2313 5366 ritu
2373 5320 2562 5365 sancto
2621 5309 2958 5380 prophetali,
3028 5317 3081 5363 et
3128 5307 3360 5377 prmbuit
3408 5303 3736 5376 prophetissa.

2210 5404 2261 5458 id
2312 5412 2422 5467 est,
2457 5402 2679 5471 Spiritui
2737 5410 2945 5464 sancto,
2990 5399 3083 5470 qui
3121 5412 3372 5453 sermone
3416 5398 3643 5451 Harbrto
3670 5400 3740 5441 V0-

2213 5504 2367 5550 catur
2395 5511 2592 5566 genere
2624 5495 2882 5549 feminino
2917 5494 3083 5558 ruha,
3119 5492 3274 5562 juxta
3319 5489 3452 5544 illud
3492 5486 3625 5555 quod
3653 5476 3743 5535 sai-

2214 5595 2361 5657 ptum
2391 5594 2474 5640 cst
2505 5604 2515 5638 :
2548 5586 2827 5641 «Accedite
2856 5583 2923 5638 ad
2953 5599 3076 5637 eum
3104 5592 3155 5637 et
3185 5578 3565 5635 illuminamini
3595 5567 3742 5646 (Ριοίο

2216 5692 2387 5729 xxxm
2412 5675 2450 5741 ).
2476 5696 2491 5725 ι
2522 5674 2723 5745 Spiritu
2753 5675 2935 5744 itaque
2965 5681 3150 5729 sancto
3174 5681 3468 5741 conceptus
3496 5678 3578 5725 est
3601 5660 3745 5718 Domi-

2215 5784 2315 5823 nus
2346 5767 2499 5823 .lesus
2519 5808 2534 5833 ,
2565 5776 2618 5822 et
2646 5768 2770 5823 licet
2811 5769 3078 5823 humanus
3116 5781 3297 5821 sermo
3335 5762 3630 5819 nativitatis
3663 5756 3747 5823 ejnw

2215 5869 2446 5932 nequeat
2473 5859 2743 5929 explicare
2772 5861 3048 5931 mysteria,
3097 5869 3271 5913 tamen
3302 5855 3517 5913 Gabriel
3550 5851 3641 5925 ipsi
3671 5847 3748 5899 vir-
