3918 6470
190 428 294 485 res
594 408 613 435 ‘
1280 417 1630 477 COMMENT.
1669 413 1737 469 IN

1881 411 2027 467 ωε.
2068 442 2135 457 -ο
2162 414 2287 471 ua.
2329 414 2394 470 ιι.
2974 392 2975 395 γ
3327 413 3428 469 766

188 539 301 610 gini
331 539 570 609 loquitur
606 552 727 607 quae
768 533 1015 605 concepit
1044 551 1058 587 :
1100 551 1116 584 ι
1150 530 1384 601 Spiritus
1423 536 1641 583 sanctus
1670 539 1755 581 su-
1777 523 1837 585 Α
1862 522 2013 578 ﬁnita
2037 526 2400 598 multitudine,
2413 526 2626 597 operuit
2647 525 3430 597 terramEmmanuel,bocest,

188 629 467 699 perveniet
496 629 548 681 in
581 637 662 692 te,
691 634 746 681 et
787 625 957 679 virtus
977 622 1237 679 Altissimi
1277 617 1619 674 obumbrabit
1642 614 1756 669 tibi.
1864 613 2101 669 defendit
2126 632 2245 671 eam
2271 616 2440 683 Deus,
2470 625 2528 670 ut
2554 632 2661 671 non
2688 617 2987 688 possederit
3010 632 3129 672 eam
3157 617 3430 690 Assyrius.

191 720 486 790 Propterea
542 719 685 790 quod
712 725 963 773 nascetur
988 730 1053 770 ex
1084 722 1136 770 te
1165 720 1443 776 sanctum,
1484 706 1762 764 vocabitur
1864 706 2065 761 Siloam
2100 716 2278 763 autem
2316 707 2515 764 fontem
2553 723 2671 766 esse
2709 708 2773 764 ad
2802 708 3010 765 radices
3036 711 3232 766 montis
3252 710 3432 777 Sion,

194 810 336 865 illius
360 806 636 880 Dei.(Luc.
663 813 739 879 ι).
771 827 789 857 ι
810 804 1111 875 Antequam
1142 803 1434 859 humanum
1460 811 1653 866 corpus
1678 810 1763 851 as-
1864 814 1972 870 quo
1998 816 2107 855 non
2129 799 2349 871 jugibus
2374 804 2560 870 aquis,
2591 800 2687 856 sed
2718 800 2938 856 incertis
2965 801 3112 857 horis
3140 802 3434 872 diebusque

194 906 432 955 sumeret
480 898 647 963 Deus,
694 905 746 952 et
782 895 933 966 juxta
975 894 1258 950 infantiam
1298 900 1507 962 patrem
1546 894 1765 943 vocaret
1862 893 2113 959 ebulliat,
2138 901 2194 947 et
2220 908 2317 962 per
2344 902 2542 948 terram
2570 908 2859 949 concavam
2898 901 2952 948 ei,
2988 901 3144 947 antra
3179 893 3293 949 saxi
3332 892 3433 947 du-

195 991 363 1046 Deum
382 1031 397 1057 ,
420 1001 473 1045 et
494 999 721 1047 matrem
742 1005 896 1045 suam
921 988 1166 1053 Mariam,
1212 986 1486 1041 auferetur
1510 981 1765 1036 fortitudo
1865 986 2065 1043 rissimi
2091 1002 2211 1042 cum
2238 1001 2432 1057 magno
2454 987 2635 1041 sonitu
2661 987 2843 1042 veniat
2860 1027 2878 1054 ,
2908 975 3154 1043 dubitare
3178 1000 3282 1041 non
3314 1001 3435 1056 pos-

199 1086 482 1150 Damasci,
505 1094 558 1143 et
581 1084 749 1156 spolia
774 1083 1033 1139 Samariae
1052 1097 1150 1152 per
1174 1095 1353 1149 regem
1374 1076 1716 1146 Assyriorum
1748 1091 1761 1127 :
1866 1095 2082 1144 sumus,
2139 1095 2237 1134 nos
2269 1080 2566 1151 prazsertim
2608 1079 2700 1151 qui
2739 1080 2794 1134 in
2832 1080 2935 1134 hac
2970 1080 3278 1137 habitamus
3315 1095 3438 1149 pro-

196 1186 254 1231 ut
283 1166 511 1231 neédum
555 1184 714 1229 natus
746 1173 1043 1251 Dominus,
1077 1169 1329 1241 populum
1362 1182 1518 1221 suum
1549 1165 1765 1219 domum
1870 1173 2062 1227 vincia.
2086 1172 2177 1227 Est
2204 1172 2344 1226 enim
2368 1187 2576 1235 sensus,
2602 1174 2727 1241 quia
2752 1172 2978 1243 populus
2998 1173 3180 1228 decem
3204 1172 3436 1227 tribuum

196 1267 365 1323 David
396 1267 507 1322 sola
542 1266 880 1323 invocatione
910 1264 1161 1319 salvaret.
1206 1260 1363 1317 Urias
1390 1268 1569 1314 autem
1602 1258 1768 1312 inter-
1868 1264 2042 1333 magis
2074 1263 2240 1318 voluit
2274 1262 2437 1317 Basia
2478 1272 2531 1317 et
2558 1263 2665 1317 lilio
2691 1262 2979 1330 Bonielim,
3003 1263 3056 1319 id
3082 1274 3165 1321 est
3194 1263 3438 1318 Damasci

194 1366 443 1428 pretatur
470 1354 563 1410 lux
591 1354 801 1413 Domini
819 1396 831 1415 .
871 1353 1162 1411 Zacharias
1205 1366 1332 1406 vero
1371 1350 1622 1404 memoria
1661 1346 1770 1428 Do—
1870 1364 1923 1411 ει
1951 1354 2210 1410 Samaria;
2236 1355 2453 1427 regibus
2479 1369 2600 1410 esse
2625 1354 2929 1423 sui-iectus,
2959 1372 3120 1426 quam
3156 1357 3313 1426 stirpi
3335 1355 3439 1410 Da-

197 1446 363 1509 mini,
407 1453 460 1500 et
488 1444 776 1499 Barachias
803 1443 1085 1497 benedictio
1114 1442 1347 1495 Domini.
1385 1440 1591 1509 Quibus
1620 1436 1772 1492 testi-
1870 1446 1959 1505 vid
2000 1460 2122 1514 quae
2168 1445 2221 1499 in
2259 1459 2323 1501 eo
2360 1447 2526 1514 ccepit
2564 1434 2793 1515 regnare
2823 1445 3049 1513 judicio,
3091 1446 3282 1500 faciam
3321 1445 3443 1516 (ait

194 1533 509 1589 busChristi
533 1533 785 1588 nativitas
805 1534 1204 1604 comprobatur.
1224 1532 1341 1603 Ipse
1358 1532 1500 1585 enim
1516 1530 1771 1583 Dominus
1870 1533 2150 1603 Dominus)
2189 1549 2310 1589 eum
2349 1550 2689 1606 nequaquam
2732 1534 2812 1588 his
2849 1534 3063 1604 regibus
3105 1550 3225 1590 esse
3266 1534 3444 1604 subje-

202 1626 255 1679 in
279 1625 569 1697 Evangelio
592 1626 610 1699 (
634 1625 759 1681 Luc.
786 1627 949 1693 xxrv)
974 1625 1178 1680 duobus
1201 1624 1453 1680 euntibus
1476 1623 1731 1676 Emmaus
1754 1661 1770 1686 ,
1872 1637 2015 1685 etum
2052 1640 2187 1696 quos
2226 1626 2541 1696 assumpsit,
2569 1625 2660 1680 sed
2688 1627 2797 1696 regi
2826 1627 3027 1681 servire
3052 1626 3273 1697 Assyrio
3302 1644 3314 1681 :
3347 1640 3441 1679 eu-

200 1717 464 1786 incipieus
493 1733 522 1771 a
554 1716 700 1774 Mose
727 1725 783 1772 et
806 1716 1083 1787 prophetis
1114 1715 1402 1778 disseruit,
1435 1711 1578 1783 quod
1618 1713 1682 1766 de
1714 1727 1772 1767 se
1864 1717 1955 1787 jus
1993 1716 2231 1786 potentia
2272 1715 2395 1784 quia
2431 1716 2714 1785 occupavit
2744 1724 2944 1770 terram
2973 1716 3254 1780 Samaria},
3289 1715 3444 1768 iuun—

198 1808 379 1861 omnia
413 1806 843 1877 prophetassent.
885 1804 1044 1865 Juxta
1085 1804 1469 1877 tropologiam,
1504 1804 1556 1857 in
1593 1804 1771 1858 anima
1875 1805 2079 1859 dationi
2125 1803 2360 1859 ﬂuminis
2408 1814 2767 1874 comparatur.
2814 1806 2879 1861 Et
2918 1804 2979 1859 fit
3017 1805 3338 1875 apostropha
3378 1803 3445 1857 ad

200 1902 484 1971 virginali,
514 1912 571 1957 et
600 1901 742 1956 nulla
775 1901 934 1955 sorde
966 1900 1235 1955 maculata
1255 1941 1269 1964 ,
1302 1900 1367 1953 de
1397 1898 1597 1969 Spiritu
1639 1912 1766 1950 san-
1798 1879 1846 1941 Β
1874 1895 2221 1961 Emmanuel,
2258 1896 2359 1951 hoc
2388 1906 2499 1961 est,
2531 1898 2597 1951 ad
2626 1907 2945 1965 przesentem
2976 1898 3143 1953 Deum
3163 1938 3179 1963 ,
3213 1897 3353 1966 quod
3390 1896 3445 1950 in

202 2000 289 2047 cto
330 2000 621 2067 conceptus
662 1990 755 2046 Dei
796 2005 1011 2055 sermo,
1054 1989 1313 2045 velociter
1350 1989 1416 2043 de
1444 1986 1772 2042 adversariis
1875 1998 2082 2045 tantum
2114 2003 2171 2043 se
2200 1986 2436 2042 erexerit
2475 1988 2727 2057 Assyrius
2755 1996 2815 2042 ut
2844 1989 3008 2043 etiam
3047 1998 3243 2042 terram
3279 1987 3446 2055 ipsius

199 2084 557 2153 potestatibus
603 2082 767 2153 spolia
810 2081 1078 2146 detrahit,
1116 2090 1171 2137 et
1209 2081 1311 2135 sibi
1353 2078 1482 2133 facit
1524 2078 1773 2133 universa
1876 2078 2273 2144 Emmanuelis,
2302 2079 2403 2133 hoc
2434 2085 2515 2133 est
2542 2076 2766 2142 Judam,
2799 2085 3025 2133 conatus
3053 2078 3121 2132 sit
3149 2077 3443 2146 possidere.

202 2171 428 2226 servire.
456 2170 696 2242 Cumque
721 2185 785 2224 ex
813 2178 968 2240 parte
1016 2185 1156 2224 nunc
1206 2167 1415 2232 videat,
1445 2175 1495 2221 et
1527 2181 1592 2219 ex
1626 2174 1776 2234 parte
1875 2170 2035 2227 Juxta
2064 2182 2338 2239 anagogen
2363 2169 2539 2224 omnis
2560 2169 2846 2227 haereticus
2872 2169 2959 2238 qui
2983 2168 3222 2239 junxerit
3246 2166 3447 2221 auxilio

201 2260 520 2329 prophetet',
546 2259 860 2333 priusquam
890 2259 1059 2335 possit
1096 2273 1216 2313 esse
1252 2256 1556 2327 perfectus,
1584 2265 1637 2308 et
1666 2270 1778 2309 me-
1878 2276 1976 2315 suo
2005 2260 2321 2331 sapientiam
2353 2258 2701 2326 saecularem,
2728 2271 2782 2314 et
2805 2258 3132 2325 Jerusalem,
3165 2260 3215 2315 id
3240 2270 3324 2314 est
3350 2259 3451 2315 Ec-

202 2351 538 2419 rito_vocare
574 2350 741 2405 Deum
776 2359 985 2421 patrem
1010 2389 1028 2413 ,
1064 2358 1119 2403 et
1154 2357 1380 2403 matrem
1421 2362 1571 2402 suam
1611 2345 1775 2401 cocle-
1876 2353 2098 2409 elegiam
2158 2351 2387 2406 voluerit
2450 2351 2789 2421 impugnare,
2856 2349 3233 2420 derelinquens
3283 2364 3450 2420 aquas

204 2452 339 2498 stem
380 2442 699 2506 Jerusalem,
743 2441 920 2518 adhuc
959 2442 1013 2494 in
1058 2440 1283 2495 infanlia
1328 2440 1567 2510 positus,
1597 2438 1776 2492 vincet
1884 2444 2029 2500 Siloc
2058 2443 2223 2498 fontis
2247 2444 2337 2512 qui
2380 2444 2766 2513 interpretatur
2795 2442 3010 2503 missus,
3041 2451 3096 2498 et
3123 2443 3213 2512 qui
3242 2441 3365 2497 salit
3394 2442 3451 2496 in

206 2533 574 2589 fortitudinem
596 2528 1202 2599 Damasci,doctrinam
1231 2530 1481 2585 videlicet
1503 2529 1779 2599 sapientiae
1880 2537 2044 2589 vitam
2089 2542 2346 2588 aeternam
2400 2531 2599 2603 (Joau.
2641 2530 2758 2602 iv),
2822 2532 3063 2586 tradetur
3108 2532 3449 2612 Assyriorum
3508 2590 3521 2596 ε

209 2621 485 2677 saecularis
513 2641 525 2677 ε
552 2630 606 2676 el
636 2620 845 2677 auferet
873 2620 1054 2692 SPOlia,
1074 2620 1351 2685 Samaria},
1372 2620 1567 2691 (imbus
1588 2618 1776 2673 ECCle-
1880 2626 2127 2699 principi.
2152 2623 2318 2693 Quem
2343 2639 2558 2688 sensum
2583 2625 2753 2696 magis
2776 2624 2827 2677 in
2852 2622 3242 2695 posterioribus
3264 2622 3453 2676 lecturi

208 2714 342 2769 siam
369 2714 608 2768 haeretici
635 2712 1036 2785 spoliaverunt,
1063 2713 1300 2767 dicentes
1330 2730 1343 2766 :
1371 2710 1486 2765 Non
1514 2722 1599 2765 est
1625 2709 1780 2764 nobis
1881 2734 2097 2782 sumus,
2135 2715 2290 2786 cujus
2327 2716 2399 2772 sit
2432 2714 2722 2771 tradendus
2757 2715 3004 2786 potestati
3033 2733 3045 2768 ς
3087 2714 3211 2786 quia
3245 2714 3297 2767 in
3326 2729 3451 2783 ριιο-

207 2801 419 2874 parS'in
455 2802 624 2865 DaVid
644 2845 658 2871 ,
688 2818 862 2875 neque
890 2803 1173 2884 haeredita's
1203 2804 1255 2857 in
1290 2801 1399 2857 filio
1424 2800 1607 2867 Iesse,
1638 2817 1779 2873 prze-
1883 2808 2105 2863 fundum
2143 2808 2323 2861 veniet
2350 2816 2694 2877 peccatorum
2728 2804 2917 2877 (Prov.
2950 2803 3135 2875 xvm).
3163 2803 3347 2861 Tantze
3372 2810 3455 2859 est

209 2903 358 2950 sente
388 2894 506 2966 ipso
536 2911 661 2968 rege
690 2894 1030 2965 Assyriorum
1060 2893 1271 2949 diabolo
1294 2894 1385 2964 qui
1412 2894 1492 2948 eis
1535 2908 1640 2948 non
1687 2907 1781 2969 ρο-
1882 2901 2024 2956 enim
2065 2900 2391 2973 arrogantia:
2434 2907 2493 2953 ut
2538 2912 2700 2953 ausus
2746 2898 2815 2951 sit
2859 2897 3140 2955 ostendere
3184 2894 3453 2951 Salvatori

210 2992 350 3039 terat
387 2982 654 3039 auxiliari.
706 2983 865 3041 Tales
905 2984 1046 3039 enim
1086 2983 1223 3038 filios
1261 2999 1367 3038 non
1407 2983 1576 3037 solum
1612 2980 1781 3035 Maria
1886 2991 2139 3047 universa
2176 3006 2339 3058 regna
2382 2998 2568 3052 terrae,
2593 2995 2650 3042 et
2684 2986 2863 3041 dicere
2893 3005 2904 3039 ε
2938 3004 2956 3037 ι
2987 2986 3111 3042 utet:
3143 2986 3323 3040 omnia
3360 2983 3457 3039 tibi

210 3075 552 3146 prophetissa
583 3076 734 3146 virgo
761 3082 1019 3146 perpetua
1038 3115 1053 3139 ,
1085 3074 1179 3128 sed
1210 3084 1265 3128 et
1299 3081 1497 3127 sancta:
1528 3071 1780 3125 mulieres
1886 3079 2024 3135 dabo
2051 3080 2093 3134 si
2126 3079 2323 3134 cadens
2351 3077 2663 3131 migraveris
2691 3090 2775 3129 me
2805 3075 2822 3144 (
2850 3073 3040 3129 Manli,
3068 3091 3122 3133 ιν
3141 3074 3184 3146 ),
3220 3095 3239 3126 ι
3281 3074 3456 3130 Cana-

207 3168 540 3237 patriarchas
570 3175 887 3239 generantes
914 3164 1234 3221 habuerunt.
1265 3164 1433 3231 Sara,
1465 3181 1584 3236 quae
1615 3165 1780 3219 inter-
1814 3225 1854 3241 Α
1885 3173 2034 3228 bitur
2061 3186 2275 3241 quoque
2296 3167 2522 3231 Judam,
2555 3167 2607 3221 id
2634 3175 2718 3220 est
2746 3166 2958 3221 domum
2987 3163 3338 3221 confessionis
3377 3164 3458 3219 in-

208 3225 453 3331 pretatur
480 3225 689 3324 arcam,
719 3259 771 3313 id
797 3266 901 3322 est,
928 3259 1195 3327 princeps,
1220 3265 1275 3311 et
1294 3225 1561 3321 Rebecca,
1586 3270 1705 3325 quae
1726 3254 1755 3309 il

1916 3277 2036 3316 rare
2062 3278 2076 3314 :
2106 3269 2159 3313 et
2200 3258 2390 3312 crebro
2415 3272 2512 3327 per
2534 3271 2627 3310 eos
2653 3256 2743 3324 qui
2771 3256 2825 3309 in
2851 3254 3089 3309 Ecclesia
3127 3254 3457 3325 negligentes

210 3350 392 3421 lingua
422 3358 606 3404 nostra
636 3348 951 3418 patientiam
991 3354 1164 3401 sonat.

1910 3365 2046 3417 ,unt,
2076 3368 2247 3422 usque
2286 3352 2354 3409 ad
2391 3350 2585 3405 collum
2611 3349 2824 3417 veniet,
2848 3348 3133 3405 credentes
3160 3348 3212 3403 in
3243 3346 3457 3403 Christo

286 3420 309 3493 ἐ
343 3440 410 3494 Et
447 3437 645 3506 adjecit
681 3437 825 3506 loqui
862 3427 1120 3491 Dominus
1156 3435 1221 3488 ad
1261 3449 1377 3499 me,
1418 3434 1644 3489 dicens:
1677 3433 1786 3489 Pro
1808 3420 1833 3442 ’

1907 3446 2112 3516 :upiens
2151 3420 2417 3498 suffocare
2452 3449 2508 3497 et
2542 3439 2833 3496 extendere
2871 3439 2982 3494 alas
3019 3454 3146 3495 suas
3170 3478 3185 3505 ,
3228 3438 3454 3508 impleas

214 3540 280 3583 εο
301 3530 444 3599 (1‘30d
467 3527 664 3596 abice"
687 3527 915 3597 Ρορυιυδ
942 3527 1043 3581 is"?
1068 3540 1237 3594 aquas
1262 3522 1407 3579 δηοθ
1430 3539 1548 3595 (lum
1582 3524 1786 3578 vadunt
1889 3536 2191 3591 universam
2236 3532 2509 3604 regionem
2559 3520 2923 3587 Emmanuelis
2951 3547 2964 3583 :
3001 3529 3094 3587 sed
3127 3545 3232 3585 non
3258 3530 3456 3601 poterit

216 3635 338 3675 cum
378 3618 627 3698 silentio,
666 3627 721 3674 et
755 3618 1043 3688 assumpsit
1077 3620 1249 3688 magis
1298 3617 1465 3681 Rasin
1513 3626 1567 3673 et
1616 3616 1784 3672 filium
1887 3629 2133 3683 obtinere
2154 3666 2169 3692 ,
2198 3625 2323 3695 quia
2352 3624 2514 3679 habet
2538 3621 2702 3676 Judas
2728 3630 3046 3692 praesentem
3074 3621 3264 3676 Deum.

119 3767 131 3777 ,
220 3711 473 3767 Romelize
498 3726 513 3766 :
541 3720 763 3782 propter
792 3711 894 3766 hoc
921 3725 1046 3765 ecce
1076 3709 1334 3765 Dominus
1362 3709 1591 3763 adducet
1626 3723 1789 3779 super
1965 3739 1981 3772 ε
2013 3716 2446 3790 congregamini,
2476 3714 2678 3786 populi,
2725 3725 2779 3768 et
2824 3712 3111 3768 vincemini
3131 3753 3146 3779 ,
3174 3720 3229 3766 et
3255 3711 3455 3775 audite,

218 3817 313 3858 θος
347 3817 515 3873 aquas
545 3801 781 3857 ﬂuminis
815 3801 980 3857 ΐοτιθε
1021 3810 1077 3856 ει
1117 3801 1345 3867 ιηυιιθε,
1392 3814 1571 3869 regem
1616 3798 1784 3871 ASSY-
1888 3810 2152 3865 universa:
2189 3806 2377 3878 procul
2407 3815 2584 3861 terrae.
2616 3802 3006 3875 confortamini
3045 3811 3101 3857 et
3135 3800 3455 3867 vincemini,

218 3896 422 3950 riorum
453 3903 508 3950 et
542 3909 753 3950 omnem
793 3895 1016 3964 gloriam
1054 3892 1206 3961 ejus,
1246 3900 1301 3948 et
1337 3892 1589 3947 ascendet
1627 3905 1765 3961 super

1913 3901 2156 3973 recingite
2184 3915 2279 3954 vos
2301 3907 2356 3954 et
2382 3896 2688 3951 vincemini.
2717 3895 2891 3950 Finite
2917 3893 3198 3951 consilium
3223 3903 3278 3948 et
3305 3892 3460 3948 dissi-

217 3998 405 4041 Omncs
454 3986 601 4040 Γίνοε
644 3984 795 4054 eius:
845 3992 900 4039 θῑ
941 3983 1069 4041 ﬂuet
1114 3999 1276 4054 super
1320 3984 1600 4037 universas
1642 3982 1789 4052 ripas
1889 3993 2131 4064 pabitur,
2167 3988 2449 4060 loquimini
2485 3986 2707 4042 verbum
2736 3994 2793 4040 et
2820 4000 2925 4040 non
2959 3984 3081 4048 fiet,
3119 3985 3243 4055 quia
3276 3983 3457 4039 nobis-

217 4076 356 4144 ejus,
383 4084 438 4131 et
464 4075 563 4129 ibit
586 4091 682 4146 per
704 4073 896 4129 Judam
924 4075 1217 4140 immdans,
1246 4083 1299 4129 et
1330 4071 1595 4128 transiens
1616 4087 1788 4143 usque
1890 4098 2013 4138 eum
2050 4082 2211 4138 Deus.
2246 4100 2264 4132 ι
2296 4079 2410 4133 Duo
2447 4093 2575 4150 ergo
2613 4076 2790 4147 populi
2842 4077 3104 4131 Samaria:
3150 4086 3206 4131 et
3251 4075 3456 4147 Syriae,

219 4167 286 4222 ad
317 4165 514 4222 collum
544 4168 742 4221 veniet.
781 4166 849 4220 Et
877 4166 981 4221 erit
1008 4166 1250 4222 extensio
1287 4166 1491 4222 alarum
1532 4166 1648 4235 ejus
1686 4164 1787 4219 im-
1892 4173 2244 4229 infit-mones
2267 4180 2322 4227 et
2347 4169 2549 4226 debiles
2573 4183 2695 4224 esse
2719 4168 3048 4239 cognoscite,
3065 4174 3119 4221 et
3138 4152 3485 4221 Emmanuel.

222 4259 372 4329 plens
406 4258 744 4314 latitudinem
771 4268 927 4313 terrae
955 4266 1085 4324 tuae,
1116 4274 1149 4313 ο
1171 4258 1506 4314 Emmanuel.
1529 4258 1790 4313 tDixerat
1890 4273 2156 4337 pnesente
2191 4261 2324 4317 nihil
2361 4274 2519 4331 posse
2563 4268 2749 4315 contra
2788 4255 3085 4314 Jerusalem
3125 4257 3310 4311 urbem
3354 4256 3461 4309 Do-

222 4365 382 4419 supra
411 4349 681 4419 Propheta
720 4347 1064 4404 auferendam
1105 4351 1350 4405 Damasci
1381 4349 1787 4415 fortitudinem,
1892 4353 2022 4408 mini
2053 4372 2064 4405 :
2106 4360 2159 4406 et
2197 4352 2302 4406 hoc
2338 4366 2443 4405 non
2490 4348 2660 4406 solum
2696 4364 2793 4405 vos
2829 4349 2920 4420 qui
2967 4347 3128 4402 vicini
3165 4347 3330 4412 estis,
3369 4345 3463 4401 sed

220 4451 277 4497 et
314 4441 483 4513 spolia
523 4442 780 4497 Samaria:
817 4441 870 4497 iu
910 4449 1197 4512 conspectu
1238 4443 1379 4511 regis
1408 4441 1787 4512 Assyriorum,
1894 4443 2081 4519 procul
2131 4451 2276 4497 terra
2321 4449 2628 4511 cognoscat.
2679 4438 2937 4505 Quamvis
2979 4439 3123 4494 enim
3167 4439 3463 4496 exercitum

219 4541 277 4589 et
311 4534 446 4589 duos
479 4547 632 4604 reges
676 4532 899 4604 Assyrio
947 4540 1216 4607 pugnante
1264 4532 1549 4601 capiendos
1582 4549 1594 4584 :
1649 4546 1792 4586 nunc
1824 4606 1845 4607 ί
1895 4536 2233 4607 congregetis
2268 4546 2325 4591 et
2361 4532 2655 4604 accingatis
2692 4548 2789 4589 vos
2820 4533 2886 4587 ad
2912 4532 3187 4604 praelium,
3215 4542 3271 4589 et
3294 4532 3467 4605 major

222 4626 365 4681 Deus
396 4625 635 4695 loquitur
669 4624 735 4678 ad
773 4606 1090 4695 prophetam
1130 4622 1441 4677 charactere
1469 4621 1628 4677 solito
1659 4622 1793 4676 serio
1818 4606 1869 4665 Ῑ)
1898 4628 1969 4681 sit
1994 4606 2250 4679 numerus
2276 4622 2640 4679 obsidentium
2667 4636 2827 4692 quam
2865 4621 3209 4677 obsessorum
3239 4639 3253 4676 :
3284 4629 3465 4677 tamen

223 4726 524 4790 pturarum,
547 4730 642 4787 per
661 4714 1064 4770 translationem
1088 4712 1410 4769 Siloefontis
1426 4713 1721 4769 Jerusalem
1740 4724 1795 4769 et
1898 4733 2003 4771 non
2042 4714 2240 4782 semel,
2281 4713 2376 4769 sed
2416 4712 2609 4767 iterum
2648 4710 2821 4769 dicam
2860 4711 3181 4779 vincemini,
3209 4721 3262 4767 et
3296 4712 3467 4784 quod-

223 4809 435 4881 Assyrii
474 4807 710 4863 aluminis
744 4804 1141 4869 violentissimi,
1174 4804 1314 4874 quod
1338 4819 1552 4859 omnem
1590 4813 1791 4860 terram
1898 4823 2110 4881 cunque
2148 4814 2337 4861 contra
2375 4801 2671 4858 Jerusalem
2703 4802 2931 4859 inieritis
2968 4802 3281 4870 consilium,
3309 4803 3468 4858 dissi-

224 4900 389 4956 Israel
411 4899 521 4955 suis
545 4898 768 4953 mandet
789 4897 946 4967 aquis
967 4938 981 4961 ,
998 4895 1438 4966 ingredimurque
1456 4897 1603 4965 ripas
1621 4896 1793 4963 alvei,
1897 4898 2133 4969 pabitur.
2162 4895 2453 4951 Possumus
2481 4906 2711 4962 namque
2737 4901 2791 4948 et
2814 4894 2921 4950 hoc
2948 4895 3254 4951 testimonio
3278 4903 3468 4949 contra

226 4999 485 5061 tantoque
504 4988 707 5044 feratur
726 4986 1024 5056 impetu,ut
1044 4997 1325 5055 postquam
1349 4985 1535 5040 decem
1560 4986 1795 5042 tribuum
1899 4996 2085 5062 gentes
2123 4986 2270 5040 abuti
2304 4984 2361 5038 in
2399 4984 2789 5054 persecutionis
2818 4993 3087 5057 tempore,
3117 4985 3255 5054 quod
3284 5000 3469 5055 quam-

227 5080 571 5151 occupaverit
604 5086 807 5133 terram
829 5117 843 5141 ,
880 5075 948 5129 ad
984 5073 1177 5130 ludam
1211 5074 1491 5145 perveniat
1527 5084 1583 5130 et
1621 5083 1799 5131 trans-
1906 5082 1986 5135 vis
2024 5078 2191 5133 fortes
2224 5092 2343 5132 esse
2378 5076 2666 5131 videantur
2703 5077 2757 5132 in
2795 5078 2882 5133 his
2921 5079 3010 5148 qui
3040 5076 3173 5148 lapsi
3198 5084 3337 5141 sunt,
3388 5085 3469 5134 ta-

230 5174 350 5228 iens
402 5171 467 5224 ad
495 5168 688 5225 collum
720 5181 893 5235 usque
924 5165 1236 5236 pertingat:
1269 5179 1367 5234 per
1402 5178 1523 5234 qua:
1560 5164 1797 5221 vicinam
1901 5187 2024 5227 men
2060 5170 2347 5225 vincuntur
2371 5169 2425 5224 in
2451 5169 2537 5224 bis
2563 5170 2650 5239 qui
2677 5185 2774 5240 pro
2815 5168 3028 5224 Christo
3067 5168 3303 5224 fuderint
3337 5186 3466 5229 san-
3550 5169 3554 5173 ’

230 5264 595 5335 captivitatem
614 5260 901 5331 signiﬁcat.
932 5257 1045 5311 Non
1075 5257 1216 5310 enim
1244 5263 1371 5310 tunc
1394 5265 1584 5326 captus
1605 5268 1688 5311 est
1710 5255 1797 5311 Ju-
1902 5262 2116 5333 guinem
2149 5279 2162 5315 :
2191 5276 2256 5317 eo
2279 5260 2417 5331 quod
2445 5269 2565 5331 post
2588 5260 2724 5316 bella
2752 5275 2855 5330 pax
2895 5259 3151 5315 reddatur
3176 5260 3466 5329 Ecclesiis,

232 5357 361 5422 das,
390 5353 483 5408 sed
510 5352 719 5407 cunctis
739 5351 963 5405 duarum
990 5348 1227 5402 tribuum
1254 5347 1476 5402 urbibus
1498 5348 1798 5418 subjugatis
1903 5360 1955 5407 et
1982 5352 2229 5407 universa
2256 5344 2439 5405 eorum
2467 5351 2693 5407 consilia
2719 5359 2906 5404 contra
2936 5349 3335 5408 Emmanuelem
3360 5352 3471 5409 dis-

233 5445 344 5500 sola
392 5443 652 5498 remansit
700 5440 1030 5505 Jerusalem,
1069 5454 1188 5509 qua}
1235 5438 1534 5493 incredibili
1585 5439 1797 5493 Domini
1905 5444 2165 5514 sipentur,
2206 5443 2330 5512 quia
2367 5443 2645 5496 nobisequ
2685 5448 2767 5495 est
2810 5440 2972 5495 Deus.
3025 5441 3470 5499 Contradicentes

236 5534 605 5591 misericordia
632 5533 858 5587 liberata
886 5538 989 5585 est.
1020 5528 1320 5583 Potentiam
1348 5544 1479 5600 ergo
1510 5527 1801 5601 Assyriiet
1906 5547 2118 5603 quoque
2155 5534 2364 5587 veritati
2404 5532 2610 5586 utiliter
2643 5529 2892 5594 audient,
2922 5537 2978 5583 ut
3005 5531 3219 5584 tandem
3259 5532 3469 5589 ratione
3536 5556 3543 5569 ·

232 5624 642 5681 innumerabilis
674 5624 793 5693 ejus
831 5621 1135 5684 exercitus,
1184 5634 1345 5688 quam
1394 5619 1493 5673 sub
1540 5633 1800 5688 aquarum
1906 5633 2243 5693 superentur,
2284 5632 2341 5677 et
2376 5637 2713 5692 nequaquam
2752 5622 2916 5676 velint
2952 5623 3003 5677 in
3040 5623 3319 5679 mendacio
3346 5623 3467 5681 vin-

236 5719 583 5775 inundatione
616 5716 1018 5786 descripserat:
1061 5728 1203 5767 nunc
1242 5726 1340 5782 per
1370 5711 1529 5767 aliam
1569 5698 1806 5770 ostendit
1906 5729 2070 5769 cere:
2106 5716 2230 5784 quia
2259 5714 2612 5784 quodcunque
2650 5712 2920 5777 dixerint,
2946 5728 3217 5783 nunquam
3244 5730 3468 5786 perver-

241 5811 675 5875 translationem,
705 5809 850 5880 quod
887 5806 986 5863 alis
1018 5805 1163 5871 suis,
1195 5805 1245 5859 id
1272 5814 1357 5861 est
1380 5805 1604 5861 ducibus
1636 5814 1691 5860 et
1717 5806 1803 5860 in-
1908 5805 2040 5861 sitas
2064 5803 2172 5860 ulla
2197 5805 2369 5876 possit
2390 5818 2645 5875 superare
2670 5805 2811 5875 quod
2840 5812 3044 5860 rectum
3083 5814 3182 5862 est.
