3918 6490
1793 302 1802 310 .
1853 289 2172 308 αφ’*ρσήν

971 400 1322 460 HAYMONIS
1363 399 1841 457 HALBERSTAT.
1879 397 2091 455 EPISC.
2133 393 2282 452 OPP.
2323 393 2503 450 PARS
2542 394 2584 448 l.
2622 423 2692 434 --
2728 390 3081 448 COMMENT.
3125 391 3290 446 BIBL
3703 393 3784 450 768

515 407 617 463 167

589 539 606 573 ι
628 517 754 574 Haec
767 517 914 572 enim
938 516 1288 571 altDominus
1308 515 1378 570 ad
1398 513 1688 570 me:Sicut
1709 516 1766 570 in
1784 513 1913 570 forti
1925 527 2091 569 manu
2114 511 2170 574 Α
2193 509 2476 566 abscondit
2520 508 2716 564 faciem
2761 522 2912 562 suam
2961 522 2994 561 a
3041 506 3199 562 domo
3235 504 3403 563 Jacob
3423 547 3441 573 ,
3477 507 3593 561 hoc
3623 519 3722 572 est,
3757 528 3778 564 ε

513 609 750 669 erudivit
793 623 915 676 me,
961 623 1030 663 ne
1062 608 1200 663 irem
1230 607 1286 662 in
1317 607 1404 662 via
1429 606 1611 679 populi
1653 605 1813 679 hujus
1859 605 2090 662 dicens:

516 701 595 758 Ne
641 694 862 767 dicatis,
926 697 1245 767 conjuratio.
1304 696 1498 754 Omnia
1553 697 1700 753 enim
1761 712 2097 769 quaecunque

513 793 759 865 loquitur
796 790 1024 862 populus
1068 789 1203 856 iste,
1246 785 1549 858 coniuratio
1587 798 1690 845 est.
1733 789 1801 844 Et
1839 803 2096 860 pavorem

517 886 634 957 ejus
675 901 746 943 ne
770 884 1006 940 timeatis
1022 923 1037 948 ,
1081 898 1258 954 neque
1283 883 1544 954 paveatis.
1569 881 1858 938 Dominum
1882 882 2097 938 exerci-

517 987 670 1034 tuum
717 977 891 1046 ipsum
925 973 1295 1041 sanctiﬁcata,
1326 975 1440 1045 ipse
1467 989 1637 1045 pavor
1661 981 1864 1040 vester,
1895 983 1952 1030 et
1986 974 2101 1045 ipse

518 1077 700 1124 terror
722 1074 919 1123 vester.
945 1066 1016 1124 Et
1041 1065 1147 1122 erit
1174 1065 1325 1122 vobis
1369 1065 1426 1120 in
1473 1064 1956 1121 sanctiﬁcationem
1978 1106 1996 1132 ,
2042 1065 2098 1121 in

517 1159 749 1232 lapidem
801 1169 980 1214 autem
1022 1158 1335 1215 offensionis
1379 1165 1435 1212 et
1490 1157 1546 1212 in
1599 1166 1809 1228 petram
1857 1157 2098 1214 scandali

517 1252 723 1308 duabus
769 1251 1018 1308 domibus
1071 1250 1266 1317 Israel,
1315 1251 1371 1306 in
1415 1251 1668 1322 laqueum
1707 1262 1763 1308 et
1807 1253 1860 1307 in
1888 1253 2101 1308 ruinam

517 1343 768 1398 omnibus
817 1342 1186 1398 habitantibus
1235 1339 1555 1397 Jerusalem.
1609 1342 1676 1397 Et
1719 1341 1994 1399 oﬁ‘endent
2033 1359 2102 1400 ex

520 1434 602 1490 eis
628 1433 878 1504 plurimi,
926 1440 980 1486 et
1020 1432 1219 1488 cadent
1255 1442 1311 1488 et
1333 1440 1688 1489 conterentur
1712 1442 1769 1488 et
1789 1433 2104 1491 irretientur

517 1533 574 1582 et
597 1525 899 1595 capientur.
938 1542 957 1575 ι
979 1522 1104 1580 Haec
1131 1524 1200 1579 ad
1230 1537 1318 1578 me
1340 1523 1553 1580 locutus
1584 1534 1668 1581 est
1696 1525 1986 1592 Dominus,
2009 1527 2103 1597 qui

516 1625 741 1690 pr0pter
766 1617 909 1672 bona
931 1631 1094 1686 opera
1119 1625 1176 1672 et
1196 1625 1427 1689 gratiam
1453 1635 1616 1690 quam
1644 1634 1742 1690 per
1769 1620 1910 1676 bona
1938 1636 2104 1692 opera

521 1698 848 1765 consecutus
870 1725 1010 1774 sum,
1036 1707 1161 1764 forti
1184 1723 1346 1764 manu
1371 1708 1606 1765 erudivit
1633 1725 1720 1766 me
1745 1729 1758 1765 :
1791 1719 1845 1767 et
1871 1711 2105 1767 instituit

519 1813 588 1852 ne
619 1797 949 1876 ambularem
993 1799 1048 1852 in
1093 1798 1182 1854 via
1224 1798 1408 1870 populi
1433 1798 1623 1868 hujus,
1651 1807 1708 1856 et
1740 1801 1859 1871 pari
1890 1809 2106 1858 tenerer

521 1904 706 1945 errore
754 1909 766 1944 :
801 1889 887 1945 vel
913 1897 1062 1946 certe
1084 1929 1099 1955 ,
1151 1888 1279 1946 fecit
1310 1904 1397 1946 me
1426 1891 1682 1947 recedere
1727 1907 1758 1946 a
1792 1891 1879 1947 via
1923 1891 2108 1963 pOpuli

520 1978 682 2048 hujus
713 1979 946 2050 pessima
973 2021 990 2046 ,
1031 1988 1087 2035 et
1113 1979 1252 2035 dixit
1278 1980 1411 2035 mihi
1442 1998 1457 2034 :
1490 1979 1609 2036 Noli
1647 1979 1876 2036 duorum
1917 1997 2107 2054 regum

521 2072 717 2126 timere
761 2069 1189 2139 conjurationem
1240 2090 1254 2126 :
1303 2072 1398 2128 sed
1446 2072 1549 2128 hoc
1573 2073 1746 2143 magis
1789 2074 2106 2142 considera,

522 2163 666 2233 quod
691 2177 850 2218 omne
872 2163 1017 2233 quod
1039 2163 1292 2234 loquatur
1313 2164 1402 2218 hic
1429 2163 1658 2235 populus
1683 2167 1971 2222 adversum
1997 2183 2105 2236 me,

521 2253 827 2324 conjuratio
870 2253 966 2336 sit.
1000 2251 1080 2310 Tu
1123 2261 1305 2310 autem
1333 2256 1596 2326 propheta
1636 2265 1691 2313 et
1728 2257 1781 2313 hi
1809 2259 1902 2328 qui
1931 2266 2106 2315 tecum

521 2355 670 2413 sunt,
698 2355 753 2401 et
779 2348 864 2403 die
895 2365 910 2402 :
939 2346 1018 2404 Ne
1047 2348 1284 2405 timeatis
1309 2349 1532 2406 insidias
1560 2349 1740 2421 populi
1760 2391 1775 2416 ,
1798 2351 1894 2406 sed
1920 2351 2106 2406 Domi-

520 2456 650 2496 num
693 2441 910 2508 timete,
952 2427 1164 2514 et'ipse
1209 2444 1282 2500 sit
1301 2444 1463 2500 timor
1487 2454 1686 2500 vester.
1724 2464 1744 2496 ι
1779 2443 2110 2516 Principium

523 2532 668 2586 enim
695 2531 973 2603 sapientia:
993 2533 1158 2589 timor
1177 2534 1389 2590 Domini
1412 2532 1597 2608 (Prov.
1621 2536 1684 2606 ι).
1712 2555 1730 2589 ι
1749 2534 1851 2604 Qui
1869 2536 1974 2590 erit
1987 2551 2108 2592 cre-

523 2624 774 2680 dentibus
804 2625 859 2680 in
888 2626 1403 2695 sanctiﬁcationem,
1434 2627 1730 2684 incredulis
1752 2636 1929 2684 autem
1952 2629 2008 2684 in
2028 2629 2112 2684 la-

521 2713 702 2783 pidem
724 2714 1036 2772 offensionis
1055 2725 1112 2773 et
1132 2717 1188 2772 in
1208 2726 1417 2789 petram
1439 2719 1682 2775 scandali
1706 2718 1858 2786 (Luc.
1877 2721 1966 2792 ιι),
1981 2721 2114 2776 dua-

526 2804 629 2861 bus
654 2805 864 2861 scilicet
905 2807 1153 2865 domibus
1187 2807 1339 2864 Judae
1383 2819 1440 2866 et
1475 2809 1796 2878 Jerusalem,
1842 2813 2113 2883 praecipue

534 2902 715 2950 autem
749 2894 808 2950 in
836 2895 1085 2967 laqueum
1111 2907 1166 2954 et
1197 2899 1252 2954 in
1278 2901 1492 2956 ruinam
1543 2901 1914 2959 habitantibus
1957 2902 2114 2960 Jeru-

533 2982 725 3049 salem,
749 2985 805 3038 in
834 2999 942 3054 quo
964 2986 1268 3058 impingent
1292 2990 1512 3058 plurimi
1533 2998 1590 3046 et
1617 2992 1812 3047 cadent
1841 3001 1899 3048 et
1922 3002 2111 3049 conte-

529 3081 736 3138 rentur,
761 3083 1219 3147 peccatorumque
1257 3094 1478 3135 suorum
1525 3079 1755 3136 vinculis
1781 3081 1976 3136 irretiti
2009 3082 2110 3138 du-

525 3170 717 3218 centur
755 3164 811 3219 in
858 3165 1248 3236 captivitatem.
1308 3169 1385 3225 De
1416 3170 1518 3225 hoc
1565 3170 1683 3226 loco
1725 3178 1781 3225 et
1821 3171 2108 3242 Apostolus

523 3255 688 3310 sumit
721 3234 1087 3314 testimonium
1111 3299 1126 3325 ,
1158 3260 1300 3330 quod
1331 3261 1578 3318 Christus
1605 3263 1804 3319 Judmis
1834 3234 2106 3320 factus'sit
2136 3234 2182 3298 Ο

527 3345 580 3400 in
605 3346 942 3415 scandalum,
966 3350 1212 3420 gentibus
1231 3359 1412 3408 autem
1433 3353 1486 3408 in
1510 3353 1791 3410 stultitiam
1813 3355 1866 3427 (Ι
1889 3355 2011 3410 Cor.
2041 3357 2105 3428 ι).

521 3438 590 3493 Et
613 3453 828 3494 rursum
857 3457 870 3492 :
896 3439 1061 3496 Israel
1080 3444 1336 3498 sectando
1362 3442 1647 3513 justitiam,
1675 3445 1730 3500 in
1756 3445 1930 3517 legem
1951 3447 2111 3518 justi-

525 3529 615 3584 tiae
641 3545 747 3586 non
773 3534 1042 3600 pervenit.
1073 3532 1287 3601 Quare?
1309 3534 1444 3603 Quia
1467 3551 1574 3592 non
1598 3552 1665 3592 ex
1689 3537 1814 3604 ﬁde,
1839 3539 1932 3615 sed
1954 3539 2110 3609 quasi

521 3636 589 3677 ex
615 3623 869 3693 operibus
906 3625 1038 3696 legis
1086 3625 1258 3698 (Rom.
1311 3625 1408 3700 ix).
1461 3626 1812 3685 Oﬁ‘enderunt
1857 3631 2002 3685 enim
2054 3631 2110 3687 in

520 3713 752 3786 lapidem
779 3715 1096 3775 offensionis
1114 3760 1129 3786 ,
1157 3719 1299 3776 sicut
1323 3709 1586 3793 Scriptum
1607 3730 1691 3778 est
1715 3737 1730 3776 :
1757 3740 1776 3774 ί
1807 3722 1948 3778 Ecce
1969 3738 2110 3794 pono

520 3799 577 3857 in
604 3803 732 3860 Sion
764 3805 1019 3876 lapidem,
1042 3807 1274 3880 lapidem
1296 3807 1609 3866 offensionis
1635 3821 1691 3867 et
1712 3820 1922 3883 petram
1948 3828 2108 3869 scan-

520 3894 647 3950 dali.
681 3895 749 3951 Et
777 3899 952 3954 omnis
987 3899 1080 3970 qui
1125 3901 1415 3958 crediderit
1444 3902 1498 3958 in
1544 3918 1666 3959 eum
1690 3945 1705 3971 ,
1739 3920 1846 3960 non
1875 3903 2105 3961 confun-

524 3985 704 4042 detur.
747 4006 764 4039 ι
798 3987 934 4059 (Isa.
971 3990 1190 4061 xxvnt.)
1215 3989 1359 4061 Ergo
1384 3994 1477 4064 qui
1502 4009 1610 4050 non
1638 4005 1955 4066 receperunt
1981 3997 2108 4055 Em-

521 4075 845 4142 manuelem,
866 4080 960 4133 sed
981 4078 1158 4136 factus
1179 4090 1262 4137 est
1290 4083 1370 4137 eis
1395 4084 1450 4138 in
1473 4085 1706 4156 lapidem
1724 4085 2039 4145 oﬁ‘ensionis
2054 4099 2109 4147 et

523 4161 1034 4236 petram‘scandali,
1064 4181 1414 4230 conterentur
1457 4178 1764 4250 captivique
1815 4180 2103 4240 ducentur.

603 4275 620 4309 ι
641 4257 776 4330 Liga
807 4261 1200 4332 testimonium,
1215 4265 1366 4337 signa
1379 4267 1552 4341 legem
1573 4269 1629 4325 in
1653 4270 1932 4343 discipulis
1948 4274 2103 4342 meis;

522 4357 578 4405 et
603 4351 930 4422 exspectabo
953 4354 1240 4412 Dominum
1263 4358 1355 4429 qui
1376 4360 1661 4418 abscondit
1677 4361 1875 4420 faciem
1898 4379 2052 4421 suam
2073 4381 2106 4422 a

521 4445 682 4502 domo
714 4445 908 4514 Jacob,
940 4458 996 4504 et
1021 4451 1379 4521 praestolabor
1400 4468 1549 4512 eum.
1579 4475 1600 4510 ι
1636 4457 1754 4513 Vox
1779 4458 1993 4516 Domini
2026 4460 2106 4518 lo-
2167 4451 2174 4522 ί

519 4541 736 4612 quentis
764 4542 832 4598 ad
857 4545 1198 4615 prophetam.
1231 4546 1366 4614 Quia
1395 4547 1614 4621 (inquit)
1650 4548 1826 4607 factus
1869 4560 1953 4608 est
1994 4551 2104 4610 Do-

519 4634 704 4694 minus
735 4637 790 4692 in
821 4636 1054 4709 lapidem
1083 4638 1396 4696 offensionis
1423 4649 1478 4697 et
1522 4641 1576 4696 in
1604 4651 1812 4712 petram
1863 4645 2102 4701 scandali

522 4723 732 4782 duabus
747 4726 997 4786 domibus
1013 4729 1198 4804 Israel,
1220 4740 1275 4787 et
1289 4732 1514 4788 missum
1533 4732 1601 4788 ad
1615 4747 1674 4790 se
1695 4732 2103 4791 Emmanuelem

522 4816 798 4887 suscipere
824 4819 1115 4879 noluerunt
1132 4841 1146 4878 :
1166 4823 1274 4896 liga
1289 4825 1658 4881 testimonium
1673 4823 1885 4884 Veteris
1911 4826 2102 4885 Testa-

518 4909 710 4977 menti,
731 4918 788 4967 et
817 4912 972 4968 trade
996 4913 1127 4972 illud
1151 4916 1429 4987 discipulis
1455 4916 1592 4974 meis
1619 4917 1713 4990 qui
1752 4917 2103 4992 Evangelium

517 5011 873 5073 susceperunt
903 5021 917 5058 :
955 5006 1217 5076 apostolis
1244 5007 1453 5064 scilicet
1475 5007 1588 5064 sive
1618 5007 1928 5080 apostolicis
1947 5009 2101 5066 viris.

519 5091 616 5148 Vel
636 5103 785 5151 certe
809 5095 896 5153 lex
916 5105 972 5154 et
994 5099 1280 5171 prophetia
1319 5115 1492 5171 usque
1529 5101 1599 5158 ad
1623 5100 1911 5159 Joannem.
1940 5102 2101 5175 Legi-

518 5191 610 5240 tur
625 5187 768 5256 apud
789 5201 886 5254 eos
898 5229 914 5255 ,
937 5198 992 5245 et
1014 5189 1199 5247 clausa
1217 5200 1345 5247 sunt
1367 5192 1508 5263 apud
1532 5208 1627 5250 eos
1648 5203 1811 5265 atque
1836 5195 2048 5266 signata
2081 5209 2096 5250 :

491 5279 494 5282 ’
516 5285 578 5333 ut
602 5278 657 5335 id
677 5281 822 5351 quod
839 5281 1019 5354 legant
1040 5299 1148 5340 non
1163 5283 1484 5358 intelligant.
1508 5284 1616 5343 Pro
1635 5287 1910 5359 discipulis
1929 5289 2095 5356 enim,

491 5365 665 5438 juxta
693 5371 946 5430 Hebraici
972 5377 1239 5434 sermonis
1265 5378 1698 5450 ambiguitatem,
1725 5395 2015 5452 possumus
2043 5389 2100 5437 et

519 5458 798 5520 doctrinas
841 5464 1218 5538 interpretari.
1263 5468 1418 5527 Unde
1460 5471 1724 5542 propheta
1778 5474 2100 5544 respondit,

518 5551 646 5622 quia
667 5552 960 5628 Evangelia
995 5545 1318 5617 succedente
1342 5560 1430 5618 lex
1467 5562 1609 5633 apud
1651 5561 1868 5619 Judaaos
1917 5561 2103 5618 clausa

516 5649 604 5696 est
616 5650 778 5714 atque
793 5647 1023 5720 signata,
1044 5639 1259 5720 etjubet
1273 5667 1392 5708 eam
1413 5668 1757 5726 nequaquam
1774 5651 1993 5720 Judmis,
2009 5655 2104 5711 sed

518 5733 792 5804 gentibus,
817 5740 1100 5812 assignari.
1124 5741 1332 5800 Idcirco
1348 5759 1448 5816 ego
1467 5744 1796 5816 exspectabo
1815 5744 2102 5802 Dominum

519 5821 924 5891 Emmanuelem
965 5852 1128 5907 quem
1173 5839 1444 5906 promittis
1489 5855 1609 5897 esse
1644 5847 1960 5906 venturum,
1989 5842 2100 5913 qui

2194 599 2393 656 Judaeis
2421 600 2549 672 quia
2581 614 2706 654 eum
2735 598 2980 669 recipere
3009 598 3317 654 noluerunt.

2271 710 2289 743 ‹
2313 691 2453 746 Ecce
2482 706 2582 763 ego
2606 698 2663 746 et
2695 691 2850 762 pueri
2891 705 3027 760 quos
3071 690 3204 745 mihi
3231 690 3384 746 dedit
3425 689 3700 748 Dominus
3737 695 3773 749 ia

2195 783 2346 855 signa
2374 791 2535 852 atque
2560 791 2811 855 portenta
2851 782 3063 839 lsraelis
3088 797 3120 837 a
3155 782 3388 838 Domino
3418 785 3769 853 exercituum,
3852 827 3853 855 η

2196 876 2288 946 qui
2319 873 2528 930 habitat
2551 875 2606 929 in
2631 882 2815 930 monte
2845 873 2997 930 Sion.
3032 894 3052 926 ι
3084 861 3352 944 Prmcepit
3378 874 3534 929 mihi
3563 877 3676 944 (ait)
3696 876 3770 932 Do-

2197 970 2394 1035 minus,
2426 980 2487 1025 ut
2525 969 2750 1042 ligarem
2776 970 3145 1025 testimonium
3185 970 3240 1024 in
3267 967 3515 1035 Judmis,
3550 980 3608 1025 et
3630 971 3765 1042 legem

2198 1066 2474 1136 discipulis
2493 1064 2610 1135 ejus
2625 1066 2894 1121 traderem
2909 1073 3070 1134 atque
3091 1065 3389 1136 signarem,
3402 1063 3508 1134 qui
3526 1064 3761 1121 abscondit

2199 1153 2391 1212 faciem
2431 1172 2585 1211 suam
2629 1171 2662 1211 a
2691 1157 2852 1212 domo
2887 1154 3055 1212 Jacob
3087 1173 3100 1208 :
3133 1155 3254 1210 ideo
3277 1154 3653 1226 praestolabor
3673 1173 3758 1212 eum

2200 1257 2256 1304 et
2299 1250 2623 1318 exspectabo
2651 1249 2936 1305 Dominum
2980 1265 3179 1306 meum.
3209 1249 3276 1304 Et
3304 1265 3430 1305 non
3479 1250 3649 1306 solum
3673 1268 3752 1322 ego,

2202 1339 2298 1394 sed
2323 1347 2377 1394 et
2397 1340 2553 1409 pueri
2573 1339 2680 1395 mei
2702 1355 2841 1410 quos
2855 1339 2988 1395 mihi
3011 1341 3470 1404 deditDominus,
3499 1341 3590 1397 alii
3604 1343 3756 1397 scilicet

2201 1432 2477 1502 propheta:
2502 1432 2599 1489 ﬁlii
2623 1435 3009 1506 prophetarum
3042 1455 3055 1490 :
3096 1454 3115 1486 ‹
3150 1436 3242 1506 qui
3267 1451 3387 1492 non
3418 1452 3498 1492 ex
3537 1439 3750 1495 voluntate

2203 1523 2384 1578 carnis
2410 1532 2465 1579 et
2486 1525 2786 1595 sanguinis,
2815 1525 2909 1580 sed
2934 1540 3001 1581 ex
3030 1523 3142 1581 Deo
3170 1526 3282 1581 nati
3311 1534 3481 1582 Sunt.
3518 1548 3536 1579 ι
3573 1527 3640 1582 De
3676 1535 3750 1597 qui

2203 1612 2305 1669 bus
2341 1622 2396 1669 et
2419 1613 2708 1684 Apostolus
2733 1614 3094 1684 loquebatur:
3133 1634 3151 1667 ι
3185 1615 3368 1670 Filioli
3414 1617 3532 1672 mei
3555 1620 3744 1688 quosue

2205 1721 2325 1760 rum
2370 1706 2651 1775 parturio,
2704 1706 2876 1762 donec
2924 1704 3187 1761 formetur
3239 1706 3516 1764 Christus
3558 1709 3608 1764 in
3646 1711 3743 1762 vobis

2207 1795 2386 1868 (Joan.
2413 1813 2452 1864 ι,
2481 1796 2600 1852 Gal.
2626 1795 2726 1870 tv).
2753 1816 2771 1848 ι
2797 1796 2892 1852 Isti
2913 1805 3094 1852 autem
3110 1798 3286 1868 pueri,
3311 1798 3374 1853 id
3398 1806 3494 1853 est
3513 1800 3736 1869 propheta,

2135 1869 2183 1930 Β
2211 1888 2266 1943 in
2313 1889 2466 1960 signa
2492 1888 2605 1944 dati
2647 1869 2773 1945 sunt
2800 1898 2857 1944 et
2885 1889 2940 1944 in
2968 1896 3218 1959 portenta
3248 1888 3483 1953 lsraeli,
3499 1888 3638 1958 juxta
3659 1891 3735 1943 ἱῦεέ

2209 1979 2352 2048 quod
2401 1977 2454 2032 in
2485 1977 2771 2034 Ezechiele
2812 1977 3081 2050 legimus:
3133 1997 3151 2029 ι
3195 1978 3264 2033 Ει
3308 1980 3431 2034 erit
3480 1979 3730 2036 Ezechidia

2209 2071 2420 2141 signum
2450 2068 2666 2142 (Ezech.
2711 2071 2883 2144 xxiv).
2915 2090 2934 2124 ο
2970 2070 3029 2126 ln
3065 2071 3336 2126 Zacharia
3385 2087 3600 2144 quoque
3622 2075 3729 2128 sum

2208 2160 2311 2216 viri
2330 2161 2828 2233 prophetarumqne
2868 2160 3155 2234 discipuli,
3187 2162 3293 2218 viri
3319 2171 3667 2234 portentorum
3685 2164 3726 2220 si-

2210 2267 2548 2323 gnorumque
2590 2251 2932 2323 appellantur
2963 2271 2976 2307 :
3001 2267 3068 2308 eo
3098 2253 3243 2324 quod
3285 2270 3518 2326 semper
3539 2256 3724 2327 propheta

2166 2378 2175 2388 -
2211 2343 2264 2398 in
2288 2343 2498 2414 signum
2521 2344 2901 2414 praacesserint
2922 2343 3247 2402 futurorum.
3274 2346 3403 2403 Hoc
3430 2348 3712 2418 interimam

2210 2435 2465 2491 litteram.
2493 2435 2760 2492 Caeterum
2787 2437 2980 2493 beatus
3003 2440 3279 2509 apostolus
3326 2441 3388 2496 in
3431 2441 3706 2512 Epistabqu

2212 2527 2279 2582 ad
2305 2525 2560 2583 Hebraeos
2591 2527 2850 2584 scribitur
2877 2528 3036 2586 docet
3067 2531 3219 2601 (licet
3241 2531 3449 2588 Latina
3481 2532 3716 2588 consutam

2213 2620 2356 2676 inter
2375 2621 2667 2677 canonicas
2695 2621 2992 2691 scripturas
3028 2638 3134 2678 non
3162 2625 3402 2696 recipiat
3430 2627 3528 2682 hoc
3551 2627 3719 2681 testim-

2213 2711 2386 2784 nium)
2413 2725 2481 2768 ex
2504 2727 2735 2784 persona
2763 2713 2962 2768 debere
2988 2713 3215 2785 intelligi
3236 2715 3460 2772 Domini
3479 2715 3722 2772 salvatoris:

2212 2803 2353 2859 Ecce
2405 2819 2505 2876 ego
2549 2812 2605 2860 et
2633 2794 2944 2874 pueri'mei
2986 2820 3122 2876 quos
3168 2807 3308 2862 mihi
3355 2809 3498 2864 dedit
3536 2808 3725 2862 Dominus

2212 2892 2382 2950 Deus.
2407 2893 2544 2961 Quia
2589 2909 2718 2965 ergo
2752 2893 2908 2965 pueri
2928 2897 3422 2961 ,communicarunt
3447 2898 3656 2969 sanguini
3689 2905 3726 2950 et

2213 2986 2362 3040 carni
2388 2984 2575 3058 (Hebr.
2607 2985 2689 3057 ιι),
2721 2994 2775 3040 et
2799 2986 2914 3057 ipse
2947 2986 3198 3042 similiter
3221 2991 3484 3061 particeps
3506 2988 3723 3044 factusest

2213 3077 2527 3133 earumdem
2558 3078 2892 3148 passionum.
2927 3076 3213 3146 Quomodo
3243 3089 3417 3137 autem
3441 3081 3519 3136 isti
3536 3079 3663 3150 pueri
3683 3079 3723 3132 in

2213 3171 2425 3241 signum
2450 3169 2655 3226 fuerint
2683 3180 2845 3241 atque
2873 3181 3187 3243 portentum
3223 3177 3476 3246 sapientiae
3493 3174 3648 3230 seculi
3678 3185 3721 3229 et

2216 3264 2482 3334 superbiae
2509 3263 2840 3332 Judaeorum,
2873 3267 3012 3322 idem
3043 3270 3314 3339 apostolus
3342 3271 3486 3332 docet,
3511 3269 3592 3338 qui
3619 3268 3710 3322 de-

2216 3353 2357 3424 gisse
2405 3352 2539 3409 dicit
2579 3355 2865 3411 Dominum
2905 3355 3248 3415 Salvatorem
3288 3361 3424 3414 stulta
3467 3357 3626 3414 mundi
3659 3369 3707 3414 et

2217 3443 2455 3511 inﬁrma,
2482 3453 2544 3500 ut
2568 3444 2926 3504 confunderet
2943 3450 3222 3519 sapientes
3245 3460 3300 3508 et
3321 3451 3464 3507 fortia
3479 3450 3520 3522 χι
3545 3448 3720 3521 Com).

2217 3533 2370 3592 Unde
2391 3543 2448 3591 et
2471 3535 2539 3591 ad
2559 3537 2831 3608 apostolos
2851 3539 3098 3597 Salvator
3117 3544 3299 3600 aiebat
3323 3562 3338 3600 :
3367 3564 3385 3596 ι
3410 3543 3513 3600 Nisi
3531 3546 3721 3599 conversi

2216 3626 2431 3685 fueritis
2453 3637 2510 3684 et
2537 3628 2842 3687 efﬁciamini
2865 3633 3004 3688 sicut
3031 3634 3268 3706 parvuli,
3298 3651 3406 3692 non
3441 3636 3670 3692 intrabitis
3688 3636 3721 3688 in

2215 3735 2441 3790 regnum
2472 3720 2750 3777 cmlorum.
2797 3741 2816 3774 ι
2847 3722 2990 3779 Puer
3019 3733 3201 3782 autem
3230 3725 3462 3783 efﬁcitur
3483 3727 3592 3783 novi
3611 3741 3725 3782 evan-

2215 3809 2340 3880 gelii
2367 3811 2708 3882 praedicator,
2754 3813 2848 3883 qui
2879 3813 3099 3883 deponit
3126 3824 3370 3872 veterem
3403 3819 3643 3873 hominem
3663 3815 3724 3886 qui

2215 3903 2582 3973 corrumpitur
2610 3903 2892 3961 desideriis
2921 3906 3282 3972 seductionis,
3316 3917 3373 3964 et
3398 3909 3616 3964 induitur
3633 3919 3724 3962 non

2171 4062 2174 4066 Δ
2215 3995 2308 4065 qui
2355 4001 2647 4051 renovatur
2673 3995 2740 4051 de
2767 3996 2853 4052 die
2883 3997 2938 4052 in
2980 3996 3144 4064 diem,
3182 4009 3237 4055 et
3270 4000 3433 4070 juxta
3475 4001 3725 4072 agnitione:

2168 4163 2170 4166 ν
2215 4085 2466 4156 imaginis
2493 4087 2753 4147 creatoris
2784 4085 2945 4162 (Eph.
2977 4089 3075 4162 tv.)
3106 4091 3367 4150 Habitare
3399 4104 3572 4151 autem
3605 4091 3729 4147 Domi-

2214 4193 2344 4233 num
2393 4178 2730 4235 exercituum
2781 4181 2835 4235 in
2891 4190 3073 4238 monte
3122 4182 3253 4240 Sion
3279 4226 3296 4252 ,
3342 4185 3496 4242 idem
3532 4183 3730 4258 apostdrss

2213 4269 2402 4325 scribit
2434 4287 2447 4324 :
2491 4287 2512 4322 ι
2549 4269 2872 4327 Accessistis
2899 4272 2967 4328 ad
2991 4282 3229 4330 montem
3254 4273 3417 4344 Sion,
3448 4287 3504 4332 et
3530 4277 3729 4332 civitatem

2212 4360 2310 4418 Dei
2336 4361 2590 4430 viventis,
2605 4362 2902 4422 Jerusalem
2923 4366 3197 4424 caelestem
3220 4366 3417 4440 (Hebr.
3455 4370 3573 4443 xit).
3597 4390 3611 4421 ι

2287 4482 2308 4517 t
2338 4463 2550 4522 Etcum
2579 4465 2817 4524 dixerint
2842 4467 2910 4525 ad
2929 4484 3026 4526 vos
3049 4469 3318 4538 :Quaerite
3339 4487 3372 4526 a
3396 4472 3736 4545 pythonibuset

2211 4572 2245 4613 a
2272 4557 2488 4626 divinis,
2519 4559 2613 4632 qui
2639 4560 2874 4616 stridunt
2914 4561 2971 4616 in
3019 4562 3430 4622 incantionibus
3472 4568 3582 4623 suis
3606 4563 3736 4619 :Nuao

2208 4651 2336 4721 quid
2377 4667 2485 4708 non
2531 4652 2763 4724 papulus
2803 4669 2834 4709 a
2863 4653 2974 4710 Deo
3021 4669 3119 4712 suo
3160 4656 3398 4728 requirit
3435 4675 3549 4730 pro
3571 4658 3681 4713 vivis
3707 4662 3739 4707 et

2207 4742 2471 4798 mortuis?
2495 4742 2578 4798 Ad
2598 4743 2772 4817 legem
2799 4745 2972 4818 magis
3015 4755 3068 4802 et
3108 4747 3175 4802 ad
3207 4749 3609 4808 testimonium.
3647 4747 3694 4803 Et
3714 4745 3742 4798 si

2207 4834 2445 4890 dixerint
2483 4835 2639 4908 juxta
2669 4835 2894 4894 verbum
2921 4837 3026 4894 hoc
3047 4879 3064 4906 ,
3109 4854 3220 4895 non
3263 4840 3343 4896 eis
3379 4843 3504 4898 erit
3542 4838 3742 4897 matutina

2205 4924 2298 4981 lux
2323 4933 2379 4982 et
2407 4927 2661 4984 transibit
2686 4944 2786 5000 per
2815 4944 2935 4986 eam
2968 4948 2982 4987 :
3014 4940 3072 4988 et
3113 4941 3331 4995 corruet
3369 4944 3440 4991 et
3477 4935 3680 4992 esuriat.
3703 4930 3745 4985 Et

2207 5034 2328 5076 cum
2351 5019 2607 5077 esurierit
2629 5021 2897 5079 irascetur
2919 5031 2977 5080 et
3002 5023 3288 5081 maledicet
3312 5027 3438 5096 regi
3459 5042 3581 5092 suo,
3605 5034 3652 5082 ct
3673 5023 3746 5077 Deo

2205 5125 2326 5167 suo.
2353 5111 2422 5167 Et
2447 5112 2706 5184 suspiciet
2731 5129 2948 5172 sursum
2971 5155 2989 5183 ,
3019 5124 3076 5172 et
3105 5116 3176 5172 'ad
3205 5125 3414 5174 terram
3450 5119 3747 5177 intuebitur:

2205 5211 2260 5257 et
2281 5218 2408 5259 ecce
2437 5203 2714 5260 tribulatio
2740 5213 2797 5260 et
2825 5207 3085 5275 tenebrze,
3117 5207 3434 5278 dissolutio,
3466 5211 3697 5284 angustia
3716 5217 3752 5261 et

2206 5292 2384 5364 caligo
2401 5307 2734 5366 persequens
2757 5314 2770 5350 :
2795 5304 2851 5353 et
2869 5311 2979 5353 non
3001 5300 3202 5368 poterit
3223 5302 3451 5358 avolare
3466 5304 3537 5359 de
3554 5300 3756 5373 angustia

2207 5395 2326 5436 sua.
2355 5399 2373 5434 ι
2396 5380 2508 5437 Sub
2526 5396 2761 5452 persona
2782 5379 2985 5439 Christi
3009 5392 3095 5440 est
3114 5386 3399 5442 dicendum
3424 5407 3441 5444 :
3460 5389 3605 5447 Ecce
3623 5401 3706 5458 ego
3720 5394 3758 5439 et

2206 5471 2360 5542 pueri
2405 5487 2542 5543 quos
2589 5471 2722 5528 mihi
2767 5471 2919 5528 dedit
2957 5473 3237 5532 Dominus.
3288 5477 3475 5536 Etiam
3530 5481 3641 5537 haec
3670 5479 3758 5549 ipse

2203 5561 2440 5633 loquitur
2469 5563 2538 5618 ad
2583 5562 2856 5635 apostolos
2884 5570 2940 5619 et
2977 5565 3047 5622 ad
3069 5568 3350 5626 credentes
3389 5584 3462 5627 ex
3505 5570 3759 5644 gentibus.

2204 5652 2295 5722 qui
2310 5651 2426 5721 ejus
2444 5652 2800 5725 Evangelium
2814 5666 3193 5728 susceperunt.
3217 5658 3275 5715 Si
3300 5660 3549 5717 dixerint
3570 5658 3756 5734 (inquit)

2204 5755 2389 5817 patres
2417 5748 2584 5804 vestri
2610 5764 2746 5820 quos
2775 5751 3094 5824 reliquistis,
3118 5753 3357 5822 Quaerite
3381 5758 3762 5828 ventriloquos,

2205 5854 2339 5910 quos
2375 5841 2640 5912 pythones
2685 5843 3034 5916 intelligimus
3059 5845 3209 5918 (nam
3238 5858 3293 5904 et
3317 5849 3372 5905 in
3399 5851 3635 5906 Actibus
3658 5859 3766 5917 apes
