3918 6464
109 494 236 551 769

1294 450 1649 518 COMMENT.
1686 446 1755 505 IN
1791 439 2056 527 rsum.
2084 467 2154 482 -
2186 433 2314 492 un.
2353 430 2418 488 ιι.

3268 410 3372 470 770

125 527 235 551 συν

112 597 396 657 stolomm
439 590 577 665 [Λα.
607 585 722 659 xvi]
748 580 998 640 ancillam
1028 575 1255 649 legimus
1297 584 1417 642 quae
1438 572 1704 639 quaestum
1731 570 1784 633 Α
1805 553 1909 639 qui
1926 547 2364 624 praedicationem
2406 537 2620 598 Domini
2662 530 2993 604 contemptui
3038 527 3379 591 habuerunt,

1400 664 1407 665 7
1477 662 1492 665 ’
1827 648 1870 665 ’³
1906 657 2128 665 *η’-*η’*
2170 635 2421 665 ἰ’-’νευεῦ
2468 631 2569 665 int:
2619 628 2878 665 Aricinum
2907 625 3193 665 Αιηρι-εηιί,
3244 619 3379 665 sicut

114 702 392 763 magnum
430 662 722 757 praesnbat
761 674 994 733 dominis
1041 667 1175 741 suis)
1220 664 1414 737 etqui
1461 662 1709 763 de-terra

118 749 449 854 loquuntur,
469 773 562 847 qui
576 773 631 829 in
649 767 964 828 evocatione
983 761 1288 819 animarum
1305 752 1515 825 magice
1532 749 1713 805 facere

121 844 566 945 pollicentur,—et
607 868 803 918 caetera
844 853 1211 912 maleficarum
1259 844 1459 901 artium
1483 851 1712 911 genera,

127 932 249 1020 laoc
267 960 407 1017 scire
421 932 648 1021 debetis,
661 950 805 1023 quod
824 956 1159 1018 unaquaeque
1173 953 1308 1012 gens
1323 932 1575 1008 proprios
1590 942 1719 986 con-

133 1055 289 1112 sulat
311 1052 460 1116 deos,
488 1055 544 1104 et
561 1046 627 1103 de
645 1044 892 1099 vivorum
912 1037 1085 1095 salute
1109 1038 1351 1089 mortuos
1370 1024 1679 1082 sciscitetur
1701 1036 1715 1073 :

135 1145 302 1203 vobis
330 1149 513 1198 autem
556 1138 612 1192 in
638 1133 897 1191 auxilium
932 1128 1105 1200 legem
1150 1121 1299 1179 dedit
1328 1116 1618 1180 Dominus,
1660 1120 1724 1167 ut

138 1235 368 1309 possitis
392 1233 576 1289 dicere
605 1247 618 1283 :
644 1226 761 1284 Non
786 1230 871 1281 est
895 1220 1020 1277 talis
1049 1214 1391 1275 ethnicorum
1421 1204 1687 1264 divinatio
1704 1244 1720 1271 ,

143 1305 245 1401 qui
273 1325 509 1384 cultores
554 1335 682 1378 suos
720 1332 814 1389 spe
857 1311 1161 1383 decipiunt,
1209 1305 1353 1361 sicut
1393 1308 1581 1357 nostra
1609 1309 1729 1367 qua:

148 1392 358 1489 absque
376 1415 488 1472 ullo
510 1425 735 1470 munere
756 1405 1031 1479 profertur
1055 1415 1125 1457 ex
1164 1398 1301 1468 lege.
1326 1392 1522 1449 Veniet
1546 1395 1730 1445 autem

150 1525 319 1582 super
342 1504 647 1563 incredulos
667 1500 840 1556 fames
860 1493 1177 1557 durissima,
1197 1503 1305 1544 non
1328 1484 1486 1555 panis
1504 1488 1562 1538 et
1581 1492 1734 1549 aqua:

155 1602 328 1657 fames
363 1598 593 1667 sitisque
612 1635 627 1661 ,
664 1592 760 1649 sed
802 1590 976 1645 fames
1004 1579 1259 1639 audiendi
1299 1588 1603 1632 sermonem
1640 1569 1735 1624 Dei

90 1756 107 1771 τ
156 1693 341 1765 (Amos
375 1660 525 1760 vui):
677 1698 802 1739 cum
853 1674 1105 1734 esurietis
1154 1660 1636 1726 contristabimini,
1683 1666 1740 1715 et

156 1751 494 1839 inaledicetis
514 1773 747 1851 principi
768 1780 974 1833 vestro,
996 1773 1051 1821 et
1067 1761 1308 1834 paternis
1336 1751 1737 1815 traditionibus,

160 1877 267 1931 hoc
293 1883 397 1939 est,
429 1844 662 1934 diabolo,
693 1844 1043 1933 rantiquisque
1072 1851 1369 1911 erroribus.
1400 1846 1515 1902 Hoc
1542 1844 1741 1898 autem

166 1969 236 2023 ad
263 1980 357 2020 eos
383 1935 623 2033 loquitur
670 1957 763 2029 qui
792 1956 990 2011 famem
1019 1948 1168 2020 passi
1211 1942 1411 2000 fuerint
1454 1935 1738 1997 veritatis,

167 2068 225 2113 et
275 2054 569 2126 suspicient
596 2052 653 2106 in
687 2027 891 2104 caelum
927 2055 1143 2099 sursum
1187 2044 1243 2093 et
1270 2036 1327 2089 in
1354 2042 1553 2088 terram
1582 2027 1743 2083 deor-

170 2166 294 2205 sum
321 2167 333 2203 :
358 2116 413 2203 et
437 2152 597 2202 erunt
625 2144 680 2197 in
709 2137 979 2211 angustia,
1006 2135 1063 2189 in
1092 2127 1331 2186 tenebris
1360 2132 1417 2179 et
1438 2123 1495 2177 in
1525 2116 1748 2175 tribula-

174 2242 341 2307 tione,
368 2248 428 2295 ut
453 2252 559 2293 non
586 2208 807 2289 videant
825 2241 996 2299 usque
1016 2224 1085 2280 ad
1111 2230 1342 2290 tempus,
1374 2215 1545 2272 donec
1569 2217 1623 2268 et
1646 2208 1751 2279 ipsi

174 2334 242 2387 ad
276 2333 445 2388 Deum
476 2330 814 2386 convertant.
1672 2302 1679 2306 ’

777 2470 1005 2533 CAPUT
1041 2468 1133 2526 1X.

260 2647 275 2679 ι
307 2626 489 2681 Primo
518 2628 758 2689 tempore
782 2610 1056 2668 alleluiata
1099 2611 1184 2660 est
1214 2609 1358 2656 terra
1386 2593 1654 2658 Zabulon,
1703 2596 1760 2645 et

186 2735 329 2780 terra
349 2713 674 2788 Nephtalim,
697 2718 752 2763 et
771 2702 1065 2761 novissimo
1076 2700 1369 2769 aggravata
1383 2697 1469 2745 est
1480 2686 1568 2742 via
1592 2681 1761 2739 maris

362 2774 903 2866 Joidaneeralilzea:
924 2791 1185 2863 gentium.
1208 2781 1443 2872 Populus
1461 2777 1554 2849 qui
1576 2774 1763 2872 ambu-

187 2907 334 2962 labat
360 2903 415 2957 in
448 2894 705 2957 tenebris,
729 2889 864 2944 vidit
891 2886 1067 2939 lucem
1089 2890 1359 2948 magnam.
1383 2864 1766 2925 Habitantibus

190 2999 247 3054 in
281 2994 499 3067 regione
528 2987 736 3044 umbrae
758 2978 971 3043 mortis,
1001 2976 1092 3030 lux
1142 2978 1260 3027 orta
1293 2975 1376 3023 est
1398 2964 1496 3021 eis.
1530 2982 1548 3015 ι
1582 2959 1767 3016 Primo

192 3060 437 3158 tempore
466 3078 737 3136 alleluiata
778 3084 899 3127 esse
949 3065 1145 3122 dicitur
1188 3072 1353 3115 onere
1384 3060 1766 3126 peccatorum,

192 3144 323 3254 quisi
344 3180 398 3234 in
421 3171 731 3245 regionibus
755 3166 984 3221 duarum
1006 3157 1241 3214 tribuum
1265 3150 1499 3221 primum
1522 3144 1771 3201 Salvator

933 3250 974 3254 __
1036 3248 1047 3254 ,
1147 3252 1153 3254 Α
1190 3243 1202 3254 ,
1445 3237 1599 3254 ,ΛΜ
1630 3229 1744 3254 “nl

194 3229 540 3341 Evangeliaiir
571 3254 898 3333 praedicavit.
933 3248 1085 3306 Unde
1108 3252 1164 3299 et
1189 3243 1242 3296 in
1271 3237 1606 3308 sexagesimo
1630 3229 1773 3301 psal-

1811 619 1879 705 de
1898 619 2133 717 quorum
2170 635 2426 712 prosapia
2468 631 2572 702 ipsi
2619 628 2881 700 originem
2907 625 3195 688 duxerant,
3244 619 3385 677 sicut

1811 714 1945 797 dicit
1966 734 2200 795 eximius
2221 733 2501 788 doctorum
2524 741 2539 781 :
2574 742 2593 778 ‹
2622 723 2879 793 Optarem
2901 727 2957 775 et
2980 732 3079 789 ego
3100 714 3386 772 anathema

1814 843 2044 903 essepro
2056 825 2315 883 fratribus
2327 820 2482 887 meis,
2497 818 2590 890 qui
2612 824 2738 873 sunt
2757 812 3011 871 Israelita:
3032 809 3210 884 (Rom.
3234 805 3334 875 tx).
3364 823 3383 857 ι

1893 944 1913 977 ι
1943 900 2293 981 laetabuntur
2310 928 2496 973 coram
2535 920 2610 967 te.
2651 929 2670 963 ι
2697 905 3091 979 Apostropbam
3116 900 3246 958 facit
3266 913 3394 971 pro-

1817 1017 1982 1091 pheta
2008 1013 2079 1070 ad
2097 1007 2367 1084 apostolos
2385 1003 2586 1062 Christi
2601 1001 2788 1058 dicens
2810 1018 2825 1055 :
2844 999 2888 1057 Ο
2900 997 3124 1054 Domine
3134 993 3283 1059 Jesu,
3298 991 3392 1047 la:-

1823 1088 2079 1167 tabuntur
2100 1101 2327 1176 apostoli
2351 1099 2428 1155 tui
2454 1113 2638 1154 coram
2653 1104 2727 1161 te,
2751 1112 2771 1147 ‹
2807 1093 2949 1149 sicut
2967 1088 3239 1149 exsultant
3256 1099 3397 1141 mes-

1824 1214 1978 1259 sores
2006 1198 2063 1253 in
2090 1202 2290 1268 segete.
2312 1210 2332 1245 ι
2368 1189 2593 1245 Messem
2621 1185 2855 1257 appellat
2882 1192 3089 1256 gentes,
3129 1191 3401 1236 messores

1827 1300 2007 1349 autem
2040 1285 2267 1359 populos
2287 1322 2305 1350 ,
2354 1281 2494 1337 sicut
2536 1279 2652 1347 ipse
2694 1276 2955 1333 Dominus
3006 1272 3240 1345 quodam
3283 1268 3403 1353 loco

1830 1384 1962 1442 dicit
2005 1346 2083 1436 ι’(
2112 1346 2304 1435 idessis
2329 1372 2545 1446 quidem
2556 1346 2764 1436 multa,
2787 1365 3021 1439 operarii
3049 1373 3227 1421 autem
3246 1346 3407 1435 pauci

1831 1471 2045 1545 (Matth.
2075 1485 2163 1535 rx,
2191 1467 2319 1522 Luc.
2347 1463 2491 1536 xw),
2537 1482 2557 1516 ι
2597 1470 2653 1518 et
2676 1469 2892 1517 caetera.

1900 1583 1921 1616 ι
1941 1556 2642 1620 Sicutexsultantvictores,
2660 1551 2963 1608 dividentes
2975 1547 3164 1620 spolia.
3189 1567 3210 1601 ι
3229 1546 3411 1618 Spolia

1834 1653 2059 1727 pluralis
2082 1665 2339 1706 numerus
2357 1657 2461 1712 est,
2486 1646 2615 1702 facit
2640 1645 2695 1699 in
2723 1642 2983 1715 singulari
3012 1640 3156 1695 hunc
3183 1638 3412 1709 spolium

1836 1718 1923 1801 vel
1978 1745 2082 1799 hoc
2131 1740 2379 1811 spolium.
2414 1737 2662 1793 Victores
2710 1733 2942 1805 appellat
2995 1718 3298 1801 apostolos,
3324 1727 3417 1797 qui

1838 1833 2088 1890 vicerunt
2138 1837 2471 1887 tentamenta
2522 1826 2730 1890 carnis,
2786 1832 2842 1880 et
2894 1824 3071 1893 ipsum
3126 1818 3418 1876 diabolum.

1766 1942 1817 2003 Β
1844 1927 2027 1999 Spolia
2047 1934 2229 1982 autem
2254 1924 2521 1988 homines,
2544 1920 2638 1991 qui
2659 1917 2857 1989 captivi
2883 1916 3202 1972 tenebantur
3224 1913 3292 1969 ab
3306 1912 3419 1968 illo.

1844 2022 1971 2078 Ideo
1998 2027 2179 2075 autem
2203 2017 2336 2074 dicit
2359 2017 2594 2071 victores
2614 2010 2904 2083 apostolos,
2932 2008 3060 2079 quia
3088 2005 3428 2062 abstulerunt

1848 2115 2019 2187 spolia
2046 2129 2144 2170 sua
2169 2110 2400 2175 diabolo,
2429 2109 2482 2164 id
2508 2115 2615 2173 est,
2638 2120 2806 2178 genus
2828 2105 3125 2159 humanum
3149 2099 3293 2170 quod
3313 2097 3428 2168 ipse

1851 2208 2241 2278 captivaverat,
2271 2213 2328 2260 et
2354 2200 2701 2256 reddiderunt
2729 2196 2861 2251 illud
2886 2196 3015 2251 Deo.

1930 2316 1949 2348 ι
1976 2296 2186 2367 Jugum
2202 2292 2497 2363 etvirgam,
2518 2308 2538 2342 ι
2567 2287 2784 2351 diaboli,
2808 2285 2864 2341 id
2884 2294 2985 2351 est,
3008 2281 3428 2339 dominationem

1856 2399 1913 2449 et
1934 2396 2280 2463 potestatem.
2302 2404 2321 2437 ι
2344 2385 2411 2440 Et
2430 2390 2723 2453 sceptrum,
2751 2379 2835 2434 rid
2848 2387 2952 2443 est,
2967 2376 3273 2455 imperium,
3289 2371 3435 2442 quod

1856 2499 1955 2554 per
1966 2482 2274 2537 universum
2292 2480 2479 2534 orbem
2494 2473 2711 2530 tenebat
2732 2489 2745 2525 :
2772 2490 2790 2522 ι
2811 2468 3098 2540 superasti,
3123 2485 3144 2519 ›
3165 2481 3198 2521 o
3212 2464 3438 2521 Domine

1859 2569 2194 2653 Emmanuel.
2244 2565 2589 2638 Apostropha
2618 2570 2702 2619 est
2736 2562 2802 2617 ad
2823 2559 3101 2615 Christum
3127 2554 3397 2611 exactoris
3423 2594 3439 2618 ,

1860 2663 1918 2719 id
1944 2648 2048 2727 est,
2075 2658 2359 2731 exigentis.
2391 2653 2527 2710 Nam
2552 2660 2776 2709 exactor
2798 2649 3018 2721 proprie
3035 2655 3139 2714 est,
3166 2646 3258 2716 qui
3278 2644 3445 2715 exigit

1862 2753 1950 2808 vel
1979 2752 2124 2823 cogit
2147 2749 2374 2806 reddere
2415 2746 2616 2802 tributa
2646 2742 2792 2814 regia
2818 2739 3062 2812 populos.
3088 2739 3158 2795 Et
3201 2734 3445 2792 diabolus

1866 2854 2090 2901 exactor
2117 2849 2270 2908 erat,
2312 2840 2404 2910 qui
2444 2838 2670 2910 cogebat
2709 2835 3022 2891 universum
3068 2832 3256 2888 orbem
3295 2844 3448 2886 suam

1868 2934 2048 2991 facere
2066 2932 2415 2989 voluntatem.
2437 2948 2455 2981 ‹
2482 2929 2636 2986 Sicut
2650 2927 2704 2983 in
2718 2927 2807 2983 die
2827 2924 3060 2981 Madian.
3085 2944 3106 2979 ι
3127 2924 3378 2995 Legimus
3393 2923 3448 2977 in

1868 3028 2006 3084 libro
2032 3026 2315 3091 Judicum,
2346 3024 2490 3094 quod
2532 3022 2837 3079 Madianitae
2868 3030 3109 3090 tempore
3162 3018 3354 3074 messis
3395 3023 3452 3072 et

1870 3119 2155 3175 vindemiae
2178 3158 2193 3184 ,
2243 3116 2536 3172 veniebant
2580 3114 2636 3169 in
2676 3122 2879 3170 terram
2921 3110 3360 3184 repromissionis
3400 3115 3455 3164 et

1875 3212 2198 3282 colligebant
2220 3208 2427 3264 fructus
2450 3216 2630 3272 terrae,
2656 3213 2711 3261 et
2739 3202 3173 3260 revertebantur.
3199 3202 3304 3257 Sed
3327 3214 3453 3256 cum

196 3290 342 3327 nvan
381 3290 540 3324 euut"
611 3290 898 3315 ῐαῖυιιιανιιο
936 3290 1085 3306 νην-ν
1112 3290 1163 3299 ν-
1190 3290 1242 3296 ---
1272 3290 1383 3295 --η
1403 3290 1457 3308 νγ
1631 3290 1650 3301 ⁸

196 3379 286 3418 mo
313 3290 540 3415 discitur:
570 3290 604 3404 ἴ
618 3344 923 3404 Benedicite
943 3336 1172 3409 Domino
1188 3333 1256 3386 de
1276 3327 1512 3383 fontibus
1534 3321 1718 3377 lsrael.
1749 3337 1768 3370 ι
1802 3311 1848 3374 C
1878 3319 2020 3373 saepe
2045 3304 2148 3357 hoc
2160 3301 2424 3363 facerent,
2452 3298 2651 3353 missus
2678 3292 2763 3351 es't
2791 3295 3011 3365 angelus
3031 3294 3243 3350 Domini
3265 3292 3334 3347 ad
3354 3290 3459 3347 Ge-

1479 3417 1487 3418 ,
1732 3412 1742 3418 .
1898 3401 2012 3418 .--μ
2078 3398 2255 3418 Δε-μ..-
2277 3394 2457 3418 ιι-..η-
2500 3392 2574 3418 -..\
2601 3410 2613 3418 .
2639 3390 2798 3418 αλιυι.
2857 3390 3096 3418 "humu...
3141 3388 3434 3418 r..-.:._..:m-

205 3599 327 3693 inus
351 3599 457 3687 Deo
481 3599 569 3699 in
601 3622 724 3678 Cor.
754 3619 829 3691 v).
871 3636 889 3669 ι
923 3614 1180 3680 Princeps
1209 3603 1481 3666 Zabulon,
1529 3599 1781 3670 princeps

208 3722 532 3797 Nephtalim,
577 3718 739 3773 duces
782 3690 991 3767 eorum.
1033 3704 1137 3772 Qui
1167 3704 1223 3757 in
1252 3699 1338 3755 his
1362 3694 1607 3751 tribubus
1634 3690 1787 3744 fuere

209 3784 392 3879 vis-uli,
420 3811 487 3866 de
507 3784 701 3878 quibus
730 3800 902 3857 nostri
952 3793 1180 3866 apostoli
1229 3790 1398 3845 duces
1426 3784 1681 3846 fuerunt,
1734 3785 1790 3833 et

212 3910 559 3968 crediderunt
588 3902 741 3972 juxta
782 3897 1127 3969 Symmacum
1157 3885 1415 3942 velociter
1440 3879 1720 3934 audientes
1758 3889 1789 3927 a

214 4000 441 4059 Domino
472 4015 487 4053 :
515 4016 532 4047 ι
576 3964 766 4049 ἦεηίιε
798 3964 919 4057 post
948 3998 1057 4048 me,
1086 3988 1141 4035 et
1165 3977 1360 4031 faciam
1386 3985 1483 4027 vos
1514 3966 1633 4022 fieri
1682 3964 1793 4035 pis-

215 4057 427 4149 catores
458 4084 735 4143 hominum
778 4076 997 4148 (Matth:
1048 4070 1143 4143 iv).
1185 4087 1203 4120 ι
1232 4066 1313 4122 11ιὶ
1352 4076 1480 4117 vero
1510 4057 1693 4114 statim
1739 4062 1796 4109 et

217 4193 425 4256 patrem
462 4179 795 4246 reliquerunt
825 4178 880 4225 et
907 4164 1229 4222 naviculam.
1262 4156 1568 4213 Novissimo
1614 4157 1795 4204 autem

222 4241 463 4347 icmpore
486 4241 772 4344 aggravata
795 4271 876 4319 est
900 4261 1032 4315 fides
1053 4255 1361 4312 Iudaeorum
1389 4249 1445 4302 in
1467 4259 1652 4302 errore
1677 4241 1795 4312 plu—

224 4332 376 4428 rimis
405 4332 764 4423 manentibus.
815 4356 961 4412 Mare
1008 4358 1187 4407 autem
1234 4345 1323 4401 hic
1352 4343 1528 4397 lacum
1570 4332 1803 4406 appellat

226 4460 553 4517 Genesareth
585 4495 600 4521 ,
645 4451 737 4522 qui
781 4446 1015 4503 Jordane
1058 4436 1401 4495 interfluente
1442 4426 1701 4487 eﬂicitur,
1749 4422 1801 4473 in

230 4511 1012 4622 cujus‘littore’Capharnaum,
1038 4539 1095 4585 et
1120 4525 1386 4587 Tiberias,
1416 4527 1471 4574 et
1492 4511 1802 4613 Bethsaida,

235 4602 606 4695 ct'Corozaim
634 4632 750 4686 sitm
789 4633 946 4690 sunt,
994 4622 1049 4676 in
1077 4632 1185 4689 qua
1213 4614 1298 4670 vel
1323 4610 1557 4666 maxime
1587 4602 1807 4673 regione

237 4729 492 4784 Dominus
538 4725 902 4778 commoratus
954 4719 1037 4767 est
1096 4727 1108 4761 :

238 4819 458 4874 sedebat
497 4812 581 4869 vel
631 4806 937 4864 ambulabat
986 4803 1038 4856 in
1084 4795 1320 4853 tenebris
1361 4792 1537 4846 lucem
1566 4785 1804 4848 videret,

241 4921 577 4981 nequaquam
607 4914 826 4974 parvam
870 4906 930 4951 ut
972 4894 1196 4949 aliorum
1248 4885 1663 4958 prophetarum,
1716 4876 1811 4932 sed

245 4970 491 5068 magnam
514 5002 575 5047 ut
593 4970 709 5062 ejus
730 4988 821 5058 qui
846 4986 902 5040 in
928 4980 1215 5051 Evangelio
1240 4976 1435 5047 legitur
1462 4987 1477 5026 :
1508 4989 1527 5022 ί
1556 4970 1667 5042 Ego
1694 4980 1813 5023 sum

247 5062 360 5144 lux.
378 5084 561 5143 mundi
588 5081 769 5156 (Joan.
813 5092 930 5133 vm.
973 5094 991 5125 ι
1040 5074 1107 5127 Et
1151 5071 1241 5141 qui
1286 5062 1682 5123 habitabantin
1724 5074 1814 5114 re-

249 5180 404 5249 gione
438 5176 640 5231 umbrae
660 5170 865 5235 mortis,
897 5168 991 5222 lux
1018 5170 1137 5219 orta
1162 5167 1245 5216 est
1273 5159 1372 5214 eis.
1419 5156 1562 5210 Inter
1586 5158 1817 5207 mortem

252 5247 305 5327 et
333 5269 581 5325 umbram
606 5263 799 5320 mortis
824 5262 929 5316 hoc
953 5271 1074 5313 esse
1100 5261 1250 5325 puto,
1282 5247 1427 5320 quod
1460 5259 1607 5302 mors
1630 5255 1819 5299 eorum

253 5370 356 5427 est,
376 5358 468 5430 qui
492 5370 617 5412 cum
637 5352 889 5427 cperibus
912 5345 1195 5403 mortist
1219 5340 1421 5398 inferos
1443 5338 1820 5408 perrexerunt.

260 5472 278 5506 ι
313 5427 508 5508 Anima
522 5448 667 5505 enim
687 5461 808 5517 qua:
824 5440 1151 5515 peccaverit,
1180 5437 1296 5508 ipsa
1320 5434 1583 5490 morietur
1603 5427 1821 5502 (Ezech.

257 5542 435 5614 xvut).
471 5559 491 5593 ι
528 5538 729 5596 Umbra
774 5541 952 5589 autem
982 5529 1173 5585 mortis
1198 5540 1383 5581 eorum
1405 5563 1419 5587 ,
1447 5520 1684 5591 quicum
1706 5530 1835 5585 pec-

261 5606 638 5690 cant'necdum
657 5632 724 5687 de
736 5630 846 5684 vita
865 5627 968 5682 ista
989 5622 1193 5696 egressi
1208 5627 1355 5683 sunt,
1371 5619 1597 5687 possunt
1620 5609 1768 5667 enim
1788 5606 1835 5663 si

262 5726 532 5782 voluerint
543 5738 703 5797 agere
719 5715 1111 5792 paenitentiam.
1126 5711 1261 5779 Quia
1275 5708 1400 5765 licet
1419 5703 1593 5761 sancti
1609 5695 1839 5772 apostoli

268 5820 558 5892 gauderent
579 5790 648 5872 de
676 5790 1026 5871 conversione
1056 5805 1296 5878 gentium
1324 5801 1391 5855 ad
1416 5797 1575 5853 ﬁdem
1604 5790 1804 5851 Christi
1824 5829 1838 5856 ,

270 5886 451 5969 tamen
488 5924 809 5985 magnopere
838 5906 1155 5986 tenebantur
1182 5914 1280 5972 pro
1312 5893 1605 5956 Israelitico
1644 5886 1839 5962 populo

1881 3401 2042 3464 deon,
2070 3398 2257 3453 dicens
2275 3394 2474 3468 (ludio.
2500 3392 2575 3463 vr)
2600 3410 2614 3445 :
2639 3390 2817 3457 Salve,
2857 3390 3098 3446 virorum
3140 3388 3455 3446 fortissime.

1881 3490 1951 3545 Et
1980 3488 2070 3543 ille
2125 3507 2138 3542 :
2175 3487 2283 3563 Ubi,
2317 3494 2467 3553 sunt,
2513 3478 2712 3555 inquit,
2758 3484 2912 3556 signa
2938 3492 2992 3541 et
3016 3483 3310 3550 miracula,
3342 3497 3462 3552 quae

1883 3581 2121 3638 ostendit
2153 3579 2418 3635 Dominus
2447 3579 2515 3633 ad
2542 3585 2721 3648 patres
2745 3584 2988 3642 nostros,
3019 3576 3235 3648 quando
3259 3575 3465 3648 egressi

1887 3668 2338 3741 suntexASgypto
2351 3669 2407 3723 in
2428 3682 2593 3725 manu
2613 3666 2775 3723 forti?
2798 3666 2866 3722 Et
2885 3666 3021 3722 dixit
3042 3666 3264 3738 angelus
3286 3664 3374 3720 :ln
3400 3680 3464 3721 ea

1888 3765 2202 3822 fortitudine
2231 3763 2387 3828 vade,
2409 3769 2464 3816 et
2486 3762 2542 3816 in
2564 3760 2822 3816 trecentis
2848 3760 2977 3815 viris
3003 3760 3258 3817 liberabis
3281 3758 3466 3815 lsrael.

1891 3857 2046 3924 Quod
2076 3866 2131 3911 et
2161 3854 2309 3911 fecit.
2344 3853 2412 3909 Et
2438 3852 2641 3924 eligens
2668 3842 2942 3909 trecentos
2967 3852 3117 3909 viros
3156 3866 3225 3907 ex
3270 3850 3469 3918 Israel,

1895 3950 1989 4004 tali
2020 3949 2179 4004 modo
2207 3948 2346 4003 sicut
2370 3946 2425 4001 in
2451 3946 2678 4002 historia
2708 3946 2956 4013 habetur,
2982 3946 3240 4016 pmcepit
3260 3943 3473 4000 unicui-

1895 4060 2001 4115 que
2029 4052 2215 4099 tenere
2241 4043 2297 4097 in
2333 4057 2497 4097 manu
2538 4041 2784 4113 lagenam
2811 4048 2868 4095 et
2894 4040 3038 4095 intus
3067 4038 3245 4094 lumen
3270 4078 3284 4105 ,
3313 4045 3369 4093 et
3420 4036 3476 4092 in

1898 4135 2068 4193 altera
2116 4134 2322 4189 tubam.
2350 4132 2841 4204 Clangentibusque
2868 4130 2973 4186 illis
3000 4130 3178 4196 tubas,
3204 4138 3261 4184 et
3293 4128 3476 4183 lumen

1899 4227 2209 4284 tenentibus
2226 4225 2343 4295 jam
2370 4223 2663 4281 confractis
2709 4222 2931 4294 lagenis,
2979 4220 3331 4277 conturbatus
3362 4219 3478 4275 Ma—

1901 4318 2231 4375 dianitarum
2264 4316 2566 4381 exercitus,
2610 4322 2667 4369 et
2710 4313 3167 4383 ipsi-semetipsos
3195 4310 3481 4368 interfece-

1903 4418 2045 4465 runt.
2077 4407 2348 4479 Potitique
2387 4413 2513 4462 sunt
2550 4404 2777 4459 victoria
2806 4404 2859 4458 in
2896 4404 2982 4459 die
3003 4402 3092 4458 illa
3113 4401 3318 4471 Judzi,
3361 4403 3482 4458 sine

1905 4500 2166 4557 effusione
2194 4496 2473 4569 sanguinis
2502 4510 2741 4552 suorum.
2770 4494 2837 4549 Et
2854 4495 2980 4579 .hoc
3022 4494 3152 4550 dicit
3175 4495 3438 4565 propheta
3470 4512 3482 4548 :

1906 4594 2042 4663 Quia
2072 4594 2212 4649 sicut
2264 4590 2353 4645 illa
2403 4589 2629 4645 victoria
2680 4596 2762 4643 est
2806 4588 2921 4642 sine
2970 4585 3091 4657 fuso
3115 4586 3374 4657 sanguine
3419 4602 3487 4643 ex

1183 4707 1257 4760 ita
1313 4710 1373 4757 ut
1424 4695 1651 4768 populus
1715 4691 1806 4761 qui
1835 4692 1884 4751 D
1908 4679 2514 4752 lsraelitarumlpopulo,
2542 4678 2620 4734 sic
2648 4677 2789 4733 Deus
2814 4676 3154 4746 omnipotens
3201 4676 3487 4732 victoriam

1916 4778 2063 4833 dedit
2104 4775 2217 4831 suis
2260 4774 2466 4837 electis,
2516 4772 2701 4827 vicens
2729 4770 2998 4826 diabolum
3033 4779 3089 4824 et
3124 4770 3407 4827 retrudens
3440 4770 3491 4823 in
3550 4828 3551 4831 η

1917 4869 2208 4934 infernum,
2242 4866 2354 4922 sive
2382 4864 2778 4920 multitudinem
2820 4862 3140 4935 populorum
3192 4863 3248 4919 in
3294 4864 3494 4919 bellum

1918 4961 2363 5020 concertantium.

1920 5084 1927 5097 ι
1999 5072 2017 5105 ι
2044 5052 2183 5120 Quia
2201 5050 2378 5105 omnis
2404 5048 2634 5104 violenta
2656 5048 2913 5119 praedatio
2939 5061 3060 5102 cum
3089 5043 3342 5099 tumultu.
3366 5062 3384 5097 ι
3418 5045 3497 5100 De

1925 5146 2042 5216 ipso
2067 5141 2280 5199 diabolo
2310 5140 2564 5211 loquitur.
2596 5139 2665 5195 Et
2693 5149 2775 5196 est
2799 5125 2988 5194 sensus
3017 5152 3030 5189 :
3058 5134 3262 5205 Spolia,
3291 5134 3347 5192 id
3391 5143 3495 5200 est,

1928 5239 2224 5293 humanum
2260 5248 2465 5304 genus,
2508 5232 2649 5303 quod
2680 5228 2921 5287 diabolus
2963 5227 3301 5297 depraedatus
3345 5234 3500 5292 erat,

1930 5347 2053 5389 cum
2084 5329 2294 5386 venerit
2316 5328 2472 5385 Jesus
2497 5326 2747 5383 Salvator
2771 5323 2908 5395 ejus,
2931 5321 3139 5377 auferet
3162 5321 3232 5376 ab
3260 5319 3351 5375 illo
3380 5334 3503 5375 cum

1932 5424 1985 5479 vi
2026 5432 2082 5480 et
2126 5437 2249 5478 cum
2288 5419 2542 5486 violentia
2586 5435 2599 5471 :
2631 5425 2687 5473 et
2722 5414 2899 5469 mittet
2926 5412 3072 5468 illum
3095 5453 3110 5477 ,
3157 5412 3242 5467 vel
3270 5408 3509 5468 includet

1937 5530 2061 5573 cum
2093 5512 2346 5579 tumultu,
2374 5511 2426 5567 id
2453 5517 2557 5576 est,
2586 5522 2711 5563 cum
2736 5519 2933 5576 magno
2960 5504 3140 5560 sonitu
3162 5502 3217 5558 in
3244 5501 3456 5558 inferno
3489 5518 3505 5557 :

1939 5607 2081 5663 sicut
2113 5604 2245 5660 dicit
2288 5600 2572 5658 Psalmista
2602 5595 2826 5670 (Psalm.
2860 5593 2960 5668 ιι),
3000 5603 3110 5649 tam
3154 5593 3221 5648 de
3266 5590 3513 5663 reprobis

1941 5710 2103 5768 quam
2123 5695 2191 5751 de
2210 5693 2423 5750 diabolo
2455 5689 2650 5746 :l’eriit
2668 5686 2927 5745 memoria
2951 5701 3136 5743 eorum
3160 5699 3282 5741 cum
3310 5681 3509 5740 sonitu.

2019 5809 2037 5841 ι
2065 5788 2131 5845 Et
2156 5787 2533 5844 vestimentum
2552 5782 2778 5837 mixtum
2802 5779 3082 5852 sanguine.
3107 5796 3126 5830 ι
3146 5775 3284 5845 Quid
3306 5790 3403 5846 per
3422 5788 3514 5829 vc-

1946 5883 2258 5963 stim’ntum
2304 5876 2407 5934 nisi
2449 5873 2736 5941 diabolum,
2765 5869 2856 5943 qui
2886 5869 3073 5943 plenus
3100 5876 3217 5927 erat
3260 5866 3514 5937 sanguine
