3918 6498
406 480 607 575 ’771

962 486 1317 547 HAYMONIS
1352 436 1824 546 nswsusrsr.
1864 482 2081 544 EPISC.
2111 482 2267 560 εει».
2307 478 2488 540 psus
2525 483 2567 539 ι.
2596 513 2669 525 -
2702 480 3063 549 cunnum.
3100 485 3272 542 BlBL.

3677 490 3768 551 ΤΒ

489 600 769 658 hominum
794 639 813 670 ,
862 610 1183 673 perpetrans
1234 602 1404 659 multa
1452 602 1741 659 homicidia
1789 604 1844 660 in
1886 600 2061 660 orbe?
2084 602 2136 667 Α
2161 597 2357 656 cecidit
2385 596 2442 653 in
2487 597 2675 665 lsrael,
2704 597 2757 654 id
2784 606 2897 665 est,
2946 598 3003 654 in
3048 601 3246 671 populo
3281 601 3520 674 gentili.
3555 602 3764 679 loca

489 691 783 747 Possumus
822 689 983 747 etiam
1012 709 1111 764 per
1136 696 1517 749 vestimentum
1543 710 1745 750 omnes
1766 694 2065 751 homicidas

489 778 829 853 intelligere,
877 781 1071 852 quibus
1102 793 1219 839 erat
1263 784 1506 841 diabolus
1543 786 1697 856 quasi
1740 787 2063 842 vestimento

489 873 883 939 circumdatus,-
900 884 954 928 et
972 888 1199 943 quorum
1218 890 1409 929 manus
1424 875 1593 945 plenas
1606 884 1760 930 erant
1780 876 2057 948 sanguine.
2102 921 2106 925 .

490 966 645 1034 Quod
672 974 849 1022 autem
875 965 1022 1031 dicit,
1056 986 1075 1018 ι
1106 966 1157 1021 in
1183 966 1609 1022 conibustionem
1655 968 1793 1032 erit,
1833 975 1888 1023 et
1912 964 2061 1024 cibus

490 1056 649 1126 ignis,
674 1075 692 1108 ι
720 1056 821 1111 hoc
840 1056 1061 1126 estquia
1079 1057 1323 1112 diabolus
1336 1073 1459 1112 cum
1487 1058 1601 1113 suis
1625 1057 1986 1114 imitatoribus
2008 1065 2063 1114 et

489 1145 809 1214 sequacibus
850 1145 959 1216 igni
1012 1156 1270 1215 perpetuo
1326 1147 1557 1202 traditus
1618 1156 1702 1203 est
1750 1147 1803 1202 in
1845 1148 2060 1219 'cibum,

488 1239 645 1295 sicuti
676 1239 821 1308 ligna
850 1240 1137 1295 traduntur
1167 1239 1307 1295 foco.

560 1350 579 1383 ι
599 1330 860 1386 Parvulus
880 1333 1024 1387 enim
1050 1339 1207 1386 natus
1222 1342 1306 1388 est
1333 1332 1506 1388 nobis.
1532 1351 1550 1385 ι
1570 1332 1675 1388 lste
1697 1341 1781 1388 est
1804 1331 2061 1405 parvulus

485 1422 829 1488 Emmanuel,
855 1425 947 1494 qui
970 1433 1126 1479 natus
1149 1432 1232 1479 est
1252 1439 1317 1479 ex
1340 1426 1546 1497 virgine
1564 1465 1578 1491 ,
1622 1432 1679 1480 et
1710 1424 1973 1481 habitavit
2006 1427 2061 1481 in

484 1513 641 1567 nobis
668 1531 680 1566 :
705 1513 796 1581 qui
820 1514 1114 1568 secundum
1148 1514 1543 1569 humanitatem
1566 1528 1765 1586 parvus
1785 1516 1934 1571 visus
1954 1525 2056 1583 εει,
2086 1547 2091 1553 ι

484 1609 539 1658 ει
562 1604 854 1658 secundum
880 1602 1219 1659 divinitatem
1244 1618 1405 1674 super
1420 1618 1607 1660 omnes
1626 1613 1727 1660 est.
1749 1626 1767 1657 ι
1791 1605 1856 1660 Ει
1886 1606 2058 1663 factus

484 1704 567 1751 est
579 1695 909 1765 principatus
923 1695 1060 1764 ejus.
1085 1717 1104 1750 ι
1126 1697 1181 1752 ld
1197 1707 1281 1754 est
1292 1700 1498 1768 parvuli
1519 1714 1532 1753 :
1554 1718 1571 1750 ι
1598 1698 1759 1772 super
1773 1702 2057 1758 humerum

484 1784 621 1855 ejus.
652 1805 671 1837 ι
712 1787 885 1855 Super
913 1786 1195 1843 humerum
1224 1791 1461 1858 portavit
1484 1805 1638 1845 suum
1673 1791 2055 1861 principatum,

482 1879 609 1950 quia
658 1893 871 1933 crucem
928 1881 1197 1951 passionis
1249 1895 1360 1935 suae
1389 1883 1503 1950 ipse
1532 1882 1794 1952 portavit,
1842 1884 2057 1952 quando

482 1972 778 2027 ducebatur
798 1971 865 2026 ad
890 1973 1333 2043 crucifigendum.
1363 1972 1591 2043 Propter
1610 1974 1751 2043 quod
1774 1974 1913 2052 sicut
1943 1975 2057 2044 ipse
2089 1995 2131 2054 Β

481 2061 657 2116 dixit:
688 2083 706 2114 ι
742 2062 875 2116 Data
903 2071 987 2117 est
1014 2063 1147 2117 mihi
1173 2064 1349 2119 omnis
1375 2073 1614 2134 potestas
1640 2065 1693 2118 in
1724 2064 1860 2119 cmlo
1906 2074 1960 2120 et
2001 2065 2057 2120 in

481 2162 626 2208 terra
649 2153 829 2223 (Joan.
855 2151 993 2225 six).
1022 2174 1042 2207 ›
1070 2154 1138 2210 Et
1165 2174 1183 2206 ι
1217 2156 1442 2225 Propter
1464 2158 1607 2226 quod
1625 2156 1883 2211 exaltavit
1907 2156 2059 2212 illum

430 2290 431 2297 η
481 2246 623 2301 Deus
653 2245 868 2318 (Matth.
903 2249 1117 2318 xxviii).
1155 2268 1173 2301 ›
1203 2248 1260 2303 ld
1290 2257 1390 2314 est,
1424 2252 1646 2318 propter
1675 2250 1804 2304 illud
1851 2251 2054 2320 suppli-

480 2338 644 2403 cium,
676 2354 694 2388 ι
728 2347 784 2392 ει
805 2337 952 2392 dedit
974 2337 1049 2393 illi
1080 2353 1273 2394 nomen
1296 2341 1435 2409 quod
1461 2349 1543 2395 est
1570 2356 1732 2410 super
1759 2356 1919 2396 omne
1956 2357 2054 2397 no-

478 2440 654 2492 men,»
672 2436 727 2483 et
740 2427 964 2501 reliqua.
987 2428 1083 2484 «Et
1098 2430 1382 2485 vocabitur
1397 2431 1751 2496 admirabilis,
1767 2439 1875 2486 etc.
1892 2452 1908 2483 ι
1930 2431 2056 2487 Haec

477 2515 639 2570 verba
660 2516 739 2572 sic
757 2528 882 2571 sunt
893 2516 1198 2573 dividenda.
1215 2518 1563 2576 Admirabilis
1577 2529 1680 2585 est,
1697 2521 1821 2589 quia
1841 2522 1979 2576 Deus
2000 2528 2056 2576 et

484 2607 647 2663 homo
671 2618 773 2663 est.
798 2626 817 2660 ί
840 2608 1191 2665 Consiliarius
1207 2618 1311 2675 est,
1340 2631 1359 2662 ι
1381 2611 1506 2680 quia
1531 2610 1751 2665 sineillo
1770 2611 2055 2666 consilium

483 2702 685 2757 bonum
724 2715 831 2756 non
871 2710 953 2757 est
985 2719 998 2755 :
1040 2702 1182 2757 sicut
1207 2703 1338 2757 dicit
1382 2704 1448 2757 de
1474 2718 1539 2758 eo
1585 2704 1846 2774 angelus:
1880 2723 1900 2756 ι
1937 2705 2057 2760 Erit

478 2793 656 2864 magni
680 2792 886 2849 causilli
918 2792 1140 2865 angelus
1167 2792 1318 2864 (Luc.
1337 2794 1397 2867 ι).
1420 2813 1438 2846 ι
1467 2794 1609 2851 Deus
1635 2815 1654 2848 ι
1672 2799 1915 2867 est,quia
1939 2798 2054 2868 ipse

476 2882 604 2939 fecit
655 2884 856 2953 omnia.
892 2903 909 2935 ι
936 2883 1113 2940 Fortis
1148 2904 1166 2938 ι
1196 2896 1310 2953 εει,
1349 2888 1475 2955 quia
1503 2889 1706 2957 absque
1743 2887 1885 2944 illius
1914 2889 2053 2944 sola-

477 2975 621 3029 mine
634 2988 793 3030 nemo
806 2974 961 3030 fortis
976 2990 1096 3031 esse
1109 2984 1303 3046 potest.
1317 2995 1335 3027 ι
1355 2977 1519 3031 Pater
1530 2977 1694 3033 futuri
1708 2979 1886 3034 saeculi
1908 2998 1927 3032 ι
1948 2988 2048 3047 εει,

436 3070 451 3079 “
476 3068 601 3136 quia
630 3069 743 3138 ipse
768 3069 886 3123 sine
917 3068 1024 3124 nne
1061 3070 1320 3123 manebit.
1354 3087 1371 3120 ι
1402 3070 1660 3140 Princeps
1691 3073 1838 3142 pacis
1873 3092 1891 3124 ›
1926 3073 2051 3142 quia

478 3160 597 3229 ipse
621 3174 720 3213 nos
740 3161 1047 3229 pacificavit
1070 3174 1190 3214 cum
1219 3160 1423 3232 angelis
1440 3202 1454 3226 ,
1480 3170 1533 3216 et
1561 3163 1853 3218 redditDeu
1877 3162 2046 3219 Patri.

552 3267 572 3300 ε
609 3248 1051 3321 Multiplicabitur
1075 3249 1191 3321 ejus
1206 3251 1508 3322 imperium.
1532 3271 1552 3305 ι
1580 3252 1856 3320 Quomodo
1870 3255 2050 3310 multi-

2162 690 2410 751 verbum,
2434 687 2503 743 de
2530 704 2638 759 quo
2659 688 2789 744 dicit
2828 689 3063 745 eximius
3087 690 3453 763 Evangelista
3486 693 3754 757 ιουιας

2168 800 2187 835 ι
2216 778 2275 835 ln
2306 780 2572 850 principio
2604 788 2723 835 erat
2756 776 2985 835 Verbum
3007 821 3024 848 ,
3066 790 3122 838 et
3157 783 3405 839 Verbum
3467 796 3600 842 erat
3641 795 3759 862 apd

2163 872 2330 927 Deum
2362 870 2542 942 (Joau.
2575 870 2637 942 l).
2664 891 2682 923 ι
2711 870 2938 938 Quando
2965 880 3048 928 est
3074 873 3299 929 missum
3334 874 3607 934 Verbum
3631 882 3751 939 iam

2163 961 2216 1015 in
2245 961 2442 1032 populo
2460 959 2667 1017 Iacob?
2697 960 2928 1029 Quando
2953 977 3173 1019 carnem
3208 968 3533 1036 assumpsit
3557 981 3626 1023 ex
3667 973 3752 1024 vir-

2161 1055 2304 1122 gine.
2355 1053 2495 1108 l‘unc
2534 1061 2713 1108 autem
2743 1054 2892 1109 venit
2939 1055 3006 1110 ad
3049 1063 3238 1127 gentes
3281 1076 3297 1111 :
3332 1060 3579 1129 quando
3605 1060 3744 1119 Iudici

2162 1141 2449 1198 noluerunt
2518 1143 2764 1214 recipere
2817 1144 3258 1214 praedicationem
3307 1146 3553 1203 Domini
3600 1167 3743 1222 neque

2161 1232 2523 1302 apostolorum
2549 1271 2565 1298 ,
2615 1240 2671 1286 ει
2719 1231 2921 1288 dictum
2966 1242 3052 1288 est
3085 1235 3350 1304 apostolis
3402 1250 3437 1289 a
3475 1237 3730 1295 υοωὲοοε

2167 1338 2185 1371 ι
2234 1320 2329 1387 lto,
2377 1322 2566 1377 docete
2604 1336 2795 1378 omnes
2840 1331 3031 1393 gentes
3073 1322 3290 1396 (lculi.
3331 1340 3550 1393 nimi;
3592 1327 3728 1384 Hm.

2160 1417 2297 1486 xu),
2327 1431 2345 1465 ι
2378 1421 2434 1469 ει
2460 1421 2679 1468 extera.

2237 1521 2259 1556 ς
2278 1504 2497 1560 Etsciet
2509 1506 2689 1559 onuiis
2698 1504 2931 1575 populus
2947 1504 3228 1577 Ephraim.
3241 1526 3263 1559 ι
3278 1506 3565 1577 Ephnim
3576 1512 3721 1580 appel-
3832 1532 3833 1543 ι

2161 1600 2239 1654 lat
2249 1600 2434 1654 decem
2450 1599 2624 1654 tribus
2643 1616 2655 1652 :
2675 1613 2797 1669 qua:
2816 1600 2981 1655 nimis
2994 1603 3241 1671 superba:
3255 1611 3458 1669 erant,
3472 1614 3717 1675 proptere:

2147 1693 2284 1763 quia
2332 1692 2431 1763 ipsi
2461 1701 2619 1747 erant
2650 1692 2817 1747 multo
2849 1692 3052 1763 plures,
3084 1709 3244 1764 quam
3270 1695 3425 1751 Inda
3473 1706 3531 1750 et
3567 1698 3713 1766 Benja-

2158 1786 2291 1840 min.
2327 1784 2532 1839 Revera
2553 1784 2696 1839 enim
2729 1785 2802 1839 ita
2822 1794 2995 1848 erant,
3027 1785 3151 1855 quia
3180 1786 3249 1839 ad
3275 1787 3707 1855 comparatione:

2158 1875 2341 1931 decem
2372 1890 2570 1944 parvus
2603 1889 2860 1930 numerus
2895 1883 2982 1930 est
3005 1876 3127 1931 duo.
3186 1876 3282 1931 Vel
3327 1877 3511 1930 etiam
3537 1888 3705 1949 ρτῳισ

2160 1967 2264 2021 hoc
2296 1966 2688 2036 gloriabantur,
2717 1966 2843 2035 quia
2875 1966 2984 2022 illis
3006 1968 3276 2038 conjuncti
3302 1977 3481 2023 enat
3506 1968 3648 2025 Basia
3668 1981 3701 2024 et

2162 2057 2303 2131 Syri.
2337 2059 2404 2114 Et
2437 2060 2564 2129 quid
2611 2068 2694 2114 est
2738 2060 2881 2128 quod
2929 2060 3065 2116 sciet
3110 2061 3423 2131 Ephraim?
3463 2063 3569 2117 Hoc
3605 2066 3697 2117 sciet

2158 2152 2285 2222 quia
2302 2149 2474 2205 ‘llasin
2497 2158 2553 2206 et
2576 2150 2720 2222 Syri,
2742 2150 2833 2220 qui
2854 2151 2904 2204 ei
2926 2151 3199 2221 conjuncti
3220 2152 3487 2218 fuerant,
3513 2156 3694 2223 quam

2159 2259 2265 2313 que
2284 2245 2352 2299 ab
2378 2259 2443 2298 eo
2470 2252 2725 2298 recedent
2756 2259 2772 2296 :
2805 2249 2858 2297 ει
2886 2244 3199 2313 pugnabunt
3223 2253 3430 2299 contra
3467 2260 3570 2308 eos,
3591 2248 3687 2300 sint

2158 2333 2213 2387 in
2266 2334 2719 2404 subsequentibus
2764 2332 3093 2388 manifestat.
3146 2334 3288 2401 Quid
3339 2336 3585 2391 dicebat
3611 2338 3679 2390 illi

2157 2422 2344 2478 decem
2368 2432 2556 2499 contra
2580 2421 2771 2477 ludam
2802 2430 2858 2476 et
2890 2423 3207 2493 Beniamin?

2233 2534 2251 2566 ι
2274 2514 2500 2569 Lateres
2523 2515 2839 2569 ceciderunt
2860 2532 2877 2564 ι
2903 2522 2960 2568 ει
2978 2522 3194 2568 caetera.
3215 2513 3377 2581 Quod
3414 2515 3661 2585 signium!

2155 2618 2251 2674 per
2291 2604 2509 2668 lateres,
2544 2605 2649 2660 hoc
2687 2620 2785 2674 per
2812 2618 3125 2675 sycomoros
3166 2621 3182 2658 :
3220 2605 3487 2662 videlicet
3520 2606 3669 2677 fragile

2155 2707 2211 2751 ει
2259 2696 2478 2751 inﬁrmi.
2528 2696 2597 2750 Et
2642 2698 2787 2766 quod
2827 2712 2924 2768 per
2951 2698 3189 2767 quadros
3219 2696 3468 2766 lapides,
3496 2697 3579 2751 hoc
3611 2711 3676 2766 pc

2154 2791 2375 2847 cedrus:
2396 2790 2681 2845 fortissimi
2701 2789 2926 2853 scilicet,
2947 2798 3001 2842 et
3026 2789 3439 2845 bellicosissimi
3467 2789 3671 2844 bonum

2155 2882 2483 2953 Sycomorus
2534 2881 2699 2935 arbor
2743 2889 2825 2935 est
2871 2878 3208 2934 infructuosa
3258 2890 3320 2935 et
3347 2880 3523 2942 fatua,
3555 2892 3673 2948 quan

2153 2976 2314 3029 ﬁcum
2336 2978 2658 3045 sylvestrem
2681 2973 2887 3028 dicunt.
2916 2973 3123 3029 Cedrus
3148 2973 3479 3043 imputribile
3495 2972 3668 3044 lignum

2153 3070 2398 3125 Diximus
2424 3069 2696 3139 superius,
2724 3067 2852 3136 quia
2880 3066 3046 3122 Rasin
3073 3074 3128 3121 et
3157 3067 3347 3121 decem
3378 3066 3530 3121 tribus
3551 3063 3667 3119 dite-

2153 3170 2278 3217 runt
2303 3180 2316 3215 :
2351 3181 2369 3212 ι
2410 3160 2781 3215 Ascendamus
2807 3160 2874 3214 ad
2899 3158 3095 3214 ludam
3123 3168 3179 3214 et
3200 3159 3476 3215 evellamus
3493 3155 3663 3212 επιειὰ

2151 3269 2249 3309 nos
2274 3294 2290 3320 ,
2322 3264 2378 3330 et
2425 3268 2687 3324 ponamus
2713 3252 2767 3305 iu
2799 3252 2974 3306 medio
3000 3250 3117 3319 ejus
3148 3252 3315 3306 lilium
3345 3250 3504 3306 Tabes!
3537 3248 3645 3318 (lu.

472 3341 785 3413 plicabitur?
807 3342 944 3410 Quia
966 3343 1386 3412 peruniversum
1401 3345 1585 3399 orbem
1599 3360 1696 3415 per
1708 3346 2046 3416 praedicatio-
2073 3359 2117 3422 (ς
2151 3348 2268 3416 vn).
2307 3364 2327 3397 ›
2355 3344 2423 3399 Ει
2446 3345 2613 3398 erecti
2645 3344 2696 3397 in
2748 3343 3055 3411 superbiam
3077 3381 3095 3408 ,
3136 3343 3362 3398 dicebant
3391 3338 3637 3409 despectim

471 3450 595 3492 nem
607 3435 992 3506 apostolorum,
1011 3452 1204 3493 nomen
1219 3437 1361 3493 illius
1377 3437 1712 3509 propalatum
1728 3448 1830 3503 est,
1846 3447 1901 3494 et
1914 3455 2046 3510 quo-
2144 3436 2210 3489 de
2224 3434 2359 3490 Juda
2374 3446 2429 3489 et
2442 3435 2721 3505 Benjamin
2749 3451 2765 3489 :
2792 3433 3015 3489 Lateres
3039 3432 3495 3497 cecideruutJdest
3506 3429 3638 3483 inibo-

446 3526 601 3581 rtidie
629 3541 823 3583 nomen
842 3527 1264 3585 Christianitatis
1285 3538 1682 3601 augmentatur.
1711 3550 1730 3583 ι
1764 3531 1939 3602 Super
1958 3548 2046 3589 so-

469 3616 601 3673 lium
632 3619 799 3674 David
819 3622 1043 3691 sedebit,
1074 3640 1092 3672 i
1122 3622 1173 3676 id
1193 3630 1298 3688 est,
1315 3623 1367 3676 in
1389 3624 1586 3694 populo
1603 3623 1933 3692 Iudaeorum,
1960 3625 2043 3681 vel

470 3712 635 3768 etiam
653 3713 709 3768 in
726 3714 979 3769 cordibus
992 3714 1205 3770 illorum
1221 3717 1312 3785 qui
1330 3716 1488 3771 mites
1508 3726 1563 3771 et
1578 3718 1841 3772 mansueti
1862 3718 2042 3779 humi-

468 3803 655 3873 lesque
666 3805 885 3870 fuerint,
898 3807 1039 3861 sicut
1062 3806 1251 3861 David.
1273 3821 1293 3858 'c
1312 3806 1357 3860 Δ
1379 3809 1558 3873 modo;
1580 3826 1597 3859 ι
1618 3809 1670 3863 id
1683 3810 1786 3876 est,
1801 3811 1854 3863 in
1869 3810 2075 3865 's:ecu-"

396 3920 399 3925 ε
468 3884 869 3952 minorum.
891 3914 911 3947 ί
933 3897 1094 3952 Zelus
1110 3897 1673 3954 Dominiexercituum
1689 3898 1849 3954 faciet
1872 3903 1991 3954 hoc.
2016 3882 2098 3952 νδ

468 3986 626 4042 Zelus
641 3996 726 4042 est
748 3988 1234 4042 odiumetinvidia.
1261 3989 1356 4042 Est
1379 4000 1434 4043 et
1453 3989 1602 4044 zelus
1629 3989 1843 4045 dilectio
1856 3990 2043 4045 videli-

467 4084 553 4132 cet
574 4085 629 4132 et
644 4092 816 4143 amor,
834 4080 899 4132 de
925 4091 1033 4146 quo
1048 4077 1134 4132 hic
1158 4079 1372 4133 dicitur.
1388 4078 1563 4140 Zelus,
1581 4079 1635 4134 id
1660 4089 1743 4135 est
1760 4081 1913 4135 amdr
1935 4082 2041 4136 Do-

468 4166 600 4220 mini
620 4178 728 4234 quo
745 4166 995 4221 dilexerit
1020 4167 1276 4237 populum
1302 4183 1479 4235 suum,
1510 4184 1673 4224 omne
1693 4185 1862 4241 genus
1893 4171 2041 4227 vide-

467 4257 593 4313 licet
614 4259 892 4313 hominum
906 4258 1067 4314 faciet
1084 4260 1246 4327 tstud,
1266 4261 1432 4327 idest,
1455 4263 1631 4318 mittet
1649 4262 1844 4318 Filium
1862 4279 2038 4333 suum,

466 4358 525 4406 et
546 4350 793 4405 liberabit
824 4366 992 4423 genus
1024 4351 1318 4407 hurdanum
1345 4355 1412 4409 de
1443 4354 1687 4411 faucibus
1715 4357 1931 4412 diaboli.

542 4461 563 4496 ‹
590 4441 820 4498 Verbum
849 4444 995 4498 misit
1016 4444 1275 4500 Dominus
1294 4445 1348 4499 in
1371 4445 1539 4502 .lacob
1567 4467 1587 4500 ι
1615 4463 1717 4502 vox
1740 4451 2037 4520 prophetae.

463 4535 630 4594 Jacob
662 4535 895 4606 appellat
918 4536 971 4590 in
997 4536 1102 4592 hoc
1119 4537 1234 4593 loco
1265 4538 1461 4593 tribum
1483 4537 1640 4605 Juda,
1667 4540 1831 4595 lsrael
1860 4553 2039 4597 autem

464 4628 683 4699 reliquis
713 4629 899 4683 tribus.
930 4628 1069 4695 Quid
1100 4626 1199 4682 fuit
1226 4629 1366 4683 istud
1391 4629 1649 4684 verbum?
1671 4633 1941 4698 Quantum
1971 4632 2039 4687 ad

2145 3528 2295 3584 cilles
2317 3537 2371 3583 et
2387 3529 2587 3582 inﬁrmi
2602 3528 2916 3583 ceciderunt
2936 3542 3003 3580 ει
3017 3525 3159 3582 Juda
3186 3527 3241 3581 in
3264 3524 3655 3580 manushmum.

2146 3621 2251 3677 Sed
2297 3638 2422 3677 cum
2452 3621 2802 3677 habuerimus
2847 3622 2990 3690 ipsas
3026 3623 3164 3675 duas
3191 3621 3367 3674 tribus
3396 3618 3599 3672 redactas
3620 3613 3662 3666 in

2141 3721 2408 3782 potestate
2446 3722 2629 3767 nostra
2654 3731 2671 3785 V;
2707 3711 3144 3787 i‘tcdi’ﬂcabimus
3181 3732 3201 3763 ι
3246 3712 3400 3767 vobis
3422 3725 3483 3766 ex
3515 3730 3529 3759 ι
3559 3720 3661 3776 qua-

2142 3805 2255 3858 dris
2281 3804 2547 3873 lapidibus
2572 3822 2589 3854 ι
2623 3788 2862 3868 domum,
2891 3803 2943 3856 id
2974 3814 3079 3866 εει,
3099 3802 3414 3857 fortissimis
3431 3810 3483 3856 et
3496 3799 3663 3857 belbro-
3726 3802 3751 3847 -.

2143 3898 2372 3953 sissimis
2396 3897 2728 3968 principibus
2766 3906 2821 3950 et
2863 3897 3284 3966 pugnatoribus,
3331 3897 3665 3951 constituemus

2141 3989 2293 4044 vobis
2319 3988 2754 4060 principatumkt
2775 3978 3079 4059 imperium.
3098 3989 3164 4045 Et
3178 3990 3481 4045 addebant:
3499 4008 3515 4040 ι
3540 3987 3664 4056 Syco-

2142 4093 2325 4134 moros
2352 4079 2721 4144 succiderunt,
2762 4098 2778 4131 l
2815 4079 2867 4133 id
2901 4088 3007 4145 est,
3040 4078 3263 4150 fragiles
3286 4089 3342 4135 et
3378 4082 3493 4135 sine
3521 4082 3668 4131 rabere

2140 4171 2291 4225 viros
2322 4185 2389 4223 ex
2420 4169 2527 4223 illis
2550 4169 2759 4224 duabus
2790 4171 3038 4225 tribubus
3066 4170 3464 4226 interfecerunt
3500 4170 3669 4229 hostes.

2142 4262 2235 4332 qui
2262 4272 2633 4333 pugnaverunt
2660 4273 2848 4317 contra
2881 4276 2994 4318 eos.
3038 4263 3145 4317 Sed
3172 4280 3274 4319 nos
3300 4280 3434 4320 cum
3473 4258 3671 4320 habueri-

2141 4371 2263 4409 mus
2285 4354 2405 4409 illos
2436 4354 2529 4424 qui
2559 4363 2939 4410 remanserunt
2965 4354 3297 4424 subiugatus,
3328 4371 3434 4424 pro
3468 4354 3561 4409 illis
3597 4354 3667 4405 ἰω-

2140 4446 2423 4501 hecillibus
2445 4446 2855 4501 immutabimus
2882 4462 2948 4501 ex
2974 4448 3130 4502 nobis
3151 4449 3285 4516 ipsis
3309 4450 3524 4511 cedrus,
3548 4446 3593 4501 id
3614 4450 3673 4499 ait

2142 4536 2466 4592 fortissimos
2486 4538 2757 4607 principes
2785 4556 2797 4591 :
2817 4539 2906 4607 qui
2932 4539 3071 4593 sicut
3090 4554 3288 4594 cedrus
3309 4542 3459 4608 quod
3476 4534 3673 4607 impaui-

2139 4628 2247 4684 bile
2263 4628 2466 4699 lignum
2483 4637 2567 4682 est
2589 4644 2859 4697 nunquam
2874 4629 3076 4693 deﬁcit,
3094 4638 3147 4705 et
3168 4630 3306 4683 sicut
3324 4630 3470 4698 lapis
3484 4628 3674 4697 quadrat

462 4717 696 4771 litteram
728 4719 978 4787 pertinet,
1010 4719 1156 4773 misit
1187 4718 1448 4774 Dominus
1472 4722 1694 4776 verbum
1724 4722 1778 4775 in
1806 4720 1974 4779 Iacob
2018 4742 2033 4778 :
2064 4711 2117 4771 D
2141 4734 2246 4792 qua
2270 4729 2426 4789 parte
2476 4720 2765 4774 inclinatus
2819 4721 2985 4774 fuerit
3033 4734 3246 4789 semper
3280 4723 3452 4775 stabit
3494 4737 3509 4773 :
3541 4720 3602 4772 ita
3637 4723 3676 4767 el

461 4813 586 4880 quia
619 4813 938 4882 complacuit
966 4814 1050 4879 ei,
1105 4823 1159 4868 et
1188 4814 1464 4869 constituit
1508 4822 1567 4867 ut
1609 4829 1674 4869 ex
1702 4815 1843 4870 tribu
1896 4814 2034 4872 Juda

465 4916 616 4972 reges
647 4916 860 4971 semper
882 4902 1209 4972 eligerentur
1230 4918 1391 4972 super
1438 4902 1749 4957 universum
1775 4903 1939 4958 lsrael
1956 4944 1972 4971 ,
2000 4920 2033 4959 a

460 5003 700 5064 tempore
748 5009 855 5064 quo
900 4994 1064 5064 carpit
1098 5010 1322 5066 regnare
1357 4995 1523 5049 David
1569 4995 1886 5050 mitissimus
1915 5010 2030 5051 rex.

460 5085 663 5142 Cecidit
683 5095 859 5141 autem
886 5086 938 5140 in
961 5086 1143 5141 lsrael.
1173 5085 1229 5141 Id
1248 5098 1330 5142 est
1358 5088 1541 5142 decem
1567 5088 1757 5154 tribus,
1782 5089 1907 5158 quia
1931 5089 2034 5160 ipsi

459 5175 840 5232 destruxeruut
884 5176 1013 5231 illud
1056 5186 1381 5248 praeceptum
1432 5179 1648 5247 qua‘ndo
1691 5180 2033 5249 projecertmt

459 5267 676 5323 domum
706 5265 895 5333 David,
925 5277 979 5324 et
1022 5269 1299 5340 elegerunt
1328 5269 1432 5324 sibi
1494 5285 1672 5340 regem
1704 5269 2030 5326 Hieroboam

457 5361 523 5417 de
556 5360 728 5417 strihu
784 5361 1039 5431 Ephraim
1088 5380 1101 5415 :
1149 5374 1177 5416 ι
1222 5377 1332 5433 quo
1372 5371 1559 5433 postea
1598 5363 1877 5432 appellatae
1906 5370 2032 5419 sunt

456 5450 711 5521 Ephraim
734 5453 1058 5522 generaliter
1086 5451 1204 5524 (ΙΙΙ
1235 5451 1361 5523 Reg.
1394 5453 1515 5526 xu).
1544 5453 1641 5507 Vel
1660 5453 1819 5509 aliter
1846 5474 1858 5508 :
1890 5455 2027 5511 Ver-

453 5542 581 5597 bum
607 5542 753 5597 misit
772 5543 1030 5598 Dominus
1053 5543 1106 5597 in
1133 5543 1320 5611 Jacob,
1346 5546 1397 5599 id
1418 5554 1503 5601 est
1530 5547 1828 5602 doctrinam
1855 5547 2031 5603 Evan-

454 5637 679 5709 gelicam
724 5640 779 5695 in
827 5644 1092 5711 apostolos
1117 5652 1170 5701 et
1201 5644 1254 5699 in
1286 5655 1502 5702 sanctos
1540 5646 1945 5717 praedicatores,
1976 5654 2032 5700 et

451 5730 669 5797 cecidit,
699 5732 754 5788 id
791 5741 875 5788 est
902 5736 1253 5804 praevaricata
1286 5747 1370 5793 est
1394 5738 1483 5794 illa
1513 5737 1831 5808 praedicatio
1855 5734 2031 5794 sancti

450 5822 727 5893 Evangelii
779 5826 845 5881 ab
903 5828 1191 5883 hzcreticis.
1244 5828 1334 5884 Vel
1371 5830 1568 5886 aliter:
1603 5830 1836 5886 Verbum
1882 5830 2031 5887 misit

449 5910 711 5971 Dominus
737 5917 791 5973 in
816 5916 1000 5986 Jacob,
1038 5920 1091 5975 id
1119 5929 1201 5975 est
1237 5922 1289 5977 in
1320 5923 1512 5993 populo
1538 5922 1841 5979 .luduaorum
1877 5942 1891 5978 :
1932 5924 2029 5980 sed

2138 4812 2213 4866 illi
2244 4814 2387 4866 inter
2406 4815 2585 4867 omnia
2615 4814 2841 4868 adversa
2869 4812 3079 4867 fortiter
3098 4824 3459 4882 permaneant
3480 4809 3673 4867 stabiles.

2137 4901 2291 4969 Quod
2321 4914 2499 4959 autem
2526 4920 2633 4959 non
2659 4914 3088 4960 commemorant
3114 4906 3299 4960 hostes
3322 4908 3418 4975 qui
3447 4907 3560 4960 illas
3578 4905 3677 4956 duas

2137 4997 2311 5051 tribus
2339 4996 2703 5060 succiderunt,
2736 4998 2788 5050 id
2817 5004 2920 5061 est,
2953 4993 3369 5061 interfecerunt,
3402 5006 3462 5050 et
3502 4996 3553 5050 in
3577 5004 3677 5061 quo-

2137 5103 2257 5142 rum
2286 5103 2477 5142 manus
2525 5087 2599 5141 illi
2640 5087 2983 5150 ceciderunt,
3026 5086 3369 5141 referendum
3416 5095 3501 5141 est
3530 5079 3676 5137 adilh

2138 5191 2379 5250 tempora
2412 5183 2626 5250 quando
2650 5180 2939 5235 Philistiim
2965 5181 3050 5237 vel
3083 5174 3250 5235 Rasin
3276 5191 3331 5235 et
3358 5181 3485 5252 Syri
3511 5189 3675 5250 pum

2135 5283 2331 5330 verunt
2357 5285 2546 5330 contra
2576 5290 2691 5340 eos,
2723 5284 2778 5330 et
2805 5277 2972 5331 multa
2999 5277 3241 5330 milliaes
3262 5277 3345 5331 eis
3370 5276 3675 5331 occidet-unl-

2140 5387 2158 5420 ‹
2181 5368 2249 5423 Et
2269 5368 2501 5423 elevabit
2522 5367 2780 5424 Dominus
2794 5358 2979 5426 thtes
2992 5369 3159 5426 Rasin
3184 5384 3346 5440 super
3369 5379 3516 5425 eum.
3541 5387 3558 5419 ι
3582 5364 3673 5418 Vox

2132 5461 2413 5532 prophetae
2437 5467 2627 5516 contra
2654 5461 2819 5517 Rasin
2846 5471 2900 5517 et
2924 5461 3109 5533 Syros.
3136 5463 3208 5518 Et
3235 5462 3501 5524 elevabit,
3532 5456 3581 5512 id
3612 5459 3677 5508 est

2134 5554 2385 5619 adducet,
2414 5555 2671 5609 Dominus
2701 5555 2884 5609 hostes
2910 5552 3095 5620 Basin,
3124 5553 3501 5609 Sennacherib
3521 5544 3674 5603 videli-

2135 5657 2240 5714 cet,
2257 5664 2420 5719 super
2435 5663 2577 5714 eum,
2599 5648 2651 5703 id
2673 5657 2773 5711 est,
2790 5662 2952 5718 super
2980 5647 3169 5713 Basin,
3193 5665 3210 5697 ι
3233 5654 3287 5701 ει
3312 5646 3560 5701 inimicos
3581 5637 3676 5706 ei“

2133 5738 2387 5815 Assyrius
2412 5740 2466 5795 in
2518 5739 2806 5795 tumultum
2853 5748 3047 5803 vertet,
3078 5758 3098 5789 ι
3132 5738 3186 5793 id
3216 5745 3338 5801 est,
3368 5737 3425 5791 lu
3461 5730 3675 5805 πωπω

2135 5842 2321 5889 contra
2355 5847 2502 5889 eum.
2539 5831 2609 5888 Et
2641 5846 2811 5904 quare
2835 5828 3131 5899 hoclouia
3156 5829 3443 5886 debellavit
3484 5822 3674 5881 bdell-

2213 5942 2234 5977 σ
2266 5923 2481 5997 Syriam
2522 5925 2591 5980 ab
2627 5924 2858 5980 oriente.
2890 5941 2910 5976 ι
2943 5922 3059 5978 Vox
3095 5922 3377 5990 Propheta
3403 5920 3470 5973 ad
3513 5917 3675 5970 dum
