3918 6516
148 502 286 562 773

1169 543 1176 550 -
1240 504 1593 565 COMMENT.
1634 505 1703 564 ΙΝ
1738 506 1988 566 ῐδΑΙΑΜ.
2028 540 2099 552 -
2131 509 2256 567 LIB.
2288 506 2349 565 ﬂ.

3319 512 3437 572 7η

142 614 370 670 tribus.
410 612 525 669 Hoc
560 623 643 670 est
677 616 820 686 quod
847 617 1093 687 superius
1117 616 1289 672 dixit:
1317 620 1441 687 quia
1469 619 1603 673 sciet
1625 634 1743 673 ειη-
1774 629 1820 685 Α
1849 638 1986 693 quas
2016 625 2130 694 ipse
2152 616 2265 695 jam
2295 635 2533 696 ceperat.
2568 644 2586 677 t
2616 624 2865 696 Nunquid
2891 642 3001 684 non
3022 637 3082 683 ut
3104 629 3419 699 Damascus,

146 708 257 761 nis
285 707 559 777 Epitraim.
586 706 725 772 Quid
752 708 922 762 sciet?
945 707 1081 774 Quia
1110 710 1338 763 adducet
1367 708 1627 764 Dominus
1648 709 1751 780 Sy-

147 800 313 852 riam
349 800 418 852 ab
454 798 701 861 oriente,
740 814 861 868 qua:
888 810 1016 855 ante
1052 809 1173 856 erat
1196 802 1246 855 ei
1271 802 1556 869 conjuncta
1585 820 1598 856 :
1633 820 1655 853 ε
1684 803 1750 856 Ει

142 889 465 945 Philistiim
495 891 561 955 ab
591 891 901 957 occidente,
942 911 961 945 ι
1011 894 1141 963 quia
1185 893 1257 947 ab
1294 895 1547 948 orientali
1591 894 1749 964 plaga

148 992 329 1035 erant
372 980 465 1034 lilii
503 981 699 1047 lsrael,
741 983 865 1053 Syri
893 991 949 1037 et
974 983 1269 1037 Philistlim
1293 984 1365 1039 ab
1396 984 1749 1047 occidentali.~

157 1070 298 1138 Quo
326 1080 566 1141 tempore
592 1072 789 1127 factum
813 1082 899 1127 est
927 1074 1073 1127 hoc?
1111 1074 1337 1140 Quando
1377 1074 1750 1131 Sennacherih

160 1163 324 1232 cepit
369 1162 543 1232 Syros
569 1171 624 1216 et
649 1162 981 1230 Philistaeos,
1010 1173 1065 1219 et
1087 1165 1293 1233 pariter
1317 1180 1440 1220 eum
1466 1165 1572 1221 illis
1601 1166 1751 1221 venit

153 1267 335 1324 super
373 1254 559 1308 decem
587 1254 762 1310 tribus

243 1363 265 1396 ε
297 1345 380 1399 Ad
415 1346 806 1414 percutientem
842 1360 933 1408 se,
970 1362 987 1395 ι
1020 1345 1075 1399 id
1110 1354 1225 1409 est,
1266 1345 1335 1398 ad
1374 1347 1562 1399 Deum.
1596 1365 1614 1396 ι
1659 1345 1747 1399 ln-

152 1442 511 1489 curvantem.
545 1453 565 1486 ι
595 1434 883 1489 lncurvare
919 1444 1001 1489 est
1042 1436 1143 1489 hoc
1179 1436 1325 1505 quod
1350 1444 1433 1490 est
1461 1445 1665 1491 rectum
1696 1436 1748 1489 in

154 1522 399 1579 alteram
431 1533 640 1593 partem
666 1524 903 1580 ﬂectere.
939 1544 957 1575 ι
990 1525 1053 1579 Et
1082 1525 1488 1592 depravantem.
1523 1543 1545 1575 ι
1570 1525 1749 1594 Aliqui

156 1617 382 1671 codices
409 1617 604 1672 habent
632 1617 995 1671 refrenantem
1018 1656 1033 1681 ,
1061 1618 1155 1672 sed
1180 1616 1320 1670 falso
1343 1617 1605 1685 scriptum
1641 1625 1745 1671 est.

157 1707 565 1777 Depravantem
592 1719 772 1764 autem
801 1710 964 1773 dicit,
1007 1711 1132 1778 quia
1167 1708 1257 1761 ille
1290 1708 1519 1778 populus
1556 1708 1749 1778 depra-

158 1802 330 1854 vabat
351 1810 406 1855 et
430 1802 811 1870 corrumpebat
834 1801 1005 1870 legem
1042 1802 1165 1864 Dei,
1208 1809 1264 1854 et
1298 1800 1442 1854 viam
1467 1815 1750 1870 gressuunt

158 1905 410 1943 suorum.

1848 714 1929 768 sic
1957 714 2200 768 Samaria
2222 756 2236 778 ,
2274 735 2294 767 ι
2322 716 2422 771 sub
2455 731 2575 770 mea
2609 716 2973 773 dominatione
3008 720 3274 776 consistit.
3318 721 3423 776 Da-

1849 816 2063 857 mascus
2106 803 2298 858 civitas
2319 811 2403 859 est
2440 803 2751 872 metropolis
2790 815 2845 860 et
2891 807 3063 877 regia,
3094 824 3256 878 quam
3288 825 3421 866 con-

1847 893 1983 948 didit
2004 909 2194 950 servus
2218 896 2492 952 Abraham
2516 895 2748 963 Eliezer,
2777 912 2940 967 super
2968 915 3132 969 quam
3162 904 3425 974 regnabat

1848 981 2038 1038 Rasin.

1923 1094 1943 1127 ο
1972 1075 2250 1143 Quomodo
2276 1078 2480 1134 invenit
2506 1094 2700 1135 manus
2723 1082 2890 1136 mea?
2917 1101 2938 1135 ι
2964 1082 3018 1137 id
3044 1092 3158 1148 est,
3184 1094 3424 1156 potestas

1848 1181 1996 1229 mea,
2026 1187 2045 1219 ‹
2075 1183 2240 1239 regna
2266 1169 2391 1225 idoli
2412 1190 2431 1221 ι
2458 1169 2572 1225 Vox
2599 1169 2969 1227 Sennacherih
2995 1174 3228 1242 qualiter
3250 1177 3425 1231 admi-

1847 1255 2072 1310 rabatur
2110 1257 2175 1312 de
2213 1273 2309 1313 sua
2336 1260 2597 1328 potentia.
2630 1260 2699 1314 Et
2724 1276 2829 1315 non
2856 1271 2939 1317 est
2966 1262 3250 1332 legendum
3279 1263 3424 1319 aﬂir—

1847 1350 2070 1413 ntative,
2100 1347 2194 1403 sed
2223 1348 2542 1405 admirative
2567 1334 3065 1422 et‘interrogative.
3090 1353 3206 1410 Hoc
3241 1363 3425 1411 autem

1848 1437 1990 1505 quod
2038 1439 2315 1507 sequitur,
2362 1440 2737 1496 subauditione
2780 1450 2918 1512 eget.
2956 1441 3022 1499 Et
3070 1452 3153 1499 est
3193 1459 3423 1501 sensus:

1850 1523 2001 1580 Sicut
2026 1526 2315 1583 simulacra
2357 1537 2413 1582 et
2442 1543 2626 1599 regna,
2650 1544 2770 1598 quae
2805 1531 3055 1600 superius
3083 1544 3416 1590 commemo-

1850 1616 1985 1680 ravi,
2006 1617 2105 1671 sub
2127 1633 2247 1671 meo
2260 1618 2498 1683 dominio
2529 1621 2742 1673 redacta
2766 1629 2920 1675 sunt:
2944 1622 3025 1678 sic
3049 1632 3105 1679 et
3123 1624 3414 1682 simulacra

1852 1704 2113 1762 Samaria:
2135 1716 2191 1762 et
2210 1707 2507 1763 Jerusalem
2538 1726 2656 1765 mea
2688 1711 2991 1769 suut.Peae
3011 1714 3154 1771 sicut
3173 1715 3328 1780 dixit.
3344 1716 3421 1772 ita

1850 1804 1903 1851 et
1934 1797 2192 1865 implevit.
2229 1797 2361 1852 Nam
2391 1815 2581 1856 omnes
2609 1801 2861 1859 civitates
2890 1803 3074 1857 decem
3105 1804 3342 1863 tribuum
3369 1813 3428 1860 et

1849 1886 2131 1956 Benjamin
2166 1899 2221 1944 et
2258 1889 2398 1944 Juda
2432 1892 2772 1961 depratdatus
2817 1902 2927 1956 est,
2972 1901 3167 1963 prteter
3210 1894 3429 1951 Jerusa-

242 1998 263 2031 ε
301 1982 367 2035 Et
393 1989 553 2035 erunt
589 1982 681 2050 qui
718 1983 1033 2037 beatiﬁcant
1068 1981 1321 2052 populum
1359 1982 1525 2038 istum
1562 1983 1750 2052 praeci—
1779 1978 1827 2036 Β
1858 1978 1982 2033 lem.
2018 1978 2096 2032 Ex
2134 1978 2434 2035 Jerusalem
2464 1980 2625 2035 etiam
2664 1982 3074 2052 comprehendit
3112 1983 3426 2041 inferiorem

172 2074 369 2142 pitati,
405 2082 461 2129 et
493 2076 719 2144 populus
744 2075 837 2145 qui
862 2076 1203 2131 beatiticatur
1238 2075 1684 2145 praecipitabitur.
1724 2096 1743 2128 ι

160 2164 399 2233 Vepres,
442 2167 495 2223 id
532 2176 646 2233 est,
676 2168 857 2222 omnia
897 2168 1037 2223 mala
1076 2168 1325 2235 illorum,
1360 2177 1750 2224 constituentur

157 2272 329 2326 super
355 2259 501 2328 ipsos

240 2369 260 2401 ι
298 2348 393 2404 Vir
431 2350 587 2405 fratri
623 2367 722 2406 suo
759 2368 864 2407 non
903 2360 1108 2422 parcet.
1146 2372 1166 2404 ι
1197 2352 1313 2407 Hoc
1350 2353 1627 2423 impletum
1665 2361 1748 2407 est

142 2442 257 2498 illo
288 2453 559 2514 tempore,
591 2448 809 2513 quando
845 2447 1053 2500 obsessi
1080 2455 1207 2500 sunt
1231 2462 1265 2500 a
1292 2446 1552 2501 Romanis
1573 2486 1589 2512 ,
1618 2446 1746 2515 quia

159 2541 297 2588 tunc
323 2532 543 2587 fratrem
571 2549 726 2588 suum
758 2535 928 2589 frater
952 2535 1173 2589 occidit.

238 2641 260 2674 ι
295 2623 362 2676 Ει
398 2623 687 2678 declinabit
724 2627 791 2678 ad
830 2626 1140 2691 dexteram,
1175 2646 1193 2678 ι
1226 2625 1279 2679 id
1302 2636 1415 2692 est,
1445 2642 1475 2680 a
1497 2624 1742 2695 justitia,

164 2732 183 2764 ι
220 2722 279 2767 ει
301 2713 505 2768 esuriet
534 2732 555 2764 ι
585 2714 806 2768 malum.
841 2734 858 2767 ι
892 2716 958 2768 Ει
981 2716 1225 2769 comedet
1259 2716 1326 2770 ad
1364 2716 1639 2771 sinistram
1660 2758 1674 2782 ,
1717 2737 1734 2768 ι

157 2805 216 2860 id
266 2814 382 2872 est,
412 2807 798 2862 incrassabitur
824 2806 1058 2871 malitia,
1092 2826 1109 2858 ί
1141 2815 1196 2861 ει
1221 2823 1326 2863 non
1358 2808 1404 2861 ei
1434 2808 1682 2863 sufﬁciet.
1716 2827 1736 2861 ι

159 2896 339 2951 Simul
373 2898 646 2954 Manasses
684 2907 738 2953 et
774 2899 1029 2969 Ephraim
1070 2900 1385 2968 pugnabunt
1429 2911 1619 2954 contra
1653 2899 1745 2955 Ju-

158 2987 309 3041 dam.
340 2986 615 3043 Manasses
645 2988 791 3043 enim
831 2998 885 3043 et
923 2988 1178 3057 Ephraitn
1217 2997 1373 3043 erant
1406 2990 1472 3042 ad
1510 2989 1740 3045 invicem

158 3079 450 3144 commoti,
479 3091 534 3134 et
566 3088 744 3134 tamen
774 3079 842 3134 ad
872 3077 1064 3134 Judam
1096 3078 1471 3134 debellandum
1500 3094 1733 3134 concor-

159 3170 259 3225 des
285 3179 464 3226 erant.

780 3283 1007 3339 CAPUT
1048 3282 1113 3337 Χ.

240 3451 259 3483 ι
292 3432 384 3487 Vae
416 3433 507 3501 qui
537 3432 776 3487 condunt
808 3433 957 3503 leges
996 3433 1231 3502 iniquas.
1265 3451 1283 3484 ι
1320 3431 1433 3488 Vox
1470 3434 1747 3504 prophetae

164 3523 232 3578 ad
270 3522 480 3578 scribas
517 3533 575 3578 et
607 3523 938 3589 Pharisatos,
991 3524 1080 3592 qui
1121 3524 1439 3580 traditiones
1479 3541 1608 3581 suas
1653 3542 1747 3582 su-

165 3614 536 3683 perponebant
562 3613 665 3685 legi
695 3613 789 3667 Dei
819 3616 836 3685 (
862 3613 1052 3667 Matth.
1082 3630 1182 3679 xv,
1213 3613 1385 3668 Marc.
1415 3632 1485 3670 vn
1510 3616 1549 3685 ).

246 3722 263 3754 ι
297 3702 435 3770 Quid
471 3704 676 3758 facietis
712 3704 763 3758 in
799 3703 887 3759 die
921 3704 1245 3760 visitationis
1280 3709 1518 3778 vestrae?
1546 3726 1566 3759 ι
1608 3707 1748 3763 Con—
1793 3718 1802 3728 ‘

178 3796 323 3851 dolet
352 3798 614 3868 propheta
654 3797 871 3869 malitiis
906 3797 1091 3866 populi
1126 3799 1229 3852 sui.
1265 3798 1516 3855 Visitatio
1551 3801 1606 3854 itt
1645 3802 1749 3856 hoc

168 3892 293 3947 loco
332 3894 385 3947 in
426 3893 623 3947 malam
656 3901 864 3963 partem
900 3894 1164 3961 ponitur:
1197 3905 1253 3949 et
1282 3902 1440 3948 vocat
1476 3895 1745 3949 visitatio-

178 4000 299 4038 nem
326 3985 583 4040 ultionem
612 3994 667 4039 et
696 3986 987 4038 vindictam
1008 4024 1023 4049 ,
1052 4001 1213 4053 quam
1241 3985 1383 4041 Deus
1411 4001 1477 4040 ex
1511 3986 1615 4040 illis
1655 4003 1749 4041 ex-

175 4076 302 4145 egit,
344 4075 427 4130 vel
463 4076 562 4130 sub
600 4074 991 4140 Senuacherib,
1036 4076 1116 4128 vel
1141 4076 1306 4130 etiam
1343 4075 1442 4130 sub
1464 4075 1742 4129 Romanis.

176 4184 193 4216 t
227 4163 318 4219 Vat
343 4166 534 4220 Assur.
572 4185 591 4240 ξ
622 4166 737 4219 Vox
770 4165 864 4220 Dei
895 4166 962 4220 ad
993 4164 1360 4220 Settnaelterib
1400 4174 1454 4221 et
1491 4165 1745 4235 populum

171 4255 303 4325 ejus,
336 4254 460 4321 Vte,
505 4256 555 4311 id
585 4265 699 4321 est,
732 4256 980 4311 interitus
1010 4257 1254 4311 imntinet
1285 4257 1376 4311 tibi
1405 4258 1741 4326 perditionis.

172 4348 345 4414 Quare
390 4346 752 4429 comminatur
799 4346 941 4400 Deus
991 4346 1403 4401 Sennaclterib?
1453 4346 1584 4413 Quia
1622 4347 1749 4402 licet

174 4438 476 4507 permiserit
521 4438 579 4492 ei
617 4437 887 4492 debellare
933 4437 1116 4491 decem
1165 4436 1367 4509 tribus,
1418 4445 1593 4491 tamen
1639 4453 1747 4492 non

174 4530 422 4600 praecepit
459 4529 607 4587 eiut
641 4524 854 4598 penitus
891 4535 1199 4581 contereret
1238 4527 1399 4581 illos:
1443 4528 1534 4580 sed
1568 4526 1748 4597 flagel-

178 4622 306 4675 laret
333 4630 385 4676 et
412 4620 750 4675 conculcaret
780 4634 872 4674 eos
892 4659 907 4683 ,
937 4620 1076 4672 sicut
1102 4617 1269 4671 lutum
1302 4617 1624 4686 platearum.
1654 4618 1746 4672 llle

178 4727 372 4781 autem,
409 4716 581 4770 elatus
616 4715 670 4769 itt
706 4713 1032 4782 superbiant,
1069 4711 1274 4779 putavit
1321 4726 1377 4764 se
1423 4711 1525 4764 hoc
1568 4710 1747 4766 facere
1775 4683 1826 4741 D

179 4807 284 4861 suis
314 4806 515 4859 viribus
538 4786 597 4858 ει
617 4804 931 4858 fortitudine
958 4820 969 4855 ;
1001 4813 1055 4855 et
1082 4817 1185 4857 non
1213 4801 1386 4857 solum
1416 4800 1533 4855 illas
1561 4801 1747 4856 decem

182 4899 347 4953 tribus
380 4898 620 4966 captivas
646 4897 821 4959 duxit,
847 4896 940 4949 sed
967 4895 1130 4949 etiam
1174 4894 1464 4948 maximam
1505 4895 1750 4950 multitu-

181 4990 349 5044 dinem
377 5004 563 5044 eorum
593 4988 807 5043 delevit.
840 4986 1057 5059 Virgam
1087 5000 1265 5043 autent
1294 4996 1346 5042 et
1378 4988 1625 5044 baculum
1657 5005 1751 5044 vo-

181 5087 261 5133 cat
310 5079 484 5140 ill::m,
536 5079 661 5149 quia
709 5079 972 5149 percussit
1019 5085 1073 5132 et
1121 5077 1405 5149 ﬂagellavit
1454 5094 1552 5149 per
1598 5079 1752 5134 illum

183 5170 451 5225 duodecim
484 5171 674 5224 tribus.

251 5279 267 5311 ι
304 5259 551 5329 Nunquid
599 5278 703 5315 non
740 5261 1007 5331 principes
1040 5261 1146 5315 mei
1182 5275 1335 5330 reges
1389 5261 1551 5316 sunt?
1582 5281 1600 5313 ι
1634 5261 1747 5319 Hoc

185 5352 296 5407 ideo
343 5354 473 5408 dicit
524 5352 923 5420 Sennaclterib,
970 5353 1354 5424 quia—quando
1396 5354 1543 5407 venit
1583 5369 1747 5424 super

186 5444 357 5501 decem
412 5446 622 5509 tribus,
674 5446 870 5500 multos
914 5462 1064 5515 reges
1108 5447 1331 5501 adduxit
1374 5462 1555 5500 secum
1606 5462 1744 5517 quos

186 5536 290 5606 ipse
305 5538 417 5607 jam
448 5536 842 5609 subjugaverat.
874 5556 890 5587 ι
923 5538 1169 5607 Nunquid
1196 5553 1299 5594 non
1328 5546 1386 5593 ut
1409 5538 1741 5604 Carchamis.

186 5632 258 5687 sic
282 5641 406 5687 sunt
434 5634 533 5688 sub
563 5648 681 5686 mea
708 5638 974 5702 potestate
1003 5629 1321 5696 Chalamno,
1347 5640 1400 5685 et
1425 5630 1665 5701 Arphat,
1689 5640 1747 5687 et

186 5724 372 5782 Ernst?
408 5746 421 5775 ι
453 5725 570 5783 Vox
619 5724 892 5795 propheta:
944 5736 1008 5777 ex
1067 5736 1298 5791 persona
1353 5721 1742 5778 Sennacherib.

188 5817 376 5872 Taliter
404 5816 549 5873 enim
579 5815 927 5887 gloriabatur.
953 5812 1046 5869 Illa
1075 5813 1390 5871 Carchamis
1414 5823 1469 5871 et
1498 5815 1600 5872 illae
1627 5815 1745 5871 alite
1776 5871 1783 5879 ,

193 5910 308 5965 civit
326 5919 423 5966 .tes
455 5923 590 5976 quas
614 5905 979 5965 enumeravit.
1008 5908 1248 5977 gentium
1273 5907 1518 5965 civitates
1554 5914 1745 5976 erant,
1774 5980 1777 5985 ι

1852 2077 2084 2137 partem,
2100 2084 2260 2137 quam
2286 2069 2566 2124 tradiditei
2591 2068 2771 2124 Sohna
2785 2072 2961 2126 scriba
2981 2072 3030 2143 (ι
3048 2071 3085 2125 V
3102 2072 3227 2143 Reg.
3251 2073 3425 2147 xvut).

1930 2176 1947 2211 ι
1982 2158 2235 2227 Nunquid
2265 2174 2372 2213 non
2403 2167 2462 2213 ut
2488 2157 2595 2214 feci
2628 2158 2907 2226 Samariat,
2939 2162 3020 2217 sic
3047 2160 3242 2217 faciam
3271 2163 3430 2219 Jeru-

1850 2248 2063 2305 salem?
2096 2268 2114 2301 ι
2128 2249 2263 2314 ,Νοη
2295 2250 2370 2304 ita
2398 2251 2645 2321 permisit
2672 2251 2725 2307 ei
2754 2253 3013 2309 Dominus
3043 2254 3097 2311 iu
3124 2254 3426 2312 Jerusalem

1848 2350 2070 2412 propter
2099 2340 2409 2396 Ezechiam.

1925 2454 1942 2486 I
1973 2434 2043 2488 Et
2071 2434 2177 2487 erit
2195 2473 2211 2498 ,
2241 2448 2362 2488 cum
2390 2432 2738 2503 compleverit
2764 2433 3022 2489 Dominus
3046 2443 3241 2490 cuncta
3264 2449 3431 2505 opera

1845 2539 1964 2578 sua.
1999 2544 2017 2576 ι
2064 2521 2181 2576 Vox
2216 2524 2514 2593 prophetae.
2558 2540 2578 2574 ι
2618 2522 2886 2592 Visitabo,
2932 2543 2951 2576 ι
2992 2525 3046 2581 id
3080 2535 3166 2581 est
3200 2526 3431 2584 ulcich

1843 2622 1900 2669 et
1946 2613 2230 2668 vindicabo
2278 2628 2364 2668 me
2413 2613 2481 2668 de
2511 2611 2603 2668 illo
2632 2632 2651 2665 t
2684 2628 2848 2684 super
2893 2613 3165 2683 fructum,
3194 2634 3215 2670 ι
3248 2617 3302 2671 id
3346 2624 3435 2675 est

1845 2702 2007 2774 super
2043 2720 2208 2773 opera
2243 2704 2379 2775 ejus.

1923 2817 1940 2851 ι
1973 2797 2209 2852 Abstulit
2238 2796 2504 2852 terminos
2532 2796 2874 2867 populorum.
2908 2816 2928 2850 ι
2956 2797 3077 2868 ipse
3110 2799 3254 2854 enim
3295 2798 3431 2855 Sen-

1844 2892 2105 2947 nacherib
2155 2890 2322 2946 multa
2374 2905 2539 2959 regna
2591 2892 3032 2961 comprehendit,
3072 2901 3128 2948 et
3165 2876 3433 2949 conclusit

1843 2984 1943 3038 sub
1971 2999 2078 3037 uno
2111 2981 2370 3041 term‘ino,
2404 2980 2457 3035 id
2486 2988 2603 3046 est,
2635 2981 2735 3036 sub
2763 2996 2867 3036 una
2898 2990 3182 3050 poteSIate.
3220 3001 3237 3034 ε
3270 2983 3419 3039 love.

1843 3073 1925 3127 nit
1961 3071 2114 3142 quasi
2154 3071 2337 3125 nidum
2378 3070 2570 3125 manus
2609 3070 2750 3125 mea.
2784 3065 2802 3121 ι
2837 3070 2988 3125 Sicut
3019 3074 3314 3126 destruttnr
3344 3073 3427 3126 ni-

1843 3165 1944 3219 dus
1993 3178 2101 3232 quo
2154 3163 2413 3217 recedunt
2465 3159 2634 3229 pulli,
2697 3160 2767 3215 ab
2822 3148 2927 3216 illo
2969 3176 3001 3215 a
3052 3176 3160 3231 quo
3206 3161 3420 3217 inveni-

1847 3264 1967 3319 tur,
2005 3254 2084 3308 sic
2114 3252 2380 3308 destruxit
2410 3251 2498 3305 ille
2525 3252 2707 3306 omnia
2738 3266 2925 3321 regna.
2958 3252 3025 3306 Et
3054 3253 3426 3322 tuetapltorice

1772 3339 1818 3401 C
1848 3345 2110 3414 loquitur,
2139 3354 2193 3399 et
2224 3345 2374 3399 dicit.
2405 3362 2425 3396 ι
2453 3344 2520 3399 Ει
2547 3346 2685 3398 sicut
2723 3344 3047 3411 colliguntur
3086 3360 3296 3414 ovaque
3334 3348 3426 3401 de-

1848 3435 2042 3489 relicta
2070 3442 2196 3488 sunt
2227 3434 2295 3488 ab
2327 3433 2535 3487 avibus.
2572 3451 2591 3482 ι
2625 3432 2991 3503 Metaphoram
3021 3445 3219 3487 set-vat.
3259 3433 3431 3490 Sicuti

1846 3541 1945 3596 per
1971 3526 2154 3580 nidum
2186 3540 2385 3596 regna,
2415 3525 2490 3578 ita
2520 3524 2683 3578 etiam
2713 3538 2810 3592 per
2838 3538 2940 3578 ova
2967 3524 3266 3594 intelligere
3293 3540 3419 3594 pos—

1848 3631 2035 3671 sumus
2073 3616 2405 3670 habitatores
2444 3631 2753 3686 regnorunt.
2808 3615 3036 3680 Quidam
3082 3617 3295 3671 codices
3330 3617 3429 3673 ha-

1847 3705 1977 3759 bent
2003 3720 2167 3770 uvas,
2199 3706 2293 3760 sed
2324 3704 2458 3759 falso
2486 3705 2743 3773 scriptum
2775 3713 2878 3758 est.
2906 3702 3040 3770 Quia
3071 3708 3211 3759 enim
3242 3706 3430 3776 primi-

1852 3804 1938 3853 tus
1969 3796 2107 3851 dixit
2134 3797 2201 3852 de
2230 3778 2388 3864 nido,
2422 3795 2503 3853 sic
2522 3804 2652 3867 post
2681 3796 2747 3851 de
2774 3796 2912 3851 ovis.
2935 3795 3004 3851 Et
3032 3812 3138 3851 vox
3166 3807 3251 3853 est
3281 3799 3422 3853 Sen-

1849 3888 2129 3943 naclterib.

1926 4000 1944 4033 ι
1978 3982 2045 4037 Ει
2087 3997 2195 4037 non
2241 3980 2376 4047 fuit,
2422 3980 2517 4052 qui
2562 3988 2805 4036 moveret
2848 3996 3119 4050 pennam,
3156 4000 3176 4033 ι
3208 3980 3261 4036 id
3311 3986 3447 4049 est,

1847 4075 1939 4144 qui
1975 4075 2200 4128 auderet
2239 4089 2457 4127 manum
2491 4081 2685 4128 contra
2725 4089 2810 4127 me
2844 4074 3055 4144 erigere
3077 4111 3094 4141 ,
3118 4091 3145 4139 1t
3179 4080 3235 4128 et
3282 4088 3420 4144 gan-

1847 4164 2006 4218 niret.
2037 4182 2058 4215 ι
2086 4162 2323 4218 Gannire
2353 4164 2570 4234 proprie
2597 4164 2776 4219 avium
2803 4172 2887 4219 est
2906 4203 2922 4230 ,
2947 4171 3005 4218 et
3032 4163 3212 4233 posuit
3239 4177 3340 4232 pro
3359 4176 3426 4218 eo

1849 4258 1990 4324 quod
2028 4263 2111 4309 est
2146 4256 2364 4308 molire.

1924 4362 1942 4396 ι
1987 4344 2241 4415 Nunquid
2280 4344 2600 4414 gloriabitur
2636 4346 2886 4401 securis?
2928 4365 2946 4397 ι
2985 4346 3099 4401 Vox
3148 4345 3422 4416 pmphetae

1849 4439 1916 4493 de
1939 4437 2326 4493 Sennaclterib.
2356 4438 2423 4492 Et
2448 4445 2531 4492 est
2553 4420 2742 4503 sensus
2765 4454 2779 4490 :
2806 4436 3174 4493 Sennacberib
3196 4452 3430 4508 namque

1851 4530 2108 4585 ultionem
2146 4545 2307 4599 quam
2349 4528 2476 4585 fecit
2509 4544 2670 4599 super
2706 4530 2894 4585 decem
2936 4530 3104 4584 tribus
3128 4571 3143 4595 ,
3186 4546 3289 4584 non
3332 4529 3428 4585 Dei

1850 4621 2112 4676 voluntati
2141 4623 2430 4691 reputavit,
2459 4622 2553 4677 sed
2582 4637 2691 4677 sua:
2719 4621 3040 4677 fortitudini.
3065 4622 3132 4677 Et
3157 4622 3353 4676 dicitur
3375 4621 3426 4677 ei

1850 4730 1879 4766 a
1916 4715 2180 4784 propheta
2211 4732 2224 4766 :
2267 4711 2325 4768 Si
2364 4714 2604 4780 securis,
2636 4722 2730 4768 aut
2765 4728 2948 4778 serra,
2985 4713 3068 4768 vel
3106 4713 3289 4784 virga,
3330 4720 3447 4768 aut-

1849 4805 2013 4858 etiam
2050 4804 2378 4874 baculusque
2426 4804 2633 4875 lignum
2676 4814 2790 4869 est,
2829 4804 3109 4875 erigantur
3147 4805 3197 4859 in
3235 4821 3425 4875 super-

1849 4896 1991 4950 biam
2025 4907 2078 4950 et
2103 4898 2328 4951 dicant:
2365 4896 2478 4950 Hoc
2530 4897 2675 4965 quod
2712 4895 2972 4961 factmus,
3003 4904 3187 4950 nostri
3225 4896 3429 4951 virtute

1850 4996 1906 5041 et
1942 4988 2240 5057 sagacitate
2269 4987 2643 5057 adimplemus.
2678 4986 2769 5041 Sic
2797 4988 3009 5042 dicebat
3037 4986 3424 5041 Settnacberib.

1854 5075 2008 5131 Sicut
2042 5092 2108 5131 ea
2147 5092 2267 5145 qua:
2302 5091 2462 5145 supra
2498 5075 2733 5131 diximus
2773 5084 3046 5145 nequeunt
3082 5073 3333 5144 operari,
3366 5082 3432 5147 et

1854 5166 2055 5237 aliquid
2083 5166 2304 5236 implere
2329 5182 2425 5236 per
2450 5182 2539 5231 se,
2570 5168 2615 5221 si
2643 5182 2748 5222 non
2775 5166 2936 5221 fuerit
2962 5164 3053 5233 qui
3093 5164 3148 5218 itt
3184 5164 3266 5219 eis
3293 5177 3421 5235 ope-

1852 5268 2003 5315 retur
2028 5276 2041 5312 :
2071 5258 2149 5314 sic
2186 5257 2586 5323 Sennacherib,
2617 5259 2720 5313 ltoc
2748 5272 2815 5327 qu
2844 5257 2888 5309 -d
2917 5254 3043 5308 fecit
3070 5269 3175 5309 non
3203 5252 3421 5325 imples-

1851 5360 1951 5416 εει,
1971 5350 2073 5405 nisi
2102 5350 2327 5405 Domino
2355 5350 2700 5420 permittente
2725 5356 2946 5418 propter
2971 5353 3192 5416 peccata
3219 5344 3420 5415 populi.

1927 5463 1946 5496 ι
1978 5444 2270 5512 Propterea
2300 5444 2478 5498 mittet
2502 5441 2760 5496 Dominus
2796 5440 2851 5493 in
2874 5437 3177 5510 pinguibus
3199 5435 3315 5506 ejus
3342 5444 3422 5490 te-

1850 5537 2143 5595 nuitatem,
2164 5555 2184 5588 ι
2212 5534 2319 5590 Per
2346 5536 2601 5605 pingues,
2639 5531 2896 5585 debemus
2933 5528 3232 5601 intelligere
3261 5528 3424 5582 duces

1812 5705 1816 5711 ,
1851 5648 1916 5688 ac
1950 5634 2224 5704 principes
2269 5641 2326 5688 et
2363 5632 2531 5687 fortes
2584 5627 2911 5690 bellatores,
2951 5640 3088 5694 quos
3124 5621 3427 5677 attenuavit

1850 5726 2138 5794 Dominus,
2177 5724 2391 5796 quando
2436 5722 2580 5776 misit
2636 5719 2884 5790 angelum
2936 5732 3092 5771 suum
3122 5716 3140 5787 (
3166 5715 3308 5771 sicut
3366 5713 3426 5771 in

1850 5817 2300 5888 subsequentibus
2354 5810 2694 5881 videbimus)
2734 5809 2826 5882 qui
2884 5807 3157 5864 interfecit
3210 5821 3277 5862 ex
3345 5804 3426 5864 eis

1851 5917 2067 5967 centum
2092 5907 2366 5980 octoginta
2394 5904 2630 5977 quinque
2660 5902 2827 5958 millia
2855 5899 2969 5975 (IV
2998 5899 3123 5972 Reg.
3155 5916 3244 5955 xtx
3270 5896 3313 5972 ).

1977 6072 2007 6084 Α,
2043 6078 2047 6082 .
