3918 6510
502 502 609 558 775

963 481 1832 553 HAYMONlS-HALBERSTAT.
1873 476 2084 537 EPlSC.
2125 473 2278 534 OPP.
2318 469 2500 529 PARS
2533 469 2576 525 l.
2613 496 2683 509 --
2713 461 3072 524 COMMENT.
3110 459 3279 516 BIBL.
3694 459 3781 512 776

570 633 590 666 ι
621 612 692 670 Et
725 609 919 668 subtus
953 609 1125 682 gloria
1159 607 1276 678 ejus
1316 618 1578 663 succensa
1595 643 1610 671 ,
1660 599 1874 658 ardebit
1914 595 2070 668 quasi
2096 595 2150 658 Α
2173 591 2292 664 Ipse
2317 597 2500 647 autem
2530 602 2641 644 non
2665 583 3060 682 liberavit-eos,
3235 574 3540 682 Dominus
3573 583 3782 682 propter

495 667 800 762 combustio
825 667 987 775 ignis:
1020 721 1039 754 ι
1070 667 1213 757 υἱοἰὶ
1237 701 1430 756 beatus
1453 667 1816 767 Hieronymus
1837 691 2072 763 quodam
2173 697 2393 750 servum
2441 694 2612 775 suum
2671 674 2860 775 David.
2882 673 3078 775 Pun-1.
3111 677 3293 727 autem
3328 667 3469 774 .ille
3495 758 3518 775 ι
3542 675 3775 775 mortuus

496 801 616 857 loco
645 817 661 856 :
694 799 832 868 Quia
861 795 1080 869 quando
1106 793 1381 852 exercitus
1420 791 1563 847 illius
1600 786 1916 845 interfectus
1950 793 2071 851 est,

496 891 680 948 omnia
716 904 945 960 corpora
976 895 1169 944 exusta
1203 893 1332 940 sunt
1367 885 1437 940 ab
1475 883 1598 955 igne
1632 879 1839 937 cmlesti
1867 897 1882 933 :
1914 876 2078 934 vesti-

499 991 683 1038 menta
711 989 891 1037 autem
919 978 1086 1035 illaesa
1109 983 1544 1050 permanserunt.
1583 974 1653 1029 Et
1683 972 1959 1028 venientes
1983 968 2078 1026 Ju-

499 1074 601 1130 daei
644 1071 978 1142 accipiebant
1012 1069 1379 1126 summitatem
1411 1066 1610 1132 vestis,
1639 1073 1696 1121 et
1733 1062 2081 1119 excutiebant

498 1163 776 1235 pulverem
801 1175 1124 1232 corporum,
1151 1174 1271 1231 qua:
1318 1159 1372 1214 in
1422 1157 1647 1230 pulvere
1674 1155 1896 1210 redacta
1933 1161 2076 1210 sunt.

498 1254 790 1325 Pmpterea
838 1266 969 1322 ergo
995 1251 1128 1308 dicit
1165 1265 1180 1304 :
1225 1249 1396 1322 gloria
1439 1247 1557 1318 ejus
1600 1262 1829 1304 accensa
1875 1245 2086 1302 ardebit

499 1345 654 1415 quasi
690 1342 993 1400 combustio
1031 1341 1172 1414 ignis
1199 1358 1213 1394 :
1244 1341 1312 1396 Et
1339 1355 1569 1397 accensa
1601 1338 1813 1394 ardebit
1848 1337 2040 1393 subtus
2065 1375 2081 1402 ,

501 1436 557 1493 id
576 1445 690 1503 est,
714 1435 815 1492 sub
835 1434 1197 1492 vestimentis.
1222 1431 1461 1488 Gloriam
1484 1439 1667 1487 autem
1691 1429 1924 1502 appellat
1950 1427 2086 1483 mul-

504 1527 791 1584 titudinem
810 1527 1100 1583 exercitus.
1126 1525 1263 1593 Quia
1293 1523 1582 1580 multitudo
1602 1521 1786 1594 populi
1811 1520 1981 1592 gloria
2006 1534 2086 1576 re-

506 1619 588 1689 gis
615 1629 700 1676 est
727 1618 923 1691 (Prov.
955 1632 1044 1673 xw
1057 1616 1098 1689 ).

583 1725 604 1760 ι
648 1708 717 1762 Ει
749 1708 854 1762 crit
889 1707 1073 1762 lumen
1099 1705 1266 1763 Israel
1294 1707 1351 1761 in
1379 1705 1524 1776 igne.
1563 1723 1581 1757 ›
1617 1703 1824 1759 Lumen
1854 1701 2088 1774 appellat

2173 777 2391 844 fuisset,
2425 774 2674 844 filiusque
2719 768 2835 839 ejus
2882 765 3145 822 Ezechias
3190 761 3345 842 regni
3407 758 3774 832 gubernacula

2176 868 2428 939 cepisset,
2455 863 2640 922 omnia
2681 859 2975 918 simulacra
2999 871 3121 927 quae
3145 862 3305 911 erant
3336 853 3400 908 in
3436 849 3769 913 Hierusalem

2177 958 2464 1029 confregit,
2491 952 2859 1027 populumque
2889 948 2986 1004 Dei
3037 962 3199 1018 quem
3220 953 3386 1016 pater
3419 940 3561 1011 ejus
3589 941 3660 995 ad
3683 943 3769 996 cal-

2177 1062 2291 1106 tum
2330 1048 2572 1120 gentium
2606 1050 2868 1110 verterat,
2908 1042 3024 1112 ipse
3059 1040 3126 1095 ad
3168 1038 3266 1094 Dei
3299 1036 3546 1094 cultum
3577 1050 3764 1092 revoca-

2177 1143 2276 1197 vit.
2301 1139 2437 1195 Nam
2466 1153 2564 1208 per
2591 1149 2782 1191 omnes
2801 1131 3027 1205 angulos
3053 1130 3386 1202 platearum,
3427 1136 3494 1181 et
3517 1141 3679 1196 super
3698 1128 3762 1180 de

2181 1248 2300 1290 mos
2326 1239 2381 1286 et
2406 1231 2462 1286 in
2487 1228 2802 1286 nemoribus
2823 1235 2881 1283 et
2904 1226 2960 1281 in
2983 1224 3142 1291 lucis,
3181 1223 3296 1294 ipse
3325 1219 3599 1293 perﬁdus
3613 1220 3756 1274 Achar

2181 1323 2324 1380 idola
2367 1322 2702 1377 diversorum
2739 1332 2998 1390 generum
3041 1315 3421 1371 constituerat
3446 1326 3466 1365 :
3491 1326 3616 1381 qua:
3650 1310 3753 1363 filias

2182 1414 2298 1485 ejus
2333 1413 2596 1470 Ezechias
2628 1409 2811 1469 omnia
2843 1408 3154 1465 minutatim
3176 1404 3497 1475 confregit,
3528 1401 3650 1456 etin
3667 1402 3750 1470 put

2183 1519 2369 1560 verem
2389 1502 2615 1575 redegit.
2639 1500 2756 1557 Hoc
2779 1499 3005 1555 audiens
3028 1496 3446 1560 Sennacherib.
3468 1493 3746 1562 spiritum-

2185 1595 2448 1667 lignitatis
2481 1607 2796 1661 succensus,
2821 1600 3112 1665 postquam
3136 1588 3335 1645 habuit
3379 1585 3566 1656 Syros
3587 1592 3638 1640 et
3656 1582 3744 1637 Phi-

2186 1690 2406 1756 listaeos,
2427 1697 2484 1744 et
2497 1688 2686 1745 decem
2709 1688 2882 1744 tribus
2902 1683 3318 1756 depraedationis
3340 1693 3533 1736 onere
3553 1679 3737 1747 captiva-

509 1799 787 1870 angelum,
827 1799 918 1871 qui
955 1797 1234 1856 succendit
1269 1775 1419 1854 illos.
1469 1815 1487 1849 ‹
1520 1798 1588 1853 Et
1624 1805 1844 1852 sanctus
1876 1792 1993 1863 ejus
2033 1793 2088 1848 in
2188 1795 2273 1841 las
2299 1786 2449 1841 venit
2471 1785 2540 1840 ab
2560 1783 2797 1856 Egypto
2825 1797 2950 1839 cum
2988 1777 3383 1837 innumerabili
3418 1775 3732 1871 multitudine

509 1867 745 1947 flamma.
783 1912 800 1945 ι
830 1867 1036 1950 Lumen
1066 1902 1122 1949 et
1149 1902 1372 1949 sanctus
1405 1908 1574 1947 unum
1612 1901 1730 1957 est,
1767 1891 1860 1960 qui
1896 1889 1997 1943 fuit
2034 1887 2087 1943 in
2191 1878 2417 1933 tendens
2443 1876 2546 1932 ίιθι·
2572 1876 2641 1930 ad
2676 1873 3014 1932 Hierusalem
3041 1873 3098 1928 in
3143 1872 3456 1928 ἀίΐεοιυω·
3485 1867 3611 1960 ἶθωί
3633 1870 3726 1922 επιίῦ

510 1982 634 2055 igne
683 1994 736 2040 et
784 1983 1001 2040 ﬂamma
1044 1985 1316 2057 Assyriis,
1373 2000 1510 2055 quos
1553 1999 1742 2040 omnes
1795 1981 2087 2038 combussit

2191 1969 2362 2024 altera
2389 1969 2509 2024 vice
2528 1976 2836 2024 vastaverat
2879 1965 3128 2022 civitates
3157 1962 3329 2029 ludat,
3367 1971 3576 2032 praeter
3599 1959 3729 2014 Hien-

510 2073 653 2146 igue.
693 2075 900 2132 Lumen
927 2064 1152 2142 “autem,
1185 2077 1241 2132 id
1269 2086 1352 2132 est
1391 2076 1672 2146 angelum,
1713 2075 1878 2130 Israel
1915 2074 2085 2129 dicit:

512 2166 640 2234 quia
669 2166 958 2236 unicuique
989 2166 1136 2236 genti
1165 2182 1196 2220 a
1226 2166 1337 2221 Deo
1375 2166 1583 2237 legatus
1621 2175 1708 2222 est
1742 2165 1983 2236 angelus.
2024 2165 2093 2218 Et

513 2255 699 2310 dicunt
720 2254 931 2310 Hebraei
952 2295 968 2322 ,
989 2257 1132 2326 quod
1153 2256 1375 2312 Michael
1400 2257 1757 2328 archangelus
1783 2257 1976 2322 fuerit,
2003 2257 2092 2312 cui

513 2345 802 2401 commissa
827 2355 945 2402 erat
968 2346 1057 2401 illa
1085 2362 1216 2418 gens
1241 2347 1538 2404 Israelitica
1558 2389 1572 2414 ,
1603 2350 1742 2404 sicut
1779 2349 1834 2404 in
1873 2349 2094 2404 Daniele

520 2433 768 2504 legimus.
804 2452 822 2486 ‹
856 2435 1217 2491 Devorabitur
1262 2438 1416 2508 spina
1447 2437 1596 2507 ejus,
1630 2458 1648 2489 ι
1693 2438 1748 2494 id
1773 2447 1875 2503 est,
1922 2439 2094 2509 gloria

513 2523 630 2592 ejus
673 2535 728 2581 et
771 2525 1003 2594 divitiae,
1040 2547 1056 2578 ‹
1091 2535 1146 2582 et
1190 2543 1384 2598 vepres
1419 2549 1437 2581 ι
1469 2529 1633 2584 etiam
1683 2537 2090 2584 consumentur.

511 2613 569 2670 Id
596 2623 682 2671 est
706 2615 1050 2686 iniquitates,
1080 2625 1136 2673 et
1159 2628 1381 2688 peccata
1409 2619 1814 2689 apprehendent
1837 2633 1981 2674 eum.

589 2725 607 2759 ι
636 2707 696 2763 In
721 2724 829 2763 una
853 2709 959 2764 die.
987 2709 1172 2765 Gloria
1196 2711 1368 2767 saltus
1405 2710 1522 2780 ejus
1559 2720 1614 2766 et
1639 2711 1861 2766 carmeli
1901 2711 2037 2781 ejus.
2069 2730 2087 2763 ι

512 2795 752 2854 Gloriam
775 2799 1008 2869 appellat
1032 2799 1426 2857 multitudinem
1448 2801 1787 2873 populorum.
1815 2801 2095 2879 Carmelus

515 2904 673 2944 mons
711 2905 937 2961 magnus
976 2900 1092 2958 est,
1124 2893 1331 2949 habens
1361 2893 1762 2950 multitudinem
1802 2893 2090 2964 lignorum.

513 2979 580 3035 Et
605 2989 690 3036 est
713 2996 903 3038 sensus
929 2999 944 3036 :
972 2983 1257 3040 Exercitus
1295 2993 1449 3051 tuus,
1473 2986 1566 3055 qui
1588 2994 1771 3040 tantus
1797 2994 1880 3041 est
1897 3026 1910 3052 ,
1936 2986 2095 3041 sicuti

516 3073 742 3129 arbores
770 3074 825 3128 in
851 3074 1016 3145 sylvis
1041 3076 1174 3130 etin
1212 3085 1396 3131 monte
1417 3076 1681 3142 Carmeli,
1711 3077 1910 3148 peribit
1947 3086 2004 3132 et
2040 3077 2095 3132 in

519 3177 752 3234 corpore
785 3173 841 3218 et
873 3164 928 3218 in
968 3165 1166 3220 anima.
1216 3182 1234 3216 ι
1276 3165 1343 3220 Et
1375 3166 1480 3221 erit
1518 3174 1726 3221 terrore
1758 3164 2037 3237 profugus.
2071 3184 2091 3218 ι

516 3253 651 3309 Cum
679 3253 1008 3309 surrexisset
1032 3270 1189 3310 mane
1218 3254 1618 3323 Seunacherib,
1643 3265 1699 3312 et
1725 3257 1948 3312 vidisset
1972 3273 2094 3313 om-

2191 2061 2378 2117 salem.
2437 2060 2729 2130 Propterea
2767 2059 3016 2130 dirigitur
3057 2071 3240 2114 sermo
3308 2054 3650 2127 propheticis
3681 2055 3720 2105 ad

2191 2151 2326 2206 duas
2347 2151 2540 2219 tribus,
2571 2166 2692 2222 quae
2719 2159 2880 2206 antea
2917 2164 3068 2221 spem
3093 2156 3409 2220 posuerant
3434 2161 3589 2217 super
3608 2143 3721 2214 Ea-

2189 2246 2333 2315 ptios
2355 2251 2410 2300 et
2436 2245 2710 2316 Assyrios,
2732 2244 2824 2315 qui
2846 2258 2941 2300 eos
2966 2258 3106 2314 saepe
3131 2242 3523 2314 percutiebant
3548 2259 3559 2294 :
3587 2250 3710 2294 σιω

2192 2335 2334 2390 ultra
2360 2336 2664 2391 innitantur
2689 2348 2852 2405 super
2871 2347 2983 2400 eos,
3011 2333 3105 2389 sed
3131 2333 3187 2388 in
3216 2331 3466 2416 Domino
3488 2330 3584 2392 Deo
3601 2325 3707 2383 lsne’

2195 2444 2345 2500 spem
2374 2437 2600 2500 ponant.
2645 2446 2664 2480 ‹
2696 2427 2757 2482 In
2784 2428 3034 2494 veritate,
3064 2447 3083 2480 ι
3121 2441 3229 2482 non
3260 2425 3427 2491 ﬁcta,
3463 2419 3691 2492 necéyﬁa'

2194 2521 2378 2587 corde,
2414 2521 2510 2576 sed
2535 2528 2650 2577 toto
2693 2519 2892 2575 mentis
2927 2519 3124 2576 aﬁ'ectu
3160 2538 3180 2571 ‹
3207 2519 3471 2589 reliquiae
3493 2538 3511 2570 ι
3537 2531 3612 2586 φτ
3629 2528 3685 2568 n-

2194 2619 2547 2677 manserunt,
2609 2619 2665 2665 et
2731 2625 2866 2680 quas
2918 2609 3178 2665 Dominus
3227 2610 3467 2665 sabaoth
3504 2604 3692 2680 flihemit

2271 2721 2289 2752 ‹
2323 2702 2721 2758 Convertentur
2763 2704 2831 2758 ad
2868 2701 3040 2757 illum.
3070 2700 3129 2755 Si
3163 2700 3314 2756 enim
3349 2699 3512 2756 fuerit
3546 2695 3704 2768 populus

2195 2804 2319 2851 tuus
2363 2794 2546 2850 Israel.
2578 2814 2598 2847 ι
2655 2792 2770 2849 Hoc
2813 2793 2882 2848 ad
2923 2793 3212 2865 adventum
3267 2791 3473 2848 Christi
3519 2788 3701 2861 pertinet

2197 2885 2314 2942 Vox
2344 2887 2641 2956 prophetae.
2672 2884 2717 2941 Ο
2740 2885 2929 2940 domus
2956 2883 3140 2950 Israel,
3168 2883 3298 2940 licet
3322 2893 3468 2939 tanta
3491 2879 3704 2937 multitudo

2197 2979 2268 3034 sit
2288 2979 2341 3032 in
2375 2978 2554 3033 medio
2583 2977 2662 3032 tui
2691 2977 2847 3048 quasi
2874 2992 3041 3033 arena
3069 2977 3239 3032 maris
3266 2994 3278 3031 :
3305 2987 3480 3032 tamen
3515 2975 3572 3030 ad
3595 2986 3701 3030 com-

2196 3070 2531 3141 parationem
2574 3069 2814 3136 illorum,
2841 3069 3104 3139 quidquid
3147 3069 3202 3124 in
3243 3069 3437 3124 duritia
3465 3067 3612 3123 cordis
3641 3080 3700 3119 re-

2198 3163 2458 3231 manebit,
2499 3163 2820 3218 adveniente
2846 3153 3081 3218 Christo
3118 3162 3176 3216 in
3222 3177 3401 3226 carne,
3443 3159 3570 3230 quasi
3603 3155 3699 3211 reli-

2200 3254 2341 3325 quiae
2363 3262 2750 3310 convertentur
2774 3268 2840 3309 ex
2871 3253 3003 3324 ipsis
3044 3253 3114 3308 ad
3141 3253 3314 3324 ipsum
3354 3252 3490 3323 (Rm.
3517 3267 3575 3313 ιι,
3603 3251 3681 3316 rt).

517 3362 640 3402 nem
676 3346 974 3402 exercitum
999 3363 1156 3402 suum
1183 3348 1521 3404 combustum
1548 3349 1658 3420 igni
1688 3368 1700 3403 :
1744 3349 1936 3405 timore
1973 3365 2098 3421 per-
2124 3325 2174 3392 α
2203 3347 2333 3414 Quae
2360 3346 2580 3402 fuerunt
2607 3347 2727 3403 istae
2740 3345 3015 3427 reliquiae?
3042 3346 3298 3416 Apostoli,
3318 3355 3364 3400 et
3384 3344 3459 3398 alii
3478 3342 3549 3412 qui
3573 3346 3673 3392 ante

519 3440 763 3506 territus,
799 3439 938 3513 fugit
960 3442 1016 3497 in
1045 3451 1245 3497 terram
1284 3458 1459 3498 suam.
1487 3442 1570 3513 {Et
1597 3459 1721 3498 cum
1752 3443 2007 3499 adoraret
2043 3445 2099 3500 in
2203 3441 2576 3497 ascensionem
2602 3440 2817 3496 Domini
2860 3439 3207 3495 crediderunt
3251 3455 3312 3495 er
3335 3433 3593 3492 ludaisJBt
3618 3429 3683 3485 illi

520 3531 724 3602 templo
750 3529 989 3588 Nesrach
1029 3532 1186 3588 deum
1227 3549 1413 3604 suum,
1453 3533 1551 3588 ﬁlii
1589 3534 1674 3590 sui
1712 3533 2102 3591 interfecerunt
2201 3534 2268 3589 de
2308 3535 2503 3603 quibus
2540 3532 2738 3604 legitur
2783 3532 2839 3586 in
2875 3531 3102 3588 Actibus
3152 3530 3526 3603 apostolorum:
3553 3523 3695 3590 ιξὶιιὶλ

520 3635 644 3676 eum
688 3620 812 3692 (ιν
844 3622 971 3694 Reg.
1002 3639 1095 3678 nx
1117 3622 1158 3694 ).

596 3729 616 3762 σ
647 3709 716 3765 Et
748 3725 882 3782 puer
919 3712 1110 3768 scribit
1133 3729 1256 3781 eos,
1290 3734 1308 3767 ι
1342 3714 1396 3770 id
1420 3724 1539 3784 est,
1577 3731 1808 3786 quorum
1846 3726 1970 3773 ante
2007 3718 2100 3774 ad-

2198 3625 2528 3697 praedicante
2553 3624 2715 3680 Petro
2736 3608 3082 3679 crediderunt
3104 3640 3210 3679 una
3233 3624 3320 3679 die
3347 3623 3447 3678 tria
3470 3618 3623 3682 millia,
3639 3614 3694 3669 al-

2202 3725 2314 3772 tera
2341 3717 2427 3772 die
2452 3717 2688 3788 quinque
2713 3715 2883 3771 millia
2913 3716 3052 3787 (Act.
3082 3733 3148 3783 II,
3189 3715 3289 3790 tv).
3322 3736 3340 3770 ο
3379 3735 3397 3769 ι
3425 3714 3698 3770 Consumma-

519 3803 749 3859 duxerat
775 3805 982 3862 tantam
1007 3806 1406 3863 multitudinem
1434 3810 1576 3865 sicut
1602 3826 1822 3867 arenam
1861 3827 1982 3882 quae
2019 3821 2102 3866 est
2199 3808 2306 3875 tio,
2356 3829 2374 3859 ι
2418 3809 2473 3863 id
2516 3817 2598 3864 est
2634 3806 2895 3880 perfectio
2935 3808 3050 3864 sive
3091 3807 3382 3878 completio
3418 3826 3439 3860 ι
3467 3801 3696 3861 abbreviata

519 3893 575 3950 in
612 3896 796 3952 littore
832 3898 1000 3954 maris
1021 3939 1036 3966 ,
1061 3907 1117 3955 et
1141 3899 1282 3955 sicut
1317 3901 1542 3957 arbores
1565 3917 1684 3972 qua:
1720 3910 1848 3957 sunt
1887 3903 1939 3956 in
1977 3917 2096 3957 ma-

517 3986 664 4044 ximo
709 3988 878 4056 saltu,
934 4006 966 4044 a
1013 4005 1180 4061 puero
1229 3991 1462 4061 parvulo'
1501 4001 1755 4063 poterunt
1799 3994 2095 4049 numerari.

518 4074 675 4142 Q'uod
727 4078 803 4132 ita
845 4077 1049 4134 factum
1097 4089 1198 4134 est.
1246 4078 1366 4135 Non
1413 4089 1790 4136 remanserunt
1835 4082 1981 4136 enim
2030 4097 2097 4138 ex

518 4168 667 4222 omni
693 4168 782 4222 illa
803 4168 1147 4225 multitudine
1174 4169 1277 4225 nisi
1297 4169 1486 4225 decem
1507 4171 1608 4226 viri
1631 4172 1722 4242 qui
1746 4173 1952 4243 pariter
1972 4187 2096 4229 cum

518 4254 612 4311 illo
636 4254 763 4326 fuga
791 4256 928 4328 lapsi
959 4265 1104 4313 sunt.

595 4365 614 4398 ι
642 4347 711 4402 Ει
745 4347 849 4403 erit
876 4347 932 4403 in
960 4348 1046 4406 die
1081 4348 1191 4404 illa.
1223 4369 1241 4402 ι
1272 4351 1426 4408 Diem
1474 4352 1660 4425 accipe
1688 4368 1789 4424 pro
1828 4361 2090 4425 tempore.

526 4457 543 4490 ι
576 4436 693 4492 Νοη
739 4437 954 4507 adjiciet
995 4442 1270 4498 residuum
1315 4443 1500 4500 Israel.
1537 4465 1556 4498 ι
1599 4444 1896 4501 Residuum
1930 4445 2095 4503 Israel

520 4540 680 4588 vocat
717 4531 836 4588 illos
877 4534 970 4604 qui
1012 4544 1393 4592 remanserunt
1425 4553 1492 4593 ex
1537 4537 1643 4594 illis
1683 4538 1892 4594 duabus
1923 4540 2094 4595 tribu-

515 4623 638 4687 bus,
669 4624 761 4693 qui
785 4638 892 4679 non
914 4627 1199 4696 suntcapti
1223 4642 1254 4682 a
1289 4626 1679 4683 Sennacherib.
1707 4627 1906 4685 Omnes
1947 4629 2089 4684 enim

517 4714 766 4769 civitates
804 4715 1038 4770 munitas
1064 4713 1216 4772 Iuda:
1239 4728 1294 4773 et
1332 4716 1612 4787 Benjamin
1657 4719 1831 4788 cepit,
1867 4728 1923 4775 et
1964 4736 2091 4791 par—

517 4812 628 4859 tem
651 4804 814 4859 etiam
837 4803 1144 4861 inferiorem
1164 4807 1231 4862 de
1251 4808 1608 4875 Hierusalem,
1638 4809 1890 4864 tradente
1912 4808 2092 4866 Sobna

516 4891 696 4950 scriba
734 4908 845 4965 prae
878 4894 1092 4952 timore.
1119 4896 1272 4964 Quod
1299 4908 1482 4955 autem
1520 4899 1652 4954 dicit
1678 4920 1696 4950 ‹
1733 4899 1826 4970 qui
1860 4899 2094 4970 fugerint

514 4983 721 5044 Iacob:
756 5007 775 5042 ι
807 4989 874 5044 ad
904 4989 1008 5045 hoc
1053 4991 1292 5062 respicit,
1323 4992 1448 5063 quia
1483 5007 1606 5048 cum
1658 4991 1764 5046 illae
1802 5007 1990 5048 omnes
2018 4994 2094 5050 ci-

514 5083 711 5140 vitates
737 5083 888 5142 Judze
907 5085 1382 5158 depopularentur,
1412 5100 1604 5143 omnes
1629 5085 1722 5156 qui
1747 5084 1884 5156 fugae
1904 5086 2093 5156 prasi-

481 5226 484 5230 λ
515 5175 666 5232 dium
706 5191 899 5248 capere
925 5186 1218 5249 potuerunt
1250 5177 1305 5233 in
1341 5177 1676 5234 Hierusalem
1707 5179 1774 5235 ad
1802 5177 2090 5234 Ezechiam

515 5263 788 5340 fugerunt.
835 5268 902 5324 Et
945 5269 1089 5339 quod
1133 5267 1264 5324 dicit
1301 5285 1320 5320 ι
1351 5283 1460 5324 non
1503 5267 1722 5337 adjiciet
1768 5269 1947 5336 inniti,
1976 5287 1995 5321 ›
2036 5269 2089 5325 id

515 5369 599 5416 est
619 5359 910 5425 confidere,
946 5378 964 5411 ί
991 5375 1152 5430 super
1187 5374 1251 5415 eo
1291 5359 1382 5430 qui
1420 5362 1662 5431 percutit
1689 5375 1819 5417 eos:
1851 5381 1868 5413 ι
1906 5361 1985 5417 sic
2009 5368 2091 5417 est

514 5450 919 5521 intelligendum
942 5447 1048 5522 (IV
1071 5449 1196 5522 Reg.
1223 5467 1335 5518 xvi,
1355 5451 1508 5524 xvut)
1535 5471 1548 5507 :
1579 5452 1844 5522 Tempore
1867 5453 1957 5509 illo
1982 5468 2090 5524 quo

512 5539 726 5599 Phaeee
749 5550 804 5598 et
831 5541 998 5599 Rasin
1033 5543 1319 5600 voluerunt
1371 5545 1578 5613 venire,
1628 5545 1683 5601 id
1711 5555 1794 5601 est
1823 5546 2090 5603 debellare

512 5635 647 5691 duas
684 5636 874 5702 tribus,
905 5635 1055 5694 misit
1098 5653 1195 5693 rex
1242 5637 1423 5694 Achaz
1473 5638 1700 5695 duarum
1739 5639 1973 5695 tribuum
2022 5641 2092 5698 ad

513 5742 696 5799 regem
733 5726 974 5800 Egypti,
1023 5736 1084 5783 ut
1109 5727 1369 5786 liberaret
1409 5744 1534 5786 eum
1570 5730 1636 5786 de
1683 5730 1934 5786 manibus
1963 5731 2091 5787 duo-

514 5835 635 5877 rum
667 5836 849 5893 regum
875 5821 1092 5876 dicens:
1115 5841 1134 5874 ι
1161 5821 1366 5878 Servus
1395 5830 1519 5877 tuus
1541 5837 1684 5890 sum,
1712 5824 2087 5881 tantummodo

513 5913 636 5968 veni
667 5923 718 5969 ot
752 5914 904 5971 aufer
929 5915 1111 5988 jugum
1143 5916 1354 5977 Phacee
1377 5929 1431 5976 ct
1469 5919 1636 5977 Rasin
1676 5921 1742 5978 de
1770 5919 1908 5980 collo
1941 5933 2082 5980 meo.

2201 3903 2504 3969 inundabit,
2540 3921 2559 3955 ›
2593 3902 2646 3957 id
2683 3911 2770 3959 est
2796 3903 3062 3959 inundare
3095 3902 3260 3959 faciet
3288 3921 3308 3955 ι
3333 3893 3698 3972 ,Ῑιιειίιὶιωηυθ

2200 3996 2434 4051 adventu
2475 3993 2688 4049 Domini
2727 3995 3076 4051 continentur
3110 3996 3232 4050 ista.
3266 3994 3540 4062 Quomodo
3570 3990 3699 4046 ablue

2196 4087 2341 4142 viata
2371 4093 2454 4141 est
2494 4083 2945 4156 perfectioiouia
2985 4087 3171 4142 omnia
3193 4102 3314 4158 quae
3338 4086 3400 4141 in
3431 4085 3540 4156 lege
3569 4090 3702 4149 αιδην

2197 4179 2374 4250 phetis
2410 4179 2480 4235 de
2524 4179 2754 4234 Domino
2806 4179 3064 4250 praedicta
3109 4188 3266 4235 erant
3309 4194 3413 4250 per
3457 4179 3590 4247 longa
3625 4179 3701 4225 ante

2198 4280 2465 4342 tempora,
2502 4271 2692 4343 ipsein
2718 4271 2870 4328 brevi
2892 4279 3136 4342 tempore
3163 4271 3505 4342 adimplevit,
3524 4270 3571 4324 in
3594 4265 3703 4320 tribus

2194 4362 2446 4435 videlicet
2492 4363 2650 4418 annis
2701 4371 2756 4419 et
2806 4364 2962 4420 semi.
3009 4363 3076 4418 Et
3123 4362 3429 4444 quomodo.
3459 4362 3572 4417 fecit
3603 4359 3701 4411 inun-

2196 4454 2349 4521 dare,
2403 4452 2459 4508 id
2510 4462 2597 4510 est
2634 4452 2907 4509 abundare
2945 4453 3248 4524 justitiam?
3285 4453 3429 4521 Quia
3473 4446 3702 4525 praedicata

2193 4544 2559 4615 apostolorum
2602 4545 2657 4600 in
2700 4561 2916 4601 omnem
2963 4555 3164 4601 terram
3194 4546 3381 4612 exivit,
3445 4556 3500 4602 et
3534 4545 3578 4598 in
3621 4541 3704 4595 ﬁnes

2196 4649 2355 4696 terra:
2395 4640 2559 4715 verba
2584 4654 2773 4696 eorum
2817 4651 3180 4708 pervenerunt
3214 4639 3384 4714 (Psal.
3427 4640 3591 4709 mu).
3626 4635 3705 4701 Qme

2197 4734 2297 4789 fuit
2324 4733 2427 4789 ista
2460 4732 2711 4802 justitia?
2740 4733 2878 4802 Quia
2914 4735 3209 4790 humanum
3254 4750 3454 4806 genus,
3487 4730 3608 4805 quod
3635 4726 3708 4782 dia-

2196 4825 2351 4882 bolus
2383 4839 2480 4896 per
2522 4823 2792 4880 fallaciam
2832 4825 3159 4896 possidebat,
3212 4825 3327 4896 ipse
3371 4839 3480 4895 per
3513 4815 3708 4895 passionis

2195 4916 2492 4986 trophaeum
2518 4929 2548 4968 a
2571 4914 2760 4969 mortis
2787 4914 3003 4971 vinculo
3026 4914 3295 4972 liberavit.

2273 5024 2290 5056 ι
2317 5003 2870 5072 Consummationem,
2909 5026 2930 5060 ι
2995 5005 3049 5062 id
3095 5015 3179 5062 est
3224 5005 3605 5077 perfectionem
3638 5001 3709 5055 sive

2196 5097 2630 5168 completionem,
2656 5117 2675 5149 ι
2722 5107 2779 5153 et
2814 5098 3273 5156 abbreviationem
3309 5099 3485 5157 faciet
3518 5093 3711 5154 Dominus

2194 5189 2250 5243 in
2280 5189 2458 5246 medio
2483 5197 2664 5256 terrai,
2693 5208 2712 5242 ι
2747 5189 2906 5245 sicuti
2922 5189 3035 5261 jam
3058 5191 3311 5248 diximus.

2264 5279 2362 5336 Vel
2387 5281 2551 5335 etiam
2569 5281 2713 5351 quod
2725 5281 2944 5337 brevius
2959 5297 3249 5352 possumus
3271 5282 3476 5352 dicere,
3492 5275 3711 5338 abbreviar

2190 5371 2398 5428 tionem
2411 5372 2540 5428 fecit
2555 5371 2845 5430 Dominus:
2863 5373 3078 5446 quando
3097 5374 3154 5430 in
3181 5376 3355 5432 tribus
3376 5376 3563 5433 diebus
3578 5366 3709 5428 omnia

2194 5479 2315 5534 qua:
2334 5465 2402 5521 de
2429 5479 2526 5520 sua
2547 5465 2798 5535 passione
2832 5475 2889 5521 et
2916 5467 3314 5524 resurrectione
3336 5467 3425 5524 vel
3450 5461 3714 5524 liberatione

2194 5555 2418 5612 humani
2429 5557 2645 5628 generis
2662 5557 2920 5630 praedicta
2932 5567 3114 5626 erant,
3127 5558 3416 5632 complevit
3426 5557 3570 5633 (Luc.
3581 5549 3709 5618 mil

2191 5645 2452 5718 Ianedio
2479 5655 2658 5703 autem
2680 5653 2844 5704 terra:
2863 5648 3014 5717 dicit,
3039 5650 3165 5720 quia
3193 5648 3526 5707 Hierusakm
3545 5644 3621 5702 ubi
3638 5641 3712 5695 hoc

2190 5738 2510 5810 mysterium
2539 5740 2775 5797 salutare
2800 5731 3069 5812 patratum
3098 5752 3200 5808 est,
3244 5742 3529 5824 umbilicus
3559 5733 3711 5794 dicitur

2187 5842 2311 5888 esse
2346 5839 2505 5888 terrae
2539 5833 2756 5904 (Ezech.
2793 5835 2929 5908 xvr).
2959 5837 3055 5892 Vel
3099 5837 3265 5893 etiam
3303 5832 3709 5894 abbreviatiown

2187 5919 2337 5991 fecit,
2368 5925 2583 5996 quando
2611 5941 2826 5984 omnem
2868 5926 3132 5986 inﬁnitam
3159 5926 3548 5985 multitudinem
3582 5920 3705 5984 A55?

2194 6077 2225 6092 α
