3918 6468
116 405 225 460 777

1226 386 1576 447 COMMENT.
1619 385 1682 440 IN
1721 383 1969 440 ISAIAM.
2009 383 2137 439 LIB.
2178 382 2242 438 II.

3250 371 3352 426 778

111 520 326 575 riorum
351 530 458 571 una
493 523 649 570 nocte
673 510 920 585 peremit,
943 514 1136 580 praeter
1165 505 1349 561 decem
1373 503 1537 556 viros.
1564 499 1678 554 Vox
1709 505 1760 561 Α
1788 496 2006 564 scriptio
2041 496 2271 557 viarum,
2303 506 2399 563 per
2428 503 2547 560 quae
2588 488 2706 543 loca
2742 485 2955 542 venerit
2983 481 3354 539 Sennacherib

114 609 220 665 Dei
251 623 349 672 per
371 607 712 676 prophetam.

200 734 220 767 ι
248 716 475 784 Propter
519 714 620 768 hoc
671 713 802 768 dicit
857 710 1138 774 Dominus,
1173 728 1190 760 ι
1247 716 1306 762 ιιι
1355 721 1460 761 non
1506 704 1693 758 timeat

114 806 386 862 Ezechias
413 812 470 860 et
494 803 721 874 populus
746 802 864 870 ejus
899 803 967 856 ab
994 801 1184 864 Assur,
1218 799 1320 853 hoc
1351 804 1452 859 est,
1486 811 1516 848 a
1552 793 1690 848 Sen-

117 896 387 952 nacherib
412 905 466 950 et
491 894 687 965 populo
709 893 863 962 ejus:
889 893 1014 962 quia
1046 893 1158 960 ipse
1196 889 1249 944 in
1278 887 1425 944 brevi
1452 895 1693 954 tempore

117 997 182 1044 et
206 994 477 1043 momento
503 985 769 1056 percutiet
789 1000 902 1040 eos.
935 984 1004 1038 Et
1027 983 1152 1037 licet
1185 985 1236 1035 in
1277 980 1453 1050 virga,
1485 978 1586 1031 hoc
1612 984 1696 1031 est

116 1081 181 1135 in
205 1078 602 1150 deprzedatione
625 1077 905 1134 civitatum
933 1090 1138 1137 eorum,
1163 1071 1427 1143 percutiat
1462 1084 1554 1124 eos
1572 1109 1586 1132 ,
1617 1077 1696 1122 ta-

119 1185 250 1226 men
289 1169 596 1224 nullatenus
634 1166 948 1238 prtevalebit
989 1178 1175 1218 omnes
1228 1160 1441 1232 penitus
1487 1158 1693 1224 delere,

121 1261 254 1330 quia
284 1259 555 1314 civitatem
605 1257 941 1313 Hierusalem
985 1255 1225 1310 liberabo
1273 1253 1340 1306 de
1387 1267 1546 1304 manu
1582 1251 1698 1319 ejus

119 1352 542 1425 propterDavid
579 1365 791 1407 servum
816 1364 1016 1413 meum,
1045 1355 1098 1402 et
1123 1345 1411 1400 Ezechiam
1441 1341 1699 1396 famulum

125 1461 309 1501 meum
327 1443 434 1516 (1V
467 1442 596 1513 Reg.
622 1441 757 1509 xtx).
792 1439 943 1508 Quod
978 1446 1153 1492 autem
1191 1437 1358 1491 dicit:
1396 1452 1413 1483 ι
1445 1432 1701 1487 Baculum

125 1549 284 1589 suum
323 1532 519 1588 levabit
544 1545 706 1601 super
745 1538 798 1585 te
826 1529 880 1583 in
904 1529 990 1583 via
1019 1526 1259 1596 Egypti,
1290 1544 1307 1575 ι
1344 1523 1423 1578 sic
1451 1531 1533 1577 est
1555 1519 1704 1576 intel-

125 1625 401 1696 ligendum
433 1641 446 1678 :
474 1623 764 1692 Postquam
787 1617 1157 1676 Sennacherib
1179 1614 1366 1670 habuit
1392 1615 1576 1668 decem
1602 1611 1703 1666 tri-

128 1720 234 1774 bus
261 1717 620 1788 depraedatas,
663 1729 913 1769 reversus
941 1719 1024 1767 est
1056 1725 1155 1780 per
1191 1708 1435 1765 civitates
1472 1705 1622 1760 Iudae
1652 1710 1708 1758 et

127 1805 410 1875 Beniamin
460 1820 581 1875 qua:
613 1811 772 1858 erant
818 1802 872 1856 in
911 1801 998 1856 via
1052 1798 1292 1869 Egypti,
1339 1811 1473 1866 quas
1520 1807 1706 1848 omnes

1791 589 1858 642 ab
1889 586 2121 656 Egypto
2145 599 2312 652 usque
2338 584 2392 636 in
2429 581 2546 635 Nob
2572 598 2585 632 :
2615 579 2705 633 ubi
2748 586 2802 632 et
2834 577 3064 646 populus
3092 576 3209 644 ejus
3234 588 3358 644 per-

1793 680 1886 743 iit,
1938 678 2078 732 sicut
2125 677 2177 730 in
2229 669 3039 743 subsequentibusvidebimus.
3086 666 3130 721 Ο
3167 665 3362 735 popule

1792 785 1962 832 meus,
1990 768 2168 822 veniet
2207 765 2575 822 Sennacherib
2613 764 2682 817 ab
2721 761 2954 832 Egypto
2997 761 3051 815 in
3089 755 3270 824 At'oth,
3307 767 3366 814 et

1793 874 1899 914 non
1939 857 2063 928 ﬁget
2089 855 2157 909 ibi
2189 854 2438 914 tentoria,
2493 871 2510 903 t
2540 852 2635 908 sed
2683 850 2932 905 transibit
2974 849 3027 902 in
3057 847 3273 918 Magron
3311 858 3366 903 et

1795 951 2192 1008 commendabit
2227 949 2279 1002 in
2321 948 2541 1002 civitate
2570 960 2764 1015 magna
2799 959 2925 998 vasa
2954 958 3051 998 sua
3085 962 3104 995 ›
3131 950 3188 997 et
3223 942 3363 1012 sagi—

1798 1057 1916 1106 nas,
1943 1040 1995 1095 id
2021 1048 2105 1096 est
2130 1037 2390 1093 sarcinas.

1875 1173 1893 1203 ι
1924 1151 2276 1207 Transierunt
2317 1148 2537 1204 cursim.
2570 1165 2589 1198 ι
2625 1145 2716 1202 Sic
2752 1145 2988 1215 loquitur
3016 1143 3277 1214 propheta
3303 1140 3370 1196 de

1796 1231 1981 1296 futuro
2027 1238 2182 1310 quasi
2227 1239 2293 1294 de
2321 1236 2595 1307 prmterito
2621 1256 2632 1290 :
2666 1235 2789 1307 quia
2815 1235 3144 1290 transierunt
3171 1231 3369 1286 cursim

1800 1331 1980 1400 populi
2002 1346 2093 1400 qut
2113 1345 2235 1384 cum
2263 1325 2629 1383 Sennacherib
2656 1332 2941 1389 venerunt,
2962 1330 3016 1377 et
3048 1321 3173 1392 quia
3199 1329 3375 1374 trans-

1801 1423 1980 1491 ierunt
2007 1422 2106 1477 has
2134 1419 2381 1476 civitates
2417 1416 2720 1472 Iudaeorum
2752 1429 2888 1484 quas
2917 1410 3371 1468 enumeravimus.

1809 1511 1900 1566 Vel
1925 1511 2085 1566 etiam
2109 1510 2382 1564 civitatem
2408 1521 2674 1576 magnam,
2701 1504 2793 1559 ubi
2820 1503 3059 1558 sarcinas
3080 1517 3206 1556 suas
3225 1516 3372 1556 com-

1807 1603 2213 1665 mendaverunt,
2243 1602 2351 1655 cito
2371 1598 2700 1653 transierunt
2729 1603 2783 1651 et
2801 1601 3164 1666 pervenerunt
3192 1593 3246 1646 in
3272 1591 3378 1646 Ga-

1807 1695 1929 1748 baa.
1972 1692 2039 1746 Et
2081 1706 2208 1746 cum
2255 1689 2328 1744 ibi
2373 1687 2777 1757 pervenissent,
2829 1684 3118 1739 dixerunt:
3148 1702 3166 1733 ‹
3198 1681 3378 1736 Gabaa

1810 1784 1914 1840 erit
1955 1783 2109 1839 sedes
2159 1789 2360 1836 nostra.
2392 1799 2409 1830 ι
2455 1779 2530 1833 Ibi
2581 1778 2725 1833 enim
2772 1775 2957 1830 habuit
3005 1773 3378 1837 diversorium,

129 1863 416 1954 sub;e"it,
446 1863 543 1952 v.31
581 1897 746 1951 etiam
782 1893 1032 1949 baculum
1063 1863 1239 1955 sui“),
1272 1891 1326 1945 id
1357 1863 1446 1944 εει
1474 1888 1707 1960 gladium
1736 1864 1783 1923 Β
1810 1874 1952 1929 sicut
1969 1873 2097 1928 dicit
2125 1870 2185 1924 Β.
2217 1869 2594 1938 Hieronymus.
2623 1867 2690 1920 Et
2718 1866 2904 1920 territa
2933 1872 3016 1919 est
3039 1863 3166 1917 urbs
3205 1863 3381 1917 vicina

131 2002 312 2051 suum,
349 1987 548 2041 levabit
592 1999 752 2054 super
793 1998 886 2038 eos
924 1983 978 2037 in
1005 1982 1093 2036 via
1119 1979 1360 2053 Egypti,
1395 1980 1520 2048 quia
1560 1985 1708 2048 post-

133 2089 301 2144 quam
331 2073 495 2129 semel
515 2074 704 2129 habuit
733 2088 919 2128 omnes
943 2072 1190 2127 civitates
1215 2072 1444 2125 duarum
1475 2069 1709 2123 tribuum

133 2168 572 2236 comprehensas,
616 2175 672 2221 et
713 2181 843 2236 pars
890 2165 1051 2220 etiam
1098 2163 1334 2218 civitatis
1377 2161 1711 2216 Hierusalem

133 2256 336 2312 tradita
377 2259 430 2312 in
457 2273 648 2313 manus
676 2257 932 2326 Bapsacis
971 2254 1230 2326 principis
1258 2253 1402 2308 illius
1442 2268 1472 2306 a
1509 2252 1708 2318 Sobna,

131 2348 315 2403 scriba
339 2349 439 2404 fuit
471 2349 650 2419 (sicuti
675 2349 924 2418 superius
946 2348 1058 2417 jam
1081 2345 1340 2412 diximus)
1381 2352 1436 2399 et
1466 2359 1714 2399 reversus

140 2440 364 2494 essetin
407 2437 742 2509 Egyptum:
774 2438 971 2492 iterum
1017 2453 1137 2490 cum
1173 2436 1377 2490 rediret
1414 2436 1481 2490 ad
1524 2435 1715 2490 Hieru-

132 2530 306 2586 salem
345 2529 681 2599 capiendam,
716 2541 906 2584 onmes
943 2527 1188 2582 civitates
1219 2526 1432 2580 illorum
1475 2540 1596 2596 quae
1630 2540 1720 2579 re-

131 2631 468 2687 manserant,
494 2637 614 2691 qua:
635 2628 791 2676 erant
815 2619 869 2674 in
902 2619 1096 2674 itinere
1130 2617 1200 2672 ab
1228 2616 1464 2689 [Egypto
1495 2617 1719 2672 venien-

135 2715 286 2770 tibus
316 2713 674 2778 Hierusalem,
712 2712 827 2782 ipse
851 2711 1136 2767 subvertit.

220 2846 239 2878 ι
268 2826 456 2880 Adhuc
488 2824 760 2896 paululum
790 2843 808 2875 ›
845 2823 1003 2894 longo
1025 2831 1267 2892 tempore
1291 2774 1578 2891 postquam
1604 2819 1721 2875 haec
1753 2873 1760 2876 _

138 2917 398 2988 praedicta
441 2923 588 2983 sunt,
639 2915 902 2986 completa
952 2921 1096 2969 sunt.
1144 2911 1251 2968 Sed
1297 2912 1480 2966 omnia
1526 2910 1721 2965 saecula

140 3008 433 3063 aeternitati
463 3006 559 3062 Dei
588 3013 918 3077 comparata,
941 3004 1125 3059 brevia
1148 3002 1498 3074 putabuntur.
1527 2999 1722 3055 Omnia

142 3101 290 3156 enim
319 3114 439 3168 quae
473 3097 655 3154 futura
695 3105 840 3163 sunt,
874 3097 930 3151 in
976 3093 1265 3166 praesentia
1307 3091 1535 3159 Deijam
1578 3089 1722 3146 facta

141 3193 416 3248 videntur.

215 3305 333 3360 Vox
372 3305 468 3360 Dei
505 3305 572 3360 ad
620 3302 991 3359 Sennacherib
1030 3309 1085 3355 et
1123 3299 1383 3370 pepulum
1411 3299 1563 3368 ejus:
1606 3316 1624 3347 (
1658 3296 1728 3350 Et

145 3397 610 3452 consummabitur
626 3395 776 3448 furor
803 3408 954 3446 meus
974 3406 1134 3461 super
1174 3389 1350 3445 scelus
1378 3402 1588 3451 eorum,
1622 3406 1640 3437 ι
1677 3385 1730 3440 id

147 3496 234 3542 est
263 3502 426 3556 super
462 3483 766 3554 Egyptios,
799 3491 855 3537 et
881 3481 1152 3552 Assyrios,
1174 3489 1228 3535 et
1265 3477 1656 3533 Sennacherib.

230 3595 247 3626 ι
283 3575 350 3628 Ει
381 3573 663 3629 suscitabit
689 3587 847 3642 super
875 3586 999 3626 eum
1027 3592 1045 3624 ι
1078 3571 1178 3625 hoc
1208 3579 1310 3634 est,
1337 3585 1500 3640 super
1525 3567 1732 3623 Senna-

153 3667 340 3722 cherib
372 3664 707 3744 «ﬂagellum,
738 3685 756 3717 ι
805 3664 858 3719 id
910 3673 995 3719 est
1043 3663 1354 3726 vindictam,
1388 3660 1580 3729 «juxta
1622 3659 1734 3730 pla-

155 3771 277 3828 gam
309 3755 520 3810 Matlian
547 3756 602 3809 in
631 3766 786 3824 petra
827 3754 988 3810 Oreb.
1024 3773 1041 3805 ι
1078 3751 1192 3808 Vox
1226 3753 1496 3824 prophetae
1543 3758 1734 3806 contra

156 3848 555 3903 Sennacherib:
580 3845 699 3902 Jam
728 3849 976 3917 superius
999 3847 1253 3911 diximus,
1282 3846 1512 3916 qualiter
1541 3843 1736 3898 Madia-

153 3939 284 3994 nim:
311 3941 428 3994 sine
459 3938 719 3994 effusione
749 3939 1028 4010 sanguinis
1064 3938 1297 3993 filiorum
1335 3937 1497 3992 Israel
1524 3952 1736 4006 perem-

152 4031 230 4098 pti
269 4036 392 4083 sunt
421 4026 620 4100 (ludio.
671 4044 746 4093 v1,
773 4029 895 4101 vtt).
932 4028 1058 4083 Ideo
1097 4036 1375 4098 comparat
1408 4028 1734 4081 occisionem

155 4117 572 4173 Madianitarum
617 4118 981 4174 interfectioni
1025 4116 1390 4188 Assyriorum.
1425 4115 1558 4182 Quia
1599 4116 1738 4169 sicut

155 4209 232 4263 illi
258 4209 375 4264 sine
399 4225 592 4264 cruore
623 4208 899 4280 sanguinis
925 4207 1133 4262 Iudaici
1161 4206 1343 4277 populi
1387 4206 1564 4262 necati
1589 4213 1734 4270 sunt,

154 4301 231 4355 ita
259 4307 312 4354 et
336 4300 444 4354 isti.
492 4318 511 4351 ι
546 4299 613 4354 Ει
648 4300 854 4370 virgam
891 4315 1041 4354 suam
1071 4315 1234 4368 super
1283 4315 1454 4366 mare,
1484 4319 1501 4351 ι
1535 4299 1735 4354 subau-

158 4394 263 4458 dis,
312 4392 532 4446 levabit.
574 4392 678 4446 Per
703 4394 910 4462 virgam
960 4391 1198 4462 intellige
1240 4390 1631 4446 fortitudinem.
1673 4388 1743 4443 Et

159 4494 243 4540 est
289 4485 840 4554 sensus:Antequam
885 4499 1047 4552 super
1081 4491 1133 4538 te
1171 4485 1374 4547 veniat,
1427 4482 1526 4535 ibit
1554 4487 1744 4534 contra

1810 1973 2001 2027 Rama.
2036 1970 2263 2038 Quidam
2290 1970 2362 2024 ita
2395 1969 2582 2023 volunt
2611 1967 2959 2034 distinguere,
2991 1970 3051 2015 ut
3083 1961 3158 2014 ita
3191 1959 3385 2028 junga-

1812 2073 1900 2120 tur
1925 2083 1937 2118 :
1963 2063 2315 2118 Transierunt
2343 2062 2498 2117 sedes
2526 2061 2722 2115 Gabaie
2749 2059 2858 2113 cito
2884 2075 2896 2110 :
2922 2063 2976 2110 et
3003 2053 3070 2110 sit
3097 2051 3249 2107 sedes
3269 2047 3386 2118 plu-

1812 2156 1944 2211 ralis
1973 2171 2253 2219 numerus,
2293 2163 2348 2208 et
2373 2163 2562 2224 postea
2592 2153 2823 2222 jungant
2856 2157 3044 2205 nostra
3077 2146 3245 2200 Rama
3288 2142 3387 2195 ob-

1814 2249 2052 2316 stupuit:
2078 2247 2171 2301 sed
2197 2261 2302 2300 non
2332 2247 2404 2299 ita
2435 2256 2536 2300 est.
2570 2244 2708 2299 Dicit
2735 2243 2874 2297 enim
2906 2242 3096 2295 beatus
3122 2236 3386 2304 Hierony-

1815 2354 1957 2403 mus,
2013 2338 2138 2407 quia
2181 2352 2301 2391 cum
2351 2335 2426 2390 illi
2471 2335 2791 2390 transissent
2837 2332 3090 2386 velociter
3144 2327 3392 2382 civitates

1815 2444 2060 2499 magnas,
2087 2436 2143 2482 et
2183 2428 2256 2483 ibi
2283 2427 2750 2482 commendassem
2777 2423 2992 2493 saginas
3027 2433 3174 2482 suas,
3202 2428 3389 2486 perve«

1817 2520 2126 2586 nissentque
2158 2517 2224 2570 ad
2261 2515 2519 2581 Gabaam,
2569 2515 2872 2569 habuerunt
2901 2512 2973 2565 ibi
3005 2505 3386 2567 diversorium,

1819 2609 1958 2663 sicut
2005 2606 2116 2675 jam
2171 2606 2424 2660 diximus.
2471 2604 2713 2660 Gabaatlt
2757 2608 2935 2655 autem
3005 2596 3184 2651 Saulis
3260 2607 3387 2647 cum

1819 2703 1923 2756 hoc
1974 2700 2238 2765 audisset,
2308 2698 2461 2768 fugit.
2509 2697 2692 2750 Altera
2741 2701 2823 2749 est
2865 2691 3008 2745 enim
3054 2687 3278 2750 Gabaa,
3333 2692 3391 2736 et

1822 2794 1990 2849 altera
2019 2791 2282 2848 Gabaath.
2331 2789 2512 2845 Gabaa
2543 2797 2722 2842 autem
2752 2783 3036 2838 Hebraeum
3061 2791 3257 2833 nomen
3289 2781 3396 2837 est,

1821 2896 1876 2941 et
1926 2884 2046 2939 ideo
2090 2892 2271 2939 utrum
2317 2882 2580 2935 dicamus.
2628 2876 2824 2932 Gabare
2876 2876 2988 2928 sive
3050 2869 3232 2924 Gabaa
3291 2879 3399 2919 non

1824 2973 2112 3042 discrepat,
2151 2971 2277 3040 quia
2315 2969 2535 3024 alterius
2563 2966 2756 3037 linguae
2796 2961 3181 3033 proprietatem
3226 2962 3397 3010 tenet.

1823 3041 2067 3119 Gabaath
2112 3077 2241 3116 vero
2284 3059 2460 3114 Saulis
2490 3057 2706 3120 dicitur,
2741 3054 2866 3124 quia
2909 3049 3085 3105 Saulis
3129 3045 3400 3116 quondam

1827 3154 1986 3210 electi
2018 3151 2228 3218 Domini
2271 3150 2373 3204 fuit
2409 3148 2565 3203 sedes
2594 3145 2741 3216 regia
2778 3143 2872 3198 ibi.

1907 3282 1926 3316 ι
1955 3263 2068 3318 Hoc
2091 3261 2250 3315 Hinni
2282 3275 2412 3316 voce
2444 3269 2556 3324 tua,
2589 3278 2606 3309 ι
2638 3258 2689 3312 id
2718 3266 2802 3311 est
2834 3256 3002 3309 eleva.
3033 3252 3149 3307 Vox
3178 3250 3411 3322 prophe-

1833 3366 1919 3409 tae.
1951 3351 2145 3408 Gallim
2169 3360 2222 3405 et
2241 3351 2419 3414 Laisa,
2451 3357 2611 3417 atque
2644 3347 2897 3401 Anathoti
2928 3345 3170 3399 civitates
3198 3340 3414 3398 Israeli-

1833 3441 1953 3494 ticae
1984 3448 2158 3504 erant,
2190 3453 2285 3508 per
2325 3452 2462 3506 quas
2509 3436 2583 3490 illi
2624 3434 2973 3490 transierunt.

1909 3553 1928 3586 ‹
1959 3532 2204 3604 Higravit
2255 3530 2583 3586 Medemena.
2627 3549 2644 3579 ι
2692 3527 2772 3582 De
2819 3527 2938 3580 loco
2971 3540 3069 3580 suo
3113 3523 3180 3578 ad
3223 3521 3408 3576 alium.

1835 3624 2144 3679 Medemena
2177 3629 2230 3677 et
2259 3621 2442 3686 Jabin,
2472 3620 2720 3675 civitates
2746 3625 2870 3672 sunt
2895 3615 3064 3670 Iudae.

1911 3753 1931 3787 ‹
1967 3733 2158 3788 Adhuc
2185 3732 2302 3786 dies
2329 3738 2432 3796 est,
2460 3737 2519 3783 ut
2547 3728 2602 3783 in
2629 3726 2776 3783 Nobe
2799 3724 3056 3798 (civitate)
3086 3731 3277 3786 stetur,
3309 3741 3326 3772 ι
3361 3720 3414 3774 id

1836 3837 1921 3885 est
1948 3828 2222 3883 habitetur
2253 3841 2284 3880 a
2328 3823 2717 3878 Sennacherib.
2748 3821 2895 3875 Nobc
2923 3818 3110 3873 civitas
3138 3825 3296 3870 terrae
3332 3828 3419 3867 re-

1837 3915 2215 3988 promissionis
2251 3924 2353 3978 est,
2385 3914 2450 3968 de
2497 3928 2602 3982 qua
2633 3911 2732 3965 fuit
2762 3909 2923 3964 Gesbi
2953 3908 3043 3976 qui
3077 3905 3177 3959 fuit
3220 3905 3285 3958 de
3330 3901 3422 3955 tri-

1837 4009 1982 4079 ginta
2009 4007 2342 4078 principibus
2361 4005 2545 4067 David,
2567 4004 2705 4057 sicut
2735 4003 2786 4055 in
2808 3999 2945 4054 libro
2967 3997 3417 4065 Paralipomenon

1840 4099 1892 4172 (I
1920 4097 2052 4152 Par.
2087 4097 2255 4168 xxvu)
2285 4097 2530 4166 legimus.
2565 4095 2658 4148 Est
2682 4104 2862 4148 autem
2885 4109 2989 4146 non
3027 4092 3180 4162 longe
3207 4091 3273 4144 ab
3301 4089 3424 4143 Ilie—
3495 4147 3498 4150 ,

1839 4191 2091 4248 rusalem.
2119 4191 2184 4244 Et
2215 4206 2383 4258 quare
2418 4189 2548 4243 dicit
2582 4207 2590 4240 :
2624 4187 2798 4242 adhuc
2827 4187 2940 4241 dies
2983 4195 3065 4240 est
3098 4194 3158 4239 ut
3185 4185 3238 4238 in
3271 4183 3422 4238 Nohe.

1841 4293 2015 4338 stetur
2044 4285 2110 4338 ab
2155 4283 2279 4338 illo?
2312 4282 2436 4352 quia
2466 4280 2680 4352 quando
2729 4277 3100 4334 Sennacherib
3146 4277 3271 4330 illuc
3302 4291 3421 4345 per-

1839 4376 2011 4441 venit,
2042 4390 2233 4446 parum
2261 4384 2382 4430 erat
2421 4375 2600 4428 adhuc
2626 4373 2752 4428 diei.

1921 4507 1940 4542 ¢
1971 4490 2211 4562 Agitabit
2245 4510 2264 4541 ι
2295 4505 2423 4560 ergo
2456 4508 2473 4540 ε
2503 4503 2720 4544 manum
2749 4503 2900 4544 suam
2920 4527 2934 4552 ,
2975 4507 2991 4538 ι
3023 4487 3076 4542 id
3122 4495 3206 4541 est
3237 4499 3421 4539 move-

159 4577 463 4632 Tharacam
505 4592 688 4648 regem
722 4575 1037 4645 Etliiopite,
1073 4584 1126 4629 et
1158 4573 1410 4628 transibit
1450 4586 1602 4626 mare
1630 4570 1742 4625 Ru-
1765 4560 1818 4620 D
1843 4581 1944 4648 bit,
1987 4560 2200 4637 πίίηειηε
2234 4582 2399 4636 multa
2420 4583 2561 4637 mala
2591 4580 2955 4644 Hierusalem;
3006 4587 3288 4648 propterea
3323 4593 3424 4631 au-

159 4671 345 4735 brum,
380 4679 434 4724 et
460 4669 659 4723 levabit
695 4668 940 4722 eamdem
985 4667 1194 4738 virgam
1237 4679 1400 4735 super
1425 4663 1738 4735 Egyptum.

162 4760 228 4814 Et
256 4769 382 4815 tunc
407 4767 714 4816 revertetur
749 4773 874 4812 cum
913 4756 1083 4812 multo
1115 4756 1381 4822 exercitu,
1408 4756 1635 4811 veniens
1659 4771 1746 4810 su-

163 4865 264 4922 per
294 4849 650 4905 Hierusalem.

242 4983 262 5016 c
289 4963 358 5019 Et
381 4965 486 5019 erit
525 4964 578 5018 in
613 4962 702 5019 die
741 4964 853 5018 illa.
886 4983 905 5016 ι
937 4961 1092 5018 Diem
1125 4960 1310 5029 accipe
1347 4974 1446 5031 pro
1482 4966 1743 5028 tempore.

168 5058 285 5114 Vox
320 5057 415 5113 Dei
439 5055 506 5112 ad
543 5058 739 5111 tribum
778 5055 974 5110 Judam
1011 5063 1065 5110 et
1103 5052 1401 5122 Beniamin.
1443 5051 1501 5106 In
1528 5068 1633 5122 qua
1664 5051 1750 5106 die

171 5149 254 5202 vel
281 5149 332 5202 in
364 5163 471 5217 quo
509 5155 749 5216 tempore
776 5145 957 5199 ablata
997 5153 1082 5200 est
1107 5143 1402 5199 dominatio
1445 5141 1752 5198 Sennache-

170 5238 255 5293 rib
283 5239 348 5292 de
393 5237 530 5291 collo
559 5236 785 5290 duarum
825 5235 1101 5291 tribuum?
1130 5234 1354 5303 Quando
1385 5233 1658 5290 exercitus
1688 5232 1751 5286 il‘

171 5327 276 5383 lius
300 5329 368 5382 ab
388 5326 579 5395 angelo
627 5327 982 5396 interemptus
1005 5335 1106 5382 est.
1144 5345 1161 5378 ι
1189 5326 1258 5382 Ει
1281 5331 1692 5394 computrescet,
1723 5342 1742 5375 ι

173 5417 226 5471 id
259 5426 343 5471 est
369 5416 580 5471 deﬁciet
605 5414 854 5485 tjttgum,
886 5437 905 5468 ι
938 5417 1041 5472 hoc
1085 5426 1185 5482 est,
1209 5416 1504 5471 dominatio
1525 5423 1579 5468 et
1631 5430 1749 5469 ser-

172 5507 318 5563 vitus
341 5508 405 5562 de
432 5507 660 5561 humero
689 5515 799 5570 tuo,
826 5521 859 5560 ο
887 5507 1114 5577 populus
1134 5507 1358 5561 duarum
1379 5506 1639 5569 tribuum,
1666 5525 1684 5555 ‹
1717 5519 1748 5557 a

175 5599 313 5656 facie
339 5601 463 5661 olei,
496 5620 514 5652 ι
547 5601 600 5655 id
624 5608 705 5655 est
735 5615 764 5652 a
789 5601 1076 5669 praesentia
1103 5600 1484 5655 misericordia
1509 5600 1624 5654 Dei.
1647 5597 1751 5653 Per

175 5692 352 5748 oleum
381 5707 616 5761 namque
641 5690 1009 5746 misericordia
1038 5699 1276 5744 notatur.

253 5803 271 5834 ι
302 5785 488 5840 Veniet
528 5784 581 5838 in
631 5782 813 5836 Aioth.
850 5801 868 5833 ι
904 5781 1021 5835 Vox
1058 5781 1346 5850 prophetae.
1382 5780 1506 5836 Haec
1533 5789 1614 5836 est
1657 5780 1749 5834 tle-

536 5875 810 5934 PATROL.
855 5872 1082 5935 CXVI.

1847 4685 1956 4732 tem
2009 4694 2028 4727 ι
2062 4691 2224 4746 super
2257 4683 2492 4731 montem
2525 4676 2653 4730 Sion
2703 4683 2759 4730 et
2780 4673 2971 4729 collem
3011 4671 3367 4736 Hierusalem,
3401 4690 3420 4722 ›

1848 4766 1973 4836 quia
2002 4764 2132 4821 Sion
2181 4781 2336 4820 mons
2363 4774 2447 4820 est
2483 4774 2538 4820 et
2574 4763 2910 4820 Hierusalem
2949 4763 3096 4819 circa
3125 4762 3338 4827 collem,
3371 4761 3424 4815 id

1849 4866 1933 4914 est
1963 4857 2111 4912 circa
2140 4856 2335 4910 vallem
2362 4856 2504 4909 illius
2533 4855 2730 4910 montis
2773 4856 2876 4910 sita
2905 4862 3009 4911 est.
3045 4854 3269 4922 Quando
3298 4867 3428 4906 vero

1852 4949 2219 5006 Sennacherib
2264 4947 2428 5002 exivit
2459 4949 2524 5002 de
2545 4947 2799 5020 .IEgypto,
2837 4957 2997 5018 prout
3023 4947 3182 5001 citius
3229 4945 3425 5013 quivit,

1853 5041 2177 5098 acceleravit
2204 5055 2466 5110 gressum,
2499 5041 2722 5096 tendens
2766 5041 2871 5096 iter
2898 5039 2966 5093 ad
3005 5034 3340 5093 Hierusalem
3368 5042 3430 5089 ut

1853 5147 2017 5204 supra
2047 5132 2251 5186 dictum
2280 5139 2382 5186 est.
2565 5129 2568 5131 Α

1923 5233 2056 5289 Cum
2087 5241 2265 5290 autem
2295 5233 2532 5289 venisset
2558 5235 2613 5290 in
2653 5232 2822 5299 Nobe,
2868 5229 3097 5286 tetendit
3136 5230 3208 5285 ibi
3247 5238 3424 5285 tento-

1853 5327 2014 5392 rium,
2044 5326 2228 5381 volens
2249 5326 2482 5382 diluculo
2502 5340 2767 5395 occupare
2793 5321 3126 5378 Hierusalem
3158 5340 3172 5375 :
3204 5330 3261 5376 et
3281 5329 3431 5392 post-

1856 5432 2017 5488 quam
2049 5415 2174 5472 illuc
2208 5416 2374 5481 venit,
2427 5433 2532 5471 non
2562 5413 2793 5470 cessavit
2838 5428 3009 5484 usque
3047 5412 3278 5467 mediam
3327 5428 3427 5466 no-

1855 5517 1995 5562 ctem
2030 5507 2224 5562 minari
2253 5508 2638 5563 desolationem
2684 5503 3018 5560 Hierusalem
3073 5504 3259 5558 dicens
3304 5503 3426 5556 :En

1856 5598 1958 5652 ista
2007 5599 2120 5653 sola
2139 5599 2332 5655 civitas
2352 5599 2549 5669 poterit
2586 5597 2802 5652 liberari
2826 5597 2892 5651 de
2925 5612 3084 5650 manu
3116 5595 3279 5649 mea?
3309 5595 3424 5649 Non

1856 5689 1960 5744 erit
1984 5691 2094 5755 ita;
2148 5696 2241 5746 sed
2271 5692 2410 5746 sicut
2434 5688 2536 5744 feci
2569 5687 2829 5743 Samaria:
2852 5699 2905 5743 et
2931 5689 3040 5758 regi
3062 5688 3210 5756 ejus,
3245 5687 3324 5742 sic
3348 5686 3428 5740 fa-

1857 5781 1994 5835 ciam
2026 5779 2358 5840 IIierusalem
2409 5791 2460 5835 et
2494 5769 2796 5850 t‘cgi'ipsius
2830 5780 3090 5834 Iiwcltite.
3129 5778 3235 5834 Sed
3276 5785 3424 5846 post-

2873 5873 2952 5931 25
