3918 6460
616 370 723 428 πθ

1090 366 1443 426 HAYMONIS
1480 368 1953 427 HALBERSTAT.
1991 366 2204 425 EPISC.
2245 367 2397 426 OPP.
2433 367 2615 425 PARS
2649 367 2699 425 Ι.
2733 400 2805 410 -
2831 367 3185 427 (ΞΟΜΜΕΝΤ.
3224 355 3396 428 ΒΙΒΙι.
3789 380 3857 438 'm

616 495 777 552 quam
805 481 988 537 ierunt
1010 479 1323 548 dormitum,
1354 494 1541 537 omnes
1572 480 1817 550 percussi
1850 488 1976 535 sunt
2000 480 2069 536 ab
2094 493 2190 533 an-
2212 483 2267 544 Α
2293 480 2500 550 spicas,
2530 487 2585 534 et
2621 479 2996 538 confricabant
3035 483 3319 549 manibus,
3362 494 3423 539 et
3480 486 3850 550 mande

614 575 734 645 gelo
760 574 991 629 Domini.

690 684 710 718 ‹
742 666 882 721 Ecce
913 665 1225 721 Dominator
1251 663 1532 729 Dominus,
1584 662 1888 734 confringet
1928 663 2184 734 laguncu-

612 758 788 813 culam
818 759 873 812 in
894 766 1117 813 terrore.
1153 775 1174 809 ι
1220 754 1336 810 Vox
1365 756 1645 826 prophetae
1685 755 1751 811 de
1787 755 2035 826 passione
2075 757 2182 810 Do-

614 848 764 901 mini.
786 892 792 899 .
820 844 1148 917 Laguncula,
1184 844 1567 899 diminutivum
1592 858 1788 899 nomen
1807 853 1890 899 est
1912 860 1943 899 a
1971 843 2181 915 lagena.

611 937 914 1009 Laguncula
948 944 1149 1002 autem,
1194 950 1316 1005 quas
1363 936 1505 990 lutea
1551 943 1654 1000 est,
1689 934 1958 1005 signiﬁcat
1989 950 2184 1003 corpus

614 1027 965 1092 Dominicum,
993 1026 1136 1095 quod
1155 1024 1489 1081 confractum
1509 1032 1595 1081 est
1624 1034 1869 1096 tempore
1893 1026 2177 1097 passionis.

605 1120 662 1172 In
686 1127 892 1173 terrore
917 1126 1095 1173 autem
1114 1117 1267 1182 dicit,
1293 1120 1419 1187 quia
1448 1125 1797 1172 monumenta
1819 1126 2005 1187 aperta
2030 1128 2176 1184 sunt,

604 1218 767 1280 atque
796 1218 1134 1265 terrasmotus
1170 1207 1344 1264 factus
1365 1217 1450 1263 est
1494 1223 1740 1279 magnus,
1767 1216 1822 1264 et
1846 1219 2036 1264 caetera
2059 1223 2180 1280 quat

602 1302 656 1355 in
707 1302 956 1370 passione
1005 1301 1123 1371 ejus
1166 1309 1384 1355 ostensa
1432 1307 1576 1354 sunt.
1635 1318 1655 1351 ι
1714 1299 1929 1356 Excelsi
1982 1300 2177 1356 succisi

601 1400 745 1458 sunt,
776 1411 796 1444 ι
826 1392 881 1447 id
907 1401 993 1448 εει
1012 1389 1183 1446 Judaei
1208 1390 1475 1446 humiliati
1501 1398 1647 1458 sunt,
1672 1401 1731 1447 et
1768 1407 1799 1445 a
1824 1392 2042 1462 proprio
2064 1390 2176 1446 solo

601 1485 798 1540 succisi
820 1493 878 1539 et
908 1484 1134 1554 projecti
1161 1492 1304 1539 sunt.

674 1594 694 1627 ι
730 1576 799 1630 Ει
838 1575 1217 1631 subvertentur
1254 1574 1542 1630 condensa.
1591 1594 1609 1627 ι
1642 1574 1702 1629 ld
1742 1583 1828 1630 est
1877 1574 2174 1631 densitates

603 1686 621 1718 ι
644 1667 878 1723 saltuum
894 1665 1307 1723 ferroaSaltum
1320 1667 1924 1738 appellatllierusalem,
1950 1676 2174 1738 propter

597 1758 994 1814 multitudinem
1024 1758 1342 1829 populorum
1364 1774 1485 1830 quae
1517 1759 1727 1814 succisa
1771 1766 1856 1814 est
1884 1758 2031 1814 ferro
2054 1758 2170 1814 Ro—
2275 1766 2474 1822 trusad
2490 1766 2638 1822 illos:
2669 1785 2689 1819 ι
2711 1766 3053 1822 Pcenitemini
3079 1777 3133 1822 et
3145 1769 3572 1833 convertimini,
3595 1772 3785 1827 ιιιάὼε

564 1869 571 1881 ε
593 1863 897 1904 manorum.
926 1849 1038 1904 «.Et
1056 1848 1295 1906 Libanus
1317 1866 1440 1906 cum
1462 1851 1694 1907 excelsis
1718 1852 1897 1917 cadet,
1929 1871 1950 1904 ι
1984 1852 2038 1907 id
2063 1862 2153 1918 est1

2278 1863 2367 1911 tur
2399 1864 2580 1912 vestra
2621 1865 2867 1927 peccata.
2922 1850 2942 1909 ε
2991 1855 3251 1913 Similiter
3276 1874 3384 1928 per
3423 1862 3776 1928 pradicatiou

592 1939 929 1997 Hierusalem
976 1957 1100 1997 cum
1144 1942 1515 1997 sacerdotibus
1562 1951 1617 1996 et
1658 1942 1993 2012 principibus
2031 1943 2163 1998 suis.

588 2034 695 2090 Per
722 2033 985 2088 Libanum
1015 2034 1274 2090 debemus
1303 2034 1603 2104 intelligere
1626 2034 1880 2105 templum
1922 2035 2003 2091 vel
2028 2036 2164 2090 civi-

586 2132 778 2190 tatem,
830 2125 972 2180 sicut
992 2125 1189 2180 dicitur
1208 2140 1303 2195 per
1327 2127 1643 2196 prophetam
1672 2141 1687 2179 :
1719 2125 1903 2196 Aperi,
1938 2126 2163 2193 Libane,

586 2223 773 2285 portas
803 2222 944 2280 tuas,
970 2223 1039 2271 et.
1060 2214 1280 2271 devoret
1301 2215 1442 2287 ignis
1466 2217 1656 2273 cedros
1675 2225 1816 2273 tuas.

1216 2347 1444 2406 CAPUT
1473 2348 1560 2403 XI.

656 2501 674 2534 ι
709 2481 1031 2554 Egredietur
1063 2481 1230 2553 virga
1272 2482 1339 2537 de
1375 2482 1555 2537 radice
1600 2480 1770 2537 Jesse.
1819 2502 1838 2535 ι
1894 2481 2010 2539 Vox
2036 2499 2163 2554 pro-

581 2576 758 2647 phetae
794 2576 862 2629 de
885 2573 1168 2629 nativitate
1194 2572 1427 2628 Domini.
1473 2572 1757 2642 Propheta:
1807 2588 1916 2629 non
1943 2582 2162 2629 servant

578 2663 825 2721 ordinem
856 2664 1115 2720 historiae.
1163 2661 1421 2733 Superius
1457 2661 1602 2716 enim
1628 2661 1763 2717 dixit
1807 2662 1875 2717 de
1903 2664 2161 2734 passione

576 2756 793 2812 Domini
839 2771 855 2810 :
897 2770 1043 2811 nunc
1081 2768 1212 2810 vero
1265 2753 1502 2824 loquitur
1550 2753 1617 2809 de
1653 2753 1938 2810 nativitate
1992 2755 2156 2812 illius.

577 2846 743 2919 Virga
782 2847 850 2903 de
875 2847 1056 2902 radice
1081 2846 1234 2902 Jesse
1260 2860 1474 2918 egressa
1497 2856 1605 2912 est,
1657 2847 1783 2916 quia
1807 2848 1959 2920 virgo
1988 2848 2158 2903 Maria

574 2953 644 2995 ex
680 2939 975 3009 propagine
1002 2937 1174 2992 David
1196 2944 1318 2991 orta
1348 2946 1449 2991 est.
1505 2956 1523 2988 ι
1560 2936 1684 2991 Flos
1727 2938 1794 2992 de
1824 2938 2006 2993 radice
2039 2937 2158 3007 ejus

572 3030 849 3094 ascendet,
888 3048 908 3083 ›
962 3030 1019 3084 id
1046 3038 1129 3084 est
1177 3030 1244 3085 de
1312 3029 1518 3085 semine
1562 3027 1717 3083 Jesse
1765 3030 1936 3098 patris
1987 3029 2158 3086 David

575 3120 825 3175 Christus
865 3130 1025 3175 natus
1049 3128 1154 3186 est,
1197 3117 1295 3175 llos
1326 3119 1606 3186 virtutum,
1627 3127 1685 3174 et
1707 3133 1907 3174 corona
1937 3119 2157 3190 angelo-

574 3225 718 3275 rum,
746 3218 800 3265 et
821 3217 1024 3265 sertum
1055 3208 1217 3265 etiam
1247 3208 1526 3265 hominum
1554 3208 1870 3265 electorum.

652 3321 670 3354 ι
705 3302 772 3358 Ει
801 3302 1109 3373 requiescet
1141 3316 1302 3371 super
1329 3316 1474 3366 eum,
1513 3320 1531 3353 ι
1587 3300 1642 3355 id
1679 3308 1764 3356 est
1801 3316 1964 3373 super
1988 3300 2148 3359 Chri-

570 3405 711 3450 stum
741 3414 759 3444 ‹
797 3393 1021 3463 spiritus
1050 3392 1283 3447 Domini.
1311 3411 1331 3444 ι
1367 3391 1480 3448 Hoc
1501 3391 1779 3464 impletum
1807 3402 1909 3461 est,
1934 3396 2150 3467 quando

568 3485 875 3555 baptizatus
901 3492 985 3539 est
1014 3499 1045 3538 a
1077 3483 1281 3540 Joanne
1322 3485 1377 3539 in
1410 3483 1663 3541 Jordane.
1711 3484 1999 3556 Requievit
2034 3487 2151 3560 Spi-

570 3578 958 3637 ritus.’sanctus
1001 3592 1163 3648 super
1183 3592 1304 3631 eum
1345 3576 1400 3631 in
1429 3578 1609 3648 specie
1634 3578 1919 3646 columbae,
1961 3588 2015 3635 ει
2045 3595 2150 3636 vox

569 3667 749 3725 Patris
771 3669 955 3725 audita
981 3676 1066 3723 est
1116 3667 1266 3740 (Luc.
1299 3668 1405 3741 ιιι).
1457 3669 1710 3725 Attamen
1739 3685 1847 3725 non
1880 3680 1964 3727 est
1996 3672 2152 3728 intel-

567 3761 839 3832 ligendum
864 3759 1008 3832 quod
1037 3762 1103 3817 ab
1134 3761 1222 3817 illo
1252 3761 1588 3818 solummodo
1626 3772 1867 3833 tempore
1920 3765 2149 3836 coeperit

566 3854 813 3910 habitare
854 3852 1087 3924 Spiritus
1118 3861 1336 3908 sanctus
1381 3852 1435 3907 in
1472 3853 1700 3909 Domino
1750 3852 1877 3908 Jesu
1908 3854 2144 3920 Christo,

567 3944 660 4015 qui
689 3944 984 3999 secundum
1015 3941 1353 3997 divinitatem
1385 3950 1508 3997 ante
1540 3944 1723 3997 omnia
1746 3943 1942 3998 saecula
1968 3960 2150 4015 aequa-

565 4036 692 4091 liter
715 4051 835 4092 cum
873 4035 1037 4090 Patre
1078 4035 1314 4105 possedit
1337 4035 1511 4103 ipsum
1560 4032 1821 4104 Spiritum
1856 4045 2141 4104 sanctum;

565 4125 663 4181 sed
686 4124 845 4181 sicuti
878 4138 945 4178 ex
974 4131 1213 4192 tempore
1249 4122 1615 4192 conceptionis
1636 4124 1930 4178 secundum
1956 4126 2145 4181 huma-

566 4216 819 4279 nitatem,
852 4222 1002 4267 tanta
1032 4222 1115 4267 est
1142 4213 1316 4285 gratia
1343 4212 1538 4268 collata
1566 4212 1618 4268 ei
1664 4213 1947 4270 Mediatori
1970 4216 2067 4271 Dei
2091 4225 2146 4272 et

565 4305 845 4361 hominum
871 4304 1078 4360 hemini
1103 4303 1229 4361 Jesu
1268 4303 1503 4371 Christo,
1550 4314 1611 4361 ut
1640 4321 1799 4362 verus
1825 4318 1967 4364 esset
2000 4308 2142 4364 Deus

563 4407 619 4453 et
651 4412 810 4453 verus
839 4399 999 4454 homo
1029 4416 1042 4453 :
1094 4398 1169 4453 ita
1209 4406 1265 4453 et
1313 4399 1608 4455 secundum
1653 4401 1797 4470 quod
1833 4401 1996 4457 homo
2012 4400 2139 4469 fuit,

565 4489 800 4562 Spiritus
827 4501 1047 4547 sanctus
1073 4506 1235 4564 super
1274 4492 1425 4549 illum
1453 4496 1739 4566 requievit,
1771 4496 1988 4566 quando
2015 4513 2142 4569 ope-

561 4582 775 4638 ratione
820 4581 1064 4652 ejusdem
1115 4582 1348 4653 Spiritus
1394 4587 1567 4640 sancti
1624 4587 1678 4642 in
1713 4596 1868 4644 utero
1915 4590 2143 4661 virginis

563 4690 782 4732 carnem
809 4685 1011 4731 nostrae
1045 4674 1359 4747 fragilitatis
1392 4668 1683 4747 assumpsit
1710 4678 1866 4747 (Luc.
1895 4681 1976 4751 ι).

633 4788 761 4845 Haec
806 4804 934 4845 vero
973 4774 1179 4860 septem
1212 4789 1352 4845 dona
1394 4788 1629 4860 Spiritus
1663 4791 1862 4858 sancti,
1908 4808 2027 4863 quae
2051 4794 2138 4850 hic

561 4889 1077 4947 commemorantur,
1128 4881 1186 4935 in
1229 4880 1443 4937 Christo
1496 4882 1865 4952 requiescunt,
1925 4885 2050 4953 quia
2082 4885 2136 4941 in

560 4974 679 5047 ipso
702 4972 914 5029 habitat
935 4972 1113 5030 omnis
1138 4971 1416 5042 plenitudo
1447 4973 1748 5030 divinitatis
1777 4976 2136 5045 corporaliter

560 5062 700 5137 (Col.
728 5078 747 5119 ι
775 5072 823 5119 et
848 5061 935 5136 ιι).

639 5175 658 5208 ι
711 5154 829 5211 Νοιι
859 5156 1153 5212 secundum
1178 5155 1443 5212 visionem
1475 5157 1755 5213 oculorum
1786 5156 2068 5228 judicabit.
2106 5180 2125 5213 ι

556 5245 617 5302 Id
672 5254 758 5302 εει
803 5261 913 5301 non
966 5247 1208 5303 attendet
1254 5260 1541 5316 personam
1588 5248 1843 5315 hominis,
1885 5250 2011 5321 quia
2066 5251 2131 5306 de

558 5352 624 5395 eo
660 5338 917 5409 scriptum
966 5346 1093 5393 est:
1128 5356 1146 5388 ι
1184 5337 1304 5392 Non
1353 5346 1434 5394 est
1475 5352 1830 5408 personarum
1879 5351 2133 5413 acceptor

554 5427 724 5495 Deus,
766 5427 861 5484 sed
901 5428 955 5483 in
992 5430 1139 5485 omni
1176 5438 1337 5501 gente
1374 5431 1466 5500 qui
1514 5432 1670 5488 timet
1704 5446 1827 5489 eum
1873 5444 2128 5507 acceptus

556 5528 645 5577 est
666 5519 741 5576 illi
765 5519 903 5591 (Act.
936 5518 1014 5591 χ).
1068 5539 1085 5572 ι

635 5633 656 5668 ι
689 5612 892 5686 Argnet
916 5616 970 5669 in
994 5617 1248 5686 aequitate
1284 5633 1384 5689 pro
1407 5618 1704 5676 mansuetis
1724 5626 1901 5678 teme.
1925 5643 1945 5677 ι
1980 5623 2129 5681 Tunc

557 5706 845 5777 nerepavit
888 5709 1144 5764 Dominus
1178 5711 1599 5780 reprehensores
1627 5714 1909 5770 humilium
1931 5758 1945 5783 ,
2001 5725 2125 5774 cd’m

561 5793 804 5865 discipuli
872 5796 985 5866 ejus
1058 5801 1393 5859 ambulantes
1478 5818 1576 5874 per
1643 5813 1759 5861 sata
1831 5806 2128 5866 evellebant

2292 573 2505 645 (Matth.
2528 590 2640 640 xu;
2666 574 2832 629 Marc.
2863 592 2991 641 vm;
3027 576 3158 630 Luc.
3190 576 3285 649 vr).
3311 576 3455 634 Nam
3473 595 3616 635 cum
3638 583 3844 642 vidim

2290 663 2395 720 hoc
2438 665 2682 733 quidam,
2729 668 3201 737 reprehenderunt
3242 670 3556 739 apostolos.
3618 671 3721 728 Sed
3754 683 3838 746 qua

2289 753 2417 809 fecit
2429 754 2723 812 Dominus?
2747 758 3026 829 redarguit
3040 759 3407 829 apostolorum
3422 764 3833 824 conth

2287 856 2343 903 et
2366 847 2506 903 dixit
2528 849 2671 904 illis:
2704 849 2821 904 tlte
2839 860 2895 906 ct
2922 852 3111 908 discite
3143 853 3272 922 quid
3296 864 3402 917 est,
3433 855 3826 916 misericordia

2285 938 2426 1006 volo,
2457 947 2512 994 et
2538 954 2648 994 non
2671 940 2999 996 sacriﬁcium
3024 942 3237 1012 (Matth.
3270 959 3322 998 tv
3348 961 3365 1009 ;
3401 942 3544 999 Ose.
3570 947 3673 1017 vi).
3699 970 3716 1000 ι
3746 969 3761 999 ι
3791 953 3826 1005 Β

2252 1094 2258 1100 ,
2283 1034 2552 1105 percutiet
2580 1044 2782 1091 terram
2812 1024 3098 1105 virga'oris
3125 1037 3226 1091 sui.
3258 1056 3277 1089 ι
3308 1036 3556 1092 Terram
3587 1044 3819 1113 posuitpn

2284 1127 2681 1183 habitatoribus
2708 1136 2886 1193 terrm;
2904 1130 3116 1198 virgam
3139 1145 3238 1198 pro
3261 1131 3530 1185 doctrina
3557 1136 3814 1204 evangelia

2283 1216 2508 1283 Quando
2526 1219 2795 1286 percussit
2819 1218 2938 1274 illos
2974 1220 3148 1289 virga,
3199 1221 3254 1275 id
3283 1228 3372 1276 est
3412 1221 3667 1277 doctrina
3711 1242 3810 1281 evas-
3859 1222 3861 1289 λ

2281 1305 2453 1377 gelica
2480 1306 2503 1359 ?
2546 1306 2679 1361 Cum
2708 1321 2806 1377 per
2832 1308 3270 1377 praedicationem
3298 1311 3683 1380 apostolorum
3714 1318 3807 1384 prin-

2281 1398 2417 1467 cipis
2444 1397 2612 1463 Petri,
2659 1407 2782 1467 post
2800 1400 3179 1454 ascensionem
3203 1400 3349 1457 illius
3382 1402 3800 1460 credideram:

2280 1490 2367 1545 die
2389 1490 2490 1545 tria
2521 1490 2708 1557 millia,
2732 1491 2903 1546 altera
2928 1491 3015 1547 die
3037 1493 3277 1563 quinque
3300 1493 3514 1561 millia,
3540 1505 3599 1550 et
3619 1498 3795 1567 deinde

2277 1581 2446 1636 multa
2476 1581 2642 1636 millia
2672 1600 2686 1637 :
2719 1582 2961 1638 dicentes
2999 1585 3092 1652 qui
3132 1585 3505 1639 crediderant
3549 1588 3709 1642 audita
3731 1591 3793 1655 ἠδ

2275 1675 2658 1745 praedicatione
2682 1693 2694 1729 :
2722 1694 2740 1726 ι
2769 1675 2907 1743 Quid
2933 1674 3208 1740 faciemus,
3236 1677 3338 1731 viri
3370 1676 3787 1734 ff‘JU’CSJJElPE'

2266 1948 2637 2017 apostolorum
2663 1948 2825 2003 corda
2850 1948 3168 2018 populorum
3196 1950 3519 2019 percussit:
3543 1953 3717 2020 quando
3735 1970 3774 2004 is

2268 2039 2575 2110 linquentes
2599 2040 2849 2111 proprias
2881 2039 3208 2104 voluntates,
3234 2040 3654 2109 baptizabantur
3674 2044 3769 2097 nu-

2264 2134 2417 2189 mine
2448 2132 2596 2190 Jesu.
2655 2133 2841 2189 Potest
2877 2142 2933 2188 et
2970 2148 3067 2203 per
3107 2135 3317 2203 virgam
3360 2138 3630 2192 senteun'a
3672 2140 3767 2191 diva

2267 2227 2535 2283 examinis
2562 2226 2802 2296 intelligi.
2853 2226 3088 2282 Veniens
3118 2228 3386 2284 Dominus
3421 2230 3480 2284 in
3518 2246 3666 2295 carne,
3696 2235 3761 2302 pi-

2266 2334 2416 2374 mum
2446 2320 2615 2388 coepit
2645 2321 2942 2389 praedicare
2962 2323 3340 2392 paenitentiam
3370 2324 3596 2380 dicens:
3634 2344 3649 2375 ι
3676 2325 3752 2379 Pe-

2265 2410 2548 2466 nitentiam
2576 2412 2737 2482 agite,
2778 2402 3402 2483 appropinquabitenim
3449 2417 3743 2487 regna-rw-

2266 2516 2386 2556 rum
2414 2501 2631 2572 (Matth.
2652 2502 2749 2575 ιν).
2783 2524 2802 2557 ι
2849 2504 2914 2559 Ει
2936 2506 3275 2575 postmodum
3308 2509 3602 2564 subintuﬁt:
3623 2506 3739 2563 «θε-

2265 2593 2351 2646 nis
2384 2594 2551 2648 arbor
2577 2609 2697 2663 qua:
2738 2610 2844 2650 non
2867 2594 2999 2651 facit
3031 2595 3264 2653 fructum
3292 2598 3532 2668 Mnqu,
3572 2598 3747 2655 ωάιω

2263 2692 2321 2738 ει
2348 2684 2401 2738 in
2433 2684 2610 2753 ignem
2658 2686 2901 2741 mittetur
2941 2686 3157 2759 (Matth.
3190 2690 3314 2761 vn).
3362 2712 3384 2744 ι
3419 2691 3530 2748 Hac
3558 2689 3751 2749 aestatis.

2266 2773 2359 2829 isti
2386 2775 2586 2845 judicis
2614 2777 2947 2834 advenientis
2976 2787 3321 2836 terrenarum
3367 2780 3752 2841 hominumconh.

2268 2866 2638 2938 relinquentes
2671 2870 2898 2940 pristina
2925 2870 3077 2937 vitia,
3107 2885 3399 2943 cmperunt
3432 2876 3495 2929 ad
3518 2876 3753 2945 baptisnmn

2260 2956 2405 3014 illius
2440 2958 2732 3026 conﬂuere,
2784 2959 2851 3014 de
2904 2962 3099 3030 quibus
3152 2963 3404 3034 discipuli
3444 2964 3634 3021 Joannis
3668 2962 3756 3017 iuvi

2259 3050 2452 3108 dentes
2494 3051 2728 3120 Christo,
2781 3054 3033 3110 dixerunt
3082 3057 3345 3125 magistro
3379 3074 3475 3114 suo
3512 3079 3525 3113 :
3564 3078 3581 3108 ι
3618 3057 3753 3113 flabit.

2258 3157 2384 3199 ecce
2417 3145 2598 3215 plures
2641 3147 2866 3201 veniunt
2906 3148 2975 3203 ad
3011 3146 3194 3203 Jesum
3247 3166 3403 3219 quem
3431 3161 3478 3205 tu
3513 3148 3752 3220 baptizasi.

2176 3211 2226 3293 (ἶ
2257 3211 2436 3309 quam—
2460 3240 2525 3294 ad
2563 3249 2613 3294 te
2637 3239 2819 3312 (Joan.
2844 3245 2951 3314 ιιι).
2992 3262 3011 3294 ι
3053 3261 3071 3294 ι
3103 3243 3172 3298 Ει
3192 3211 3375 3314 spiritu
3410 3211 3625 3298 labici-um
3646 3257 3752 3295 suo-

2250 3346 2373 3385 rum
2398 3330 2690 3387 interﬁciet
2720 3333 2966 3403 impium.
3011 3354 3030 3387 ι
3057 3335 3114 3391 ld
3140 3346 3227 3393 est
3251 3338 3596 3397 Antichristum,
3621 3334 3736 3386 sicut

2253 3423 2386 3480 dicit
2406 3426 2655 3496 egregius
2678 3428 2998 3497 praedicator
3021 3447 3034 3483 :
3055 3450 3073 3481 ι
3094 3431 3269 3497 Quem
3282 3432 3503 3486 Dominus
3522 3427 3653 3482 Jesus
3670 3426 3745 3478 ia-

2252 3518 2485 3573 terliciet
2524 3518 2715 3589 spiritu
2738 3519 2850 3574 oris
2876 3522 2959 3574 sui
3008 3519 3092 3592 (11
3128 3521 3307 3577 Thess.
3341 3523 3420 3593 ιι).
3448 3541 3463 3571 ι
3516 3520 3576 3573 Et
3610 3518 3748 3571 licet:

2252 3604 2514 3662 Michaele
2540 3618 2937 3677 prosternatur,
2960 3612 3105 3667 sicut
3121 3615 3342 3683 quidam
3371 3615 3569 3677 dicunt,
3593 3608 3742 3664 Domini

2252 3704 2435 3753 tamen
2458 3707 2590 3753 nutu
2625 3698 2751 3754 illud
2780 3701 3181 3774 adimplehitur.

2328 3809 2347 3841 ι
2383 3790 2452 3845 Ει
2476 3792 2579 3846 erit
2594 3792 2806 3862 justitia
2827 3792 3100 3865 cingulum
3120 3795 3432 3851 lumborum
3461 3793 3580 3864 ejus.
3618 3812 3632 3845 ι
3661 3790 3746 3857 Quis

2248 3879 2386 3935 vidit
2414 3897 2649 3950 unquam
2680 3882 2957 3955 cingulum
3010 3885 3076 3940 de
3096 3886 3332 3956 justitia,
3388 3898 3482 3943 aut
3516 3886 3745 3942 cinaedm

2249 3972 2317 4028 de
2346 3973 2494 4030 ﬁde?
2524 3974 2907 4047 Perjustitiam
2943 3987 2997 4033 et
3018 3977 3176 4034 ﬁdem
3199 4021 3214 4045 ,
3246 3981 3512 4037 debemus
3536 3979 3744 4049 intelligere

2250 4075 2485 4133 sanctos,
2533 4067 2623 4136 qui
2650 4082 2747 4137 per
2788 4069 2947 4124 ﬁdem
2986 4079 3039 4124 et
3072 4070 3344 4139 justitiam
3368 4074 3624 4145 aper-aude
3642 4074 3743 4127 inm.

2247 4154 2477 4211 Domino
2521 4159 2798 4213 cohaerent
2832 4162 2974 4215 sicut
3019 4163 3367 4220 vestimenta.
3424 4166 3567 4222 Unde
3598 4181 3651 4221 ει
3677 4177 3747 4231 per

2246 4262 2376 4303 sona
2402 4247 2580 4304 Patris
2606 4249 2843 4320 loquitur
2862 4253 3028 4309 lsaias
3041 4256 3147 4309 alio
3175 4256 3228 4310 in
3255 4257 3380 4312 loco
3398 4260 3467 4314 de
3499 4258 3646 4313 Filio;
3669 4254 3745 4307 vim

2235 4354 2368 4411 ego,
2414 4340 2541 4410 quia
2571 4341 2655 4397 his
2682 4343 2935 4400 omnibus
2955 4345 3101 4400 velut
3137 4347 3477 4404 vestimento
3497 4348 3704 4404 vestieris-

2322 4450 2341 4484 ι
2389 4431 2665 4490 Habitabit
2698 4434 2856 4506 lupus
2884 4452 3007 4493 cum
3037 4454 3198 4510 agno.
3237 4460 3257 4492 ι
3305 4439 3445 4498 Haec
3478 4444 3619 4514 juxta
3646 4440 3747 4494 tu'sto-

2246 4523 2386 4579 riam
2436 4534 2623 4581 carent
2671 4542 2857 4583 sensu.
2897 4529 3199 4602 Allegorice
3244 4543 3466 4603 autem,
3513 4550 3600 4607 per
3637 4532 3748 4601 Iw“

2248 4630 2533 4686 possumus
2564 4616 2864 4687 intelligere
2899 4635 3101 4676 saevum
3127 4631 3182 4677 et
3209 4622 3498 4682 infidelem
3532 4626 3750 4683 bonum:

2247 4719 2417 4776 agnus
2439 4721 2566 4761 vero
2596 4708 2809 4775 humili,
2851 4719 2906 4765 et
2934 4724 3236 4778 mansueto,
3278 4714 3546 4787 ﬁdelique
3571 4712 3753 4771 assinﬁa

2245 4802 2353 4851 tur.
2406 4795 2586 4866 Lupus
2608 4813 2738 4869 ergo
2761 4816 2885 4857 cum
2923 4818 3060 4874 agno
3086 4805 3351 4861 habitavit
3397 4821 3529 4880 post
3548 4811 3756 4865 adversus

2242 4886 2477 4954 Domini,
2546 4888 2746 4945 Paulus
2785 4893 3017 4949 crudelis
3064 4906 3383 4964 persecutor
3458 4916 3578 4956 cum
3616 4897 3755 4953 Ausus

2240 4991 2546 5051 mansueto,
2587 4985 2667 5040 vel
2689 5000 2811 5041 cum
2839 4988 3020 5044 Petro.
3049 4988 3149 5045 Sic
3163 5000 3220 5044 et
3245 4991 3312 5045 de
3332 4994 3532 5050 multis
3559 4992 3758 5061 accipien-

2240 5073 2390 5142 dum,
2435 5075 2528 5146 qui
2549 5078 2615 5133 de
2642 5079 2840 5134 duritia
2861 5080 3256 5137 incredulitatis
3305 5084 3374 5138 ad
3400 5085 3568 5141 ﬁdem
3611 5080 3759 5138 Domini

2238 5177 2521 5222 venerunt.
2574 5168 2783 5225 Pardus
2831 5171 3096 5243 signiﬁcat
3128 5172 3406 5230 hominem
3441 5174 3762 5247 multiplicibus

2240 5260 2558 5318 criminibus
2596 5272 2652 5319 et
2689 5266 2967 5323 erroribus
3003 5268 3353 5336 maculatum,
3386 5270 3679 5329 honoribus
3713 5277 3763 5319 t1-

2238 5364 2361 5405 men
2390 5352 2546 5409 istius
2572 5353 2751 5410 saeculi
2779 5356 3088 5427 pollentem.

2308 5443 2503 5501 Haedus
2551 5458 2897 5519 comparatur
2933 5452 3122 5509 humili
3164 5456 3467 5524 peccatori.
3537 5474 3557 5507 ι
3608 5449 3767 5509 Pardlis
3860 5458 3861 5524 ἰ

2229 5549 2360 5608 ergo
2388 5551 2511 5593 cum
2533 5539 2686 5595 haedo
2715 5541 3001 5610 habitavit,
3034 5563 3053 5595 ι
3092 5545 3146 5599 id
3168 5553 3271 5610 est,
3301 5548 3579 5617 superbus
3618 5555 3767 5616 νεοα-

2230 5634 2317 5682 tor
2361 5644 2483 5684 cum
2511 5628 2700 5687 humili
2744 5643 3029 5705 peccatore
3066 5636 3205 5691 infra
3233 5648 3485 5692 sanctam
3521 5634 3770 5693 Ecclesia-

2230 5724 2489 5785 manebit.
2534 5739 2642 5778 non
2678 5724 2980 5797 despiciens
3010 5726 3180 5793 illum,
3212 5727 3340 5782 licet
3380 5728 3619 5784 terrenis
3644 5719 3771 5781 lucris
3860 5728 3861 5781 ἒ

2229 5810 2429 5884 polleat
2456 5831 2470 5867 :
2504 5815 2629 5885 quia
2657 5820 3111 5879 verecundabitur
3132 5819 3200 5878 de
3228 5822 3345 5879 suis
3372 5821 3565 5879 malis.
3612 5815 3772 5876 Haedis
