3918 6468
100 378 227 439 781

1253 345 1617 436 ἐοιιιιιειιτ.
1653 375 1724 433 ιιι
1758 376 2013 435 ιεΑιΑιι.
2054 375 2181 432 LIB.
2214 376 2281 434 ιι.

3291 382 3397 440 782

100 506 312 557 autem
331 510 441 552 non
467 495 590 552 ideo
613 503 962 567 comparatur
998 500 1283 550 mansueto
1314 494 1457 564 quod
1487 493 1543 548 in
1570 492 1703 548 siui-
1728 495 1781 557 Α
1804 500 1985 547 autem
2023 492 2153 546 dicit
2184 490 2441 562 reliquias
2463 490 2689 546 duarum
2719 489 2979 561 tribuum,
3000 508 3137 565 quas
3162 495 3399 569 relique-

100 593 259 650 stris
299 591 371 646 sit
402 606 414 643 :
452 588 548 645 sed
572 590 697 659 quia
733 588 1028 645 mortiﬁcat
1070 590 1420 658 semetipsum
1473 588 1702 644 Domino

106 682 271 757 (Col.
301 680 405 752 ιιι).
456 679 561 735 Per
589 679 813 734 vitulum
840 688 895 734 et
918 694 1098 745 ovem,
1121 677 1368 734 similiter
1390 676 1620 733 humiles
1653 684 1708 732 et

110 774 466 838 innocentes,
514 772 604 841 qui
632 771 1043 827 semortiiicant
1093 786 1215 828 cum
1242 772 1389 826 vitiis
1427 781 1483 826 et
1508 786 1706 825 concu—

106 865 432 939 piscentiis.
493 862 598 919 Per
643 863 855 919 leonem
894 873 1074 919 autem
1116 862 1352 933 aliquem
1408 862 1709 932 principem

110 960 292 1017 istius
317 956 499 1013 saeculi
546 971 837 1028 possumus
868 955 1190 1024 intelligere,
1233 954 1324 1024 qui
1357 952 1560 1023 pariter
1585 966 1710 1006 cum

112 1050 512 1108 innocentibus
532 1049 586 1103 in
613 1047 857 1103 Ecclesia
892 1056 1156 1102 moratur.
1217 1043 1480 1100 Similiter
1502 1059 1603 1115 per
1628 1043 1704 1098 vi-

113 1142 303 1198 tulum
330 1151 385 1196 et
414 1155 601 1195 ursum
626 1138 1039 1210 intelligendum
1060 1146 1163 1193 est.

204 1253 225 1287 ι
280 1233 392 1288 Leo
437 1232 590 1301 quasi
618 1230 717 1286 bos
756 1232 1001 1286 comedet
1029 1231 1230 1300 paleas.
1263 1248 1282 1281 ι
1336 1229 1442 1285 Per
1478 1228 1710 1296 leonem,

112 1339 245 1388 rex,
273 1324 387 1379 sive
410 1322 603 1391 aliquis
630 1321 712 1392 (ut
736 1321 941 1377 dictum
969 1322 1074 1393 est)
1098 1321 1350 1390 princeps
1376 1320 1710 1392 intelligitur;

111 1431 226 1487 per
254 1416 448 1471 bovem
483 1423 683 1479 autem,
726 1412 951 1482 quilibet
980 1412 1228 1483 simplex.
1264 1412 1377 1491 Leo
1406 1428 1535 1483 ergo
1561 1412 1717 1484 quasi

115 1507 230 1562 hos
261 1506 495 1562 comedit
521 1504 719 1575 paleas,
754 1505 1052 1574 simplicem
1074 1504 1326 1559 videlicet
1353 1505 1715 1561 intellectum:

117 1597 255 1668 quia
279 1597 548 1668 principes
582 1596 736 1650 istius
759 1595 941 1651 saeculi
965 1595 1183 1649 litterali
1215 1595 1503 1665 superficie
1550 1606 1605 1651 et
1627 1597 1718 1652 lii-

121 1688 301 1743 storia
332 1688 574 1743 contenti
609 1696 753 1753 sunt,
787 1686 929 1741 sicut
954 1695 1009 1740 et
1033 1686 1307 1755 simplices
1335 1688 1554 1758 quique.

206 1799 228 1832 ‹
274 1780 344 1835 Ει
372 1780 730 1836 delectabitur
773 1779 976 1833 infans.
1035 1798 1052 1832 ι
1107 1779 1376 1835 Infantem
1411 1781 1499 1837 hic
1525 1796 1715 1851 possu-

1805 595 1930 640 rant
1957 584 2032 640 illi
2050 585 2231 656 populi
2254 585 2345 655 qui
2366 593 2769 650 enumerantur,
2789 594 2844 641 et
2872 601 2979 642 non
3011 588 3401 649 interfecerant

1805 688 1936 730 eos:
1971 674 2066 729 sed
2096 688 2194 743 per
2218 688 2408 729 omnes
2435 673 2618 746 plagas
2646 675 2834 731 mundi
2863 675 2984 731 illos
3006 678 3220 733 exsules
3251 679 3399 737 fece-

1805 775 1947 822 rant.
1972 766 2068 822 Vel
2101 767 2265 822 etiam
2291 768 2528 823 secundo
2557 765 2774 836 adjiciet
2803 783 3023 824 manum
3052 784 3207 825 suam
3236 772 3291 826 in
3310 772 3401 829 die

1801 856 2030 928 judicii:
2065 857 2300 928 quando,
2332 858 2659 927 praedicante
2709 858 2825 913 Elia
2854 866 2904 915 et
2946 859 3133 917 Enoch
3159 902 3175 929 ,
3221 863 3400 919 omnis

1808 950 1972 1007 Israel
1998 950 2091 1021 qui
2121 949 2371 1005 inventus
2398 948 2564 1004 fuerit
2593 951 2913 1007 salvabitur.

1886 1060 1905 1093 r
1957 1041 2026 1096 Et
2052 1040 2248 1095 levabit
2286 1040 2497 1111 signum
2538 1061 2555 1093 ι
2616 1042 2883 1106 victoriae,
2916 1043 3021 1099 hoc
3059 1052 3144 1100 est
3180 1045 3393 1118 signum

1812 1132 2014 1188 ετιιείει
2042 1132 2096 1186 in
2118 1133 2364 1187 nationes
2392 1152 2409 1183 ι
2428 1147 2525 1201 per
2543 1133 2980 1200 praedicationem
3006 1137 3397 1205 apostolorum,

1812 1229 1874 1277 ut
1900 1222 2073 1277 sciant
2098 1237 2284 1277 omnes
2320 1229 2509 1293 gentes
2544 1238 2641 1292 per
2670 1224 2811 1292 quod
2843 1234 2967 1279 sunt
3003 1228 3264 1298 redempti
3304 1228 3403 1284 de-

1814 1313 1959 1368 victo
2001 1312 2231 1368 diabolo.
2295 1333 2314 1364 ι
2358 1313 2425 1367 Ει
2460 1314 2810 1385 congregabit
2846 1312 3100 1388 profugos
3135 1318 3320 1385 Israel,
3376 1337 3397 1371 ι

1818 1404 1871 1460 id
1905 1413 1988 1460 est
2019 1403 2138 1459 illos
2167 1402 2259 1474 qui
2282 1418 2349 1458 ex
2370 1402 2618 1457 tribubus
2641 1403 2868 1473 dispersi
2914 1415 3042 1460 sunt
3065 1422 3161 1476 per
3184 1408 3399 1464 diversa

1819 1514 2003 1567 regna.
2052 1517 2071 1549 ‹
2112 1498 2179 1552 Ει
2210 1499 2481 1569 dispersos
2517 1496 2656 1552 Juda
2699 1498 2937 1569 colliget,
2982 1518 3000 1551 ι
3058 1502 3161 1556 hoc
3208 1510 3291 1558 est
3331 1518 3398 1558 ex

1821 1590 1965 1644 tribu
1993 1586 2129 1643 Iuda
2159 1596 2214 1642 et
2242 1587 2539 1657 Benjamin.
2568 1586 2683 1643 Hoc
2706 1589 2775 1642 ad
2797 1588 2927 1643 illud
2950 1590 3203 1659 pertinet,
3229 1607 3400 1662 quan-

1822 1679 1890 1734 do
1924 1678 2185 1749 apostoli,
2215 1678 2302 1733 dic
2338 1678 2688 1734 Pcnteeostes
2739 1678 2939 1750 linguis
2963 1680 3136 1752 igneis
3194 1682 3405 1737 inﬂam-

1822 1772 1980 1839 mati,
2017 1779 2301 1841 cmperuut
2331 1772 2500 1826 variis
2538 1771 2767 1840 loquelis
2789 1770 2936 1842 loqui
2975 1773 3112 1843 (Act.
3154 1775 3237 1839 ιι).
3268 1775 3404 1831 Tra-

122 1888 257 1928 mus
295 1872 593 1942 intelligere
619 1871 905 1925 Dominum
935 1868 1121 1926 Iesum
1155 1870 1454 1937 Christum,
1492 1881 1713 1942 propter
1742 1853 1791 1915 Β
1820 1869 1954 1922 dunt
1982 1866 2125 1921 enim
2168 1864 2429 1930 historian,
2480 1864 2607 1935 quia
2636 1879 2703 1919 ex
2725 1864 2976 1920 omnibus
3012 1865 3145 1922 locis
3193 1869 3285 1924 ubi
3314 1869 3407 1924 Ju-

127 1961 502 2017 innocentiam
529 1978 544 2027 ;
580 1960 663 2015 vel
686 1960 928 2027 Petrum,
952 1960 1189 2016 autalios
1216 1961 1505 2031 apostolos,
1532 1971 1585 2016 et
1607 1962 1719 2017 cla-

128 2051 383 2106 rissimos
404 2060 623 2107 sanctos
654 2069 667 2104 :
710 2054 803 2121 qui
830 2052 1032 2106 malitia
1060 2053 1268 2122 parvuli
1297 2052 1535 2119 fuerunt,
1560 2040 1721 2110 sensu

124 2151 319 2198 autem
344 2143 567 2214 perfecti
620 2143 674 2214 (Ι
704 2143 827 2198 Cor.
859 2145 1004 2214 xxv);
1048 2146 1245 2214 quibus
1286 2144 1435 2201 dedit
1466 2146 1723 2201 Dominus

122 2240 458 2307 potestatem
487 2235 686 2304 ejicere
720 2236 990 2290 dmmones
1030 2235 1100 2290 de
1122 2237 1359 2292 obsessis
1383 2238 1718 2306 corporibus.

124 2324 355 2397 (Matth.
383 2341 415 2379 ι
441 2342 457 2390 ;
493 2326 664 2379 Marc.
694 2342 780 2391 v1;
810 2325 938 2380 Luc.
972 2342 1029 2380 ιχ
1055 2337 1103 2380 et
1133 2328 1211 2397 x).
1253 2327 1414 2398 Aspis
1451 2327 1723 2385 diabolum

134 2415 437 2488 signiﬁcat,
481 2416 571 2485 qui
602 2416 658 2469 in
687 2417 935 2471 cavernis
962 2425 1018 2471 et
1054 2416 1430 2483 foraminibus,
1461 2418 1512 2471 id
1543 2426 1626 2473 est
1667 2420 1724 2474 in

125 2509 394 2565 cordibus
406 2522 788 2580 perversorum
808 2526 826 2559 ‹
856 2509 1134 2564 hominum
1155 2508 1382 2565 habitat.
1413 2510 1523 2564 )Ab
1538 2512 1720 2579 ubere,

126 2611 320 2657 autem
347 2602 481 2658 dicit
508 2610 838 2673 separatum,
878 2600 931 2655 id
959 2609 1042 2656 est
1092 2616 1124 2655 a
1153 2600 1463 2656 carnalibus
1512 2603 1725 2658 deside-

125 2695 236 2751 riis
250 2703 567 2751 retractum.
622 2715 641 2749 ι
671 2695 740 2750 Et
762 2694 854 2765 qui
876 2693 1039 2749 fuerit
1067 2693 1385 2761 ablactatus,
1411 2695 1590 2751 mittet
1612 2713 1724 2752 ma-

124 2801 265 2842 num
287 2801 442 2842 suam
465 2786 520 2841 in
541 2801 832 2841 cavernam
859 2780 1048 2854 reguli.
1074 2802 1094 2835 ι
1121 2783 1360 2855 Regulus
1382 2793 1466 2841 est
1479 2800 1721 2857 serpens,

128 2895 234 2935 rex
262 2879 506 2934 omnium
540 2879 887 2949 serpentium,
941 2877 1034 2946 qui
1067 2891 1165 2932 suo
1189 2875 1320 2931 ﬂatu
1347 2877 1431 2932 vel
1456 2878 1573 2932 visu
1615 2895 1723 2935 non

125 2973 309 3028 solum
338 2972 561 3038 bestias,
598 2971 694 3026 sed
721 2971 886 3027 etiam
913 2984 1042 3025 aves
1080 2983 1178 3040 per
1206 2984 1331 3024 aera
1360 2968 1603 3026 volantes
1628 2986 1723 3026 ne-

127 3073 244 3132 cat,
307 3073 364 3121 et
403 3063 670 3135 significat
711 3061 1002 3118 diabolum.
1065 3061 1403 3129 Ablactatus,
1447 3062 1645 3117 dicitur
1689 3078 1724 3117 a

128 3160 273 3217 lacte
302 3170 598 3232 separatus.
631 3159 816 3215 Sancti
849 3173 982 3229 ergo
1013 3158 1108 3228 qui
1135 3158 1204 3213 ab
1233 3158 1435 3224 ubere,
1480 3158 1584 3213 hoc
1632 3165 1716 3214 est

130 3267 163 3307 a
190 3253 502 3308 carnalibus
541 3251 823 3307 desideriis
866 3250 1124 3304 abstracti
1162 3257 1308 3309 sunt,
1346 3255 1402 3302 et
1431 3248 1522 3317 qui
1564 3248 1715 3304 abla-

143 3346 285 3401 ctati
312 3353 459 3411 sunt,
488 3345 541 3399 id
563 3355 649 3399 est
688 3359 717 3397 a
750 3344 888 3397 laete
906 3340 1169 3410 separati,
1202 3341 1327 3408 quia
1349 3340 1461 3409 jam
1486 3340 1720 3395 solidum

132 3438 316 3492 cibum
342 3437 649 3506 percipiunt
682 3434 755 3504 (Η
765 3435 876 3487 ebr.
902 3432 977 3503 v),
1007 3433 1058 3487 id
1081 3441 1165 3487 est
1188 3431 1303 3500 jam
1335 3431 1563 3501 perfecti
1595 3439 1721 3487 sunt

134 3528 192 3581 in
222 3527 328 3581 fide
374 3537 428 3580 et
467 3524 782 3594 operatione
816 3538 831 3577 :
877 3523 953 3577 illi
980 3523 1319 3578 delectantur
1349 3523 1567 3578 mittere
1604 3539 1721 3579 ma-

134 3629 267 3668 num
298 3626 467 3676 suam,
504 3614 605 3667 hoc
635 3622 717 3667 est
747 3614 1117 3682 operationem
1151 3628 1261 3667 sua:
1291 3613 1717 3682 praedicationis,

136 3703 194 3758 in
227 3701 490 3757 foramine
527 3702 730 3772 aspidis
778 3711 833 3757 et
861 3703 916 3757 in
941 3718 1168 3756 caverna
1214 3702 1406 3773 reguli,
1449 3703 1504 3758 id
1538 3712 1624 3759 est
1666 3705 1720 3758 in

136 3793 393 3849 cordibus
420 3794 769 3864 perfidorum,
812 3804 867 3849 et
886 3795 1174 3851 extrahere
1218 3795 1348 3850 inde
1390 3805 1715 3865 serpentem,

135 3887 230 3957 qui
251 3896 475 3941 vocatur
498 3886 757 3942 diabolus.

215 3995 235 4029 ι
266 3976 383 4032 Non
407 3979 679 4033 nocebunt
706 3998 724 4030 ι
759 3978 861 4046 ipsi
888 3986 1166 4047 serpentes
1192 3996 1213 4029 ι
1241 3980 1295 4034 in
1324 3988 1506 4035 monte
1534 3989 1721 4037 sancto

135 4078 284 4131 meo,
326 4085 347 4119 ι
392 4067 445 4121 id
471 4076 553 4122 est
582 4067 635 4121 in
661 4066 898 4123 Ecclesia
923 4083 1064 4123 mea.
1102 4069 1218 4125 Vox
1236 4070 1445 4125 Domini
1475 4078 1556 4126 est
1584 4088 1597 4123 :
1651 4071 1721 4125 Et

137 4173 308 4229 quare
333 4175 438 4214 non
472 4160 786 4215 nocebunt?
826 4160 1093 4231 Propheta
1140 4162 1448 4218 manifestat
1478 4183 1491 4217 :
1528 4183 1547 4215 ‹
1595 4165 1720 4233 quia

136 4252 341 4321 mpleta
363 4258 446 4306 est
479 4261 622 4306 terra
646 4252 888 4306 doctrina
927 4272 945 4304 ι
974 4253 1302 4323 evangelica.
1337 4255 1396 4308 In
1420 4254 1554 4308 fines
1575 4254 1720 4309 enim

137 4344 285 4400 orbis
306 4353 480 4407 terras,
517 4360 680 4399 sonus
702 4346 1104 4415 praedicationis
1131 4348 1298 4403 exivit
1334 4347 1505 4419 (Psal.
1538 4348 1716 4419 xviii).

138 4433 207 4489 Et
241 4436 509 4505 quomodo
545 4437 750 4506 repleta
780 4438 907 4493 est?
955 4455 974 4490 ι
1019 4437 1173 4495 Sicut
1211 4455 1369 4509 aquae
1394 4439 1562 4494 maris
1593 4455 1722 4511 ope-

141 4529 342 4584 rientes
373 4549 393 4583 ι
424 4529 646 4584 fundum
672 4532 776 4586 sui.
803 4531 981 4600 Aliqui
1003 4533 1219 4586 codices
1249 4533 1447 4587 habent
1473 4534 1717 4604 aperien-

140 4628 223 4676 tes
252 4639 266 4674 :
291 4622 388 4676 sed
407 4622 543 4677 falso
580 4624 842 4693 scriptum
872 4632 975 4678 est.
1005 4624 1290 4694 Discrepat
1312 4626 1455 4680 enim
1479 4642 1511 4681 a
1532 4641 1713 4682 sensu.

140 4711 293 4767 Sicut
329 4727 458 4782 ergo
493 4727 645 4783 aquae
682 4712 993 4782 operientes
1036 4713 1363 4782 profundum
1399 4716 1567 4771 maris
1602 4717 1719 4774 :sic

141 4804 314 4859 omnis
337 4811 481 4859 terra
512 4803 739 4860 scientia
766 4805 857 4859 Dei
892 4804 1047 4875 plena
1078 4813 1181 4858 est.

218 4912 237 4944 ι
282 4894 348 4949 Ει
367 4896 474 4949 erit
504 4895 558 4949 in
587 4896 675 4950 die
701 4896 792 4949 illa
824 4913 837 4949 :
865 4895 1097 4966 Adjiciet
1123 4897 1383 4951 Dominus
1407 4899 1661 4954 secundo.
1695 4918 1715 4952 ι

144 4987 257 5043 Vox
288 4988 566 5058 prophetae
620 4989 685 5043 de
722 4985 924 5043 Judmis
952 4988 1046 5058 qui
1084 4987 1139 5041 in
1164 4988 1453 5043 Dominum
1481 4990 1722 5045 credide-

144 5088 284 5134 runt.
322 5078 448 5134 Dies
477 5080 822 5149 accipiendas
844 5088 928 5135 est
948 5096 1050 5150 pro
1075 5088 1335 5150 tempore.
1366 5081 1424 5136 In
1451 5098 1560 5151 quo
1584 5090 1717 5138 tem-

145 5182 271 5241 pore
295 5172 401 5225 erit
449 5171 632 5227 istud?
659 5172 916 5242 quandor
953 5171 1261 5241 sepulcrum
1295 5172 1512 5228 Domini
1557 5172 1721 5229 fuerit

148 5262 431 5332 gloriosum
458 5281 471 5317 :
514 5282 534 5316 ι
554 5264 657 5319 hoc
684 5272 769 5319 est
808 5272 933 5335 post
965 5263 1422 5320 resurrectionem
1448 5266 1721 5321 ascensio-

149 5368 376 5424 nemque
402 5354 536 5425 ejus.
576 5354 754 5421 Quare
790 5356 923 5410 dicit
947 5356 1185 5412 secundo
1220 5356 1242 5410 ?
1294 5356 1421 5427 quia
1450 5357 1566 5428 ipse
1595 5366 1720 5414 ante

150 5448 447 5519 passionem
471 5462 622 5501 suam
652 5448 890 5517 primum
916 5449 1249 5519 praedicavit,
1274 5450 1458 5506 dicens
1487 5468 1506 5525 ε.
1534 5470 1553 5502 ι
1589 5451 1717 5505 Ρω-

151 5539 428 5596 nitentiam
471 5539 614 5611 agite
642 5538 855 5610 (Matth.
906 5540 999 5610 iv).
1041 5561 1059 5594 ι
1108 5541 1238 5596 Post
1269 5544 1718 5601 resurrectionem

154 5646 299 5687 suam
322 5639 375 5687 et
400 5632 794 5699 ascensionem,
828 5631 1066 5688 secundo
1082 5632 1275 5701 adjecit
1302 5654 1318 5685 ι
1351 5650 1591 5702 manum,
1618 5657 1636 5687 ι
1664 5635 1718 5691 id

157 5731 234 5777 est
277 5723 713 5794 prmdieationem
743 5739 842 5796 per
884 5724 1178 5795 apostolos,
1215 5726 1415 5781 docens
1456 5726 1574 5781 illos
1614 5724 1721 5781 fru-

161 5821 272 5872 ctus
289 5816 473 5887 dignos
488 5818 818 5888 paenitentia:
833 5818 1009 5875 facere
1034 5818 1335 5891 (Lac.in).¢
1372 5820 1663 5878 Residuum
1695 5840 1712 5873 ι

1742 4573 1795 4632 Β

1820 1958 1919 2015 daei
1963 1964 2117 2012 antea
2160 1955 2389 2025 dispersi
2419 1952 2648 2019 fuerant,
2689 1955 2744 2010 in
2772 1955 2862 2010 illa
2894 1955 3188 2012 festivitate
3231 1960 3398 2030 aliqui

1822 2048 2039 2105 illorum
2073 2048 2339 2104 redissent
2385 2045 2451 2101 ad
2489 2046 2770 2118 proprium
2803 2047 2978 2102 solum
3010 2066 3023 2101 :
3054 2049 3193 2105 sicut
3226 2049 3403 2105 Lucas

1823 2141 1878 2196 in
1905 2141 2129 2197 Actibus
2165 2138 2531 2209 apostolorum
2577 2137 2750 2193 dicit:
2783 2137 2952 2194 Erant
2981 2147 3161 2196 autem
3199 2141 3254 2198 in
3282 2141 3409 2198 Hie-

1824 2233 2058 2288 rusalcm
2094 2232 2399 2287 habitantes
2427 2228 2601 2284 Judaei
2625 2230 2726 2283 viri
2754 2231 3017 2302 religiosi,
3045 2248 3111 2287 ex
3134 2235 3279 2289 omni
3309 2250 3409 2289 na-

1824 2326 1969 2381 tione
1993 2342 2115 2396 qum
2142 2326 2241 2381 sub
2277 2324 2418 2380 cmlo
2448 2332 2550 2379 est.
2585 2324 2663 2377 Ex
2695 2326 2891 2394 qu‘ihus
2919 2326 3266 2382 crediderunt
3300 2344 3407 2383 una

1825 2416 1911 2471 die
1943 2416 2019 2487 (ut
2054 2416 2261 2470 dictum
2290 2423 2375 2470 est
2398 2412 2510 2483 jam
2541 2413 2835 2487 superius),
2866 2416 3194 2485 praedicante
3222 2418 3403 2485 Petro,

1825 2504 1931 2558 tria
1956 2504 2147 2569 millia,
2175 2504 2343 2558 altera
2364 2502 2452 2559 die
2478 2503 2715 2575 quinque
2755 2504 2921 2560 millia
2946 2506 3085 2575 (Act.
3124 2524 3185 2576 ιι,
3224 2508 3305 2582 4),
3350 2519 3406 2567 ει

1825 2594 2080 2665 deinceps
2107 2593 2276 2648 multa
2314 2593 2507 2649 millia.

1901 2706 1917 2738 ι
1940 2686 2006 2741 Ει
2031 2684 2307 2741 auferetur
2334 2684 2481 2740 zelus
2508 2684 2786 2756 Ephraim,
2815 2694 2869 2741 et
2899 2688 3084 2745 hostes
3107 2686 3242 2745 Juda
3273 2706 3399 2763 per-

1827 2777 1998 2832 ibunt.
2037 2798 2055 2830 ι
2098 2776 2321 2845 Quando
2358 2777 2523 2833 Isaias
2572 2778 2673 2833 hoc
2722 2780 3068 2849 praedicabat,
3119 2785 3407 2840 contrariae

1826 2869 1969 2924 inter
1990 2884 2047 2923 se
2076 2870 2263 2924 decem
2293 2868 2463 2924 tribus
2488 2868 2625 2925 Juda
2649 2885 2713 2925 ac
2738 2868 3020 2940 Beniamin
3050 2882 3223 2929 erant.
3254 2873 3411 2931 Tem-

1824 2965 2047 3034 poribus
2072 2973 2251 3019 autem
2273 2963 2661 3034 apostolorum,
2700 2964 2775 3019 illi
2806 2967 2897 3036 qui
2934 2969 3275 3025 crediderant
3296 2980 3407 3026 tam
3507 2953 3513 2964 ’

1826 3072 1895 3113 ex
1924 3055 2061 3113 Iuda
2111 3072 2270 3127 quam
2304 3073 2367 3112 ex
2416 3056 2717 3126 Benjamin,
2770 3075 2875 3115 non
2916 3066 3228 3134 pugnabant
3267 3065 3408 3121 inter

1828 3164 1885 3206 se
1930 3150 2089 3206 sicuti
2126 3150 2296 3219 prius,
2342 3149 2427 3204 bis
2464 3150 2555 3220 qui
2605 3152 2878 3224 conjuncti
2920 3166 3076 3211 erant
3116 3158 3171 3213 in
3200 3160 3408 3216 unitate

1741 3216 1786 3282 ε
1818 3240 1942 3297 ﬁdei
1971 3250 2027 3296 et
2048 3216 2370 3297 dilectionis.

1895 3349 1914 3382 ι
1953 3331 2023 3385 Ει
2057 3331 2315 3385 volabunt
2344 3330 2399 3385 in
2430 3331 2685 3387 humeros
2716 3333 3006 3390 Philistiim
3048 3353 3145 3408 per
3173 3356 3342 3397 mare.
3380 3362 3397 3395 ι

1819 3421 1920 3489 Qui
1958 3432 2127 3477 erunt
2164 3422 2253 3478 isti
2323 3423 2415 3493 qui
2443 3424 2751 3480 volabunt?
2799 3428 3063 3499 Apostoli,
3115 3432 3182 3488 de
3211 3434 3407 3504 quibus

1821 3512 1948 3569 alibi
1977 3515 2235 3585 scriptum
2269 3522 2351 3569 est
2383 3532 2394 3568 :
2438 3514 2541 3584 Qui
2587 3526 2713 3572 sunt
2753 3520 2840 3575 isti
2891 3523 2983 3591 qui
3014 3532 3073 3577 ut
3103 3525 3273 3581 nubes
3311 3542 3406 3583 vo-

1821 3605 1977 3662 lant?
2020 3606 2213 3663 Volare
2240 3618 2416 3664 autem
2463 3611 2733 3678 dicuntur,
2774 3624 2993 3685 propter
3019 3618 3249 3674 celerem
3281 3637 3405 3676 cur-

1822 3716 1942 3757 sum
1971 3720 1983 3755 :
2010 3702 2135 3771 quia
2167 3695 2397 3771 apostoli
2421 3719 2518 3773 per
2535 3720 2683 3760 mare
2708 3712 3206 3782 magnumnavigio
3229 3722 3407 3771 trans-

1822 3792 2000 3848 ierunt
2029 3793 2095 3847 ad
2129 3794 2331 3849 insulas
2355 3794 2791 3852 Philistinorum:
2826 3801 2966 3855 sicut
2990 3803 3180 3858 beatus
3209 3803 3408 3862 Paulus
3446 3806 3467 3813 ”

1821 3887 2118 3956 apostolus,
2138 3888 2230 3957 qui
2259 3888 2504 3943 Rhodum
2546 3890 2775 3946 insulam
2803 3903 2856 3948 et
2886 3893 3245 3965 Pamphiliam
3274 3915 3396 3955 ver-

1820 3978 2085 4034 bumvita:
2114 3978 2295 4033 docuit
2322 3977 2459 4051 (Act.
2484 3980 2675 4051 xxvn).
2703 3981 2995 4055 Propterea
3021 3996 3198 4043 autem
3221 3991 3411 4046 dicun-

1823 4077 1911 4124 tur
1931 4069 2113 4125 volare
2157 4085 2323 4139 super
2342 4071 2597 4128 humeros
2625 4073 3033 4132 Philistinorum
3057 4120 3072 4145 ,
3098 4081 3224 4149 quia
3266 4082 3408 4139 sicut

1822 4161 1939 4215 avis
1969 4161 2147 4229 evolat
2174 4178 2337 4233 supra
2368 4178 2577 4217 ramum
2611 4165 2812 4231 subito,
2844 4167 2918 4220 ita
2950 4169 3198 4237 apostoli,
3226 4169 3400 4242 inspi-

1823 4260 1977 4319 rante
2031 4253 2260 4308 Domino
2305 4253 2554 4309 adierunt
2600 4254 2741 4321 illos,
2797 4265 2852 4311 et
2889 4258 3137 4315 similiter
3176 4262 3405 4332 praedati

1823 4351 1949 4399 sunt
1990 4343 2127 4398 filios
2151 4342 2387 4401 Orientis
2432 4362 2527 4400 sua
2580 4332 2980 4416 praedicatione.
3017 4370 3035 4401 ‹
3073 4350 3303 4409 Idumzea
3346 4363 3403 4411 et

1825 4434 1979 4491 Moab
2040 4447 2365 4508 praeceptum
2420 4453 2612 4493 manus
2673 4455 2880 4506 eorum,
2932 4462 2951 4494 ›
3010 4444 3264 4502 subaudis
3317 4464 3401 4503 se-

1823 4538 2077 4601 quentur.
2150 4528 2366 4584 Idumaei
2412 4545 2647 4600 namque
2724 4540 2777 4586 et
2837 4532 3082 4590 Moabitae
3132 4546 3402 4607 praecepto

1822 4621 2132 4691 evangelico
2183 4636 2239 4674 se
2263 4629 2677 4691 supposuerunt,
2722 4622 3009 4679 credentes
3040 4625 3092 4678 in
3120 4624 3394 4682 Christum

1823 4713 2015 4769 Filium
2045 4712 2160 4768 Dei.
2192 4730 2210 4763 ι
2244 4712 2311 4766 Ει
2343 4713 2434 4767 filii
2462 4713 2692 4769 Ammon
2726 4734 2739 4769 :
2772 4736 2790 4768 ι
2824 4716 3074 4773 similiter
3103 4736 3121 4769 ι
3142 4718 3399 4776 obedien-

1826 4814 1907 4863 tes
1943 4827 1961 4857 ι
1985 4805 2203 4862 fuerunt
2235 4806 2494 4861 doctrina:
2523 4806 2756 4862 illorum.

1901 4917 1919 4949 ι
1956 4898 2023 4953 Ει
2047 4898 2311 4953 desolabit
2339 4898 2598 4952 Dominus
2622 4897 2856 4969 linguam
2884 4901 3050 4958 maris
3082 4902 3320 4974 Egypti.
3373 4924 3392 4956 ι

1825 4990 2285 5058 Quemadmodum
2334 4990 2550 5045 Idumaei
2596 4999 2651 5045 et
2671 4992 2937 5059 Moabitae,
2994 5003 3047 5049 et
3073 4995 3399 5052 Ammonitte

1822 5084 2136 5138 obcdicntes
2203 5081 2525 5137 exstiterunt
2596 5085 2877 5155 prmceptis
2926 5086 3249 5154 evangelicis
3301 5104 3399 5159 per

1821 5172 2258 5245 praedicationem
2288 5171 2645 5241 apostolorum
2677 5192 2691 5227 :
2740 5174 2821 5227 sic
2852 5173 2965 5241 ipse
2997 5174 3253 5232 Dominus
3297 5178 3392 5231 de-

1824 5264 2021 5322 solabit
2067 5278 2163 5333 per
2215 5264 2558 5334 semetipsum
2623 5264 2859 5335 linguam
2909 5264 3077 5320 maris
3149 5266 3392 5339 Egypti.

1825 5356 1971 5413 Mare
1993 5355 2205 5427 Egypti
2233 5355 2529 5426 appellatur
2550 5363 2771 5427 propter
2796 5355 3193 5412 multitudinem
3222 5374 3394 5429 popu-

1826 5448 2018 5504 lorum.
2049 5445 2115 5500 Et
2141 5445 2454 5509 notandum,
2487 5445 2610 5514 quia
2640 5431 2788 5499 mare
2814 5461 2918 5499 non
2949 5446 3110 5501 habet
3136 5446 3395 5517 linguam,

1825 5538 1919 5595 sed
1950 5537 2312 5608 metaphorice
2359 5534 2610 5604 loquitur.
2654 5533 2916 5606 Linguam
2956 5550 3085 5606 ergo
3112 5538 3295 5604 maris,
3343 5538 3396 5593 id

1826 5643 1910 5690 est
1966 5634 2216 5705 populum
2269 5633 2484 5704 [Egypli
2529 5631 2789 5687 desolavit
2838 5632 3094 5688 Dominus
3122 5675 3136 5699 ,
3182 5637 3397 5707 quando

1826 5728 1944 5784 illos
1974 5728 2063 5798 qui
2112 5735 2234 5782 ante
2260 5726 2401 5781 soliti
2436 5734 2591 5779 erant
2630 5725 2786 5781 labiis
2819 5726 2930 5782 suis
2958 5727 3176 5782 laudare
3219 5738 3271 5783 et
3300 5729 3397 5783 ad-

1825 5835 1982 5876 orare
2011 5820 2147 5876 idola
2170 5819 2497 5883 manufacta,
2518 5818 2821 5874 immutavit
2847 5836 2942 5893 per
2962 5838 3067 5897 pm
3090 5823 3393 5880 iicaticncm
