3918 6476
617 383 721 439 ’185

614 495 998 569 apostolorum,
1038 498 1097 543 ut
1122 494 1336 558 possent
1386 491 1440 538 et
1469 483 1666 537 scirent
1696 477 1919 532 laudare
1958 474 2186 530 Creato-
2216 478 2263 538 Α
2289 474 2431 529 enim
2467 471 2843 544 magniﬁcatus
2874 480 2958 527 est

613 566 731 646 rem
766 602 924 642 suum
958 590 1013 639 et
1060 582 1427 635 liberatorem.
1465 574 1607 629 Gens
1638 571 1780 624 enim
1815 566 2196 637 Egypﬁorum

612 679 734 751 plus
763 676 1013 732 omnibus
1040 672 1284 741 gentibus
1306 666 1482 722 dedita
1499 664 1597 717 fuit
1621 659 1932 717 idololatriae
1953 663 2013 710 et
2030 659 2200 711 vanis-

614 748 768 828 simae
813 762 1175 838 superstitioni
1206 759 1508 814 daemonum
1539 774 1550 809 :
1584 754 1634 808 in
1665 760 1869 806 tantum
1902 757 1963 802 ut
2005 748 2203 818 accipi-

615 871 778 926 trem,
817 868 870 913 et
892 870 1099 917 canem,
1136 859 1190 905 et
1214 849 1445 907 asinum,
1476 861 1574 915 pro
1609 843 1709 897 deo
1735 841 2003 896 colerent.
2048 838 2201 893 Tunc

496 948 513 953 ﬁ
614 971 747 1011 vero
794 949 1022 1005 mutavit
1082 944 1341 1000 Dominus
1386 941 1624 1009 linguam
1651 938 1789 1007 ejus,
1843 936 2063 1004 quando
2109 934 2203 988 de-

614 1046 810 1104 struxit
834 1041 1117 1099 simulacra
1149 1054 1269 1107 qua:
1304 1043 1428 1089 ante
1455 1032 1715 1087 adorabat
1756 1038 1811 1084 et
1834 1028 2113 1091 laudabat,
2147 1033 2201 1081 et

614 1136 779 1206 coepit
811 1133 1056 1189 conﬁteri
1081 1129 1324 1185 Creatori
1355 1142 1451 1181 suo
1479 1123 1829 1192 iniquitatem
1857 1134 2036 1185 suam,
2070 1135 2199 1173 con-

610 1244 767 1284 versa
802 1227 867 1280 ad
894 1224 1287 1296 paenitentiam.
1320 1239 1339 1271 r
1371 1219 1438 1273 Et
1465 1216 1666 1272 levabit
1694 1212 1953 1270 Dominus
1976 1226 2198 1266 manum

611 1336 763 1378 suam
792 1333 955 1387 super
982 1316 1199 1374 ﬂumen,
1236 1334 1253 1365 ι
1292 1313 1397 1366 hoc
1422 1318 1501 1363 est
1525 1322 1686 1376 super
1701 1319 1924 1371 regnum
1956 1301 2194 1374 Egypti,

617 1431 635 1464 ι
676 1412 730 1465 in
764 1407 1077 1464 fortitudine
1114 1404 1335 1473 spiritus
1379 1400 1483 1463 sui,
1523 1419 1540 1450 ι
1576 1398 1627 1452 id
1655 1405 1738 1451 est
1778 1396 1829 1449 in
1879 1393 2197 1451 fortitudine

611 1503 1003 1558 Romanorum.
1066 1515 1084 1546 ι
1121 1495 1189 1548 Et
1224 1491 1488 1562 percutiet
1518 1504 1639 1543 eum
1681 1487 1734 1540 in
1781 1494 1990 1555 septem
2040 1482 2194 1547 rivis,

615 1594 690 1647 ita
712 1600 773 1646 ut
805 1597 1079 1644 transeant
1129 1600 1225 1656 per
1251 1598 1372 1639 eum
1421 1580 1663 1636 calceati.
1699 1598 1716 1629 ι
1758 1576 1987 1643 Quando
2027 1575 2196 1629 Isaias

612 1685 718 1740 hoc
741 1681 1087 1753 praedicabat,
1129 1675 1363 1731 nondum
1408 1680 1526 1727 erat
1557 1670 1709 1724 Nilus
1734 1683 1965 1737 magnus
2002 1667 2195 1722 ﬂuvius

613 1773 835 1827 divisus.
885 1768 1193 1824 Alexander
1218 1780 1348 1819 vero
1372 1761 1592 1816 Macedo
1618 1759 1799 1814 divisit
1826 1758 1976 1812 illum
2006 1765 2192 1827 postea

1106 369 1459 431 annosus
1498 363 1970 424 HALBERSTAT.
2008 358 2227 420 arise.
2264 362 2412 419 ore.
2449 361 2626 417 PARS
2658 362 2700 417 ι.
2726 357 3174 417 —-'COMMENT.
3212 356 3379 413 BIBL.
3746 362 3811 419 78,

3009 489 3022 526 :
3068 471 3149 527 sic
3173 477 3367 542 pangat
3393 471 3597 526 iterum
3621 487 3728 529 cum
3751 492 3808 531 se

2300 565 2468 620 lutum
2497 564 2657 619 fuerit
2680 566 2962 632 imperium
2986 563 3220 626 illorum,
3267 572 3321 616 et
3358 562 3622 617 Dominus
3643 567 3807 634 cmpait

2301 671 2527 727 regnare
2550 670 2711 727 super
2732 656 2851 711 illos
2879 675 2892 709 :
2929 655 3162 725 psallens
3184 670 3305 708 cum
3337 654 3531 709 lzetitia
3554 664 3607 710 et
3632 658 3802 713 exsulta-

2304 747 2462 807 tione,
2492 747 2712 802 dicens:
2749 765 2768 797 ‹
2814 746 3086 801 Conﬁteor
3115 746 3232 811 tibi,
3263 747 3512 811 Domine,
3564 768 3583 799 ι
3636 749 3719 805 hoc
3754 764 3801 805 est

2300 837 2609 908 gloriﬁcabo
2653 847 2703 891 te
2730 847 2787 892 et
2820 837 3206 908 magniﬁcabo,
3241 858 3260 889 ‹
3300 838 3563 908 quoniam
3592 839 3706 895 iram
3732 858 3797 897 ne
3844 858 3845 908 ἦ

2301 932 2405 991 rui.
2454 933 2545 985 sed
2579 931 2727 985 furor
2752 940 2877 985 tuus
2914 932 2968 985 in
2997 931 3422 986 misericordiam
3459 945 3644 986 versus
3663 944 3740 993 est,
3768 949 3795 987 ft

2300 1022 2606 1077 consolatus
2633 1037 2692 1076 es
2740 1038 2846 1086 me,
2886 1042 2903 1073 ι
2957 1021 3010 1077 id
3052 1030 3136 1077 est
3173 1023 3467 1092 suscepisti
3518 1038 3602 1078 me
3630 1032 3676 1078 et
3703 1027 3791 1081 reﬁ-

2299 1116 2442 1170 misti
2477 1117 2541 1169 de
2569 1132 2728 1171 manu
2753 1117 2945 1172 mortis
2986 1126 3042 1172 et
3065 1118 3417 1173 calamitatis.

2375 1227 2394 1258 ι
2438 1207 2577 1263 Ecce
2628 1209 2770 1263 Deus
2820 1208 3055 1263 salvator
3099 1223 3275 1263 meus.
3314 1228 3333 1260 ι
3388 1208 3550 1265 Iesus
3592 1209 3783 1271 Hebr-aia,

2298 1299 2489 1354 Latine
2529 1298 2775 1355 Salvator
2817 1300 3225 1369 interpretatur.
3280 1300 3354 1355 Et
3378 1315 3553 1370 quare
3588 1300 3780 1355 Salvator?

2299 1393 2421 1462 quia
2474 1410 2494 1444 ‹
2526 1392 2645 1461 Ipse
2671 1393 2877 1448 salvum
2918 1392 3078 1448 faciet
3108 1394 3365 1464 populum
3399 1410 3557 1448 suum
3583 1410 3609 1448 a
3635 1398 3778 1464 peccatis

2297 1499 2486 1538 eorum
2528 1482 2742 1554 (Matth.
2774 1484 2835 1551 ι).
2874 1504 2890 1535 ι
2929 1485 3069 1539 Ecce
3105 1485 3247 1540 Deus
3297 1501 3482 1549 meus,
3537 1484 3671 1542 Iesus
3695 1504 3774 1540 mw

2289 1573 2402 1643 jam
2426 1575 2595 1637 venit,
2632 1576 2744 1646 jam
2790 1589 2874 1630 me
2910 1592 3009 1631 suo
3038 1567 3296 1648 sanguine
3332 1578 3580 1645 pretioso
3621 1577 3770 1640 redemit

2291 1668 2402 1737 jam
2461 1667 2696 1737 gladium
2747 1668 3057 1723 versatilem
3103 1669 3195 1738 qui
3247 1678 3371 1723 erat
3424 1680 3548 1725 ante
3574 1670 3767 1740 partem

2298 1759 2451 1831 (Gen.
2495 1762 2577 1833 Ill)
2613 1762 2806 1817 extulit
2841 1780 2855 1816 :
2903 1761 3248 1833 confringens
3277 1771 3476 1834 portas
3519 1780 3662 1819 aereas
3686 1767 3765 1818 han-

612 1866 667 1921 in
696 1873 898 1934 septem
932 1863 1094 1916 rivos.
1146 1853 1425 1928 Regnante
1462 1861 1639 1908 autem
1666 1851 1883 1906 Ctesare
1925 1850 2192 1919 Augusto,
2224 1831 2269 1890 Β
2301 1853 2404 1907 thri
2438 1869 2453 1907 :
2490 1831 2599 1923 jam
2622 1854 2832 1922 aperuit
2857 1854 2991 1909 mihi
3014 1831 3233 1924 januam
3265 1831 3516 1911 caelestis
3540 1857 3762 1926 regamus

609 1958 824 2028 quando
852 1954 950 2010 ﬂos
988 1954 1053 2008 de
1082 1951 1264 2006 radice
1312 1947 1463 2003 Iesse
1492 1953 1713 2001 exortus
1745 1952 1849 2008 est,
1894 1951 1948 1997 et
1972 1943 2024 1996 in
2062 1942 2195 1996 urbe

606 2047 854 2107 Romana
898 2045 1072 2113 prima
1103 2041 1243 2096 facta
1267 2048 1352 2094 est
1372 2036 1663 2106 descriptio
1687 2032 1838 2103 (Luc.
1868 2033 1931 2101 ιι)
1965 2051 1979 2086 :
2012 2041 2196 2101 poten-

612 2114 882 2192 tissimum
920 2148 1144 2202 regnum
1198 2129 1574 2200 Egyptiorum
1628 2127 1772 2196 quod
1814 2123 1994 2178 multis
2039 2121 2195 2176 annis

612 2227 843 2283 solidum
893 2232 1185 2286 manserat,
1219 2222 1272 2275 in
1300 2228 1473 2274 morte
1505 2217 1806 2287 Cleopatra:
1862 2215 2194 2270 destructum

607 2328 690 2374 est
720 2335 733 2372 :
762 2325 817 2373 et
839 2316 1007 2372 divisa
1033 2322 1118 2370 est
1166 2313 1343 2367 omnis
1387 2308 1657 2380 Egyptus
1685 2308 1737 2361 iu
1783 2313 1988 2375 septem
2020 2303 2190 2367 rivos,

607 2410 713 2465 hoc
742 2416 825 2464 est
869 2408 923 2463 in
953 2414 1158 2475 septem
1198 2402 1493 2473 principes,
1552 2415 1670 2469 qua:
1696 2405 1852 2452 antea
1890 2394 1990 2450 sub
2030 2393 2193 2449 unius

606 2502 843 2558 hominis
894 2500 1156 2570 regimine
1211 2495 1511 2552 constabat.
1577 2492 1728 2546 Nilus
1783 2491 1946 2545 etiam
2000 2487 2192 2541 ﬂuvius

608 2610 873 2664 aquarum
899 2592 1213 2654 multarum,
1246 2589 1337 2657 qui
1365 2595 1653 2656 antequam
1681 2585 1749 2638 ab
1781 2581 2083 2638 Alexandro
2112 2580 2193 2634 di-

614 2678 890 2743 videretur
922 2681 1378 2740 intrausmeabilis
1403 2689 1519 2736 erat
1544 2721 1558 2745 ,
1606 2679 1732 2734 dum
1780 2676 2010 2732 Romani
2048 2676 2193 2746 ipsos

605 2779 751 2835 rivos
773 2776 1212 2848 ampliﬁcassent,
1247 2775 1300 2829 in
1330 2782 1537 2828 tantum
1560 2771 1864 2828 exsiccatus
1891 2776 1975 2823 est
2000 2768 2193 2823 decur-

604 2886 733 2925 rens
775 2884 872 2939 per
902 2868 1233 2925 humillimas
1257 2864 1445 2928 valles,
1483 2871 1542 2917 ut
1571 2862 1731 2916 siccis
1758 2859 1981 2930 pedibus
2006 2866 2183 2913 trans-

605 2961 794 3014 iretur.
846 2959 970 3012 Ideo
997 2966 1175 3011 autem
1225 2955 1421 3009 dicitur
1451 2953 1684 3006 maxime
1734 2951 1788 3005 in
1817 2956 2024 3019 septem
2057 2947 2192 3002 rivis

607 3065 730 3104 esse
753 3062 1069 3119 percussum
1101 3045 1229 3098 illud
1258 3058 1505 3113 regnum,
1527 3042 1653 3110 quia
1685 3046 1893 3109 septem
1912 3035 2191 3108 principes

605 3156 705 3210 pro
741 3155 848 3194 uno
881 3138 1108 3201 habens,
1154 3136 1323 3207 gloria
1350 3132 1599 3205 potentia:
1634 3130 1749 3199 ejus
1789 3130 2057 3185 minorata
2082 3135 2184 3183 est.

605 3231 743 3287 Nam
767 3230 932 3284 alium
960 3242 1141 3297 regem
1168 3226 1400 3280 habebat
1446 3223 1637 3294 Libya,
1666 3222 1830 3276 alium
1857 3217 2190 3289 Pentapolis,

608 3323 775 3377 alium
810 3319 1136 3375 Alexandria
1160 3358 1175 3384 ,
1202 3324 1363 3385 atque
1394 3314 1558 3368 alium
1589 3311 1845 3367 Thebais.
1894 3309 2192 3379 Propterea

606 3429 737 3469 vero
760 3414 859 3468 sub
891 3412 1205 3479 metaphora
1244 3406 1396 3462 Nilus
1416 3405 1608 3459 ﬂuvius
1638 3403 1846 3457 divisus
1871 3409 1956 3457 est
1984 3400 2038 3455 in
2064 3414 2191 3470 par-

620 3518 724 3573 tes,
755 3516 811 3561 et
831 3521 1003 3561 caesus
1040 3504 1093 3557 in
1117 3503 1261 3556 rivos
1286 3518 1299 3554 :
1330 3508 1390 3553 ut
1434 3497 1660 3569 apostoli
1700 3494 1944 3559 calceati,
1972 3495 2077 3549 hoc
2104 3501 2192 3549 est

612 3600 731 3655 sine
760 3597 1171 3670 impedimento,
1215 3593 1437 3649 verbum
1485 3589 1761 3660 Evangelii
1807 3587 2185 3658 praedicantes,

598 3700 822 3762 possent
865 3691 1169 3746 discurrere
1224 3687 1415 3749 libere,
1459 3692 1514 3738 et
1573 3682 1641 3737 ad
1691 3681 1909 3736 ultimos
1959 3678 2189 3750 populos

605 3783 821 3856 λεπρῑί
859 3780 1164 3851 pervenire.

677 3894 695 3926 ι
743 3874 809 3929 Et
842 3873 947 3928 erit
974 3872 1058 3925 via
1110 3891 1127 3921 ι
1165 3884 1262 3939 per
1290 3867 1584 3940 Egyptum
1645 3885 1664 3917 ‹
1721 3863 1940 3920 residuo
1988 3861 2188 3933 populo

602 3982 723 4023 meo
758 3969 848 4035 qui
878 3963 1216 4032 relinquetur
1245 3962 1310 4015 ab
1337 3959 1597 4029 Assyriis,
1625 3957 1767 4012 sicut
1790 3955 1890 4010 fuit
1913 3954 2097 4010 Israeli
2128 3954 2185 4009 in

598 4058 688 4113 die
722 4074 826 4128 qua
860 4056 1101 4110 ascendit
1128 4055 1195 4108 de
1222 4061 1368 4106 terra
1409 4050 1650 4121 Egypti.
1688 4068 1707 4101 ι
1758 4048 1899 4104 Ante
1929 4047 2182 4103 nativita-

605 4156 711 4203 tem
739 4146 973 4210 Domini,
1004 4160 1111 4199 non
1136 4152 1252 4199 erat
1287 4142 1493 4199 licitum
1530 4141 1784 4211 pepulum
1831 4139 2063 4210 aliquem
2118 4138 2185 4194 de

598 4247 756 4307 gente
781 4238 834 4292 in
864 4248 1075 4309 gentem
1103 4236 1357 4301 transire;
1377 4244 1496 4305 post
1521 4234 1826 4305 passionem
1857 4248 1985 4287 vero
2014 4230 2180 4296 illius,

598 4330 810 4386 libitum
834 4331 1022 4387 habuit
1048 4331 1139 4401 qui
1167 4330 1337 4385 voluit
1360 4330 1425 4385 de
1456 4330 1677 4399 regione
1696 4329 1749 4383 in
1776 4327 2050 4398 regionem
2078 4326 2178 4380 ire.

595 4421 738 4476 Dicit
784 4436 912 4476 vero
944 4421 1204 4477 Dominus
1234 4422 1301 4477 de
1329 4421 1610 4491 apostolis,
1643 4427 1700 4476 et
1750 4419 2025 4491 primitiva
2079 4417 2183 4473 Ec-

594 4513 783 4578 clesia,
836 4521 892 4568 et
920 4513 987 4568 de
1010 4512 1207 4569 Iudaeis
1229 4514 1319 4584 qui
1355 4514 1408 4567 in
1432 4529 1555 4568 eum
1599 4511 1971 4575 crediderunt,
1998 4526 2026 4563 a
2054 4508 2177 4576 qui-

594 4599 699 4662 bus
732 4607 1141 4662 disseminatum
1180 4616 1263 4662 est
1301 4606 1650 4676 Evangelium
1698 4620 1795 4674 per
1818 4612 2051 4673 quatuor
2079 4602 2177 4657 cli-

597 4704 746 4750 mata
796 4697 980 4751 mundi
1020 4714 1035 4752 :
1084 4696 1237 4764 Quod
1286 4698 1427 4757 sicut
1484 4695 1649 4751 Israel
1702 4695 1849 4750 nullo
1891 4695 2180 4750 resistente

596 4789 818 4843 transiit
845 4805 996 4846 mare
1021 4788 1295 4855 Rubrum,
1323 4791 1403 4845 sic
1444 4789 1519 4844 illi
1547 4805 1655 4844 non
1684 4787 1856 4843 solum
1888 4802 1986 4857 per
2011 4785 2181 4859 Egy-

591 4894 766 4954 ptum,
792 4899 981 4940 verum
1003 4884 1167 4938 etiam
1206 4899 1301 4954 per
1327 4884 1459 4939 ﬁnes
1495 4892 1762 4939 terrarum
1791 4879 1973 4953 (Psal.
1995 4881 2173 4951 xvm),

593 4976 710 5033 sine
750 4976 1217 5048 aliquoobstaculo
1246 4975 1527 5031 transituri
1561 4983 1762 5031 essent.

1195 5109 1422 5167 CAPUT
1457 5110 1571 5166 XII.

666 5264 685 5298 ι
732 5245 802 5301 Ει
843 5246 991 5301 dices
1046 5246 1100 5300 in
1128 5245 1213 5300 die
1260 5243 1370 5299 illa.
1409 5263 1426 5299 ι
1483 5241 1750 5312 Loquitur
1799 5241 2064 5311 propheta
2107 5238 2175 5294 ad

588 5345 793 5393 emtum
820 5336 1171 5399 credentium,
1194 5343 1252 5388 ut
1274 5333 1596 5390 confiteatur
1620 5332 1847 5387 Domino
1870 5333 1924 5386 in
1952 5331 2043 5385 illa
2066 5331 2173 5398 die,

587 5425 693 5483 hoc
726 5436 812 5483 est
830 5427 885 5482 in
908 5426 997 5481 illo
1018 5435 1279 5495 tempore,
1319 5439 1441 5479 cum
1466 5424 1704 5493 dispersa
1730 5423 1895 5479 fuerit
1911 5424 2173 5494 Egyptus

590 5515 645 5569 in
684 5525 887 5586 septem
918 5516 1209 5587 principes,
1255 5523 1308 5568 et
1344 5522 1547 5568 mutata
1580 5513 1759 5584 lingua
1799 5514 1915 5582 ejus
1960 5515 2028 5568 ad
2058 5514 2172 5568 lau-

589 5606 827 5661 dandum
857 5606 1046 5661 Deum.
1096 5605 1161 5659 Et
1183 5603 1322 5659 sicut
1361 5603 1600 5659 cantavit
1623 5604 1893 5658 canticum
1922 5603 2168 5668 Domino,
2230 5640 2234 5646 ι

590 5698 808 5765 quando
870 5713 1124 5766 egressus
1171 5703 1256 5751 est
1318 5710 1386 5749 ex
1431 5694 1705 5763 ergastulo
1792 5692 2170 5765 Egyptiarum

596 5787 821 5855 transito
844 5788 1002 5846 mari.
1058 5787 1282 5843 dicens:
1318 5785 1610 5843 Cantemus
1640 5786 1886 5863 Domino,
1946 5785 2177 5856 gloriose

2295 1959 2401 2013 que
2432 1962 2451 1994 ι
2489 1943 2810 1999 ﬁducialiter
2843 1960 3001 2015 agam
3035 1965 3052 1996 ι
3082 1945 3135 1999 in
3170 1945 3458 2000 mandatis
3481 1945 3600 2014 ejus,
3623 1967 3638 1998 ι
3659 1956 3758 2000 etas

2295 2033 2519 2099 timebo,
2555 2052 2572 2085 ι
2604 2036 2858 2104 quoniam
2910 2050 3017 2090 non
3059 2043 3184 2090 sunt
3223 2036 3495 2091 timenda.
3526 2036 3620 2092 Non
3653 2052 3754 2107 pom

2295 2124 2525 2193 amplius
2572 2125 2624 2179 in
2659 2125 2817 2181 idolis
2851 2116 3003 2195 Spem
3042 2141 3238 2189 meam,
3286 2125 3396 2181 sed
3430 2126 3484 2181 in
3522 2127 3751 2182 Dominum

2295 2230 2440 2279 meo,
2467 2214 2556 2285 qui
2587 2223 2670 2269 est
2704 2233 2723 2265 ‹
2764 2214 3022 2271 fortitudo
3060 2235 3079 2268 ι
3112 2224 3167 2272 et
3190 2219 3478 2287 protectio
3511 2238 3529 2270 ι
3553 2235 3637 2273 mea
3658 2233 3751 2271 »παι

2295 2314 2380 2361 tra
2409 2306 2591 2362 omnia
2624 2307 2871 2371 adversa,
2894 2326 2913 2358 ι
2932 2314 2987 2362 et
3008 2308 3133 2378 :qui
3152 2329 3171 2360 ι
3195 2307 3379 2364 factus
3413 2318 3495 2365 est
3514 2308 3749 2364 millium-

2294 2402 2403 2449 tem
2438 2415 2454 2446 ι
2492 2394 2687 2468 refugii
2721 2405 2775 2452 et
2800 2397 2853 2452 in
2879 2398 3225 2453 liberatorem
3258 2401 3500 2456 inimici.

2371 2504 2390 2537 ι
2438 2485 2711 2542 Haurietis
2751 2504 2918 2558 aquas
2949 2489 3001 2543 in
3032 2490 3227 2559 gaudio
3276 2490 3347 2547 de
3374 2489 3733 2547 fontibusSoluto-

2294 2579 2390 2634 ris.
2438 2599 2455 2630 ι
2490 2579 2793 2654 Alloquitur
2840 2583 3101 2652 propheta
3131 2582 3431 2639 credentes
3473 2582 3685 2649 exlalris.
3712 2586 3743 2633 tl

2293 2674 2541 2742 praedicit
2578 2674 2660 2730 eis
2699 2675 3002 2731 salutifera.
3077 2676 3249 2744 Quem
3294 2679 3537 2747 superius
3578 2670 3746 2745 Mill

2296 2767 2635 2831 Emmanuel,
2676 2776 2733 2822 et
2780 2767 2962 2839 Spolia
2996 2769 3309 2826 detrahet‘:
3354 2788 3425 2827 ne
3451 2764 3747 2826 videreturalw

2294 2874 2416 2915 esse
2437 2875 2599 2929 quam
2631 2857 2848 2915 Gabriel
2875 2860 3232 2932 archangelus
3255 2864 3517 2917 nuntiavit
3541 2858 3685 2931 Virgini
3707 2854 3748 2907 tr

2296 2966 2425 3007 cens
2456 2970 2469 3005 :
2523 2970 2542 3003 ι
2580 2952 2649 3006 Ει
2672 2953 2893 3008 vocabis
2922 2969 3119 3010 nomen
3151 2954 3269 3025 ejus
3302 2955 3479 3011 Iesum
3525 2953 3638 3027 (Luc.
3656 2950 3745 3019 1):!

2295 3058 2440 3098 nunc
2490 3042 2827 3099 Salvatorem
2857 3053 3036 3111 vocat,
3070 3057 3127 3101 et
3158 3046 3226 3103 de
3254 3045 3376 3114 eius
3423 3047 3559 3107 fonte,
3597 3045 3672 3097 hoc
3704 3047 3750 3091 εει

2297 3135 2540 3192 doctrina
2561 3136 2895 3208 evangelica,
2921 3139 3183 3208 praedicat
3198 3155 3367 3210 aquas
3386 3136 3655 3195 hauriendas.
3676 3131 3751 3187 Non

2299 3229 2365 3283 de
2395 3229 2550 3299 aquis
2586 3228 2831 3284 ﬂuminis
2869 3229 3089 3302 Egypti
3140 3248 3261 3302 quae
3282 3246 3506 3303 peream
3535 3237 3657 3289 sunt.
3679 3224 3751 3278 sed

2297 3318 2364 3373 de
2388 3318 2538 3373 fonte
2563 3318 2711 3375 Iesu.
2754 3319 2868 3376 Hoc
2890 3321 3036 3376 enim
3064 3322 3291 3382 nomine,
3314 3321 3586 3376 Haemum
3602 3314 3739 3383 lingua

2296 3408 2546 3465 Salvator
2608 3410 2950 3480 exprimitur.
3003 3411 3128 3468 Istze
3171 3420 3297 3468 sunt
3350 3425 3471 3480 aqua
3518 3421 3625 3479 quas
3653 3403 3745 3472 ipe

2293 3499 2637 3555 credentibus
2675 3500 2729 3554 in
2774 3499 3067 3572 Evangelio
3092 3566 3095 3569 _
3120 3502 3389 3571 promittit
3422 3502 3541 3563 dare,
3578 3497 3747 3549 dicens:

2299 3611 2319 3644 ι
2365 3591 2422 3648 Si
2449 3593 2569 3662 quis
2603 3593 2738 3657 sitit,
2776 3593 2961 3648 veniat
2990 3593 3059 3648 ad
3085 3609 3173 3649 me
3213 3602 3269 3650 et
3296 3595 3444 3649 bibat
3470 3590 3744 3646 :etdevenu!

2291 3683 2409 3752 ejus
2431 3682 2599 3739 ﬂuent
2624 3699 2777 3754 aqum
2804 3683 2961 3739 vivae.
2997 3703 3016 3736 ι
3050 3685 3118 3739 Et
3142 3686 3259 3756 ipse
3291 3684 3596 3754 Evangelista
3609 3676 3746 3746 exponi

2268 3776 2432 3830 unde
2457 3769 2693 3829 dixerit:
2731 3772 2842 3831 Hoc
2871 3782 3073 3842 autem,
3102 3777 3378 3847 inquiens,
3416 3775 3534 3830 dixit
3556 3771 3609 3828 de
3623 3767 3748 3837 Spirill

2290 3882 2451 3937 quem
2489 3866 2761 3936 accepturi
2804 3874 2960 3922 erant
2979 3866 3266 3923 credentes
3291 3866 3475 3938 (Jaan.
3500 3862 3594 3929 vn).
3627 3860 3749 3915 fontes

2288 3961 2413 4018 Iesu
2442 3970 2567 4016 sunt
2596 3960 2841 4037 doctrina
2867 3960 3176 4031 evangelica
3202 3968 3257 4014 et
3284 3959 3541 4032 mysteria
3561 3967 3639 4011 tam
3658 3948 3750 4004 Vde

2289 4054 2367 4110 ris
2406 4052 2739 4108 Testamenti
2787 4067 2949 4122 quam
2984 4050 3148 4116 Novi,
3185 4067 3305 4122 quae
3340 4053 3392 4107 si
3425 4054 3549 4108 bene
3582 4043 3748 4102 inulla?

2289 4147 2465 4200 rimus
2487 4154 2541 4200 et
2564 4159 2726 4213 opere
2748 4144 3222 4214 adimpleverimus
3251 4162 3264 4197 :
3298 4133 3747 4215 aquas,hoceﬂdw

2286 4238 2459 4293 sancti
2496 4238 2753 4306 Spiritus,
2780 4252 2844 4292 ex
2873 4237 2952 4291 eis
2980 4236 3313 4291 hauriemus.

2363 4348 2382 4380 ‹
2411 4330 2478 4384 Et
2501 4330 2694 4388 dicetis
2720 4330 2772 4383 in
2808 4329 2898 4383 illa
2934 4329 3040 4394 die,
3078 4348 3096 4381 ιι
3141 4329 3247 4385 hoc
3273 4338 3363 4383 est
3396 4330 3450 4383 in
3494 4326 3750 4388 illum

2285 4437 2407 4478 cum
2431 4437 2499 4477 ex
2525 4419 2763 4477 fontibus
2784 4418 3086 4475 Salvatoris
3109 4419 3310 4476 donum
3341 4429 3406 4475 et
3435 4418 3630 4493 gratiam
3657 4404 3752 4466 andi

2285 4510 2519 4582 Spiritus
2545 4511 2864 4580 acceperitis
2894 4528 2908 4565 :

2360 4620 2378 4651 ε
2404 4598 2747 4656 Conﬁtemini
2772 4598 3025 4665 Domino,
3060 4619 3079 4652 ι
3098 4613 3288 4674 omnes
3308 4602 3590 4657 credentes
3610 4594 3649 4648 in
3667 4600 3754 4645 ως

2288 4711 2309 4745 ε
2340 4700 2396 4747 et
2429 4692 2674 4747 invocate
2716 4698 2914 4746 nomen
2939 4688 3081 4759 ejus,
3116 4711 3134 4744 ι
3166 4700 3226 4746 ut
3271 4692 3405 4761 quia
3435 4691 3583 4746 Iesus
3606 4689 3758 4739 γυιων

2283 4784 2455 4839 salvet
2491 4791 2547 4838 et
2584 4790 2832 4853 pmtegat
2850 4798 2950 4839 vos
2976 4799 2989 4835 :
3026 4801 3045 4834 ‹
3072 4791 3231 4839 notas
3250 4782 3426 4839 facite
3460 4784 3513 4837 in
3544 4767 3761 4852 μοι)ηῶιά

2280 4876 2619 4931 inventiones
2639 4874 2755 4944 ejus
2782 4894 2797 4931 :
2830 4892 2849 4927 ι
2882 4876 2987 4932 hoc
3011 4887 3115 4945 est,
3145 4877 3455 4932 doctrinam
3503 4868 3763 4944 evangefw

2280 4976 2335 5024 et
2364 4977 2633 5039 praecepta
2662 4984 2784 5039 qua:
2827 4969 3011 5025 docuit
3037 4987 3054 5036 ;
3087 4979 3144 5026 et
3182 4989 3200 5021 ι
3232 4958 3575 5027 mementote
3598 4962 3765 5038 quo!ian

2278 5060 2426 5115 solus
2456 5060 2704 5116 excelsus
2729 5069 2815 5116 est
2843 5080 2861 5113 ι
2894 5061 2982 5115 cui
3013 5062 3340 5116 cantandum
3373 5063 3471 5117 sit.

2356 5171 2375 5205 ς
2410 5152 2692 5224 Magniﬁce
2721 5152 2847 5207 fecit
2875 5153 3154 5218 Dominus,
3194 5174 3212 5207 ι
3247 5156 3513 5225 quoniam
3563 5166 3643 5208 sua
3666 5149 3772 5201 W

2279 5245 2468 5317 simpla
2497 5245 2711 5315 duplam
2739 5253 2981 5300 nostram
3007 5246 3275 5301 destruxit
3292 5288 3306 5310 ,
3339 5259 3626 5317 resurgens
3642 5257 3664 5293 a
3687 5245 3773 5289 Μ’

2279 5340 2388 5395 tuis
2432 5347 2489 5393 et
2529 5338 2831 5394 ascendens
2877 5337 2944 5392 ad
2983 5352 3246 5408 superos:
3286 5346 3341 5393 et
3380 5337 3599 5408 quando
3632 5335 3777 5387 eam

2279 5436 2478 5483 nostrae
2517 5426 2855 5497 fragilitatis,
2900 5404 3066 5496 quam
3092 5404 3477 5500 assumpsit-in
3508 5435 3653 5482 utero
3670 5414 3779 5485 τὶτέί⁴
3844 5404 3845 5427 1

2275 5517 2381 5582 nis,
2408 5517 2710 5571 transvexit
2733 5518 2801 5572 ad
2835 5516 3002 5573 caelos
3032 5518 3250 5582 (Matth.
3275 5520 3500 5586 xxvm).

2352 5626 2370 5657 ‹
2398 5606 2727 5662 Anuuntiate
2767 5608 2871 5663 hoc
2912 5608 2966 5662 in
3000 5609 3249 5665 universa
3296 5619 3487 5666 terra:
3517 5604 3683 5678 pquod
3717 5598 3788 5667 ίβθ

2276 5699 2490 5769 quinos
2526 5699 2751 5763 creavit,
2778 5698 2892 5769 ipse
2925 5714 3022 5753 nos
3049 5701 3320 5769 reparavit
3345 5719 3357 5753 :
3379 5707 3441 5755 et
3470 5700 3672 5755 devicto
3699 5698 3792 5743 mOT'

2280 5792 2349 5846 tis
2372 5799 2613 5855 auctore,
2661 5791 2864 5846 aditum
2895 5793 3045 5863 regni
3076 5791 3315 5850 cmlestis
3347 5790 3684 5850 credentibus
3706 5790 3791 5847 ενδ
