3918 6512
198 453 312 509 785

1325 442 1679 506 COMMENT.
1721 444 1790 501 IN
1824 445 2078 501 ISAIAM.
2118 446 2246 503 LIB.
2277 443 2340 502 II.

3345 446 3448 503 786

199 571 334 626 ruit.
362 569 665 641 Alloquitur
691 571 952 641 propheta
989 569 1257 642 apostolos
1300 580 1355 624 et
1381 571 1617 639 reliquos
1656 584 1772 623 cre-
1796 569 1850 630 Α
1874 568 2135 635 corporis,
2166 568 2258 622 sed
2282 567 2451 622 oculis
2472 564 2687 633 mentis,
2714 566 2916 639 Spiritu
2938 576 3124 623 sancto
3149 544 3447 648 revelante.

200 662 418 727 dentes,
448 658 573 716 tam
623 675 689 718 ex
718 660 918 716 Judaais
952 675 1114 732 quam
1155 676 1221 715 ex
1266 663 1535 731 gentibus,
1587 670 1645 714 ut
1676 659 1776 714 soli

202 752 569 807 conﬁteantur
615 750 864 817 Domino,
894 759 965 815 et,
993 750 1266 807 derelictis
1298 751 1477 815 idolis,
1528 750 1783 804 invocent

204 858 403 899 nomen
431 843 567 913 ejus,
594 851 651 899 et
671 852 863 899 cuncta
888 860 1052 915 opera
1081 842 1198 913 ejus
1227 845 1520 916 praedicent
1550 842 1777 898 inﬁdeli-

201 932 306 989 bus
331 943 387 989 et
421 934 733 999 incredulis,
767 943 1034 1006 quatenus
1069 943 1125 990 et
1168 935 1269 1007 ipsi
1304 923 1682 991 convertantur
1710 933 1780 989 ad

202 1020 363 1077 ﬁdem
385 1022 604 1089 Christi,
636 1032 692 1079 et
722 1024 774 1079 in
805 1025 954 1080 omni
983 1026 1115 1082 orbe
1138 1025 1403 1080 mirabilia
1429 1033 1483 1079 et
1512 1023 1779 1095 magnalia

200 1109 319 1180 ejus
340 1114 651 1184 praedicent,
679 1124 733 1169 et
762 1115 993 1185 qualiter
1033 1130 1130 1171 sua
1172 1116 1518 1171 miseratione
1552 1130 1651 1171 nos
1688 1128 1777 1169 re-

203 1202 387 1267 demit,
420 1220 540 1260 cum
565 1206 764 1276 perditi
785 1221 1048 1262 essemus.
1082 1236 1085 1241 ι

280 1312 298 1345 ι
327 1293 547 1349 Exsulta
572 1304 626 1351 et
648 1296 823 1362 lauda,
851 1296 1109 1351 habitatio
1131 1296 1259 1351 Sion
1285 1316 1297 1351 :
1321 1297 1445 1367 quia
1468 1313 1696 1369 magnus
1723 1298 1781 1353 in

201 1386 381 1441 medio
413 1387 489 1441 tui
514 1397 731 1443 sanctus
758 1388 942 1445 Israel.
978 1409 996 1440 ι
1030 1388 1287 1444 Hortatur
1308 1390 1569 1460 propheta
1596 1391 1782 1446 Eccle-

202 1478 338 1535 siam
387 1482 738 1551 primitivam,
787 1492 843 1538 et
879 1483 1009 1538 dicit
1036 1483 1119 1539 :0
1162 1483 1323 1548 Sion,
1364 1484 1625 1539 habitatio
1662 1483 1777 1549 Dei,

201 1571 429 1637 exsulta,
454 1581 508 1627 et
533 1572 688 1628 lauda
721 1573 887 1629 Deum
918 1582 1067 1628 tuum
1098 1574 1390 1644 :quoniam
1421 1575 1526 1644 qui,
1553 1582 1676 1655 tnus
1699 1588 1783 1629 so-

200 1661 471 1718 lummodo
497 1673 623 1718 ante
651 1658 944 1720 videbatur~
976 1678 1094 1719 esse
1137 1663 1302 1729 Deus,
1331 1673 1386 1719 et
1427 1656 1782 1720 claudebatur

199 1753 426 1810 modicis
460 1755 672 1825 angulis
704 1754 901 1810 Iudaea:
933 1764 1091 1810 terrae
1118 1796 1132 1822 ,
1157 1772 1301 1809 nunc
1329 1772 1425 1826 per
1464 1757 1779 1812 universum

198 1846 384 1899 orbem
411 1847 636 1901 scientia
666 1845 824 1902 illius
844 1849 1193 1918 pra-dicatur.
1217 1858 1270 1904 et
1294 1858 1483 1919 regnat
1510 1849 1563 1903 in
1602 1848 1779 1921 genti-

1956 676 1973 709 ε
2003 658 2178 727 Super
2232 669 2466 715 montem
2533 661 2886 732 caliginosum
2950 660 3123 717 levate
3193 662 3446 730 signum,

1877 750 2108 806 exaltate
2150 766 2353 806 vocem.
2400 771 2419 805 ι
2466 752 2701 809 Montem
2754 751 2885 809 dicit
2928 752 3287 824 Babylonem,
3342 767 3452 809 non

1877 843 2020 913 quod
2056 843 2111 898 in
2145 854 2326 900 monte
2353 846 2425 900 sit
2464 847 2657 917 posita,
2680 847 2775 902 sed
2803 854 3023 917 propter
3062 845 3326 914 superbiae
3360 853 3449 899 tu-

1879 948 2104 988 morem.
2156 933 2523 1006 Caliginosum
2565 945 2766 1003 autem,
2811 946 3030 1008 pr0pter
3080 936 3354 991 tristitiam
3395 943 3453 991 et

1878 1023 2060 1080 ﬂetum
2101 1027 2454 1096 captivorum,
2486 1037 2542 1084 et
2583 1029 2795 1085 illorum
2825 1030 3167 1085 aﬁlictionem
3193 1044 3327 1099 quos
3366 1044 3454 1083 re-

1881 1114 2140 1184 degerant
2160 1117 2358 1172 ibidem
2387 1117 2695 1174 habitantes
2724 1120 2779 1174 in
2806 1136 2992 1175 servos
3018 1127 3073 1175 et
3093 1118 3333 1174 ancillas.
3355 1118 3455 1175 Vel

1878 1214 2099 1275 propter
2128 1207 2421 1262 maximum
2452 1208 2755 1264 incendium
2796 1210 2938 1279 quod
2988 1209 3452 1280 praemonstravit,

1881 1298 2096 1368 quando
2141 1313 2399 1354 succensa
2430 1308 2514 1354 est
2548 1315 2576 1353 a
2618 1291 2787 1356 Medis
2819 1311 2875 1356 et
2914 1301 3113 1357 Persis.
3152 1300 3455 1371 Alloquitur

1879 1390 2139 1460 propheta
2160 1384 2428 1460 angelicas
2441 1400 2753 1461 potestates,
2775 1395 2859 1449 vel
2881 1396 3272 1465 conpropltetas
3291 1409 3416 1449 suos
3436 1411 3450 1447 :

1880 1491 1940 1535 ut
1972 1483 2263 1553 praedicent
2291 1483 2675 1540 desolationem
2712 1485 2998 1557 Babylonis
3043 1487 3325 1557 inquiens:
3353 1485 3456 1541 Su-

1880 1578 1979 1641 per'
2002 1582 2236 1653 montem
2261 1573 2610 1644 caliginosum
2639 1575 2814 1631 levate
2842 1577 3052 1648 signum
3079 1577 3320 1632 victoriae
3353 1592 3453 1630 an-

1882 1662 2063 1732 gelica:
2114 1672 2431 1733 potestates,
2474 1664 2555 1717 vel
2603 1669 2979 1736 eonpropheue
3018 1667 3121 1722 mei
3172 1687 3189 1718 ‹
3220 1666 3456 1722 exaltatc

1881 1767 2093 1819 vocem,
2128 1774 2144 1802 ι
2184 1754 2236 1807 id
2266 1762 2367 1818 est,
2402 1755 2688 1823 praedicate
2709 1770 2739 1808 a
2775 1754 2946 1811 Medis
2972 1764 3026 1811 et
3046 1755 3227 1811 Persis
3248 1753 3457 1811 destru-

1882 1844 2114 1898 ctionem
2143 1843 2449 1915 Babylonis.
2508 1863 2526 1895 ‹
2556 1845 2757 1900 Levate
2786 1862 3002 1900 manum
3036 1865 3054 1897 ι
3087 1847 3240 1917 quasi
3282 1846 3349 1901 ad
3376 1846 3455 1900 vi-

198 1933 323 2000 bus,
350 1942 404 1988 et
433 1934 608 2004 ipsum
646 1936 880 1991 adorant
899 1938 1145 1994 nationes
1180 1939 1518 2009 populorum.
1551 1938 1779 1993 Verum—
1806 1947 1853 2005 Β
1879 1933 2127 1998 ctoriam,
2150 1942 2203 1988 et
2233 1934 2601 2006 ingredientur
2630 1945 2815 2005 portas
2844 1935 3129 2006 Babylonis
3152 1936 3314 1991 duces
3341 1933 3453 1989 Me-

203 2033 381 2083 tamen
416 2029 669 2092 secundo,
699 2029 800 2083 hoc
841 2037 922 2084 est
971 2039 1095 2105 ante
1135 2030 1277 2085 diem
1308 2030 1516 2098 judicii,
1558 2030 1774 2099 adjiciet

197 2131 418 2172 manum
448 2134 622 2181 suam,
654 2129 707 2175 et
728 2123 1077 2193 congregabit
1101 2123 1355 2194 profugos
1381 2123 1564 2188 Israel,
1593 2131 1647 2178 et
1668 2123 1777 2178 ele-

198 2215 316 2262 ctos
335 2209 470 2264 Juda
494 2211 737 2283 colliget:
773 2231 791 2263 ι
826 2211 961 2280 Quia
984 2229 1106 2269 cum
1131 2212 1409 2284 plenitudo
1430 2215 1668 2285 gentium
1696 2215 1777 2270 in-

198 2300 443 2364 traverit,
494 2310 620 2356 tunc
658 2304 834 2358 omnis
875 2304 1037 2359 Israel
1088 2305 1269 2362 salvus
1306 2305 1397 2362 ﬁet
1416 2305 1589 2377 (Rom.
1618 2305 1720 2377 xt),
1748 2325 1767 2360 ι

195 2397 251 2444 et
284 2390 498 2447 hauriet
522 2409 690 2463 aquas
715 2395 781 2450 de
808 2395 957 2450 fonte
977 2396 1291 2453 Salvatoris.
1323 2397 1696 2455 Petest'etiam
1720 2408 1776 2455 et

196 2479 301 2537 hoc
329 2482 522 2538 referri
552 2485 619 2540 ad
661 2486 957 2542 Ecclesiam
999 2491 1064 2544 de
1090 2491 1359 2560 gentibus.
1390 2489 1519 2546 Sion
1555 2492 1771 2562 quippe,

195 2587 316 2642 qua:
338 2573 722 2645 interpretatur
743 2578 1019 2648 speculum
1048 2579 1162 2635 sive
1189 2580 1501 2649 speculatio,
1531 2591 1773 2637 sanctam

197 2663 496 2721 Ecclesiam
525 2667 811 2739 signiﬁcat.
853 2669 920 2724 Et
951 2670 1163 2724 merito.
1204 2671 1593 2727 Praidicatores
1630 2672 1772 2727 enim

198 2757 371 2811 sancti
395 2767 449 2811 et
469 2758 653 2815 ﬁdeles
676 2760 816 2816 intra
844 2762 1141 2819 Ecclesiam
1165 2764 1441 2834 degentes,
1465 2764 1635 2834 quiin
1663 2774 1775 2820 ter-

197 2846 346 2915 renis
372 2848 444 2902 nil
494 2851 757 2917 ambiunt,
790 2854 884 2907 sed
917 2860 1030 2907 toto
1065 2853 1335 2911 desiderio
1366 2855 1561 2910 mentis
1608 2854 1772 2910 caele-

197 2937 301 2991 stia
335 2950 609 3010 appetunt,
646 2942 984 3012 speculantes
1030 2950 1181 2997 actus
1219 2958 1345 2998 SUOS
1391 2952 1446 2999 CI
1471 2958 1657 3013 opera,
1704 2959 1774 2999 ne

197 3028 341 3085 forte
382 3048 412 3087 a
458 3034 673 3091 diabolo
704 3036 882 3090 subito
908 3035 1237 3090 seducantur
1262 3050 1277 3089 :
1313 3035 1505 3105 procul
1536 3037 1712 3093 dubio
1740 3050 1772 3090 a
1800 3098 1804 3102 _

196 3122 647 3194 contemplatione
666 3125 757 3179 Dei
782 3126 834 3179 in
855 3125 942 3180 die
962 3125 1150 3205 judicii
1171 3141 1278 3181 non
1300 3132 1458 3203 erunt
1482 3125 1770 3193 immunes,

195 3213 293 3269 sed
314 3214 569 3272 videbunt
588 3231 712 3272 eum
738 3217 897 3272 sicuti
923 3208 1004 3272 est
1033 3214 1086 3288 (Ι
1106 3216 1267 3272 Ιοαη.
1300 3216 1406 3289 ιιι).

1877 2024 2070 2079 dorum
2097 2028 2152 2079 et
2174 2024 2483 2091 Persarum,
2513 2027 2705 2082 Darius
2725 2036 2780 2081 et
2805 2026 2994 2099 Cyrus.

1954 2135 1972 2167 ι
2004 2117 2119 2188 Ego
2147 2119 2398 2173 mandavi
2430 2118 2779 2175 sanctiﬁcatis
2802 2121 2959 2186 meis,
2989 2127 3046 2174 et
3067 2120 3253 2175 vocavi
3288 2118 3456 2176 fortes

1876 2221 2026 2261 meos
2048 2207 2108 2285 in
2143 2207 2224 2261 ira
2266 2223 2407 2273 mea,
2451 2208 2785 2265 exsultantes
2818 2211 2870 2264 in
2900 2210 3068 2281 gloria
3090 2225 3231 2265 mea.
3263 2229 3282 2262 ι
3318 2209 3456 2265 San-

1875 2298 2140 2355 ctiﬁcatus
2173 2315 2301 2355 suos
2336 2310 2392 2357 et
2425 2301 2594 2357 fortes
2633 2302 2861 2371 appellat
2890 2301 3071 2358 Medos
3114 2311 3169 2358 et
3211 2301 3409 2357 Persas
3437 2319 3450 2356 :

1875 2407 1983 2447 non
2007 2392 2150 2462 quod
2187 2395 2357 2461 sancti
2401 2402 2601 2460 essent,
2633 2395 2725 2448 sed
2753 2394 2878 2463 quia
2921 2393 3016 2448 Dei
3062 2401 3331 2464 praecepto
3359 2409 3455 2461 pa-

1875 2492 2060 2540 rentes
2087 2483 2205 2554 ejus
2232 2470 2561 2539 voluntatem
2594 2483 3018 2553 compleverunt.
3043 2482 3454 2553 Comparatione

1876 2572 2089 2628 illorum
2137 2574 2229 2644 qui
2273 2574 2369 2631 Dei
2411 2574 2580 2646 jussis
2630 2591 2737 2629 non
2784 2575 3248 2645 obtemperabant,
3282 2575 3455 2630 sancti

1875 2673 2050 2719 erant.
2078 2665 2211 2735 Ego,
2245 2665 2438 2735 inquit,
2467 2665 2714 2720 mandavi
2748 2665 3097 2720 sanctiﬁcatis
3126 2665 3261 2719 meis
3286 2663 3455 2718 Medis

1875 2760 1931 2808 et
1966 2753 2165 2820 Persis,
2209 2764 2269 2811 ut
2293 2756 2538 2810 venirent
2566 2765 2754 2812 contra
2791 2757 3116 2828 Babylonem
3143 2771 3157 2810 :
3186 2764 3242 2811 et
3265 2756 3454 2811 vocavi

1876 2845 2043 2902 fortes
2067 2861 2214 2903 meos
2243 2863 2405 2917 supra
2435 2856 2761 2904 memoratos
2789 2849 2843 2904 in
2868 2850 2970 2914 ira,
2998 2849 3110 2905 sive
3139 2850 3193 2904 in
3217 2848 3456 2903 vindicta

1874 2950 2015 2990 mea.
2062 2934 2214 2992 Tunc
2270 2938 2486 2992 vocavit
2533 2954 2627 2993 cos
2676 2946 2730 2994 et
2769 2938 3044 2993 mandavit
3079 2948 3139 2993 ut
3184 2930 3452 2998 venirent.

1877 3028 2094 3096 quando
2137 3027 2421 3096 inspiravit
2457 3027 2561 3083 illis
2597 3030 2874 3084 in‘corde.
2921 3027 2979 3082 In
3010 3029 3113 3083 hoc
3156 3042 3284 3082 vero
3313 3027 3455 3098 quod

1876 3118 2171 3190 subiungit,
2198 3116 2530 3174 exsultantes
2577 3120 2631 3173 in
2679 3119 2849 3189 gloria
2892 3134 3044 3183 mea,
3083 3119 3318 3174 ostbndit
3356 3133 3452 3172 eos

1877 3225 1982 3265 non
2028 3210 2243 3280 propria
2264 3210 2464 3266 virtute
2509 3210 2611 3265 hoc
2638 3209 2847 3277 fecisse,
2890 3208 2985 3265 sed
3030 3208 3127 3264 Dei
3165 3208 3366 3263 auxilio
3401 3216 3457 3263 et

1798 3316 1845 3377 ρ
1874 3298 2188 3355 fortitudine
2222 3299 2388 3355 fretos
2417 3309 2524 3354 tam
2549 3300 2777 3355 sublime
2815 3315 3039 3371 regnum
3079 3308 3326 3355 evertere
3361 3314 3457 3369 po-

776 3367 1003 3424 CAPUT
1040 3370 1176 3424 XIII.

275 3495 295 3529 σ
325 3478 474 3534 Onus
509 3479 821 3551 Babylonis,
848 3483 991 3551 quod
1018 3485 1151 3540 vidit
1177 3485 1345 3542 Isaias
1369 3487 1511 3543 ﬁlius
1537 3489 1724 3545 Amos.
1754 3509 1774 3542 ι

195 3567 257 3623 1η
278 3568 434 3624 libris
458 3572 789 3642 propheticis
814 3574 1119 3646 ubicunque
1140 3592 1277 3634 onus
1295 3580 1545 3651 legimus,
1572 3598 1635 3638 ea
1661 3597 1781 3653 quae

197 3668 503 3727 sequuntur
528 3659 685 3729 plena
735 3672 863 3718 sunt
890 3666 1297 3736 suppliciorum.
1324 3678 1379 3725 et
1404 3672 1770 3741 miseriarum,
1808 3730 1811 3735 ,

198 3761 267 3801 ac
293 3749 530 3816 pondere
557 3751 936 3809 tribulationis.
968 3755 1036 3810 Et
1062 3759 1208 3827 quod
1233 3759 1366 3816 dicit
1385 3777 1520 3817 onus
1548 3762 1778 3836 Babylo-

197 3837 306 3927 nis,
334 3838 441 3894 tale
459 3848 542 3895 est
564 3856 628 3897 ac
654 3842 700 3897 si
731 3844 936 3900 diceret
967 3865 979 3900 :
1004 3840 1585 3908 Pondus‘miseriarum
1609 3854 1781 3927 Baby-

195 3924 341 4019 Ionis
375 3939 457 3984 est
488 3932 588 4019 hoc
619 3935 763 4019 quod
801 3937 889 3992 hic
925 3940 1271 4007 praedicatur.
1315 3942 1553 4016 Babylon
1590 3924 1779 4003 civitas

199 4014 302 4072 fuit
325 4014 694 4077 Chaldaeorum
732 4029 1045 4098 metropolis
1081 4040 1136 4085 et
1160 4014 1555 4101 potentissima,
1592 4046 1781 4093 tanta:-

196 4123 303 4177 que
335 4112 715 4178 magnitudinis
764 4116 940 4186 (sicut
979 4118 1281 4177 Herodotus
1310 4133 1498 4178 narrat
1526 4133 1581 4179 et
1624 4127 1778 4182 multi

198 4198 287 4252 alii
336 4200 750 4275 historiographi
792 4206 1125 4281 Graacorum)
1167 4212 1241 4267 ita
1291 4221 1352 4268 ut
1397 4216 1464 4269 ab
1494 4217 1692 4286 angulo
1723 4218 1778 4272 in

197 4290 449 4361 angulum
478 4295 995 4371 extenderetur‘per
1037 4302 1301 4370 quadrum
1340 4305 1571 4360 sedecim
1612 4307 1776 4363 millia

198 4393 483 4465 passuum,
511 4383 564 4436 id
589 4392 673 4439 est
691 4386 849 4441 simul
872 4386 1148 4461 sexaginta
1170 4382 1421 4462 quatuor,
1453 4397 1544 4467 qui
1574 4396 1778 4451 faciunt

198 4468 378 4526 leucas
401 4474 753 4545 quadraginta
779 4477 932 4545 duas,
963 4489 1018 4535 et
1039 4482 1173 4538 duas
1205 4494 1388 4554 partes
1415 4489 1592 4541 unius.
1623 4487 1776 4542 ,ΑΕᾱί-

195 4562 353 4619 licata
383 4575 466 4621 est
491 4582 703 4637 quoque
733 4572 915 4641 regina
937 4589 1056 4641 quae
1082 4575 1223 4630 dicta
1248 4586 1330 4631 est
1356 4577 1690 4633 Semiramis.
1717 4578 1775 4634 In

1880 3390 2069 3443 tuisse.

1956 3498 1975 3531 ι
2009 3479 2127 3535 Vox
2148 3479 2526 3546 multitudinis,
2552 3480 2705 3550 quasi
2736 3479 3052 3551 populorum
3095 3480 3150 3534 in
3179 3480 3457 3535 montibus

1879 3568 2265 3638 frequentium.
2299 3589 2317 3621 ι
2348 3571 2611 3640 Impetum
2649 3569 2926 3626 Medorum
2969 3580 3023 3626 et
3047 3569 3334 3626 Persarum
3363 3571 3457 3625 de-

1884 3659 2095 3724 scribit,
2121 3659 2211 3729 qui
2249 3675 2371 3714 eum
2400 3660 2583 3714 multis
2629 3659 2841 3715 auxiliis
2864 3660 3179 3731 populorum
3225 3660 3294 3714 ad
3323 3660 3453 3714 sub—

1880 3746 2203 3825 vertendam'
2244 3749 2566 3821 Babylonem
2606 3758 2885 3825 venerunt.
2935 3748 3049 3803 Vox
3099 3748 3457 3804 multitudinis

1878 3822 2197 3909 populorum
2238 3839 2291 3893 in
2319 3839 2591 3895 montibus
2622 3822 2931 3909 Babylonis,
2953 3839 3108 3909 quasi
3136 3839 3455 3909 populorum

1880 3926 2263 3998 frequentium,
2310 3929 2364 3984 id
2407 3937 2489 3984 est
2527 3929 2838 3984 multorum.
2891 3949 2909 3981 ι
2936 3927 3055 3984 Vox
3107 3930 3313 3985 sonitus
3363 3943 3453 3983 re-

1878 4034 2025 4088 gum,
2049 4038 2069 4072 ι
2105 4020 2363 4075 subaudis
2404 4018 2551 4074 Darii
2580 4028 2636 4075 et
2661 4017 2806 4090 Cyri,
2850 4028 2904 4074 et
2934 4020 3159 4074 aliorum
3206 4022 3297 4090 qui
3330 4035 3456 4074 cum

1877 4109 2008 4179 ipsis
2032 4118 2188 4163 erant
2212 4129 2230 4160 ‹
2256 4110 2494 4180 gentium
2532 4119 2999 4179 congregatarum,
3031 4130 3049 4162 ι
3083 4126 3201 4181 quae
3229 4126 3259 4165 a
3290 4110 3455 4166 Dario

1880 4208 1937 4256 et
1966 4200 2108 4271 Cyro
2129 4204 2464 4272 congregata:
2497 4209 2623 4256 sunt
2649 4201 2905 4256 adversus
2931 4201 3278 4272 Babylonem.

1957 4310 1975 4341 ι
2005 4290 2299 4357 Dominus,
2348 4299 2402 4346 et
2448 4306 2576 4346 vasa
2625 4290 2822 4346 furoris
2862 4291 3019 4361 ejus,
3064 4299 3123 4345 ut
3180 4292 3455 4362 disperdat

1878 4395 2094 4435 omnem
2134 4389 2352 4434 terram.
2392 4401 2409 4431 ι
2438 4381 2710 4444 Dominus,
2751 4381 3006 4436 subaudis
3032 4383 3211 4436 veniet
3238 4395 3292 4437 et
3319 4398 3451 4438 vasa

1878 4471 2079 4527 furoris
2099 4470 2233 4540 ejus,
2252 4472 2445 4527 Darius
2471 4472 2721 4526 videlicet
2748 4481 2802 4526 ct
2819 4472 2991 4545 Cyrus
3018 4473 3249 4528 ministri
3277 4475 3456 4530 vindi-

1878 4572 1982 4617 cta
2006 4563 2168 4627 illius,
2194 4572 2254 4617 ut
2282 4561 2556 4633 disperdat
2581 4578 2795 4618 omnem
2827 4573 3027 4618 terram
3052 4553 3356 4635 Babylonis.

196 4654 348 4723 cujus
379 4659 555 4714 medio
584 4669 667 4715 est
694 4677 819 4728 arx,
845 4665 957 4719 sive
1003 4668 1331 4736 capitolium,
1357 4671 1521 4734 turris
1547 4671 1771 4738 scilicet,
1802 4651 1854 4710 Ῑ)
1956 4672 1974 4705 ‘
2006 4654 2239 4721 mulan
2285 4656 2408 4724 ειυὶει
2448 4670 2612 4725 Prope
2641 4664 2724 4711 θεῖ
2750 4656 2863 4711 dies
2884 4655 3116 4710 Domini-
3149 4675 3167 4708 ³
3194 4655 3280 4711 Fi‘
3320 4671 3451 4740 3P0-

196 4762 357 4817 quam
401 4749 804 4807 :ediﬁeaverunt
833 4753 927 4809 ﬁlii
953 4756 1124 4811 Adam
1163 4767 1284 4827 post
1315 4760 1592 4825 diluvium,
1625 4771 1775 4816 ante-

196 4852 357 4915 quam
391 4839 760 4896 dividerentur
794 4859 891 4913 per
936 4847 1243 4902 universum
1272 4850 1456 4905 orbem
1493 4870 1505 4904 :
1535 4868 1655 4921 qua:
1690 4853 1772 4907 di-

198 4925 335 4981 citur
370 4935 553 4985 tenere
582 4931 636 4984 in
658 4932 1014 5010 altitudinem
1064 4936 1167 4990 tria
1201 4938 1364 4993 millia
1411 4954 1685 5009 passuum,
1715 4941 1770 4996 id

194 5026 279 5072 est
304 5019 487 5075 leucas
513 5008 667 5086 duas,
691 5008 949 5104 paulatim
989 5026 1055 5081 de
1082 5026 1191 5081 lato
1217 5028 1272 5082 in
1297 5008 1581 5099 angustum
1609 5046 1767 5087 coar-

196 5118 390 5177 ctatas,
422 5122 481 5167 ut
505 5115 715 5184 pondus
738 5115 1026 5173 imminens
1063 5118 1273 5176 facilius
1298 5136 1327 5174 a
1357 5121 1619 5177 lateribus
1647 5137 1770 5179 sus-

197 5207 449 5256 tentetur.
490 5202 554 5257 Et
581 5205 706 5274 quia
747 5207 819 5261 ibi
853 5207 1134 5264 confusum
1164 5219 1248 5266 est
1275 5211 1474 5266 labium
1507 5213 1772 5269 universe

194 5297 374 5357 terrae,
411 5303 641 5348 vocatur
696 5295 962 5354 Hebraice
1032 5300 1229 5366 Babel,
1289 5300 1475 5358 Graece
1528 5302 1767 5373 Babylon

197 5377 349 5452 (om.
380 5382 479 5455 ιι).
510 5382 674 5453 Cujus
713 5401 810 5443 rex
839 5391 1243 5458 potentissimus
1278 5391 1771 5448 Nabuchodonosor
1814 5430 1819 5445 ε

196 5470 335 5528 inter
378 5468 601 5529 crateras
651 5477 919 5542 nationes,
955 5481 1117 5534 etiam
1163 5480 1399 5536 Iudaeam
1447 5483 1763 5538 devastavit.
1798 5464 1803 5469 ’

194 5561 400 5619 Idcirco
428 5562 660 5634 Spiritus
687 5576 907 5622 sanctus
947 5570 1002 5623 in
1026 5570 1450 5627 consolationem
1483 5572 1764 5628 Israelitici
1812 5622 1815 5629 .

193 5654 374 5724 populi
398 5656 817 5713 destructionem
849 5658 983 5728 ejus,
1021 5677 1141 5731 qua:
1169 5661 1309 5718 facta
1349 5672 1434 5719 est
1461 5680 1492 5719 a
1520 5664 1688 5720 Medis
1712 5672 1767 5720 et

195 5742 374 5799 Persis
393 5761 515 5800 cum
546 5748 772 5804 ducibus
809 5750 970 5805 Dario
1015 5760 1072 5806 et
1098 5752 1261 5823 Cyro,
1303 5753 1458 5824 longe
1502 5763 1627 5811 ante
1670 5769 1768 5826 per

195 5839 387 5896 Isaiam
418 5844 678 5913 praedicit.
716 5845 862 5903 Vidit
882 5857 1060 5904 autem
1104 5847 1271 5905 Isaias
1311 5849 1416 5907 ista
1459 5864 1569 5907 non
1594 5849 1767 5907 oculis

1877 4746 2096 4814 stropha
2142 4745 2208 4800 ad
2249 4744 2546 4810 Chaldaeos,
2577 4754 2635 4800 ut
2676 4742 2899 4800 ventura
2940 4747 3082 4802 mala
3124 4747 3448 4818 dcplorcnt:

1881 4838 2090 4894 Ulnlatc
2122 4839 2358 4910 (inquit),
2391 4839 2514 4908 quia
2551 4854 2718 4909 prope
2760 4847 2843 4894 est
2878 4840 2991 4895 dies
3016 4839 3248 4906 Domini,
3287 4842 3338 4897 id
3368 4848 3452 4897 est

1876 4927 1992 4983 dies
2046 4927 2294 4983 vindictae
2356 4927 2536 4993 illius,
2603 4935 2658 4982 et
2695 4928 3077 4986 destructionis
3135 4929 3441 5001 Babylonis.

1882 5037 1900 5069 ι
1930 5018 2092 5086 Quasi
2128 5020 2354 5074 vastitas
2383 5034 2414 5073 a
2444 5018 2670 5076 Domino
2696 5021 2896 5088 veniet,
2927 5040 2946 5073 ι
2972 5021 3028 5076 id
3062 5029 3146 5076 est
3173 5021 3228 5075 in
3255 5020 3448 5075 solitu-

1875 5108 2052 5163 dinem
2084 5108 2375 5178 redigetur.

1950 5220 1968 5251 ι
1994 5201 2222 5270 Propter
2271 5201 2392 5267 hoc,
2429 5221 2449 5255 ι
2481 5201 2755 5270 subaudis,
2804 5201 2928 5272 quia
2967 5199 3227 5255 Dominus
3266 5199 3450 5255 veniet

1874 5308 1997 5348 cum
2030 5292 2199 5348 Medis
2223 5301 2276 5348 et
2296 5292 2495 5360 Persis,
2528 5314 2546 5347 ‹
2574 5309 2762 5350 omnes
2784 5306 2977 5348 manus
2999 5290 3218 5346 fortium
3247 5310 3265 5342 ›
3292 5290 3446 5345 Chal-

1873 5384 2109 5440 daeorum
2146 5402 2165 5435 ι
2193 5385 2554 5441 dissolventur
2580 5407 2599 5440 ι
2636 5402 2665 5440 a
2691 5399 2890 5455 pavore
2921 5402 2940 5435 ι
2967 5391 3023 5439 et
3041 5398 3200 5438 omne
3219 5396 3314 5438 cor
3347 5383 3447 5436 ho-

1873 5473 2036 5529 minis
2058 5474 2315 5542 tabescet,
2347 5495 2366 5527 ι
2393 5477 2506 5531 sive
2539 5474 2771 5531 deﬁciet.

1952 5594 1970 5628 ι
1981 5576 2048 5630 Et
2076 5586 2406 5633 conteretur.
2424 5576 2714 5633 Torsiones
2734 5572 3018 5630 isubandis
3030 5587 3129 5628 ven
3137 5572 3261 5628 trisr
3283 5579 3340 5627 et
3352 5571 3445 5627 do-

1873 5667 2016 5723 lores
2039 5671 2431 5724 imembrorum
2452 5688 2470 5720 ‹
2489 5668 2747 5724 tenebunt
2764 5666 3067 5722 rChaldaaos
3085 5683 3130 5720 ε(
3153 5665 3305 5735 quasi
3322 5679 3443 5736 par-

1875 5761 2103 5826 turiens,
2138 5761 2412 5817 dolebnnt.
2447 5757 2827 5829 Unusquisque
2853 5757 2919 5812 ad
2946 5757 3251 5828 proximum
3283 5770 3440 5810 suum

1872 5852 2125 5923 stupebit,
2146 5873 2164 5906 ι
2192 5853 2246 5910 id
2269 5860 2353 5911 est
2377 5851 2715 5909 mirabuntur
2726 5857 2944 5921 propter
2965 5849 3240 5905 miseriam
3260 5860 3439 5913 suam.
