3918 6464
117 457 242 515 789

1253 458 1607 517 COMMENT.
1648 460 1716 518 IN
1751 461 2005 520 ISAIAM.
2036 466 2161 522 LIB.
2199 467 2264 522 ιι.

3281 462 3388 520 790

117 573 313 630 Arabs
348 593 367 625 ι
402 573 457 630 id
513 581 595 630 est
636 573 967 641 Saracenus,
1004 592 1022 625 ‹
1061 586 1160 628 nec
1195 582 1438 643 pastores
1476 574 1605 630 fessi
1637 573 1715 629 la-
1743 579 1797 640 Α
1821 591 1976 630 suum
2012 598 2029 629 ι
2063 578 2115 631 in
2144 575 2498 632 Hierusalem.
2548 543 2716 630 Datur
2744 574 2963 646 intelligi
2994 574 3188 630 multos
3218 574 3393 645 genti-

118 666 271 722 bore
300 674 420 735 post
445 667 669 738 vestigia
696 681 914 738 gregum
946 666 1286 737 requiesccnt
1313 666 1406 721 ibi.
1440 686 1459 719 ι

215 775 232 807 α
254 755 359 811 Sed
381 756 721 827 requiescent
748 758 821 811 ibi
846 756 1060 823 bestiae;
1084 768 1137 811 et
1163 756 1508 827 replebuntur
1531 754 1722 810 domus

82 880 89 885 κ
120 860 350 913 eorum,
382 867 401 900 ι
442 848 494 902 id
529 858 611 904 est
633 847 1069 920 Babyloniorum,
1108 868 1127 900 ι
1156 848 1506 905 draconibus:
1540 856 1593 902 et
1622 848 1720 902 ha-

118 939 385 995 bitabunt
411 941 481 996 ibi
526 943 877 1008 struthiones,
914 950 969 998 et
1020 942 1174 1012 pilosi
1213 942 1485 997 saltabunt
1525 940 1617 996 ibi.
1653 939 1724 995 Et

122 1032 539 1104 respondebunt
555 1033 627 1089 ibi
646 1034 801 1089 ululae
824 1055 842 1087 ι
865 1035 965 1090 sibi
982 1034 1211 1089 invicem
1237 1053 1256 1084 ‹
1293 1034 1346 1087 in
1368 1032 1567 1087 aedibus
1581 1030 1716 1097 ejus,

123 1133 190 1178 et
224 1122 441 1180 Sirenes
467 1128 519 1180 in
545 1126 779 1181 delubris
805 1126 1107 1195 voluptatis.
1132 1145 1151 1177 ι
1182 1124 1407 1195 Propter
1426 1121 1720 1177 multitudi-

122 1230 260 1270 nem
275 1216 591 1283 bestiarum,
607 1226 660 1273 et
673 1218 1021 1288 serpentium,
1037 1233 1100 1272 ac
1120 1216 1420 1272 daemonum
1435 1232 1540 1270 non
1558 1214 1721 1269 audet

123 1306 421 1377 quisquam
466 1318 764 1379 pastorum,
796 1310 848 1363 id
874 1316 954 1364 est
976 1308 1175 1363 deserti
1202 1307 1490 1377 appetitor,
1521 1305 1717 1362 ibidem

122 1393 399 1450 habitare.
436 1395 679 1451 Struthio
710 1397 823 1451 avis
853 1405 935 1452 est
963 1395 1113 1450 mirae
1142 1395 1525 1467 magnitudinis
1544 1435 1558 1459 ,
1587 1393 1716 1448 soli-

126 1487 378 1541 tudinem
412 1504 661 1559 quzerens
690 1508 700 1542 :
739 1505 858 1559 qua:
894 1489 1036 1544 hanc
1072 1489 1232 1543 habet
1268 1497 1515 1542 naturam
1558 1486 1720 1556 (sicut

127 1578 343 1649 physici
374 1580 581 1652 dicunt)
610 1589 669 1636 ut
710 1596 811 1637 ova
852 1596 945 1637 sua
986 1581 1336 1636 obliviscatur
1367 1580 1422 1634 in
1457 1580 1714 1635 deserto:

125 1685 231 1740 per
263 1687 424 1743 quam
453 1674 633 1729 omnia
669 1689 865 1745 genera
906 1674 1083 1727 avium
1120 1671 1461 1728 solitudinem
1489 1669 1714 1741 diligen-

129 1762 290 1829 tium,
336 1772 390 1818 et
434 1765 633 1820 ibidem
675 1765 1053 1829 habitantium,
1096 1764 1351 1819 debemus
1396 1762 1713 1831 intelligere.

130 1851 297 1907 Pilosi
345 1853 590 1909 homines
628 1864 752 1909 sunt
794 1854 1105 1926 sylvestres,
1147 1853 1361 1922 hispidi,
1405 1852 1490 1907 vel
1533 1852 1675 1907 simii
1700 1884 1753 1917 ,ς

133 1942 228 2011 qui
266 1950 322 1995 et
350 1943 679 2009 ,incubones,
709 1944 792 1999 vel
830 1944 994 2015 satyri
1027 1960 1057 1997 a
1088 1944 1408 2013 quibusdam
1444 1951 1724 2009 vocantur,
1753 1937 1804 1999 Β

133 2030 219 2086 vel
242 2048 452 2103 genera
489 2035 810 2090 daemonum.
850 2035 1017 2092 Ululzc
1059 2045 1185 2092 sunt
1230 2036 1507 2103 bubones,
1559 2044 1722 2090 tanta;

134 2127 523 2196 magnitudinis
559 2137 619 2183 ut
657 2129 803 2186 corvi
836 2169 851 2195 ,
882 2130 976 2184 sed
1013 2130 1178 2184 variis
1218 2128 1443 2184 maculis
1482 2128 1718 2198 repersi,

132 2218 228 2285 qui
264 2218 437 2274 solent
472 2228 709 2277 rostrum
760 2221 992 2291 deﬁgere
1034 2222 1087 2276 in
1123 2221 1370 2292 paludem
1415 2229 1470 2275 et
1510 2220 1724 2274 fortiter

136 2322 416 2366 resonare.
458 2310 664 2367 Sirenas
694 2314 955 2369 dracones
984 2324 1131 2378 sunt,
1163 2313 1373 2367 cristati
1403 2319 1457 2365 et
1486 2311 1636 2375 alati,
1665 2317 1725 2364 ut

132 2398 330 2453 fabulae
380 2410 661 2470 poetarum
699 2404 902 2469 dicunt;
948 2404 1126 2473 pisces
1164 2411 1289 2464 sunt
1326 2402 1539 2467 marini,
1574 2401 1727 2455 simi-

132 2490 418 2548 litudinem
468 2494 753 2551 mulierum
817 2497 1099 2551 habentes.
1147 2496 1378 2550 Possunt
1425 2503 1479 2548 et
1527 2494 1724 2548 sirenae

130 2591 385 2651 portenta
446 2586 752 2641 dazmonum
814 2587 1057 2657 intelligi.
1110 2586 1276 2642 Edes
1349 2595 1475 2641 sunt
1533 2586 1722 2641 domus

134 2687 365 2744 magnas.
412 2676 643 2731 Delubra
685 2686 865 2733 autem
907 2688 1063 2733 erant
1096 2678 1292 2749 templa
1325 2678 1571 2741 deorum,
1601 2691 1723 2747 quas

135 2765 456 2822 dicebantur
475 2784 506 2823 a
528 2769 851 2836 deludendo,
875 2770 959 2825 vel
984 2772 1128 2840 quod
1153 2771 1228 2826 ibi
1258 2779 1536 2841 sperarent
1557 2786 1616 2827 se
1643 2770 1725 2825 di-

133 2856 317 2925 luere,
358 2861 412 2915 id
452 2871 535 2916 est
571 2863 834 2917 mundare
861 2876 890 2916 a
917 2863 1157 2933 peccatis
1188 2877 1288 2932 per
1322 2862 1721 2917 multitudinem

136 2953 529 3009 sacriﬁciorum
554 2972 569 3021 ;
597 2956 721 3027 quia
747 2957 897 3028 juxta
917 2956 1104 3013 eadem
1127 2958 1323 3027 templa
1344 2966 1499 3013 erant
1525 2956 1719 3021 fontes,

136 3046 193 3102 in
208 3048 409 3117 quibus
425 3049 986 3106 diluebanturhostiaz.
1006 3049 1062 3105 In
1080 3051 1317 3106 delubris
1333 3050 1625 3119 voluptatis
1641 3048 1723 3103 di-

135 3138 231 3204 cit,
261 3138 387 3209 quia
417 3150 541 3195 ante
563 3154 686 3194 aras
716 3141 936 3196 deorum
967 3156 1183 3197 suorum
1211 3141 1641 3204 luxuriabantur,
1669 3145 1724 3192 et

137 3242 355 3285 omnem
398 3231 579 3287 carnis
626 3232 952 3301 voluptatem
1000 3233 1323 3302 explebant,
1372 3231 1467 3286 sed
1510 3230 1600 3283 ubi
1647 3227 1720 3282 illi

138 3319 279 3374 iram
307 3322 693 3393 omnipotentis
725 3323 818 3377 Dei
852 3332 1040 3377 contra
1068 3336 1126 3376 se
1156 3323 1389 3376 maxime
1418 3320 1723 3374 concitave-
1752 3300 1800 3365 (ἶ

139 3418 269 3464 runt
299 3428 315 3464 :
353 3411 427 3465 ibi
468 3412 702 3465 minatur
742 3411 901 3466 modo
934 3412 1195 3482 propheta
1238 3410 1483 3465 habitare
1513 3410 1726 3491 diversa

74 3536 81 3543 -
140 3516 343 3572 genera
368 3514 705 3574 serpentum,
729 3512 787 3559 et
808 3513 1057 3575 portenta
1084 3504 1494 3565 daemoniorum.

726 3634 952 3692 CAPUT
989 3634 1128 3692 XIV.

224 3783 243 3818 ι
270 3764 444 3837 Prope
471 3774 556 3823 est
579 3775 640 3822 ut
666 3767 848 3824 veniat
878 3776 1086 3840 tempus
1110 3768 1247 3840 ejus,
1269 3778 1325 3826 et
1345 3770 1459 3827 dies
1482 3768 1597 3841 ejus
1621 3784 1730 3826 non
1782 3810 1790 3820 .

143 3856 556 3930 elongabuntur.
578 3878 596 3912 ι
622 3858 791 3915 Omne
819 3868 1047 3932 tempus,
1072 3862 1367 3932 quamlibet
1395 3862 1611 3935 longum
1636 3862 1729 3929 sit,

142 3950 430 4007 aeternitati
451 3952 548 4007 Dei
569 3961 939 4024 comparatum
961 3954 1340 4010 brevissimum
1369 3965 1471 4011 est.
1499 3954 1731 4010 Minatur

142 4059 273 4116 ergo
313 4046 574 4118 propheta
612 4047 1037 4105 destructionem
1080 4048 1392 4125 Babylonis,
1441 4056 1496 4106 et
1540 4049 1673 4105 dicit
1711 4062 1729 4104 :

140 4134 317 4207 Prope
334 4147 420 4194 est
438 4146 497 4194 ut
518 4140 702 4201 veniat
716 4141 835 4199 dies
852 4140 1148 4207 eversionis
1176 4142 1461 4213 Babylonis
1484 4151 1539 4197 et
1561 4141 1731 4213 capti-

143 4229 361 4297 vitatis,
399 4240 455 4287 et
499 4233 614 4289 dies
661 4233 1022 4299 tribulationis
1055 4233 1171 4304 ejus
1218 4250 1327 4292 non
1372 4234 1728 4309 elongabitur.

150 4340 169 4375 c
202 4322 541 4381 Miserebitur
567 4325 725 4398 enim]
752 4326 1013 4391 Dominus
1033 4326 1200 4387 Iacob
1226 4368 1243 4395 ,
1272 4336 1327 4384 et
1358 4328 1520 4401 eliget
1555 4329 1734 4386 adhuc

145 4414 213 4470 de
254 4414 442 4483 Israel,
488 4426 547 4475 et
590 4418 929 4488 requiescere
966 4435 1060 4481 eos
1104 4420 1268 4477 faciet
1306 4436 1467 4491 super
1509 4420 1732 4476 humum

150 4521 325 4563 suam.
363 4527 384 4561 ι
424 4507 540 4566 Hoc
562 4510 631 4567 ad
674 4520 885 4581 tempus
915 4512 1041 4583 Cyri
1084 4512 1338 4582 pertinet,
1372 4513 1525 4582 cujus
1557 4513 1732 4584 primo

147 4615 288 4657 anno
322 4601 502 4658 soluta
537 4611 622 4660 est
655 4604 961 4675 captivitas,
991 4605 1206 4673 quando
1244 4605 1498 4661 misertus
1521 4614 1607 4660 est
1641 4619 1733 4661 eo-

1820 665 1951 720 lium
1972 664 2185 723 Iudaeos
2206 668 2273 723 de
2304 667 2615 737 captivitate
2640 674 2967 721 revertentes
3006 674 3217 720 secutos
3251 679 3392 732 esse,

1820 764 1875 811 et
1902 756 1954 811 in
1986 772 2173 813 eorum
2206 758 2368 813 ritum
2396 760 2676 816 transisse.
2716 778 2735 810 ε
2765 758 2834 813 Et
2860 758 3155 829 possidebit
3184 771 3276 813 eos
3302 757 3397 812 do-

1819 862 1941 902 mus
1968 846 2128 902 Israel
2164 866 2182 900 )
2222 862 2393 919 usque
2430 868 2448 900 ι
2479 850 2765 920 subjicient
2791 859 3068 904 exactores
3095 865 3239 904 suos.
3277 869 3295 901 ι
3336 846 3396 903 Si

1818 938 2034 1008 propria
2068 938 2343 994 voluntate
2370 948 2664 1005 venerunt,
2698 941 2836 995 sicut
2859 955 3018 1009 supra
3041 940 3240 995 dictum
3280 949 3397 1004 est,

1820 1031 2083 1099 quomodo
2109 1031 2465 1102 possederunt
2492 1032 2611 1088 illos
2639 1032 2693 1087 in
2724 1046 2907 1087 servos
2933 1041 2987 1087 et
3007 1031 3263 1087 ancillas?
3287 1030 3399 1085 Du-

1818 1121 2031 1191 pliciter
2068 1131 2246 1193 potest
2267 1123 2401 1178 solvi
2435 1138 2448 1177 :
2482 1125 2564 1179 vel
2594 1124 2720 1195 quia
2756 1125 2857 1195 ipsi
2888 1123 3104 1195 propria
3127 1122 3402 1178 voluntate

1821 1223 2217 1283 supposuerunt
2270 1230 2328 1269 se
2393 1213 2581 1269 ditioni
2640 1223 2695 1269 et
2740 1216 2977 1269 dominio
3027 1214 3280 1278 illorum;
3316 1208 3404 1267 vel

1818 1312 1983 1358 tantm
2012 1305 2289 1376 dignitatis
2329 1304 2547 1360 fuerunt
2573 1312 2858 1375 postquam
2889 1305 2953 1360 de
2977 1304 3290 1373 captivitate
3318 1315 3405 1356 re-

1820 1399 2064 1463 dierunt,
2093 1408 2152 1453 ut
2177 1401 2241 1454 de
2268 1400 2495 1454 diversis
2520 1399 2767 1471 gentibus
2792 1398 2987 1452 multos
3019 1411 3203 1452 servos
3228 1404 3282 1449 et
3309 1410 3405 1448 an-

1819 1492 1969 1546 cillas
1992 1500 2251 1546 emerent.
2270 1491 2386 1558 Quo
2411 1507 2537 1546 vero
2562 1492 2831 1561 sequitur:
2865 1508 2882 1541 ι
2912 1490 2979 1543 Et
3006 1497 3166 1543 erunt
3186 1487 3405 1557 capien-

1821 1590 1903 1637 tes
1929 1598 2023 1638 eos
2052 1583 2142 1652 qui
2170 1598 2227 1638 se
2262 1591 2546 1653 ceperant,
2578 1592 2632 1637 et
2652 1581 2932 1652 subjicicnt
2967 1600 2985 1633 ι
3005 1580 3104 1635 sibi
3140 1597 3158 1629 ‹
3187 1586 3406 1634 exacto-

1820 1691 1910 1731 res
1963 1690 2090 1730 suos
2142 1696 2159 1727 ι
2216 1676 2330 1730 sive
2386 1674 2719 1742 tributarios,
2749 1677 2817 1730 ad
2857 1681 3069 1745 tempus
3095 1670 3314 1727 Assueri
3350 1676 3409 1727 et

1830 1763 2142 1820 Holofernis
2174 1774 2257 1821 est
2288 1764 2653 1821 referendum.

1905 1900 1924 1932 ε
1956 1881 2021 1935 Ει
2050 1882 2156 1936 erit
2182 1881 2235 1936 in
2262 1882 2350 1937 die
2375 1882 2499 1938 illa:
2526 1898 2649 1938 cum
2682 1882 2923 1952 requiem
2952 1881 3047 1937 tibi
3075 1880 3283 1937 dederit
3302 1880 3408 1935 Do—

1830 1974 2009 2029 minus
2040 1989 2070 2028 a
2103 1973 2288 2029 labore
2320 1984 2411 2029 tuo
2438 1982 2493 2029 et
2521 1990 2553 2028 a
2584 1974 2938 2030 concussione
2962 1981 3084 2036 tua,
3117 1991 3135 2024 ι
3161 1972 3215 2027 id
3248 1980 3333 2027 est
3376 1987 3410 2027 a

1824 2067 2081 2122 violentia
2111 2082 2218 2136 qua
2249 2067 2441 2123 ductus
2474 2076 2560 2123 est
2588 2066 2644 2123 in
2673 2066 3061 2137 captivitatem,
3090 2083 3108 2117 ι
3143 2073 3197 2120 et
3232 2078 3262 2118 a
3292 2078 3409 2120 ser-

1824 2160 1996 2215 vitute
2014 2159 2147 2215 dura
2172 2175 2280 2229 qua
2309 2169 2437 2215 ante
2463 2159 2696 2223 servisti,
2721 2178 2741 2212 ι
2759 2159 3017 2215 subaudis
3042 2156 3323 2219 Chaldaeis,
3357 2156 3412 2211 id

1826 2262 1911 2310 est
1936 2268 2059 2308 cum
2083 2252 2256 2310 soluta
2283 2251 2444 2308 fuerit
2467 2267 2535 2308 ex
2558 2260 2670 2307 toto
2687 2251 2972 2322 captivitas
3012 2269 3029 2302 ι
3053 2265 3233 2305 sumes
3253 2263 3413 2319 para-

1825 2342 2004 2399 bolam
2024 2363 2041 2395 ι
2069 2345 2181 2398 sive
2206 2343 2575 2414 proverbium,
2596 2360 2614 2391 α
2644 2352 2834 2398 contra
2852 2356 3030 2412 regem
3047 2339 3355 2411 Babylonis,
3385 2359 3404 2392 ι

1825 2431 2172 2498 admirando,
2199 2432 2471 2502 quomodo
2513 2432 2772 2488 Dominus
2796 2431 3071 2501 victorque
3110 2438 3410 2495 terrarum,

1824 2530 1882 2577 et
1913 2520 2129 2576 tributis
2153 2530 2350 2577 cuncta
2379 2520 2713 2593 depopulans
2741 2521 3005 2577 contritus
3033 2520 3124 2587 sit,
3150 2528 3204 2575 et
3231 2520 3297 2575 ad
3325 2520 3411 2575 ni-

1825 2612 1993 2668 hilum
2026 2613 2295 2669 redactus.
2322 2613 2390 2667 Et
2416 2613 2717 2679 sciendum,
2747 2612 2873 2682 quia
2904 2613 3006 2667 ista
3034 2626 3153 2682 quae
3181 2624 3413 2680 sequun-

1824 2712 1935 2771 tur,
1967 2714 2077 2760 tam
2108 2705 2176 2761 ad
2207 2704 2704 2761 Nabuchodonosor
2726 2719 2888 2775 quam
2917 2704 2985 2760 ad
3018 2703 3309 2769 diabolum,
3343 2717 3415 2758 ex

1822 2812 2054 2868 persona
2083 2797 2377 2855 electorum
2415 2800 2471 2855 in
2509 2800 2596 2856 die
2623 2798 2810 2868 judicii
2855 2797 3182 2854 referuntur.
3216 2815 3234 2848 σ
3263 2795 3412 2863 Quo-

1825 2892 1989 2949 modo
2019 2894 2249 2950 eessavit
2269 2903 2494 2951 exactor
2517 2914 2535 2946 ι
2551 2894 2640 2953 vel
2657 2894 3004 2959 tributorum,
3019 2892 3103 2948 vel
3128 2905 3412 2962 pcenarum

1823 2983 2337 3053 Nabuchodonosor,
2369 2988 2457 3044 vel
2485 2988 2730 3045 diabolus
2768 3007 2787 3039 ‹
2818 2987 3025 3057 quievit
3058 2984 3352 3056 tributum?
3389 3019 3406 3050 ,

1822 3078 2080 3133 subaudis
2101 3079 2245 3148 quod
2273 3087 2399 3134 ante
2429 3078 2763 3134 solvebatur.
2796 3077 3029 3132 Exactor
3050 3084 3134 3131 est
3181 3075 3271 3144 qui
3302 3073 3416 3127 exi-

1825 3171 1902 3242 git
1930 3187 1958 3224 a
1986 3172 2198 3242 populis
2225 3172 2504 3225 tributum.
2533 3170 2600 3225 Et
2629 3169 2875 3225 diabolus
2904 3175 3127 3223 exactor
3154 3174 3256 3230 est,
3282 3164 3413 3233 quia

1830 3263 1976 3331 cogit
2015 3278 2113 3317 nos
2150 3262 2251 3317 sibi
2287 3262 2524 3326 servire,
2553 3269 2608 3316 et
2640 3261 2804 3331 exigit
2844 3260 3153 3315 servitutem
3185 3254 3412 3327 peccati.

1830 3352 1967 3420 Quia
1988 3369 2117 3424 ergo
2148 3369 2254 3408 non
2287 3354 2526 3423 potentia
2553 3353 2807 3417 hominis,
2834 3351 2927 3408 sed
2959 3350 3170 3407 Domini
3198 3348 3416 3418 quieve-

1829 3448 1903 3502 rit
1928 3447 2193 3501 tributum
2229 3444 2519 3502 interfecto
2545 3451 2820 3509 exactore,
2845 3441 3152 3497 manifestat
3185 3452 3417 3509 sequen-

1826 3537 1974 3593 tibus
2006 3536 2187 3592 verbis
2222 3536 2513 3606 propheta,
2545 3549 2612 3592 ex
2643 3548 2875 3605 persona
2903 3531 3083 3604 populi
3102 3528 3411 3592 lsraelitici,

1829 3628 1915 3684 vel
1946 3627 2242 3683 electorum
2269 3628 2516 3697 loquens.

1907 3756 1926 3789 ι
1952 3735 2222 3793 Contrivit
2258 3735 2517 3791 Dominus
2553 3732 2804 3789 baculum
2854 3731 3141 3802 impiorum
3163 3769 3178 3795 ,
3207 3729 3417 3799 virgam

1831 3825 2246 3891 dominantium,
2270 3825 2568 3881 caedentem
2606 3823 2833 3894 populos
2862 3822 3018 3892 plaga
3042 3818 3356 3884 insanabili,
3392 3839 3413 3869 ι

1833 3917 1888 3973 id
1911 3924 1997 3972 est
2019 3926 2192 3973 morte
2220 3916 2560 3973 irrevocabili
2592 3934 2611 3968 ι
2631 3922 3041 3986 persequentem
3067 3911 3409 3976 crudeliter,»

1833 4010 2092 4067 subaudis
2132 4025 2322 4066 omnes
2364 4009 2610 4081 populos.
2652 4006 3143 4064 Nabuchodonosor
3180 4004 3265 4060 vel
3296 4004 3414 4060 dia-

1832 4100 2016 4157 bolum
2058 4098 2288 4170 appellat
2330 4100 2578 4156 baculum
2625 4098 2934 4169 impiorum;
2963 4097 3113 4166 quia,
3143 4095 3287 4155 sicut
3316 4108 3419 4165 per

1833 4190 1984 4245 illum
2032 4188 2435 4261 ﬁagellabantur
2472 4189 2622 4259 impii
2662 4204 2695 4243 a
2734 4187 2880 4253 Deo,
2918 4187 2993 4243 ita
3021 4200 3119 4257 per
3146 4183 3413 4240 diabolum

1833 4284 2169 4359 ﬁagellantur
2192 4284 2268 4339 illi
2305 4283 2397 4354 qui
2442 4283 2497 4338 in
2537 4282 2712 4354 ptenis
2743 4279 2941 4338 inferni
2979 4287 3123 4335 sunt.
3153 4276 3252 4334 Vel
3287 4276 3416 4332 dum

1834 4380 1979 4451 cogit
2016 4394 2109 4434 eos
2137 4379 2192 4433 in
2228 4380 2331 4434 hoc
2351 4377 2551 4433 mulo
2593 4388 2852 4446 peccare,
2880 4371 3115 4442 ﬂagellat
3155 4370 3277 4427 illos
3305 4368 3419 4425 suis

1835 4472 2282 4545 suggestionibus,
2309 4478 2364 4526 et
2389 4469 2834 4526 delectationibus
2855 4466 3057 4537 pravis.

1914 4605 1933 4637 ι
1963 4584 2285 4656 Conquievit
2309 4584 2485 4640 omnis
2516 4590 2683 4647 terra,
2708 4600 2725 4633 ι
2762 4581 3016 4637 subaudis
3044 4594 3075 4635 a
3104 4579 3286 4635 labore
3312 4595 3332 4629 ς
3361 4586 3418 4634 et

147 4706 265 4746 πω,
304 4658 589 4759 Dom“;
623 4658 909 4753 “iam
928 4658 1630 4764 ,5,‘,,,.,,,.,.;,;’,;.;.eg.
1654 4658 1733 4749 ει
1756 4658 1811 4723 ι)
1836 4676 1986 4733 sum.
2026 4691 2056 4730 a
2090 4673 2238 4743 ﬁetu,
2287 4694 2308 4728 .
2344 4673 2552 4730 scilicet
2575 4688 2607 4727 a
2634 4671 2979 4728 clamoribus.
3007 4669 3298 4740 Postquam
3327 4667 3418 4764 ille

146 4780 309 4838 Israel
332 4783 455 4843 illos
475 4785 571 4855 qui
594 4785 872 4841 redierunt
894 4800 1017 4842 cum
1041 4785 1361 4852 Zorobabel,
1387 4786 1617 4855 aliisque
1637 4786 1733 4842 du-

148 4872 319 4930 cibus.
360 4874 665 4945 Allegorice
709 4885 911 4942 autem,
937 4891 1221 4948 possumus
1264 4878 1370 4933 hoc
1413 4876 1618 4932 referre
1664 4876 1731 4933 ad

150 4978 359 5040 tetnpus
388 4973 773 5029 incarnationis
798 4972 921 5027 Filii
952 4972 1067 5039 Dei,
1095 4972 1238 5043 quod
1261 4974 1316 5026 in
1345 4972 1593 5042 proximo
1612 4980 1731 5028 erat

147 5061 362 5133 quando
408 5063 523 5133 ipse
550 5064 804 5119 misertus
827 5070 913 5118 est
938 5059 1136 5130 Iacob,
1168 5063 1221 5117 id
1250 5072 1335 5119 est
1386 5062 1602 5119 illorum
1635 5063 1730 5133 qui

148 5156 582 5227 supplantatores
601 5159 857 5214 vitiorum
884 5157 1121 5224 fuerunt,
1147 5158 1467 5215 dimittendo
1493 5159 1575 5223 eis
1599 5171 1726 5228 pee-

151 5257 270 5305 cata
300 5267 314 5303 :
345 5259 403 5306 et
440 5252 656 5321 quando
682 5251 847 5321 elegit
880 5265 948 5305 ex
981 5250 1146 5308 Israel
1183 5251 1452 5321 apostolos
1482 5250 1727 5321 aliosque

60 5387 74 5397 .
151 5342 430 5398 credentes
478 5357 493 5395 :
549 5357 686 5412 quos
732 5344 1075 5413 requiescere
1123 5343 1255 5400 facit
1297 5358 1459 5413 super
1501 5344 1727 5399 humum

152 5447 326 5498 suam,
355 5434 460 5490 hoc
483 5441 567 5488 cst
594 5434 648 5488 in
678 5433 921 5489 Ecclesia
948 5450 1067 5490 sua.
1101 5452 1122 5487 ι
1152 5434 1487 5505 Adjungetur
1516 5434 1727 5491 advena

153 5528 218 5582 ad
263 5539 359 5581 eos
383 5545 404 5579 ι
450 5525 738 5591 subaudis,
781 5526 874 5596 qui
915 5527 982 5582 de
1019 5525 1329 5597 captivitate
1362 5533 1725 5582 revertentur.

157 5636 178 5671 ι
204 5617 275 5674 Εῑ
296 5618 587 5675 adhaerebit
617 5618 798 5675 domui
816 5617 1000 5674 Iacob.
1036 5638 1057 5672 ι

227 5729 249 5763 ι
280 5712 348 5767 Et
400 5715 660 5770 tenebunt
690 5728 785 5770 eos
818 5713 1021 5784 populi,
1051 5733 1070 5767 ι
1103 5712 1361 5770 subaudis
1388 5728 1496 5771 non
1525 5714 1579 5769 in
1610 5727 1730 5769 ser-

153 5804 305 5873 vitio,
352 5807 447 5862 sed
490 5807 545 5861 in
574 5805 767 5865 aﬂ‘ectu
810 5807 1112 5865 dilectionis
1149 5816 1203 5864 et
1249 5808 1467 5864 maximi
1510 5808 1735 5865 honoris

158 5910 182 5954 ι
215 5904 272 5951 et
312 5897 586 5956 adducent
628 5913 763 5966 eos,
791 5916 810 5951 ι
863 5896 922 5954 id
971 5905 1060 5955 est
1092 5898 1327 5956 advenas
1382 5917 1403 5952 ς
1435 5899 1504 5956 ad
1549 5898 1732 5959 locum

1835 4770 2098 4828 contritus
2121 4778 2223 4836 est,
2257 4787 2276 4820 ι
2300 4767 2485 4837 gavisa
2505 4774 2589 4822 est
2614 4785 2632 4818 ι
2659 4765 2726 4821 de
2749 4776 2920 4822 morte
2943 4764 3078 4837 ejus,
3109 4781 3128 4815 ‹
3157 4770 3213 4818 et
3236 4760 3417 4817 exsul-
3466 4811 3473 4814 .

1834 4863 1969 4917 tavit
1996 4882 2014 4915 ι
2050 4858 2506 4934 postmodum.Ad
2540 4858 2753 4914 ruinam
2778 4858 2992 4930 quidem
3018 4856 3134 4928 ejus
3167 4852 3417 4911 consiluit

1832 4956 2009 5013 omnis
2038 4964 2200 5022 terra,
2228 4962 2285 5010 et
2309 4968 2495 5009 vocem
2523 4951 2719 5009 lmtitize
2746 4949 3095 5024 deprompsit.

1910 5084 1930 5119 ι
1956 5065 2174 5121 Abietes
2197 5078 2411 5137 quoque
2432 5063 2621 5119 laetatze
2648 5071 2774 5118 sunt
2795 5076 2955 5132 super
2975 5068 3048 5126 te,
3063 5066 3117 5114 et
3144 5054 3291 5113 cedri
3319 5053 3412 5112 Li-

1831 5159 1983 5217 bani.
2013 5179 2033 5212 ›
2070 5158 2171 5215 Per
2209 5158 2413 5214 abietes
2456 5164 2512 5212 et
2556 5156 2748 5212 cedros
2787 5152 2996 5219 Libani,
3043 5150 3414 5229 intelliguntur

1832 5253 2106 5324 principes
2141 5250 2475 5306 diversarum
2500 5248 2769 5319 gentium,
2798 5245 2889 5315 qui
2915 5260 2946 5300 a
2979 5242 3413 5300 Nabuchodono-

1834 5358 1926 5399 sor
1948 5341 2130 5397 aillicti
2153 5347 2316 5397 sunt:
2344 5339 2450 5405 vel,
2474 5339 2617 5409 quod
2644 5336 2835 5391 melius
2856 5341 2959 5401 est,
2989 5332 3082 5388 ﬁlii
3108 5332 3415 5404 principum

1836 5450 2065 5507 quorum
2093 5443 2275 5503 patres
2310 5430 2473 5487 occisi
2503 5437 2630 5486 sunt
2654 5444 2688 5483 a
2713 5425 3208 5483 Nabuchodonosor
3230 5462 3245 5486 ,
3289 5422 3416 5491 quia

1836 5527 1905 5585 de
1938 5534 2111 5582 morte
2149 5525 2266 5595 ejus
2301 5522 2454 5577 valde
2495 5519 2658 5577 laetati
2692 5526 2818 5574 sunt
2842 5516 3080 5572 dicentes
3109 5530 3122 5565 :
3162 5529 3180 5562 ι
3210 5511 3289 5565 Ex
3308 5525 3414 5578 quo

1836 5618 2108 5682 dormisti,
2131 5637 2150 5670 ι
2178 5617 2234 5673 id
2261 5623 2344 5671 est
2370 5630 2436 5670 ex
2465 5626 2573 5682 quo
2602 5618 2846 5665 mortuus
2873 5622 2952 5672 es,
2991 5624 3008 5657 ‹
3036 5618 3141 5658 non
3172 5598 3417 5655 ascendit

1838 5713 1931 5785 qui
1973 5710 2256 5775 succidat,
2289 5728 2308 5760 ι
2360 5707 2415 5762 id
2451 5712 2534 5759 est
2569 5703 2662 5775 qui
2700 5699 2991 5757 interﬁciat
3027 5711 3146 5761 nos,
3179 5693 3321 5748 sicut
3358 5699 3418 5746 tu

1836 5803 2083 5865 occidisti
2103 5810 2286 5873 patres
2312 5806 2544 5854 nostros.

1916 5917 1937 5952 ι
1970 5893 2215 5957 Iniernus
2262 5890 2447 5950 subter
2492 5887 2844 5946 conturbatus
2888 5892 2974 5941 est
3028 5881 3083 5938 in
3132 5888 3414 5937 occursum
