3918 6458
569 499 664 555 791

1041 499 1395 555 llAYMONlS
1430 497 1903 554 HALBERSTAT.
1948 499 2158 554 EPISC.
2201 495 2348 552 OPI’.
2390 498 2567 554 PARS
2603 499 2642 554 Ι.
2675 475 3118 559 —COMMENT.
3158 452 3330 568 ΒιΒι.

3751 508 3822 563 79!

566 614 826 668 adventus
868 615 982 679 tui,
1031 615 1309 668 suscitavit
1342 614 1433 669 tibi
1467 614 1725 684 gigantes.
1758 633 1776 664 ι
1812 612 1947 667 Hinc
1974 612 2139 666 disci-
2165 617 2211 673 Λ
2243 619 2421 666 tanam
2471 613 2610 667 sicut
2668 611 2846 683 fulgur
2910 615 3191 669 cadentem
3261 615 3326 670 de
3402 615 3586 671 caelo.
3662 636 3681 669 ι
3748 620 3818 687 Qui

565 719 684 757 mus
713 702 983 758 infernum
1010 705 1194 758 subter
1221 713 1421 757 terram
1454 718 1595 768 esse,
1625 702 1781 771 cujus
1811 703 2140 758 habitatores

567 793 666 846 hoc
694 793 747 846 in
778 793 897 848 loco
929 795 1142 848 nomine
1173 792 1364 846 inferni
1402 794 1770 862 designantur,
1794 793 1878 846 vel
1919 793 2140 863 angelus

567 883 655 951 qui
689 885 1005 952 praepositus
1033 893 1115 937 est
1151 883 1325 952 ptenis
1354 882 1567 936 inferni.
1596 881 1851 952 Gigantes
1880 897 2008 936 vero
2035 892 2141 937 ter-

564 974 682 1026 reni
711 981 764 1026 et
798 972 964 1026 fortes
992 972 1288 1041 accipiendi
1319 981 1444 1026 sunt
1479 972 1768 1040 principes.
1805 971 1931 1026 llmc
1961 981 2139 1026 autem

564 1063 637 1116 ita
668 1065 953 1128 dicuntur,
993 1079 1099 1116 non
1143 1063 1284 1132 quod
1319 1063 1458 1117 facta
1509 1063 1658 1116 sint;
1696 1063 1810 1117 sed‘
1831 1063 1973 1131 quod
2022 1061 2140 1115 fieri

563 1153 856 1219 potuerint.
895 1170 912 1202 ι
943 1151 1144 1207 Omnes
1188 1152 1458 1222 principes
1489 1159 1646 1206 terra:
1690 1161 2042 1206 surrexerunt
2073 1151 2141 1206 de

561 1241 709 1297 soliis
742 1243 873 1298 suis.
905 1263 924 1294 ι
967 1243 1176 1297 Anima:
1223 1243 1556 1313 principum,
1595 1257 1730 1312 quos
1772 1242 1884 1311 ipse
1913 1241 2139 1297 interfe-

559 1343 728 1398 cerat,
760 1334 1081 1388 insultantes
1105 1333 1152 1388 ei
1177 1342 1551 1398 occurrerunt,
1586 1341 1644 1386 ut
1671 1348 1831 1402 quem
1864 1334 2012 1402 prius
2039 1334 2137 1387 lio—

560 1425 825 1480 norabant
847 1440 944 1494 pro
970 1426 1208 1495 potentia
1234 1440 1352 1490 sua,
1384 1432 1567 1494 postea
1598 1425 1923 1479 mirarentur
1949 1425 2000 1478 in
2028 1440 2140 1494 pue-

557 1517 662 1568 nis.
721 1514 984 1569 Solatium
1033 1515 1178 1568 enim
1245 1514 1506 1568 malorum
1555 1523 1674 1578 est,
1722 1529 1843 1568 cum
1893 1514 2140 1568 inimicos

561 1620 686 1658 suos
711 1604 893 1657 vident
922 1602 1109 1658 eadem
1139 1605 1424 1659 sustinere.

635 1713 652 1744 ι
688 1693 754 1747 Et
782 1703 837 1746 tu
865 1693 1176 1749 vulneratus
1198 1710 1256 1749 es
1288 1696 1426 1749 sicut
1452 1706 1504 1749 et
1529 1711 1646 1758 nos,
1673 1704 1728 1750 et
1754 1695 1922 1748 nostri
1950 1694 2140 1750 similis

557 1784 781 1839 effectus
819 1801 897 1839 es.
941 1805 959 1837 ι
995 1785 1120 1840 Acsi
1151 1786 1391 1840 dicerent
1417 1785 1538 1840 aliis
1560 1786 1740 1840 verbis
1769 1801 1780 1836 :
1813 1784 2140 1838 Putabamus

558 1884 608 1929 te
637 1875 809 1930 solum
845 1876 1099 1945 potentiae
1140 1875 1234 1930 Dei
1263 1890 1420 1944 posse
1453 1877 1741 1937 resistere,
1771 1875 1862 1928 sed
1894 1883 1952 1926 ut
1980 1873 2140 1926 rebus

555 1969 875 2032 ostenditur,
891 1976 945 2022 et
963 1968 1270 2022 vulneratus
1291 1983 1349 2021 es
1369 1967 1507 2021 sicut
1534 1981 1652 2028 nos,
1676 1976 1728 2020 et
1759 1964 1928 2018 nostri
1948 1963 2137 2017 similis
2166 1953 2214 2012 Β

555 2059 778 2116 eﬂectus
829 2075 909 2126 es,
942 2059 995 2112 id
1039 2068 1120 2112 est
1167 2058 1414 2113 mortalis
1453 2067 1509 2112 et
1548 2057 1602 2111 in
1641 2055 1906 2110 infernum
1954 2054 2136 2122 proje-

557 2159 694 2204 ctus.
729 2148 1070 2219 Quapropter
1096 2148 1273 2202 minus
1295 2147 1536 2201 dolemus
1560 2161 1658 2200 nos
1689 2143 1853 2198 fuisse
1875 2143 2134 2209 succisos,

552 2258 675 2298 cum
736 2252 788 2298 tu
825 2251 880 2296 et
925 2242 1111 2296 eadem
1160 2241 1336 2296 securi
1385 2240 1674 2296 corrueris.
1713 2257 1731 2289 ι
1763 2238 2014 2292 Detracta
2054 2245 2138 2292 est

558 2332 626 2388 ad
662 2332 865 2387 inferos
896 2331 1146 2401 superbia
1197 2340 1288 2386 tua
1309 2373 1323 2396 ,
1376 2331 1606 2387 concidit
1635 2331 1864 2385 cadaver
1911 2339 2080 2394 tuum,
2110 2349 2128 2380 ι

553 2423 814 2479 subaudis
863 2424 917 2477 in
952 2433 1217 2488 mortem;
1275 2441 1292 2474 ι
1334 2423 1518 2478 subter
1570 2431 1640 2487 te,
1674 2442 1692 2473 ι
1732 2421 1986 2478 subaudis
2040 2421 2132 2490 qui

549 2517 701 2584 prius
755 2531 917 2584 super
963 2525 1185 2584 pectora
1221 2515 1446 2568 aliorum
1506 2528 1692 2583 regum
1752 2512 2130 2576 recumbebas,

553 2625 571 2657 ι
605 2615 876 2661 sternetur
921 2607 1088 2670 tinea,
1116 2625 1134 2655 ι
1175 2614 1230 2659 et
1269 2605 1359 2674 qui
1397 2604 1548 2674 prius
1572 2603 1900 2672 Operiebaris
1935 2601 2130 2671 palliis,

547 2713 680 2752 auro
728 2698 1060 2768 gemmisque
1096 2696 1388 2750 redemitus
1427 2713 1440 2748 :
1490 2715 1506 2746 ι
1549 2696 1940 2765 operimentum
1980 2701 2130 2747 tuum

546 2803 776 2842 vermes.
811 2808 828 2840 ›
878 2787 980 2842 Per
1026 2787 1139 2842 hate
1187 2787 1326 2852 duo,
1370 2787 1680 2858 magnitudo
1721 2785 2130 2840 tribulationum

545 2879 890 2935 infernalium
949 2881 1301 2950 exprimitur,
1341 2880 1427 2935 vel
1473 2880 1700 2935 materia
1743 2878 2128 2949 suppliciorum

544 2977 664 3041 qua:
697 2987 763 3038 ex
795 2972 1026 3041 propriis
1062 2973 1301 3026 nascitur
1339 2971 1656 3042 corporibus
1687 2987 1700 3022 :
1744 2970 1884 3023 sicut
1916 2982 2130 3022 vermes

545 3070 843 3116 nascuntur
891 3077 958 3116 ex
999 3065 1298 3128 cadavere,
1341 3062 1579 3131 quandiu
1617 3061 1808 3130 aliquis
1849 3060 2044 3116 humor
2074 3059 2130 3113 in

543 3169 608 3206 eo
637 3161 720 3208 est
749 3161 804 3207 et
842 3154 985 3208 tinea
1016 3170 1081 3209 ex
1109 3155 1452 3211 vestimento.

621 3267 638 3297 ι
670 3245 946 3314 Quomodo
986 3248 1227 3304 cecidisti
1273 3249 1338 3303 de
1385 3249 1541 3315 coelo,
1571 3235 1815 3314 Lucifer,
1847 3249 1936 3318 qui
1967 3263 2125 3304 mane

540 3336 865 3392 oriebaris?»
893 3336 1164 3405 Quantum
1187 3339 1252 3394 ad
1274 3339 1508 3394 litteram
1531 3341 1783 3411 pertinet,
1813 3339 2122 3395 Luciferum

540 3430 643 3486 hoc
681 3432 734 3485 in
765 3430 884 3487 loco
921 3433 1152 3502 appellat
1181 3431 1675 3488 Nabuchodonosor
1705 3430 1866 3501 (Dan.
1901 3431 2000 3503 ιν),
2029 3430 2123 3500 qui

544 3520 743 3576 cecidit
787 3521 853 3576 de
899 3521 1034 3576 solio
1073 3523 1324 3591 potentiae
1353 3530 1570 3593 propter
1597 3521 1923 3591 superbiam.
1969 3519 2125 3575 Sicut

543 3611 687 3664 enim
723 3611 940 3668 Lucifer
973 3615 1221 3670 tenebras
1242 3615 1558 3677 discutiens,
1588 3614 1642 3668 in
1669 3628 1768 3668 suo
1791 3621 1913 3668 ortu
1944 3611 2122 3667 clarus

542 3705 742 3780 incedit
776 3713 830 3761 et
870 3706 1062 3761 rutilus
1093 3725 1106 3760 :
1142 3707 1219 3762 sic
1249 3715 1303 3761 et
1350 3715 1474 3760 tuus
1502 3719 1815 3775 pergressus
1862 3704 1914 3757 in
1949 3701 2122 3773 publi-

540 3811 660 3850 cum
686 3837 700 3859 ,
747 3806 894 3853 astro
937 3799 1199 3868 superiori
1244 3797 1432 3852 similis
1473 3811 1593 3852 esse
1624 3797 1924 3851 videbatur.
1967 3815 1985 3847 ι
2017 3795 2121 3863 Qui

541 3887 756 3942 dicebas
781 3889 834 3941 in
865 3889 1028 3944 corde
1050 3897 1143 3944 tuo
1167 3907 1180 3942 :
1209 3890 1267 3944 ln
1294 3889 1490 3944 coelum
1514 3886 1871 3944 conscendam
1902 3907 1920 3939 ι
1951 3903 2122 3958 usque

545 3995 562 4026 ι
593 3977 783 4032 similis
815 3988 916 4054 gero
953 3979 1247 4034 Altissimo.
1281 3999 1298 4030 ι
1345 3977 1438 4034 Sic
1479 3978 1798 4048 loquebatur
1831 3977 2116 4035 Nabucho-

539 4071 775 4146 donosor
803 4071 857 4124 in
887 4071 1047 4126 corde
1071 4086 1170 4126 suo
1209 4071 1445 4126 elevatus
1482 4071 1536 4130 in
1563 4072 1894 4140 superbiam,
1923 4081 2119 4142 putans

542 4175 602 4215 se
643 4162 753 4215 suis
780 4160 986 4216 viribus
1020 4170 1224 4216 tantam
1263 4162 1556 4232 potentiam
1585 4163 1943 4232 adquisiisse:
1979 4163 2115 4220 Cum

537 4249 714 4302 omnis
742 4257 886 4304 terra
926 4250 1057 4304 mihi
1101 4251 1339 4322 subjecta
1374 4252 1473 4315 sit,
1508 4251 1636 4322 quid
1676 4253 1806 4308 mihi
1845 4253 1989 4309 aliud
2027 4269 2115 4310 re-

537 4348 662 4402 stat,
695 4339 796 4393 nisi
826 4349 884 4394 ut
911 4340 967 4394 in
998 4341 1193 4396 ctelum
1222 4343 1530 4408 ascendam,
1570 4351 1628 4398 et
1665 4343 1854 4398 similis
1899 4344 2113 4399 Altissi-

535 4431 668 4484 mo?
697 4429 792 4486 Vel
840 4433 1033 4488 cmlum
1068 4444 1124 4490 et
1171 4443 1316 4490 astra
1359 4446 1515 4492 vocat
1553 4435 1764 4492 Judzeos
1790 4479 1805 4503 ,
1856 4437 1948 4492 Dei
1993 4437 2115 4492 caali

535 4522 841 4590 cognitione
887 4521 1173 4594 fulgentes.
1233 4524 1466 4580 Montem
1505 4525 1834 4580 Testamenti
1883 4526 2116 4596 appellat

533 4622 770 4666 montem
803 4612 955 4680 Sion,
981 4617 1071 4684 qui
1101 4615 1152 4670 in
1181 4615 1350 4671 latere
1375 4617 1675 4686 aquilonari
1716 4617 1949 4672 habebat
1979 4627 2115 4671 tem-

533 4703 702 4772 plum,
721 4705 892 4773 inquo
905 4705 1306 4762 Testamentum
1322 4707 1414 4763 Dei
1430 4717 1549 4761 erat
1563 4708 1704 4776 quod
1721 4708 1904 4761 datum
1919 4715 2001 4762 est
2014 4723 2111 4776 per

533 4795 736 4857 Mosen,
773 4797 1118 4853 Altitudinem
1162 4799 1386 4854 nubium
1413 4799 1750 4869 patriarchas
1782 4808 1835 4853 et
1874 4799 2108 4869 prophe-

533 4895 635 4940 tas.
671 4887 745 4941 De
783 4887 976 4956 quibus
1013 4889 1244 4944 nubibus
1290 4891 1418 4945 dicit
1473 4891 1600 4945 alibi
1664 4891 1803 4944 idem
1850 4891 2109 4960 pr0pheta

530 4976 695 5032 Isaias
719 4992 784 5032 ex
810 4993 1040 5048 persona
1082 4979 1176 5033 Dei
1204 4999 1217 5033 :
1251 4999 1267 5031 ι
1297 4980 1559 5035 Mandabo
1583 4981 1814 5034 nubibus
1834 4995 1901 5035 ne
1921 4980 2109 5049 pluant

531 5081 692 5136 super
719 5083 810 5123 eos
836 5069 1085 5124 imbrem.
1115 5089 1132 5120 ι
1153 5069 1244 5125 Sic
1269 5071 1497 5139 denique
1520 5069 1730 5125 dicebat
1748 5069 2104 5125 Nabuchodo-

531 5172 694 5211 nosor
722 5158 774 5211 in
810 5161 971 5216 corde
997 5176 1117 5226 suo,
1143 5168 1198 5215 et
1223 5161 1446 5229 insuper
1469 5159 1668 5225 verbis,
1699 5167 1989 5228 antequam
2017 5173 2110 5213 ca-

529 5258 684 5319 peret
713 5247 945 5306 Iudaeos.
1537 5322 1540 5324 γ

601 5340 736 5406 Quid
768 5339 895 5392 mihi
923 5339 1066 5395 aliud
1092 5350 1281 5406 restat,
1307 5341 1412 5396 nisi
1439 5349 1497 5394 ut
1525 5343 1810 5395 ascendam
1838 5354 1998 5408 super
2015 5337 2110 5393 Ju-

527 5426 690 5492 diBOS,
728 5429 818 5480 Dei
851 5429 973 5482 cmli
1002 5430 1360 5500 cognitionem
1388 5429 1645 5484 habentes
1679 5448 1691 5483 :
1724 5429 1814 5484 ubi
1839 5437 1964 5483 sunt
1985 5444 2108 5498 pro-

526 5520 702 5588 pheta:
725 5528 947 5574 ventura
977 5522 1346 5590 prtedicentes,
1371 5531 1425 5576 et
1451 5522 1702 5590 templum
1734 5520 2103 5592 magnificum?

525 5610 820 5668 Possumus
847 5622 901 5668 et
930 5615 1030 5668 ista
1060 5615 1262 5667 referre
1292 5613 1573 5682 allegorice
1595 5613 1660 5665 ad
1687 5612 1976 5674 diabolum,
2007 5609 2099 5678 qui

526 5717 716 5768 mane,
765 5705 816 5760 id
861 5715 944 5760 est
989 5706 1042 5759 in
1073 5707 1293 5761 exordio
1321 5707 1502 5759 mundi
1535 5715 1707 5767 ortus,
1741 5703 1820 5757 vel
1859 5703 2098 5757 elevatus

2138 4659 2192 4718 D

2239 711 2525 772 antequam
2585 713 2880 769 corrueret,
2941 706 3156 760 dicebat
3198 706 3324 760 talia
3377 707 3712 777 cogitando,
3759 715 3810 765 vei

2238 802 2520 862 postquam
2574 793 2796 847 corruit.
2846 795 2951 848 Sed
3003 805 3289 864 antequam
3343 806 3685 860 corrueret,
3727 815 3809 852 cra

2239 893 2382 938 esset
2424 885 2476 938 in
2509 884 2871 951 firmamento,
2911 887 3161 956 cupiebat
3201 888 3257 941 in
3288 888 3506 943 celum
3541 891 3802 946 ascendere.

2239 974 2328 1028 ubi
2363 973 2556 1028 solium
2584 973 2796 1028 Domini
2827 983 2932 1029 est.
2965 974 3071 1030 Sed
3100 985 3388 1046 postquam
3425 987 3716 1046 correptus

2239 1064 2403 1118 verba
2434 1063 2755 1133 arrogantize
2777 1073 2861 1118 est
2881 1065 3019 1118 sicut
3041 1075 3096 1118 et
3124 1065 3229 1129 ille,
3255 1065 3544 1136 gloriatur
3565 1071 3797 1122 ascendere

2239 1165 2401 1221 super
2425 1151 2642 1222 angelos
2685 1153 2737 1206 iu
2777 1152 2974 1206 coelum
2995 1195 3010 1219 ,
3039 1161 3092 1206 et
3126 1169 3288 1222 super
3315 1153 3535 1218 nubes,
3563 1154 3646 1208 vel
3686 1171 3796 1224 super

2240 1243 2402 1298 corda
2430 1243 2746 1310 electorum,
2766 1251 2820 1298 et
2846 1245 3034 1299 sedere
3069 1264 3086 1294 ‹
3112 1245 3164 1298 in
3194 1253 3381 1300 monte
3405 1244 3746 1309 Testamenti,
3772 1268 3784 1297 ›

2240 1330 2293 1385 id
2315 1339 2397 1386 est
2417 1332 2469 1385 in
2492 1331 2752 1396 Ecclesia,
2790 1354 2807 1384 ‹
2840 1342 2894 1388 et
2921 1335 2971 1388 in
2991 1334 3253 1391 lateribus
3280 1335 3600 1406 aquilonis,
3632 1356 3650 1387 ι
3679 1339 3719 1390 id
3738 1317 3792 1392 est

2240 1419 2295 1474 in
2327 1421 2540 1493 frigidis
2574 1413 2852 1480 mentibus.
2879 1427 2971 1481 ubi
3002 1427 3229 1483 habitat.

2315 1550 2335 1582 ι
2366 1532 2747 1589 Verumtamen
2787 1536 2855 1589 ad
2890 1536 3156 1591 infernum
3187 1538 3515 1594 detraheris
3545 1539 3598 1592 in
3621 1539 3777 1607 profun-

2240 1621 2367 1676 dum
2420 1623 2542 1678 laci.
2576 1644 2594 1676 ι
2646 1625 3143 1683 Nabuchodonosor
3181 1629 3266 1684 vel
3312 1629 3578 1686 diabolus
3612 1633 3687 1702 qui
3716 1649 3771 1701 ta

2240 1715 2547 1783 superbiam
2587 1717 2827 1771 dixerat:
2878 1718 2935 1772 ln
2960 1719 3157 1772 coelum
3185 1722 3570 1776 conscendam
3588 1762 3602 1784 ,
3629 1737 3703 1775 cro
3727 1723 3767 1774 si-

2240 1806 2382 1861 milis
2406 1808 2683 1863 Altissimo
2713 1827 2725 1862 :
2759 1825 2865 1864 non
2895 1810 3065 1864 solum
3111 1811 3180 1864 ad
3218 1810 3512 1866 infernum
3541 1813 3706 1867 corruit
3727 1813 3762 1866 de

2241 1895 2374 1950 solio
2395 1898 2599 1968 glorize,
2624 1900 2717 1954 sed
2741 1901 2810 1954 ad
2835 1900 3052 1954 ultimas
3073 1910 3253 1970 partes
3280 1902 3499 1957 inferni
3524 1903 3679 1973 lapsus
3695 1919 3756 1966 θείς

2239 1987 2365 2057 quia
2403 1997 2604 2057 quanto
2638 1990 2794 2044 altior
2845 1990 3074 2060 gradus,
3114 1999 3263 2046 tanto
3293 1992 3621 2062 profundior
3647 2010 3751 2048 casas.

2315 2114 2333 2146 ‹
2363 2095 2464 2163 Qui
2493 2105 2545 2152 te
2573 2099 2829 2165 viderint,
2859 2119 2877 2151 ι
2913 2101 3172 2155 subaudis
3194 2141 3210 2166 ,
3257 2101 3318 2155 in
3345 2103 3564 2158 ultimis
3594 2105 3750 2174 partitas

2237 2184 2431 2241 inferni
2456 2189 2708 2256 positum,
2747 2210 2765 2242 ι
2794 2191 2862 2245 ad
2892 2199 2944 2246 te
2987 2191 3426 2257 inclinabuntur,
3455 2203 3598 2263 teque
3617 2194 3747 2263 previ-

2237 2277 2414 2342 cient,
2452 2299 2471 2331 )
2509 2281 2763 2336 subaudis
2808 2283 3082 2339 dicentes:
3130 2303 3148 2335 ί
3180 2283 3454 2356 Nunquid
3489 2288 3577 2342 iste
3613 2297 3666 2340 at
3695 2287 3741 2338 vir

2236 2371 2326 2441 qui
2367 2372 2726 2444 conturbavit,
2758 2384 2978 2442 terram,
3010 2399 3028 2430 ι
3069 2378 3720 2441 Nabuchodonosorsﬁk‘at

2241 2482 2258 2512 ‹
2288 2463 2378 2531 qui
2407 2465 2677 2518 concussit
2703 2481 2888 2536 regna,
2913 2469 3005 2536 qui
3029 2470 3208 2538 posuit
3228 2471 3438 2524 orbem
3464 2471 3711 2530 desertam!

2235 2554 2399 2608 urbes
2421 2553 2535 2622 ejus
2557 2557 2866 2611 destruxit?
2894 2577 2913 2609 ›
2941 2557 3069 2614 Haec
3087 2575 3193 2615 vox
3216 2561 3718 2629 insultantiumqm.

2233 2651 2288 2697 et
2325 2644 2647 2714 principum,
2689 2658 2849 2717 atque
2887 2649 3234 2714 mirantium,
3273 2654 3550 2721 quomodo
3580 2660 3729 2704 vastator

2231 2733 2473 2787 omnium
2521 2735 2634 2804 ipse
2670 2747 2912 2793 vastatus
2951 2740 3040 2794 sit.
3078 2740 3269 2807 Qualia
3317 2745 3466 2798 enim
3510 2739 3733 2804 fecit,blh

2232 2826 2436 2894 recepit
2484 2843 2496 2878 :
2553 2835 2607 2881 et
2658 2829 2834 2884 adhuc
2886 2831 3164 2901 ampliora.
3224 2832 3491 2904 Quodque
3537 2834 3732 2902 sequitur.

2237 2935 2257 2968 ι
2285 2917 2480 2974 vinctis
2523 2918 2658 2987 ejus,
2689 2939 2707 2969 ›
2746 2921 2799 2974 id
2844 2931 2929 2976 est
2963 2922 3156 2977 vinctis
3205 2924 3395 2990 orbis,
3432 2944 3448 2976 ι
3471 2941 3560 2978 non
3584 2922 3734 2992 aperuit

2231 3024 2526 3078 cancerem,
2557 3032 2574 3062 I
2611 3012 2920 3084 magnitudo
2941 3011 3277 3067 crudelitatis
3304 3023 3362 3068 et
3386 3013 3632 3084 impietatis
3652 3009 3731 3078 ejus

2231 3102 2572 3171 exprimitur,
2615 3104 2708 3172 qui
2748 3103 2988 3173 captivos
3025 3118 3132 3158 non
3175 3103 3346 3158 solum
3384 3105 3558 3159 catenis
3582 3116 3730 3173 gnra.

2232 3193 2357 3259 bat,
2407 3194 2500 3249 sed
2543 3194 2706 3249 etiam
2756 3194 2991 3250 tenebris
3037 3195 3456 3250 includebat:in
3493 3203 3658 3246 tantum
3680 3201 3728 3246 ut

2231 3279 2340 3340 tilio
2369 3301 2467 3341 suo
2497 3285 2935 3352 Evilmerodacb,
2975 3300 3137 3355 quem
3169 3288 3370 3342 tenebat
3404 3294 3578 3352 captum
3611 3295 3712 3334 cum

2227 3376 2366 3443 aliis,
2386 3377 2550 3434 nollet
2570 3377 2779 3446 aperire
2791 3391 3067 3432 carcerem
3093 3376 3144 3449 (I
3174 3376 3218 3430 V
3235 3377 3454 3446 Roga“;
3470 3373 3589 3427 Hier.
3610 3369 3708 3440 ut.)

2304 3507 2322 3540 ι
2351 3488 2554 3547 Omnes
2567 3503 2736 3561 \reges
2769 3490 3006 3559 gentium
3033 3529 3049 3554 ,
3094 3488 3331 3544 universi
3377 3485 3653 3542 dormierunt
3679 3479 3728 3534 in

2230 3578 2398 3648 gloria
2431 3597 2444 3632 :
2473 3581 2555 3636 vir
2584 3579 2639 3634 in
2665 3579 2825 3634 domo
2850 3593 2969 3644 sua,
2995 3599 3016 3632 ι
3050 3579 3106 3634 in
3135 3579 3380 3650 sepulcro
3407 3593 3508 3634 suo.

2300 3720 2319 3754 ‹
2361 3701 2442 3756 Tu
2479 3710 2658 3757 autem
2702 3701 2974 3771 proiectus
3013 3716 3074 3756 es
3111 3702 3180 3758 de
3205 3701 3455 3773 sepulcro
3496 3692 3727 3764 tumqui

2225 3796 2392 3866 stirps
2413 3793 2614 3849 inutilis
2633 3794 2889 3864 pollutus,
2908 3803 2962 3849 et
2975 3795 3263 3850 obvolutus
3284 3810 3410 3850 cum
3436 3794 3516 3848 his
3533 3791 3609 3860 qui
3623 3791 3728 3842 inter-

2224 3885 2350 3940 fecti
2376 3893 2501 3939 sunt
2523 3884 2723 3953 gladio,
2754 3902 2772 3934 ι
2800 3885 3055 3939 subaudis
3077 3894 3217 3948 tuo,¢
3243 3894 3298 3940 et
3323 3874 3723 3940 descendenti!“

2221 3974 2570 4030 fundamenta
2601 3975 2723 4029 laci.
2757 3993 2777 4025 ι
2813 3973 3016 4028 Sensus
3050 3975 3430 4044 hujuscemodi
3465 3983 3578 4028 est:
3611 3962 3725 4034 septi:

2225 4066 2292 4122 tis
2319 4067 2587 4131 omnibus,
2613 4065 2706 4136 qui
2734 4079 2764 4119 a
2796 4071 2850 4120 te
2867 4069 2871 4072 ’
2889 4063 3158 4119 interfecti
3186 4073 3312 4119 sunt
3336 4061 3593 4118 materiali
3614 4053 3729 4129 gladio

2217 4156 2302 4211 vel
2338 4157 2680 4227 captivitate,
2729 4163 2786 4210 tu
2821 4155 2967 4211 solus
2998 4153 3298 4226 insepultus
3334 4153 3572 4223 jacebis;
3593 4149 3727 4204 aliter:

2217 4254 2272 4302 et
2300 4247 2344 4301 si
2379 4261 2567 4302 omnes
2593 4245 2788 4301 anima:
2827 4259 2945 4314 quae
2979 4242 3121 4314 apud
3166 4243 3374 4299 inferos
3408 4251 3534 4298 sunt
3569 4239 3730 4306 aliqua!

2217 4337 2458 4408 requiem
2486 4338 2806 4412 quandoque
2835 4336 3159 4406 acceperint,
3186 4343 3245 4388 tu
3274 4333 3433 4391 solus
3477 4337 3529 4389 in
3553 4325 3731 4388 eam

2217 4427 2412 4482 finibus
2449 4428 2704 4499 religatus
2741 4427 2872 4482 eris.
2919 4425 3170 4481 Omnium
3205 4426 3351 4481 enim
3381 4425 3632 4498 aperiens
3658 4434 3733 4473 sa-

2214 4518 2396 4588 guine,
2422 4526 2478 4573 et
2510 4518 2882 4572 universorum
2917 4526 2972 4571 te
3005 4531 3167 4571 cruor
3201 4527 3447 4586 premet,
3473 4516 3611 4571 velut
3636 4513 3730 4566 into-

2216 4609 2385 4663 lutum
2415 4609 2565 4664 sanie
2579 4617 2935 4664 mortuorum.
2951 4608 3007 4662 ln
3037 4608 3141 4662 hoc
3161 4622 3322 4663 versu
3345 4624 3466 4678 quo
3492 4609 3635 4665 dicit:
3654 4603 3735 4656 Pu)

2210 4699 2388 4768 iectus
2413 4715 2472 4756 es
2497 4701 2565 4756 de
2596 4700 2842 4770 sepulcro
2873 4708 2983 4764 tuo,
3009 4699 3166 4768 quasi
3208 4699 3378 4769 stirps
3408 4700 3626 4760 inutilis.
3648 4693 3738 4748 vide

2218 4787 2306 4844 tur
2325 4807 2452 4845 vera
2473 4805 2593 4847 esse
2615 4790 2793 4852 fabula
2812 4788 3138 4845 Judzeorum.
3161 4789 3354 4844 Dicunt
3378 4805 3632 4862 namque,
3646 4779 3742 4856 qud

2214 4889 2499 4950 postquam
2529 4879 3022 4935 Nabuchodonosor
3066 4881 3122 4934 in
3154 4895 3310 4936 suum
3342 4891 3555 4937 statum
3591 4885 3660 4933 est
3691 4886 3744 4926 η·

2215 4985 2458 5039 gressus,
2484 4969 2894 5026 Evilmerodacb
2927 4970 3093 5026 filium
3122 4987 3279 5027 suum
3314 4973 3413 5041 qui
3461 4974 3566 5028 illis
3598 4977 3745 5038 septa!

2215 5061 2370 5116 annis
2401 5061 2661 5132 regnavit,
2691 5063 2887 5130 quibus
2911 5063 3052 5118 inter
3075 5063 3275 5140 bestias
3295 5072 3656 5118 commoratus
3675 5065 3746 5114 est.

2210 5152 2387 5222 posuit
2421 5145 2483 5206 in
2529 5167 2804 5207 carcerem
2844 5154 2982 5208 :ubi
3025 5153 3125 5208 fuit
3167 5153 3424 5209 omnibus
3465 5153 3644 5208 diebus
3664 5148 3749 5199 vit:

2210 5244 2381 5314 patris
2404 5259 2526 5298 cum
2554 5243 2800 5300 Joachim
2829 5259 2956 5315 rege
2985 5243 3120 5299 Juda
3148 5245 3378 5315 captivo.
3413 5245 3537 5312 Quo
3561 5247 3748 5297 mortuo,

2211 5352 2332 5392 cum
2369 5352 2474 5391 non
2526 5344 2671 5391 esset
2710 5350 2874 5389 ausus
2919 5335 3191 5405 suscipere
3222 5350 3454 5405 regnum
3484 5335 3667 5389 timens
3683 5341 3753 5396 βε·

2211 5439 2348 5483 trem
2371 5443 2527 5482 suum
2553 5426 3075 5498 resurgere,dicens;
3100 5426 3259 5480 Pater
3271 5441 3425 5484 meus
3452 5425 3658 5496 quando
3669 5416 3753 5471 vult

2211 5518 2344 5572 mori
2354 5517 2678 5586 tur,quando
2687 5517 2802 5571 vult
2817 5517 3048 5588 resurgit
3066 5535 3079 5571 :
3098 5517 3219 5572 iniit
3231 5517 3522 5572 consilium
3536 5509 3754 5571 cumla-

2209 5611 2369 5665 chim.
2387 5611 2488 5678 Qui
2512 5611 2682 5666 suasit
2705 5611 2773 5674 ei,
2799 5620 2858 5665 ut
2885 5613 3156 5682 acciperet
3178 5621 3452 5668 trecentas
3472 5628 3602 5666 aves
3620 5612 3678 5666 de
3695 5605 3758 5659 di-

2207 5701 2376 5755 versis
2391 5703 2631 5770 partibus
2653 5703 2858 5766 mundi,
2875 5712 2928 5755 et
2949 5701 3142 5758 effosso
3163 5718 3388 5773 corpore
3411 5704 3590 5773 patris
3612 5699 3757 5755 mini-

525 5800 608 5844 est
639 5793 777 5848 inter
799 5803 1022 5851 caeteros
1059 5796 1298 5867 angelos,
1320 5796 1412 5851 sed
1441 5796 1636 5850 cecidit
1662 5795 1728 5849 de
1757 5795 1914 5847 cmlo.
1936 5791 2097 5848 Juxta
2204 5795 2356 5848 tatim
2369 5795 2902 5867 discerpens,ligaret
2917 5797 3203 5868 unicuique
3216 5797 3298 5851 avi
3313 5806 3529 5867 partem
3544 5789 3758 5851 suamdi-

524 5884 666 5956 quod
708 5885 960 5942 Dominus
998 5888 1126 5942 dicit
1151 5887 1308 5944 Luca:
1337 5890 1544 5943 decimo
1583 5909 1594 5941 τ
1635 5908 1652 5940 ‹
1694 5886 1958 5941 Videbam.
1992 5885 2094 5942 Sa-

2201 5879 2330 5946 céns
2347 5911 2358 5945 :
2375 5893 2506 5948 Cum
2521 5896 2602 5949 ha:
2622 5893 2778 5948 simul
2793 5906 2921 5974 aves
2934 5892 3254 5962 quandoque
3264 5889 3636 5953 convenerint,
3655 5893 3761 5946 tunc
