3918 6466
131 484 242 540 793
325 447 327 449 1

1248 479 1604 540 COMMENT.
1644 483 1709 540 IN
1748 475 2000 542 lSAlAM.
2030 488 2156 545 LIB.
2201 489 2264 546 ll.

3281 497 3384 561 ’194

135 597 542 655 resuscitabitur
596 606 746 667 pater
809 604 950 652 tuus.
1005 594 1160 664 Quod
1224 611 1354 653 vero
1401 597 1666 653 subinfert
1697 637 1712 663 ,
1741 598 1792 659 Α
1823 616 1841 647 σ
1873 598 1940 654 Ει
1977 601 2253 658 auferetur
2278 603 2486 678 jugum,
2521 626 2539 658 ι
2580 608 2692 663 sive
2737 609 2976 678 potentia
3022 609 3384 684 Assyriorumv

134 695 288 763 quasi
317 690 477 760 stirps
505 689 708 745 inutilis
739 708 751 743 :
779 690 995 766 proprie
1024 689 1188 758 stirps
1217 689 1550 759 intelligitur,
1572 690 1714 759 quod

135 785 194 838 in
225 783 488 838 radicibus
527 783 782 836 arborum
819 783 1074 837 nascitur.
1115 781 1344 852 Ideoque
1389 784 1583 838 dicitur
1628 784 1714 837 in-

132 880 303 943 utilis,
329 877 456 948 quia
478 878 732 932 virtutem
763 877 941 932 aufert
970 877 1148 932 arbori
1174 893 1329 948 poma
1357 877 1569 932 ferenti.

214 988 232 1020 ι
261 967 337 1022 Τιι
365 968 506 1022 enim
537 977 735 1022 terram
779 968 1169 1037 disperdidisti,
1199 977 1252 1022 tu
1293 969 1542 1039 populant
1566 969 1713 1024 occi-

130 1058 279 1113 disti.
309 1079 328 1110 ι
366 1057 477 1114 Hoc
504 1067 589 1113 est
615 1059 737 1114 illos
765 1074 900 1128 quos
933 1059 1028 1113 tibi
1063 1060 1200 1115 Deus
1236 1060 1287 1114 in
1317 1061 1711 1129 correptionem

129 1151 378 1214 dederat,
407 1157 460 1203 tu
495 1149 776 1218 perdidisti
814 1149 1185 1204 interﬁciendo
1211 1165 1322 1205 eos.
1349 1149 1559 1204 Aliter:
1591 1166 1715 1220 pro-

127 1252 254 1311 pter
288 1240 594 1312 superbiam
627 1248 774 1293 tuam
804 1240 1134 1294 destructum
1165 1247 1248 1294 est
1293 1255 1518 1310 regnum
1547 1239 1711 1295 Chal-

130 1331 393 1396 daeorum,
423 1329 565 1399 quod
595 1329 768 1384 adhuc
792 1330 1082 1384 mansisset
1108 1331 1153 1384 si
1183 1330 1457 1386 humiliter
1486 1331 1708 1401 egisses.

130 1423 230 1479 Vel
260 1425 330 1478 ita
365 1442 377 1479 :
411 1424 541 1478 Tam
565 1424 796 1479 crudelis
822 1424 990 1488 fuisti,
1014 1432 1075 1478 ut
1101 1440 1207 1478 non
1238 1425 1412 1479 solum
1434 1433 1708 1490 externos,

128 1515 224 1568 sed
270 1513 432 1568 etiam
475 1514 571 1569 tibi
609 1512 880 1582 subjectos
909 1513 1153 1586 populos,
1192 1524 1248 1569 et
1285 1514 1488 1570 similes
1531 1516 1712 1584 inique

126 1604 396 1676 aﬂligeres
423 1615 478 1660 et
506 1607 861 1676 opprimeres.

209 1715 226 1747 ι
258 1695 372 1752 Νοη
401 1697 678 1751 vocabitur
707 1697 759 1750 in
794 1704 1054 1752 aeternum
1088 1711 1268 1752 semen
1297 1697 1703 1767 pessimorum,»

129 1789 183 1844 id
212 1797 312 1853 est,
347 1803 528 1843 semen
560 1787 1056 1842 Nabuchodonosor
1081 1787 1422 1858 ﬁliorumque
1449 1788 1586 1858 ejus.
1613 1787 1711 1842 Hic

128 1896 320 1934 omnes
365 1880 696 1934 concordare
746 1879 994 1933 videntur
1038 1878 1295 1943 historiae,
1343 1881 1484 1948 quod
1529 1880 1709 1934 occiso

130 1968 432 2033 Balthasar,
465 1968 642 2023 nullus
670 1978 853 2038 postea
885 1969 952 2024 de
982 1970 1189 2024 semine
1217 1969 1709 2027 Nabuchodonosor
1742 1962 1787 2022 Β

131 2061 403 2129 regnavit;
449 2061 540 2114 sed
570 2070 786 2139 propter
811 2062 1117 2132 superbiam
1147 2063 1585 2133 impietatemque
1615 2078 1710 2133 pa-

129 2150 230 2203 tris
265 2151 439 2204 omuis
461 2151 676 2206 soboles
704 2152 880 2207 deleta
907 2162 1009 2208 est.

204 2258 224 2290 ‹
255 2240 561 2312 Ρνειξρειιοειιε
590 2244 728 2299 ﬁlios
757 2245 872 2314 ejus
900 2247 1156 2302 occisioni
1187 2248 1470 2318 iniquitate
1493 2258 1708 2320 patrum

123 2347 338 2400 eorum,
372 2354 389 2385 ι
439 2334 491 2388 id
523 2345 624 2401 est,
657 2347 874 2408 propter
906 2339 1243 2409 iniquitatem
1273 2350 1503 2411 patrum.
1542 2361 1564 2394 ι
1591 2341 1706 2396 Non

125 2434 478 2495 consurgent,
504 2445 521 2476 ι
557 2427 812 2482 subaudis
862 2429 954 2483 lilii
995 2429 1108 2498 ejus
1155 2431 1207 2484 in
1246 2447 1469 2501 regnum
1505 2452 1517 2487 :
1557 2452 1576 2484 ι
1607 2449 1708 2488 uec

125 2515 520 2572 haereditabunt
556 2525 776 2583 terram,
807 2539 826 2570 ι
863 2519 914 2573 id
941 2527 1024 2574 est
1050 2536 1272 2591 regnum
1306 2531 1612 2590 paternum.

201 2624 220 2656 ι
249 2605 316 2660 Ει
362 2623 683 2678 consurgam
730 2625 890 2679 super
927 2626 1042 2675 eos,
1072 2631 1089 2662 ι
1141 2612 1192 2665 id
1239 2621 1320 2666 est
1365 2627 1528 2680 super
1567 2611 1706 2668 ﬁlios

123 2693 641 2763 Nabuchodonosor,
671 2713 767 2768 per
800 2699 1020 2754 Darium
1049 2709 1102 2754 et
1131 2700 1356 2772 Cyrum.

249 2787 316 2841 Et
344 2789 566 2858 perdam
595 2789 880 2860 Babylonis
909 2806 1127 2857 nomen,
1159 2811 1177 2843 ι
1215 2792 1468 2847 subaudis
1504 2803 1562 2846 ut
1597 2809 1706 2847 non

123 2879 357 2948 amplius
383 2890 605 2934 vocetur
642 2882 855 2936 domina
887 2897 1203 2954 regnorum;
1239 2902 1258 2934 ι
1288 2893 1341 2938 et
1372 2884 1624 2954 reliquias
1651 2893 1706 2940 et

121 2984 370 3039 germen,
391 2990 408 3022 ι
439 2971 550 3026 sive
574 2970 710 3026 ﬁlios
743 2973 859 3044 ejus
897 2993 915 3026 ι
945 2984 999 3029 et
1026 2975 1336 3047 progeniem
1368 2997 1385 3028 ι
1421 2978 1698 3044 subaudis,

117 3061 364 3131 perdam,
406 3081 423 3112 ι
456 3063 532 3117 ait
559 3064 833 3119 Dominus.
865 3085 886 3118 ι

197 3171 216 3204 ι
247 3153 314 3207 Et
343 3169 538 3224 ponam
571 3170 689 3210 eam
719 3156 772 3210 in
797 3157 1194 3226 possessionem
1223 3159 1397 3224 ericii,
1434 3169 1489 3215 et
1523 3159 1575 3214 in
1602 3175 1701 3229 pa-

119 3242 274 3298 ludes
295 3260 577 3315 aquarum.
608 3267 627 3300 ι
664 3246 768 3302 Per
805 3249 1030 3303 ericium
1070 3266 1258 3304 omnes
1304 3250 1489 3305 bestiae
1518 3259 1572 3305 et
1610 3267 1706 3306 vo-

117 3337 299 3393 lucres
343 3346 400 3394 et
446 3351 728 3412 serpentes
774 3344 865 3410 qui
904 3343 1100 3397 ibidem
1149 3352 1305 3410 sunt,
1344 3346 1699 3414 accipiuntur.

118 3427 363 3497 Denique
410 3430 491 3484 sic
531 3430 808 3498 impletum
843 3431 1001 3485 hodie
1044 3432 1303 3498 cernitur,
1332 3435 1472 3488 sicut
1509 3449 1539 3489 a
1576 3450 1702 3504 pro-

118 3516 284 3584 pheta
319 3518 633 3586 praedictum
680 3527 804 3573 est:
837 3520 960 3588 quia
987 3520 1118 3576 nihil
1159 3531 1240 3576 est
1286 3522 1340 3577 in
1376 3538 1437 3578 ea
1476 3524 1577 3578 nisi
1606 3539 1701 3579 ve-

119 3609 272 3662 natio
297 3609 496 3680 -regia,
535 3611 773 3680 exceptis
811 3611 981 3666 muris
1029 3613 1326 3677 coctilibus,
1362 3615 1451 3684 qui
1483 3624 1702 3684 propter

121 3698 324 3753 bestias
356 3699 550 3755 ibidem
581 3701 929 3757 includendas
963 3712 1084 3773 post
1119 3718 1290 3759 annos
1327 3704 1586 3774 plurimos
1613 3720 1702 3760 re-

119 3801 436 3846 staurantur
473 3813 490 3845 ι
521 3795 587 3848 Ει
624 3796 854 3864 scopabo
882 3810 1001 3850 eam
1039 3798 1092 3851 in
1133 3812 1293 3867 scopa
1327 3807 1542 3864 terens,
1569 3798 1701 3854 dicit

117 3881 379 3938 Dominus
406 3887 792 3950 exercituum,i
827 3886 940 3941 sive
985 3887 1316 3942 militiarum.
1351 3888 1501 3943 Sicut
1535 3905 1698 3959 scopa

117 3984 291 4030 tracta
339 3976 412 4030 nil
459 3977 698 4032 sordium
749 3988 990 4033 remanet
1035 3993 1050 4032 :
1094 3979 1168 4033 ita
1214 3979 1390 4035 nullus
1419 3982 1696 4036 nominum

117 4067 453 4136 relinquetur
483 4069 534 4122 in
563 4084 646 4123 ea.

192 4177 210 4206 ι
241 4155 450 4211 Iuravit
476 4157 736 4213 Dominus
764 4159 1117 4225 exercituum,
1148 4162 1331 4218 dicens
1361 4183 1373 4218 :
1405 4164 1462 4219 Si
1492 4182 1597 4220 non
1639 4174 1699 4222 ut

113 4249 300 4316 putavi
332 4268 350 4300 ι
387 4250 502 4304 sive
531 4250 784 4320 cogitavi,
822 4269 840 4302 ι
873 4252 947 4306 ita
983 4253 1115 4318 erit,
1143 4261 1197 4308 et
1221 4257 1486 4323 quomodo
1517 4266 1696 4313 mente

114 4343 343 4396 tractavi
371 4343 451 4397 sic
475 4343 718 4407 eveniet;
749 4352 808 4398 ut
848 4357 1122 4400 conteram
1150 4347 1428 4418 Assyrium
1459 4351 1511 4404 in
1549 4361 1695 4407 terra

116 4445 257 4496 mea,
287 4439 341 4486 et
371 4431 422 4484 in
451 4432 724 4487 montibus
749 4433 1059 4489 conculcem
1085 4451 1233 4490 eum.
1263 4457 1282 4488 ι
1321 4437 1592 4494 Hactenus
1629 4440 1696 4496 de

115 4522 388 4594 Babylone
415 4534 468 4579 et
500 4525 717 4596 regibus
744 4525 858 4593 ejus
887 4535 1048 4596 atque
1085 4527 1314 4597 populis,
1340 4545 1486 4585 nunc
1515 4548 1696 4587 rever-

115 4614 248 4669 titur
281 4618 346 4669 ad
384 4615 781 4679 Sennacherib,
810 4624 865 4670 et
907 4617 975 4670 ad
1006 4631 1070 4671 ea
1119 4633 1238 4687 qua
1266 4627 1395 4674 tunc
1439 4623 1694 4690 temporis

114 4705 472 4759 imminebant
531 4721 694 4775 super
747 4707 1038 4778 Assyrios,
1091 4708 1183 4778 qui
1241 4708 1542 4764 Samariam
1601 4712 1692 4768 5η-

114 4799 392 4866 daeamque
422 4807 784 4864 vastaverant,
815 4809 1038 4870 excepta
1069 4799 1402 4859 Hieausalem
1427 4801 1534 4874 (IV
1555 4803 1684 4874 Reg.

113 4889 248 4958 xtx).
301 4890 368 4944 Et
409 4889 534 4958 quia
579 4889 632 4944 in
682 4891 989 4960 superbiam
1018 4900 1206 4946 contra
1246 4893 1532 4948 Dominum
1565 4904 1690 4950 sunt

111 4979 324 5043 elevati,
359 4993 463 5034 una
492 4989 650 5035 nocte
694 4989 910 5036 centum
948 4982 1219 5053 octoginta
1250 4984 1486 5054 quinque
1520 4987 1687 5042 millia

111 5073 179 5129 de
205 5075 442 5129 exercitu
475 5073 685 5128 illorum
717 5073 785 5127 ab
809 5073 1000 5144 angelo
1028 5075 1238 5128 Domini
1269 5085 1392 5130 sunt
1419 5078 1685 5134 interfecti

113 5165 166 5219 in
201 5174 345 5220 terra
374 5163 594 5231 ludam,
621 5174 674 5220 et
706 5166 758 5220 in
789 5166 1062 5220 montibus
1090 5166 1227 5236 ejus,
1257 5166 1397 5222 sicut
1434 5168 1689 5226 Dominus

111 5257 455 5328 praedixerat.
514 5255 665 5324 Quod
718 5271 850 5313 vero
906 5257 1036 5312 dicit
1091 5276 1104 5311 :
1163 5255 1372 5312 Juravit
1428 5258 1687 5317 Dominus

113 5346 467 5408 exercituum,
535 5346 771 5400 humano
818 5345 1054 5416 loquitur
1100 5363 1269 5403 more.
1323 5347 1512 5404 Sermo
1541 5353 1685 5406 enim

111 5436 498 5506 omnipotentis
555 5436 649 5490 Dei
714 5445 930 5505 propter
991 5437 1316 5493 immobilem
1374 5439 1684 5497 ﬁrmitatem

108 5544 210 5599 pro
241 5529 548 5596 juramento
585 5529 757 5597 accipi
787 5529 985 5584 debet:
1019 5531 1144 5599 quia
1180 5546 1285 5586 non
1321 5541 1498 5601 potest
1535 5550 1688 5590 men-

111 5623 198 5675 tiri
231 5623 320 5691 qui
351 5631 432 5678 est
462 5623 680 5676 veritas.
713 5619 896 5690 Neque
932 5621 1074 5675 enim
1123 5621 1284 5678 habet
1316 5639 1375 5680 se
1403 5625 1687 5696 majorem,

109 5725 211 5780 per
240 5726 397 5780 quem
423 5711 568 5779 juret
597 5710 780 5775 (Hebr.
812 5713 908 5778 v1).
952 5710 1018 5763 Et
1063 5712 1204 5780 quod
1252 5712 1400 5767 addit
1430 5727 1444 5765 :
1487 5712 1544 5768 Si
1580 5730 1686 5769 non

111 5814 171 5858 ut
201 5812 379 5859 mente
409 5803 664 5867 tractavi;
697 5803 801 5857 tale
829 5811 910 5857 est
949 5817 1013 5856 ac
1055 5803 1101 5858 si
1125 5804 1329 5859 diceret
1358 5823 1370 5858 :
1409 5805 1547 5872 Quia
1590 5822 1683 5861 co-

112 5897 278 5971 gitavi
307 5905 364 5952 ut
388 5906 664 5952 conteram
690 5896 991 5968 Assyrium,
1020 5909 1126 5950 non
1155 5903 1332 5967 potest
1355 5895 1516 5954 aliter
1543 5896 1698 5954 ﬁeri.-

1819 711 1838 745 ι
1865 696 1932 751 ab
1953 696 2051 758 eis,
2079 717 2096 749 ι
2132 696 2184 750 id
2214 707 2297 753 est
2323 698 2772 771 Hicrosolymitis,
2810 703 2934 771 quia
2978 704 3387 776 obsidebantur.

1817 804 1836 834 ι
1862 792 1918 840 et
1943 800 2080 841 onus
2113 785 2275 852 illius,
2308 807 2326 840 ι
2359 789 2413 843 id
2444 799 2525 844 est
2554 791 2762 860 pondus
2789 789 3118 860 alﬂictionis,
3153 813 3172 847 ι
3191 796 3260 851 ab
3288 797 3391 852 hu-

1811 891 1962 930 mero
1991 891 2176 930 eorum
2206 877 2441 933 tolletur.
2480 900 2498 932 ι

1886 1011 1904 1043 ‹
1935 991 2046 1046 Hoc
2078 992 2362 1047 consilium
2391 994 2532 1064 quod
2557 996 2788 1066 cogitavi
2829 1013 2991 1068 super
3019 1012 3230 1054 omnem
3275 1008 3390 1055 ter-

1812 1099 1948 1147 ram,
1977 1093 2030 1139 et
2060 1084 2176 1139 haec
2204 1094 2285 1139 est
2321 1101 2512 1142 manus
2539 1107 2556 1138 ι
2589 1089 2703 1144 sive
2732 1090 2969 1159 potentia
3011 1110 3028 1142 ι
3058 1099 3276 1146 extenta
3301 1108 3390 1147 su-

1811 1187 1908 1243 per
1951 1175 2235 1230 universas
2283 1184 2489 1245 gentes.
2522 1197 2540 1228 »
2590 1175 2704 1232 Vox
2753 1179 2964 1234 Domini
3006 1182 3389 1252 omnipotentis

1811 1271 1998 1342 contra
2039 1273 2236 1318 terram
2275 1266 2619 1335 Assyriorum
2661 1269 2983 1336 specialiter,
3013 1269 3097 1324 vel
3126 1269 3390 1341 generali-

1813 1365 1893 1411 ter
1913 1365 2099 1411 contra
2123 1373 2336 1412 omnem
2358 1358 2579 1421 orbem;
2611 1361 2702 1430 qui
2735 1361 2958 1431 subjecti
2980 1371 3106 1416 sunt
3135 1363 3388 1433 potestati

1813 1447 2180 1503 Sennacherib
2202 1449 2285 1504 vel
2311 1450 2530 1514 diaboli,
2575 1459 2630 1505 et
2663 1451 2778 1520 ejus
2817 1453 3075 1508 voluntati
3112 1455 3388 1524 obtempe-

1811 1550 1951 1594 rant.
1984 1538 2280 1594 Consilium
2305 1550 2482 1594 autem
2510 1542 2895 1611 omnipotentis
2923 1543 3015 1598 Dei
3051 1543 3153 1598 hoc
3182 1545 3235 1598 in
3270 1545 3388 1599 loco

1810 1641 2036 1684 vocatur
2084 1630 2251 1695 illud,
2297 1631 2363 1684 de
2408 1647 2513 1700 qua
2552 1631 2712 1700 paulo
2745 1633 2993 1701 superius
3039 1633 3239 1688 dictum
3283 1643 3384 1688 est.

1812 1718 1973 1784 Sine,
2005 1729 2062 1774 ut
2100 1720 2282 1790 putavi
2321 1720 2394 1774 ita
2431 1722 2536 1774 erit
2559 1760 2574 1786 ,
2611 1730 2670 1774 ut
2703 1731 2978 1777 conteram
3011 1722 3292 1794 Assyrium
3333 1723 3386 1777 in

1812 1817 1955 1864 terra
1988 1824 2125 1863 mea.

1888 1939 1905 1970 ι
1939 1919 2200 1974 Dominus
2246 1920 2388 1974 enim
2432 1922 2763 1975 exercituum
2815 1921 3074 1988 decrevit,
3136 1943 3154 1975 ι
3207 1923 3258 1978 id
3307 1931 3392 1978 est

1813 2012 2018 2065 statuit.
2055 2032 2072 2063 ‹
2102 2012 2168 2066 Et
2193 2013 2315 2081 quis
2339 2013 2536 2081 poterit
2558 2012 2852 2078 inﬁrmare,
2878 2035 2896 2064 ι
2927 2015 3182 2069 subaudis
3207 2015 3394 2071 decre-

1812 2112 1924 2157 tum
1957 2103 2101 2158 illius
2122 2145 2136 2167 ,
2183 2113 2242 2158 ut
2280 2121 2386 2158 non
2417 2113 2660 2160 conterat
2701 2105 3020 2176 Assyrium?
3051 2125 3070 2158 ι
3101 2107 3166 2160 Ει
3201 2123 3392 2164 manus

1809 2194 1927 2264 ejus
1963 2203 2198 2260 extenta,
2234 2215 2252 2247 ι
2291 2195 2343 2248 id
2371 2204 2452 2250 est
2485 2196 2550 2249 ad
2579 2197 2986 2266 percutiendum
3012 2199 3250 2267 potentia
3277 2199 3394 2267 ejus

1809 2293 2078 2356 porrecta,
2121 2304 2139 2336 ι
2191 2294 2246 2340 et
2273 2286 2394 2356 quis
2420 2295 2628 2340 avertet
2670 2286 2823 2341 eam?
2851 2307 2868 2337 ι
2905 2289 3160 2344 subaudis
3193 2288 3389 2357 nullus,

1810 2376 1938 2444 quin
1966 2377 2250 2445 percutiat.
2287 2377 2548 2432 Extensio
2574 2378 2718 2432 enim
2747 2394 2960 2445 manus,
2996 2379 3240 2435 habitum
3271 2395 3394 2450 per-

1809 2469 2062 2523 cutientis
2090 2467 2342 2522 ostendit.

1883 2597 1902 2630 ‹
1935 2579 2090 2633 Anno
2118 2595 2224 2648 quo
2264 2589 2510 2634 mortuus
2555 2588 2640 2635 est
2671 2595 2765 2636 rex
2815 2580 3012 2648 Achaz,
3061 2581 3260 2639 factum
3307 2594 3392 2642 est

1806 2686 1942 2725 onus
1977 2671 2140 2724 istud.
2174 2690 2191 2721 ι
2225 2671 2270 2724 Α
2295 2672 2560 2740 principio
2593 2672 2711 2726 libri
2751 2689 2920 2742 usque
2946 2675 3014 2729 ad
3041 2675 3183 2730 hunc
3210 2675 3388 2730 locum

1806 2764 1906 2817 sub
1939 2761 2268 2830 temporibus
2299 2763 2458 2816 trium
2482 2778 2688 2832 regum,
2713 2761 2876 2828 Ozite,
2899 2763 3386 2832 Joatham,Acltaz,

1805 2871 1868 2910 ea
1899 2870 2015 2924 qua:
2045 2854 2100 2908 in
2140 2855 2316 2910 medio
2347 2855 2712 2919 continentur,
2739 2872 2768 2909 a
2811 2858 3073 2926 propheta
3098 2859 3386 2913 vaticinata

1805 2955 1949 3002 sunt.
1991 2945 2127 3000 Hinc
2155 2961 2284 3000 vero
2313 2961 2483 3014 usque
2519 2946 2586 3000 ad
2633 2946 2792 3002 ﬁnem
2839 2947 2961 3001 libri
3009 2949 3108 3002 sub
3135 2947 3386 3013 Ezechia,

1804 3047 1860 3092 et
1905 3053 1971 3091 ex
2006 3045 2160 3107 parte
2191 3035 2456 3104 completa
2495 3044 2638 3090 sunt.
2686 3054 2704 3086 ι
2735 3034 2812 3090 Ne
2851 3035 3050 3091 laeteris
3078 3036 3388 3092 Philisthaea

1803 3130 1979 3184 omnis
2010 3137 2086 3194 tu,
2119 3128 2372 3197 quoniam
2402 3128 2730 3183 comminuta
2765 3137 2849 3182 est
2875 3129 3025 3199 virga
3055 3129 3389 3199 percussoris

1806 3223 1903 3276 tui.
1937 3243 1954 3274 ι
1990 3221 2244 3275 Naturale
2281 3229 2388 3284 est,
2427 3221 2566 3275 sicut
2612 3225 2801 3276 beatus
2835 3221 3192 3295 Hieronymus
3234 3223 3386 3291 dicit,

1730 3314 1775 3375 C
1806 3321 1864 3365 ut
1891 3319 2105 3364 mortuo
2143 3323 2268 3380 rege
2308 3309 2512 3364 inimici
2551 3310 2776 3363 aliarum
2820 3313 3060 3380 gentium
3087 3313 3336 3369 laetentur
3365 3332 3384 3382 ,ε

1804 3415 1870 3455 ex
1900 3402 2060 3454 rebus
2090 3400 2242 3453 novis
2271 3397 2409 3454 bella
2437 3398 2615 3452 civilia
2661 3408 2716 3454 et
2755 3401 3045 3456 seditiones
3075 3414 3390 3474 exspectan-

1806 3499 1904 3544 tes.
1943 3489 2153 3544 Mortuo
2201 3487 2466 3560 siquidem
2513 3487 2695 3543 Achaz
2745 3490 3062 3560 impiissimo
3111 3507 3235 3562 rege
3273 3492 3385 3562 jam

1801 3580 2062 3650 longaevo,
2087 3581 2177 3650 qui
2208 3580 2508 3634 Philistzeos
2537 3580 2648 3635 sive
2678 3579 2990 3638 Palaestinos
3018 3583 3229 3640 fortiter
3249 3585 3385 3640 aﬂli-

1801 3682 1990 3735 xerat,
2023 3671 2182 3725 laetati
2225 3680 2352 3726 sunt
2381 3671 2457 3726 illi
2497 3685 2657 3742 super
2684 3683 2858 3728 morte
2885 3674 3034 3744 ejus,
3067 3677 3388 3734 insultantes

1800 3763 2094 3830 lsraelitis;
2133 3763 2274 3834 quod
2308 3773 2522 3820 maturo
2547 3779 2671 3835 rege
2700 3765 2908 3835 perdito
2933 3766 3179 3822 Ezechiae
3197 3766 3385 3836 juveni

1803 3857 1912 3911 ﬁlio
1952 3857 2122 3927 ipsius
2159 3857 2533 3927 subjacerent,
2581 3859 2683 3913 sub
2732 3859 2884 3929 cujus
2920 3868 3186 3930 potestate
3228 3872 3385 3932 puta-

1799 3949 1932 4003 bant
1957 3963 2016 4003 se
2051 3964 2209 4018 posse
2250 3949 2506 4003 invadere
2555 3949 2692 4003 ﬁnes
2717 3948 3101 4004 lsraelitarum.
3136 3971 3154 4003 ι
3184 3952 3259 4006 De
3292 3969 3383 4008 ra-

1798 4041 1918 4096 dice
1947 4040 2150 4095 colubri
2191 4041 2498 4112 egredietur
2544 4039 2778 4110 regulus,
2807 4049 2859 4095 et
2886 4055 3066 4096 semen
3099 4043 3236 4113 ejus,
3267 4065 3286 4095 ι
3329 4045 3385 4101 id

1796 4141 1881 4188 est
1907 4133 2074 4204 reguli
2106 4151 2124 4184 ι
2156 4133 2449 4187 absorbens
2489 4131 2780 4186 volucrem.
2815 4151 2833 4184 ι
2870 4131 3105 4202 Regulus
3144 4150 3233 4189 rex
3267 4151 3383 4191 ser-

1797 4225 2036 4294 pentium
2085 4223 2312 4287 dicitur,
2360 4237 2518 4292 quem
2566 4221 2738 4277 Graeci
2798 4221 3108 4277 hasiliscum
3159 4235 3375 4282 vocant.

1797 4313 1898 4380 Qui
1940 4315 2078 4368 hanc
2104 4313 2419 4381 perhibetur
2445 4312 2644 4365 habere
2674 4311 2946 4374 virtutem,
2977 4319 3037 4364 ut
3063 4326 3190 4368 aves
3217 4330 3379 4384 supra

1796 4420 1854 4460 se
1878 4405 2121 4459 volantes
2152 4419 2256 4458 non
2290 4403 2462 4457 solum
2500 4400 2648 4465 ﬂatu,
2681 4402 2774 4456 sed
2821 4402 2984 4456 etiam
3023 4419 3120 4458 suo
3156 4421 3380 4478 conspe-

1796 4507 1884 4553 ctu
1918 4497 2224 4551 interﬁciat.
2257 4497 2474 4565 Virgam
2532 4497 2646 4550 sive
2707 4496 2957 4550 baculum
3010 4503 3375 4569 percussoris,

1795 4597 1850 4643 et
1901 4589 2176 4643 colubrum
2231 4587 2462 4658 appellat
2502 4587 2714 4651 Achaz,
2745 4588 2836 4657 qui
2887 4575 3184 4644 Philistaeos
3224 4593 3376 4649 valde

1724 4683 1771 4743 D
1797 4682 2062 4751 percussit
2102 4689 2156 4735 et
2186 4680 2474 4736 momordit
2513 4697 2526 4734 :
2565 4680 2658 4734 sed
2691 4679 2902 4748 penitus
2931 4694 3037 4734 non
3076 4683 3371 4738 absorbuit.

1797 4774 2060 4844 Regulum
2093 4783 2270 4828 autem
2299 4773 2605 4828 Ezechiam.
2630 4770 2935 4842 Alloquitur
2960 4789 3089 4844 ergo
3114 4778 3370 4845 propheta

1796 4866 1934 4932 illos,
1967 4882 2033 4921 ne
2056 4867 2314 4921 insultent
2338 4865 2522 4920 lsraeli
2550 4873 2772 4935 propter
2801 4874 3029 4922 mortem
3055 4867 3256 4936 Achaz,
3283 4871 3369 4924 in-

1795 4959 1988 5028 quiens
2027 4976 2039 5012 :
2079 4974 2096 5008 ι
2124 4955 2202 5011 Ne
2231 4955 2446 5012 laeteris.
2477 4976 2496 5009 ι

1869 5087 1887 5120 ι
1914 5067 2181 5123 Philistaza
2213 5067 2389 5122 omnis
2418 5075 2472 5122 tu
2498 5083 2662 5138 super
2681 5081 2854 5126 morte
2877 5071 3058 5126 Achaz
3089 5091 3106 5122 ι
3141 5080 3366 5129 matura:

1791 5161 1986 5216 aetatis.
2031 5180 2049 5210 ι
2079 5159 2344 5227 Quoniam
2392 5161 2667 5217 confracta
2713 5174 2794 5218 est
2838 5165 2988 5234 virga
3032 5167 3367 5233 percussoris

1792 5254 1867 5308 tui
1899 5253 2104 5308 iAchaz
2125 5253 2216 5322 qui
2241 5262 2293 5308 te
2318 5263 2600 5323 percutere
2628 5255 2862 5322 solebat;
2894 5256 3017 5326 quia
3047 5276 3065 5309 ι
3094 5258 3160 5312 de
3185 5258 3367 5314 radice

1789 5345 2016 5410 colubri,
2047 5365 2066 5396 ι
2114 5345 2166 5400 id
2210 5353 2294 5400 est
2339 5345 2406 5401 de
2453 5347 2658 5402 semine
2685 5346 2866 5400 Acha:
2897 5365 2917 5399 ι
2946 5348 3253 5418 egredietur
3282 5364 3365 5404 re-

1790 5439 1964 5510 gulus,
1990 5458 2008 5490 ι
2029 5437 2289 5493 Ezechias
2311 5438 2576 5493 videlicet.
2599 5457 2617 5488 ι
2641 5437 2707 5491 Et
2725 5453 2907 5493 semen
2931 5437 3048 5508 ejus
3070 5439 3364 5497 absorbens

1790 5529 2083 5584 volucrem.
2115 5550 2132 5581 ι
2163 5528 2456 5596 Quomodo
2475 5527 2691 5600 (inquit)
2740 5527 2883 5582 nulla
2929 5529 3046 5584 avis
3084 5540 3362 5600 aspectum

1788 5620 1955 5690 reguli
2004 5630 2177 5690 potest
2224 5620 2386 5675 illaesa
2441 5619 2705 5685 transire,
2751 5619 2848 5674 sed
2895 5621 3142 5689 quamvis
3177 5621 3363 5692 procul

1786 5710 1974 5776 fuerit,
2007 5711 2124 5781 ejus
2151 5726 2244 5765 ore
2274 5711 2558 5764 sorbetur:
2591 5709 2666 5762 ita
2688 5718 2742 5763 et
2779 5717 2832 5763 tu
2858 5725 2887 5762 a
2915 5719 3201 5780 conspectu
3232 5711 3364 5766 Eze~

1785 5802 1922 5856 chite
1949 5809 2090 5856 totus
2121 5800 2342 5872 peribis.
2365 5798 2491 5852 Plus
2516 5799 2660 5854 enim
2685 5800 2934 5856 omnibus
2959 5799 3176 5872 regibus
3196 5799 3362 5865 Israel

1784 5893 2046 5951 Ezechias
2072 5892 2377 5950 Philistteos
2406 5886 2618 5946 afﬂixit.
