3918 6456
601 455 704 512 795

1059 441 1412 508 ΗἈγΜοΝιε
1450 448 1928 507 HALBERSTAT.
1971 445 2190 502 EPISC.
2230 443 2381 502 OPP.
2423 446 2602 501 PARS
2638 445 2678 500 l.
2710 477 2778 486 —
2814 444 3165 501 COMMENT.
3205 444 3385 502 BlBL.
3450 481 3462 488 -

675 588 695 622 ι
737 569 807 626 Et
852 575 1144 643 pascentur
1187 563 1528 636 primogeniti
1577 575 1902 632 pauperum,
1936 578 1954 610 ι
2006 557 2060 614 id
2093 565 2179 612 est
2204 559 2253 622 Α
2281 556 2491 626 pondus
2521 555 2880 620 miseriarum,
2911 557 3054 625 quod
3099 557 3308 626 passuri
3347 563 3554 611 erant.
3605 555 3757 614 Moab
3785 577 3851 614 π’

598 659 856 718 Israelita:
888 677 911 710 ι
937 667 991 714 ει
1010 671 1272 728 pauperes
1298 653 2010 724 ﬁducialitcr'requiescent.
2037 669 2055 701 ›
2088 647 2183 704 lsti

597 761 724 808 sunt
759 749 1120 823 primogeniti,
1144 749 1211 804 de
1243 748 1441 818 quibus
1471 746 1602 802 dicit
1627 744 1886 800 Dominus
1911 739 2182 812 peralium

595 843 913 915 prophetam
961 856 976 894 :
1025 839 1194 895 Filius
1238 839 1636 910 primogenitus
1679 852 1833 891 meus
1876 831 2063 888 Israel.
2117 829 2185 884 Et

601 954 619 985 ι
653 934 867 990 Dimitte
911 931 1076 986 ﬁlium
1115 945 1294 986 meum
1339 929 1756 1000 primogenitum
1791 925 1986 999 (Exod.
2029 924 2126 993 1v).
2156 945 2176 976 ›

594 1026 864 1096 Pauperes
903 1032 1082 1078 autem
1125 1022 1489 1092 appellantur,
1531 1021 1656 1092 quia
1705 1037 1810 1074 non
1859 1018 1912 1073 in
1954 1017 2172 1081 divitiis,

594 1134 766 1188 neque
812 1118 867 1172 in
911 1116 1178 1186 potentia,
1217 1115 1310 1170 sed
1347 1108 1399 1168 in
1443 1115 1552 1168 Deo
1581 1113 1852 1168 habebant
1901 1110 2173 1164 ﬁduciam.

592 1209 668 1263 De
731 1208 926 1264 talibus
974 1209 1051 1261 ait
1100 1206 1381 1260 Dominus.
1430 1223 1448 1255 ι
1476 1203 1622 1260 Beati
1667 1219 1932 1274 pauperes
1987 1200 2178 1272 Spiritu

593 1297 1096 1368 (Matth.v).lgitur,
1124 1312 1157 1352 ο
1185 1296 1474 1360 Philistma,
1497 1311 1618 1350 cum
1643 1304 1691 1350 te
1720 1294 2056 1348 absorbuerit
2088 1309 2174 1347 re—

591 1387 768 1458 gulus,
809 1387 863 1442 id
901 1396 1005 1453 est,
1060 1403 1181 1443 cum
1227 1396 1276 1442 te
1323 1388 1534 1456 penitus
1572 1386 1831 1440 deleverit
1879 1385 2170 1446 Ezechias,

590 1465 929 1550 nequaquam
961 1479 1305 1533 insidiaberis
1350 1479 1676 1548 pauper-culo
1704 1495 1822 1532 meo
1849 1496 1862 1531 :
1900 1477 1993 1532 sed
2019 1493 2172 1547 pres-

591 1584 684 1624 sus
707 1570 1004 1640 angustiis,
1032 1569 1390 1625 calamitatem
1420 1578 1562 1623 tuam
1598 1569 1765 1624 flebis.
1803 1590 1820 1620 ‹
1853 1570 1917 1623 Ει
1963 1570 2174 1623 interﬁ-

593 1658 733 1712 ciam
771 1659 825 1712 in
865 1657 1006 1714 fame
1033 1659 1265 1722 radicem
1301 1668 1464 1724 tuam,
1497 1678 1514 1710 ι
1555 1660 1607 1713 id
1653 1669 1734 1714 est
1779 1659 2171 1726 fortitudinem,

589 1748 675 1804 vel
725 1749 1031 1819 progeniem
1062 1758 1230 1814 tuam,
1267 1771 1284 1802 ι
1313 1760 1366 1805 et
1396 1751 1652 1820 reliquias
1684 1761 1822 1815 tuas,
1863 1771 1880 1802 ι
1917 1754 2173 1810 subaudis

589 1854 708 1909 quae
733 1840 1040 1897 abEzechia
1065 1842 1264 1898 fuerint
1289 1843 1581 1911 derelictae,
1618 1863 1636 1895 ‹
1668 1845 1992 1899 interﬁciam
2023 1867 2040 1898 ι
2077 1861 2172 1914 per

586 1930 837 2002 Assyrios
863 1944 915 1987 et
951 1934 1246 1989 Chaldaeos.

664 2040 681 2073 ι
704 2021 879 2084 Ulula.
907 2035 1092 2094 porta;
1118 2025 1310 2090 clama,
1336 2024 1527 2080 civitas
1553 2043 1565 2078 :
1597 2031 1868 2093 prostrata
1891 2033 1975 2079 est
1995 2023 2167 2078 Phili-

587 2121 718 2168 stata
746 2114 939 2168 omnis.
969 2133 986 2166 ν
1018 2115 1286 2182 Quantum
1314 2115 1378 2168 ad
1417 2115 1491 2169 rei
1520 2116 1797 2169 veritatem
1825 2117 2032 2178 attinet,
2068 2129 2168 2170 nec

589 2213 746 2275 porta
769 2215 948 2278 potest
975 2207 1202 2274 ululare,
1261 2224 1434 2278 neque
1462 2209 1653 2264 civitas
1674 2209 1928 2263 clamare.
1949 2209 2164 2264 Portam

585 2313 713 2370 ergo
761 2299 940 2369 posuit
964 2317 1062 2370 pro
1094 2301 1177 2355 his
1211 2302 1302 2371 qui
1353 2301 1404 2355 in
1441 2311 1595 2372 porta
1625 2296 1768 2356 s'unt.
1798 2302 1862 2354 Et
1893 2302 2163 2356 civitatem

584 2402 684 2457 pro
729 2387 1123 2444 habitatoribus
1165 2389 1416 2444 civitatis.
1450 2389 1643 2461 Dirigit
1685 2393 1868 2461 itaque
1904 2392 2164 2461 propheta

583 2491 884 2534 sermonem
916 2480 986 2534 ad
1011 2481 1173 2535 urbes
1197 2481 1627 2548 Philistinorum,
1656 2491 1714 2536 ut
1741 2482 1953 2552 lugeant
1974 2493 2029 2537 et
2054 2483 2166 2552 plo—

583 2578 708 2624 rent
737 2569 1014 2625 miseriam
1049 2587 1202 2626 suam
1233 2588 1352 2640 qua:
1380 2573 1526 2627 venit
1553 2573 2114 2643 super-Seunacherib
2146 2592 2158 2628 :

581 2659 708 2729 quia
743 2669 1012 2731 prostrata
1041 2672 1126 2718 est
1143 2663 1255 2734 jam
1287 2664 1463 2718 omnis
1489 2663 1761 2718 Philistum
1790 2665 1968 2736 gladio
2001 2667 2165 2736 Assy-

582 2753 809 2820 riorum,
844 2775 863 2808 ι
889 2757 956 2811 ab
972 2757 1236 2827 Aquilone
1262 2759 1406 2814 enim
1433 2757 1611 2814 fumus
1639 2760 1836 2824 veniet,
1865 2769 1919 2813 et
1954 2775 2058 2814 non
2083 2768 2165 2815 est

585 2847 680 2916 qui
741 2845 961 2919 effugiat
989 2864 1178 2921 agmen
1209 2850 1343 2919 ejus.
1375 2871 1394 2904 ι
1431 2851 1632 2906 Fumus
1659 2852 1711 2906 in
1759 2853 1863 2907 hoc
1907 2853 2024 2908 loco
2065 2868 2164 2922 pro

581 2940 927 2998 multitudine
975 2945 1307 3000 exercituum
1356 2947 1724 3001 Sennacherib
1773 2949 2012 3016 ponitur.
2067 2947 2164 3003 Vel

579 3031 728 3086 fumo
764 3034 999 3089 nominis
1026 3036 1142 3104 ejus
1186 3037 1500 3108 intelligitur
1522 3077 1538 3101 ,
1580 3038 1723 3106 quod
1753 3052 1940 3092 omnes
1976 3051 2163 3110 gentes

580 3134 724 3180 esset
751 3133 1080 3196 vastaturus,
1113 3128 1240 3197 quia
1274 3127 1341 3183 ab
1361 3128 1671 3198 Aquilonari
1708 3136 1858 3198 parte
1885 3129 1939 3182 in
1975 3129 2162 3184 Hieru-

579 3215 746 3271 salem
773 3217 937 3272 venit.
962 3217 1040 3272 Ac
1067 3219 1110 3273 si
1140 3218 1340 3274 diceret
1373 3218 1634 3290 propheta
1675 3219 1794 3274 aliis
1817 3219 2000 3274 verbis
2026 3239 2038 3274 :
2079 3220 2162 3276 ld-

575 3307 722 3363 cireo
758 3309 1198 3379 praecipiovobis,
1255 3326 1289 3366 ο
1325 3309 1859 3375 Philistacilululare,
1911 3311 2037 3380 quia
2093 3313 2160 3365 ab

571 3400 838 3471 Aquilone
866 3403 1131 3472 praevideo
1159 3402 1273 3472 jam
1309 3404 1492 3459 venire
1517 3405 1814 3459 exercitum
1851 3402 2160 3460 Sennache—

573 3492 674 3557 rib,
709 3502 764 3547 et
800 3507 1072 3550 rumorem
1099 3496 1216 3566 ejus
1241 3497 1383 3567 quod
1410 3512 1508 3552 vos
1541 3497 1611 3552 sit
1639 3507 1894 3568 capturus
1918 3511 1933 3549 :
1964 3505 2024 3551 ut
2052 3513 2160 3552 non

573 3583 646 3638 sit
699 3583 898 3656 aliquis
935 3587 1002 3642 de
1042 3588 1226 3644 multis
1273 3587 1524 3660 gentibus
1556 3589 1649 3660 qui
1704 3590 1940 3662 effugere
1985 3590 2160 3662 possit

571 3674 968 3733 multitudinem
1005 3678 1149 3734 illius
1177 3695 1274 3735 sua
1303 3681 1526 3736 virtute.

647 3785 666 3819 ι
695 3766 763 3822 Ει
775 3769 903 3840 quid
927 3771 1338 3841 respondebitur
1362 3772 1564 3828 nuntiis
1584 3773 1800 3843 gentis?
1819 3773 1953 3842 Quia
1975 3773 2156 3830 Domi.

568 3873 672 3914 nus
709 3859 969 3917 fundavit
1025 3863 1177 3930 Sion,
1207 3872 1261 3919 et
1312 3864 1364 3918 in
1397 3865 1514 3935 ipso
1549 3867 1840 3937 sperabunt
1892 3883 2157 3938 pauperes

565 3947 748 4020 populi
780 3949 914 4020 ejus.
947 3969 966 4002 ι
1001 3951 1057 4005 ln
1096 3953 1199 4008 hoc
1233 3954 1375 4023 quod
1421 3954 1557 4009 dixit
1604 3971 1794 4025 supra,
1847 3955 2026 4012 nullus
2073 3965 2156 4012 est

567 4040 661 4110 qui
693 4039 914 4111 effugiat
944 4057 1134 4113 agmen
1177 4043 1310 4113 ejus,
1344 4041 1510 4100 Judas
1535 4061 1748 4117 quoque
1786 4047 2068 4103 videbatur
2097 4049 2154 4103 in

568 4130 804 4199 generali
828 4132 1092 4186 sententia
1121 4146 1243 4190 esse
1282 4134 1722 4204 comprehensus,
1765 4136 1994 4206 ideoque
2026 4138 2155 4192 sub-

567 4219 744 4274 didit:
778 4217 836 4275 Si
860 4221 1078 4292 (inquit)
1110 4222 1571 4295 interpellaverint
1598 4225 1770 4298 angeli
1801 4229 1891 4298 qui
1917 4235 2154 4300 praesunt

565 4311 824 4384 Assyriis,
854 4325 1021 4383 quare
1050 4314 1161 4370 sola
1193 4315 1526 4372 Hierusalem
1557 4319 1622 4373 de
1653 4334 1814 4374 manu
1841 4318 2150 4376 Sennache-

569 4403 654 4458 rib
695 4403 954 4470 salvetur,
992 4408 1421 4478 respondendum
1458 4417 1540 4464 est
1582 4411 1696 4474 eis,
1729 4411 1854 4480 quia
1889 4411 2150 4467 Dominus

565 4495 811 4552 fundavit
870 4496 1040 4566 Sion,
1095 4509 1151 4554 et
1206 4500 1320 4572 ipse
1380 4501 1636 4555 humilem
1691 4502 1942 4572 populum
1993 4519 2146 4560 suum

564 4587 620 4643 in
665 4604 724 4644 se
773 4597 1104 4660 sperantem,
1155 4605 1254 4646 sua
1301 4591 1499 4646 virtute
1547 4592 1812 4648 liberavit.
1865 4593 2052 4649 Potest
2094 4603 2150 4650 et

564 4669 644 4736 sic
682 4680 998 4750 simpliciter
1045 4681 1310 4754 intelligi,
1361 4685 1632 4754 quomodo
1682 4685 1808 4740 illud
1855 4686 1908 4740 in
1959 4685 2146 4742 lliere-

564 4771 672 4826 mia
719 4772 934 4841 quando
980 4773 1158 4843 posuit
1204 4775 1319 4845 ipse
1365 4778 1627 4846 propheta
1673 4787 1892 4833 catenas
1939 4779 2144 4848 ligneas

562 4875 726 4931 super
750 4860 885 4918 colla
930 4877 1114 4918 eorum
1163 4867 1254 4934 qui
1303 4867 1370 4920 ad
1419 4883 1477 4922 se
1516 4867 1739 4923 fuerant
1784 4869 1954 4926 missi.
2001 4870 2144 4928 Dicit

561 4968 692 5023 ergo
738 4953 1001 5022 propheta
1052 4955 1120 5009 ad
1168 4955 1508 5012 Dominum:
1549 4957 1688 5026 Quid
1731 4961 2143 5030 respondebitur

558 5044 765 5099 nuntiis
791 5045 1126 5102 diversarum
1163 5049 1426 5117 gentium,
1455 5063 1578 5104 cum
1607 5051 1852 5106 venerint
1881 5054 1950 5107 ad
1975 5053 2142 5109 inter-

559 5135 856 5206 rogandum
905 5152 1068 5207 super
1119 5140 1354 5196 adventu
1419 5141 1828 5198 Sennacherib?
1881 5144 1979 5199 Cui
2034 5145 2140 5201 Do-

557 5224 741 5281 minus
772 5244 785 5280 :
817 5225 1266 5298 Respondenduin
1291 5239 1375 5286 est
1405 5231 1532 5296 illis,
1557 5233 1698 5302 quod
1729 5233 1839 5288 sint
1862 5235 2132 5304 capiendi,

556 5325 616 5373 et
643 5317 755 5373 sola
787 5317 1154 5387 Hierusalem,
1185 5339 1306 5393 qua:
1337 5339 1442 5379 non
1473 5325 1528 5379 in
1561 5327 1777 5382 homine
1809 5329 1901 5384 sed
1937 5330 1991 5384 in
2027 5329 2134 5388 Deo

477 5411 492 5426 '
557 5425 710 5482 spem
735 5425 888 5467 suam
912 5413 1116 5483 posuit,
1143 5415 1216 5470 sit
1240 5415 1533 5472 liberanda.

1159 5564 1385 5622 CAPUT
1425 5565 1538 5622 XV.

633 5689 654 5725 ι
679 5670 827 5730 Onus
851 5672 1028 5732 Moab.
1052 5697 1072 5730 ι
1101 5677 1234 5746 Quia
1261 5679 1504 5737 Moabita:
1525 5684 1693 5751 gavisi
1723 5694 1849 5738 sunt
1879 5684 1945 5739 de
1967 5687 2136 5756 capti-

559 5764 725 5820 vitate
747 5766 1128 5836 loraelitarum,
1153 5773 1292 5828 sicut
1315 5783 1372 5828 et
1405 5775 1480 5829 l’h
1505 5775 1687 5829 listiim
1714 5794 1726 5828 :
1761 5777 1962 5832 ideirco
2012 5778 2132 5848 Spi-

561 5858 696 5920 ritus
753 5873 972 5922 sanctus
1015 5880 1113 5940 per
1157 5865 1352 5924 Isaiam
1402 5867 1722 5941 prophetam
1761 5871 2010 5942 praedicit
2049 5875 2130 5938 eis

2287 653 2394 700 tem
2437 646 2576 700 ﬁlius
2621 645 2721 701 fuit
2766 645 2922 711 Loth,
2953 659 3244 718 conceptus
3270 649 3338 703 de
3381 649 3623 704 incestu
3659 667 3673 703 :
3711 667 3736 704 a
3773 669 3843 723 quo

2282 736 2456 790 vocati
2495 745 2619 792 sunt
2665 752 2854 792 omnes
2890 737 2956 791 de
2997 740 3252 809 progenie
3301 739 3464 793 illius
3505 739 3780 808 Moabitae,
3808 754 3840 800 et

2280 827 2554 897 provincia
2583 827 2794 882 illorum
2832 827 3004 883 Moab.
3033 829 3098 884 Et
3129 831 3272 886 istud
3305 848 3498 885 unum
3531 848 3721 888 nomen
3742 835 3833 890 arfi-

2280 918 2428 989 pitur
2448 935 2544 990 pro
2565 922 2707 975 omni
2739 920 2881 975 illius
2906 922 3080 991 gentis
3102 924 3317 992 populo.
3346 921 3476 977 Sed
3504 934 3565 976 et
3591 923 3690 979 hoc
3711 928 3831 979 scier-

2280 1007 2435 1073 dum,
2463 1009 2586 1078 quia
2618 1009 2848 1078 primum
2893 1009 2961 1063 ab
3000 1007 3266 1080 Assyriis,
3304 1009 3530 1064 deinde
3570 1026 3603 1063 a
3631 1011 3827 1069 Chalsz

2280 1109 2406 1154 sunt
2433 1102 2648 1156 vastati.
2684 1121 2701 1151 ‹
2731 1101 2866 1168 Quia
2894 1112 3050 1158 nocte
3075 1112 3283 1156 vastata
3316 1113 3411 1157 est
3447 1103 3553 1166 Ar,
3586 1104 3728 1159 Moab
3745 1123 3822 1160 mr-

2283 1191 2452 1256 ticuit,
2487 1211 2504 1242 »
2545 1193 2657 1246 sive
2694 1193 2857 1246 siluit.
2897 1192 3038 1246 Nihil
3073 1208 3200 1247 ausa
3243 1202 3326 1248 est
3389 1195 3672 1249 rebellare
3696 1210 3817 1251 urna:

2276 1281 2548 1352 Assyrios,
2580 1283 2662 1335 vel
2701 1282 2999 1337 Chaldmm.
3051 1304 3069 1336 ε
3099 1284 3234 1352 Quia
3281 1296 3461 1341 nocte
3516 1299 3733 1342 vastatas
3766 1303 3812 1342 est

2277 1390 2466 1429 murus
2489 1396 2506 1426 ι
2544 1376 2799 1429 subaudis
2824 1375 2899 1429 Ar
2926 1377 3181 1440 civitatis,
3204 1396 3224 1428 ε
3249 1377 3423 1432 Moab
3454 1379 3722 1433 conticuit.
3739 1403 3749 1425 ι
3767 1383 3810 1433 .lr

2276 1469 2468 1524 civitas
2519 1469 2618 1522 fuit
2666 1469 2978 1538 metropolis
3015 1469 3384 1525 Moabitarum
3441 1482 3504 1526 et
3551 1475 3700 1541 regia,
3735 1490 3802 1540 qua

2276 1559 2436 1614 hodie
2463 1577 2526 1614 ex
2555 1560 2778 1614 Hebraeo
2801 1569 2854 1615 et
2879 1561 3069 1616 Graeco
3090 1579 3344 1618 sermone
3379 1566 3682 1632 composita
3697 1565 3800 1616 Amo-

2271 1651 2410 1720 polis
2433 1661 2806 1721 nuncupatur:
2837 1669 2940 1707 non
2965 1655 3102 1722 quod
3130 1653 3310 1718 Arios,
3347 1655 3406 1708 id
3439 1665 3549 1720 est,
3583 1655 3740 1715 Martis,
3757 1661 3792 1708 si

2273 1743 2502 1797 civitas:
2537 1745 2672 1796 sicut
2700 1743 2919 1813 quidam
2953 1741 3413 1801 autumaverunt.
3447 1744 3596 1800 Bene
3631 1747 3674 1799 in
3697 1762 3786 1798 nota

2271 1843 2479 1888 vastata
2509 1843 2590 1888 est
2618 1833 2714 1899 Ar,
2739 1837 2862 1904 quia
2895 1835 3047 1890 Moab
3073 1836 3138 1889 de
3165 1837 3389 1891 incestu
3423 1838 3551 1893 ﬁlia:
3576 1849 3782 1893 noctemn-

2196 1915 2244 1976 B
2273 1933 2460 1993 ceptus
2492 1933 2593 1979 est.
2625 1924 2720 1979 Vel
2754 1942 2856 1978 nox
2890 1926 3154 1994 significat
3194 1929 3630 1997 magnitudinem
3657 1946 3779 1982 ωτ-

2270 2017 2366 2072 ris.
2386 2017 2605 2072 Vastata
2633 2034 2763 2088 ergo
2792 2018 3010 2072 civitate
3049 2018 3191 2088 reg-ia
3213 2019 3313 2081 Ar,
3342 2029 3408 2072 et
3443 2021 3695 2075 destructis
3713 2039 3772 2074 az.-

2270 2106 2345 2160 ris
2375 2104 2520 2174 ejus,
2567 2105 2721 2161 Moab
2763 2107 3037 2177 provincia
3067 2108 3288 2163 Arabia:
3333 2111 3626 2173 conticuit;
3652 2113 3690 2164 in
3713 2127 3769 2178 qua

2267 2199 2531 2254 :ediﬁcata
2581 2209 2664 2254 est
2696 2201 2808 2269 ipsa
2841 2201 3053 2256 civitas.
3096 2222 3113 2251 ι
3143 2204 3426 2258 Ascendit
3451 2205 3636 2268 domus,
3659 2225 3670 2254 l
3692 2205 3763 2258 μέν

2269 2291 2422 2344 audis
2459 2290 2631 2360 regia,
2673 2309 2690 2341 ι
2721 2298 2774 2344 ει
2815 2289 3008 2356 Dibon,
3053 2312 3070 2343 ι
3105 2308 3224 2362 quae
3272 2303 3368 2347 est
3422 2296 3598 2349 civitas
3626 2297 3757 2350 notius.

2273 2405 2291 2437 ‹
2321 2387 2387 2440 ad
2409 2387 2641 2454 excelsa,
2674 2409 2691 2439 ι
2721 2391 2978 2445 subaudis
3007 2391 3272 2445 idolorum
3305 2407 3555 2456 suorum,
3579 2394 3747 2461 (ir/#4;-

2267 2485 2432 2540 ctum,
2467 2497 2484 2528 ι
2520 2479 2572 2531 id
2617 2488 2700 2533 est
2753 2479 2816 2533 ad
2871 2481 3260 2552 plangendum;
3315 2499 3454 2553 quae
3507 2483 3674 2538 hauebant
3701 2483 3735 2533 in

2267 2569 2541 2627 montibus
2587 2573 2720 2638 suis,
2746 2573 2828 2626 vel
2877 2575 2928 2628 in
2969 2575 3145 2629 tectis.
3176 2575 3426 2642 Quidam
3461 2577 3577 2632 male
3599 2578 3743 2645 legant:

2264 2661 2525 2716 Ascendit
2552 2663 2742 2719 domus
2772 2664 3009 2730 Edibon;
3040 2668 3194 2736 quasi
3225 2670 3520 2738 proprium
3543 2663 3752 2722 uomat!»-

2266 2753 2428 2808 minis
2471 2755 2560 2818 sit,
2593 2764 2645 2810 et
2669 2755 2859 2811 domus
2885 2757 3000 2825 ejus
3030 2760 3339 2816 ascendere
3365 2761 3586 2826 dicatur;
3611 2758 3752 2813 salum

2265 2855 2349 2900 est
2393 2847 2486 2901 ita.
2517 2845 2650 2900 Nam
2695 2847 2795 2903 hoc
2841 2849 3000 2903 modo
3046 2849 3339 2920 legendum
3373 2863 3430 2907 et
3456 2849 3753 2921 intelligendus

2265 2943 2386 2990 est:
2420 2937 2675 2994 Ascendit
2720 2937 2910 2992 domus
2939 2939 3052 2994 sive
3085 2939 3290 2996 familia
3339 2945 3480 3012 regia
3519 2944 3575 2996 ad
3611 2939 3753 2995 armis:

2265 3026 2527 3082 idolorum
2579 3044 2796 3082 suorum
2830 3030 3075 3095 Edibon,
3129 3034 3184 3088 id
3230 3045 3319 3090 est
3369 3038 3652 3092 habitatores
3681 3034 3753 3101 eius

2265 3117 2622 3172 ascenderunt
2648 3118 2714 3173 ad
2739 3120 2950 3174 excelsa
2984 3140 2996 3174 :
3026 3137 3133 3176 non
3164 3123 3232 3175 ad
3277 3127 3657 3188 sacrificandum,
3688 3121 3752 3174 sed

2267 3209 2332 3261 ad
2361 3207 2594 3262 ﬂendum
2618 3209 2758 3264 mala
2783 3226 2898 3265 sua.
2937 3233 2954 3262 (
2987 3211 3164 3282 Super
3185 3213 3336 3271 Nabo
3358 3227 3404 3271 et
3425 3215 3750 3286 superlledaln

2187 3269 2232 3334 (ἶ
2266 3297 2420 3352 Moab
2470 3297 2716 3353 ululabit.
2761 3319 2779 3352 ι
2824 3300 3048 3356 Nomina
3065 3269 3341 3358 civitatum
3379 3269 3493 3359 sunt
3514 3303 3739 3366 nobilium,

2265 3403 2426 3459 super
2451 3405 2680 3458 quarum
2727 3392 3076 3448 subversione
3107 3395 3325 3450 ululabit
3343 3395 3551 3450 universa
3569 3393 3740 3463 provin-

2263 3479 2344 3534 cia
2369 3477 2538 3535 Sloab.
2571 3501 2588 3532 ι
2613 3481 2667 3535 in
2695 3484 2901 3538 cunctis
2927 3485 3196 3555 capitibus
3219 3485 3336 3556 ejus
3357 3485 3600 3546 calvitium,
3617 3481 3752 3536 omnis

2259 3572 2426 3628 barba
2465 3576 2702 3628 radctur.
2735 3595 2753 3627 ›
2787 3574 3244 3634 Consuetudinem
3273 3581 3588 3650 antiquorum
3612 3577 3745 3644 tangit

2260 3663 2352 3732 qui
2382 3671 2617 3734 tempore
2663 3664 2973 3724 afllictionis
3004 3677 3060 3723 et
3099 3669 3276 3726 luctus
3327 3672 3494 3742 capita
3531 3669 3744 3735 barbasth

2260 3753 2536 3810 radebant.
2577 3756 2726 3812 Sicut
2759 3758 2985 3829 legimus
3031 3761 3096 3816 de
3144 3761 3308 3820 beato
3348 3763 3482 3830 Job,
3513 3759 3628 3832 quod
3649 3770 3748 3815 tonso

2259 3851 2434 3921 capite
2471 3854 2676 3920 corruit
2710 3853 2762 3908 iu
2801 3863 3021 3910 terram.

2335 3960 2353 3993 ι
2389 3942 2448 3997 lu
2495 3945 2668 4000 triviis
2707 3945 2823 4016 ejus
2867 3947 3095 4004 accincti
3140 3960 3265 4006 sunt
3307 3967 3474 4010 sacco
3507 3967 3636 4024 super
3661 3959 3746 4003 tua

2255 4033 2402 4103 ejus,
2433 4043 2489 4090 et
2524 4035 2578 4090 in
2602 4036 2792 4106 plateis
2831 4037 2948 4106 ejus
2971 4041 3148 4096 omnis
3181 4039 3747 4102 ululatusDesoendetin
3850 4041 3851 4094 ἐ

2254 4125 2459 4182 fletum.
2509 4147 2528 4178 ι
2587 4126 2742 4185 llunc
2781 4131 3108 4186 versiculum
3136 4132 3438 4206 dupliciter
3469 4138 3747 4207 exponunt!

2255 4217 2586 4288 diatinguunt
2624 4219 2894 4276 doctores.
2921 4220 3147 4288 Quidam
3187 4223 3304 4279 ita:
3356 4228 3416 4282 in
3454 4225 3748 4289 triviis,idt~:t

2252 4309 2306 4364 in
2342 4309 2568 4378 publicis
2599 4310 2730 4366 locis
2758 4313 2983 4368 accincti
3012 4323 3138 4368 sunt
3166 4331 3330 4372 sacco
3365 4339 3379 4372 :
3415 4319 3550 4390 quod
3575 4325 3639 4373 est
3656 4311 3750 4367 vestr

2253 4410 2492 4456 mentum
2527 4404 2876 4472 paenitentiae.
2911 4405 3086 4478 Super
3120 4416 3264 4463 tecta
3298 4408 3430 4478 ejus
3470 4421 3522 4466 et
3559 4412 3605 4464 in
3635 4404 3750 4478 piatis

2251 4491 2366 4562 ejus
2395 4495 2590 4560 omnis,
2630 4496 2884 4552 subaudis
2914 4497 3088 4566 Moab,
3119 4501 3307 4556 ululat.
3358 4503 3440 4558 De.
3476 4514 3604 4560 tecto
3626 4497 3750 4556 sireis

2251 4584 2480 4639 excelsis
2514 4585 2665 4652 locis,
2698 4585 2780 4642 vel
2806 4589 2870 4642 de
2900 4589 3082 4644 laetitia
3115 4591 3414 4650 descendet
3449 4596 3516 4650 ad
3557 4604 3700 4649 terram
3723 4589 3752 4638 En

2249 4673 2468 4740 fletum,
2502 4675 2554 4729 id
2595 4684 2679 4730 cst
2707 4678 2773 4732 ad
2800 4676 3054 4734 flendum.
3093 4681 3160 4736 Et
3189 4693 3271 4738 est
3307 4701 3511 4742 sensus
3537 4703 3551 4740 :
3577 4681 3755 4740 Ascezlsl

2249 4765 2465 4836 quidem
2503 4767 2568 4822 ad
2599 4769 2808 4844 excelsa
2841 4779 2896 4824 ut
2935 4770 3108 4842 ploret
3137 4785 3260 4830 aute
3299 4777 3456 4836 idola
3487 4797 3602 4844 sua,
3622 4789 3663 4833 et
3687 4787 3756 4828 tu!

2249 4856 2323 4912 ibi
2345 4856 2550 4912 nullum
2578 4829 2835 4914 auxilium
2869 4829 3151 4932 repererit,
3186 4865 3488 4926 descendet
3518 4829 3756 4925 addomaﬂ

2249 4964 2434 5014 suam,
2464 4949 2550 5004 vel
2590 4951 2657 5006 ad
2698 4960 2899 5006 terram
2938 4954 2990 5008 in
3028 4953 3230 5010 fletum.
3264 4957 3509 5026 Quidam
3545 4961 3675 5016 etiam
3702 4957 3760 5008 hoc

2248 5039 2406 5094 modo
2444 5040 2812 5112 distinguunt,
2843 5053 2900 5098 ut
2935 5037 3110 5102 omnis
3155 5049 3396 5108 ululatus
3437 5053 3590 5109 Moab
3614 5052 3762 5106 desun-

2247 5131 2356 5196 det,
2379 5131 2492 5186 sive
2516 5135 2796 5203 perveniet
2819 5137 2884 5190 ad
2907 5137 3108 5193 fletum.
3135 5139 3248 5196 Non
3278 5142 3576 5212 plorabunt
3593 5159 3692 5213 ergo
3709 5136 3761 5190 alii

2243 5223 2421 5290 Moab,
2443 5235 2499 5280 et
2520 5227 2610 5280 alii
2635 5229 2942 5298 gaudebunt
2966 5250 2979 5284 :
3004 5233 3098 5287 sed
3118 5235 3393 5304 generalis
3423 5236 3684 5293 multitudo
3700 5231 3760 5303 ple

2241 5317 2404 5382 rabit,
2440 5318 2736 5374 incedendo
2765 5336 2862 5390 per
2899 5322 3126 5393 plateas,
3168 5335 3223 5381 et
3265 5344 3367 5399 per
3415 5332 3643 5396 trivium,
3674 5319 3766 5395 quo]

2240 5409 2437 5464 dicitur
2465 5425 2496 5462 a
2528 5411 2700 5466 tribus
2734 5413 2855 5467 viis.

2320 5519 2338 5552 ‹
2366 5501 2628 5558 Clamabit
2657 5503 2864 5560 Esebon
2893 5519 2947 5560 et
2975 5505 3146 5564 Eleale
3171 5527 3184 5564 :
3219 5529 3238 5562 ι
3273 5528 3395 5583 quae
3435 5523 3563 5569 sunt
3588 5510 3771 5567 civitates

2243 5597 2628 5665 potentissimae
2653 5601 2942 5669 provinciae
2987 5602 3162 5660 Moab.
3199 5625 3217 5656 ι
3252 5606 3434 5678 Usque
3463 5609 3608 5672 Jasa,
3633 5627 3648 5658 ›
3689 5601 3772 5658 sub

2240 5686 2394 5742 audis
2443 5688 2735 5755 civitatem,
2783 5711 2801 5742 ί
2850 5694 3029 5748 audita
3065 5703 3146 5750 est
3192 5712 3292 5752 vox
3332 5714 3556 5764 eorum,
3591 5718 3609 5750 ι
3649 5695 3692 5750 id
3721 5695 3772 5742 ﬁl

2238 5795 2342 5834 vox
2379 5780 2752 5840 Moabitarum.
2796 5785 2909 5842 Hoc
2941 5802 3069 5859 ergo
3121 5790 3350 5858 indicat,
3384 5795 3534 5866 quod
3574 5793 3637 5848 ab
3667 5786 3776 5844 initio

2237 5872 2386 5946 regni
2413 5874 2503 5930 ubi
2538 5886 2620 5934 est
2650 5879 2753 5934 sita
2779 5879 2970 5937 civitas
2999 5881 3232 5952 Esebou,
3258 5900 3431 5957 usque
3462 5883 3533 5942 ad
3557 5890 3776 5940 extremos
