  <div class='ocr_page' id='page_1' title='image "/cluster/home/n/w/nwhite01/storage/ocr_20150623/116/hvd.32044015466881/400.png"; bbox 0 0 3918 6466; ppageno 0'>
   <div class='ocr_carea' id='block_1_1' title="bbox 99 409 203 467">
    <p class='ocr_par' dir='ltr' id='par_1_1' title="bbox 99 409 203 467">
     <span class='ocr_line' id='line_1_1' title="bbox 99 409 203 467; baseline 0.019 -4"><span class='ocrx_word' id='word_1_1' title='bbox 99 409 203 467; x_wconf 85' lang='lat'><strong>797</strong></span> 
     </span>
    </p>
   </div>
   <div class='ocr_carea' id='block_1_2' title="bbox 1206 408 2233 468">
    <p class='ocr_par' dir='ltr' id='par_1_2' title="bbox 1206 408 2233 468">
     <span class='ocr_line' id='line_1_2' title="bbox 1206 408 2233 468; baseline -0.002 -3"><span class='ocrx_word' id='word_1_2' title='bbox 1206 408 1557 466; x_wconf 83' lang='lat' dir='ltr'><strong>COMMENT.</strong></span> <span class='ocrx_word' id='word_1_3' title='bbox 1599 409 1671 467; x_wconf 79' lang='lat' dir='ltr'><strong>IN</strong></span> <span class='ocrx_word' id='word_1_4' title='bbox 1703 410 1957 468; x_wconf 78' lang='lat' dir='ltr'><strong>ISAIAM.</strong></span> <span class='ocrx_word' id='word_1_5' title='bbox 1999 408 2127 464; x_wconf 85' lang='lat' dir='ltr'><strong>LIB.</strong></span> <span class='ocrx_word' id='word_1_6' title='bbox 2170 409 2233 464; x_wconf 86' lang='lat' dir='ltr'><strong>ll.</strong></span> 
     </span>
    </p>
   </div>
   <div class='ocr_carea' id='block_1_3' title="bbox 3248 416 3351 474">
    <p class='ocr_par' dir='ltr' id='par_1_3' title="bbox 3248 416 3351 474">
     <span class='ocr_line' id='line_1_3' title="bbox 3248 416 3351 474; baseline 0.039 -4"><span class='ocrx_word' id='word_1_7' title='bbox 3248 416 3351 474; x_wconf 86' lang='lat'><strong>798</strong></span> 
     </span>
    </p>
   </div>
   <div class='ocr_carea' id='block_1_4' title="bbox 97 518 3354 597">
    <p class='ocr_par' dir='ltr' id='par_1_4' title="bbox 97 518 3354 597">
     <span class='ocr_line' id='line_1_4' title="bbox 97 518 3354 597; baseline 0.001 -18"><span class='ocrx_word' id='word_1_8' title='bbox 97 525 234 579; x_wconf 89' lang='lat' dir='ltr'><strong>fines</strong></span> <span class='ocrx_word' id='word_1_9' title='bbox 268 522 401 592; x_wconf 83' lang='lat' dir='ltr'><strong>ejus,</strong></span> <span class='ocrx_word' id='word_1_10' title='bbox 445 521 500 578; x_wconf 92' lang='lat' dir='ltr'><strong>in</strong></span> <span class='ocrx_word' id='word_1_11' title='bbox 524 521 719 593; x_wconf 84' lang='lat' dir='ltr'><strong>quibus</strong></span> <span class='ocrx_word' id='word_1_12' title='bbox 758 520 1003 577; x_wconf 76' lang='lat' dir='ltr'><strong>consistit</strong></span> <span class='ocrx_word' id='word_1_13' title='bbox 1034 518 1160 575; x_wconf 84' lang='lat' dir='ltr'><strong>Jasa</strong></span> <span class='ocrx_word' id='word_1_14' title='bbox 1190 521 1294 577; x_wconf 89' lang='lat' dir='ltr'><strong>alia</strong></span> <span class='ocrx_word' id='word_1_15' title='bbox 1321 523 1532 590; x_wconf 93' lang='lat' dir='ltr'><strong>civitas,</strong></span> <span class='ocrx_word' id='word_1_16' title='bbox 1573 523 1680 578; x_wconf 81' lang='lat' dir='ltr'><strong>cla-</strong></span> <span class='ocrx_word' id='word_1_17' title='bbox 1705 526 1755 587; x_wconf 72' lang='grc' dir='ltr'><strong>Α</strong></span> <span class='ocrx_word' id='word_1_18' title='bbox 1783 537 1899 575; x_wconf 92' lang='lat' dir='ltr'><strong>rum</strong></span> <span class='ocrx_word' id='word_1_19' title='bbox 1932 520 2101 589; x_wconf 78' lang='lat' dir='ltr'><strong>(Psal.</strong></span> <span class='ocrx_word' id='word_1_20' title='bbox 2122 521 2408 593; x_wconf 76' lang='lat' dir='ltr'><strong>Lxxxviu).</strong></span> <span class='ocrx_word' id='word_1_21' title='bbox 2434 542 2451 574; x_wconf 74' lang='grc' dir='ltr'>ι</span> <span class='ocrx_word' id='word_1_22' title='bbox 2487 523 2554 578; x_wconf 90' lang='lat' dir='ltr'><strong>Et</strong></span> <span class='ocrx_word' id='word_1_23' title='bbox 2570 524 2809 580; x_wconf 90' lang='lat' dir='ltr'><strong>visitatio</strong></span> <span class='ocrx_word' id='word_1_24' title='bbox 2833 524 2888 580; x_wconf 92' lang='lat' dir='ltr'><strong>in</strong></span> <span class='ocrx_word' id='word_1_25' title='bbox 2924 524 3117 581; x_wconf 84' lang='lat' dir='ltr'><strong>bonam</strong></span> <span class='ocrx_word' id='word_1_26' title='bbox 3142 536 3354 597; x_wconf 82' lang='lat' dir='ltr'><strong>partem</strong></span> 
     </span>
    </p>
   </div>
   <div class='ocr_carea' id='block_1_5' title="bbox 94 614 1676 684">
    <p class='ocr_par' dir='ltr' id='par_1_5' title="bbox 94 614 1676 684">
     <span class='ocr_line' id='line_1_5' title="bbox 94 614 1676 684; baseline -0.003 -12"><span class='ocrx_word' id='word_1_27' title='bbox 94 632 247 672; x_wconf 91' lang='lat' dir='ltr'><strong>more</strong></span> <span class='ocrx_word' id='word_1_28' title='bbox 275 615 525 679; x_wconf 67' lang='lat' dir='ltr'><strong>tristitiae,</strong></span> <span class='ocrx_word' id='word_1_29' title='bbox 561 624 616 669; x_wconf 93' lang='lat' dir='ltr'><strong>et</strong></span> <span class='ocrx_word' id='word_1_30' title='bbox 643 614 971 684; x_wconf 79' lang='lat' dir='ltr'><strong>captivitatis</strong></span> <span class='ocrx_word' id='word_1_31' title='bbox 995 629 1185 669; x_wconf 90' lang='lat' dir='ltr'><strong>omnes</strong></span> <span class='ocrx_word' id='word_1_32' title='bbox 1221 616 1549 670; x_wconf 87' lang='lat' dir='ltr'><strong>resonabunt</strong></span> <span class='ocrx_word' id='word_1_33' title='bbox 1579 616 1676 669; x_wconf 88' lang='lat' dir='ltr'><strong>ha-</strong></span> 
     </span>
    </p>
   </div>
   <div class='ocr_carea' id='block_1_6' title="bbox 92 706 1677 778">
    <p class='ocr_par' dir='ltr' id='par_1_6' title="bbox 92 706 1677 778">
     <span class='ocr_line' id='line_1_6' title="bbox 92 706 1677 778; baseline -0.001 -15"><span class='ocrx_word' id='word_1_34' title='bbox 92 710 371 764; x_wconf 86' lang='lat' dir='ltr'><strong>bitatores.</strong></span> <span class='ocrx_word' id='word_1_35' title='bbox 409 727 427 758; x_wconf 80' lang='grc'><strong>«</strong></span> <span class='ocrx_word' id='word_1_36' title='bbox 458 708 631 776; x_wconf 86' lang='lat' dir='ltr'><strong>Super</strong></span> <span class='ocrx_word' id='word_1_37' title='bbox 655 708 777 773; x_wconf 91' lang='lat' dir='ltr'><strong>hoc,</strong></span> <span class='ocrx_word' id='word_1_38' title='bbox 811 727 830 759; x_wconf 72' lang='grc' dir='ltr'><strong><em>ι</em></strong></span> <span class='ocrx_word' id='word_1_39' title='bbox 875 706 1131 761; x_wconf 82' lang='lat' dir='ltr'><strong>subaudis</strong></span> <span class='ocrx_word' id='word_1_40' title='bbox 1159 708 1358 762; x_wconf 91' lang='lat' dir='ltr'><strong>malum</strong></span> <span class='ocrx_word' id='word_1_41' title='bbox 1395 709 1677 778; x_wconf 87' lang='lat' dir='ltr'><strong>captivita-</strong></span> 
     </span>
    </p>
   </div>
   <div class='ocr_carea' id='block_1_7' title="bbox 95 798 1675 869">
    <p class='ocr_par' dir='ltr' id='par_1_7' title="bbox 95 798 1675 869">
     <span class='ocr_line' id='line_1_7' title="bbox 95 798 1675 869; baseline -0.001 -14"><span class='ocrx_word' id='word_1_42' title='bbox 95 802 168 856; x_wconf 86' lang='lat' dir='ltr'><strong>tis</strong></span> <span class='ocrx_word' id='word_1_43' title='bbox 200 818 212 854; x_wconf 91' lang='lat'><strong>:</strong></span> <span class='ocrx_word' id='word_1_44' title='bbox 250 816 270 852; x_wconf 71' lang='grc' dir='ltr'>ι</span> <span class='ocrx_word' id='word_1_45' title='bbox 299 798 531 869; x_wconf 80' lang='lat' dir='ltr'><strong>expediti</strong></span> <span class='ocrx_word' id='word_1_46' title='bbox 567 798 722 853; x_wconf 81' lang='lat' dir='ltr'><strong>Moab</strong></span> <span class='ocrx_word' id='word_1_47' title='bbox 750 799 1050 853; x_wconf 87' lang='lat' dir='ltr'><strong>ululabunt.</strong></span> <span class='ocrx_word' id='word_1_48' title='bbox 1090 798 1282 852; x_wconf 83' lang='lat' dir='ltr'><strong>Anima</strong></span> <span class='ocrx_word' id='word_1_49' title='bbox 1310 798 1426 866; x_wconf 85' lang='lat' dir='ltr'><strong>ejus</strong></span> <span class='ocrx_word' id='word_1_50' title='bbox 1451 798 1675 853; x_wconf 91' lang='lat' dir='ltr'><strong>ululabit</strong></span> 
     </span>
    </p>
   </div>
   <div class='ocr_carea' id='block_1_8' title="bbox 89 891 1673 963">
    <p class='ocr_par' dir='ltr' id='par_1_8' title="bbox 89 891 1673 963">
     <span class='ocr_line' id='line_1_8' title="bbox 89 891 1673 963; baseline -0.001 -16"><span class='ocrx_word' id='word_1_51' title='bbox 89 892 217 956; x_wconf 88' lang='lat' dir='ltr'><strong>sibi,</strong></span> <span class='ocrx_word' id='word_1_52' title='bbox 244 910 264 944; x_wconf 74' lang='grc' dir='ltr'><strong><em>ι</em></strong></span> <span class='ocrx_word' id='word_1_53' title='bbox 291 892 344 945; x_wconf 91' lang='lat' dir='ltr'><strong>id</strong></span> <span class='ocrx_word' id='word_1_54' title='bbox 365 900 450 946; x_wconf 90' lang='lat' dir='ltr'><strong>est</strong></span> <span class='ocrx_word' id='word_1_55' title='bbox 468 891 1085 963; x_wconf 73' lang='lat' dir='ltr'><strong>uuusquisqueMoabita</strong></span> <span class='ocrx_word' id='word_1_56' title='bbox 1108 892 1329 949; x_wconf 86' lang='lat' dir='ltr'><strong>ululabit</strong></span> <span class='ocrx_word' id='word_1_57' title='bbox 1350 894 1469 947; x_wconf 87' lang='lat' dir='ltr'><strong>sibi.</strong></span> <span class='ocrx_word' id='word_1_58' title='bbox 1501 894 1673 961; x_wconf 85' lang='lat' dir='ltr'><strong>Expe-</strong></span> 
     </span>
    </p>
   </div>
   <div class='ocr_carea' id='block_1_9' title="bbox 89 984 1670 1055">
    <p class='ocr_par' dir='ltr' id='par_1_9' title="bbox 89 984 1670 1055">
     <span class='ocr_line' id='line_1_9' title="bbox 89 984 1670 1055; baseline 0 -18"><span class='ocrx_word' id='word_1_59' title='bbox 89 984 234 1038; x_wconf 84' lang='lat' dir='ltr'><strong>ditos</strong></span> <span class='ocrx_word' id='word_1_60' title='bbox 274 985 505 1054; x_wconf 76' lang='lat' dir='ltr'><strong>appellat</strong></span> <span class='ocrx_word' id='word_1_61' title='bbox 531 984 799 1055; x_wconf 83' lang='lat' dir='ltr'><strong>Propheta</strong></span> <span class='ocrx_word' id='word_1_62' title='bbox 835 984 1156 1038; x_wconf 84' lang='lat' dir='ltr'><strong>fortissimos</strong></span> <span class='ocrx_word' id='word_1_63' title='bbox 1188 984 1539 1052; x_wconf 79' lang='lat' dir='ltr'><strong>pr:eliatores,</strong></span> <span class='ocrx_word' id='word_1_64' title='bbox 1579 984 1670 1052; x_wconf 92' lang='lat' dir='ltr'><strong>qui</strong></span> 
     </span>
    </p>
   </div>
   <div class='ocr_carea' id='block_1_10' title="bbox 87 1072 1668 1141">
    <p class='ocr_par' dir='ltr' id='par_1_10' title="bbox 87 1072 1668 1141">
     <span class='ocr_line' id='line_1_10' title="bbox 87 1072 1668 1141; baseline 0.001 -17"><span class='ocrx_word' id='word_1_65' title='bbox 87 1073 254 1128; x_wconf 80' lang='lat' dir='ltr'><strong>alieni</strong></span> <span class='ocrx_word' id='word_1_66' title='bbox 296 1074 471 1128; x_wconf 89' lang='lat' dir='ltr'><strong>adhuc</strong></span> <span class='ocrx_word' id='word_1_67' title='bbox 506 1082 631 1128; x_wconf 92' lang='lat' dir='ltr'><strong>sunt</strong></span> <span class='ocrx_word' id='word_1_68' title='bbox 661 1074 728 1127; x_wconf 89' lang='lat' dir='ltr'><strong>ab</strong></span> <span class='ocrx_word' id='word_1_69' title='bbox 757 1075 1040 1139; x_wconf 76' lang='lat' dir='ltr'><strong>uxoribus;</strong></span> <span class='ocrx_word' id='word_1_70' title='bbox 1066 1074 1131 1127; x_wconf 91' lang='lat' dir='ltr'><strong>de</strong></span> <span class='ocrx_word' id='word_1_71' title='bbox 1165 1074 1359 1126; x_wconf 82' lang='lat' dir='ltr'><strong>talibus</strong></span> <span class='ocrx_word' id='word_1_72' title='bbox 1391 1072 1584 1141; x_wconf 80' lang='lat' dir='ltr'><strong>legitur</strong></span> <span class='ocrx_word' id='word_1_73' title='bbox 1616 1073 1668 1126; x_wconf 91' lang='lat' dir='ltr'><strong>in</strong></span> 
     </span>
    </p>
   </div>
   <div class='ocr_carea' id='block_1_11' title="bbox 87 1160 1670 1234">
    <p class='ocr_par' dir='ltr' id='par_1_11' title="bbox 87 1160 1670 1234">
     <span class='ocr_line' id='line_1_11' title="bbox 87 1160 1670 1234; baseline 0.002 -19"><span class='ocrx_word' id='word_1_74' title='bbox 87 1160 286 1218; x_wconf 84' lang='lat' dir='ltr'><strong>Genesi</strong></span> <span class='ocrx_word' id='word_1_75' title='bbox 310 1162 461 1234; x_wconf 83' lang='lat' dir='ltr'><strong>(Gen.</strong></span> <span class='ocrx_word' id='word_1_76' title='bbox 488 1163 599 1233; x_wconf 72' lang='lat' dir='ltr'><strong>XIV)</strong></span> <span class='ocrx_word' id='word_1_77' title='bbox 638 1164 778 1232; x_wconf 91' lang='lat' dir='ltr'><strong>quod</strong></span> <span class='ocrx_word' id='word_1_78' title='bbox 829 1163 1052 1231; x_wconf 87' lang='lat' dir='ltr'><strong>elegerit</strong></span> <span class='ocrx_word' id='word_1_79' title='bbox 1084 1163 1354 1221; x_wconf 81' lang='lat' dir='ltr'><strong>Abraham</strong></span> <span class='ocrx_word' id='word_1_80' title='bbox 1394 1163 1670 1229; x_wconf 67' lang='lat' dir='ltr'><strong>eXpeditos</strong></span> 
     </span>
    </p>
   </div>
   <div class='ocr_carea' id='block_1_12' title="bbox 88 1254 1665 1321">
    <p class='ocr_par' dir='ltr' id='par_1_12' title="bbox 88 1254 1665 1321">
     <span class='ocr_line' id='line_1_12' title="bbox 88 1254 1665 1321; baseline -0.002 -14"><span class='ocrx_word' id='word_1_81' title='bbox 88 1256 409 1310; x_wconf 86' lang='lat' dir='ltr'><strong>vernaculos</strong></span> <span class='ocrx_word' id='word_1_82' title='bbox 434 1254 623 1310; x_wconf 88' lang='lat' dir='ltr'><strong>domus</strong></span> <span class='ocrx_word' id='word_1_83' title='bbox 648 1271 778 1319; x_wconf 49' lang='lat' dir='ltr'><strong>sure,</strong></span> <span class='ocrx_word' id='word_1_84' title='bbox 802 1255 853 1307; x_wconf 89' lang='lat' dir='ltr'><strong>id</strong></span> <span class='ocrx_word' id='word_1_85' title='bbox 878 1264 958 1308; x_wconf 88' lang='lat' dir='ltr'><strong>est</strong></span> <span class='ocrx_word' id='word_1_86' title='bbox 981 1255 1071 1321; x_wconf 90' lang='lat' dir='ltr'><strong>qui</strong></span> <span class='ocrx_word' id='word_1_87' title='bbox 1088 1255 1202 1307; x_wconf 90' lang='lat' dir='ltr'><strong>sine</strong></span> <span class='ocrx_word' id='word_1_88' title='bbox 1219 1254 1476 1308; x_wconf 80' lang='lat' dir='ltr'><strong>uxoribus</strong></span> <span class='ocrx_word' id='word_1_89' title='bbox 1490 1261 1665 1318; x_wconf 89' lang='lat' dir='ltr'><strong>erant,</strong></span> 
     </span>
    </p>
   </div>
   <div class='ocr_carea' id='block_1_13' title="bbox 85 1345 1670 1415">
    <p class='ocr_par' dir='ltr' id='par_1_13' title="bbox 85 1345 1670 1415">
     <span class='ocr_line' id='line_1_13' title="bbox 85 1345 1670 1415; baseline -0.001 -16"><span class='ocrx_word' id='word_1_90' title='bbox 85 1355 146 1399; x_wconf 89' lang='lat' dir='ltr'><strong>et</strong></span> <span class='ocrx_word' id='word_1_91' title='bbox 173 1354 256 1400; x_wconf 90' lang='lat' dir='ltr'><strong>est</strong></span> <span class='ocrx_word' id='word_1_92' title='bbox 297 1361 486 1401; x_wconf 90' lang='lat' dir='ltr'><strong>sensus</strong></span> <span class='ocrx_word' id='word_1_93' title='bbox 514 1364 526 1399; x_wconf 90' lang='lat'><strong>:</strong></span> <span class='ocrx_word' id='word_1_94' title='bbox 558 1347 675 1400; x_wconf 75' lang='lat' dir='ltr'><strong>Non</strong></span> <span class='ocrx_word' id='word_1_95' title='bbox 717 1346 887 1400; x_wconf 90' lang='lat' dir='ltr'><strong>solum</strong></span> <span class='ocrx_word' id='word_1_96' title='bbox 912 1346 982 1399; x_wconf 90' lang='lat' dir='ltr'><strong>illi</strong></span> <span class='ocrx_word' id='word_1_97' title='bbox 1013 1345 1297 1415; x_wconf 87' lang='lat' dir='ltr'><strong>plorabunt</strong></span> <span class='ocrx_word' id='word_1_98' title='bbox 1318 1356 1478 1413; x_wconf 83' lang='lat' dir='ltr'><strong>atque</strong></span> <span class='ocrx_word' id='word_1_99' title='bbox 1499 1345 1670 1399; x_wconf 87' lang='lat' dir='ltr'><strong>ulula-</strong></span> 
     </span>
    </p>
   </div>
   <div class='ocr_carea' id='block_1_14' title="bbox 82 1438 1668 1509">
    <p class='ocr_par' dir='ltr' id='par_1_14' title="bbox 82 1438 1668 1509">
     <span class='ocr_line' id='line_1_14' title="bbox 82 1438 1668 1509; baseline 0.001 -16"><span class='ocrx_word' id='word_1_100' title='bbox 82 1438 253 1503; x_wconf 87' lang='lat' dir='ltr'><strong>bunt,</strong></span> <span class='ocrx_word' id='word_1_101' title='bbox 286 1440 376 1509; x_wconf 90' lang='lat' dir='ltr'><strong>qui</strong></span> <span class='ocrx_word' id='word_1_102' title='bbox 415 1448 679 1509; x_wconf 81' lang='lat' dir='ltr'><strong>provectae</strong></span> <span class='ocrx_word' id='word_1_103' title='bbox 714 1447 840 1493; x_wconf 90' lang='lat' dir='ltr'><strong>sunt</strong></span> <span class='ocrx_word' id='word_1_104' title='bbox 882 1440 1058 1493; x_wconf 82' lang='lat' dir='ltr'><strong>aetatis</strong></span> <span class='ocrx_word' id='word_1_105' title='bbox 1087 1448 1141 1493; x_wconf 88' lang='lat' dir='ltr'><strong>et</strong></span> <span class='ocrx_word' id='word_1_106' title='bbox 1180 1438 1482 1509; x_wconf 86' lang='lat' dir='ltr'><strong>conjugati,</strong></span> <span class='ocrx_word' id='word_1_107' title='bbox 1533 1439 1668 1493; x_wconf 85' lang='lat' dir='ltr'><strong>filios</strong></span> 
     </span>
    </p>
   </div>
   <div class='ocr_carea' id='block_1_15' title="bbox 84 1532 1668 1601">
    <p class='ocr_par' dir='ltr' id='par_1_15' title="bbox 84 1532 1668 1601">
     <span class='ocr_line' id='line_1_15' title="bbox 84 1532 1668 1601; baseline 0 -15"><span class='ocrx_word' id='word_1_108' title='bbox 84 1532 386 1587; x_wconf 82' lang='lat' dir='ltr'><strong>habentes:</strong></span> <span class='ocrx_word' id='word_1_109' title='bbox 420 1532 514 1586; x_wconf 87' lang='lat' dir='ltr'><strong>sed</strong></span> <span class='ocrx_word' id='word_1_110' title='bbox 543 1533 761 1601; x_wconf 87' lang='lat' dir='ltr'><strong>insuper</strong></span> <span class='ocrx_word' id='word_1_111' title='bbox 792 1532 866 1586; x_wconf 92' lang='lat' dir='ltr'><strong>illi</strong></span> <span class='ocrx_word' id='word_1_112' title='bbox 894 1533 983 1601; x_wconf 89' lang='lat' dir='ltr'><strong>qui</strong></span> <span class='ocrx_word' id='word_1_113' title='bbox 1015 1532 1302 1586; x_wconf 85' lang='lat' dir='ltr'><strong>defendere</strong></span> <span class='ocrx_word' id='word_1_114' title='bbox 1336 1532 1470 1587; x_wconf 92' lang='lat' dir='ltr'><strong>alios</strong></span> <span class='ocrx_word' id='word_1_115' title='bbox 1510 1532 1668 1586; x_wconf 88' lang='lat' dir='ltr'><strong>debe-</strong></span> 
     </span>
    </p>
   </div>
   <div class='ocr_carea' id='block_1_16' title="bbox 81 1619 1489 1692">
    <p class='ocr_par' dir='ltr' id='par_1_16' title="bbox 81 1619 1489 1692">
     <span class='ocr_line' id='line_1_16' title="bbox 81 1619 1489 1692; baseline 0.002 -18"><span class='ocrx_word' id='word_1_116' title='bbox 81 1619 238 1686; x_wconf 84' lang='lat' dir='ltr'><strong>bant,</strong></span> <span class='ocrx_word' id='word_1_117' title='bbox 261 1631 315 1676; x_wconf 88' lang='lat' dir='ltr'><strong>et</strong></span> <span class='ocrx_word' id='word_1_118' title='bbox 339 1637 445 1677; x_wconf 89' lang='lat' dir='ltr'><strong>non</strong></span> <span class='ocrx_word' id='word_1_119' title='bbox 469 1623 669 1678; x_wconf 89' lang='lat' dir='ltr'><strong>habent</strong></span> <span class='ocrx_word' id='word_1_120' title='bbox 693 1638 827 1692; x_wconf 89' lang='lat' dir='ltr'><strong>quos</strong></span> <span class='ocrx_word' id='word_1_121' title='bbox 852 1623 1110 1692; x_wconf 80' lang='lat' dir='ltr'><strong>plangant</strong></span> <span class='ocrx_word' id='word_1_122' title='bbox 1136 1623 1236 1676; x_wconf 83' lang='lat' dir='ltr'><strong>nisi</strong></span> <span class='ocrx_word' id='word_1_123' title='bbox 1265 1624 1489 1692; x_wconf 89' lang='lat' dir='ltr'><strong>seipsos.</strong></span> 
     </span>
    </p>
   </div>
   <div class='ocr_carea' id='block_1_17' title="bbox 162 1711 1664 1785">
    <p class='ocr_par' dir='ltr' id='par_1_17' title="bbox 162 1711 1664 1785">
     <span class='ocr_line' id='line_1_17' title="bbox 162 1711 1664 1785; baseline 0.003 -20"><span class='ocrx_word' id='word_1_124' title='bbox 162 1730 181 1764; x_wconf 70' lang='grc' dir='ltr'>ί</span> <span class='ocrx_word' id='word_1_125' title='bbox 204 1711 311 1768; x_wconf 89' lang='lat' dir='ltr'><strong>Cor</strong></span> <span class='ocrx_word' id='word_1_126' title='bbox 339 1729 514 1768; x_wconf 90' lang='lat' dir='ltr'><strong>meum</strong></span> <span class='ocrx_word' id='word_1_127' title='bbox 557 1716 625 1769; x_wconf 89' lang='lat' dir='ltr'><strong>ad</strong></span> <span class='ocrx_word' id='word_1_128' title='bbox 662 1714 818 1768; x_wconf 82' lang='lat' dir='ltr'><strong>Moab</strong></span> <span class='ocrx_word' id='word_1_129' title='bbox 855 1713 1130 1769; x_wconf 80' lang='lat' dir='ltr'><strong>clamabit.</strong></span> <span class='ocrx_word' id='word_1_130' title='bbox 1166 1734 1184 1766; x_wconf 72' lang='grc' dir='ltr'>ι</span> <span class='ocrx_word' id='word_1_131' title='bbox 1228 1714 1664 1785; x_wconf 81' lang='lat' dir='ltr'><strong>Compassionem</strong></span> 
     </span>
    </p>
   </div>
   <div class='ocr_carea' id='block_1_18' title="bbox 80 1806 1666 1877">
    <p class='ocr_par' dir='ltr' id='par_1_18' title="bbox 80 1806 1666 1877">
     <span class='ocr_line' id='line_1_18' title="bbox 80 1806 1666 1877; baseline 0.001 -17"><span class='ocrx_word' id='word_1_132' title='bbox 80 1818 142 1860; x_wconf 90' lang='lat' dir='ltr'><strong>se</strong></span> <span class='ocrx_word' id='word_1_133' title='bbox 166 1806 295 1861; x_wconf 88' lang='lat' dir='ltr'><strong>dicit</strong></span> <span class='ocrx_word' id='word_1_134' title='bbox 315 1807 514 1861; x_wconf 88' lang='lat' dir='ltr'><strong>habere</strong></span> <span class='ocrx_word' id='word_1_135' title='bbox 539 1808 796 1877; x_wconf 87' lang='lat' dir='ltr'><strong>pr0pheta</strong></span> <span class='ocrx_word' id='word_1_136' title='bbox 825 1823 984 1876; x_wconf 83' lang='lat' dir='ltr'><strong>super</strong></span> <span class='ocrx_word' id='word_1_137' title='bbox 1008 1808 1238 1860; x_wconf 75' lang='lat' dir='ltr'><strong>miseriis</strong></span> <span class='ocrx_word' id='word_1_138' title='bbox 1260 1806 1431 1860; x_wconf 88' lang='lat' dir='ltr'><strong>Moab.</strong></span> <span class='ocrx_word' id='word_1_139' title='bbox 1449 1808 1581 1873; x_wconf 81' lang='lat' dir='ltr'><strong>Quia</strong></span> <span class='ocrx_word' id='word_1_140' title='bbox 1608 1808 1666 1860; x_wconf 91' lang='lat' dir='ltr'><strong>li-</strong></span> 
     </span>
    </p>
   </div>
   <div class='ocr_carea' id='block_1_19' title="bbox 1778 614 3349 684">
    <p class='ocr_par' dir='ltr' id='par_1_19' title="bbox 1778 614 3349 684">
     <span class='ocr_line' id='line_1_19' title="bbox 1778 614 3349 684; baseline 0.004 -17"><span class='ocrx_word' id='word_1_141' title='bbox 1778 614 2067 668; x_wconf 89' lang='lat' dir='ltr'><strong>secundum</strong></span> <span class='ocrx_word' id='word_1_142' title='bbox 2097 616 2238 682; x_wconf 90' lang='lat' dir='ltr'><strong>quod</strong></span> <span class='ocrx_word' id='word_1_143' title='bbox 2271 614 2558 670; x_wconf 83' lang='lat' dir='ltr'><strong>Zacharias</strong></span> <span class='ocrx_word' id='word_1_144' title='bbox 2575 631 2669 684; x_wconf 83' lang='lat' dir='ltr'><strong>per</strong></span> <span class='ocrx_word' id='word_1_145' title='bbox 2695 615 2955 672; x_wconf 82' lang='lat' dir='ltr'><strong>Joannem</strong></span> <span class='ocrx_word' id='word_1_146' title='bbox 2983 618 3144 672; x_wconf 88' lang='lat' dir='ltr'><strong>dicit:</strong></span> <span class='ocrx_word' id='word_1_147' title='bbox 3165 636 3183 669; x_wconf 76' lang='lat'><strong>¢</strong></span> <span class='ocrx_word' id='word_1_148' title='bbox 3206 617 3349 673; x_wconf 82' lang='lat' dir='ltr'><strong>Visi-</strong></span> 
     </span>
    </p>
   </div>
   <div class='ocr_carea' id='block_1_20' title="bbox 1777 702 3353 777">
    <p class='ocr_par' dir='ltr' id='par_1_20' title="bbox 1777 702 3353 777">
     <span class='ocr_line' id='line_1_20' title="bbox 1777 702 3353 777; baseline 0.004 -20"><span class='ocrx_word' id='word_1_149' title='bbox 1777 704 1907 757; x_wconf 88' lang='lat' dir='ltr'><strong>tavit</strong></span> <span class='ocrx_word' id='word_1_150' title='bbox 1928 718 2025 757; x_wconf 92' lang='lat' dir='ltr'><strong>nos</strong></span> <span class='ocrx_word' id='word_1_151' title='bbox 2053 702 2233 757; x_wconf 90' lang='lat' dir='ltr'><strong>oriens</strong></span> <span class='ocrx_word' id='word_1_152' title='bbox 2264 720 2331 758; x_wconf 83' lang='lat' dir='ltr'><strong>ex</strong></span> <span class='ocrx_word' id='word_1_153' title='bbox 2366 705 2474 760; x_wconf 88' lang='lat' dir='ltr'><strong>alto</strong></span> <span class='ocrx_word' id='word_1_154' title='bbox 2509 705 2661 777; x_wconf 83' lang='lat' dir='ltr'><strong>(Luc.</strong></span> <span class='ocrx_word' id='word_1_155' title='bbox 2701 706 2762 772; x_wconf 90' lang='grc' dir='ltr'><strong>ι).</strong></span> <span class='ocrx_word' id='word_1_156' title='bbox 2795 727 2813 759; x_wconf 75' lang='grc' dir='ltr'><strong><em>ι</em></strong></span> <span class='ocrx_word' id='word_1_157' title='bbox 2842 707 2938 761; x_wconf 85' lang='lat' dir='ltr'><strong>Est</strong></span> <span class='ocrx_word' id='word_1_158' title='bbox 2960 716 3139 761; x_wconf 89' lang='lat' dir='ltr'><strong>autem</strong></span> <span class='ocrx_word' id='word_1_159' title='bbox 3160 722 3353 765; x_wconf 78' lang='lat' dir='ltr'><strong>sensus</strong></span> 
     </span>
    </p>
   </div>
   <div class='ocr_carea' id='block_1_21' title="bbox 1773 793 3353 878">
    <p class='ocr_par' dir='ltr' id='par_1_21' title="bbox 1773 793 3353 878">
     <span class='ocr_line' id='line_1_21' title="bbox 1773 793 3353 878; baseline 0.006 -31"><span class='ocrx_word' id='word_1_160' title='bbox 1773 793 2076 864; x_wconf 91' lang='lat' dir='ltr'><strong>hujusmodi</strong></span> <span class='ocrx_word' id='word_1_161' title='bbox 2105 809 2120 847; x_wconf 91' lang='lat'><strong>:</strong></span> <span class='ocrx_word' id='word_1_162' title='bbox 2152 794 2303 850; x_wconf 89' lang='lat' dir='ltr'><strong>Sicut</strong></span> <span class='ocrx_word' id='word_1_163' title='bbox 2344 796 2495 863; x_wconf 83' lang='lat' dir='ltr'><strong>juxta</strong></span> <span class='ocrx_word' id='word_1_164' title='bbox 2525 799 2945 869; x_wconf 86' lang='lat' dir='ltr'><strong>magnitudinem</strong></span> <span class='ocrx_word' id='word_1_165' title='bbox 2962 800 3142 878; x_wconf 68' lang='lat' dir='ltr'><strong>morbi</strong></span> <span class='ocrx_word' id='word_1_166' title='bbox 3171 801 3353 858; x_wconf 86' lang='lat' dir='ltr'><strong>visitat</strong></span> 
     </span>
    </p>
   </div>
   <div class='ocr_carea' id='block_1_22' title="bbox 1773 885 3351 959">
    <p class='ocr_par' dir='ltr' id='par_1_22' title="bbox 1773 885 3351 959">
     <span class='ocr_line' id='line_1_22' title="bbox 1773 885 3351 959; baseline 0.006 -22"><span class='ocrx_word' id='word_1_167' title='bbox 1773 885 2014 940; x_wconf 89' lang='lat' dir='ltr'><strong>medicus</strong></span> <span class='ocrx_word' id='word_1_168' title='bbox 2054 894 2313 953; x_wconf 66' lang='lat' dir='ltr'><strong>aegrotum</strong></span> <span class='ocrx_word' id='word_1_169' title='bbox 2352 904 2364 939; x_wconf 91' lang='lat'><strong>:</strong></span> <span class='ocrx_word' id='word_1_170' title='bbox 2397 889 2468 941; x_wconf 90' lang='lat' dir='ltr'><strong>ita</strong></span> <span class='ocrx_word' id='word_1_171' title='bbox 2497 888 2650 945; x_wconf 84' lang='lat' dir='ltr'><strong>Moab</strong></span> <span class='ocrx_word' id='word_1_172' title='bbox 2675 890 2968 945; x_wconf 86' lang='lat' dir='ltr'><strong>secundum</strong></span> <span class='ocrx_word' id='word_1_173' title='bbox 2992 890 3351 959; x_wconf 83' lang='lat' dir='ltr'><strong>quantitatem</strong></span> 
     </span>
    </p>
   </div>
   <div class='ocr_carea' id='block_1_23' title="bbox 1772 976 3349 1045">
    <p class='ocr_par' dir='ltr' id='par_1_23' title="bbox 1772 976 3349 1045">
     <span class='ocr_line' id='line_1_23' title="bbox 1772 976 3349 1045; baseline 0.006 -16"><span class='ocrx_word' id='word_1_174' title='bbox 1772 976 1976 1043; x_wconf 82' lang='lat' dir='ltr'><strong>peccati</strong></span> <span class='ocrx_word' id='word_1_175' title='bbox 2017 977 2238 1045; x_wconf 83' lang='lat' dir='ltr'><strong>recipiet</strong></span> <span class='ocrx_word' id='word_1_176' title='bbox 2272 978 2582 1033; x_wconf 79' lang='lat' dir='ltr'><strong>vindictam.</strong></span> <span class='ocrx_word' id='word_1_177' title='bbox 2622 999 2640 1031; x_wconf 79' lang='grc' dir='ltr'>ι</span> <span class='ocrx_word' id='word_1_178' title='bbox 2671 981 2752 1035; x_wconf 83' lang='lat' dir='ltr'><strong>Ad</strong></span> <span class='ocrx_word' id='word_1_179' title='bbox 2794 990 3086 1037; x_wconf 87' lang='lat' dir='ltr'><strong>torrentem</strong></span> <span class='ocrx_word' id='word_1_180' title='bbox 3124 982 3349 1038; x_wconf 86' lang='lat' dir='ltr'><strong>salicum</strong></span> 
     </span>
    </p>
   </div>
   <div class='ocr_carea' id='block_1_24' title="bbox 1771 1066 2752 1136">
    <p class='ocr_par' dir='ltr' id='par_1_24' title="bbox 1771 1066 2752 1136">
     <span class='ocr_line' id='line_1_24' title="bbox 1771 1066 2752 1136; baseline 0.006 -17"><span class='ocrx_word' id='word_1_181' title='bbox 1771 1066 2035 1121; x_wconf 81' lang='lat' dir='ltr'><strong>deducent</strong></span> <span class='ocrx_word' id='word_1_182' title='bbox 2056 1082 2147 1121; x_wconf 85' lang='lat' dir='ltr'><strong>eos</strong></span> <span class='ocrx_word' id='word_1_183' title='bbox 2173 1086 2185 1120; x_wconf 92' lang='lat'><strong>:</strong></span> <span class='ocrx_word' id='word_1_184' title='bbox 2221 1088 2239 1121; x_wconf 70' lang='grc' dir='ltr'><strong><em>ι</em></strong></span> <span class='ocrx_word' id='word_1_185' title='bbox 2277 1068 2327 1120; x_wconf 89' lang='lat' dir='ltr'><strong>id</strong></span> <span class='ocrx_word' id='word_1_186' title='bbox 2358 1078 2441 1122; x_wconf 87' lang='lat' dir='ltr'><strong>est</strong></span> <span class='ocrx_word' id='word_1_187' title='bbox 2471 1070 2752 1136; x_wconf 83' lang='lat' dir='ltr'><strong>Moabitas.</strong></span> 
     </span>
    </p>
   </div>
   <div class='ocr_carea' id='block_1_25' title="bbox 1847 1158 3349 1223">
    <p class='ocr_par' dir='ltr' id='par_1_25' title="bbox 1847 1158 3349 1223">
     <span class='ocr_line' id='line_1_25' title="bbox 1847 1158 3349 1223; baseline 0.009 -16"><span class='ocrx_word' id='word_1_188' title='bbox 1847 1177 1863 1207; x_wconf 84' lang='lat'><strong>(</strong></span> <span class='ocrx_word' id='word_1_189' title='bbox 1897 1158 2161 1223; x_wconf 82' lang='lat' dir='ltr'><strong>Quoniam</strong></span> <span class='ocrx_word' id='word_1_190' title='bbox 2188 1159 2382 1213; x_wconf 87' lang='lat' dir='ltr'><strong>circuit</strong></span> <span class='ocrx_word' id='word_1_191' title='bbox 2410 1160 2612 1216; x_wconf 90' lang='lat' dir='ltr'><strong>clamor</strong></span> <span class='ocrx_word' id='word_1_192' title='bbox 2635 1164 2921 1218; x_wconf 89' lang='lat' dir='ltr'><strong>terminum</strong></span> <span class='ocrx_word' id='word_1_193' title='bbox 2953 1164 3127 1220; x_wconf 82' lang='lat' dir='ltr'><strong>Moab.</strong></span> <span class='ocrx_word' id='word_1_194' title='bbox 3163 1183 3185 1218; x_wconf 69' lang='grc' dir='ltr'><strong><em>ι</em></strong></span> <span class='ocrx_word' id='word_1_195' title='bbox 3208 1164 3349 1221; x_wconf 80' lang='lat' dir='ltr'><strong>Hac-</strong></span> 
     </span>
    </p>
   </div>
   <div class='ocr_carea' id='block_1_26' title="bbox 1771 1249 3351 1327">
    <p class='ocr_par' dir='ltr' id='par_1_26' title="bbox 1771 1249 3351 1327">
     <span class='ocr_line' id='line_1_26' title="bbox 1771 1249 3351 1327; baseline 0.004 -26"><span class='ocrx_word' id='word_1_196' title='bbox 1771 1256 1924 1302; x_wconf 87' lang='lat' dir='ltr'><strong>tenus</strong></span> <span class='ocrx_word' id='word_1_197' title='bbox 1957 1249 2165 1304; x_wconf 87' lang='lat' dir='ltr'><strong>locutus</strong></span> <span class='ocrx_word' id='word_1_198' title='bbox 2192 1251 2259 1305; x_wconf 89' lang='lat' dir='ltr'><strong>de</strong></span> <span class='ocrx_word' id='word_1_199' title='bbox 2300 1253 2613 1321; x_wconf 78' lang='lat' dir='ltr'><strong>captivitate</strong></span> <span class='ocrx_word' id='word_1_200' title='bbox 2642 1270 2762 1323; x_wconf 79' lang='lat' dir='ltr'><strong>quae</strong></span> <span class='ocrx_word' id='word_1_201' title='bbox 2790 1258 2939 1310; x_wconf 82' lang='lat' dir='ltr'><strong>venit</strong></span> <span class='ocrx_word' id='word_1_202' title='bbox 2975 1256 3222 1312; x_wconf 89' lang='lat' dir='ltr'><strong>Moabitis</strong></span> <span class='ocrx_word' id='word_1_203' title='bbox 3252 1270 3351 1327; x_wconf 76' lang='lat' dir='ltr'><strong>per</strong></span> 
     </span>
    </p>
   </div>
   <div class='ocr_carea' id='block_1_27' title="bbox 1768 1342 3346 1421">
    <p class='ocr_par' dir='ltr' id='par_1_27' title="bbox 1768 1342 3346 1421">
     <span class='ocr_line' id='line_1_27' title="bbox 1768 1342 3346 1421; baseline 0.008 -25"><span class='ocrx_word' id='word_1_204' title='bbox 1768 1342 2016 1413; x_wconf 78' lang='lat' dir='ltr'><strong>Assyrios</strong></span> <span class='ocrx_word' id='word_1_205' title='bbox 2045 1363 2056 1397; x_wconf 96' lang='lat'><strong>:</strong></span> <span class='ocrx_word' id='word_1_206' title='bbox 2088 1362 2231 1400; x_wconf 91' lang='lat' dir='ltr'><strong>nunc</strong></span> <span class='ocrx_word' id='word_1_207' title='bbox 2251 1345 2318 1401; x_wconf 91' lang='lat' dir='ltr'><strong>de</strong></span> <span class='ocrx_word' id='word_1_208' title='bbox 2353 1347 2440 1400; x_wconf 92' lang='lat' dir='ltr'><strong>illa</strong></span> <span class='ocrx_word' id='word_1_209' title='bbox 2478 1363 2595 1421; x_wconf 64' lang='lat' dir='ltr'><strong>quge</strong></span> <span class='ocrx_word' id='word_1_210' title='bbox 2633 1348 2773 1403; x_wconf 89' lang='lat' dir='ltr'><strong>facta</strong></span> <span class='ocrx_word' id='word_1_211' title='bbox 2808 1360 2891 1405; x_wconf 92' lang='lat' dir='ltr'><strong>est</strong></span> <span class='ocrx_word' id='word_1_212' title='bbox 2930 1368 3027 1421; x_wconf 90' lang='lat' dir='ltr'><strong>per</strong></span> <span class='ocrx_word' id='word_1_213' title='bbox 3047 1351 3346 1410; x_wconf 76' lang='lat' dir='ltr'><strong>Chaldzeos.</strong></span> 
     </span>
    </p>
   </div>
   <div class='ocr_carea' id='block_1_28' title="bbox 1770 1434 3351 1513">
    <p class='ocr_par' dir='ltr' id='par_1_28' title="bbox 1770 1434 3351 1513">
     <span class='ocr_line' id='line_1_28' title="bbox 1770 1434 3351 1513; baseline 0.006 -25"><span class='ocrx_word' id='word_1_214' title='bbox 1770 1434 2084 1490; x_wconf 81' lang='lat' dir='ltr'><strong>Torrentem</strong></span> <span class='ocrx_word' id='word_1_215' title='bbox 2141 1437 2397 1501; x_wconf 85' lang='lat' dir='ltr'><strong>salicum,</strong></span> <span class='ocrx_word' id='word_1_216' title='bbox 2444 1438 2749 1509; x_wconf 56' lang='lat' dir='ltr'><strong>Babyloniae</strong></span> <span class='ocrx_word' id='word_1_217' title='bbox 2796 1442 3053 1498; x_wconf 90' lang='lat' dir='ltr'><strong>debemus</strong></span> <span class='ocrx_word' id='word_1_218' title='bbox 3102 1445 3351 1513; x_wconf 82' lang='lat' dir='ltr'><strong>accipere</strong></span> 
     </span>
    </p>
   </div>
   <div class='ocr_carea' id='block_1_29' title="bbox 1766 1526 3345 1597">
    <p class='ocr_par' dir='ltr' id='par_1_29' title="bbox 1766 1526 3345 1597">
     <span class='ocr_line' id='line_1_29' title="bbox 1766 1526 3345 1597; baseline 0.008 -18"><span class='ocrx_word' id='word_1_219' title='bbox 1766 1526 1984 1581; x_wconf 85' lang='lat' dir='ltr'><strong>ﬂumina</strong></span> <span class='ocrx_word' id='word_1_220' title='bbox 2008 1546 2020 1581; x_wconf 90' lang='lat'><strong>:</strong></span> <span class='ocrx_word' id='word_1_221' title='bbox 2049 1529 2113 1582; x_wconf 89' lang='lat' dir='ltr'><strong>de</strong></span> <span class='ocrx_word' id='word_1_222' title='bbox 2138 1529 2333 1597; x_wconf 90' lang='lat' dir='ltr'><strong>quibus</strong></span> <span class='ocrx_word' id='word_1_223' title='bbox 2357 1539 2410 1582; x_wconf 89' lang='lat' dir='ltr'><strong>et</strong></span> <span class='ocrx_word' id='word_1_224' title='bbox 2431 1530 2674 1586; x_wconf 84' lang='lat' dir='ltr'><strong>Psalmus</strong></span> <span class='ocrx_word' id='word_1_225' title='bbox 2687 1532 2846 1587; x_wconf 91' lang='lat' dir='ltr'><strong>dicit:</strong></span> <span class='ocrx_word' id='word_1_226' title='bbox 2869 1553 2887 1584; x_wconf 87' lang='grc'><strong><em>‹</em></strong></span> <span class='ocrx_word' id='word_1_227' title='bbox 2924 1534 2979 1588; x_wconf 92' lang='lat' dir='ltr'><strong>ln</strong></span> <span class='ocrx_word' id='word_1_228' title='bbox 3003 1536 3259 1591; x_wconf 88' lang='lat' dir='ltr'><strong>salicibus</strong></span> <span class='ocrx_word' id='word_1_229' title='bbox 3289 1537 3345 1591; x_wconf 89' lang='lat' dir='ltr'><strong>in</strong></span> 
     </span>
    </p>
   </div>
   <div class='ocr_carea' id='block_1_30' title="bbox 1766 1620 3347 1695">
    <p class='ocr_par' dir='ltr' id='par_1_30' title="bbox 1766 1620 3347 1695">
     <span class='ocr_line' id='line_1_30' title="bbox 1766 1620 3347 1695; baseline 0.006 -21"><span class='ocrx_word' id='word_1_230' title='bbox 1766 1622 1944 1675; x_wconf 78' lang='lat' dir='ltr'><strong>medio</strong></span> <span class='ocrx_word' id='word_1_231' title='bbox 1970 1620 2086 1688; x_wconf 90' lang='lat' dir='ltr'><strong>ejus</strong></span> <span class='ocrx_word' id='word_1_232' title='bbox 2113 1620 2282 1691; x_wconf 83' lang='lat' dir='ltr'><strong>(Psal.</strong></span> <span class='ocrx_word' id='word_1_233' title='bbox 2318 1624 2554 1694; x_wconf 80' lang='lat' dir='ltr'><strong>cxxxvt),</strong></span> <span class='ocrx_word' id='word_1_234' title='bbox 2588 1643 2606 1676; x_wconf 70' lang='grc' dir='ltr'><strong><em>ι</em></strong></span> <span class='ocrx_word' id='word_1_235' title='bbox 2641 1634 2746 1680; x_wconf 91' lang='lat' dir='ltr'><strong>etc.</strong></span> <span class='ocrx_word' id='word_1_236' title='bbox 2790 1644 2809 1677; x_wconf 74' lang='grc' dir='ltr'><strong><em>ι</em></strong></span> <span class='ocrx_word' id='word_1_237' title='bbox 2840 1625 3018 1695; x_wconf 86' lang='lat' dir='ltr'><strong>Usque</strong></span> <span class='ocrx_word' id='word_1_238' title='bbox 3057 1628 3125 1682; x_wconf 89' lang='lat' dir='ltr'><strong>ad</strong></span> <span class='ocrx_word' id='word_1_239' title='bbox 3154 1627 3347 1683; x_wconf 89' lang='lat' dir='ltr'><strong>Gallim</strong></span> 
     </span>
    </p>
   </div>
   <div class='ocr_carea' id='block_1_31' title="bbox 1767 1712 3345 1787">
    <p class='ocr_par' dir='ltr' id='par_1_31' title="bbox 1767 1712 3345 1787">
     <span class='ocr_line' id='line_1_31' title="bbox 1767 1712 3345 1787; baseline 0.006 -24"><span class='ocrx_word' id='word_1_240' title='bbox 1767 1712 2018 1779; x_wconf 88' lang='lat' dir='ltr'><strong>oppidum</strong></span> <span class='ocrx_word' id='word_1_241' title='bbox 2065 1712 2298 1767; x_wconf 87' lang='lat' dir='ltr'><strong>ululatus</strong></span> <span class='ocrx_word' id='word_1_242' title='bbox 2341 1712 2487 1781; x_wconf 89' lang='lat' dir='ltr'><strong>ejus,</strong></span> <span class='ocrx_word' id='word_1_243' title='bbox 2538 1724 2590 1769; x_wconf 91' lang='lat' dir='ltr'><strong>et</strong></span> <span class='ocrx_word' id='word_1_244' title='bbox 2635 1731 2804 1786; x_wconf 90' lang='lat' dir='ltr'><strong>usque</strong></span> <span class='ocrx_word' id='word_1_245' title='bbox 2847 1719 2912 1772; x_wconf 90' lang='lat' dir='ltr'><strong>ad</strong></span> <span class='ocrx_word' id='word_1_246' title='bbox 2950 1725 3166 1787; x_wconf 90' lang='lat' dir='ltr'><strong>puteum</strong></span> <span class='ocrx_word' id='word_1_247' title='bbox 3205 1718 3345 1773; x_wconf 89' lang='lat' dir='ltr'><strong>Elim</strong></span> 
     </span>
    </p>
   </div>
   <div class='ocr_carea' id='block_1_32' title="bbox 1767 1802 3347 1880">
    <p class='ocr_par' dir='ltr' id='par_1_32' title="bbox 1767 1802 3347 1880">
     <span class='ocr_line' id='line_1_32' title="bbox 1767 1802 3347 1880; baseline 0.006 -23"><span class='ocrx_word' id='word_1_248' title='bbox 1767 1803 1969 1857; x_wconf 80' lang='lat' dir='ltr'><strong>clamor</strong></span> <span class='ocrx_word' id='word_1_249' title='bbox 1996 1802 2132 1871; x_wconf 89' lang='lat' dir='ltr'><strong>ejus,</strong></span> <span class='ocrx_word' id='word_1_250' title='bbox 2165 1824 2182 1856; x_wconf 74' lang='grc' dir='ltr'><strong><em>ι</em></strong></span> <span class='ocrx_word' id='word_1_251' title='bbox 2213 1804 2266 1858; x_wconf 91' lang='lat' dir='ltr'><strong>id</strong></span> <span class='ocrx_word' id='word_1_252' title='bbox 2301 1813 2401 1870; x_wconf 90' lang='lat' dir='ltr'><strong>est,</strong></span> <span class='ocrx_word' id='word_1_253' title='bbox 2431 1806 2633 1861; x_wconf 84' lang='lat' dir='ltr'><strong>clamor</strong></span> <span class='ocrx_word' id='word_1_254' title='bbox 2652 1806 2807 1863; x_wconf 84' lang='lat' dir='ltr'><strong>Moab</strong></span> <span class='ocrx_word' id='word_1_255' title='bbox 2830 1824 2861 1862; x_wconf 87' lang='lat' dir='ltr'><strong>a</strong></span> <span class='ocrx_word' id='word_1_256' title='bbox 2887 1809 3148 1880; x_wconf 89' lang='lat' dir='ltr'><strong>principio</strong></span> <span class='ocrx_word' id='word_1_257' title='bbox 3177 1824 3347 1880; x_wconf 88' lang='lat' dir='ltr'><strong>usque</strong></span> 
     </span>
    </p>
   </div>
   <div class='ocr_carea' id='block_1_33' title="bbox 78 1886 2211 1964">
    <p class='ocr_par' dir='ltr' id='par_1_33' title="bbox 78 1886 2211 1964">
     <span class='ocr_line' id='line_1_33' title="bbox 78 1886 2211 1964; baseline -0.002 -13"><span class='ocrx_word' id='word_1_258' title='bbox 78 1906 170 1954; x_wconf 89' lang='lat' dir='ltr'><strong>cet</strong></span> <span class='ocrx_word' id='word_1_259' title='bbox 192 1899 374 1953; x_wconf 88' lang='lat' dir='ltr'><strong>hostes</strong></span> <span class='ocrx_word' id='word_1_260' title='bbox 394 1913 580 1952; x_wconf 89' lang='lat' dir='ltr'><strong>eorum</strong></span> <span class='ocrx_word' id='word_1_261' title='bbox 602 1908 804 1962; x_wconf 88' lang='lat' dir='ltr'><strong>essent,</strong></span> <span class='ocrx_word' id='word_1_262' title='bbox 866 1907 1042 1952; x_wconf 89' lang='lat' dir='ltr'><strong>tamen</strong></span> <span class='ocrx_word' id='word_1_263' title='bbox 1075 1906 1325 1952; x_wconf 85' lang='lat' dir='ltr'><strong>creatura</strong></span> <span class='ocrx_word' id='word_1_264' title='bbox 1362 1898 1455 1950; x_wconf 90' lang='lat' dir='ltr'><strong>Dei</strong></span> <span class='ocrx_word' id='word_1_265' title='bbox 1487 1905 1658 1951; x_wconf 88' lang='lat' dir='ltr'><strong>erant.</strong></span> <span class='ocrx_word' id='word_1_266' title='bbox 1692 1886 1738 1946; x_wconf 91' lang='lat' dir='ltr'><strong>B</strong></span> <span class='ocrx_word' id='word_1_267' title='bbox 1766 1894 1833 1948; x_wconf 89' lang='lat' dir='ltr'><strong>ad</strong></span> <span class='ocrx_word' id='word_1_268' title='bbox 1859 1894 2017 1947; x_wconf 85' lang='lat' dir='ltr'><strong>finem</strong></span> <span class='ocrx_word' id='word_1_269' title='bbox 2044 1894 2211 1964; x_wconf 85' lang='lat' dir='ltr'><strong>regni.</strong></span> 
     </span>
    </p>
   </div>
   <div class='ocr_carea' id='block_1_34' title="bbox 80 1988 1661 2059">
    <p class='ocr_par' dir='ltr' id='par_1_34' title="bbox 80 1988 1661 2059">
     <span class='ocr_line' id='line_1_34' title="bbox 80 1988 1661 2059; baseline -0.001 -17"><span class='ocrx_word' id='word_1_270' title='bbox 80 1988 274 2044; x_wconf 83' lang='lat' dir='ltr'><strong>Tantis</strong></span> <span class='ocrx_word' id='word_1_271' title='bbox 304 1989 446 2044; x_wconf 88' lang='lat' dir='ltr'><strong>enim</strong></span> <span class='ocrx_word' id='word_1_272' title='bbox 480 1989 875 2059; x_wconf 80' lang='lat' dir='ltr'><strong>calamitatibus</strong></span> <span class='ocrx_word' id='word_1_273' title='bbox 908 1988 1364 2057; x_wconf 88' lang='lat' dir='ltr'><strong>opprimebantur,</strong></span> <span class='ocrx_word' id='word_1_274' title='bbox 1404 1996 1461 2041; x_wconf 92' lang='lat' dir='ltr'><strong>ut</strong></span> <span class='ocrx_word' id='word_1_275' title='bbox 1498 1988 1661 2041; x_wconf 88' lang='lat' dir='ltr'><strong>etiam</strong></span> 
     </span>
    </p>
   </div>
   <div class='ocr_carea' id='block_1_35' title="bbox 76 2078 1662 2145">
    <p class='ocr_par' dir='ltr' id='par_1_35' title="bbox 76 2078 1662 2145">
     <span class='ocr_line' id='line_1_35' title="bbox 76 2078 1662 2145; baseline 0.003 -14"><span class='ocrx_word' id='word_1_276' title='bbox 76 2078 317 2134; x_wconf 87' lang='lat' dir='ltr'><strong>inimicis</strong></span> <span class='ocrx_word' id='word_1_277' title='bbox 358 2080 686 2135; x_wconf 81' lang='lat' dir='ltr'><strong>miserabiles</strong></span> <span class='ocrx_word' id='word_1_278' title='bbox 725 2080 934 2135; x_wconf 84' lang='lat' dir='ltr'><strong>fierent.</strong></span> <span class='ocrx_word' id='word_1_279' title='bbox 970 2080 1252 2145; x_wconf 89' lang='lat' dir='ltr'><strong>Similiter,</strong></span> <span class='ocrx_word' id='word_1_280' title='bbox 1283 2089 1337 2133; x_wconf 92' lang='lat' dir='ltr'><strong>et</strong></span> <span class='ocrx_word' id='word_1_281' title='bbox 1362 2080 1662 2135; x_wconf 89' lang='lat' dir='ltr'><strong>llieremias</strong></span> 
     </span>
    </p>
   </div>
   <div class='ocr_carea' id='block_1_36' title="bbox 69 2170 1660 2241">
    <p class='ocr_par' dir='ltr' id='par_1_36' title="bbox 69 2170 1660 2241">
     <span class='ocr_line' id='line_1_36' title="bbox 69 2170 1660 2241; baseline 0.002 -18"><span class='ocrx_word' id='word_1_282' title='bbox 69 2170 341 2240; x_wconf 88' lang='lat' dir='ltr'><strong>propheta</strong></span> <span class='ocrx_word' id='word_1_283' title='bbox 385 2172 515 2225; x_wconf 85' lang='lat' dir='ltr'><strong>dicit</strong></span> <span class='ocrx_word' id='word_1_284' title='bbox 548 2187 607 2225; x_wconf 91' lang='lat' dir='ltr'><strong>se</strong></span> <span class='ocrx_word' id='word_1_285' title='bbox 634 2172 863 2241; x_wconf 89' lang='lat' dir='ltr'><strong>compati</strong></span> <span class='ocrx_word' id='word_1_286' title='bbox 890 2172 1121 2225; x_wconf 89' lang='lat' dir='ltr'><strong>miseriis</strong></span> <span class='ocrx_word' id='word_1_287' title='bbox 1150 2172 1337 2226; x_wconf 83' lang='lat' dir='ltr'><strong>Moab:</strong></span> <span class='ocrx_word' id='word_1_288' title='bbox 1370 2171 1660 2241; x_wconf 86' lang='lat' dir='ltr'><strong>Propterea</strong></span> 
     </span>
    </p>
   </div>
   <div class='ocr_carea' id='block_1_37' title="bbox 73 2261 1654 2332">
    <p class='ocr_par' dir='ltr' id='par_1_37' title="bbox 73 2261 1654 2332">
     <span class='ocr_line' id='line_1_37' title="bbox 73 2261 1654 2332; baseline 0.001 -18"><span class='ocrx_word' id='word_1_289' title='bbox 73 2261 374 2332; x_wconf 85' lang='lat' dir='ltr'><strong>(inquiens)</strong></span> <span class='ocrx_word' id='word_1_290' title='bbox 404 2279 497 2316; x_wconf 88' lang='lat' dir='ltr'><strong>cor</strong></span> <span class='ocrx_word' id='word_1_291' title='bbox 520 2278 695 2317; x_wconf 88' lang='lat' dir='ltr'><strong>meum</strong></span> <span class='ocrx_word' id='word_1_292' title='bbox 724 2263 793 2318; x_wconf 83' lang='lat' dir='ltr'><strong>ad</strong></span> <span class='ocrx_word' id='word_1_293' title='bbox 818 2262 993 2326; x_wconf 85' lang='lat' dir='ltr'><strong>Moab,</strong></span> <span class='ocrx_word' id='word_1_294' title='bbox 1026 2264 1178 2332; x_wconf 89' lang='lat' dir='ltr'><strong>quasi</strong></span> <span class='ocrx_word' id='word_1_295' title='bbox 1208 2263 1337 2317; x_wconf 87' lang='lat' dir='ltr'><strong>tibia</strong></span> <span class='ocrx_word' id='word_1_296' title='bbox 1366 2264 1654 2317; x_wconf 76' lang='lat' dir='ltr'><strong>resonabit.</strong></span> 
     </span>
    </p>
   </div>
   <div class='ocr_carea' id='block_1_38' title="bbox 74 2351 1657 2424">
    <p class='ocr_par' dir='ltr' id='par_1_38' title="bbox 74 2351 1657 2424">
     <span class='ocr_line' id='line_1_38' title="bbox 74 2351 1657 2424; baseline 0.003 -21"><span class='ocrx_word' id='word_1_297' title='bbox 74 2369 95 2403; x_wconf 74' lang='grc' dir='ltr'>ι</span> <span class='ocrx_word' id='word_1_298' title='bbox 136 2351 331 2408; x_wconf 79' lang='lat' dir='ltr'><strong>Vectes</strong></span> <span class='ocrx_word' id='word_1_299' title='bbox 377 2353 493 2421; x_wconf 89' lang='lat' dir='ltr'><strong>ejus</strong></span> <span class='ocrx_word' id='word_1_300' title='bbox 524 2370 692 2424; x_wconf 86' lang='lat' dir='ltr'><strong>usque</strong></span> <span class='ocrx_word' id='word_1_301' title='bbox 725 2356 791 2409; x_wconf 88' lang='lat' dir='ltr'><strong>ad</strong></span> <span class='ocrx_word' id='word_1_302' title='bbox 818 2353 985 2423; x_wconf 87' lang='lat' dir='ltr'><strong>Segor</strong></span> <span class='ocrx_word' id='word_1_303' title='bbox 1014 2369 1029 2407; x_wconf 90' lang='lat'><strong>:</strong></span> <span class='ocrx_word' id='word_1_304' title='bbox 1070 2354 1289 2407; x_wconf 82' lang='lat' dir='ltr'><strong>vitulam</strong></span> <span class='ocrx_word' id='word_1_305' title='bbox 1333 2365 1657 2407; x_wconf 85' lang='lat' dir='ltr'><strong>conternan-</strong></span> 
     </span>
    </p>
   </div>
   <div class='ocr_carea' id='block_1_39' title="bbox 70 2447 1658 2517">
    <p class='ocr_par' dir='ltr' id='par_1_39' title="bbox 70 2447 1658 2517">
     <span class='ocr_line' id='line_1_39' title="bbox 70 2447 1658 2517; baseline 0.001 -17"><span class='ocrx_word' id='word_1_306' title='bbox 70 2457 205 2500; x_wconf 91' lang='lat' dir='ltr'><strong>tem.</strong></span> <span class='ocrx_word' id='word_1_307' title='bbox 245 2466 265 2500; x_wconf 72' lang='grc' dir='ltr'><strong><em>ι</em></strong></span> <span class='ocrx_word' id='word_1_308' title='bbox 314 2447 480 2517; x_wconf 85' lang='lat' dir='ltr'><strong>Segor</strong></span> <span class='ocrx_word' id='word_1_309' title='bbox 510 2463 614 2502; x_wconf 93' lang='lat' dir='ltr'><strong>una</strong></span> <span class='ocrx_word' id='word_1_310' title='bbox 652 2457 843 2502; x_wconf 71' lang='lat' dir='ltr'><strong>esLex</strong></span> <span class='ocrx_word' id='word_1_311' title='bbox 882 2448 1116 2516; x_wconf 89' lang='lat' dir='ltr'><strong>quinque</strong></span> <span class='ocrx_word' id='word_1_312' title='bbox 1153 2448 1459 2502; x_wconf 79' lang='lat' dir='ltr'><strong>civitatibus</strong></span> <span class='ocrx_word' id='word_1_313' title='bbox 1492 2449 1658 2502; x_wconf 86' lang='lat' dir='ltr'><strong>Sodo-</strong></span> 
     </span>
    </p>
   </div>
   <div class='ocr_carea' id='block_1_40' title="bbox 68 2536 1656 2607">
    <p class='ocr_par' dir='ltr' id='par_1_40' title="bbox 68 2536 1656 2607">
     <span class='ocr_line' id='line_1_40' title="bbox 68 2536 1656 2607; baseline 0.001 -19"><span class='ocrx_word' id='word_1_314' title='bbox 68 2536 296 2601; x_wconf 89' lang='lat' dir='ltr'><strong>miticis,</strong></span> <span class='ocrx_word' id='word_1_315' title='bbox 320 2552 438 2606; x_wconf 66' lang='lat' dir='ltr'><strong>quae</strong></span> <span class='ocrx_word' id='word_1_316' title='bbox 465 2545 684 2606; x_wconf 80' lang='lat' dir='ltr'><strong>propter</strong></span> <span class='ocrx_word' id='word_1_317' title='bbox 704 2538 842 2591; x_wconf 87' lang='lat' dir='ltr'><strong>Loth</strong></span> <span class='ocrx_word' id='word_1_318' title='bbox 865 2546 1102 2607; x_wconf 90' lang='lat' dir='ltr'><strong>tempore</strong></span> <span class='ocrx_word' id='word_1_319' title='bbox 1130 2538 1494 2592; x_wconf 86' lang='lat' dir='ltr'><strong>subversionis</strong></span> <span class='ocrx_word' id='word_1_320' title='bbox 1524 2538 1656 2591; x_wconf 83' lang='lat' dir='ltr'><strong>libe-</strong></span> 
     </span>
    </p>
   </div>
   <div class='ocr_carea' id='block_1_41' title="bbox 66 2628 1655 2700">
    <p class='ocr_par' dir='ltr' id='par_1_41' title="bbox 66 2628 1655 2700">
     <span class='ocr_line' id='line_1_41' title="bbox 66 2628 1655 2700; baseline 0.001 -19"><span class='ocrx_word' id='word_1_321' title='bbox 66 2636 190 2682; x_wconf 89' lang='lat' dir='ltr'><strong>rata</strong></span> <span class='ocrx_word' id='word_1_322' title='bbox 225 2640 308 2683; x_wconf 89' lang='lat' dir='ltr'><strong>est</strong></span> <span class='ocrx_word' id='word_1_323' title='bbox 347 2628 500 2697; x_wconf 84' lang='lat' dir='ltr'><strong>(Gen.</strong></span> <span class='ocrx_word' id='word_1_324' title='bbox 542 2630 677 2699; x_wconf 71' lang='lat' dir='ltr'><strong>nx).</strong></span> <span class='ocrx_word' id='word_1_325' title='bbox 711 2630 1021 2700; x_wconf 83' lang='lat' dir='ltr'><strong>Appellatur</strong></span> <span class='ocrx_word' id='word_1_326' title='bbox 1063 2629 1257 2693; x_wconf 88' lang='lat' dir='ltr'><strong>vitula,</strong></span> <span class='ocrx_word' id='word_1_327' title='bbox 1294 2639 1510 2700; x_wconf 89' lang='lat' dir='ltr'><strong>propter</strong></span> <span class='ocrx_word' id='word_1_328' title='bbox 1552 2631 1655 2683; x_wconf 87' lang='lat' dir='ltr'><strong>itu-</strong></span> 
     </span>
    </p>
   </div>
   <div class='ocr_carea' id='block_1_42' title="bbox 63 2720 1655 2787">
    <p class='ocr_par' dir='ltr' id='par_1_42' title="bbox 63 2720 1655 2787">
     <span class='ocr_line' id='line_1_42' title="bbox 63 2720 1655 2787; baseline -0.001 -11"><span class='ocrx_word' id='word_1_329' title='bbox 63 2720 446 2776; x_wconf 90' lang='lat' dir='ltr'><strong>mundicitiam</strong></span> <span class='ocrx_word' id='word_1_330' title='bbox 486 2721 729 2775; x_wconf 74' lang='lat' dir='ltr'><strong>luxurize.</strong></span> <span class='ocrx_word' id='word_1_331' title='bbox 773 2722 925 2787; x_wconf 80' lang='lat' dir='ltr'><strong>Quod</strong></span> <span class='ocrx_word' id='word_1_332' title='bbox 966 2736 1128 2785; x_wconf 87' lang='lat' dir='ltr'><strong>vero,</strong></span> <span class='ocrx_word' id='word_1_333' title='bbox 1167 2720 1296 2774; x_wconf 89' lang='lat' dir='ltr'><strong>dicit</strong></span> <span class='ocrx_word' id='word_1_334' title='bbox 1336 2730 1655 2775; x_wconf 88' lang='lat' dir='ltr'><strong>conternan-</strong></span> 
     </span>
    </p>
   </div>
   <div class='ocr_carea' id='block_1_43' title="bbox 64 2814 1652 2883">
    <p class='ocr_par' dir='ltr' id='par_1_43' title="bbox 64 2814 1652 2883">
     <span class='ocr_line' id='line_1_43' title="bbox 64 2814 1652 2883; baseline -0.001 -14"><span class='ocrx_word' id='word_1_335' title='bbox 64 2824 214 2881; x_wconf 90' lang='lat' dir='ltr'><strong>tem,</strong></span> <span class='ocrx_word' id='word_1_336' title='bbox 269 2814 490 2883; x_wconf 86' lang='lat' dir='ltr'><strong>quidam</strong></span> <span class='ocrx_word' id='word_1_337' title='bbox 539 2814 753 2869; x_wconf 89' lang='lat' dir='ltr'><strong>codices</strong></span> <span class='ocrx_word' id='word_1_338' title='bbox 799 2814 1000 2869; x_wconf 90' lang='lat' dir='ltr'><strong>habent</strong></span> <span class='ocrx_word' id='word_1_339' title='bbox 1041 2822 1509 2877; x_wconf 90' lang='lat' dir='ltr'><strong>consternantem,</strong></span> <span class='ocrx_word' id='word_1_340' title='bbox 1560 2815 1652 2868; x_wconf 91' lang='lat' dir='ltr'><strong>sed</strong></span> 
     </span>
    </p>
   </div>
   <div class='ocr_carea' id='block_1_44' title="bbox 61 2904 1654 2977">
    <p class='ocr_par' dir='ltr' id='par_1_44' title="bbox 61 2904 1654 2977">
     <span class='ocr_line' id='line_1_44' title="bbox 61 2904 1654 2977; baseline 0.001 -19"><span class='ocrx_word' id='word_1_341' title='bbox 61 2904 207 2962; x_wconf 88' lang='lat' dir='ltr'><strong>falso</strong></span> <span class='ocrx_word' id='word_1_342' title='bbox 245 2908 503 2977; x_wconf 85' lang='lat' dir='ltr'><strong>scriptum</strong></span> <span class='ocrx_word' id='word_1_343' title='bbox 543 2917 645 2964; x_wconf 90' lang='lat' dir='ltr'><strong>est.</strong></span> <span class='ocrx_word' id='word_1_344' title='bbox 671 2908 911 2963; x_wconf 89' lang='lat' dir='ltr'><strong>Tradunt</strong></span> <span class='ocrx_word' id='word_1_345' title='bbox 941 2906 1170 2972; x_wconf 84' lang='lat' dir='ltr'><strong>Hebraei,</strong></span> <span class='ocrx_word' id='word_1_346' title='bbox 1201 2907 1342 2977; x_wconf 87' lang='lat' dir='ltr'><strong>quod</strong></span> <span class='ocrx_word' id='word_1_347' title='bbox 1382 2906 1463 2961; x_wconf 89' lang='lat' dir='ltr'><strong>bis</strong></span> <span class='ocrx_word' id='word_1_348' title='bbox 1492 2907 1654 2962; x_wconf 88' lang='lat' dir='ltr'><strong>susti-</strong></span> 
     </span>
    </p>
   </div>
   <div class='ocr_carea' id='block_1_45' title="bbox 58 3002 1647 3069">
    <p class='ocr_par' dir='ltr' id='par_1_45' title="bbox 58 3002 1647 3069">
     <span class='ocr_line' id='line_1_45' title="bbox 58 3002 1647 3069; baseline 0.001 -14"><span class='ocrx_word' id='word_1_349' title='bbox 58 3015 204 3056; x_wconf 89' lang='lat' dir='ltr'><strong>nens</strong></span> <span class='ocrx_word' id='word_1_350' title='bbox 245 3009 639 3069; x_wconf 78' lang='lat' dir='ltr'><strong>terraemotum,</strong></span> <span class='ocrx_word' id='word_1_351' title='bbox 678 3004 838 3059; x_wconf 90' lang='lat' dir='ltr'><strong>tertio</strong></span> <span class='ocrx_word' id='word_1_352' title='bbox 869 3004 1171 3059; x_wconf 87' lang='lat' dir='ltr'><strong>corruerit:</strong></span> <span class='ocrx_word' id='word_1_353' title='bbox 1214 3012 1270 3058; x_wconf 91' lang='lat' dir='ltr'><strong>et</strong></span> <span class='ocrx_word' id='word_1_354' title='bbox 1309 3004 1411 3057; x_wconf 89' lang='lat' dir='ltr'><strong>hoc</strong></span> <span class='ocrx_word' id='word_1_355' title='bbox 1448 3002 1495 3056; x_wconf 93' lang='lat' dir='ltr'><strong>id</strong></span> <span class='ocrx_word' id='word_1_356' title='bbox 1535 3011 1647 3068; x_wconf 91' lang='lat' dir='ltr'><strong>est,</strong></span> 
     </span>
    </p>
   </div>
   <div class='ocr_carea' id='block_1_46' title="bbox 58 3092 1647 3163">
    <p class='ocr_par' dir='ltr' id='par_1_46' title="bbox 58 3092 1647 3163">
     <span class='ocr_line' id='line_1_46' title="bbox 58 3092 1647 3163; baseline -0.001 -17"><span class='ocrx_word' id='word_1_357' title='bbox 58 3093 212 3163; x_wconf 90' lang='lat' dir='ltr'><strong>quod</strong></span> <span class='ocrx_word' id='word_1_358' title='bbox 241 3093 374 3148; x_wconf 89' lang='lat' dir='ltr'><strong>dicit</strong></span> <span class='ocrx_word' id='word_1_359' title='bbox 394 3109 563 3163; x_wconf 88' lang='lat' dir='ltr'><strong>usque</strong></span> <span class='ocrx_word' id='word_1_360' title='bbox 583 3096 651 3150; x_wconf 89' lang='lat' dir='ltr'><strong>ad</strong></span> <span class='ocrx_word' id='word_1_361' title='bbox 677 3095 845 3163; x_wconf 80' lang='lat' dir='ltr'><strong>Segor</strong></span> <span class='ocrx_word' id='word_1_362' title='bbox 865 3095 1086 3149; x_wconf 78' lang='lat' dir='ltr'><strong>vitulam</strong></span> <span class='ocrx_word' id='word_1_363' title='bbox 1133 3100 1562 3157; x_wconf 89' lang='lat' dir='ltr'><strong>conternautem,</strong></span> <span class='ocrx_word' id='word_1_364' title='bbox 1594 3092 1647 3145; x_wconf 90' lang='lat' dir='ltr'><strong>id</strong></span> 
     </span>
    </p>
   </div>
   <div class='ocr_carea' id='block_1_47' title="bbox 57 3184 1645 3249">
    <p class='ocr_par' dir='ltr' id='par_1_47' title="bbox 57 3184 1645 3249">
     <span class='ocr_line' id='line_1_47' title="bbox 57 3184 1645 3249; baseline -0.003 -8"><span class='ocrx_word' id='word_1_365' title='bbox 57 3192 149 3241; x_wconf 88' lang='lat' dir='ltr'><strong>est</strong></span> <span class='ocrx_word' id='word_1_366' title='bbox 181 3184 341 3241; x_wconf 90' lang='lat' dir='ltr'><strong>tertio</strong></span> <span class='ocrx_word' id='word_1_367' title='bbox 375 3194 680 3242; x_wconf 68' lang='lat' dir='ltr'><strong>terraemotu</strong></span> <span class='ocrx_word' id='word_1_368' title='bbox 719 3194 1078 3249; x_wconf 88' lang='lat' dir='ltr'><strong>corrueutem,</strong></span> <span class='ocrx_word' id='word_1_369' title='bbox 1121 3184 1205 3239; x_wconf 91' lang='lat' dir='ltr'><strong>vel</strong></span> <span class='ocrx_word' id='word_1_370' title='bbox 1239 3190 1645 3238; x_wconf 86' lang='lat' dir='ltr'><strong>contemantem</strong></span> 
     </span>
    </p>
   </div>
   <div class='ocr_carea' id='block_1_48' title="bbox 1840 1986 3343 2059">
    <p class='ocr_par' dir='ltr' id='par_1_48' title="bbox 1840 1986 3343 2059">
     <span class='ocr_line' id='line_1_48' title="bbox 1840 1986 3343 2059; baseline 0.007 -23"><span class='ocrx_word' id='word_1_371' title='bbox 1840 2004 1859 2035; x_wconf 73' lang='grc' dir='ltr'>ι</span> <span class='ocrx_word' id='word_1_372' title='bbox 1889 1986 2025 2051; x_wconf 83' lang='lat' dir='ltr'><strong>Quia</strong></span> <span class='ocrx_word' id='word_1_373' title='bbox 2070 2002 2221 2055; x_wconf 70' lang='lat' dir='ltr'><strong>aqua:</strong></span> <span class='ocrx_word' id='word_1_374' title='bbox 2265 1987 2470 2042; x_wconf 87' lang='lat' dir='ltr'><strong>Edibon</strong></span> <span class='ocrx_word' id='word_1_375' title='bbox 2511 1988 2747 2043; x_wconf 80' lang='lat' dir='ltr'><strong>civitatis</strong></span> <span class='ocrx_word' id='word_1_376' title='bbox 2801 1989 3018 2059; x_wconf 67' lang='lat' dir='ltr'><strong>repletae</strong></span> <span class='ocrx_word' id='word_1_377' title='bbox 3045 1999 3170 2045; x_wconf 92' lang='lat' dir='ltr'><strong>sunt</strong></span> <span class='ocrx_word' id='word_1_378' title='bbox 3215 2006 3343 2048; x_wconf 80' lang='lat' dir='ltr'><strong>san-</strong></span> 
     </span>
    </p>
   </div>
   <div class='ocr_carea' id='block_1_49' title="bbox 1764 2078 3338 2148">
    <p class='ocr_par' dir='ltr' id='par_1_49' title="bbox 1764 2078 3338 2148">
     <span class='ocr_line' id='line_1_49' title="bbox 1764 2078 3338 2148; baseline 0.004 -16"><span class='ocrx_word' id='word_1_379' title='bbox 1764 2078 1922 2148; x_wconf 82' lang='lat' dir='ltr'><strong>guine</strong></span> <span class='ocrx_word' id='word_1_380' title='bbox 1955 2098 1973 2131; x_wconf 73' lang='grc' dir='ltr'><strong><em>ι</em></strong></span> <span class='ocrx_word' id='word_1_381' title='bbox 2004 2080 2306 2134; x_wconf 90' lang='lat' dir='ltr'><strong>occisorum</strong></span> <span class='ocrx_word' id='word_1_382' title='bbox 2341 2079 2514 2134; x_wconf 87' lang='lat' dir='ltr'><strong>Moab.</strong></span> <span class='ocrx_word' id='word_1_383' title='bbox 2545 2080 2624 2135; x_wconf 80' lang='lat' dir='ltr'><strong>Ac</strong></span> <span class='ocrx_word' id='word_1_384' title='bbox 2651 2081 2693 2135; x_wconf 92' lang='lat' dir='ltr'><strong>si</strong></span> <span class='ocrx_word' id='word_1_385' title='bbox 2727 2082 2927 2136; x_wconf 87' lang='lat' dir='ltr'><strong>diceret</strong></span> <span class='ocrx_word' id='word_1_386' title='bbox 2958 2082 3079 2136; x_wconf 89' lang='lat' dir='ltr'><strong>aliis</strong></span> <span class='ocrx_word' id='word_1_387' title='bbox 3110 2083 3294 2138; x_wconf 87' lang='lat' dir='ltr'><strong>verbis</strong></span> <span class='ocrx_word' id='word_1_388' title='bbox 3323 2099 3338 2138; x_wconf 90' lang='lat'><strong>:</strong></span> 
     </span>
    </p>
   </div>
   <div class='ocr_carea' id='block_1_50' title="bbox 1761 2168 3341 2240">
    <p class='ocr_par' dir='ltr' id='par_1_50' title="bbox 1761 2168 3341 2240">
     <span class='ocr_line' id='line_1_50' title="bbox 1761 2168 3341 2240; baseline 0.005 -19"><span class='ocrx_word' id='word_1_389' title='bbox 1761 2168 1964 2223; x_wconf 82' lang='lat' dir='ltr'><strong>Idcirco</strong></span> <span class='ocrx_word' id='word_1_390' title='bbox 1986 2170 2207 2222; x_wconf 84' lang='lat' dir='ltr'><strong>ululabit</strong></span> <span class='ocrx_word' id='word_1_391' title='bbox 2234 2170 2406 2235; x_wconf 88' lang='lat' dir='ltr'><strong>Moab,</strong></span> <span class='ocrx_word' id='word_1_392' title='bbox 2430 2171 2556 2238; x_wconf 89' lang='lat' dir='ltr'><strong>quia</strong></span> <span class='ocrx_word' id='word_1_393' title='bbox 2581 2172 2669 2225; x_wconf 86' lang='lat' dir='ltr'><strong>ubi</strong></span> <span class='ocrx_word' id='word_1_394' title='bbox 2691 2172 2842 2240; x_wconf 92' lang='lat' dir='ltr'><strong>prius</strong></span> <span class='ocrx_word' id='word_1_395' title='bbox 2866 2181 2983 2227; x_wconf 87' lang='lat' dir='ltr'><strong>erat</strong></span> <span class='ocrx_word' id='word_1_396' title='bbox 3022 2173 3232 2227; x_wconf 78' lang='lat' dir='ltr'><strong>luxuria</strong></span> <span class='ocrx_word' id='word_1_397' title='bbox 3284 2182 3341 2229; x_wconf 90' lang='lat' dir='ltr'><strong>et</strong></span> 
     </span>
    </p>
   </div>
   <div class='ocr_carea' id='block_1_51' title="bbox 1762 2259 3341 2332">
    <p class='ocr_par' dir='ltr' id='par_1_51' title="bbox 1762 2259 3341 2332">
     <span class='ocr_line' id='line_1_51' title="bbox 1762 2259 3341 2332; baseline 0.002 -18"><span class='ocrx_word' id='word_1_398' title='bbox 1762 2260 1936 2314; x_wconf 87' lang='lat' dir='ltr'><strong>omnis</strong></span> <span class='ocrx_word' id='word_1_399' title='bbox 1977 2259 2291 2323; x_wconf 75' lang='lat' dir='ltr'><strong>delectatio,</strong></span> <span class='ocrx_word' id='word_1_400' title='bbox 2322 2269 2540 2330; x_wconf 83' lang='lat' dir='ltr'><strong>propter</strong></span> <span class='ocrx_word' id='word_1_401' title='bbox 2578 2261 2810 2332; x_wconf 83' lang='lat' dir='ltr'><strong>irriguos</strong></span> <span class='ocrx_word' id='word_1_402' title='bbox 2849 2277 3042 2331; x_wconf 80' lang='lat' dir='ltr'><strong>agros,</strong></span> <span class='ocrx_word' id='word_1_403' title='bbox 3073 2272 3130 2318; x_wconf 88' lang='lat' dir='ltr'><strong>et</strong></span> <span class='ocrx_word' id='word_1_404' title='bbox 3166 2264 3341 2319; x_wconf 87' lang='lat' dir='ltr'><strong>fontes</strong></span> 
     </span>
    </p>
   </div>
   <div class='ocr_carea' id='block_1_52' title="bbox 1752 2343 3342 2420">
    <p class='ocr_par' dir='ltr' id='par_1_52' title="bbox 1752 2343 3342 2420">
     <span class='ocr_line' id='line_1_52' title="bbox 1752 2343 3342 2420; baseline 0.005 -19"><span class='ocrx_word' id='word_1_405' title='bbox 1752 2343 1953 2418; x_wconf 79' lang='lat' dir='ltr'><strong>jugitcr</strong></span> <span class='ocrx_word' id='word_1_406' title='bbox 1992 2358 2339 2415; x_wconf 88' lang='lat' dir='ltr'><strong>etuauantes,</strong></span> <span class='ocrx_word' id='word_1_407' title='bbox 2386 2350 2457 2404; x_wconf 92' lang='lat' dir='ltr'><strong>ibi</strong></span> <span class='ocrx_word' id='word_1_408' title='bbox 2498 2365 2611 2420; x_wconf 75' lang='lat' dir='ltr'><strong>pra:</strong></span> <span class='ocrx_word' id='word_1_409' title='bbox 2646 2352 2987 2408; x_wconf 90' lang='lat' dir='ltr'><strong>multitudine</strong></span> <span class='ocrx_word' id='word_1_410' title='bbox 3028 2353 3342 2409; x_wconf 76' lang='lat' dir='ltr'><strong>interfecto-</strong></span> 
     </span>
    </p>
   </div>
   <div class='ocr_carea' id='block_1_53' title="bbox 1758 2439 3339 2512">
    <p class='ocr_par' dir='ltr' id='par_1_53' title="bbox 1758 2439 3339 2512">
     <span class='ocr_line' id='line_1_53' title="bbox 1758 2439 3339 2512; baseline 0.003 -18"><span class='ocrx_word' id='word_1_411' title='bbox 1758 2456 1909 2505; x_wconf 88' lang='lat' dir='ltr'><strong>rum,</strong></span> <span class='ocrx_word' id='word_1_412' title='bbox 1959 2441 2058 2495; x_wconf 81' lang='lat' dir='ltr'><strong>rivi</strong></span> <span class='ocrx_word' id='word_1_413' title='bbox 2107 2441 2383 2510; x_wconf 78' lang='lat' dir='ltr'><strong>sanguinis</strong></span> <span class='ocrx_word' id='word_1_414' title='bbox 2429 2439 2616 2496; x_wconf 79' lang='lat' dir='ltr'><strong>fluent.</strong></span> <span class='ocrx_word' id='word_1_415' title='bbox 2672 2461 2690 2492; x_wconf 85' lang='grc'><strong>‹</strong></span> <span class='ocrx_word' id='word_1_416' title='bbox 2730 2441 2931 2497; x_wconf 87' lang='lat' dir='ltr'><strong>Ponam</strong></span> <span class='ocrx_word' id='word_1_417' title='bbox 2981 2443 3123 2497; x_wconf 92' lang='lat' dir='ltr'><strong>enim</strong></span> <span class='ocrx_word' id='word_1_418' title='bbox 3176 2458 3339 2512; x_wconf 90' lang='lat' dir='ltr'><strong>super</strong></span> 
     </span>
    </p>
   </div>
   <div class='ocr_carea' id='block_1_54' title="bbox 1754 2532 3341 2604">
    <p class='ocr_par' dir='ltr' id='par_1_54' title="bbox 1754 2532 3341 2604">
     <span class='ocr_line' id='line_1_54' title="bbox 1754 2532 3341 2604; baseline 0.001 -17"><span class='ocrx_word' id='word_1_419' title='bbox 1754 2532 1962 2587; x_wconf 88' lang='lat' dir='ltr'><strong>Edibou</strong></span> <span class='ocrx_word' id='word_1_420' title='bbox 1986 2533 2429 2587; x_wconf 87' lang='lat' dir='ltr'><strong>additamentum.</strong></span> <span class='ocrx_word' id='word_1_421' title='bbox 2457 2553 2475 2585; x_wconf 74' lang='grc' dir='ltr'><strong><em>ι</em></strong></span> <span class='ocrx_word' id='word_1_422' title='bbox 2496 2533 2607 2589; x_wconf 84' lang='lat' dir='ltr'><strong>Hoc</strong></span> <span class='ocrx_word' id='word_1_423' title='bbox 2626 2542 2708 2589; x_wconf 88' lang='lat' dir='ltr'><strong>est</strong></span> <span class='ocrx_word' id='word_1_424' title='bbox 2732 2542 3076 2604; x_wconf 81' lang='lat' dir='ltr'><strong>augmentum</strong></span> <span class='ocrx_word' id='word_1_425' title='bbox 3100 2533 3341 2589; x_wconf 81' lang='lat' dir='ltr'><strong>aﬂlictio—</strong></span> 
     </span>
    </p>
   </div>
   <div class='ocr_carea' id='block_1_55' title="bbox 1754 2624 3338 2694">
    <p class='ocr_par' dir='ltr' id='par_1_55' title="bbox 1754 2624 3338 2694">
     <span class='ocr_line' id='line_1_55' title="bbox 1754 2624 3338 2694; baseline 0.001 -15"><span class='ocrx_word' id='word_1_426' title='bbox 1754 2625 1878 2689; x_wconf 86' lang='lat' dir='ltr'><strong>nis,</strong></span> <span class='ocrx_word' id='word_1_427' title='bbox 1944 2624 2344 2678; x_wconf 84' lang='lat' dir='ltr'><strong>tribulationem</strong></span> <span class='ocrx_word' id='word_1_428' title='bbox 2402 2625 2651 2680; x_wconf 89' lang='lat' dir='ltr'><strong>videlicet</strong></span> <span class='ocrx_word' id='word_1_429' title='bbox 2715 2640 2877 2694; x_wconf 89' lang='lat' dir='ltr'><strong>super</strong></span> <span class='ocrx_word' id='word_1_430' title='bbox 2936 2624 3338 2680; x_wconf 89' lang='lat' dir='ltr'><strong>tribulationem</strong></span> 
     </span>
    </p>
   </div>
   <div class='ocr_carea' id='block_1_56' title="bbox 1760 2714 3329 2785">
    <p class='ocr_par' dir='ltr' id='par_1_56' title="bbox 1760 2714 3329 2785">
     <span class='ocr_line' id='line_1_56' title="bbox 1760 2714 3329 2785; baseline 0.001 -19"><span class='ocrx_word' id='word_1_431' title='bbox 1760 2734 1779 2766; x_wconf 71' lang='grc' dir='ltr'><strong><em>ι</em></strong></span> <span class='ocrx_word' id='word_1_432' title='bbox 1801 2715 1886 2769; x_wconf 91' lang='lat' dir='ltr'><strong>bis</strong></span> <span class='ocrx_word' id='word_1_433' title='bbox 1904 2716 1996 2784; x_wconf 91' lang='lat' dir='ltr'><strong>qui</strong></span> <span class='ocrx_word' id='word_1_434' title='bbox 2016 2714 2252 2784; x_wconf 86' lang='lat' dir='ltr'><strong>fugerint</strong></span> <span class='ocrx_word' id='word_1_435' title='bbox 2275 2715 2341 2769; x_wconf 89' lang='lat' dir='ltr'><strong>de</strong></span> <span class='ocrx_word' id='word_1_436' title='bbox 2354 2714 2508 2770; x_wconf 84' lang='lat' dir='ltr'><strong>Moab</strong></span> <span class='ocrx_word' id='word_1_437' title='bbox 2530 2715 2760 2779; x_wconf 89' lang='lat' dir='ltr'><strong>leonem,</strong></span> <span class='ocrx_word' id='word_1_438' title='bbox 2784 2726 2838 2769; x_wconf 93' lang='lat' dir='ltr'><strong>et</strong></span> <span class='ocrx_word' id='word_1_439' title='bbox 2861 2715 3100 2785; x_wconf 89' lang='lat' dir='ltr'><strong>reliquiis</strong></span> <span class='ocrx_word' id='word_1_440' title='bbox 3120 2724 3296 2772; x_wconf 65' lang='lat' dir='ltr'><strong>terrae.</strong></span> <span class='ocrx_word' id='word_1_441' title='bbox 3310 2735 3329 2767; x_wconf 73' lang='grc' dir='ltr'><strong><em>ι</em></strong></span> 
     </span>
    </p>
   </div>
   <div class='ocr_carea' id='block_1_57' title="bbox 1753 2805 3340 2875">
    <p class='ocr_par' dir='ltr' id='par_1_57' title="bbox 1753 2805 3340 2875">
     <span class='ocr_line' id='line_1_57' title="bbox 1753 2805 3340 2875; baseline 0.001 -16"><span class='ocrx_word' id='word_1_442' title='bbox 1753 2805 1908 2860; x_wconf 87' lang='lat' dir='ltr'><strong>Modo</strong></span> <span class='ocrx_word' id='word_1_443' title='bbox 1936 2807 2151 2875; x_wconf 83' lang='lat' dir='ltr'><strong>exponit</strong></span> <span class='ocrx_word' id='word_1_444' title='bbox 2183 2806 2323 2874; x_wconf 90' lang='lat' dir='ltr'><strong>quod</strong></span> <span class='ocrx_word' id='word_1_445' title='bbox 2353 2806 2776 2861; x_wconf 89' lang='lat' dir='ltr'><strong>additamentum</strong></span> <span class='ocrx_word' id='word_1_446' title='bbox 2800 2814 2984 2875; x_wconf 90' lang='lat' dir='ltr'><strong>ponat,</strong></span> <span class='ocrx_word' id='word_1_447' title='bbox 3019 2815 3077 2861; x_wconf 93' lang='lat' dir='ltr'><strong>et</strong></span> <span class='ocrx_word' id='word_1_448' title='bbox 3110 2806 3214 2861; x_wconf 84' lang='lat' dir='ltr'><strong>hoc</strong></span> <span class='ocrx_word' id='word_1_449' title='bbox 3254 2810 3340 2861; x_wconf 83' lang='lat' dir='ltr'><strong>est</strong></span> 
     </span>
    </p>
   </div>
   <div class='ocr_carea' id='block_1_58' title="bbox 1751 2894 3338 2966">
    <p class='ocr_par' dir='ltr' id='par_1_58' title="bbox 1751 2894 3338 2966">
     <span class='ocr_line' id='line_1_58' title="bbox 1751 2894 3338 2966; baseline 0.004 -18"><span class='ocrx_word' id='word_1_450' title='bbox 1751 2894 1981 2959; x_wconf 88' lang='lat' dir='ltr'><strong>leonem,</strong></span> <span class='ocrx_word' id='word_1_451' title='bbox 2024 2904 2077 2950; x_wconf 89' lang='lat' dir='ltr'><strong>et</strong></span> <span class='ocrx_word' id='word_1_452' title='bbox 2121 2897 2314 2965; x_wconf 88' lang='lat' dir='ltr'><strong>quibus</strong></span> <span class='ocrx_word' id='word_1_453' title='bbox 2354 2896 2482 2950; x_wconf 88' lang='lat' dir='ltr'><strong>illud</strong></span> <span class='ocrx_word' id='word_1_454' title='bbox 2528 2897 2790 2966; x_wconf 85' lang='lat' dir='ltr'><strong>imponat,</strong></span> <span class='ocrx_word' id='word_1_455' title='bbox 2833 2898 2917 2952; x_wconf 91' lang='lat' dir='ltr'><strong>bis</strong></span> <span class='ocrx_word' id='word_1_456' title='bbox 2961 2897 3207 2952; x_wconf 88' lang='lat' dir='ltr'><strong>videlicet</strong></span> <span class='ocrx_word' id='word_1_457' title='bbox 3244 2899 3338 2965; x_wconf 83' lang='lat' dir='ltr'><strong>qui</strong></span> 
     </span>
    </p>
   </div>
   <div class='ocr_carea' id='block_1_59' title="bbox 1749 2988 3337 3060">
    <p class='ocr_par' dir='ltr' id='par_1_59' title="bbox 1749 2988 3337 3060">
     <span class='ocr_line' id='line_1_59' title="bbox 1749 2988 3337 3060; baseline -0.001 -18"><span class='ocrx_word' id='word_1_458' title='bbox 1749 2988 2004 3060; x_wconf 81' lang='lat' dir='ltr'><strong>fugerunt</strong></span> <span class='ocrx_word' id='word_1_459' title='bbox 2029 2990 2097 3044; x_wconf 90' lang='lat' dir='ltr'><strong>de</strong></span> <span class='ocrx_word' id='word_1_460' title='bbox 2127 2989 2396 3055; x_wconf 86' lang='lat' dir='ltr'><strong>Moabitis,</strong></span> <span class='ocrx_word' id='word_1_461' title='bbox 2428 2998 2482 3045; x_wconf 89' lang='lat' dir='ltr'><strong>et</strong></span> <span class='ocrx_word' id='word_1_462' title='bbox 2509 2989 2754 3059; x_wconf 89' lang='lat' dir='ltr'><strong>reliquiis</strong></span> <span class='ocrx_word' id='word_1_463' title='bbox 2779 2999 2936 3044; x_wconf 78' lang='lat' dir='ltr'><strong>terra:</strong></span> <span class='ocrx_word' id='word_1_464' title='bbox 2962 3005 3082 3059; x_wconf 81' lang='lat' dir='ltr'><strong>quae</strong></span> <span class='ocrx_word' id='word_1_465' title='bbox 3119 2990 3337 3044; x_wconf 82' lang='lat' dir='ltr'><strong>reman-</strong></span> 
     </span>
    </p>
   </div>
   <div class='ocr_carea' id='block_1_60' title="bbox 1750 3080 3338 3152">
    <p class='ocr_par' dir='ltr' id='par_1_60' title="bbox 1750 3080 3338 3152">
     <span class='ocr_line' id='line_1_60' title="bbox 1750 3080 3338 3152; baseline -0.003 -15"><span class='ocrx_word' id='word_1_466' title='bbox 1750 3083 1935 3137; x_wconf 81' lang='lat' dir='ltr'><strong>serint.</strong></span> <span class='ocrx_word' id='word_1_467' title='bbox 1984 3080 2185 3135; x_wconf 86' lang='lat' dir='ltr'><strong>Ponaui</strong></span> <span class='ocrx_word' id='word_1_468' title='bbox 2230 3080 2447 3152; x_wconf 89' lang='lat' dir='ltr'><strong>(inquit)</strong></span> <span class='ocrx_word' id='word_1_469' title='bbox 2489 3094 2651 3151; x_wconf 87' lang='lat' dir='ltr'><strong>super</strong></span> <span class='ocrx_word' id='word_1_470' title='bbox 2688 3081 2917 3147; x_wconf 84' lang='lat' dir='ltr'><strong>Edibon,</strong></span> <span class='ocrx_word' id='word_1_471' title='bbox 2956 3081 3010 3134; x_wconf 88' lang='lat' dir='ltr'><strong>id</strong></span> <span class='ocrx_word' id='word_1_472' title='bbox 3052 3089 3138 3135; x_wconf 90' lang='lat' dir='ltr'><strong>est</strong></span> <span class='ocrx_word' id='word_1_473' title='bbox 3175 3093 3338 3148; x_wconf 87' lang='lat' dir='ltr'><strong>super</strong></span> 
     </span>
    </p>
   </div>
   <div class='ocr_carea' id='block_1_61' title="bbox 1750 3169 3334 3241">
    <p class='ocr_par' dir='ltr' id='par_1_61' title="bbox 1750 3169 3334 3241">
     <span class='ocr_line' id='line_1_61' title="bbox 1750 3169 3334 3241; baseline -0.001 -17"><span class='ocrx_word' id='word_1_474' title='bbox 1750 3171 2086 3225; x_wconf 87' lang='lat' dir='ltr'><strong>habitatores</strong></span> <span class='ocrx_word' id='word_1_475' title='bbox 2122 3172 2237 3241; x_wconf 88' lang='lat' dir='ltr'><strong>ejus</strong></span> <span class='ocrx_word' id='word_1_476' title='bbox 2267 3169 2607 3225; x_wconf 81' lang='lat' dir='ltr'><strong>aillictionem</strong></span> <span class='ocrx_word' id='word_1_477' title='bbox 2636 3188 2649 3224; x_wconf 92' lang='lat'><strong>:</strong></span> <span class='ocrx_word' id='word_1_478' title='bbox 2676 3180 2736 3224; x_wconf 93' lang='lat' dir='ltr'><strong>ut</strong></span> <span class='ocrx_word' id='word_1_479' title='bbox 2763 3171 2853 3239; x_wconf 89' lang='lat' dir='ltr'><strong>qui</strong></span> <span class='ocrx_word' id='word_1_480' title='bbox 2888 3169 3052 3225; x_wconf 89' lang='lat' dir='ltr'><strong>occisi</strong></span> <span class='ocrx_word' id='word_1_481' title='bbox 3075 3184 3180 3224; x_wconf 91' lang='lat' dir='ltr'><strong>non</strong></span> <span class='ocrx_word' id='word_1_482' title='bbox 3217 3169 3334 3223; x_wconf 86' lang='lat' dir='ltr'><strong>fue-</strong></span> 
     </span>
    </p>
   </div>
   <div class='ocr_carea' id='block_1_62' title="bbox 60 3246 3331 3343">
    <p class='ocr_par' dir='ltr' id='par_1_62' title="bbox 60 3246 3331 3343">
     <span class='ocr_line' id='line_1_62' title="bbox 60 3246 3331 3343; baseline -0.002 -11"><span class='ocrx_word' id='word_1_483' title='bbox 60 3277 199 3332; x_wconf 92' lang='lat' dir='ltr'><strong>dicit</strong></span> <span class='ocrx_word' id='word_1_484' title='bbox 220 3277 517 3343; x_wconf 88' lang='lat' dir='ltr'><strong>robustam,</strong></span> <span class='ocrx_word' id='word_1_485' title='bbox 545 3279 685 3333; x_wconf 86' lang='lat' dir='ltr'><strong>sicut</strong></span> <span class='ocrx_word' id='word_1_486' title='bbox 712 3278 883 3333; x_wconf 70' lang='lat' dir='ltr'><strong>solent</strong></span> <span class='ocrx_word' id='word_1_487' title='bbox 909 3276 1181 3338; x_wconf 86' lang='lat' dir='ltr'><strong>animalia,</strong></span> <span class='ocrx_word' id='word_1_488' title='bbox 1212 3276 1371 3328; x_wconf 87' lang='lat' dir='ltr'><strong>tertio</strong></span> <span class='ocrx_word' id='word_1_489' title='bbox 1391 3288 1534 3326; x_wconf 85' lang='lat' dir='ltr'><strong>anno</strong></span> <span class='ocrx_word' id='word_1_490' title='bbox 1562 3289 1647 3326; x_wconf 87' lang='lat' dir='ltr'><strong>ro-</strong></span> <span class='ocrx_word' id='word_1_491' title='bbox 1675 3246 1720 3307; x_wconf 69' lang='grc' dir='ltr'>Ο</span> <span class='ocrx_word' id='word_1_492' title='bbox 1752 3264 1864 3316; x_wconf 68' lang='lat' dir='ltr'><strong>Tim</strong></span> <span class='ocrx_word' id='word_1_493' title='bbox 1886 3263 2028 3316; x_wconf 64' lang='lat' dir='ltr'><strong>fame</strong></span> <span class='ocrx_word' id='word_1_494' title='bbox 2053 3262 2460 3330; x_wconf 59' lang='lat' dir='ltr'><strong>Ct-PeSlileﬂliav</strong></span> <span class='ocrx_word' id='word_1_495' title='bbox 2490 3272 2545 3316; x_wconf 80' lang='grc' dir='ltr'><strong>θι</strong></span> <span class='ocrx_word' id='word_1_496' title='bbox 2568 3262 2854 3316; x_wconf 72' lang='grc' dir='ltr'><strong>νοὶυθτιιυῑ</strong></span> <span class='ocrx_word' id='word_1_497' title='bbox 2881 3260 3088 3331; x_wconf 70' lang='lat' dir='ltr'><strong>facere.</strong></span> <span class='ocrx_word' id='word_1_498' title='bbox 3120 3261 3204 3315; x_wconf 68' lang='lat' dir='ltr'><strong>his</strong></span> <span class='ocrx_word' id='word_1_499' title='bbox 3238 3275 3331 3314; x_wconf 75' lang='grc' dir='ltr'><strong>δυ-</strong></span> 
     </span>
    </p>
   </div>
   <div class='ocr_carea' id='block_1_63' title="bbox 58 3363 1649 3432">
    <p class='ocr_par' dir='ltr' id='par_1_63' title="bbox 58 3363 1649 3432">
     <span class='ocr_line' id='line_1_63' title="bbox 58 3363 1649 3432; baseline -0.006 -6"><span class='ocrx_word' id='word_1_500' title='bbox 58 3370 378 3427; x_wconf 87' lang='lat' dir='ltr'><strong>bustissima</strong></span> <span class='ocrx_word' id='word_1_501' title='bbox 429 3385 547 3424; x_wconf 90' lang='lat' dir='ltr'><strong>esse</strong></span> <span class='ocrx_word' id='word_1_502' title='bbox 588 3388 601 3421; x_wconf 91' lang='lat'><strong>:</strong></span> <span class='ocrx_word' id='word_1_503' title='bbox 644 3378 700 3421; x_wconf 91' lang='lat' dir='ltr'><strong>ut</strong></span> <span class='ocrx_word' id='word_1_504' title='bbox 749 3369 908 3420; x_wconf 90' lang='lat' dir='ltr'><strong>homo</strong></span> <span class='ocrx_word' id='word_1_505' title='bbox 952 3366 1247 3419; x_wconf 85' lang='lat' dir='ltr'><strong>tricesimo.</strong></span> <span class='ocrx_word' id='word_1_506' title='bbox 1294 3363 1481 3418; x_wconf 86' lang='lat' dir='ltr'><strong>Potest</strong></span> <span class='ocrx_word' id='word_1_507' title='bbox 1523 3378 1649 3432; x_wconf 86' lang='lat' dir='ltr'><strong>ergo</strong></span> 
     </span>
    </p>
   </div>
   <div class='ocr_carea' id='block_1_64' title="bbox 61 3455 1649 3531">
    <p class='ocr_par' dir='ltr' id='par_1_64' title="bbox 61 3455 1649 3531">
     <span class='ocr_line' id='line_1_64' title="bbox 61 3455 1649 3531; baseline -0.006 -14"><span class='ocrx_word' id='word_1_508' title='bbox 61 3461 327 3531; x_wconf 87' lang='lat' dir='ltr'><strong>intelligi,</strong></span> <span class='ocrx_word' id='word_1_509' title='bbox 372 3462 498 3528; x_wconf 90' lang='lat' dir='ltr'><strong>quia</strong></span> <span class='ocrx_word' id='word_1_510' title='bbox 549 3459 839 3513; x_wconf 88' lang='lat' dir='ltr'><strong>mansisset</strong></span> <span class='ocrx_word' id='word_1_511' title='bbox 881 3456 1249 3510; x_wconf 88' lang='lat' dir='ltr'><strong>robustissima</strong></span> <span class='ocrx_word' id='word_1_512' title='bbox 1303 3456 1349 3508; x_wconf 90' lang='lat' dir='ltr'><strong>si</strong></span> <span class='ocrx_word' id='word_1_513' title='bbox 1397 3455 1649 3523; x_wconf 88' lang='lat' dir='ltr'><strong>deinceps</strong></span> 
     </span>
    </p>
   </div>
   <div class='ocr_carea' id='block_1_65' title="bbox 62 3547 1644 3621">
    <p class='ocr_par' dir='ltr' id='par_1_65' title="bbox 62 3547 1644 3621">
     <span class='ocr_line' id='line_1_65' title="bbox 62 3547 1644 3621; baseline -0.005 -12"><span class='ocrx_word' id='word_1_514' title='bbox 62 3570 173 3609; x_wconf 91' lang='lat' dir='ltr'><strong>non</strong></span> <span class='ocrx_word' id='word_1_515' title='bbox 212 3558 520 3621; x_wconf 85' lang='lat' dir='ltr'><strong>peccasset,</strong></span> <span class='ocrx_word' id='word_1_516' title='bbox 546 3558 830 3617; x_wconf 90' lang='lat' dir='ltr'><strong>postquam</strong></span> <span class='ocrx_word' id='word_1_517' title='bbox 866 3556 1084 3617; x_wconf 80' lang='lat' dir='ltr'><strong>pmpter</strong></span> <span class='ocrx_word' id='word_1_518' title='bbox 1120 3548 1254 3601; x_wconf 88' lang='lat' dir='ltr'><strong>Loth</strong></span> <span class='ocrx_word' id='word_1_519' title='bbox 1291 3547 1513 3601; x_wconf 87' lang='lat' dir='ltr'><strong>liberata</strong></span> <span class='ocrx_word' id='word_1_520' title='bbox 1544 3556 1644 3601; x_wconf 88' lang='lat' dir='ltr'><strong>est.</strong></span> 
     </span>
    </p>
   </div>
   <div class='ocr_carea' id='block_1_66' title="bbox 61 3639 1645 3711">
    <p class='ocr_par' dir='ltr' id='par_1_66' title="bbox 61 3639 1645 3711">
     <span class='ocr_line' id='line_1_66' title="bbox 61 3639 1645 3711; baseline -0.003 -11"><span class='ocrx_word' id='word_1_521' title='bbox 61 3645 174 3700; x_wconf 88' lang='lat' dir='ltr'><strong>Per</strong></span> <span class='ocrx_word' id='word_1_522' title='bbox 199 3650 384 3698; x_wconf 81' lang='lat' dir='ltr'><strong>vectes</strong></span> <span class='ocrx_word' id='word_1_523' title='bbox 418 3656 632 3711; x_wconf 90' lang='lat' dir='ltr'><strong>quoque</strong></span> <span class='ocrx_word' id='word_1_524' title='bbox 670 3640 884 3693; x_wconf 84' lang='lat' dir='ltr'><strong>termini</strong></span> <span class='ocrx_word' id='word_1_525' title='bbox 923 3648 975 3693; x_wconf 90' lang='lat' dir='ltr'><strong>et</strong></span> <span class='ocrx_word' id='word_1_526' title='bbox 1012 3639 1269 3693; x_wconf 76' lang='lat' dir='ltr'><strong>fortitudo</strong></span> <span class='ocrx_word' id='word_1_527' title='bbox 1317 3640 1645 3709; x_wconf 87' lang='lat' dir='ltr'><strong>intelligendi</strong></span> 
     </span>
    </p>
   </div>
   <div class='ocr_carea' id='block_1_67' title="bbox 65 3730 1649 3799">
    <p class='ocr_par' dir='ltr' id='par_1_67' title="bbox 65 3730 1649 3799">
     <span class='ocr_line' id='line_1_67' title="bbox 65 3730 1649 3799; baseline -0.003 -8"><span class='ocrx_word' id='word_1_528' title='bbox 65 3745 219 3799; x_wconf 89' lang='lat' dir='ltr'><strong>sunt,</strong></span> <span class='ocrx_word' id='word_1_529' title='bbox 242 3743 297 3790; x_wconf 91' lang='lat' dir='ltr'><strong>et</strong></span> <span class='ocrx_word' id='word_1_530' title='bbox 314 3742 396 3790; x_wconf 90' lang='lat' dir='ltr'><strong>est</strong></span> <span class='ocrx_word' id='word_1_531' title='bbox 418 3750 606 3789; x_wconf 89' lang='lat' dir='ltr'><strong>sensus</strong></span> <span class='ocrx_word' id='word_1_532' title='bbox 629 3752 641 3786; x_wconf 92' lang='lat'><strong>:</strong></span> <span class='ocrx_word' id='word_1_533' title='bbox 669 3733 858 3788; x_wconf 87' lang='lat' dir='ltr'><strong>Vectes</strong></span> <span class='ocrx_word' id='word_1_534' title='bbox 880 3734 994 3786; x_wconf 83' lang='lat' dir='ltr'><strong>sive</strong></span> <span class='ocrx_word' id='word_1_535' title='bbox 1014 3732 1227 3786; x_wconf 90' lang='lat' dir='ltr'><strong>termini</strong></span> <span class='ocrx_word' id='word_1_536' title='bbox 1252 3730 1427 3796; x_wconf 77' lang='lat' dir='ltr'><strong>Moab,</strong></span> <span class='ocrx_word' id='word_1_537' title='bbox 1450 3732 1649 3786; x_wconf 89' lang='lat' dir='ltr'><strong>deserti</strong></span> 
     </span>
    </p>
   </div>
   <div class='ocr_carea' id='block_1_68' title="bbox 65 3824 1650 3898">
    <p class='ocr_par' dir='ltr' id='par_1_68' title="bbox 65 3824 1650 3898">
     <span class='ocr_line' id='line_1_68' title="bbox 65 3824 1650 3898; baseline -0.003 -14"><span class='ocrx_word' id='word_1_538' title='bbox 65 3837 232 3886; x_wconf 89' lang='lat' dir='ltr'><strong>erunt</strong></span> <span class='ocrx_word' id='word_1_539' title='bbox 258 3841 426 3898; x_wconf 90' lang='lat' dir='ltr'><strong>usque</strong></span> <span class='ocrx_word' id='word_1_540' title='bbox 456 3828 523 3881; x_wconf 87' lang='lat' dir='ltr'><strong>ad</strong></span> <span class='ocrx_word' id='word_1_541' title='bbox 556 3825 728 3896; x_wconf 74' lang='lat' dir='ltr'><strong>Segor</strong></span> <span class='ocrx_word' id='word_1_542' title='bbox 760 3826 1026 3879; x_wconf 88' lang='lat' dir='ltr'><strong>civitatem</strong></span> <span class='ocrx_word' id='word_1_543' title='bbox 1066 3824 1117 3878; x_wconf 91' lang='lat' dir='ltr'><strong>in</strong></span> <span class='ocrx_word' id='word_1_544' title='bbox 1147 3825 1342 3879; x_wconf 82' lang='lat' dir='ltr'><strong>finibus</strong></span> <span class='ocrx_word' id='word_1_545' title='bbox 1369 3825 1485 3895; x_wconf 87' lang='lat' dir='ltr'><strong>ejus</strong></span> <span class='ocrx_word' id='word_1_546' title='bbox 1508 3826 1650 3893; x_wconf 89' lang='lat' dir='ltr'><strong>posi-</strong></span> 
     </span>
    </p>
   </div>
   <div class='ocr_carea' id='block_1_69' title="bbox 60 3917 1647 3988">
    <p class='ocr_par' dir='ltr' id='par_1_69' title="bbox 60 3917 1647 3988">
     <span class='ocr_line' id='line_1_69' title="bbox 60 3917 1647 3988; baseline -0.003 -13"><span class='ocrx_word' id='word_1_547' title='bbox 60 3931 198 3987; x_wconf 86' lang='lat' dir='ltr'><strong>tam,</strong></span> <span class='ocrx_word' id='word_1_548' title='bbox 227 3920 425 3973; x_wconf 90' lang='lat' dir='ltr'><strong>amisso</strong></span> <span class='ocrx_word' id='word_1_549' title='bbox 454 3927 509 3973; x_wconf 90' lang='lat' dir='ltr'><strong>et</strong></span> <span class='ocrx_word' id='word_1_550' title='bbox 526 3917 734 3988; x_wconf 89' lang='lat' dir='ltr'><strong>perdito</strong></span> <span class='ocrx_word' id='word_1_551' title='bbox 757 3918 902 3972; x_wconf 90' lang='lat' dir='ltr'><strong>omni</strong></span> <span class='ocrx_word' id='word_1_552' title='bbox 941 3917 1150 3971; x_wconf 89' lang='lat' dir='ltr'><strong>robore.</strong></span> <span class='ocrx_word' id='word_1_553' title='bbox 1187 3935 1204 3967; x_wconf 75' lang='grc' dir='ltr'>ι</span> <span class='ocrx_word' id='word_1_554' title='bbox 1240 3917 1341 3970; x_wconf 87' lang='lat' dir='ltr'><strong>Per</strong></span> <span class='ocrx_word' id='word_1_555' title='bbox 1365 3931 1647 3972; x_wconf 87' lang='lat' dir='ltr'><strong>ascensum</strong></span> 
     </span>
    </p>
   </div>
   <div class='ocr_carea' id='block_1_70' title="bbox 59 4008 1645 4079">
    <p class='ocr_par' dir='ltr' id='par_1_70' title="bbox 59 4008 1645 4079">
     <span class='ocr_line' id='line_1_70' title="bbox 59 4008 1645 4079; baseline -0.004 -10"><span class='ocrx_word' id='word_1_556' title='bbox 59 4013 209 4069; x_wconf 91' lang='lat' dir='ltr'><strong>enim</strong></span> <span class='ocrx_word' id='word_1_557' title='bbox 234 4012 393 4066; x_wconf 91' lang='lat' dir='ltr'><strong>Luith</strong></span> <span class='ocrx_word' id='word_1_558' title='bbox 423 4010 556 4067; x_wconf 84' lang='lat' dir='ltr'><strong>ﬂens</strong></span> <span class='ocrx_word' id='word_1_559' title='bbox 580 4009 863 4071; x_wconf 66' lang='lat' dir='ltr'><strong>ascendet,</strong></span> <span class='ocrx_word' id='word_1_560' title='bbox 883 4028 902 4060; x_wconf 76' lang='grc' dir='ltr'><strong><em>ι</em></strong></span> <span class='ocrx_word' id='word_1_561' title='bbox 929 4009 1183 4064; x_wconf 87' lang='lat' dir='ltr'><strong>subaudis</strong></span> <span class='ocrx_word' id='word_1_562' title='bbox 1205 4008 1383 4073; x_wconf 88' lang='lat' dir='ltr'><strong>Moab,</strong></span> <span class='ocrx_word' id='word_1_563' title='bbox 1408 4008 1459 4063; x_wconf 90' lang='lat' dir='ltr'><strong>in</strong></span> <span class='ocrx_word' id='word_1_564' title='bbox 1484 4010 1645 4079; x_wconf 61' lang='lat' dir='ltr'><strong>captio</strong></span> 
     </span>
    </p>
   </div>
   <div class='ocr_carea' id='block_1_71' title="bbox 60 4099 1644 4169">
    <p class='ocr_par' dir='ltr' id='par_1_71' title="bbox 60 4099 1644 4169">
     <span class='ocr_line' id='line_1_71' title="bbox 60 4099 1644 4169; baseline -0.003 -11"><span class='ocrx_word' id='word_1_565' title='bbox 60 4106 322 4169; x_wconf 86' lang='lat' dir='ltr'><strong>vitatem,</strong></span> <span class='ocrx_word' id='word_1_566' title='bbox 383 4123 402 4154; x_wconf 87' lang='grc'><em>‹</em></span> <span class='ocrx_word' id='word_1_567' title='bbox 432 4110 487 4157; x_wconf 88' lang='lat' dir='ltr'><strong>et</strong></span> <span class='ocrx_word' id='word_1_568' title='bbox 531 4103 585 4156; x_wconf 93' lang='lat' dir='ltr'><strong>in</strong></span> <span class='ocrx_word' id='word_1_569' title='bbox 627 4102 714 4155; x_wconf 92' lang='lat' dir='ltr'><strong>via</strong></span> <span class='ocrx_word' id='word_1_570' title='bbox 764 4100 1058 4155; x_wconf 86' lang='lat' dir='ltr'><strong>Horonaim</strong></span> <span class='ocrx_word' id='word_1_571' title='bbox 1103 4099 1394 4154; x_wconf 90' lang='lat' dir='ltr'><strong>clamorem</strong></span> <span class='ocrx_word' id='word_1_572' title='bbox 1440 4099 1644 4153; x_wconf 89' lang='lat' dir='ltr'><strong>contri-</strong></span> 
     </span>
    </p>
   </div>
   <div class='ocr_carea' id='block_1_72' title="bbox 62 4188 1645 4265">
    <p class='ocr_par' dir='ltr' id='par_1_72' title="bbox 62 4188 1645 4265">
     <span class='ocr_line' id='line_1_72' title="bbox 62 4188 1645 4265; baseline -0.004 -14"><span class='ocrx_word' id='word_1_573' title='bbox 62 4196 229 4251; x_wconf 91' lang='lat' dir='ltr'><strong>tionis</strong></span> <span class='ocrx_word' id='word_1_574' title='bbox 265 4214 284 4246; x_wconf 76' lang='grc' dir='ltr'><strong><em>ι</em></strong></span> <span class='ocrx_word' id='word_1_575' title='bbox 314 4194 427 4249; x_wconf 88' lang='lat' dir='ltr'><strong>sive</strong></span> <span class='ocrx_word' id='word_1_576' title='bbox 455 4191 781 4262; x_wconf 86' lang='lat' dir='ltr'><strong>captivitatis</strong></span> <span class='ocrx_word' id='word_1_577' title='bbox 823 4209 840 4241; x_wconf 76' lang='grc' dir='ltr'>ι</span> <span class='ocrx_word' id='word_1_578' title='bbox 873 4190 1127 4265; x_wconf 77' lang='lat' dir='ltr'><strong>levahunt</strong></span> <span class='ocrx_word' id='word_1_579' title='bbox 1160 4208 1178 4241; x_wconf 75' lang='grc' dir='ltr'><strong>ι</strong></span> <span class='ocrx_word' id='word_1_580' title='bbox 1212 4188 1455 4244; x_wconf 62' lang='lat' dir='ltr'><strong>Moabitae</strong></span> <span class='ocrx_word' id='word_1_581' title='bbox 1482 4189 1645 4244; x_wconf 89' lang='lat' dir='ltr'><strong>Luith</strong></span> 
     </span>
    </p>
   </div>
   <div class='ocr_carea' id='block_1_73' title="bbox 58 4280 1644 4352">
    <p class='ocr_par' dir='ltr' id='par_1_73' title="bbox 58 4280 1644 4352">
     <span class='ocr_line' id='line_1_73' title="bbox 58 4280 1644 4352; baseline -0.004 -9"><span class='ocrx_word' id='word_1_582' title='bbox 58 4287 235 4344; x_wconf 84' lang='lat' dir='ltr'><strong>clivus</strong></span> <span class='ocrx_word' id='word_1_583' title='bbox 271 4295 354 4342; x_wconf 91' lang='lat' dir='ltr'><strong>est</strong></span> <span class='ocrx_word' id='word_1_584' title='bbox 391 4286 444 4339; x_wconf 92' lang='lat' dir='ltr'><strong>in</strong></span> <span class='ocrx_word' id='word_1_585' title='bbox 500 4285 693 4340; x_wconf 90' lang='lat' dir='ltr'><strong>itinere</strong></span> <span class='ocrx_word' id='word_1_586' title='bbox 753 4298 849 4352; x_wconf 89' lang='lat' dir='ltr'><strong>per</strong></span> <span class='ocrx_word' id='word_1_587' title='bbox 884 4282 1131 4352; x_wconf 84' lang='lat' dir='ltr'><strong>gentibus</strong></span> <span class='ocrx_word' id='word_1_588' title='bbox 1170 4281 1435 4352; x_wconf 73' lang='lat' dir='ltr'><strong>Assyriis,</strong></span> <span class='ocrx_word' id='word_1_589' title='bbox 1474 4280 1644 4336; x_wconf 84' lang='lat' dir='ltr'><strong>Horo-</strong></span> 
     </span>
    </p>
   </div>
   <div class='ocr_carea' id='block_1_74' title="bbox 59 4369 1643 4441">
    <p class='ocr_par' dir='ltr' id='par_1_74' title="bbox 59 4369 1643 4441">
     <span class='ocr_line' id='line_1_74' title="bbox 59 4369 1643 4441; baseline -0.006 -8"><span class='ocrx_word' id='word_1_590' title='bbox 59 4380 208 4433; x_wconf 88' lang='lat' dir='ltr'><strong>naim</strong></span> <span class='ocrx_word' id='word_1_591' title='bbox 249 4377 438 4431; x_wconf 89' lang='lat' dir='ltr'><strong>civitas</strong></span> <span class='ocrx_word' id='word_1_592' title='bbox 476 4384 561 4430; x_wconf 89' lang='lat' dir='ltr'><strong>est</strong></span> <span class='ocrx_word' id='word_1_593' title='bbox 602 4373 757 4429; x_wconf 85' lang='lat' dir='ltr'><strong>Moab</strong></span> <span class='ocrx_word' id='word_1_594' title='bbox 797 4379 979 4428; x_wconf 90' lang='lat' dir='ltr'><strong>contra</strong></span> <span class='ocrx_word' id='word_1_595' title='bbox 1022 4371 1289 4441; x_wconf 84' lang='lat' dir='ltr'><strong>Assyrios.</strong></span> <span class='ocrx_word' id='word_1_596' title='bbox 1330 4369 1464 4424; x_wconf 91' lang='lat' dir='ltr'><strong>Dum</strong></span> <span class='ocrx_word' id='word_1_597' title='bbox 1501 4370 1643 4424; x_wconf 88' lang='lat' dir='ltr'><strong>enim</strong></span> 
     </span>
    </p>
   </div>
   <div class='ocr_carea' id='block_1_75' title="bbox 59 4461 1641 4534">
    <p class='ocr_par' dir='ltr' id='par_1_75' title="bbox 59 4461 1641 4534">
     <span class='ocr_line' id='line_1_75' title="bbox 59 4461 1641 4534; baseline -0.008 -9"><span class='ocrx_word' id='word_1_598' title='bbox 59 4471 400 4525; x_wconf 87' lang='lat' dir='ltr'><strong>ducebantur</strong></span> <span class='ocrx_word' id='word_1_599' title='bbox 434 4467 679 4521; x_wconf 70' lang='lat' dir='ltr'><strong>Moabitze</strong></span> <span class='ocrx_word' id='word_1_600' title='bbox 707 4464 904 4534; x_wconf 90' lang='lat' dir='ltr'><strong>captivi</strong></span> <span class='ocrx_word' id='word_1_601' title='bbox 935 4464 986 4517; x_wconf 90' lang='lat' dir='ltr'><strong>in</strong></span> <span class='ocrx_word' id='word_1_602' title='bbox 1028 4462 1278 4532; x_wconf 79' lang='lat' dir='ltr'><strong>Assyrios</strong></span> <span class='ocrx_word' id='word_1_603' title='bbox 1318 4476 1415 4530; x_wconf 89' lang='lat' dir='ltr'><strong>per</strong></span> <span class='ocrx_word' id='word_1_604' title='bbox 1448 4461 1641 4516; x_wconf 85' lang='lat' dir='ltr'><strong>clivum</strong></span> 
     </span>
    </p>
   </div>
   <div class='ocr_carea' id='block_1_76' title="bbox 1748 3351 3328 3421">
    <p class='ocr_par' dir='ltr' id='par_1_76' title="bbox 1748 3351 3328 3421">
     <span class='ocr_line' id='line_1_76' title="bbox 1748 3351 3328 3421; baseline -0.001 -15"><span class='ocrx_word' id='word_1_605' title='bbox 1748 3353 2030 3421; x_wconf 86' lang='lat' dir='ltr'><strong>perveniat</strong></span> <span class='ocrx_word' id='word_1_606' title='bbox 2081 3352 2198 3416; x_wconf 91' lang='lat' dir='ltr'><strong>leo,</strong></span> <span class='ocrx_word' id='word_1_607' title='bbox 2238 3354 2340 3406; x_wconf 92' lang='lat' dir='ltr'><strong>hoc</strong></span> <span class='ocrx_word' id='word_1_608' title='bbox 2374 3361 2457 3406; x_wconf 82' lang='lat' dir='ltr'><strong>est</strong></span> <span class='ocrx_word' id='word_1_609' title='bbox 2500 3361 2877 3421; x_wconf 88' lang='lat' dir='ltr'><strong>persecutores</strong></span> <span class='ocrx_word' id='word_1_610' title='bbox 2928 3352 3196 3416; x_wconf 90' lang='lat' dir='ltr'><strong>hostium,</strong></span> <span class='ocrx_word' id='word_1_611' title='bbox 3241 3351 3328 3413; x_wconf 86' lang='lat' dir='ltr'><strong>vel</strong></span> 
     </span>
    </p>
   </div>
   <div class='ocr_carea' id='block_1_77' title="bbox 1749 3440 3333 3510">
    <p class='ocr_par' dir='ltr' id='par_1_77' title="bbox 1749 3440 3333 3510">
     <span class='ocr_line' id='line_1_77' title="bbox 1749 3440 3333 3510; baseline 0.001 -14"><span class='ocrx_word' id='word_1_612' title='bbox 1749 3441 1933 3496; x_wconf 79' lang='lat' dir='ltr'><strong>bestia:</strong></span> <span class='ocrx_word' id='word_1_613' title='bbox 1973 3440 2180 3496; x_wconf 87' lang='lat' dir='ltr'><strong>feroces</strong></span> <span class='ocrx_word' id='word_1_614' title='bbox 2208 3457 2326 3510; x_wconf 64' lang='lat' dir='ltr'><strong>qua:</strong></span> <span class='ocrx_word' id='word_1_615' title='bbox 2352 3457 2443 3497; x_wconf 88' lang='lat' dir='ltr'><strong>eos</strong></span> <span class='ocrx_word' id='word_1_616' title='bbox 2481 3443 2754 3498; x_wconf 85' lang='lat' dir='ltr'><strong>devorent.</strong></span> <span class='ocrx_word' id='word_1_617' title='bbox 2801 3444 2861 3496; x_wconf 82' lang='lat' dir='ltr'><strong>Et</strong></span> <span class='ocrx_word' id='word_1_618' title='bbox 2900 3459 3007 3497; x_wconf 92' lang='lat' dir='ltr'><strong>non</strong></span> <span class='ocrx_word' id='word_1_619' title='bbox 3040 3443 3214 3497; x_wconf 87' lang='lat' dir='ltr'><strong>solum</strong></span> <span class='ocrx_word' id='word_1_620' title='bbox 3246 3442 3333 3498; x_wconf 87' lang='lat' dir='ltr'><strong>bis</strong></span> 
     </span>
    </p>
   </div>
   <div class='ocr_carea' id='block_1_78' title="bbox 1750 3534 3331 3605">
    <p class='ocr_par' dir='ltr' id='par_1_78' title="bbox 1750 3534 3331 3605">
     <span class='ocr_line' id='line_1_78' title="bbox 1750 3534 3331 3605; baseline 0.001 -16"><span class='ocrx_word' id='word_1_621' title='bbox 1750 3535 1841 3604; x_wconf 91' lang='lat' dir='ltr'><strong>qui</strong></span> <span class='ocrx_word' id='word_1_622' title='bbox 1883 3534 2139 3605; x_wconf 80' lang='lat' dir='ltr'><strong>fugerint,</strong></span> <span class='ocrx_word' id='word_1_623' title='bbox 2174 3536 2267 3591; x_wconf 87' lang='lat' dir='ltr'><strong>sed</strong></span> <span class='ocrx_word' id='word_1_624' title='bbox 2301 3537 2460 3591; x_wconf 87' lang='lat' dir='ltr'><strong>etiam</strong></span> <span class='ocrx_word' id='word_1_625' title='bbox 2495 3546 2655 3589; x_wconf 53' lang='lat' dir='ltr'><strong>terras</strong></span> <span class='ocrx_word' id='word_1_626' title='bbox 2676 3551 2795 3605; x_wconf 75' lang='lat' dir='ltr'><strong>qua:</strong></span> <span class='ocrx_word' id='word_1_627' title='bbox 2822 3536 3201 3602; x_wconf 85' lang='lat' dir='ltr'><strong>remanserint,</strong></span> <span class='ocrx_word' id='word_1_628' title='bbox 3228 3534 3331 3591; x_wconf 85' lang='lat' dir='ltr'><strong>im-</strong></span> 
     </span>
    </p>
   </div>
   <div class='ocr_carea' id='block_1_79' title="bbox 1748 3625 3331 3694">
    <p class='ocr_par' dir='ltr' id='par_1_79' title="bbox 1748 3625 3331 3694">
     <span class='ocr_line' id='line_1_79' title="bbox 1748 3625 3331 3694; baseline 0.002 -15"><span class='ocrx_word' id='word_1_629' title='bbox 1748 3625 1961 3679; x_wconf 88' lang='lat' dir='ltr'><strong>mittam</strong></span> <span class='ocrx_word' id='word_1_630' title='bbox 2000 3634 2369 3694; x_wconf 87' lang='lat' dir='ltr'><strong>persecutores</strong></span> <span class='ocrx_word' id='word_1_631' title='bbox 2398 3625 2676 3681; x_wconf 73' lang='lat' dir='ltr'><strong>Chaldzeos</strong></span> <span class='ocrx_word' id='word_1_632' title='bbox 2704 3626 2788 3681; x_wconf 90' lang='lat' dir='ltr'><strong>vel</strong></span> <span class='ocrx_word' id='word_1_633' title='bbox 2814 3640 3003 3681; x_wconf 87' lang='lat' dir='ltr'><strong>revera</strong></span> <span class='ocrx_word' id='word_1_634' title='bbox 3026 3627 3225 3693; x_wconf 86' lang='lat' dir='ltr'><strong>leones,</strong></span> <span class='ocrx_word' id='word_1_635' title='bbox 3252 3626 3331 3682; x_wconf 85' lang='lat' dir='ltr'><strong>fe-</strong></span> 
     </span>
    </p>
   </div>
   <div class='ocr_carea' id='block_1_80' title="bbox 1748 3718 2261 3787">
    <p class='ocr_par' dir='ltr' id='par_1_80' title="bbox 1748 3718 2261 3787">
     <span class='ocr_line' id='line_1_80' title="bbox 1748 3718 2261 3787; baseline 0 -16"><span class='ocrx_word' id='word_1_636' title='bbox 1748 3730 2012 3787; x_wconf 88' lang='lat' dir='ltr'><strong>rocesque</strong></span> <span class='ocrx_word' id='word_1_637' title='bbox 2043 3718 2261 3773; x_wconf 86' lang='lat' dir='ltr'><strong>bestias.</strong></span> 
     </span>
    </p>
   </div>
   <div class='ocr_carea' id='block_1_81' title="bbox 2342 3871 2742 3930">
    <p class='ocr_par' dir='ltr' id='par_1_81' title="bbox 2342 3871 2742 3930">
     <span class='ocr_line' id='line_1_81' title="bbox 2342 3871 2742 3930; baseline 0 0"><span class='ocrx_word' id='word_1_638' title='bbox 2342 3871 2569 3930; x_wconf 84' lang='lat' dir='ltr'><strong>CAPUT</strong></span> <span class='ocrx_word' id='word_1_639' title='bbox 2607 3872 2742 3930; x_wconf 84' lang='lat' dir='ltr'><strong>XVI.</strong></span> 
     </span>
    </p>
   </div>
   <div class='ocr_carea' id='block_1_82' title="bbox 1824 4014 3325 4086">
    <p class='ocr_par' dir='ltr' id='par_1_82' title="bbox 1824 4014 3325 4086">
     <span class='ocr_line' id='line_1_82' title="bbox 1824 4014 3325 4086; baseline 0.001 -20"><span class='ocrx_word' id='word_1_640' title='bbox 1824 4033 1842 4066; x_wconf 82' lang='grc'><strong>‹</strong></span> <span class='ocrx_word' id='word_1_641' title='bbox 1880 4014 2081 4069; x_wconf 88' lang='lat' dir='ltr'><strong>Emitte</strong></span> <span class='ocrx_word' id='word_1_642' title='bbox 2104 4029 2323 4086; x_wconf 88' lang='lat' dir='ltr'><strong>agnum,</strong></span> <span class='ocrx_word' id='word_1_643' title='bbox 2357 4014 2605 4082; x_wconf 84' lang='lat' dir='ltr'><strong>Domine,</strong></span> <span class='ocrx_word' id='word_1_644' title='bbox 2634 4014 3027 4070; x_wconf 86' lang='lat' dir='ltr'><strong>dominatorem</strong></span> <span class='ocrx_word' id='word_1_645' title='bbox 3056 4022 3235 4079; x_wconf 81' lang='lat' dir='ltr'><strong>teme,</strong></span> <span class='ocrx_word' id='word_1_646' title='bbox 3260 4015 3325 4069; x_wconf 89' lang='lat' dir='ltr'><strong>de</strong></span> 
     </span>
    </p>
   </div>
   <div class='ocr_carea' id='block_1_83' title="bbox 1744 4106 3319 4177">
    <p class='ocr_par' dir='ltr' id='par_1_83' title="bbox 1744 4106 3319 4177">
     <span class='ocr_line' id='line_1_83' title="bbox 1744 4106 3319 4177; baseline 0.001 -17"><span class='ocrx_word' id='word_1_647' title='bbox 1744 4113 1894 4176; x_wconf 87' lang='lat' dir='ltr'><strong>petra</strong></span> <span class='ocrx_word' id='word_1_648' title='bbox 1926 4106 2125 4161; x_wconf 89' lang='lat' dir='ltr'><strong>deserti</strong></span> <span class='ocrx_word' id='word_1_649' title='bbox 2155 4107 2220 4162; x_wconf 90' lang='lat' dir='ltr'><strong>ad</strong></span> <span class='ocrx_word' id='word_1_650' title='bbox 2251 4116 2487 4162; x_wconf 87' lang='lat' dir='ltr'><strong>montem</strong></span> <span class='ocrx_word' id='word_1_651' title='bbox 2533 4107 2654 4162; x_wconf 68' lang='lat' dir='ltr'><strong>filiae</strong></span> <span class='ocrx_word' id='word_1_652' title='bbox 2684 4107 2831 4162; x_wconf 88' lang='lat' dir='ltr'><strong>Sion.</strong></span> <span class='ocrx_word' id='word_1_653' title='bbox 2877 4127 2895 4159; x_wconf 76' lang='grc' dir='ltr'><strong>ι</strong></span> <span class='ocrx_word' id='word_1_654' title='bbox 2942 4106 3146 4163; x_wconf 81' lang='lat' dir='ltr'><strong>idcirco</strong></span> <span class='ocrx_word' id='word_1_655' title='bbox 3191 4122 3319 4177; x_wconf 91' lang='lat' dir='ltr'><strong>pro-</strong></span> 
     </span>
    </p>
   </div>
   <div class='ocr_carea' id='block_1_84' title="bbox 1743 4198 3323 4271">
    <p class='ocr_par' dir='ltr' id='par_1_84' title="bbox 1743 4198 3323 4271">
     <span class='ocr_line' id='line_1_84' title="bbox 1743 4198 3323 4271; baseline 0 -18"><span class='ocrx_word' id='word_1_656' title='bbox 1743 4200 1920 4269; x_wconf 67' lang='lat' dir='ltr'><strong>phetae</strong></span> <span class='ocrx_word' id='word_1_657' title='bbox 1949 4198 2187 4254; x_wconf 74' lang='lat' dir='ltr'><strong>difﬁciles</strong></span> <span class='ocrx_word' id='word_1_658' title='bbox 2234 4208 2360 4255; x_wconf 93' lang='lat' dir='ltr'><strong>sunt</strong></span> <span class='ocrx_word' id='word_1_659' title='bbox 2402 4202 2468 4255; x_wconf 90' lang='lat' dir='ltr'><strong>ad</strong></span> <span class='ocrx_word' id='word_1_660' title='bbox 2515 4198 2941 4271; x_wconf 82' lang='lat' dir='ltr'><strong>intelligendum,</strong></span> <span class='ocrx_word' id='word_1_661' title='bbox 2989 4200 3114 4271; x_wconf 89' lang='lat' dir='ltr'><strong>quia</strong></span> <span class='ocrx_word' id='word_1_662' title='bbox 3148 4199 3323 4254; x_wconf 83' lang='lat' dir='ltr'><strong>subito</strong></span> 
     </span>
    </p>
   </div>
   <div class='ocr_carea' id='block_1_85' title="bbox 1744 4290 3324 4362">
    <p class='ocr_par' dir='ltr' id='par_1_85' title="bbox 1744 4290 3324 4362">
     <span class='ocr_line' id='line_1_85' title="bbox 1744 4290 3324 4362; baseline 0.001 -17"><span class='ocrx_word' id='word_1_663' title='bbox 1744 4298 1957 4345; x_wconf 89' lang='lat' dir='ltr'><strong>mutant</strong></span> <span class='ocrx_word' id='word_1_664' title='bbox 2003 4306 2265 4361; x_wconf 82' lang='lat' dir='ltr'><strong>personas</strong></span> <span class='ocrx_word' id='word_1_665' title='bbox 2291 4299 2346 4345; x_wconf 92' lang='lat' dir='ltr'><strong>et</strong></span> <span class='ocrx_word' id='word_1_666' title='bbox 2384 4300 2625 4362; x_wconf 89' lang='lat' dir='ltr'><strong>tempora</strong></span> <span class='ocrx_word' id='word_1_667' title='bbox 2679 4310 2691 4345; x_wconf 91' lang='lat'><strong>:</strong></span> <span class='ocrx_word' id='word_1_668' title='bbox 2726 4301 2778 4345; x_wconf 90' lang='lat' dir='ltr'><strong>et</strong></span> <span class='ocrx_word' id='word_1_669' title='bbox 2818 4291 2943 4345; x_wconf 91' lang='lat' dir='ltr'><strong>dum</strong></span> <span class='ocrx_word' id='word_1_670' title='bbox 2984 4291 3049 4345; x_wconf 90' lang='lat' dir='ltr'><strong>de</strong></span> <span class='ocrx_word' id='word_1_671' title='bbox 3096 4306 3201 4345; x_wconf 90' lang='lat' dir='ltr'><strong>una</strong></span> <span class='ocrx_word' id='word_1_672' title='bbox 3246 4290 3324 4347; x_wconf 81' lang='lat' dir='ltr'><strong>lo-</strong></span> 
     </span>
    </p>
   </div>
   <div class='ocr_carea' id='block_1_86' title="bbox 1746 4381 3319 4455">
    <p class='ocr_par' dir='ltr' id='par_1_86' title="bbox 1746 4381 3319 4455">
     <span class='ocr_line' id='line_1_86' title="bbox 1746 4381 3319 4455; baseline 0.001 -18"><span class='ocrx_word' id='word_1_673' title='bbox 1746 4393 2003 4455; x_wconf 90' lang='lat' dir='ltr'><strong>quuntur,</strong></span> <span class='ocrx_word' id='word_1_674' title='bbox 2035 4384 2211 4439; x_wconf 88' lang='lat' dir='ltr'><strong>subito</strong></span> <span class='ocrx_word' id='word_1_675' title='bbox 2238 4392 2518 4438; x_wconf 89' lang='lat' dir='ltr'><strong>transeunt</strong></span> <span class='ocrx_word' id='word_1_676' title='bbox 2565 4383 2633 4438; x_wconf 90' lang='lat' dir='ltr'><strong>ad</strong></span> <span class='ocrx_word' id='word_1_677' title='bbox 2680 4383 2862 4437; x_wconf 88' lang='lat' dir='ltr'><strong>aliam.</strong></span> <span class='ocrx_word' id='word_1_678' title='bbox 2892 4381 3030 4437; x_wconf 92' lang='lat' dir='ltr'><strong>Dum</strong></span> <span class='ocrx_word' id='word_1_679' title='bbox 3059 4382 3200 4437; x_wconf 94' lang='lat' dir='ltr'><strong>enim</strong></span> <span class='ocrx_word' id='word_1_680' title='bbox 3244 4382 3319 4438; x_wconf 54' lang='lat' dir='ltr'><strong>lo.</strong></span> 
     </span>
    </p>
   </div>
   <div class='ocr_carea' id='block_1_87' title="bbox 1746 4474 3324 4545">
    <p class='ocr_par' dir='ltr' id='par_1_87' title="bbox 1746 4474 3324 4545">
     <span class='ocr_line' id='line_1_87' title="bbox 1746 4474 3324 4545; baseline 0 -16"><span class='ocrx_word' id='word_1_681' title='bbox 1746 4483 2003 4545; x_wconf 81' lang='lat' dir='ltr'><strong>queretur</strong></span> <span class='ocrx_word' id='word_1_682' title='bbox 2055 4475 2316 4544; x_wconf 84' lang='lat' dir='ltr'><strong>propheta</strong></span> <span class='ocrx_word' id='word_1_683' title='bbox 2350 4475 2517 4530; x_wconf 86' lang='lat' dir='ltr'><strong>lsaias</strong></span> <span class='ocrx_word' id='word_1_684' title='bbox 2547 4474 2613 4530; x_wconf 91' lang='lat' dir='ltr'><strong>de</strong></span> <span class='ocrx_word' id='word_1_685' title='bbox 2639 4474 2950 4543; x_wconf 84' lang='lat' dir='ltr'><strong>captivitate</strong></span> <span class='ocrx_word' id='word_1_686' title='bbox 2991 4482 3046 4529; x_wconf 92' lang='lat' dir='ltr'><strong>ct</strong></span> <span class='ocrx_word' id='word_1_687' title='bbox 3089 4475 3324 4530; x_wconf 90' lang='lat' dir='ltr'><strong>miseriis</strong></span> 
     </span>
    </p>
   </div>
   <div class='ocr_carea' id='block_1_88' title="bbox 58 4552 1652 4652">
    <p class='ocr_par' dir='ltr' id='par_1_88' title="bbox 58 4552 1639 4630">
     <span class='ocr_line' id='line_1_88' title="bbox 58 4552 1639 4630; baseline -0.007 -14"><span class='ocrx_word' id='word_1_688' title='bbox 58 4561 222 4616; x_wconf 90' lang='lat' dir='ltr'><strong>Luith</strong></span> <span class='ocrx_word' id='word_1_689' title='bbox 252 4568 305 4615; x_wconf 90' lang='lat' dir='ltr'><strong>et</strong></span> <span class='ocrx_word' id='word_1_690' title='bbox 342 4575 438 4630; x_wconf 90' lang='lat' dir='ltr'><strong>per</strong></span> <span class='ocrx_word' id='word_1_691' title='bbox 465 4559 737 4612; x_wconf 89' lang='lat' dir='ltr'><strong>civitatem</strong></span> <span class='ocrx_word' id='word_1_692' title='bbox 767 4572 917 4611; x_wconf 89' lang='lat' dir='ltr'><strong>suam</strong></span> <span class='ocrx_word' id='word_1_693' title='bbox 952 4553 1246 4607; x_wconf 89' lang='lat' dir='ltr'><strong>Iloronaim</strong></span> <span class='ocrx_word' id='word_1_694' title='bbox 1280 4553 1456 4607; x_wconf 82' lang='lat' dir='ltr'><strong>ﬂendo</strong></span> <span class='ocrx_word' id='word_1_695' title='bbox 1491 4552 1639 4606; x_wconf 86' lang='lat' dir='ltr'><strong>ince-</strong></span> 
     </span>
    </p>
   </div>
   <div class='ocr_carea' id='block_1_89' title="bbox 1758 4552 3322 4652">
    <p class='ocr_par' dir='ltr' id='par_1_89' title="bbox 1758 4563 3322 4631">
     <span class='ocr_line' id='line_1_89' title="bbox 1758 4563 3322 4631; baseline -0.002 -12"><span class='ocrx_word' id='word_1_696' title='bbox 1758 4566 1936 4631; x_wconf 65' lang='lat' dir='ltr'><strong>iloab,</strong></span> <span class='ocrx_word' id='word_1_697' title='bbox 1990 4566 2167 4621; x_wconf 84' lang='lat' dir='ltr'><strong>subite</strong></span> <span class='ocrx_word' id='word_1_698' title='bbox 2217 4567 2269 4619; x_wconf 93' lang='lat' dir='ltr'><strong>in</strong></span> <span class='ocrx_word' id='word_1_699' title='bbox 2320 4566 2497 4621; x_wconf 86' lang='lat' dir='ltr'><strong>medio</strong></span> <span class='ocrx_word' id='word_1_700' title='bbox 2551 4580 2798 4620; x_wconf 90' lang='lat' dir='ltr'><strong>sermone</strong></span> <span class='ocrx_word' id='word_1_701' title='bbox 2836 4565 3062 4620; x_wconf 89' lang='lat' dir='ltr'><strong>tetendit</strong></span> <span class='ocrx_word' id='word_1_702' title='bbox 3104 4563 3322 4619; x_wconf 91' lang='lat' dir='ltr'><strong>oculum</strong></span> 
     </span>
    </p>
   </div>
   <div class='ocr_carea' id='block_1_90' title="bbox 59 4646 1192 4718">
    <p class='ocr_par' dir='ltr' id='par_1_90' title="bbox 59 4646 1192 4718">
     <span class='ocr_line' id='line_1_90' title="bbox 59 4646 1192 4718; baseline -0.01 -10"><span class='ocrx_word' id='word_1_703' title='bbox 59 4654 289 4718; x_wconf 86' lang='lat' dir='ltr'><strong>debant,</strong></span> <span class='ocrx_word' id='word_1_704' title='bbox 319 4662 374 4708; x_wconf 89' lang='lat' dir='ltr'><strong>et</strong></span> <span class='ocrx_word' id='word_1_705' title='bbox 401 4652 688 4705; x_wconf 87' lang='lat' dir='ltr'><strong>clamorem</strong></span> <span class='ocrx_word' id='word_1_706' title='bbox 724 4648 898 4704; x_wconf 87' lang='lat' dir='ltr'><strong>luctus</strong></span> <span class='ocrx_word' id='word_1_707' title='bbox 926 4646 1192 4701; x_wconf 87' lang='lat' dir='ltr'><strong>levabant.</strong></span> 
     </span>
    </p>
   </div>
   <div class='ocr_carea' id='block_1_91' title="bbox 137 4737 1639 4816">
    <p class='ocr_par' dir='ltr' id='par_1_91' title="bbox 137 4737 1639 4816">
     <span class='ocr_line' id='line_1_91' title="bbox 137 4737 1639 4816; baseline -0.007 -16"><span class='ocrx_word' id='word_1_708' title='bbox 137 4767 159 4800; x_wconf 71' lang='grc' dir='ltr'>ι</span> <span class='ocrx_word' id='word_1_709' title='bbox 178 4747 345 4816; x_wconf 63' lang='lat' dir='ltr'><strong>Aquae</strong></span> <span class='ocrx_word' id='word_1_710' title='bbox 363 4746 504 4800; x_wconf 91' lang='lat' dir='ltr'><strong>enim</strong></span> <span class='ocrx_word' id='word_1_711' title='bbox 528 4741 693 4798; x_wconf 91' lang='lat' dir='ltr'><strong>Menri</strong></span> <span class='ocrx_word' id='word_1_712' title='bbox 722 4742 948 4795; x_wconf 68' lang='lat' dir='ltr'><strong>deserta:</strong></span> <span class='ocrx_word' id='word_1_713' title='bbox 974 4747 1151 4803; x_wconf 90' lang='lat' dir='ltr'><strong>erunt,</strong></span> <span class='ocrx_word' id='word_1_714' title='bbox 1168 4737 1293 4807; x_wconf 89' lang='lat' dir='ltr'><strong>quia</strong></span> <span class='ocrx_word' id='word_1_715' title='bbox 1314 4738 1453 4791; x_wconf 92' lang='lat' dir='ltr'><strong>aruit</strong></span> <span class='ocrx_word' id='word_1_716' title='bbox 1475 4738 1639 4791; x_wconf 89' lang='lat' dir='ltr'><strong>herba</strong></span> 
     </span>
    </p>
   </div>
   <div class='ocr_carea' id='block_1_92' title="bbox 59 4828 1641 4910">
    <p class='ocr_par' dir='ltr' id='par_1_92' title="bbox 59 4828 1641 4910">
     <span class='ocr_line' id='line_1_92' title="bbox 59 4828 1641 4910; baseline -0.009 -14"><span class='ocrx_word' id='word_1_717' title='bbox 59 4849 117 4897; x_wconf 88' lang='lat' dir='ltr'><strong>et</strong></span> <span class='ocrx_word' id='word_1_718' title='bbox 144 4840 341 4896; x_wconf 84' lang='lat' dir='ltr'><strong>defecit</strong></span> <span class='ocrx_word' id='word_1_719' title='bbox 366 4853 605 4910; x_wconf 86' lang='lat' dir='ltr'><strong>germen,</strong></span> <span class='ocrx_word' id='word_1_720' title='bbox 633 4836 781 4889; x_wconf 91' lang='lat' dir='ltr'><strong>viror</strong></span> <span class='ocrx_word' id='word_1_721' title='bbox 797 4833 972 4887; x_wconf 83' lang='lat' dir='ltr'><strong>omnis</strong></span> <span class='ocrx_word' id='word_1_722' title='bbox 1001 4832 1220 4885; x_wconf 89' lang='lat' dir='ltr'><strong>interiit.</strong></span> <span class='ocrx_word' id='word_1_723' title='bbox 1252 4851 1269 4883; x_wconf 80' lang='grc' dir='ltr'><strong><em>ι</em></strong></span> <span class='ocrx_word' id='word_1_724' title='bbox 1301 4829 1467 4884; x_wconf 84' lang='lat' dir='ltr'><strong>Menri</strong></span> <span class='ocrx_word' id='word_1_725' title='bbox 1491 4828 1641 4898; x_wconf 84' lang='lat' dir='ltr'><strong>Oppi-</strong></span> 
     </span>
    </p>
   </div>
   <div class='ocr_carea' id='block_1_93' title="bbox 59 4923 1635 4999">
    <p class='ocr_par' dir='ltr' id='par_1_93' title="bbox 59 4923 1635 4999">
     <span class='ocr_line' id='line_1_93' title="bbox 59 4923 1635 4999; baseline -0.008 -13"><span class='ocrx_word' id='word_1_726' title='bbox 59 4933 192 4987; x_wconf 86' lang='lat' dir='ltr'><strong>dum</strong></span> <span class='ocrx_word' id='word_1_727' title='bbox 214 4940 296 4986; x_wconf 93' lang='lat' dir='ltr'><strong>est</strong></span> <span class='ocrx_word' id='word_1_728' title='bbox 319 4945 478 4999; x_wconf 90' lang='lat' dir='ltr'><strong>supra</strong></span> <span class='ocrx_word' id='word_1_729' title='bbox 501 4943 668 4991; x_wconf 90' lang='lat' dir='ltr'><strong>mare,</strong></span> <span class='ocrx_word' id='word_1_730' title='bbox 687 4924 881 4979; x_wconf 86' lang='lat' dir='ltr'><strong>multos</strong></span> <span class='ocrx_word' id='word_1_731' title='bbox 906 4923 1077 4976; x_wconf 80' lang='lat' dir='ltr'><strong>fontes</strong></span> <span class='ocrx_word' id='word_1_732' title='bbox 1102 4923 1305 4975; x_wconf 86' lang='lat' dir='ltr'><strong>habens</strong></span> <span class='ocrx_word' id='word_1_733' title='bbox 1347 4928 1401 4974; x_wconf 86' lang='lat' dir='ltr'><strong>et</strong></span> <span class='ocrx_word' id='word_1_734' title='bbox 1440 4935 1635 4990; x_wconf 90' lang='lat' dir='ltr'><strong>aquas:</strong></span> 
     </span>
    </p>
   </div>
   <div class='ocr_carea' id='block_1_94' title="bbox 57 5013 1642 5085">
    <p class='ocr_par' dir='ltr' id='par_1_94' title="bbox 57 5013 1642 5085">
     <span class='ocr_line' id='line_1_94' title="bbox 57 5013 1642 5085; baseline -0.009 -4"><span class='ocrx_word' id='word_1_735' title='bbox 57 5024 158 5082; x_wconf 89' lang='lat' dir='ltr'><strong>sed</strong></span> <span class='ocrx_word' id='word_1_736' title='bbox 201 5023 372 5079; x_wconf 85' lang='lat' dir='ltr'><strong>salsas</strong></span> <span class='ocrx_word' id='word_1_737' title='bbox 401 5030 455 5076; x_wconf 89' lang='lat' dir='ltr'><strong>et</strong></span> <span class='ocrx_word' id='word_1_738' title='bbox 487 5034 732 5081; x_wconf 83' lang='lat' dir='ltr'><strong>amaras,</strong></span> <span class='ocrx_word' id='word_1_739' title='bbox 763 5017 991 5085; x_wconf 89' lang='lat' dir='ltr'><strong>ideoque</strong></span> <span class='ocrx_word' id='word_1_740' title='bbox 1030 5013 1258 5069; x_wconf 83' lang='lat' dir='ltr'><strong>steriles.</strong></span> <span class='ocrx_word' id='word_1_741' title='bbox 1294 5013 1497 5067; x_wconf 89' lang='lat' dir='ltr'><strong>Tamen</strong></span> <span class='ocrx_word' id='word_1_742' title='bbox 1541 5014 1642 5067; x_wconf 89' lang='lat' dir='ltr'><strong>hoc</strong></span> 
     </span>
    </p>
   </div>
   <div class='ocr_carea' id='block_1_95' title="bbox 57 5106 1636 5184">
    <p class='ocr_par' dir='ltr' id='par_1_95' title="bbox 57 5106 1636 5184">
     <span class='ocr_line' id='line_1_95' title="bbox 57 5106 1636 5184; baseline -0.011 -8"><span class='ocrx_word' id='word_1_743' title='bbox 57 5118 445 5176; x_wconf 89' lang='lat' dir='ltr'><strong>attendendum</strong></span> <span class='ocrx_word' id='word_1_744' title='bbox 465 5156 479 5180; x_wconf 93' lang='lat'><strong>,</strong></span> <span class='ocrx_word' id='word_1_745' title='bbox 502 5115 625 5184; x_wconf 91' lang='lat' dir='ltr'><strong>quia</strong></span> <span class='ocrx_word' id='word_1_746' title='bbox 654 5127 758 5166; x_wconf 92' lang='lat' dir='ltr'><strong>non</strong></span> <span class='ocrx_word' id='word_1_747' title='bbox 780 5118 998 5180; x_wconf 86' lang='lat' dir='ltr'><strong>propter</strong></span> <span class='ocrx_word' id='word_1_748' title='bbox 1025 5106 1234 5162; x_wconf 84' lang='lat' dir='ltr'><strong>steriles</strong></span> <span class='ocrx_word' id='word_1_749' title='bbox 1269 5106 1436 5161; x_wconf 87' lang='lat' dir='ltr'><strong>Meuri</strong></span> <span class='ocrx_word' id='word_1_750' title='bbox 1468 5120 1636 5174; x_wconf 91' lang='lat' dir='ltr'><strong>aquas</strong></span> 
     </span>
    </p>
   </div>
   <div class='ocr_carea' id='block_1_96' title="bbox 58 5199 1638 5269">
    <p class='ocr_par' dir='ltr' id='par_1_96' title="bbox 58 5199 1638 5269">
     <span class='ocr_line' id='line_1_96' title="bbox 58 5199 1638 5269; baseline -0.01 -1"><span class='ocrx_word' id='word_1_751' title='bbox 58 5212 260 5269; x_wconf 81' lang='lat' dir='ltr'><strong>defecit</strong></span> <span class='ocrx_word' id='word_1_752' title='bbox 283 5219 337 5265; x_wconf 88' lang='lat' dir='ltr'><strong>et</strong></span> <span class='ocrx_word' id='word_1_753' title='bbox 361 5210 502 5264; x_wconf 89' lang='lat' dir='ltr'><strong>aruit</strong></span> <span class='ocrx_word' id='word_1_754' title='bbox 534 5209 698 5262; x_wconf 88' lang='lat' dir='ltr'><strong>herba</strong></span> <span class='ocrx_word' id='word_1_755' title='bbox 728 5208 779 5259; x_wconf 92' lang='lat' dir='ltr'><strong>in</strong></span> <span class='ocrx_word' id='word_1_756' title='bbox 808 5205 978 5269; x_wconf 85' lang='lat' dir='ltr'><strong>Moab,</strong></span> <span class='ocrx_word' id='word_1_757' title='bbox 996 5203 1088 5256; x_wconf 81' lang='lat' dir='ltr'><strong>sed</strong></span> <span class='ocrx_word' id='word_1_758' title='bbox 1113 5199 1478 5269; x_wconf 82' lang='lat' dir='ltr'><strong>metaphorice</strong></span> <span class='ocrx_word' id='word_1_759' title='bbox 1497 5199 1638 5253; x_wconf 90' lang='lat' dir='ltr'><strong>locu-</strong></span> 
     </span>
    </p>
   </div>
   <div class='ocr_carea' id='block_1_97' title="bbox 59 5293 1638 5360">
    <p class='ocr_par' dir='ltr' id='par_1_97' title="bbox 59 5293 1638 5360">
     <span class='ocr_line' id='line_1_97' title="bbox 59 5293 1638 5360; baseline -0.009 0"><span class='ocrx_word' id='word_1_760' title='bbox 59 5317 148 5360; x_wconf 81' lang='lat' dir='ltr'><strong>tus</strong></span> <span class='ocrx_word' id='word_1_761' title='bbox 179 5312 276 5357; x_wconf 75' lang='lat' dir='ltr'><strong>est.</strong></span> <span class='ocrx_word' id='word_1_762' title='bbox 307 5301 373 5356; x_wconf 89' lang='lat' dir='ltr'><strong>Et</strong></span> <span class='ocrx_word' id='word_1_763' title='bbox 401 5308 483 5355; x_wconf 91' lang='lat' dir='ltr'><strong>est</strong></span> <span class='ocrx_word' id='word_1_764' title='bbox 518 5313 706 5353; x_wconf 86' lang='lat' dir='ltr'><strong>sensus</strong></span> <span class='ocrx_word' id='word_1_765' title='bbox 735 5314 748 5349; x_wconf 94' lang='lat'><strong>:</strong></span> <span class='ocrx_word' id='word_1_766' title='bbox 781 5296 834 5349; x_wconf 92' lang='lat' dir='ltr'><strong>In</strong></span> <span class='ocrx_word' id='word_1_767' title='bbox 867 5305 1058 5350; x_wconf 90' lang='lat' dir='ltr'><strong>cuncto</strong></span> <span class='ocrx_word' id='word_1_768' title='bbox 1099 5293 1250 5347; x_wconf 89' lang='lat' dir='ltr'><strong>Moab</strong></span> <span class='ocrx_word' id='word_1_769' title='bbox 1286 5298 1447 5345; x_wconf 88' lang='lat' dir='ltr'><strong>erunt</strong></span> <span class='ocrx_word' id='word_1_770' title='bbox 1485 5306 1638 5360; x_wconf 82' lang='lat' dir='ltr'><strong>aquae</strong></span> 
     </span>
    </p>
   </div>
   <div class='ocr_carea' id='block_1_98' title="bbox 57 5383 1640 5454">
    <p class='ocr_par' dir='ltr' id='par_1_98' title="bbox 57 5383 1640 5454">
     <span class='ocr_line' id='line_1_98' title="bbox 57 5383 1640 5454; baseline -0.009 -6"><span class='ocrx_word' id='word_1_771' title='bbox 57 5395 216 5450; x_wconf 63' lang='lat' dir='ltr'><strong>salsa:</strong></span> <span class='ocrx_word' id='word_1_772' title='bbox 245 5403 298 5446; x_wconf 88' lang='lat' dir='ltr'><strong>et</strong></span> <span class='ocrx_word' id='word_1_773' title='bbox 328 5405 551 5453; x_wconf 67' lang='lat' dir='ltr'><strong>auiam,</strong></span> <span class='ocrx_word' id='word_1_774' title='bbox 580 5390 718 5443; x_wconf 89' lang='lat' dir='ltr'><strong>sicut</strong></span> <span class='ocrx_word' id='word_1_775' title='bbox 758 5397 883 5441; x_wconf 88' lang='lat' dir='ltr'><strong>sunt</strong></span> <span class='ocrx_word' id='word_1_776' title='bbox 920 5388 1074 5454; x_wconf 67' lang='lat' dir='ltr'><strong>aquai</strong></span> <span class='ocrx_word' id='word_1_777' title='bbox 1100 5384 1265 5439; x_wconf 86' lang='lat' dir='ltr'><strong>Menri</strong></span> <span class='ocrx_word' id='word_1_778' title='bbox 1284 5424 1298 5448; x_wconf 91' lang='lat'><strong>,</strong></span> <span class='ocrx_word' id='word_1_779' title='bbox 1326 5398 1445 5452; x_wconf 72' lang='lat' dir='ltr'><strong>qua:</strong></span> <span class='ocrx_word' id='word_1_780' title='bbox 1478 5383 1640 5437; x_wconf 89' lang='lat' dir='ltr'><strong>habet</strong></span> 
     </span>
    </p>
   </div>
   <div class='ocr_carea' id='block_1_99' title="bbox 57 5476 1639 5549">
    <p class='ocr_par' dir='ltr' id='par_1_99' title="bbox 57 5476 1639 5549">
     <span class='ocr_line' id='line_1_99' title="bbox 57 5476 1639 5549; baseline -0.007 -8"><span class='ocrx_word' id='word_1_781' title='bbox 57 5501 274 5541; x_wconf 86' lang='lat' dir='ltr'><strong>amaros</strong></span> <span class='ocrx_word' id='word_1_782' title='bbox 316 5484 506 5541; x_wconf 88' lang='lat' dir='ltr'><strong>fontes.</strong></span> <span class='ocrx_word' id='word_1_783' title='bbox 553 5481 779 5549; x_wconf 90' lang='lat' dir='ltr'><strong>ideoque</strong></span> <span class='ocrx_word' id='word_1_784' title='bbox 815 5479 1025 5533; x_wconf 85' lang='lat' dir='ltr'><strong>steriles</strong></span> <span class='ocrx_word' id='word_1_785' title='bbox 1063 5496 1076 5531; x_wconf 86' lang='lat'><strong>:</strong></span> <span class='ocrx_word' id='word_1_786' title='bbox 1121 5486 1176 5532; x_wconf 90' lang='lat' dir='ltr'><strong>et</strong></span> <span class='ocrx_word' id='word_1_787' title='bbox 1220 5484 1426 5530; x_wconf 85' lang='lat' dir='ltr'><strong>arescet</strong></span> <span class='ocrx_word' id='word_1_788' title='bbox 1464 5476 1639 5530; x_wconf 88' lang='lat' dir='ltr'><strong>omnis</strong></span> 
     </span>
    </p>
   </div>
   <div class='ocr_carea' id='block_1_100' title="bbox 58 5570 1634 5642">
    <p class='ocr_par' dir='ltr' id='par_1_100' title="bbox 58 5570 1634 5642">
     <span class='ocr_line' id='line_1_100' title="bbox 58 5570 1634 5642; baseline -0.009 -7"><span class='ocrx_word' id='word_1_789' title='bbox 58 5579 247 5642; x_wconf 86' lang='lat' dir='ltr'><strong>herba,</strong></span> <span class='ocrx_word' id='word_1_790' title='bbox 266 5574 567 5632; x_wconf 90' lang='lat' dir='ltr'><strong>etinteribit</strong></span> <span class='ocrx_word' id='word_1_791' title='bbox 580 5574 755 5628; x_wconf 91' lang='lat' dir='ltr'><strong>omnis</strong></span> <span class='ocrx_word' id='word_1_792' title='bbox 769 5572 912 5625; x_wconf 89' lang='lat' dir='ltr'><strong>viror</strong></span> <span class='ocrx_word' id='word_1_793' title='bbox 926 5571 1213 5624; x_wconf 83' lang='lat' dir='ltr'><strong>herbarum</strong></span> <span class='ocrx_word' id='word_1_794' title='bbox 1231 5570 1634 5640; x_wconf 74' lang='lat' dir='ltr'><strong>vinearumque.</strong></span> 
     </span>
    </p>
   </div>
   <div class='ocr_carea' id='block_1_101' title="bbox 136 5662 1638 5736">
    <p class='ocr_par' dir='ltr' id='par_1_101' title="bbox 136 5662 1638 5736">
     <span class='ocr_line' id='line_1_101' title="bbox 136 5662 1638 5736; baseline -0.009 -11"><span class='ocrx_word' id='word_1_795' title='bbox 136 5692 154 5724; x_wconf 72' lang='grc' dir='ltr'>ι</span> <span class='ocrx_word' id='word_1_796' title='bbox 193 5669 495 5725; x_wconf 81' lang='lat' dir='ltr'><strong>Secundum</strong></span> <span class='ocrx_word' id='word_1_797' title='bbox 530 5664 949 5736; x_wconf 68' lang='lat' dir='ltr'><strong>magnitudinem</strong></span> <span class='ocrx_word' id='word_1_798' title='bbox 989 5663 1167 5731; x_wconf 84' lang='lat' dir='ltr'><strong>operis</strong></span> <span class='ocrx_word' id='word_1_799' title='bbox 1194 5671 1245 5713; x_wconf 77' lang='lat' dir='ltr'><strong>et</strong></span> <span class='ocrx_word' id='word_1_800' title='bbox 1274 5662 1511 5714; x_wconf 81' lang='lat' dir='ltr'><strong>visitatio</strong></span> <span class='ocrx_word' id='word_1_801' title='bbox 1544 5678 1638 5715; x_wconf 64' lang='lat' dir='ltr'><strong>cn-</strong></span> 
     </span>
    </p>
   </div>
   <div class='ocr_carea' id='block_1_102' title="bbox 58 5754 1641 5823">
    <p class='ocr_par' dir='ltr' id='par_1_102' title="bbox 58 5754 1641 5823">
     <span class='ocr_line' id='line_1_102' title="bbox 58 5754 1641 5823; baseline -0.008 -3"><span class='ocrx_word' id='word_1_802' title='bbox 58 5780 199 5821; x_wconf 82' lang='lat' dir='ltr'><strong>rum.</strong></span> <span class='ocrx_word' id='word_1_803' title='bbox 225 5781 243 5815; x_wconf 72' lang='grc' dir='ltr'><strong><em>ι</em></strong></span> <span class='ocrx_word' id='word_1_804' title='bbox 270 5760 519 5816; x_wconf 81' lang='lat' dir='ltr'><strong>Visitatio</strong></span> <span class='ocrx_word' id='word_1_805' title='bbox 543 5759 628 5813; x_wconf 89' lang='lat' dir='ltr'><strong>hic</strong></span> <span class='ocrx_word' id='word_1_806' title='bbox 651 5759 704 5811; x_wconf 91' lang='lat' dir='ltr'><strong>in</strong></span> <span class='ocrx_word' id='word_1_807' title='bbox 732 5756 927 5810; x_wconf 88' lang='lat' dir='ltr'><strong>malam</strong></span> <span class='ocrx_word' id='word_1_808' title='bbox 956 5763 1162 5823; x_wconf 86' lang='lat' dir='ltr'><strong>partem</strong></span> <span class='ocrx_word' id='word_1_809' title='bbox 1187 5754 1395 5822; x_wconf 85' lang='lat' dir='ltr'><strong>capitur</strong></span> <span class='ocrx_word' id='word_1_810' title='bbox 1429 5772 1441 5805; x_wconf 88' lang='lat'><strong>:</strong></span> <span class='ocrx_word' id='word_1_811' title='bbox 1477 5754 1552 5807; x_wconf 83' lang='lat' dir='ltr'><strong>sic</strong></span> <span class='ocrx_word' id='word_1_812' title='bbox 1588 5764 1641 5807; x_wconf 89' lang='lat' dir='ltr'><strong>et</strong></span> 
     </span>
    </p>
   </div>
   <div class='ocr_carea' id='block_1_103' title="bbox 57 5846 1640 5923">
    <p class='ocr_par' dir='ltr' id='par_1_103' title="bbox 57 5846 1640 5923">
     <span class='ocr_line' id='line_1_103' title="bbox 57 5846 1640 5923; baseline -0.01 -7"><span class='ocrx_word' id='word_1_813' title='bbox 57 5854 273 5917; x_wconf 86' lang='lat' dir='ltr'><strong>Psalmo</strong></span> <span class='ocrx_word' id='word_1_814' title='bbox 301 5862 338 5911; x_wconf 69' lang='grc' dir='ltr'><strong>τ’</strong></span> <span class='ocrx_word' id='word_1_815' title='bbox 360 5871 378 5906; x_wconf 72' lang='grc' dir='ltr'><strong><em>ο</em></strong></span> <span class='ocrx_word' id='word_1_816' title='bbox 410 5850 676 5918; x_wconf 72' lang='lat' dir='ltr'><strong>Visitabo,</strong></span> <span class='ocrx_word' id='word_1_817' title='bbox 710 5850 913 5923; x_wconf 88' lang='lat' dir='ltr'><strong>inquit,</strong></span> <span class='ocrx_word' id='word_1_818' title='bbox 944 5849 997 5904; x_wconf 91' lang='lat' dir='ltr'><strong>iu</strong></span> <span class='ocrx_word' id='word_1_819' title='bbox 1030 5847 1178 5921; x_wconf 85' lang='lat' dir='ltr'><strong>virga</strong></span> <span class='ocrx_word' id='word_1_820' title='bbox 1208 5846 1517 5917; x_wconf 83' lang='lat' dir='ltr'><strong>iniquitates</strong></span> <span class='ocrx_word' id='word_1_821' title='bbox 1551 5863 1640 5903; x_wconf 84' lang='lat' dir='ltr'><strong>eo-</strong></span> 
     </span>
    </p>
   </div>
   <div class='ocr_carea' id='block_1_104' title="bbox 1745 4653 3323 4730">
    <p class='ocr_par' dir='ltr' id='par_1_104' title="bbox 1745 4653 3323 4730">
     <span class='ocr_line' id='line_1_104' title="bbox 1745 4653 3323 4730; baseline -0.003 -19"><span class='ocrx_word' id='word_1_822' title='bbox 1745 4656 1941 4711; x_wconf 88' lang='lat' dir='ltr'><strong>mentis</strong></span> <span class='ocrx_word' id='word_1_823' title='bbox 1991 4656 2056 4709; x_wconf 88' lang='lat' dir='ltr'><strong>ad</strong></span> <span class='ocrx_word' id='word_1_824' title='bbox 2105 4655 2306 4710; x_wconf 88' lang='lat' dir='ltr'><strong>Christi</strong></span> <span class='ocrx_word' id='word_1_825' title='bbox 2365 4657 2741 4721; x_wconf 87' lang='lat' dir='ltr'><strong>nativitatem,</strong></span> <span class='ocrx_word' id='word_1_826' title='bbox 2810 4664 2865 4709; x_wconf 89' lang='lat' dir='ltr'><strong>et</strong></span> <span class='ocrx_word' id='word_1_827' title='bbox 2914 4655 3078 4723; x_wconf 76' lang='lat' dir='ltr'><strong>cmpit</strong></span> <span class='ocrx_word' id='word_1_828' title='bbox 3123 4653 3323 4730; x_wconf 64' lang='lat' dir='ltr'><strong>alloqui</strong></span> 
     </span>
    </p>
   </div>
   <div class='ocr_carea' id='block_1_105' title="bbox 1740 4746 3320 4819">
    <p class='ocr_par' dir='ltr' id='par_1_105' title="bbox 1740 4746 3320 4819">
     <span class='ocr_line' id='line_1_105' title="bbox 1740 4746 3320 4819; baseline -0.001 -16"><span class='ocrx_word' id='word_1_829' title='bbox 1740 4747 1915 4814; x_wconf 84' lang='lat' dir='ltr'><strong>Moab,</strong></span> <span class='ocrx_word' id='word_1_830' title='bbox 1942 4757 1994 4802; x_wconf 90' lang='lat' dir='ltr'><strong>et</strong></span> <span class='ocrx_word' id='word_1_831' title='bbox 2021 4750 2335 4819; x_wconf 88' lang='lat' dir='ltr'><strong>promittere</strong></span> <span class='ocrx_word' id='word_1_832' title='bbox 2380 4750 2521 4804; x_wconf 90' lang='lat' dir='ltr'><strong>bona</strong></span> <span class='ocrx_word' id='word_1_833' title='bbox 2576 4749 2823 4818; x_wconf 89' lang='lat' dir='ltr'><strong>inquiens</strong></span> <span class='ocrx_word' id='word_1_834' title='bbox 2870 4746 2949 4802; x_wconf 91' lang='lat'><strong>:0</strong></span> <span class='ocrx_word' id='word_1_835' title='bbox 2992 4747 3169 4812; x_wconf 89' lang='lat' dir='ltr'><strong>Moab,</strong></span> <span class='ocrx_word' id='word_1_836' title='bbox 3213 4763 3320 4802; x_wconf 93' lang='lat' dir='ltr'><strong>non</strong></span> 
     </span>
    </p>
   </div>
   <div class='ocr_carea' id='block_1_106' title="bbox 1739 4838 3322 4909">
    <p class='ocr_par' dir='ltr' id='par_1_106' title="bbox 1739 4838 3322 4909">
     <span class='ocr_line' id='line_1_106' title="bbox 1739 4838 3322 4909; baseline -0.002 -15"><span class='ocrx_word' id='word_1_837' title='bbox 1739 4839 1992 4908; x_wconf 88' lang='lat' dir='ltr'><strong>desperes</strong></span> <span class='ocrx_word' id='word_1_838' title='bbox 2022 4841 2087 4893; x_wconf 90' lang='lat' dir='ltr'><strong>de</strong></span> <span class='ocrx_word' id='word_1_839' title='bbox 2114 4839 2285 4893; x_wconf 89' lang='lat' dir='ltr'><strong>salute</strong></span> <span class='ocrx_word' id='word_1_840' title='bbox 2317 4856 2329 4893; x_wconf 90' lang='lat'><strong>:</strong></span> <span class='ocrx_word' id='word_1_841' title='bbox 2356 4839 2448 4894; x_wconf 88' lang='lat' dir='ltr'><strong>sed</strong></span> <span class='ocrx_word' id='word_1_842' title='bbox 2481 4855 2575 4908; x_wconf 85' lang='lat' dir='ltr'><strong>age</strong></span> <span class='ocrx_word' id='word_1_843' title='bbox 2604 4839 2971 4909; x_wconf 76' lang='lat' dir='ltr'><strong>pmuitentiam</strong></span> <span class='ocrx_word' id='word_1_844' title='bbox 3008 4853 3021 4893; x_wconf 90' lang='lat'><strong>:</strong></span> <span class='ocrx_word' id='word_1_845' title='bbox 3046 4840 3171 4908; x_wconf 89' lang='lat' dir='ltr'><strong>quia</strong></span> <span class='ocrx_word' id='word_1_846' title='bbox 3196 4838 3322 4893; x_wconf 88' lang='lat' dir='ltr'><strong>licet</strong></span> 
     </span>
    </p>
   </div>
   <div class='ocr_carea' id='block_1_107' title="bbox 1741 4929 3320 5001">
    <p class='ocr_par' dir='ltr' id='par_1_107' title="bbox 1741 4929 3320 5001">
     <span class='ocr_line' id='line_1_107' title="bbox 1741 4929 3320 5001; baseline -0.003 -15"><span class='ocrx_word' id='word_1_847' title='bbox 1741 4932 2095 5001; x_wconf 85' lang='lat' dir='ltr'><strong>captivandus</strong></span> <span class='ocrx_word' id='word_1_848' title='bbox 2147 4931 2220 4985; x_wconf 90' lang='lat' dir='ltr'><strong>sis</strong></span> <span class='ocrx_word' id='word_1_849' title='bbox 2275 4932 2342 4984; x_wconf 90' lang='lat' dir='ltr'><strong>ab</strong></span> <span class='ocrx_word' id='word_1_850' title='bbox 2377 4929 2613 5000; x_wconf 77' lang='lat' dir='ltr'><strong>Assyriis</strong></span> <span class='ocrx_word' id='word_1_851' title='bbox 2668 4930 2747 4985; x_wconf 88' lang='lat' dir='ltr'><strong>vel</strong></span> <span class='ocrx_word' id='word_1_852' title='bbox 2792 4930 3058 4985; x_wconf 63' lang='lat' dir='ltr'><strong>Chaldaeis</strong></span> <span class='ocrx_word' id='word_1_853' title='bbox 3091 4949 3103 4981; x_wconf 93' lang='lat'><strong>:</strong></span> <span class='ocrx_word' id='word_1_854' title='bbox 3139 4939 3320 4982; x_wconf 90' lang='lat' dir='ltr'><strong>tamen</strong></span> 
     </span>
    </p>
   </div>
   <div class='ocr_carea' id='block_1_108' title="bbox 1739 5019 3320 5092">
    <p class='ocr_par' dir='ltr' id='par_1_108' title="bbox 1739 5019 3320 5092">
     <span class='ocr_line' id='line_1_108' title="bbox 1739 5019 3320 5092; baseline -0.006 -16"><span class='ocrx_word' id='word_1_855' title='bbox 1739 5022 1806 5077; x_wconf 93' lang='lat' dir='ltr'><strong>de</strong></span> <span class='ocrx_word' id='word_1_856' title='bbox 1836 5031 1924 5075; x_wconf 89' lang='lat' dir='ltr'><strong>tua</strong></span> <span class='ocrx_word' id='word_1_857' title='bbox 1972 5022 2228 5092; x_wconf 87' lang='lat' dir='ltr'><strong>progenie</strong></span> <span class='ocrx_word' id='word_1_858' title='bbox 2276 5029 2526 5074; x_wconf 86' lang='lat' dir='ltr'><strong>nascetur</strong></span> <span class='ocrx_word' id='word_1_859' title='bbox 2576 5036 2742 5091; x_wconf 88' lang='lat' dir='ltr'><strong>agnus</strong></span> <span class='ocrx_word' id='word_1_860' title='bbox 2780 5021 2872 5091; x_wconf 89' lang='lat' dir='ltr'><strong>qui</strong></span> <span class='ocrx_word' id='word_1_861' title='bbox 2904 5019 3053 5074; x_wconf 88' lang='lat' dir='ltr'><strong>tollat</strong></span> <span class='ocrx_word' id='word_1_862' title='bbox 3099 5023 3320 5086; x_wconf 88' lang='lat' dir='ltr'><strong>peccata</strong></span> 
     </span>
    </p>
   </div>
   <div class='ocr_carea' id='block_1_109' title="bbox 1742 5106 3316 5182">
    <p class='ocr_par' dir='ltr' id='par_1_109' title="bbox 1742 5106 3316 5182">
     <span class='ocr_line' id='line_1_109' title="bbox 1742 5106 3316 5182; baseline -0.006 -14"><span class='ocrx_word' id='word_1_863' title='bbox 1742 5114 1947 5177; x_wconf 89' lang='lat' dir='ltr'><strong>mundi,</strong></span> <span class='ocrx_word' id='word_1_864' title='bbox 1981 5122 2035 5167; x_wconf 93' lang='lat' dir='ltr'><strong>et</strong></span> <span class='ocrx_word' id='word_1_865' title='bbox 2078 5112 2169 5182; x_wconf 90' lang='lat' dir='ltr'><strong>qui</strong></span> <span class='ocrx_word' id='word_1_866' title='bbox 2219 5111 2525 5165; x_wconf 89' lang='lat' dir='ltr'><strong>dominetur</strong></span> <span class='ocrx_word' id='word_1_867' title='bbox 2574 5111 2625 5165; x_wconf 91' lang='lat' dir='ltr'><strong>in</strong></span> <span class='ocrx_word' id='word_1_868' title='bbox 2693 5119 2802 5165; x_wconf 91' lang='lat' dir='ltr'><strong>toto</strong></span> <span class='ocrx_word' id='word_1_869' title='bbox 2845 5110 2973 5164; x_wconf 90' lang='lat' dir='ltr'><strong>orbe</strong></span> <span class='ocrx_word' id='word_1_870' title='bbox 3030 5106 3211 5175; x_wconf 81' lang='lat' dir='ltr'><strong>(Joan.</strong></span> <span class='ocrx_word' id='word_1_871' title='bbox 3254 5117 3316 5174; x_wconf 81' lang='grc' dir='ltr'><strong>ι).</strong></span> 
     </span>
    </p>
   </div>
   <div class='ocr_carea' id='block_1_110' title="bbox 1742 5193 3315 5263">
    <p class='ocr_par' dir='ltr' id='par_1_110' title="bbox 1742 5193 3315 5263">
     <span class='ocr_line' id='line_1_110' title="bbox 1742 5193 3315 5263; baseline -0.008 -3"><span class='ocrx_word' id='word_1_872' title='bbox 1742 5204 1987 5260; x_wconf 78' lang='lat' dir='ltr'><strong>Christus</strong></span> <span class='ocrx_word' id='word_1_873' title='bbox 2017 5203 2159 5257; x_wconf 88' lang='lat' dir='ltr'><strong>enim</strong></span> <span class='ocrx_word' id='word_1_874' title='bbox 2215 5201 2518 5256; x_wconf 89' lang='lat' dir='ltr'><strong>dominator</strong></span> <span class='ocrx_word' id='word_1_875' title='bbox 2567 5203 2731 5257; x_wconf 91' lang='lat' dir='ltr'><strong>totius</strong></span> <span class='ocrx_word' id='word_1_876' title='bbox 2779 5198 2961 5254; x_wconf 90' lang='lat' dir='ltr'><strong>mundi</strong></span> <span class='ocrx_word' id='word_1_877' title='bbox 3017 5203 3131 5261; x_wconf 88' lang='lat' dir='ltr'><strong>est,</strong></span> <span class='ocrx_word' id='word_1_878' title='bbox 3160 5193 3315 5263; x_wconf 75' lang='lat' dir='ltr'><strong>juxta</strong></span> 
     </span>
    </p>
   </div>
   <div class='ocr_carea' id='block_1_111' title="bbox 1742 5285 3319 5367">
    <p class='ocr_par' dir='ltr' id='par_1_111' title="bbox 1742 5285 3319 5367">
     <span class='ocr_line' id='line_1_111' title="bbox 1742 5285 3319 5367; baseline -0.006 -18"><span class='ocrx_word' id='word_1_879' title='bbox 1742 5295 1883 5367; x_wconf 89' lang='lat' dir='ltr'><strong>quod</strong></span> <span class='ocrx_word' id='word_1_880' title='bbox 1918 5296 1965 5350; x_wconf 92' lang='lat' dir='ltr'><strong>ei</strong></span> <span class='ocrx_word' id='word_1_881' title='bbox 1997 5294 2137 5348; x_wconf 87' lang='lat' dir='ltr'><strong>Deus</strong></span> <span class='ocrx_word' id='word_1_882' title='bbox 2181 5292 2346 5346; x_wconf 88' lang='lat' dir='ltr'><strong>Pater</strong></span> <span class='ocrx_word' id='word_1_883' title='bbox 2372 5294 2506 5347; x_wconf 85' lang='lat' dir='ltr'><strong>dixit</strong></span> <span class='ocrx_word' id='word_1_884' title='bbox 2532 5311 2545 5347; x_wconf 93' lang='lat'><strong>:</strong></span> <span class='ocrx_word' id='word_1_885' title='bbox 2576 5311 2593 5343; x_wconf 71' lang='grc' dir='ltr'>ί</span> <span class='ocrx_word' id='word_1_886' title='bbox 2645 5291 2862 5345; x_wconf 81' lang='lat' dir='ltr'><strong>Pnstula</strong></span> <span class='ocrx_word' id='word_1_887' title='bbox 2902 5304 2929 5341; x_wconf 88' lang='lat' dir='ltr'><strong>a</strong></span> <span class='ocrx_word' id='word_1_888' title='bbox 2962 5303 3069 5352; x_wconf 93' lang='lat' dir='ltr'><strong>me,</strong></span> <span class='ocrx_word' id='word_1_889' title='bbox 3099 5294 3154 5342; x_wconf 91' lang='lat' dir='ltr'><strong>et</strong></span> <span class='ocrx_word' id='word_1_890' title='bbox 3182 5285 3319 5340; x_wconf 87' lang='lat' dir='ltr'><strong>dabo</strong></span> 
     </span>
    </p>
   </div>
   <div class='ocr_carea' id='block_1_112' title="bbox 1743 5375 3318 5455">
    <p class='ocr_par' dir='ltr' id='par_1_112' title="bbox 1743 5375 3318 5455">
     <span class='ocr_line' id='line_1_112' title="bbox 1743 5375 3318 5455; baseline -0.008 -16"><span class='ocrx_word' id='word_1_891' title='bbox 1743 5386 1839 5441; x_wconf 92' lang='lat' dir='ltr'><strong>tibi</strong></span> <span class='ocrx_word' id='word_1_892' title='bbox 1862 5394 2049 5455; x_wconf 87' lang='lat' dir='ltr'><strong>gentes</strong></span> <span class='ocrx_word' id='word_1_893' title='bbox 2078 5383 2443 5436; x_wconf 58' lang='lat' dir='ltr'><strong>hereditatem</strong></span> <span class='ocrx_word' id='word_1_894' title='bbox 2466 5390 2614 5435; x_wconf 90' lang='lat' dir='ltr'><strong>tuam</strong></span> <span class='ocrx_word' id='word_1_895' title='bbox 2645 5378 2816 5451; x_wconf 80' lang='lat' dir='ltr'><strong>(Psal.</strong></span> <span class='ocrx_word' id='word_1_896' title='bbox 2833 5377 2915 5449; x_wconf 87' lang='lat' dir='ltr'><strong>tt).</strong></span> <span class='ocrx_word' id='word_1_897' title='bbox 2940 5394 2958 5427; x_wconf 75' lang='grc' dir='ltr'><strong><em>ι</em></strong></span> <span class='ocrx_word' id='word_1_898' title='bbox 2978 5375 3044 5430; x_wconf 84' lang='lat' dir='ltr'><strong>Et</strong></span> <span class='ocrx_word' id='word_1_899' title='bbox 3070 5375 3183 5446; x_wconf 88' lang='lat' dir='ltr'><strong>ipse</strong></span> <span class='ocrx_word' id='word_1_900' title='bbox 3199 5381 3318 5443; x_wconf 91' lang='lat' dir='ltr'><strong>post</strong></span> 
     </span>
    </p>
   </div>
   <div class='ocr_carea' id='block_1_113' title="bbox 1744 5465 3319 5539">
    <p class='ocr_par' dir='ltr' id='par_1_113' title="bbox 1744 5465 3319 5539">
     <span class='ocr_line' id='line_1_113' title="bbox 1744 5465 3319 5539; baseline -0.008 -7"><span class='ocrx_word' id='word_1_901' title='bbox 1744 5476 2193 5532; x_wconf 88' lang='lat' dir='ltr'><strong>resurrectionem</strong></span> <span class='ocrx_word' id='word_1_902' title='bbox 2221 5490 2371 5528; x_wconf 87' lang='lat' dir='ltr'><strong>suam</strong></span> <span class='ocrx_word' id='word_1_903' title='bbox 2407 5492 2419 5528; x_wconf 89' lang='lat'><strong>:</strong></span> <span class='ocrx_word' id='word_1_904' title='bbox 2450 5493 2468 5525; x_wconf 74' lang='grc' dir='ltr'>ι</span> <span class='ocrx_word' id='word_1_905' title='bbox 2505 5473 2634 5526; x_wconf 89' lang='lat' dir='ltr'><strong>Data</strong></span> <span class='ocrx_word' id='word_1_906' title='bbox 2667 5478 2766 5531; x_wconf 88' lang='lat' dir='ltr'><strong>est,</strong></span> <span class='ocrx_word' id='word_1_907' title='bbox 2806 5469 3013 5539; x_wconf 91' lang='lat' dir='ltr'><strong>inquit,</strong></span> <span class='ocrx_word' id='word_1_908' title='bbox 3044 5465 3175 5521; x_wconf 90' lang='lat' dir='ltr'><strong>mihi</strong></span> <span class='ocrx_word' id='word_1_909' title='bbox 3202 5479 3319 5522; x_wconf 88' lang='lat' dir='ltr'><strong>om-</strong></span> 
     </span>
    </p>
   </div>
   <div class='ocr_carea' id='block_1_114' title="bbox 1741 5554 3317 5639">
    <p class='ocr_par' dir='ltr' id='par_1_114' title="bbox 1741 5554 3317 5639">
     <span class='ocr_line' id='line_1_114' title="bbox 1741 5554 3317 5639; baseline -0.009 -14"><span class='ocrx_word' id='word_1_910' title='bbox 1741 5571 1824 5625; x_wconf 86' lang='lat' dir='ltr'><strong>nis</strong></span> <span class='ocrx_word' id='word_1_911' title='bbox 1847 5578 2087 5639; x_wconf 75' lang='lat' dir='ltr'><strong>potestas</strong></span> <span class='ocrx_word' id='word_1_912' title='bbox 2108 5570 2162 5621; x_wconf 90' lang='lat' dir='ltr'><strong>in</strong></span> <span class='ocrx_word' id='word_1_913' title='bbox 2180 5567 2316 5623; x_wconf 73' lang='lat' dir='ltr'><strong>etelo</strong></span> <span class='ocrx_word' id='word_1_914' title='bbox 2333 5575 2386 5620; x_wconf 90' lang='lat' dir='ltr'><strong>et</strong></span> <span class='ocrx_word' id='word_1_915' title='bbox 2414 5566 2466 5619; x_wconf 90' lang='lat' dir='ltr'><strong>in</strong></span> <span class='ocrx_word' id='word_1_916' title='bbox 2490 5574 2632 5618; x_wconf 89' lang='lat' dir='ltr'><strong>terra</strong></span> <span class='ocrx_word' id='word_1_917' title='bbox 2649 5561 2863 5632; x_wconf 80' lang='lat' dir='ltr'><strong>(Matth.</strong></span> <span class='ocrx_word' id='word_1_918' title='bbox 2889 5559 3099 5627; x_wconf 80' lang='lat' dir='ltr'><strong>xxviii).</strong></span> <span class='ocrx_word' id='word_1_919' title='bbox 3125 5577 3142 5608; x_wconf 74' lang='grc' dir='ltr'><strong><em>ι</em></strong></span> <span class='ocrx_word' id='word_1_920' title='bbox 3165 5554 3317 5612; x_wconf 85' lang='lat' dir='ltr'><strong>Unde</strong></span> 
     </span>
    </p>
   </div>
   <div class='ocr_carea' id='block_1_115' title="bbox 1741 5649 3311 5731">
    <p class='ocr_par' dir='ltr' id='par_1_115' title="bbox 1741 5649 3311 5731">
     <span class='ocr_line' id='line_1_115' title="bbox 1741 5649 3311 5731; baseline -0.009 -16"><span class='ocrx_word' id='word_1_921' title='bbox 1741 5669 1821 5717; x_wconf 90' lang='lat' dir='ltr'><strong>est</strong></span> <span class='ocrx_word' id='word_1_922' title='bbox 1853 5677 1981 5731; x_wconf 76' lang='lat' dir='ltr'><strong>ergo</strong></span> <span class='ocrx_word' id='word_1_923' title='bbox 2029 5662 2225 5715; x_wconf 86' lang='lat' dir='ltr'><strong>missus</strong></span> <span class='ocrx_word' id='word_1_924' title='bbox 2282 5661 2381 5713; x_wconf 65' lang='lat' dir='ltr'><strong>istc</strong></span> <span class='ocrx_word' id='word_1_925' title='bbox 2436 5655 2638 5725; x_wconf 87' lang='lat' dir='ltr'><strong>agnus?</strong></span> <span class='ocrx_word' id='word_1_926' title='bbox 2687 5672 2705 5704; x_wconf 74' lang='grc' dir='ltr'>ι</span> <span class='ocrx_word' id='word_1_927' title='bbox 2740 5653 2815 5707; x_wconf 90' lang='lat' dir='ltr'><strong>De</strong></span> <span class='ocrx_word' id='word_1_928' title='bbox 2860 5661 3008 5723; x_wconf 90' lang='lat' dir='ltr'><strong>petra</strong></span> <span class='ocrx_word' id='word_1_929' title='bbox 3060 5649 3258 5704; x_wconf 86' lang='lat' dir='ltr'><strong>deserti</strong></span> <span class='ocrx_word' id='word_1_930' title='bbox 3293 5669 3311 5701; x_wconf 76' lang='grc' dir='ltr'><strong><em>ι</em></strong></span> 
     </span>
    </p>
   </div>
   <div class='ocr_carea' id='block_1_116' title="bbox 1742 5739 3315 5813">
    <p class='ocr_par' dir='ltr' id='par_1_116' title="bbox 1742 5739 3315 5813">
     <span class='ocr_line' id='line_1_116' title="bbox 1742 5739 3315 5813; baseline -0.01 -7"><span class='ocrx_word' id='word_1_931' title='bbox 1742 5754 1841 5806; x_wconf 83' lang='lat' dir='ltr'><strong>hoc</strong></span> <span class='ocrx_word' id='word_1_932' title='bbox 1874 5762 1953 5805; x_wconf 68' lang='lat' dir='ltr'><strong>est</strong></span> <span class='ocrx_word' id='word_1_933' title='bbox 1986 5751 2049 5804; x_wconf 78' lang='lat' dir='ltr'><strong>de</strong></span> <span class='ocrx_word' id='word_1_934' title='bbox 2081 5750 2224 5803; x_wconf 73' lang='lat' dir='ltr'><strong>Ruth</strong></span> <span class='ocrx_word' id='word_1_935' title='bbox 2253 5746 2541 5802; x_wconf 77' lang='lat' dir='ltr'><strong>Moullilida</strong></span> <span class='ocrx_word' id='word_1_936' title='bbox 2576 5758 2732 5813; x_wconf 71' lang='lat' dir='ltr'><strong>:quze</strong></span> <span class='ocrx_word' id='word_1_937' title='bbox 2762 5751 2934 5795; x_wconf 91' lang='lat' dir='ltr'><strong>morte</strong></span> <span class='ocrx_word' id='word_1_938' title='bbox 2973 5740 3073 5794; x_wconf 90' lang='lat' dir='ltr'><strong>viri</strong></span> <span class='ocrx_word' id='word_1_939' title='bbox 3101 5739 3315 5793; x_wconf 74' lang='lat' dir='ltr'><strong>viduata</strong></span> 
     </span>
    </p>
   </div>
   <div class='ocr_carea' id='block_1_117' title="bbox 1741 5828 3314 5916">
    <p class='ocr_par' dir='ltr' id='par_1_117' title="bbox 1741 5828 3314 5916">
     <span class='ocr_line' id='line_1_117' title="bbox 1741 5828 3314 5916; baseline -0.006 -16"><span class='ocrx_word' id='word_1_940' title='bbox 1741 5844 1921 5916; x_wconf 79' lang='lat' dir='ltr'><strong>nupsit</strong></span> <span class='ocrx_word' id='word_1_941' title='bbox 1952 5843 2117 5912; x_wconf 84' lang='lat' dir='ltr'><strong>Booz,</strong></span> <span class='ocrx_word' id='word_1_942' title='bbox 2164 5842 2228 5897; x_wconf 89' lang='lat' dir='ltr'><strong>de</strong></span> <span class='ocrx_word' id='word_1_943' title='bbox 2267 5856 2373 5913; x_wconf 91' lang='lat' dir='ltr'><strong>quo</strong></span> <span class='ocrx_word' id='word_1_944' title='bbox 2402 5837 2585 5911; x_wconf 80' lang='lat' dir='ltr'><strong>genuit</strong></span> <span class='ocrx_word' id='word_1_945' title='bbox 2612 5834 2766 5904; x_wconf 81' lang='lat' dir='ltr'><strong>Obct,</strong></span> <span class='ocrx_word' id='word_1_946' title='bbox 2797 5832 2934 5892; x_wconf 87' lang='lat' dir='ltr'><strong>Obet</strong></span> <span class='ocrx_word' id='word_1_947' title='bbox 2957 5832 3142 5907; x_wconf 86' lang='lat' dir='ltr'><strong>genuit</strong></span> <span class='ocrx_word' id='word_1_948' title='bbox 3164 5828 3314 5890; x_wconf 70' lang='lat' dir='ltr'><strong>Iesse</strong></span> 
     </span>
    </p>
   </div>
  </div>
