3918 6478
569 415 675 471 799

1037 411 1392 467 HAYMONIS
1431 406 1909 465 HALBERSTAT.
1951 404 2162 461 EPISC.
2202 402 2353 460 OPP.
2395 399 2574 460 PARS
2611 405 2652 459 l.
2683 434 2752 446 —
2780 404 3134 462 COMMENT.
3173 407 3339 463 BIBL.
3752 416 3828 470 81!“!

566 541 772 601 patrem
820 530 990 584 David
1037 531 1200 598 reg-is.
1259 530 1334 582 De
1386 526 1538 596 cujus
1580 525 1833 596 progenie
1883 521 2146 593 processit
2169 523 2220 585 Α
2251 539 2268 572 ι
2307 530 2735 586 consummatus,
2769 541 2788 573 ι
2819 522 2932 578 sive
2960 525 3273 580 interfectus
3299 538 3380 581 est
3411 529 3592 597 ipse;
3621 548 3638 578 ι
3673 535 3823 590 ιηὶςειτ,

567 621 885 674 intemerata
914 620 1065 690 virgo
1089 615 1272 682 Maria,
1302 632 1421 686 qua:
1443 617 1626 686 genuit
1655 614 1954 677 Christum,
1980 627 2142 682 opere

569 709 807 779 Spiritus
853 710 1025 764 sancti
1062 709 1432 778 imprazgnata,
1462 721 1567 760 non
1613 704 1816 760 semine
1855 701 1996 757 virili
2024 711 2146 771 gra-A

567 802 710 856 vida.
744 802 887 856 Ruth
914 801 1202 856 Moabitida
1247 807 1396 868 petra
1437 798 1636 852 deserti
1668 795 1990 866 appellatur,
2017 793 2141 862 quia

570 891 841 961 gentilitas
877 905 943 945 ex
977 906 1080 960 qua
1108 891 1222 961 ipsa
1270 899 1390 944 erat
1417 930 1431 953 ,
1486 888 1692 958 lapides
1723 902 1819 956 pro
1857 887 1967 940 Deo
2011 883 2147 940 cole.

572 981 722 1045 bant,
747 990 800 1034 et
829 981 947 1034 duri
979 980 1140 1035 corde
1179 989 1354 1043 erant,
1388 980 1614 1049 ideoque
1653 978 1871 1041 deserti,
1912 985 1966 1030 et
1993 977 2153 1030 dere-'

572 1073 684 1126 licti
727 1089 756 1126 a
788 1071 1066 1128 Creatore.
1101 1073 1218 1140 Quo
1263 1089 1392 1143 ergo
1421 1081 1505 1127 est
1547 1073 1778 1126 emissus
1820 1070 1906 1124 ille
1937 1069 2148 1139 agnus?

579 1182 598 1214 ι
629 1163 708 1217 Ad
733 1174 968 1218 montem
998 1164 1118 1218 filia:
1145 1165 1297 1229 Sion,
1333 1184 1350 1216 ι
1374 1165 1439 1218 Μ
1463 1175 1565 1228 est,
1609 1163 1696 1216 ubi
1737 1162 2062 1232 praedicavit,
2094 1170 2149 1214 et

573 1254 830 1308 miracula
870 1255 1014 1318 fecit,
1048 1255 1134 1309 ubi
1163 1255 1324 1310 etiam
1369 1271 1537 1326 geaus
1566 1256 1857 1309 humanum
1897 1253 2145 1308 redemit.

575 1346 690 1409 Vel,
721 1347 863 1415 quod
898 1347 1090 1402 melius
1128 1357 1231 1413 est,
1260 1350 1325 1401 ad
1350 1348 1644 1402 Ecclesiarn
1673 1357 1756 1402 est
1785 1348 1998 1409 missus,
2027 1361 2148 1419 quae

576 1438 630 1492 in
677 1440 894 1509 speculo
923 1442 1117 1496 mentis
1160 1451 1214 1495 et
1252 1442 1529 1496 altitudine
1572 1442 1830 1496 virtutum
1881 1442 2146 1496 consistit.

575 1529 830 1598 Quisquis
878 1531 1044 1600 igitur
1076 1533 1265 1600 quatrit
1312 1548 1430 1602 quae
1468 1550 1629 1588 causa
1670 1534 1937 1588 exstiterit
1981 1547 2150 1602 quare

575 1619 714 1673 Booz
749 1621 1017 1689 acceperit
1061 1622 1204 1676 ltuth
1246 1623 1532 1679 Moabitam
1556 1626 1606 1678 in
1635 1641 1878 1689 uxorem,
1914 1625 2053 1695 legat
2088 1624 2149 1678 li-

574 1711 731 1764 brum
786 1711 968 1774 Ruth,
1017 1713 1196 1784 ibique
1257 1715 1564 1784 plenissime
1629 1715 1882 1769 inveniet.
1949 1715 2150 1768 Tamen

579 1803 854 1856 sciendum
879 1811 963 1857 est
981 1806 1082 1859 hoc
1107 1804 1363 1860 divinitus
1387 1815 1731 1877 procuratum
1762 1819 1900 1868 esse,
1934 1813 1991 1858 ut
2013 1805 2152 1859 sicut

577 1891 822 1951 Christus
847 1892 1058 1948 ,Ιιιάρεος
1090 1904 1144 1949 ει
1188 1876 1413 1965 gentiles
1466 1896 1730 1950 redimere
1777 1895 2048 1959 veniebat,
2098 1894 2150 1947 in
2180 1876 2226 1935 Β
2254 1897 2458 1936 sumus.
2498 1882 2687 1953 Magna
2729 1886 2773 1939 si
2819 1889 3032 1955 quidem
3087 1893 3481 1950 misericordia
3531 1899 3615 1952 Dei
3655 1902 3755 1954 Pas

577 1987 771 2055 quibus
811 1985 1344 2055 comprehenduntur
1389 1987 1568 2040 omnia
1607 2000 1805 2056 genera
1851 1985 2148 2049 hominum,

578 2079 652 2133 ita
691 2080 852 2133 etiam
890 2081 956 2133 ab
995 2090 1222 2148 utroque
1248 2078 1444 2148 populo
1478 2077 1769 2133 secundum
1798 2092 2015 2132 carnem
2045 2076 2154 2131 ori-

581 2169 760 2236 ginem
803 2169 1057 2223 traheret.

657 2277 674 2308 ι
701 2257 770 2312 Ει
794 2259 899 2312 erit
925 2259 1064 2313 sicut
1094 2259 1210 2313 avis
1252 2259 1481 2330 fugiens,
1511 2267 1564 2314 et
1599 2260 1737 2315 sicut
1764 2259 1891 2329 pulli
1937 2259 2003 2313 de
2027 2258 2155 2313 nido

582 2351 856 2406 avolantes
880 2390 896 2416 ,
946 2352 1026 2407 sic
1054 2360 1213 2407 erunt
1254 2353 1375 2407 filia:
1405 2353 1559 2409 Moab
1610 2354 1663 2408 in
1714 2364 2028 2408 transcensu
2057 2352 2156 2405 Ar-

581 2459 709 2498 non.
750 2463 768 2495 ι
790 2442 949 2499 Vides
978 2445 1247 2513 quomodo
1287 2445 1354 2499 de
1385 2462 1490 2500 una
1544 2460 1601 2500 re
1656 2446 1850 2500 transit
1881 2448 1946 2498 ad
1971 2445 2152 2498 aliam.

580 2529 891 2587 Revertitur
921 2533 1117 2587 iterum
1141 2534 1205 2588 ad
1235 2536 1600 2604 captivitatem
1643 2533 1818 2588 Moab.
1846 2532 1996 2588 Sicut
2019 2533 2155 2598 avis,

584 2621 779 2690 inquit,
830 2622 967 2693 fugit
1015 2633 1138 2678 ante
1172 2625 1505 2693 accipitrem,
1561 2633 1616 2678 et
1652 2626 1793 2680 sicut
1838 2625 1968 2694 pulli
2015 2625 2160 2679 citis-

584 2710 718 2764 sime
747 2711 963 2765 avolant
1001 2730 1013 2766 :
1062 2713 1140 2767 sic
1169 2713 1278 2767 cito
1329 2714 1791 2782 transmigrabunt
1839 2714 1962 2769 filim
2002 2713 2158 2769 Moab

585 2802 651 2856 de
690 2811 832 2857 terra
863 2818 959 2859 sua
1006 2806 1060 2860 in
1112 2815 1426 2862 transcensu
1475 2807 1661 2862 Arnon
1708 2827 1720 2861 :
1759 2822 1858 2877 per
1887 2822 2023 2878 quas
2067 2809 2160 2863 de-

583 2893 772 2950 bemus
796 2897 1092 2967 intelligere
1118 2900 1363 2955 civitates
1409 2909 1464 2955 et
1509 2901 1692 2965 urbes,
1736 2901 1822 2955 vel
1866 2917 2055 2956 revera
2081 2901 2160 2955 vi-

585 2999 675 3039 ros
711 2997 765 3041 et
798 2989 1069 3044 mulieres.
1101 2990 1283 3045 Arnon
1315 2992 1508 3046 civitas
1531 3001 1632 3058 est,
1674 2993 1935 3047 terminus
1963 2992 2163 3048 Moabi-

590 3083 767 3130 tarum
795 3087 848 3132 et
873 3078 1331 3136 Amorrhteorum.
1360 3081 1756 3138 Transcensum
1807 3092 1983 3136 autem
2033 3083 2164 3138 dicit

584 3175 806 3235 propter
832 3170 1216 3239 captivitatem.
1249 3171 1398 3226 Sicut
1427 3181 1582 3227 erunt
1610 3173 1664 3226 in
1715 3181 2030 3229 transcensu
2053 3172 2154 3228 Ar-

2266 3160 2528 3232 Superbia
2566 3180 2682 3234 ejus
2712 3175 2767 3222 et
2793 3171 3100 3240 arrogantia
3129 3171 3248 3241 ejus
3293 3185 3341 3229 et
3363 3176 3612 3244 indignatio
3630 3176 3738 3243 ejus,

585 3273 691 3313 nou
716 3298 732 3325 ,
761 3258 816 3314 id
840 3267 941 3325 est,
981 3260 1061 3317 sic
1104 3262 1412 3319 transibunt
1433 3263 1492 3319 in
1526 3263 1893 3334 captivitatem
1923 3278 2021 3334 per
2058 3263 2160 3318 Ar-

584 3367 691 3405 ηοη
701 3391 714 3405 .

661 3459 680 3491 ‹
719 3441 797 3497 lni
829 3445 1111 3501 consilium
1169 3466 1188 3499 ι
1249 3446 1570 3512 Moabitidis,
1603 3447 1658 3502 id
1703 3457 1788 3504 est
1827 3457 2036 3504 contra.
2061 3446 2162 3504 Vel

585 3529 762 3597 aliter,
789 3551 808 3584 ι
841 3533 919 3588 lni
945 3535 1249 3601 consilium,
1286 3556 1304 3588 ι
1338 3537 1390 3591 id
1411 3544 1516 3602 est,
1562 3537 1704 3591 intra
1755 3537 1809 3592 in
1850 3538 2155 3594 consilium.

591 3638 609 3671 ι
642 3619 785 3694 Lege
814 3625 1098 3681 consilium
1131 3646 1150 3678 ›
1185 3626 1289 3682 hoc
1321 3636 1421 3691 est,
1453 3628 1643 3700 collige
1669 3628 1956 3684 consilium
1988 3639 2156 3695 tuum,

557 3711 636 3766 ‘et
657 3714 934 3769 considera
966 3717 1234 3786 quomodo
1282 3718 1512 3773 evadere
1564 3720 1739 3788 possis
1765 3720 2156 3791 captivitatem.

589 3821 606 3852 ι
659 3802 805 3859 Pone
846 3808 999 3873 quasi
1055 3816 1266 3883 noctem
1320 3808 1564 3862 umbram
1606 3820 1753 3864 tuam
1801 3811 1855 3864 in
1913 3811 2156 3876 meridie,

581 3895 848 3952 absconde
875 3897 1160 3969 fugientes,
1200 3909 1255 3955 et
1295 3916 1456 3971 vagos
1485 3915 1552 3955 ne
1579 3903 1796 3970 prodas.
1827 3900 2160 3956 Habitabant

582 3987 724 4054 apud
759 3994 810 4040 te
836 3988 1049 4058 profugi
1082 3991 1207 4046 mei.
1247 3990 1404 4045 Moab
1442 4001 1560 4047 esto
1598 3992 1877 4047 latibulum
1905 4009 2087 4048 eorum
2127 4009 2158 4048 a

584 4076 720 4131 facie
746 4081 1057 4134 vastatoris.
1097 4100 1116 4132 ι
1152 4081 1454 4136 Notandum
1484 4084 1609 4152 quia
1652 4095 1777 4138 ante
1815 4093 2024 4138 vastata
2075 4093 2159 4140 est

582 4167 916 4221 Hierusalem
947 4169 1014 4223 ab
1038 4170 1295 4240 Assyriis,
1323 4180 1376 4225 et
1420 4182 1604 4240 postea
1634 4189 1664 4226 a
1710 4172 1974 4228 Chaldaeis
2003 4185 2159 4231 ante~

582 4271 742 4322 quam
775 4256 967 4312 Moab:
1007 4259 1234 4330 ideoque
1274 4262 1583 4331 pra:cipitur
1612 4264 1659 4318 ei
1695 4273 1754 4318 ut
1787 4263 2053 4335 fugientes
2092 4267 2159 4322 ad

581 4361 640 4400 se
675 4348 741 4402 de
776 4349 966 4420 populo
1001 4352 1096 4406 Dei
1126 4353 1381 4424 suscipiat
1403 4363 1458 4409 et
1485 4357 1802 4410 abscondat.
1830 4356 1974 4411 Pone
2005 4358 2160 4426 quasi

583 4448 791 4494 noctem
814 4443 1057 4496 umbram
1085 4451 1250 4509 tuam,
1281 4445 1332 4498 id
1355 4453 1435 4500 est
1463 4447 1641 4515 praebe
1688 4447 1885 4517 populo
1929 4463 2048 4521 meo
2076 4447 2158 4502 fu-

581 4531 745 4601 gienti
777 4531 845 4586 ab
872 4533 1107 4604 Assyriis
1137 4535 1218 4590 vel
1241 4552 1271 4589 a
1295 4536 1558 4592 Chaldaeis
1585 4537 1951 4593 defensionem
1977 4549 2154 4594 tuam:

2243 609 2457 676 defecit,
2492 613 2584 681 qui
2635 612 2985 669 conculcahat
3019 623 3238 683 terram,
3276 639 3294 670 ι
3346 620 3656 674 vastando
3691 622 3816 690 illam,

2242 710 2298 755 et
2327 701 2694 758 interficiendo
2734 705 3059 760 habitatores
3087 706 3219 775 ejus.

2321 812 2339 844 ι
2375 794 2440 847 Et
2474 798 2864 865 praeparabitur
2885 801 2937 852 in
2965 801 3334 857 misericordia
3359 804 3613 868 solium,
3631 817 3685 861 et
3705 812 3812 864 sedo»

2245 880 2325 936 bit
2353 898 2515 952 super
2544 884 2674 939 illud
2703 886 2756 940 in
2782 888 3010 943 veritate
3041 891 3092 944 in
3141 893 3524 949 tabernaculo
3553 897 3734 960 David,
3750 904 3804 968 jx-

2247 973 2432 1028 dicans
2448 986 2500 1030 et
2523 992 2770 1046 qurerens
2784 979 3066 1048 judicium,
3084 993 3138 1039 et
3155 986 3424 1043 velociter
3448 989 3693 1044 reddens
3711 996 3804 1061 quid

2241 1063 2446 1132 justum
2475 1080 2577 1122 est.
2617 1089 2634 1120 ι
2671 1069 2823 1124 Licet
2847 1070 3011 1126 Judari
3041 1074 3276 1131 referant
3295 1079 3407 1131 ista
3439 1081 3519 1132 ad
3545 1081 3794 1147 Ezechias,

2248 1157 2336 1224 qui
2360 1166 2482 1225 post
2504 1168 2732 1215 mortem
2762 1161 3128 1220 Sennacherib
3159 1167 3209 1221 in
3239 1185 3378 1238 pace
3409 1174 3672 1241 regnavit
3699 1193 3710 1225 :
3734 1193 3797 1230 ne

2247 1241 2352 1297 lius
2406 1256 2581 1301 tamen
2642 1249 2706 1302 de
2741 1249 2956 1306 Christo
2999 1254 3397 1324 intelliguntur.
3459 1260 3536 1314 Et
3587 1267 3786 1330 pertineat

2249 1337 2494 1403 quaedam
2516 1354 2581 1393 ex
2633 1341 2719 1394 bis
2749 1343 2816 1396 ad
2843 1345 3076 1412 primum
3106 1349 3440 1415 adventum,
3488 1358 3713 1423 quaedam
3734 1379 3785 1412 as

2253 1434 2360 1480 tem
2391 1429 2458 1482 ad
2484 1432 2799 1486 secundum.
2829 1434 2940 1489 Hoc
2979 1439 3120 1492 enim
3160 1444 3300 1508 quod
3347 1444 3506 1498 dicit
3542 1453 3778 1517 praeparati»

2254 1527 2342 1572 tur
2368 1519 2421 1572 in
2451 1521 2820 1577 misericordia
2845 1526 2936 1580 Dei
2969 1527 3144 1583 Patris
3167 1532 3392 1598 solium,
3424 1536 3482 1588 id
3526 1549 3608 1591 est
3631 1555 3774 1608 regns:

2252 1607 2452 1662 Christi
2487 1628 2498 1663 :
2523 1620 2577 1664 et
2604 1613 2810 1667 sedebit
2836 1630 2997 1686 super
3022 1619 3150 1673 illud
3179 1622 3229 1674 in
3262 1626 3632 1684 tabernaculo
3656 1607 3765 1690 Darii
3836 1625 3837 1690 l

2255 1697 2358 1751 hoc
2378 1709 2480 1765 est,
2531 1701 2584 1754 in
2627 1702 2863 1758 Ecclesia
2899 1707 3000 1760 :ad
3025 1712 3257 1776 primum
3282 1713 3417 1783 ejus
3447 1717 3764 1774 adventantes

2255 1789 2621 1855 referendum,
2652 1803 2704 1846 et
2727 1795 2792 1847 ad
2832 1805 3041 1866 tempus
3071 1810 3234 1855 sextae
3257 1805 3460 1859 (etatis
3489 1807 3544 1860 in
3568 1824 3655 1877 qua
3673 1815 3757 1865 rei:

2251 1970 2371 2036 fuit,
2411 1981 2470 2026 ut
2505 1975 2844 2045 unigenitum
2875 1979 3068 2035 Filium
3099 1998 3254 2038 suum
3296 2002 3413 2056 pro
3464 2001 3632 2045 nostra
3656 1997 3752 2047 satae

2252 2063 2320 2115 ad
2347 2077 2444 2117 nos
2470 2064 2808 2122 redimendos
2829 2069 3066 2126 mitteret
3090 2089 3102 2124 :
3128 2074 3218 2142 qui
3243 2076 3415 2131 sedet
3437 2080 3588 2134 modo
3605 2085 3645 2134 in

2254 2153 2366 2208 sive
2391 2153 2444 2206 in
2484 2155 2836 2213 tabernaculo
2865 2159 3052 2227 David,
3085 2163 3186 2218 hoc
3233 2174 3350 2231 est,
3399 2167 3458 2221 in
3701 2189 3744 2224 re-

2254 2245 2540 2312 quiescens
2570 2256 2622 2301 et
2647 2263 2879 2319 regnans
2901 2251 2955 2305 in
2991 2255 3240 2310 cordibus
3279 2257 3529 2314 fidelium
3553 2279 3626 2332 per
3647 2264 3740 2317 ﬁda

2255 2346 2309 2390 et
2335 2337 2694 2395 dilectionem.
2729 2341 2839 2398 Hoc
2892 2360 3018 2400 vero
3068 2349 3210 2416 quod
3251 2352 3514 2420 sequitur
3548 2353 3733 2407 datam

2257 2427 2332 2497 (id
2360 2438 2443 2484 est
2471 2430 2805 2504 discernens)
2829 2443 2884 2489 et
2909 2451 3158 2505 quaarcns
3179 2438 3485 2507 judicium,
3507 2457 3543 2496 et
3565 2445 3717 2496 veraciter

2259 2518 2488 2575 reddens
2521 2521 2660 2591 quod
2679 2523 2888 2591 justum
2914 2537 2997 2581 est
3027 2545 3040 2581 :
3091 2531 3316 2600 proprie
3378 2535 3452 2588 ad
3485 2536 3577 2587 diem
3601 2534 3721 2602 iudicii

2258 2613 2528 2680 pertinet:
2554 2616 2769 2684 quando
2800 2617 2914 2686 ipse
2953 2619 3225 2675 discernet
3283 2624 3440 2678 inter
3462 2625 3612 2679 electas
3627 2636 3728 2675 em-

2257 2704 2475 2773 probos,
2499 2709 2730 2764 reddens
2750 2711 2972 2782 singulis
3004 2713 3147 2782 quod
3167 2713 3387 2783 justum
3409 2728 3506 2783 est,
3525 2719 3639 2772 bonis
3652 2717 3729 2770 tua:

2258 2804 2313 2849 et
2335 2796 2490 2852 malis
2513 2798 2672 2853 mala.
2702 2800 2770 2854 Et
2795 2802 2896 2856 hoc
2916 2803 3172 2860 velociter
3198 2807 3394 2873 faciet,
3418 2810 3578 2865 dicens
3592 2811 3727 2864 electis:

2262 2887 2470 2954 Venite,
2503 2889 2769 2946 benedicti
2792 2891 2970 2949 Patris
2993 2897 3155 2951 mei.»
3184 2898 3254 2952 Et
3284 2901 3552 2971 reprobis:
3581 2922 3596 2953 ι
3620 2900 3734 2954 Disce

2263 2977 2376 3032 dite
2404 2995 2434 3032 a
2465 2995 2570 3045 me,
2600 2981 2870 3038 maledicti
2897 2985 3113 3056 (Matth.
3139 2990 3293 3062 xxv).
3318 3011 3339 3044 ι

2338 3091 2356 3122 ι
2386 3070 2701 3129 Audivimus
2727 3078 3033 3146 superbiam
3062 3079 3240 3146 Moab,
3265 3084 3504 3153 superbus
3533 3094 3600 3140 est
3622 3085 3739 3138 valde.

2265 3254 2550 3326 plusquam
2585 3256 2849 3316 fortitudo
2873 3261 3013 3332 ejus,
3045 3283 3063 3315 ›
3090 3264 3147 3320 id
3173 3275 3253 3320 est
3275 3265 3502 3334 majores:
3525 3267 3739 3334 superbia

2262 3346 2396 3416 ejus,
2431 3363 2591 3418 quam
2622 3348 2882 3407 fortitudo
2919 3351 3055 3421 ejus.

2337 3453 2356 3487 ‹
2397 3437 2605 3494 Idcirco
2635 3459 2654 3492 ›
2711 3441 2969 3498 subaudis
2993 3485 3008 3510 ,
3061 3447 3190 3515 quia
3239 3448 3388 3519 major
3427 3460 3501 3504 est
3535 3445 3738 3517 superbia

2260 3524 2379 3595 ejus
2412 3535 2467 3582 et
2500 3528 2794 3600 indignatio
2819 3542 3008 3588 contra
3052 3535 3355 3604 Dominum,
3385 3555 3524 3609 quam
3547 3536 3737 3593 fortitudo

2262 3618 2404 3675 illius
2439 3637 2455 3676 :
2491 3638 2512 3672 ι
2548 3619 2772 3677 ululabit
2799 3623 2953 3679 Moab
2978 3626 3045 3680 ad
3067 3627 3241 3694 Moab,
3280 3650 3296 3680 ι
3323 3630 3460 3685 cives
3478 3630 3676 3684 videlicet
3697 3626 3728 3678 si

2261 3710 2428 3775 cives,
2484 3708 2652 3765 frater
2688 3713 2755 3767 ad
2803 3712 3048 3782 fratrem,
3106 3736 3124 3768 ε
3161 3721 3447 3775 universus
3494 3741 3511 3770 ι
3560 3720 3735 3773 subaudis

2262 3798 2441 3867 Moab,
2475 3819 2493 3852 ι
2529 3801 2777 3858 ululabit.
2808 3822 2826 3856 ι
2863 3804 3173 3863 Revertitur
3202 3809 3407 3866 iterum
3439 3811 3499 3865 ad
3525 3809 3736 3878 Moabpro-

2260 3892 2443 3962 pheta.

2337 4001 2354 4034 ι
2383 3981 2478 4038 His
2499 3984 2588 4053 qui
2609 3984 2858 4041 ltetautur
2883 4003 3044 4058 super
3069 4005 3252 4045 muros
3275 3994 3425 4047 cocti
3442 3992 3611 4054 latens,
3627 3987 3734 4055 lepi-

2260 4073 2389 4127 mini
2438 4075 2627 4146 plagas
2669 4091 2813 4143 suas,
2848 4080 3098 4147 quoniam
3144 4081 3460 4138 suburbana
3493 4083 3655 4137 Esebon
3680 4093 3734 4127 u-

2260 4173 2400 4219 stata
2429 4174 2578 4232 sunt,
2607 4175 2661 4221 et
2687 4169 2841 4223 vinea
2870 4169 3101 4225 Sabama
3144 4191 3162 4223 ι
3194 4173 3462 4230 subaudis
3494 4175 3657 4228 deserta
3677 4176 3732 4221 est

2259 4255 2363 4310 Per
2392 4256 2494 4311 hoc
2525 4258 2666 4326 quod
2719 4259 2866 4324 dicit,
2915 4261 3000 4314 his
3031 4260 3279 4316 Moabitis
3321 4266 3418 4334 qui
3469 4263 3681 4318 conﬁdunt
3706 4257 3734 4306 in

2254 4346 2624 4416 junctionibus
2643 4365 2920 4404 murorum
2950 4351 3617 4425 latericiorum,lloquitnini
3631 4349 3734 4418 plagis

2259 4454 2407 4504 suas,
2442 4439 2495 4493 id
2522 4449 2606 4495 est
2646 4450 2872 4495 mortem
2902 4451 2955 4496 et
2981 4443 3352 4512 captivitatem
3401 4463 3415 4497 :
3447 4456 3501 4499 et
3542 4440 3734 4512 potentum

2259 4532 2500 4601 pristinae
2555 4530 2825 4587 feticitatis
2874 4534 3123 4596 ostendit,
3174 4543 3229 4589 et
3276 4535 3501 4606 plagam
3546 4527 3737 4601 repetam

579 4633 639 4676 ut
668 4639 762 4679 eos
797 4624 1095 4681 abscondas
1119 4642 1150 4680 a
1195 4627 1334 4683 facie
1357 4641 1812 4699 persequentium.
1843 4631 1911 4685 Et
1942 4633 1994 4685 in
2039 4649 2154 4688 me-

2261 4598 2652 4678 subversionis.
2705 4623 3022 4679 Suburbana
3075 4625 3333 4680 dicuntur
3371 4598 3482 4682 vici
3527 4635 3573 4680 et
3609 4618 3738 4674 “tum

583 4714 717 4768 ridie
749 4715 889 4768 istud
921 4717 1168 4786 adimple,
1203 4719 1257 4773 id
1303 4728 1405 4784 est,
1456 4720 1509 4773 in
1553 4729 1736 4790 aperta
1772 4722 2153 4790 persecutione

582 4814 635 4858 et
692 4807 1003 4873 captivitate
1059 4809 1358 4866 abscondas
1417 4811 1681 4882 fugientes
1744 4812 2033 4869 lsraelitas.
2090 4814 2158 4868 Et

582 4909 747 4966 vagos
773 4895 838 4949 de
862 4894 977 4950 loco
1005 4897 1074 4951 ad
1101 4897 1275 4954 locum
1300 4899 1588 4970 fugitantes
1617 4916 1682 4955 ne
1732 4903 1949 4970 perdas,
1975 4903 2057 4957 vel
2086 4917 2156 4958 ne

585 4991 768 5044 tradas
796 4989 1041 5044 hostibus
1070 4993 1200 5046 suis.
1233 4993 1453 5048 Vastata
1486 4994 1628 5048 enim
1655 4992 2011 5060 Hierusalem,
2035 5009 2154 5063 qua:

583 5082 809 5135 confinis
841 5090 930 5140 est
983 5082 1099 5147 tibi,
1135 5084 1449 5141 habitabunt
1477 5086 1616 5156 apud
1676 5095 1729 5140 te
1769 5085 1980 5157 profugi
2024 5087 2150 5141 mei.

586 5171 654 5224 Id.
674 5187 810 5240 oque
833 5174 1086 5243 praecipio
1115 5175 1232 5238 tibi,
1265 5175 1441 5240 Moab,
1466 5185 1524 5229 ut
1552 5178 1626 5231 sis
1654 5175 1935 5230 latibulum
1965 5191 2152 5231 eorum

584 5276 615 5313 a
647 5260 785 5315 facie
827 5262 1169 5334 Assyriorum
1197 5265 1281 5318 vel
1335 5264 1727 5320 Chaldaeorum.
1763 5284 1784 5316 ι
1821 5265 2028 5320 Finitus
2069 5273 2156 5321 est

585 5351 775 5422 pulvis.
814 5371 832 5404 ι
871 5352 1060 5408 Subito
1085 5355 1278 5408 transit
1305 5357 1565 5424 propheta
1603 5358 1670 5410 ad
1720 5357 2152 5412 interfectionem

587 5435 958 5498 Sennacberib
990 5463 1027 5497 :-
1055 5447 1144 5513 qui
1168 5446 1344 5514 pulvis
1380 5447 1677 5516 appellatur
1713 5458 1766 5503 et
1794 5451 1977 5510 miser,
2027 5450 2153 5519 quia

585 5535 760 5588 «nmis
781 5535 948 5605 gloria
971 5544 1026 5590 et
1053 5537 1347 5590 dominatio
1375 5535 1494 5605 ejus
1511 5539 1616 5590 cito
1643 5541 1832 5593 transit
1863 5541 2016 5610 quasi
2041 5539 2155 5611 pul-

587 5625 668 5679 vis
718 5634 905 5694 raptus
945 5641 976 5679 a
1033 5636 1234 5680 vento:
1277 5636 1332 5681 et
1388 5628 1764 5684 miserabiliter
1807 5632 1873 5685 ab
1901 5633 1997 5686 hac
2039 5634 2156 5687 luce

589 5717 837 5781 transiit,
877 5717 1188 5772 interfectus
1245 5734 1274 5772 a
1329 5720 1449 5774 filiis
1486 5722 1598 5775 suis
1645 5722 1697 5775 in
1740 5725 2022 5792 praesentia
2066 5725 2158 5778 Dei

593 5808 677 5861 sui
724 5807 772 5878 (Ι
793 5805 829 5853 V
865 5808 991 5880 Reg.
1023 5812 1158 5882 tux).
1198 5809 1525 5882 Finitusest
1563 5813 1758 5883 pulvis,
1795 5815 2161 5873 Senuacherib

2263 4717 2600 4771 adhaerentes
2629 4716 2958 4771 civitatibus.
3007 4717 3216 4773 Esebon
3263 4729 3459 4776 autem
3509 4717 3660 4774 civitas
3689 4709 3744 4761 fuit

2261 4807 2457 4862 nobilis
2499 4807 2856 4862 Moabitarum
2890 4809 3029 4863 sicut
3070 4819 3125 4863 et
3153 4809 3395 4865 Sabama
3427 4831 3440 4865 :
3479 4825 3587 4881 qua:
3610 4813 3746 4877 propter

2260 4899 2662 4954 multitudinem
2685 4899 3003 4969 populorum
3049 4901 3206 4955 vinea
3256 4902 3577 4971 appellatur.
3618 4894 3748 4949 Sulm-

2259 4996 2420 5059 bana,
2451 4995 2643 5064 inquit,
2675 4994 2882 5048 Esebon
2910 4994 3122 5049 deserta
3161 5003 3286 5049 sunt
3328 4997 3404 5050 ab
3452 4987 3750 5062 habitatorum

2261 5087 2374 5142 suis
2403 5105 2416 5141 :
2447 5095 2504 5142 et
2528 5103 2633 5142 non
2663 5086 2836 5141 solum
2865 5086 3195 5153 suburbana,
3230 5087 3323 5142 sed
3352 5089 3525 5143 etiam
3552 5086 3645 5154 ipsa
3674 5074 3753 5131 t‘i‘l‘

2263 5188 2404 5232 tas.r
2447 5178 2659 5232 Domini
2689 5179 2950 5248 gentium,
2989 5198 3007 5230 ι
3052 5179 3106 5232 id
3137 5187 3219 5232 est
3257 5181 3540 5250 principes
3588 5168 3755 5240 Assyrio-

2260 5285 2378 5324 rum
2426 5277 2480 5323 et
2511 5269 2904 5334 Chaldaeorum,
2942 5271 3034 5339 qui
3065 5273 3248 5326 multis
3290 5274 3549 5342 gentibus
3593 5265 3759 5322 demim-

2259 5360 2477 5423 bantur,
2507 5377 2525 5410 t
2565 5361 2883 5415 exciderunt
2922 5360 3127 5432 ﬂagella
3161 5380 3180 5413 ι
3212 5363 3351 5432 ejus,
3384 5365 3441 5418 id
3463 5374 3547 5418 est
3573 5361 3761 5414 habitato-

2260 5465 2347 5505 res
2375 5451 2606 5505 Sabama
2635 5453 2970 5516 occiderunt,
3014 5471 3033 5504 ‹
3071 5469 3239 5523 usque
3287 5456 3353 5508 ad
3401 5454 3564 5510 .Iazer
3590 5473 3606 5503 ι
3631 5446 3763 5502 civita-

2260 5552 2367 5597 tem
2402 5560 2420 5592 ι
2457 5551 2861 5612 pervenerunt»
2901 5544 2999 5612 ipsi
3031 5545 3232 5599 domini
3263 5547 3520 5615 gentium
3562 5561 3578 5592 ι
3610 5548 3764 5592 errate-

2264 5643 2390 5686 runt
2456 5634 2508 5686 in
2577 5634 2791 5687 deserto
2845 5652 2859 5688 :
2925 5654 2943 5685 ι
3005 5635 3293 5690 lustrantes
3353 5636 3650 5688 universam
3697 5633 3768 5675 te"

2265 5741 2380 5779 ram
2434 5726 2808 5779 Moabitarum.
2859 5725 2992 5791 Quia
3038 5727 3242 5781 dixerat
3300 5727 3551 5797 superius
3598 5719 3769 5774 Sabatinil

2266 5818 2480 5872 vineam
2499 5830 2644 5883 esse,
2687 5817 2924 5872 servavit
2946 5818 3333 5888 metaphoram,
3362 5816 3676 5885 subjungcns
3707 5802 3772 5856 ω’
