3918 6464
107 439 210 496 SOI

1229 424 1579 484 COMMENT.
1618 421 1686 478 IN
1723 421 1972 478 ISAIAM.
2014 420 2142 476 LlB.
2186 420 2228 476 ll

3245 417 3350 473 803

110 549 268 622 gella.
303 547 564 603 Similiter
583 546 746 600 etiam
773 543 1006 598 servavit
1034 541 1424 610 metaphoram,
1450 538 1632 592 dicens
1663 549 1677 587 :
1709 539 1756 598 Α
1783 533 1965 588 tudine
1992 532 2145 587 Moab
2168 533 2321 603 pauci
2350 533 2703 588 remanebunt
2729 528 3067 585 venientibus
3084 527 3352 584 hostibus.

117 660 136 690 ι
175 638 494 708 progagines
521 635 636 703 ejus
665 634 863 687 relicta:
910 640 1054 693 sunt,
1101 629 1428 684 transierunt
1459 639 1627 678 mare.
1659 641 1678 674 ι

110 729 247 795 Quis
270 727 720 793 audivitunquam
743 723 867 776 huic
883 721 1076 785 simile,
1091 729 1150 774 ut
1165 718 1481 788 propagines
1502 715 1684 768 vinea-

112 834 236 872 rum
264 815 556 869 transirent
601 813 786 866 mare?
808 810 1137 880 Propagines
1163 808 1396 877 intellige
1435 805 1688 874 fugitivos

111 908 255 962 filios
288 904 426 973 ejus,
465 905 558 974 qui
577 904 914 957 transierunt
940 916 1108 963 mare,
1138 900 1263 953 dum
1286 898 1611 951 ducerentur
1633 895 1686 948 in

111 997 440 1069 Babylonem
462 994 700 1049 derelieti
731 1009 761 1047 a
796 991 920 1045 Deo.
977 1010 995 1042 ι
1028 989 1200 1060 Super
1238 990 1338 1044 hoc
1384 987 1602 1057 plorabo
1634 986 1689 1039 in

112 1092 244 1148 ﬂetu
269 1089 428 1144 Jazer
443 1088 654 1142 vineam
671 1086 924 1141 Sabama.
939 1085 1080 1139 :Vox
1097 1083 1372 1152 prophetae
1388 1078 1690 1150 plangentis

113 1180 544 1252 magnitudinem
575 1176 841 1230 vastitatis
872 1174 1084 1228 urbium
1131 1171 1386 1226 nobilium
1417 1169 1690 1237 quondam

116 1275 493 1349 Moabitarum.
527 1272 700 1341 Super
725 1272 848 1334 hoc,
873 1270 1063 1338 inquit,
1081 1266 1131 1321 id
1159 1276 1260 1331 est,
1289 1279 1453 1334 super
1473 1264 1691 1318 vastita-

117 1376 228 1419 tem
249 1365 463 1418 urbium
495 1361 669 1425 Moab,
705 1358 947 1431 plorabo,
975 1367 1029 1413 et
1061 1357 1112 1411 in
1125 1354 1250 1410 ﬂetu
1267 1353 1442 1418 Jazer,
1470 1352 1692 1423 plorabo

117 1456 285 1509 etiam
346 1453 558 1507 vineam
633 1449 880 1504 Sabama.
946 1468 964 1496 α
1001 1447 1282 1501 lnebriaho
1356 1452 1409 1498 te
1457 1443 1693 1512 laeryma

121 1564 296 1614 mea,»
325 1564 358 1603 o
377 1567 394 1598 ι
417 1548 627 1602 Esebon
649 1555 704 1600 et
723 1544 952 1610 Eleale,»
973 1543 1026 1598 id
1046 1553 1144 1604 est,
1172 1540 1325 1594 valde
1355 1538 1575 1609 plorabo
1616 1546 1692 1602 te,

121 1642 208 1696 vel
231 1641 361 1697 ﬂere
388 1651 439 1696 te
469 1640 664 1695 faciam
698 1639 836 1693 sicut
860 1651 960 1706 ego
979 1644 1031 1689 te
1056 1633 1244 1698 defleo,
1278 1650 1296 1683 ι
1327 1631 1582 1701 quoniam
1606 1645 1696 1684 su-

119 1749 220 1804 per
248 1733 574 1788 vindemiam
625 1740 769 1784 tuam
819 1737 874 1782 et
919 1742 1077 1796 super
1125 1740 1358 1781 messem
1396 1731 1542 1777 tuam
1592 1736 1696 1775 vox

123 1826 449 1881 calcantium
502 1823 680 1877 irruit.
712 1840 729 1872 ι
773 1819 1082 1874 Calcatores
1130 1817 1186 1871 in
1219 1818 1321 1871 hoc
1358 1815 1473 1870 loco
1503 1811 1698 1867 intelli-

124 1927 326 1988 gttn‘tur
372 1914 609 1969 Chaldaei
659 1921 712 1967 et
765 1910 969 1982 Assyrii
1021 1909 1376 1979 praedatores,
1435 1905 1528 1975 qui
1582 1903 1698 1958 vin—
1726 1887 1775 1947 Β

125 2009 358 2064 dentiam
396 2016 450 2063 et
502 2021 731 2062 messem
755 2014 810 2060 et
836 2003 1017 2060 omnia
1053 2004 1192 2058 bona
1235 2001 1445 2056 illorum
1478 1999 1580 2054 sibi
1619 1997 1701 2053 di-

126 2103 170 2156 ri
176 2109 427 2172 puerunt.

206 2233 224 2264 ι
260 2214 325 2267 Et
364 2213 636 2268 auferetur
658 2211 841 2266 laetitia
872 2219 926 2266 et
959 2209 1245 2266 exsultatio
1271 2207 1334 2261 de
1359 2202 1626 2265 Carmelo,
1651 2208 1707 2256 et

128 2305 184 2357 in
206 2305 382 2359 vineis
407 2321 512 2359 non
536 2304 826 2358 exsultabit
849 2316 1020 2370 neque
1041 2297 1378 2370 jucundabit,
1405 2316 1420 2348 ι
1449 2292 1706 2349 subaudis

126 2395 306 2459 Moab,
343 2396 648 2464 sicutprior
677 2393 1052 2447 vindemiator.
1099 2390 1379 2445 Carmelus
1433 2401 1590 2441 mons
1624 2391 1707 2439 est

125 2489 493 2545 fertilissimus
513 2491 654 2545 inter
674 2488 969 2542 Phoenicen
991 2496 1044 2541 et
1061 2485 1398 2540 Palaestinam
1421 2482 1708 2536 imminens

126 2581 468 2647 Ptolemaidi,
511 2583 562 2636 in
616 2597 723 2650 quo
776 2579 956 2634 Helias
1005 2579 1179 2633 oravit
1209 2576 1326 2647 (III
1371 2575 1495 2646 Reg.
1525 2573 1702 2643 xvm).

127 2676 196 2730 Et
232 2676 460 2746 ponitur
487 2689 626 2743 saepe
650 2674 704 2726 in
730 2671 1014 2740 Scriptura
1038 2685 1190 2725 sacra
1219 2684 1318 2739 pro
1341 2667 1487 2722 omni
1512 2665 1708 2721 fertili-

129 2775 264 2820 tate.
297 2762 607 2828 Auferetur,
638 2761 831 2831 inquit,
871 2759 1046 2814 omnis
1090 2758 1271 2812 laetitia
1322 2757 1388 2812 de
1440 2754 1707 2820 Carmelo,

131 2857 185 2911 id
213 2864 320 2921 est,
355 2853 532 2909 omnis
560 2852 809 2907 fertilitas
839 2865 1001 2918 super
1027 2865 1188 2919 quam
1225 2849 1547 2902 laetabantur
1566 2846 1710 2900 Moa-

129 2944 278 3008 bitae,
309 2944 583 2999 auferetur
606 2943 673 2996 ab
695 2941 791 2994 eis.
823 2959 840 2990 ‹
875 2940 1070 2994 Vinum
1103 2938 1156 2992 in
1180 2937 1435 2992 toreulari
1460 2952 1566 2990 non
1594 2937 1708 2991 cal-

133 3039 299 3102 eabit,
333 3057 351 3090 ι
399 3035 652 3092 subaudis
682 3033 909 3088 Moabita
933 3049 949 3098 ;
974 3050 992 3082 ‹
1020 3045 1207 3086 vocem
1235 3029 1556 3084 calcantium
1584 3029 1708 3083 abs-

132 3130 253 3194 tuli,
299 3149 316 3181 i
365 3128 416 3183 id
469 3140 552 3182 est
590 3127 852 3190 celeuma,
886 3123 1030 3194 quod
1061 3131 1282 3177 cantare
1317 3127 1710 3175 consueverant

132 3235 377 3293 tempore
405 3220 703 3276 vindemize.

210 3357 227 3386 ι
267 3334 438 3405 Super
465 3335 568 3388 hoc
595 3341 784 3385 venter
815 3344 986 3383 meus.
1022 3347 1040 3379 ι
1071 3325 1186 3380 Vox
1212 3325 1484 3394 prophetze
1533 3323 1713 3377 dolen-

134 3426 207 3478 tis
255 3437 416 3490 super
439 3419 817 3474 contritionem
849 3415 1022 3468 Moab.
1060 3413 1234 3484 Super
1285 3415 1404 3477 hoc,
1439 3413 1630 3482 inquit,
1657 3413 1709 3468 id

138 3520 245 3574 est,
274 3516 496 3579 propter
527 3507 943 3562 destructionem
972 3505 1143 3568 Moab,
1180 3523 1198 3555 ι
1217 3505 1355 3559 sicut
1379 3504 1596 3574 cythara
1627 3519 1713 3558 so-

140 3612 254 3664 nat,
290 3620 308 3651 ›
337 3601 417 3654 sic
445 3598 657 3653 sonabit
675 3611 864 3652 sensus
893 3605 948 3651 et
971 3595 1276 3651 intellectus
1301 3611 1453 3650 mens
1468 3595 1532 3649 ad
1557 3594 1714 3649 Moab

141 3689 464 3760 plangendo,
510 3706 528 3738 ‹
559 3697 615 3742 et
651 3686 857 3740 viscera
882 3701 1001 3740 mea
1043 3705 1060 3737 ›
1087 3685 1201 3739 sive
1230 3685 1487 3739 interiora
1531 3685 1714 3740 cordis

143 3781 274 3843 tnei,
309 3797 326 3828 α
364 3780 428 3834 ad
459 3794 670 3832 nmrum
701 3776 919 3831 )Arnon
949 3775 1185 3830 civitatis
1221 3794 1240 3826 ι
1277 3776 1415 3830 coeli
1443 3774 1652 3839 lateris,
1689 3794 1708 3827 ι

143 3872 196 3925 id
221 3880 322 3935 est,
351 3879 573 3939 prepter
593 3884 804 3922 murum
826 3867 1178 3932 destructum,
1219 3867 1310 3936 qui
1337 3866 1403 3920 de
1444 3866 1612 3921 coctis
1640 3865 1718 3920 Ia-

145 3962 349 4016 teribus
374 3960 670 4014 :edificatus
698 3959 818 4014 fuit.

224 4090 242 4121 ‹
279 4071 344 4124 Et
383 4071 508 4136 erit,
547 4086 669 4126 eum
711 4070 1022 4140 apparuerit
1068 4068 1211 4139 quod
1261 4068 1525 4123 laboravit
1563 4066 1718 4122 Moab

149 4179 310 4234 super
354 4161 581 4218 excelsis
606 4162 737 4226 suis,
770 4183 788 4213 ι
823 4161 875 4216 id
901 4163 952 4216 in
987 4160 1256 4215 montibus
1289 4169 1345 4214 et
1377 4159 1552 4223 tectis,
1590 4176 1607 4208 ε
1638 4159 1722 4212 in-

150 4256 424 4324 gredietur
445 4254 509 4308 ad
525 4262 709 4309 sancta
732 4269 848 4318 sua,
873 4273 891 4306 ι
920 4253 974 4308 id
985 4261 1070 4308 est
1093 4253 1158 4307 ad
1181 4252 1345 4317 idola,
1363 4267 1482 4320 quae
1500 4250 1723 4318 putabat

151 4361 271 4401 esse
305 4355 512 4408 sancta,
549 4362 568 4395 ι
596 4352 655 4398 ιιι
675 4343 940 4408 obsecret,
970 4350 1024 4396 et
1054 4357 1158 4396 non
1178 4342 1380 4397 valebit
1411 4360 1429 4392 ι
1465 4339 1723 4395 subaudis

150 4436 206 4490 in
230 4435 308 4489 eis
339 4435 579 4490 invenire
608 4434 884 4488 auxilium.
914 4432 1144 4488 Maxima
1168 4433 1315 4488 enim
1365 4431 1585 4485 miseria
1613 4435 1717 4493 est,

151 4540 251 4580 nec
277 4527 330 4580 in
368 4527 449 4580 his
487 4541 620 4596 quos
643 4540 853 4594 semper
876 4533 1129 4579 venerata
1163 4533 1266 4587 est,
1316 4523 1516 4575 habere
1541 4518 1720 4574 subsi-

151 4616 318 4670 dium.
349 4617 772 4670 Advenientibus
800 4615 1062 4683 siquidem
1099 4613 1336 4682 Assyriis
1371 4621 1531 4680 atque
1559 4609 1721 4664 Chal-

152 4707 296 4768 daeis,
320 4707 561 4762 ascendit
588 4704 744 4759 Moab
764 4707 829 4758 ad
860 4705 997 4759 idola
1020 4720 1114 4759 sua
1143 4720 1263 4774 quae
1307 4713 1466 4757 antea
1493 4716 1719 4756 venera-

152 4800 332 4862 batur,
363 4805 417 4851 et
434 4811 660 4864 quorum
689 4797 1022 4865 protectione
1045 4797 1296 4866 sperabat
1337 4811 1396 4850 se
1434 4794 1722 4851 defendere

153 4887 222 4940 ab
252 4887 497 4941 hostibus
529 4905 540 4938 :
600 4887 692 4940 sed
725 4902 829 4940 non
857 4886 1058 4956 profuit
1091 4887 1138 4940 ei
1163 4926 1179 4950 ,
1221 4886 1346 4955 quia
1391 4884 1722 4939 insensibilia

153 4988 328 5032 erant.
377 4976 528 5030 Tune
562 4977 703 5030 enim
739 4977 988 5046 apparuit
1008 4976 1135 5046 quia
1173 4977 1463 5030 vanitatem
1489 4975 1718 5030 colebat.

233 5106 251 5140 ‹
302 5087 412 5143 Hoc
467 5089 687 5143 verbum
747 5090 889 5158 quod
945 5089 1156 5144 locutus
1208 5097 1292 5144 est
1348 5089 1604 5143 Dominus
1656 5089 1724 5144 ad

157 5182 330 5246 Moab,
368 5202 385 5234 ι
415 5182 465 5236 id
489 5192 572 5237 est
617 5190 806 5237 contra
841 5183 1016 5248 Moab,
1050 5170 1170 5238 (ex
1209 5191 1339 5237 tune
1377 5201 1395 5234 ι
1446 5182 1724 5247 subaudis,

159 5291 225 5330 ex
253 5291 359 5346 quo
385 5284 598 5330 creatus
633 5285 716 5330 est
737 5277 911 5331 Moab.
944 5277 1011 5331 Et
1031 5277 1290 5332 Dominus
1329 5277 1446 5330 ait:
1481 5276 1728 5331 Moabitae

161 5375 214 5421 et
232 5367 550 5420 Ammoniuc
592 5383 695 5419 non
726 5368 1001 5422 intrabunt
1023 5385 1074 5421 in
1099 5368 1392 5423 Ecclesiam
1418 5383 1614 5421 meam.
1637 5365 1728 5421 Vel

161 5474 225 5512 ex
247 5467 392 5522 tunc,
417 5458 467 5512 id
491 5467 592 5522 est,
623 5473 687 5512 ex
711 5459 931 5526 antiquo
953 5469 1189 5529 tempore
1209 5476 1274 5514 ex
1298 5460 1476 5530 quoin
1499 5475 1734 5528 prcesen-

165 5549 236 5602 tia
261 5562 357 5602 sua
385 5547 488 5601 ista
509 5548 818 5613 destinavit,
846 5557 900 5602 et
922 5565 1062 5604 nunc
1097 5551 1307 5604 locutus
1335 5561 1417 5604 est
1453 5550 1730 5616 Dominus,

163 5641 348 5698 dicens
387 5660 400 5696 :
433 5660 452 5693 ι
486 5643 541 5696 ln
573 5643 745 5698 tribus
772 5644 928 5699 annis
959 5644 1108 5712 quasi
1145 5645 1272 5698 anni
1326 5644 1664 5708 mercenarii,
1706 5663 1724 5696 ι

165 5744 218 5789 et
242 5743 453 5788 uetera.
487 5733 688 5789 Sensus
735 5735 1036 5804 hnjusmodi
1067 5744 1189 5789 est:
1235 5736 1370 5791 sicut
1419 5735 1730 5806 paucissimi

169 5836 444 5883 remanent
471 5828 668 5882 racemi
715 5837 834 5900 post
865 5827 1299 5896 vindemiatores,
1329 5828 1402 5882 ita
1431 5843 1496 5882 ex
1547 5827 1732 5885 multi-

1747 4596 1799 4657 D

1787 625 1939 690 Quod
1985 639 2115 678 vero
2155 624 2285 678 dicit
2329 644 2347 673 ‹
2380 624 2431 677 in
2462 623 2633 677 tribus
2677 621 2832 675 annis
2872 618 3146 673 auferetur
3183 618 3350 688 gloria

1788 715 1964 779 Moab,
1991 733 2008 766 ι
2038 714 2320 784 dupliciter
2346 721 2518 783 potest
2556 711 2796 780 intelligi.
2827 710 3070 763 Diximus
3090 708 3354 777 superius,

1787 807 1912 876 quia
1963 806 2242 875 prophetia
2288 807 2388 860 ista
2434 813 2621 860 contra
2645 802 2945 857 Philistaeos
2980 809 3034 854 et
3073 791 3390 865 Moabitas,

1787 909 2002 954 mortuo
2021 898 2222 962 Achaz,
2263 913 2326 951 ex
2361 913 2465 967 quo
2493 898 2754 968 propheta
2778 895 2881 948 ista
2903 893 3036 946 dixit
3074 889 3238 961 cmpit
3275 890 3358 944 di-

1789 988 1911 1058 rigi.
1943 987 2010 1041 Et
2027 987 2207 1056 petest
2226 986 2444 1052 intelligi
2476 985 2616 1054 quod
2644 984 2800 1038 tertio
2820 996 2960 1036 anno
2990 988 3109 1049 post
3129 987 3358 1034 mortem

1790 1079 1971 1134 Achaz
1999 1078 2064 1131 ab
2075 1077 2310 1147 Assyriis
2326 1075 2570 1130 Moabitae
2589 1074 2698 1129 sint
2712 1071 2927 1127 vastati.
2951 1070 3114 1125 Etest
3127 1083 3318 1124 sensus
3344 1084 3358 1122 :

1794 1168 1947 1224 Sicut
1969 1167 2335 1221 mercenarius
2357 1172 2634 1234 exspectat
2668 1162 2794 1218 solis
2816 1160 3144 1226 accubitum,
3170 1166 3225 1214 et
3244 1157 3359 1214 die-

1791 1259 1894 1313 bus
1912 1273 1975 1312 ac
1999 1257 2245 1311 noctibus
2270 1255 2428 1309 finem
2464 1253 2641 1322 operis
2663 1252 2744 1306 sui
2772 1249 3130 1319 praestolatur.
3159 1257 3218 1301 ut
3246 1255 3364 1303 sta-

1796 1358 1964 1404 tutam
1993 1346 2297 1404 mercedem
2329 1345 2559 1415 accipiat
2588 1359 2602 1395 :
2636 1343 2715 1397 sic
2735 1349 2854 1412 post
2880 1349 2992 1395 tres
3016 1353 3184 1394 annos
3207 1336 3362 1392 Moab

1796 1441 1864 1495 ab
1903 1439 2139 1510 Assyriis
2172 1437 2456 1492 delebitur.
2501 1436 2683 1490 Potest
2713 1441 2768 1488 et
2807 1432 2872 1487 de
2911 1430 3231 1501 Babylonica
3272 1443 3366 1484 ca-

1796 1533 2045 1604 ptivitate
2076 1530 2322 1601 intelligi,
2346 1531 2488 1599 quod
2503 1535 2635 1598 .post
2663 1533 2873 1595 captam
2893 1522 3229 1578 Hierusalem
3257 1529 3367 1576 ter-

1798 1622 1875 1675 tio
1910 1637 2052 1675 anno
2078 1635 2108 1674 a
2137 1618 2401 1674 Chaldaeis
2433 1616 2691 1671 vastanda
2737 1614 2806 1668 sit
2840 1629 2852 1664 :
2910 1611 2996 1666 vel
3042 1612 3184 1682 quod
3225 1612 3366 1665 intra

1802 1719 1912 1766 tres
1950 1724 2120 1764 annos
2144 1707 2287 1764 nulla
2311 1706 2360 1761 ei
2389 1706 2573 1760 clausa
2611 1704 2682 1758 sit
2701 1702 2934 1771 requies.

2380 1815 2604 1874 CAPUT
2633 1814 2788 1869 XVII.

1882 1933 1900 1966 ι
1937 1913 2084 1969 Onus
2132 1910 2398 1966 Damasci.
2452 1929 2470 1960 ›
2507 1910 2801 1964 Damascus
2829 1907 3020 1961 civitas
3062 1903 3164 1959 fuit
3201 1918 3372 1973 quon-

1805 2007 1927 2061 dam
1979 2003 2291 2073 metropolis
2341 2000 2511 2072 Syriae
2562 1998 2876 2068 provincia,
2927 1993 3088 2066 quam
3135 1992 3375 2050 condidit

1805 2100 2014 2156 Eliezer
2037 2112 2230 2153 servus
2253 2096 2502 2150 Abrahze.
2531 2090 2694 2160 Cuius
2718 2105 2811 2145 rex
2829 2089 3015 2154 Rasin,
3036 2087 3161 2157 quia
3187 2085 3373 2140 decem

1809 2192 2051 2246 tribubus
2078 2203 2290 2257 semper
2312 2184 2588 2255 praebebat
2615 2181 2870 2236 auxilium
2901 2179 2967 2234 ad
2999 2175 3373 2232 debellandum

1805 2280 2030 2342 Iudam,
2088 2277 2289 2332 ideirco
2340 2273 2574 2344 Spiritus
2619 2277 2836 2325 sanctus
2873 2283 2970 2339 per
3015 2266 3206 2320 Isaiam
3245 2277 3375 2334 pro-

1805 2372 2023 2441 phetam
2065 2368 2305 2422 minatur
2352 2365 2401 2418 ei
2444 2361 2806 2431 captivitatem
2855 2355 3377 2421 destructionemque

1808 2463 1911 2518 sui.
1933 2462 2038 2515 Per
2068 2459 2390 2514 Damascum
2418 2469 2547 2524 ergo
2575 2451 2848 2507 civitatem
2875 2448 3099 2519 regiam,
3123 2445 3378 2500 debemus

1808 2552 2108 2623 intelligere
2164 2562 2377 2604 omnem
2414 2542 2749 2615 provinciam
2784 2539 2976 2610 Syriae,
3029 2551 3147 2606 quae
3182 2532 3373 2590 simili-

1810 2654 1893 2700 ter
1921 2651 2130 2698 vastata
2155 2649 2257 2695 est.
2287 2638 2678 2706 Interpretatur
2705 2641 2886 2686 autem
2926 2631 3219 2685 Damascus
3257 2641 3381 2680 san-

1809 2738 2027 2810 guinem
2049 2734 2297 2797 fundens,
2324 2732 2438 2786 sive
2464 2728 2680 2798 sanguis
2709 2725 2890 2782 cilicii.
2908 2725 3177 2791 Quantum
3205 2721 3273 2776 ad
3297 2720 3378 2774 lit-

1813 2840 1981 2885 teram
2019 2827 2272 2898 pertinet,
2297 2823 2610 2895 sanguinem
2642 2818 2870 2873 fundens
2906 2824 3050 2872 recte
3075 2822 3255 2887 potest
3289 2829 3383 2883 ap-

1811 2920 2024 2990 pellari,
2048 2917 2176 2989 quia
2204 2917 2276 2972 ibi
2304 2914 2524 2984 sanguis
2552 2911 2685 2966 Abel
2713 2911 2864 2965 fusus
2889 2917 2973 2965 est
3000 2925 3031 2962 a
3060 2907 3189 2962 Cain
3227 2904 3381 2976 (Gen.

1812 3009 1908 3079 iv).
1934 3008 2202 3075 Quantum
2228 3020 2358 3060 vero
2387 3004 2453 3058 ad
2483 3005 2615 3059 istos
2645 3002 2902 3071 pertinet,
2928 2999 3240 3068 sanguinem
3263 2996 3385 3050 fun-

1812 3099 1944 3154 dens
1969 3097 2084 3152 sive
2111 3095 2330 3164 sanguis
2359 3093 2522 3148 cilicii
2553 3092 2941 3160 interpretatur
2970 3106 2983 3142 :
3009 3086 3134 3156 quia
3161 3084 3389 3141 homici-

1815 3190 1895 3244 dae
1936 3195 2095 3243 erant
2137 3186 2471 3255 multumque
2513 3181 2828 3252 sanguinem
2872 3178 3181 3242 fundentes,
3210 3175 3386 3245 poeni-

1815 3277 2038 3332 tentiam
2087 3275 2381 3328 debuerant
2418 3285 2620 3341 agere:
2653 3269 2796 3338 quod
2843 3269 3089 3336 signatur
3130 3281 3229 3335 per
3274 3263 3390 3319 cili-

1813 3368 1977 3422 cium.
2011 3365 2118 3420 Sed
2146 3364 2396 3434 quoniam
2421 3362 2526 3416 hoc
2564 3375 2671 3413 non
2713 3359 2974 3422 fecerunt,
3014 3357 3069 3411 in
3110 3354 3389 3424 captivita-

1812 3466 1921 3513 tem
1965 3465 2020 3512 et
2067 3453 2518 3524 depraedationem
2573 3449 2961 3520 migraverunt.
3011 3465 3030 3499 ι
3087 3446 3228 3501 Ecce
3279 3444 3387 3499 Da-

1813 3560 2032 3602 mascus
2047 3546 2256 3599 desinet
2285 3557 2404 3597 esse
2428 3541 2639 3604 civitas,
2665 3559 2683 3591 ι
2709 3538 2964 3594 subaudis
2988 3536 3385 3609 potentissima,

1821 3658 1840 3691 ι
1877 3647 1933 3693 et
1958 3637 2064 3693 erit
2089 3637 2228 3692 sicut
2253 3648 2480 3690 acervus
2505 3631 2738 3702 lapidum
2768 3630 2824 3684 in
2854 3630 3030 3684 ruina.
3059 3647 3078 3681 ι
3106 3628 3212 3684 Sed
3235 3634 3388 3698 post-

1817 3747 1979 3801 quam
2008 3743 2196 3784 eversa
2229 3727 2390 3781 fuerit
2415 3726 2482 3779 ab
2508 3722 2764 3794 Assyriis.

1894 3841 1912 3873 ‹
1950 3821 2249 3886 Derelictaa,
2287 3837 2305 3870 ι
2337 3816 2591 3872 subaudis
2619 3815 2686 3868 ab
2708 3796 3030 3877 hominibus,
3083 3829 3104 3863 ι
3145 3811 3392 3868 civitates

1817 3913 1992 3967 Aroer
2018 3909 2270 3980 gregibus
2295 3913 2476 3970 erunt,
2511 3925 2528 3957 ι
2557 3903 2812 3959 subaudis
2839 3902 2891 3956 in
2918 3915 3138 3972 pascua,
3169 3918 3187 3951 ι
3224 3908 3280 3954 et
3307 3915 3393 3955 re-

1820 4003 2106 4072 quiescent
2155 3999 2250 4064 ibi,
2306 4019 2324 4050 ι
2384 3997 2437 4051 in
2493 3996 2624 4066 ipsis
2664 3993 2869 4048 scilicet
2932 3991 3146 4062 pascuis
3210 4005 3399 4062 greges

1818 4095 2000 4150 ovium
2029 4109 2044 4146 :
2075 4113 2092 4144 ι
2127 4100 2181 4145 et
2227 4106 2332 4145 non
2357 4090 2462 4144 erit
2485 4088 2888 4158 quiexterreat.
2921 4104 2939 4137 ο
2966 4085 3034 4139 Et
3057 4092 3140 4139 est
3161 4098 3393 4138 sensus:

1821 4186 1989 4240 Tanta
2021 4185 2125 4239 erit
2170 4183 2242 4237 ibi
2287 4179 2539 4244 solitudo,
2571 4185 2630 4233 ut
2674 4192 2776 4232 nec
2812 4175 3094 4230 insidiator
3131 4173 3398 4229 timendus

1820 4276 1913 4339 sit,
1939 4273 2036 4328 sed
2067 4272 2185 4327 sine
2219 4272 2412 4346 timore
2444 4275 2735 4340 pascentur
2775 4267 2871 4322 ibi.
2911 4265 3082 4320 Aroer
3125 4264 3275 4335 regio
3315 4270 3400 4318 est

1818 4363 2112 4436 provinciae
2157 4362 2358 4433 Syrite,
2402 4361 2610 4415 habens
2633 4357 2894 4428 plurimas
2923 4355 3188 4410 civitates.
3221 4355 3394 4409 Inter-

1820 4463 2064 4525 pretatur
2092 4463 2271 4508 autem
2294 4452 2466 4506 Aroer
2493 4449 2696 4522 myriea
2724 4456 2827 4512 est,
2853 4461 2973 4518 quae
3002 4455 3086 4502 est
3117 4447 3281 4502 arbor
3317 4446 3399 4500 in-

1823 4546 2121 4609 fructuosa,
2145 4553 2200 4600 et
2241 4545 2483 4598 nascitur
2513 4542 2565 4596 in
2599 4539 2828 4595 desertis
2868 4539 3001 4594 locis
3039 4548 3199 4608 atque
3228 4537 3400 4592 salsu-

1828 4637 2054 4708 ginosis.
2081 4634 2159 4690 Ac
2186 4635 2230 4689 si
2269 4635 2473 4690 diceret
2498 4651 2510 4687 :
2546 4631 2700 4687 Sicut
2734 4630 2958 4701 myrica,
2982 4645 3102 4700 qua:
3132 4637 3215 4683 est
3239 4628 3404 4682 arbor

1830 4728 2185 4792 infructuosa,
2209 4727 2451 4781 nascitur
2484 4724 2539 4778 in
2579 4722 2868 4778 solitudine
2895 4739 2908 4774 :
2937 4720 3008 4774 ita
3034 4720 3088 4774 in
3117 4717 3404 4775 solitudine

1828 4830 1883 4876 et
1910 4821 2026 4876 sine
2059 4819 2238 4874 fructu
2272 4815 2512 4872 universi
2545 4814 2687 4885 Syri.

1904 4931 1922 4962 ι
1950 4912 2016 4965 Ει
2045 4908 2280 4965 cessabit
2302 4904 2648 4974 adiutorium,
2679 4923 2698 4955 ι
2733 4903 2986 4958 subaudis
3014 4901 3260 4956 Damasci
3286 4919 3306 4952 ί
3334 4900 3405 4956 ab

1830 5001 2108 5072 Ephraim,
2144 5007 2198 5054 et
2244 5010 2468 5067 regnum
2512 5009 2544 5049 a
2568 4997 2848 5060 Damasco,
2883 5013 2902 5045 ι
2932 4991 3206 5053 subaudis,
3231 5004 3407 5044 cessa-

1832 5093 1953 5147 bit:
1986 5091 2112 5160 quia
2145 5089 2286 5143 ultra
2337 5102 2446 5141 non
2493 5087 2736 5158 regnabit
2783 5093 2844 5139 ut
2884 5083 3052 5154 prius.
3091 5101 3109 5133 ‹
3141 5082 3206 5136 Et
3244 5088 3406 5136 erunt

1833 5181 2075 5252 reliquiae
2102 5179 2272 5250 Syriae
2301 5179 2440 5234 sicut
2469 5177 2638 5249 gloria
2676 5176 2903 5230 filiorum
2938 5172 3120 5238 Israel,
3145 5172 3274 5228 dicit
3300 5171 3406 5226 Do-

1834 5276 2033 5330 minus.
2065 5291 2084 5323 ι
2120 5270 2301 5326 Gloria
2329 5271 2416 5326 hic
2446 5270 2652 5325 ironice
2696 5282 2793 5337 pro
2843 5265 3134 5335 ignominia
3164 5263 3401 5334 ponitur,

1836 5369 1939 5422 hoc
1984 5372 2087 5429 est,
2119 5363 2329 5435 qualem
2382 5363 2607 5434 gloriam
2669 5357 2887 5413 habebit
2943 5355 3124 5420 Israel,
3176 5356 3302 5408 dum
3351 5353 3405 5406 in

1838 5458 2204 5528 captivitatem
2231 5457 2477 5520 ducetur,
2503 5455 2627 5524 quia
2655 5465 2762 5504 non
2788 5450 2841 5502 in
2871 5451 2978 5503 Deo
2999 5449 3091 5504 sed
3115 5448 3167 5501 in
3190 5445 3408 5501 homine

1835 5551 2012 5622 posuit
2043 5565 2189 5620 spem
2223 5565 2372 5604 suam
2401 5568 2412 5602 :
2449 5547 2609 5602 talem
2637 5543 2909 5598 habebunt
2946 5550 3000 5596 et
3043 5540 3164 5611 Syri
3205 5539 3293 5609 qui
3328 5539 3409 5594 eis

1834 5643 2224 5712 promittebant
2251 5642 2529 5703 auxilium,
2561 5645 2620 5691 ut
2662 5642 2974 5706 separarent
3008 5632 3126 5688 illos
3159 5647 3189 5684 a
3217 5631 3410 5685 timore

1833 5734 1953 5798 Dei,
1997 5733 2138 5802 quod
2175 5741 2229 5788 et
2275 5732 2538 5788 fecerunt.
2566 5727 2740 5783 Ambo
2783 5726 2924 5783 enim
2961 5725 3012 5778 in
3044 5721 3409 5792 captivitatem

1837 5825 1981 5880 ducti
2005 5833 2131 5881 sunt
2156 5832 2214 5880 et
2240 5823 2314 5879 illi
2341 5831 2397 5878 et
2419 5822 2529 5878 isti.
