3918 6458
632 382 749 443 805

1116 385 1474 444 HAYMONIS
1512 384 1987 444 HALBERSTAT.
2026 387 2239 446 EPISC.
2280 388 2430 449 OPP.
2471 390 2651 448 PARS
2686 392 2730 450 Ι.
2754 423 2827 435 ·-
2854 393 3211 453 COMMENT.
3244 396 3421 474 BIBL.
3781 409 3838 466 ﬂ

714 521 734 555 ι
760 500 957 557 Eterit
981 500 1037 556 in
1064 500 1153 557 die
1182 501 1270 556 illa
1304 520 1324 552 ι
1355 500 1611 556 subaudis
1651 517 1773 557 cum
1821 501 1978 573 Syria
2004 510 2215 558 vastata
2244 507 2294 568 Α
2330 521 2348 555 ι
2384 504 2508 573 quia
2560 503 2727 559 oblita
2778 520 2839 560 es
2881 506 2977 560 Dei
3026 506 3319 562 Salvatoris
3353 506 3466 563 tui.
3508 527 3532 562 ι
3556 509 3682 577 Ista,
3707 514 3835 585 impia

631 592 803 650 luerit
823 594 891 649 ab
909 594 1165 665 Assyriis,
1188 603 1242 649 et
1271 593 1569 648 Damascus
1592 593 1809 647 desierit
1830 609 1950 649 esse
1979 594 2173 651 civitas
2200 613 2214 648 :

630 703 665 739 -‹
700 687 1073 741 attennabitur
1100 685 1268 755 gloria
1289 683 1477 749 Jacob,
1522 703 1539 736 ›
1582 684 1737 756 Syria
1766 686 2015 741 videlicet
2035 697 2090 742 et
2116 687 2217 743 Da-

636 798 875 848 mascus,
913 782 966 836 in
1008 781 1204 851 quibus
1244 780 1576 851 gloriabatur
1599 789 1652 835 et
1678 780 1911 835 habebat
1946 780 2212 836 ﬁduciam.

606 915 625 926 ς
642 893 663 927 ι
690 875 757 929 Ει
779 874 1044 945 pinguedo
1064 870 1181 940 ejus
1198 880 1521 934 marcescet,
1551 892 1570 923 ›
1605 872 1708 927 hoc
1731 880 1835 937 est,
1866 871 2127 927 fortitudo
2149 873 2214 928 ﬁ-

639 941 809 1021 ducite
836 941 997 1035 quam
1033 966 1266 1020 habebat
1293 965 1345 1018 in
1371 964 1545 1034 Syriis
1563 964 1795 1019 deﬁciet.
1820 963 2047 1030 Quidam
2071 941 2231 1019 θοαὶ-κ

636 1071 730 1112 ces
757 1057 973 1120 habent,
1002 1055 1228 1125 pingues
1254 1068 1445 1109 carnes
1482 1053 1635 1123 ejus:
1667 1054 1761 1108 sed
1801 1054 1994 1109 melius
2029 1061 2113 1109 est
2158 1060 2217 1109 ut

634 1148 883 1202 doctores
912 1144 1131 1199 tradunt
1173 1145 1440 1215 pinguedo
1478 1145 1785 1214 legendum,
1809 1161 1905 1215 per
1933 1161 2095 1215 quam
2127 1146 2212 1201 in-

632 1237 891 1309 telligitur
925 1235 1194 1305 refugium
1228 1251 1292 1291 ac
1323 1235 1603 1301 fortitudo,
1626 1251 1788 1305 quam
1824 1237 2009 1293 decem
2040 1238 2213 1294 tribus

632 1329 909 1387 habebant
938 1330 992 1384 in
1024 1329 1216 1400 Syriis.

705 1439 726 1473 ι
756 1422 822 1476 Et
842 1420 951 1476 erit
972 1422 1112 1476 sicut
1135 1435 1471 1490 congregans
1495 1420 1548 1475 in
1572 1436 1749 1477 messe
1769 1422 1912 1491 quod
1930 1424 2207 1490 restiterit,

630 1519 688 1568 et
717 1512 1002 1567 brachium
1034 1509 1151 1579 ejus
1179 1513 1356 1581 spicas
1384 1513 1545 1583 leget,
1575 1532 1593 1565 ι
1634 1522 1689 1569 ει
1729 1525 1927 1569 caetera
1969 1531 2088 1585 qua:
2126 1530 2212 1572 se-

631 1611 870 1673 quuntur
893 1618 1067 1671 usque
1101 1622 1118 1653 ‹
1151 1602 1204 1656 in
1232 1603 1604 1658 cacuminibus
1638 1603 1845 1659 fructus
1864 1605 1997 1674 ejus.
2024 1626 2043 1659 ι
2078 1607 2209 1663 Tres

631 1694 848 1765 quidem
870 1694 962 1747 dat
994 1694 1445 1763 comparationes,
1469 1694 1561 1749 sed
1591 1710 1729 1750 unus
1753 1707 1835 1751 est
1864 1698 1918 1750 in
1954 1697 2058 1753 illis
2082 1714 2207 1753 sen-

627 1801 742 1841 sus.
784 1784 955 1851 Sicut,
999 1785 1194 1855 inquit,
1238 1788 1533 1841 rarissima:
1571 1799 1851 1844 remanent
1886 1792 2047 1859 spicae
2083 1801 2205 1861 post

2320 598 2614 668 patieris,o
2634 598 2818 663 Israel,
2849 599 2973 668 quia
2999 599 3328 668 dereliquisti
3353 599 3544 655 Deum
3578 601 3830 665 Salvam

2322 698 2469 744 tuum
2500 691 2592 759 qui
2622 699 2674 744 te
2700 690 2950 745 liberavit
2975 691 3041 746 de
3064 690 3316 762 Egypto,
3345 700 3407 747 et
3453 694 3552 762 qui
3592 697 3681 749 tibi
3713 712 3827 767 gesta

2317 780 2687 837 ferocissimas
2717 797 2815 837 sua
2845 781 3162 838 fortitudine
3192 784 3536 854 subjugavit.
3568 804 3587 836 ‹
3622 784 3821 857 Ριηριετο

2315 873 2588 944 plantabis
2608 874 2996 944 plantationem
3022 873 3313 940 inﬁdelem,
3341 884 3405 929 et
3426 890 3649 946 germen
3670 879 3815 935 alien:
3848 932 3849 943 ξ

2316 963 2631 1029 seminabis,
2673 982 2692 1014 ι
2737 973 2797 1017 ut
2834 964 3023 1019 beatus
3062 963 3431 1034 Hieronymus
3470 966 3627 1032 dicit,
3662 968 3739 1023 hoc
3769 986 3815 1025 ε-
3848 970 3849 1034 ἢ

2314 1055 2576 1123 pressius,
2603 1062 2804 1109 etcum
2828 1054 3001 1110 ironia
3024 1064 3108 1109 est
3140 1055 3457 1125 legendum.
3484 1055 3557 1111 Et
3577 1067 3654 1112 est
3674 1076 3808 1116 sensus:

2317 1144 2454 1211 Quia
2484 1159 2612 1215 ergo
2640 1156 2694 1200 tu
2725 1145 2889 1199 oblita
2926 1159 2986 1200 es
3031 1145 3126 1199 Dei
3172 1143 3486 1200 Salvatoris
3523 1147 3618 1211 tui,
3652 1156 3696 1201 et
3722 1148 3806 1203 latis

2316 1236 2577 1305 adjutoris
2606 1237 2682 1292 tui
2704 1252 2811 1292 non
2839 1251 2899 1292 es
2926 1237 3223 1300 recordata,
3248 1253 3282 1292 ο
3312 1237 3478 1306 plebs
3525 1237 3671 1293 Israel
3696 1241 3799 1296 doces

2316 1328 2554 1382 tribuum
2595 1348 2608 1383 :
2652 1344 2780 1383 num
2819 1336 3106 1398 propterea
3145 1328 3551 1398 plantationem
3593 1332 3798 1387 ﬁdelem:

2314 1435 2420 1474 non
2474 1420 2653 1489 potius
2705 1420 2939 1476 alienum
2994 1436 3178 1475 semen
3222 1422 3510 1477 seminare
3553 1424 3791 1495 dabam

2314 1511 2486 1567 hostis
2516 1512 2770 1583 Assyrius
2805 1515 3072 1568 comedat.
3101 1513 3216 1569 Non
3246 1515 3533 1585 plantabis
3559 1522 3787 1587 prooem

2312 1604 2697 1675 plantationem
2737 1605 2968 1661 ﬁdelem.
3007 1606 3274 1663 Plantatio
3317 1608 3505 1664 ﬁdelis
3542 1620 3633 1675 est,
3665 1622 3782 1681 quae

2312 1698 2537 1768 quilibet
2571 1699 2778 1769 plantat
2813 1708 2868 1753 et
2920 1699 3117 1754 excolit
3156 1700 3402 1766 vineam,
3433 1712 3493 1756 et
3522 1703 3624 1773 ipse
3646 1702 3778 1757 fruu-

2311 1791 2427 1860 ejus
2471 1791 2694 1862 colligit.
2728 1792 3001 1847 Plantatio
3031 1808 3158 1848 vero
3201 1793 3451 1849 inﬁdelis
3489 1805 3569 1850 est
3593 1805 3772 1867 agema

626 1888 777 1949 terga
826 1879 1163 1943 metentium,
1195 1886 1250 1933 et
1276 1879 1415 1933 sicut
1450 1881 1760 1948 paucissimi
1797 1876 2091 1938 remanent
2122 1900 2204 1939 ra-
2230 1883 2279 1943 B
2305 1883 2559 1949 alienum,
2586 1885 2799 1953 quando
2841 1886 2981 1954 quod
3029 1880 3331 1942 seminatur
3377 1903 3490 1943 non
3535 1890 3769 1960 eolligitml

624 1970 764 2026 cerni
801 1970 971 2040 (quia
1002 1971 1331 2025 remanendo
1378 1971 1652 2043 dicuntur)
1691 1983 1811 2043 post
1847 1975 2203 2034 vindemiato-

621 2075 733 2125 res,
754 2069 810 2117 et
831 2061 972 2116 sicut
997 2076 1181 2129 paucae
1206 2070 1489 2116 remanent
1512 2062 1665 2116 olivae
1689 2072 1810 2133 post
1830 2068 2199 2133 excussionem

621 2149 757 2208 olea:
782 2169 795 2204 :
824 2151 899 2205 ita
935 2151 1247 2225 paucissimi
1285 2153 1638 2208 remanebunt
1662 2154 1717 2208 in
1746 2154 2008 2212 Damasco
2050 2168 2105 2213 et
2146 2160 2201 2214 in

622 2249 734 2296 tota
764 2240 938 2313 Syria,
968 2243 1306 2298 venientibus
1347 2242 1586 2315 Assyriis
1625 2248 1880 2315 primum,
1912 2264 1975 2304 ac
2009 2251 2201 2306 deinde

618 2332 905 2390 Chaldaeis.
928 2333 1063 2390 Nam
1088 2336 1188 2390 sub
1215 2337 1531 2407 captivitate
1553 2340 1775 2411 Assyria
1802 2344 1957 2411 pauci
1986 2360 2200 2401 reman-

617 2435 807 2482 serunt
818 2428 910 2498 qui
933 2428 1306 2485 tantummodo
1325 2437 1525 2484 terram
1546 2432 1876 2499 excolerent,
1891 2444 1944 2489 et
1961 2438 2198 2493 maxima

614 2531 743 2588 pars
783 2519 838 2574 in
877 2519 1142 2591 Cyrenem
1180 2521 1443 2577 translata
1475 2531 1577 2590 est,
1603 2539 1723 2594 qua:
1760 2535 1843 2582 est
1874 2529 2022 2598 regio
2056 2531 2194 2586 ultra

614 2605 934 2681 Egyptnm.

704 2717 725 2753 ς
771 2700 832 2755 In
868 2701 957 2757 die
1008 2702 1119 2767 illa,
1158 2721 1176 2754 ι
1219 2702 1476 2760 subaudis
1509 2723 1630 2762 cum
1678 2710 1938 2767 defecerit
1983 2715 2195 2784 adjuto-

604 2788 752 2848 -rium
810 2794 1059 2850 Damasci
1117 2811 1148 2849 a
1183 2796 1369 2853 decem
1435 2801 1720 2868 tribubus,
1776 2823 1795 2856 ι
1849 2806 2197 2865 inclinabitur

606 2883 772 2939 homo
811 2886 878 2940 ad
922 2886 1185 2943 factorem
1227 2904 1409 2956 suum,
1445 2912 1464 2944 ›
1506 2902 1560 2948 et
1594 2905 1812 2951 caetera.
1852 2898 1965 2955 Hoc
2003 2903 2070 2957 de
2110 2919 2194 2958 re-

608 2973 793 3043 liquiis
818 2977 1007 3033 decem
1041 2981 1275 3034 tribuum
1308 2984 1522 3049 dicitur,
1557 3002 1677 3055 qua:
1704 3000 1990 3060 postquam
2016 2996 2191 3048 maxi-

600 3079 697 3119 ma
744 3082 872 3136 pars
918 3070 1098 3139 populi
1148 3073 1416 3141 captivata
1462 3085 1544 3130 est
1591 3078 1644 3130 in
1679 3079 1929 3150 Assyrios
1974 3096 2192 3155 propter

607 3152 747 3209 idola
778 3172 898 3227 qua:
919 3158 1186 3226 colebant,
1217 3178 1383 3218 unum
1421 3166 1474 3219 in
1500 3166 1611 3222 Dan
1639 3169 1868 3225 alterum
1897 3176 1949 3227 in
1978 3152 2189 3246 Bethel,

2305 1977 2400 2033 illo
2425 1979 2517 2046 qui
2542 1980 2851 2045 seminavit,
2880 1979 2974 2034 sed
3003 1980 3185 2036 hostes
3213 1980 3493 2051 diripiunt
3514 1982 3638 2038 illud.

2382 2088 2399 2120 ι
2436 2067 2492 2121 In
2522 2070 2605 2123 dic
2636 2070 2988 2138 plantationis
3014 2078 3117 2125 tua:
3140 2071 3409 2128 labrusca
3443 2084 3497 2128 et
3523 2091 3759 2131 unum

2303 2168 2453 2214 tuum
2495 2158 2724 2215 ﬁorebit.
2762 2183 2780 2214 ›
2814 2161 2892 2216 Αε
2930 2163 2975 2218 si
3023 2164 3225 2219 diceret
3256 2184 3269 2217 :
3301 2164 3456 2232 Quia
3498 2167 3628 2223 oblita
3655 2169 3757 2224 42st

2304 2250 2603 2308 Salvatoris
2634 2254 2729 2319 tui,
2772 2255 2870 2309 bos
2899 2254 3078 2325 capies
3105 2256 3311 2312 fructus
3339 2275 3357 2310 :
3389 2258 3520 2314 Cum
3558 2260 3755 2330 plasmatis

2300 2347 2512 2403 vincam
2540 2357 2686 2403 tuam
2711 2350 2968 2418 optimam
2997 2350 3212 2418 Sorcth,
3237 2352 3748 2423 degenerabitrtbd‘e

2300 2438 2633 2493 maturitatis
2679 2454 2803 2493 cum
2843 2442 3120 2508 quzesieris
3145 2440 3367 2499 fructus
3390 2445 3729 2515 manumanu,

2299 2529 2354 2586 id
2382 2541 2463 2586 est
2491 2547 2623 2587 uvas
2657 2534 2846 2603 Optimi
2872 2535 3103 2605 generis,
3136 2544 3189 2589 ct
3213 2537 3322 2591 erit
3363 2538 3444 2592 ibi
3481 2536 3736 2593 IWJB

2298 2639 2482 2689 mane,
2523 2646 2541 2677 ι
2590 2626 2785 2696 inquit,
2824 2626 2876 2681 id
2926 2636 3031 2694 est,
3063 2629 3116 2682 in
3147 2630 3387 2686 exordio
3424 2634 3743 2688 messium

2299 2725 2449 2772 tuum
2493 2716 2725 2773 florebit.
2762 2739 2781 2771 ι
2812 2719 2925 2774 Hoc
2970 2720 3257 2790 dupliciter
3301 2734 3487 2792 potest
3518 2724 3686 2794 intelligi
3716 2720 3743 2773 Β

2296 2807 2428 2863 ﬁore
2457 2809 2675 2879 quidem
2705 2810 2974 2865 videbitur
3002 2812 3098 2866 tibi
3122 2814 3335 2883 species
3362 2816 3743 2873 salutisesseinw.

2297 2898 2389 2953 sed
2418 2908 2709 2968 antequam
2738 2902 3022 2970 perveniat
3057 2904 3125 2958 ad
3169 2906 3542 2976 maturitatem,
3563 2918 3746 2961 eorum

2297 2997 2385 3042 tur
2411 2990 2476 3044 ab
2505 2991 2761 3060 aerugine.
2793 2992 2889 3048 Vel
2924 3009 3101 3060 mane,
3130 2995 3184 3049 id
3214 3006 3303 3052 est
3326 3006 3446 3053 ante
3470 3007 3634 3067 tempus
3651 2995 3747 3050 ﬂore-

2294 3080 2375 3135 bit
2419 3096 2602 3137 semen
2656 3092 2825 3149 tuum,
2854 3086 3085 3157 ideoque
3125 3088 3195 3142 ad
3234 3091 3567 3145 maturitatem
3597 3101 3749 3144 ηοω*

2295 3172 2439 3239 niet,
2487 3175 2631 3243 quod
2682 3177 2925 3231 videmus
2971 3192 3038 3232 ex
3091 3179 3210 3235 istis
3260 3183 3515 3237 seminibus
3555 3197 3650 3251 qua
3676 3180 3748 3234 cito

606 3250 852 3308 Ezechiae
881 3257 1024 3326 regis
1048 3256 1243 3313 litteris
1265 3264 1609 3319 commonita:
1635 3285 1649 3318 :
1681 3283 1955 3325 conversa}
1976 3283 2099 3328 sunt
2122 3278 2183 3331 ad

2289 3265 2557 3320 oriuntur.
2588 3268 2736 3324 Unde
2766 3278 2819 3324 et
2862 3271 3145 3340 sequitur:
3185 3292 3206 3323 ι
3238 3274 3406 3328 Ablata
3435 3282 3499 3327 est
3519 3272 3672 3325 messis
3698 3272 3743 3322 in

602 3341 807 3403 cultum
837 3346 955 3411 Dei,
980 3356 1033 3402 et
1052 3349 1119 3403 ad
1150 3351 1404 3420 templum
1438 3353 1647 3409 Domini
1672 3361 1815 3426 quod
1842 3372 1959 3417 erat
1983 3364 2035 3419 in
2060 3365 2187 3423 Hie-

599 3434 889 3505 rosolymis
921 3449 1222 3495 venerunt:
1258 3442 1397 3498 sicut
1442 3444 1579 3499 liber
1620 3446 2065 3519 Paralipomenon
2098 3458 2184 3529 (II

599 3524 788 3580 Paral.
836 3543 966 3595 xxx,
1015 3531 1167 3604 xxxi)
1214 3544 1442 3590 narrat:
1474 3538 1840 3608 relinquentes
1885 3546 2022 3601 idola
2064 3566 2182 3619 quae

592 3612 837 3673 fecerant
860 3614 1058 3675 manus
1081 3632 1287 3691 eorum,
1308 3633 1361 3681 et
1386 3641 1506 3696 quae
1525 3633 1731 3700 operati
1764 3646 1888 3690 sunt
1911 3638 2060 3709 digiti
2080 3612 2178 3697 eo-
2201 3679 2205 3683 -

594 3719 738 3765 rum.
763 3712 829 3767 Et
860 3713 961 3768 hoc
1013 3723 1099 3771 est
1136 3719 1277 3786 quod
1309 3720 1439 3775 dicit
1479 3739 1601 3777 cum
1644 3726 1820 3782 deleta
1869 3729 2033 3786 fuerit
2077 3735 2180 3790 Da-

592 3812 810 3858 mascus
838 3805 905 3859 ab
934 3804 1189 3877 Assyriis,
1219 3821 1273 3863 et
1304 3809 1425 3883 Syri
1451 3814 1502 3867 iu
1526 3817 1722 3883 quibus
1750 3819 1998 3877 ﬁduciam
2022 3841 2175 3881 suam

591 3892 778 3948 decem
806 3896 978 3951 tribus
1006 3900 1235 3967 positam
1263 3902 1536 3960 habebant
1566 3924 1578 3960 :
1616 3917 1744 3964 tunc
1773 3912 1935 3969 homo
1972 3918 2061 3985 qui
2092 3934 2177 3973 re-

588 3983 750 4042 lictus
778 3988 941 4042 fuerit
968 4005 1034 4043 ex
1074 3991 1204 4060 ipsis
1234 3994 1420 4050 decem
1451 3998 1699 4056 tribubus
1724 3983 2093 4076 inclinabitur,
2120 4022 2174 4067 et

586 4088 936 4133 convertetur
962 4084 1028 4135 ad
1060 4082 1323 4138 factorem
1351 4102 1507 4142 suum
1530 4091 1697 4147 Deum
1722 4100 2168 4174 omnipotentem,

585 4176 640 4221 et
685 4169 913 4238 amplius
941 4186 1047 4225 non
1099 4174 1345 4231 adorabit
1394 4194 1558 4249 opera
1608 4200 1865 4243 manuum
1926 4169 2165 4253 suarum.

588 4266 612 4309 ι
645 4258 760 4313 Non
790 4263 1046 4332 respiciet
1075 4265 1223 4322 lucos
1270 4278 1325 4324 et
1370 4271 1613 4343 delubra,
1647 4298 1666 4330 ›
1695 4282 1952 4342 subaudis
1983 4288 2163 4360 homo,

585 4352 675 4420 qui
704 4351 924 4408 relictus
954 4354 1117 4411 fuerit
1150 4358 1216 4414 de
1244 4360 1429 4417 decem
1460 4366 1724 4426 tribubus.
1754 4372 1883 4429 Luci
1925 4389 2051 4434 sunt
2086 4351 2167 4437 lo;

581 4457 643 4497 ca
674 4459 954 4501 nemorosa
979 4459 1032 4503 et
1053 4466 1237 4520 opaca,
1263 4454 1315 4507 in
1339 4456 1532 4526 quibus
1553 4475 1776 4534 propter
1796 4473 2163 4532 ammnitatcm

579 4534 918 4591 collocabant
944 4538 1080 4593 idola
1101 4556 1217 4608 sua,
1245 4553 1298 4599 et
1320 4561 1536 4604 omnem
1557 4552 1968 4617 delectationem
1990 4575 2043 4619 et
2070 4583 2163 4623 vo-

576 4622 836 4694 luptatem
866 4637 994 4684 ante
1021 4630 1285 4689 idolorum
1325 4652 1448 4694 aras
1477 4648 1822 4704 exercebant.
1855 4652 2033 4719 Quare
2063 4674 2158 4713 au-

577 4722 686 4770 tem
710 4716 930 4772 delubra
958 4719 1227 4791 dicantur,
1257 4730 1505 4798 superius
1529 4733 1729 4790 dictum
1756 4749 1855 4794 est.

653 4825 673 4858 ‹
708 4808 764 4862 ln
794 4809 881 4864 die
923 4811 1029 4879 illa,
1072 4834 1089 4867 ι
1143 4818 1396 4876 subaudis
1448 4826 1784 4886 venientibus
1824 4834 2059 4907 Assyriis
2101 4850 2156 4897 et

571 4902 915 4958 vastantibus
944 4920 1050 4960 non
1082 4908 1252 4964 solum
1282 4910 1621 4983 Damascum,
1652 4923 1743 4978 sed
1765 4902 2152 4992 etiam—terram

571 4990 756 5092 decem
786 4994 1021 5051 tribuum
1055 5016 1068 5053 :
1105 5019 1123 5050 ‹
1145 5011 1305 5057 erunt
1333 5007 1579 5065 civitates
1606 5011 1939 5076 fortitudinis
1968 5022 2102 5092 ejus,
2126 5046 2144 5078 ι

570 5074 625 5138 id
654 5094 739 5140 est
759 5087 1005 5145 civitates
1032 5092 1218 5149 decem
1249 5097 1483 5156 tribuum
1522 5122 1540 5153 ‹
1565 5106 1833 5165 derelicta:
1854 5132 1872 5165 ι
1902 5074 2151 5173 abba—bi:-

571 5178 838 5276 tatoribus
867 5183 978 5237 suis
1012 5203 1025 5235 :
1067 5204 1084 5237 ‹
1123 5187 1265 5242 sicut
1292 5202 1474 5248 aratra
1505 5198 1559 5252 ct
1592 5210 1825 5271 segetes,
1859 5222 1979 5276 quae
1999 5209 2151 5266 dere-

568 5264 709 5323 lictae
738 5279 864 5326 sunt
892 5286 923 5327 a
946 5271 1083 5331 faeie
1109 5276 1343 5336 ﬁliorum
1377 5282 1560 5342 Israel.
1600 5308 1619 5342 ι
1657 5264 1773 5350 Iloc
1812 5264 1923 5353 non
1962 5264 2149 5357 contra

567 5354 889 5415 Damascum
935 5362 1193 5435 loquitur,
1232 5372 1326 5426 sed
1365 5384 1551 5433 contra
1588 5380 1775 5439 decem
1818 5354 1988 5445 tribus

564 5450 900 5541 vocabantur
919 5452 1191 5513 Israelitae.
1219 5461 1286 5517 Et
1315 5465 1466 5535 dicit,
1490 5471 1616 5539 quia
1643 5475 1783 5530 sicut
1804 5450 2146 5541 venientibus

490 5590 493 5601 ,
564 5535 695 5644 olim
718 5539 841 5598 ﬁliis
866 5541 1029 5601 Israel
1053 5547 1355 5611 Amorrbzei
1386 5535 1592 5619 relictis
1618 5569 1817 5623 aratris
1847 5535 2141 5644 fugerunt

564 5629 640 5741 ita
662 5649 878 5736 quoque
911 5639 1039 5708 ipsa:
1075 5642 1259 5702 decem
1306 5651 1480 5710 tribus
1524 5659 1864 5720 venientibus
1907 5629 2145 5741 Kssyriis

563 5720 793 5793 fugient,
825 5744 855 5781 a
895 5745 1123 5799 quarum
1163 5736 1301 5795 facie
1340 5749 1609 5812 quondam
1656 5751 1903 5824 fugerant
1953 5720 2142 5821 alienae

562 5822 766 5884 gentes.
800 5837 818 5871 ί
858 5820 922 5875 Et
947 5824 1054 5881 eris
1074 5826 1307 5899 deserta,
1342 5853 1360 5887 ›
1395 5852 1428 5893 o
1469 5840 1619 5908 plebs
1648 5820 1830 5902 decem
1884 5851 2138 5924 tribuum,

2287 3358 2373 3413 die
2403 3361 2751 3426 haereditatis,
2787 3383 2804 3413 ι
2834 3364 2935 3419 hoc
2960 3373 3063 3430 est,
3088 3382 3214 3421 cum
3237 3368 3462 3421 debuisset
3479 3366 3522 3419 in
3540 3364 3733 3418 horreum

2284 3451 2466 3518 condi,
2490 3452 2665 3506 ablata
2702 3464 2785 3509 est
2812 3455 2897 3509 vel
2943 3455 3009 3510 ab
3049 3457 3318 3521 hostibus,
3342 3458 3418 3513 vel
3434 3472 3487 3512 eo
3511 3456 3638 3510 modo
3665 3468 3744 3523 quo

2283 3555 2445 3609 supra
2481 3542 2733 3597 diximus.
2770 3564 2787 3595 ί
2823 3544 2890 3599 Ει
2924 3545 3127 3600 dolebit
3159 3549 3416 3618 graviter,
3452 3548 3572 3602 IlIOC
3587 3554 3666 3609 est,
3688 3559 3743 3598 su-

2278 3649 2377 3706 per
2407 3636 2599 3692 ablatis
2625 3639 2914 3695 messibus.

2356 3747 2372 3777 ι
2418 3728 2494 3782 De
2541 3730 2880 3786 multitudine
2900 3733 3222 3803 populorum
3256 3733 3741 3802 multorum,isuluu~

2279 3818 2360 3872 dis
2405 3820 2737 3876 venientium
2789 3839 2915 3878 cum
2970 3823 3346 3884 Sennacberib
3383 3838 3549 3885 contra
3579 3826 3740 3897 pontium

2276 3914 2474 3971 m'cuni,
2514 3931 2531 3962 ‹
2567 3921 2625 3965 ut
2666 3914 2952 3970 multitudo
2996 3918 3162 3974 maris
3203 3923 3469 3989 sonantis,
3501 3930 3546 3975 et
3576 3916 3739 3973 tumultus

2277 4002 2578 4068 turbarum,
2610 4006 2749 4059 sicut
2778 4009 2987 4064 sonitus
3027 4026 3289 4082 aquarum
3320 4016 3602 4069 multarum.
3626 4033 3639 4063 ι
3660 4011 3738 4064 δεῖν

2274 4097 2532 4152 nacberib
2560 4108 2613 4153 et
2657 4103 2917 4157 exercitui
2966 4103 3106 4161 illius
3136 4124 3299 4177 quem
3348 4112 3559 4167 diversis
3586 4107 3740 4180 gentile

2272 4199 2715 4258 COngegaverat,
2744 4208 2840 4262 per
2868 4210 3027 4264 quem
3060 4198 3227 4253 voluit
3266 4202 3453 4259 delere
3475 4202 3669 4274 populum
3687 4199 3740 4251 [te

2270 4276 2400 4330 mini
2437 4295 2448 4330 :
2484 4279 2721 4335 minatur
2750 4298 2926 4339 sermo
2957 4289 3305 4360 propheticus
3342 4292 3459 4362 Vae,
3489 4296 3536 4351 id
3565 4305 3628 4351 est
3648 4300 3738 4345 etu-

2268 4383 2393 4422 nam
2417 4368 2818 4429 damnationem
2831 4384 3154 4437 etaeternum
3178 4386 3520 4455 supplicium.
3543 4388 3643 4442 Cum
3659 4392 3739 4436 tam

2267 4463 2409 4517 enim
2468 4464 2807 4524 multitudine
2856 4473 3148 4541 veniebat,
3199 4487 3257 4531 ut
3304 4494 3478 4537 sonus
3519 4480 3740 4536 exercitum

2267 4558 2571 4627 comparari
2601 4571 2789 4630 posset
2818 4566 3017 4621 sonitui
3065 4570 3229 4624 maris
3278 4577 3431 4642 quod
3462 4593 3493 4629 a
3518 4577 3742 4647 longem-

2264 4658 2382 4715 nat,
2412 4659 2503 4705 aut
2532 4652 2698 4708 etiam
2731 4657 2929 4713 sonitui
2955 4675 3216 4731 aquarum
3249 4653 3563 4722 multarum.

2340 4779 2357 4811 ι
2414 4760 2696 4818 Souabunt
2743 4768 2943 4838 populi,
2981 4790 3001 4823 δ
3061 4774 3350 4840 subaudis,
3399 4778 3647 4834 venientes
3676 4785 3747 4827 ω

2263 4848 2651 4918 Sennacberib,
2686 4874 2704 4907 ι
2736 4858 2876 4913 sicut
2905 4862 3114 4920 sonitus
3156 4880 3425 4935 aquarum
3450 4864 3747 4923 inundantia!-

2260 4940 2329 4996 Et
2360 4943 2659 5014 increpabit
2688 4963 2830 5015 eum,
2864 4971 2883 5004 ›
2921 4953 2974 5007 id
3015 4963 3100 5010 est
3139 4956 3536 5026 Sennacherib,
3566 4957 3750 5017 ὐοωὶιυ

2261 5039 2530 5089 tantorum
2556 5040 2912 5110 exercituum,
2946 5064 2963 5095 ι
2994 5054 3051 5100 ει
3069 5044 3235 5118 fugiet
3257 5053 3451 5120 procul
3478 5073 3499 5107 ›
3531 5055 3590 5108 de
3608 5049 3752 5105 lenist-

2257 5120 2359 5179 lem
2391 5126 2445 5179 in
2474 5127 2706 5185 Niniven
2741 5150 2759 5182 ε
2792 5142 2847 5188 et
2884 5136 3123 5205 rapietur
3153 5158 3172 5191 ›
3205 5140 3272 5196 de
3308 5140 3621 5209 Jerusalem,
3641 5136 3754 5195 τάδε

2255 5214 2357 5273 hoc
2395 5222 2615 5289 mundo,
2647 5242 2665 5275 ι
2696 5225 2838 5281 sicut
2871 5230 3047 5298 pulvis
3084 5235 3346 5291 montium
3388 5254 3420 5294 a
3448 5240 3583 5296 facie
3602 5234 3753 5293 venti.»

2252 5307 2440 5367 Nonne
2502 5314 2803 5386 increpavit
2840 5336 2964 5375 eum
3013 5322 3295 5395 Dominus,
3347 5334 3568 5402 quando
3610 5340 3757 5388 enim
3848 5308 3849 5361 Ὺ

2252 5405 2549 5461 exercitum
2603 5408 2748 5465 illius
2799 5411 3103 5483 interfecit,
3150 5430 3348 5491 praeter
3412 5427 3594 5482 decem
3633 5416 3759 5478 vinis?

2250 5492 2438 5552 Nonne
2476 5499 2615 5555 sicut
2644 5502 2819 5572 pulvis
2842 5514 2927 5562 est
2953 5519 3137 5579 raptus
3171 5511 3237 5568 de
3272 5513 3588 5582 Jerusalem,
3609 5510 3762 5587 ιιιιωάο

2249 5601 2373 5642 cum
2411 5591 2753 5659 paucissimis
2798 5597 2929 5654 viris
2969 5598 3107 5673 fugit
3152 5588 3205 5659 in
3248 5606 3521 5663 Niniven?
3548 5601 3762 5662 Nonnede

2248 5676 2352 5733 hoc
2385 5681 2585 5736 mundo
2620 5699 2726 5738 non
2752 5698 2837 5740 est
2866 5698 3072 5759 raptus,
3103 5696 3319 5764 quando
3343 5698 3613 5769 insperate
3639 5698 3761 5751 inter-

2245 5767 2420 5826 fectus
2450 5782 2532 5827 est
2560 5790 2589 5828 a
2620 5775 2743 5832 ﬁliis
2772 5780 2903 5835 suis.
2934 5782 3218 5854 Sequitur:
3430 5767 3446 5769 _
3785 5775 3795 5791 ’

2324 5882 2340 5913 ι
2376 5861 2432 5917 In
2460 5872 2700 5937 tempore
2729 5874 2958 5941 vesperi,
2984 5893 3001 5925 υ
3033 5877 3291 5937 subaudis
3320 5884 3514 5950 noctis,
3546 5882 3594 5938 id
3617 5888 3765 5938 estex-
