3918 6456
112 365 233 427 805

1251 358 1604 418 COMMENT.
1645 354 1712 412 IN
1745 352 1999 411 ISAIAM.
2040 354 2175 409 LIB.
2215 353 2261 410 Il

3268 357 3378 421 806

114 492 296 539 trema
319 486 474 552 parte
493 478 697 536 noctis:
719 497 737 531 ι
759 482 886 535 ecce
912 476 1145 532 turbatio
1167 495 1186 527 ι
1204 490 1367 546 super
1396 473 1543 528 illam
1565 469 1701 526 inul-
1728 472 1776 531 Α
1802 474 1887 521 est
1914 467 2086 520 nuntii
2112 466 2286 522 nostri
2322 484 2341 517 ς
2369 465 2584 524 veloces
2608 466 2674 524 ad
2702 473 2916 539 gentem
2953 467 3119 527 Israel
3159 473 3381 530 convul.

111 573 405 629 titudinem
452 570 641 641 angelo
669 567 1187 639 Dominipraaliante.
1236 587 1254 618 ‹
1284 566 1342 620 In
1372 564 1637 619 matutino
1675 581 1695 613 ι

112 663 372 719 similiter
400 662 631 715 turbatio
662 680 678 711 ι
716 667 769 715 et
796 674 901 714 non
928 657 1187 713 subsistet
1205 676 1222 708 ι
1249 655 1517 710 exercitus
1533 652 1697 707 illius.

116 773 135 804 ι
171 752 304 807 Haec
327 760 410 807 est
437 766 563 820 pars
595 749 807 804 illorum
844 749 935 819 qui
967 754 1316 802 vastaverunt
1343 761 1463 811 nos,
1497 753 1552 800 et
1571 758 1699 815 pars

110 841 489 912 diripientium
522 856 638 895 nos.
668 859 685 891 ι
706 838 973 911 Propheta
997 839 1235 909 loquitur
1261 852 1328 892 ex
1349 852 1579 907 persona
1602 850 1698 904 po-

108 935 231 1005 puli
259 932 443 1000 lsrael,
469 941 523 989 et
550 931 726 1002 jungit
757 948 815 987 se
848 932 970 986 illis.
1004 931 1133 998 Quae
1164 930 1268 985 fuit
1288 945 1415 1000 ergo
1436 943 1562 999 pars
1590 926 1697 982 As-

109 1028 390 1097 syriorum
417 1025 507 1095 qui
535 1030 877 1079 vastaverunt
909 1038 1123 1078 omnem
1149 1020 1333 1087 Israel,
1363 1033 1416 1075 et
1438 1020 1530 1090 qui
1554 1018 1695 1091 bona

110 1119 340 1172 illorum
368 1117 470 1172 sibi
502 1116 880 1186 diripuerunt?
911 1113 982 1170 Ut
1008 1116 1060 1169 in
1086 1114 1361 1185 pulverem
1391 1112 1699 1182 redigeren-

111 1218 207 1263 tur
234 1208 679 1280 atquefavillam,
712 1208 1018 1279 consumpti
1051 1208 1119 1263 ab
1147 1207 1270 1277 igne
1297 1204 1585 1277 spirituali.

679 1358 901 1415 CAPUT
956 1354 1139 1412 XV’li‘l.

196 1494 213 1525 ‹
244 1474 338 1529 Vae
368 1483 525 1529 terrae
550 1472 796 1544 cymbalo
821 1472 1187 1540 alarum,quae
1213 1477 1297 1523 est
1325 1477 1473 1523 trans
1497 1466 1698 1523 ﬂumen

113 1567 434 1637 AitliiOpize.
458 1587 475 1617 ι
506 1566 848 1622 Convertitur
867 1581 1029 1619 verus
1055 1578 1232 1618 sermo
1260 1562 1607 1632 propheticus
1630 1560 1699 1617 ad

115 1660 436 1733 Aigyptum,
464 1669 513 1714 et
560 1659 793 1730 appellat
831 1658 974 1712 illaut
1026 1655 1330 1728 cymbalum
1378 1655 1583 1710 alarum
1627 1656 1696 1710 ob

1805 573 1943 624 sam,
1979 577 1996 608 ι
2030 558 2133 612 hoc
2162 564 2243 612 est
2272 567 2575 629 separatam
2605 574 2635 612 a
2665 557 2796 625 Deo,
2826 568 2883 615 et
2905 575 2935 615 a
2968 569 3105 616 terra
3147 578 3241 619 sua
3264 562 3380 636 jam

1804 664 1869 704 ex
1900 647 2135 703 maxima
2165 657 2337 719 parte,
2366 657 2420 704 et
2453 650 2801 707 dilaceratam
2840 652 3243 725 impugnatione
3279 658 3380 717 As-

1802 738 2092 810 syriorum,
2126 756 2144 788 f
2174 738 2240 792 ad
2268 739 2522 810 populum
2553 739 2820 811 quondam
2858 745 3173 812 terribilem,
3206 766 3224 799 ι
3251 748 3380 805 dum

1802 829 1972 907 Deum
1994 829 2625 899 habebatprotectorcm.
2656 852 2673 884 ι
2707 832 2837 889 Post
2860 851 3042 903 quem,
3073 856 3089 888 ι
3121 840 3379 896 subaudis

1802 923 2077 993 populum,
2103 941 2120 972 ί
2148 938 2255 977 non
2280 933 2364 977 est
2388 922 2525 976 alius
2555 944 2573 974 ›
2606 922 2680 977 ita
2712 926 2991 992 terribilis,
3022 927 3073 983 id
3096 938 3200 996 est,
3225 931 3378 1001 cujus

1800 1015 2054 1087 potentia:
2076 1015 2252 1068 nullus
2278 1016 2671 1084 comparandus
2697 1026 2800 1084 est,
2830 1038 2847 1070 ι
2871 1021 2935 1074 ad
2958 1029 3170 1091 gentem
3196 1038 3384 1093 exspe-

1802 1114 2040 1170 cantem,
2074 1124 2092 1155 ι
2131 1103 2388 1159 subaudis
2420 1105 2513 1159 Dei
2542 1105 2801 1160 auxilium
2839 1108 2923 1163 vel
2952 1119 3217 1176 nostrum,
3265 1130 3283 1161 ‹
3325 1118 3381 1165 et

1802 1194 2172 1249 conculcatain
2210 1216 2227 1245 ι
2274 1209 2304 1248 a
2342 1193 2569 1249 diversis
2614 1196 2881 1265 gentibus,
2929 1218 2946 1249 ε
2976 1200 3130 1270 cujus
3178 1207 3379 1254 terram

1799 1285 2040 1353 ﬂumina,
2078 1306 2096 1337 ι
2129 1287 2182 1340 id
2220 1295 2304 1341 est
2342 1285 2537 1341 diversi
2580 1302 2734 1357 reges
2772 1296 2827 1342 et
2864 1289 3154 1360 principes,
3194 1310 3210 1341 ‹
3250 1290 3381 1345 diri-

1798 1386 2053 1449 puerunt,
2090 1396 2107 1427 ι
2140 1377 2252 1431 sive
2282 1376 2515 1447 populati
2542 1388 2686 1430 sunt.
2715 1376 2973 1448 Quodque
2994 1379 3236 1449 sequitur
3259 1398 3279 1430 ‹
3314 1379 3381 1434 ad

1800 1478 2039 1523 montem
2061 1468 2293 1522 nominis
2312 1465 2525 1521 Domini
2546 1468 2902 1532 exercituum,
2940 1488 2959 1521 ι
2988 1477 3224 1524 montem
3249 1468 3379 1525 Sion

1801 1562 2088 1632 dupliciter
2116 1568 2294 1631 potest
2336 1558 2580 1631 intelligi.
2622 1560 2884 1629 Primum,
2916 1569 2975 1616 ut
3009 1577 3039 1615 a
3079 1571 3229 1632 parte
3257 1577 3382 1633 pro-

1799 1659 1973 1730 phetm
2009 1658 2079 1712 sit
2119 1658 2344 1723 dictum,
2381 1658 2535 1728 quasi
2572 1657 2939 1737 interrogatus
2984 1658 3051 1713 ab
3094 1656 3273 1727 aliquo
3312 1658 3380 1713 ad

116 1750 490 1821 bujuBcemodi
524 1766 737 1805 causas.
765 1748 917 1804 Nilus
948 1764 1174 1820 magnus
1211 1748 1422 1812 ﬂuvius,
1456 1748 1572 1818 ipse
1611 1756 1695 1802 est
1730 1791 1774 1850 Β
1799 1763 1959 1817 quam
1997 1756 2211 1817 gentem
2253 1746 2335 1801 vel
2384 1755 2585 1800 terram
2632 1747 2908 1801 mitterent
2946 1746 3021 1801 illi
3060 1746 3294 1811 nuntios,
3323 1755 3380 1803 et

118 1843 260 1898 Gion
285 1843 505 1897 veniens
545 1857 640 1911 per
679 1840 1013 1910 IEthiopiam
1053 1848 1108 1893 et
1144 1855 1368 1894 currens
1411 1853 1507 1908 per
1529 1837 1696 1909 AEgy-

120 1941 296 2002 ptuni.
322 1931 425 1998 Qui
449 1938 735 2001 antequam
767 1931 1097 1985 divideretur
1125 1930 1181 1984 in
1212 1941 1417 1999 septem
1448 1930 1592 1985 rivos
1628 1930 1696 1986 ab

118 2023 429 2077 Alexandro
456 2037 668 2093 magno,
699 2037 906 2077 necnon
934 2031 989 2076 et
1018 2029 1203 2091 postea
1229 2036 1352 2076 cum
1383 2035 1579 2090 magno
1604 2036 1694 2076 so-

119 2113 239 2166 nitu
294 2113 509 2180 ﬂucbat,
543 2124 727 2185 utpote
756 2131 855 2185 per
898 2124 1157 2170 montana
1204 2114 1533 2169 descendens
1568 2130 1697 2169 :ve-

117 2200 218 2255 luti
246 2204 385 2260 solet
414 2206 620 2261 sonitus
666 2207 955 2262 multarum
995 2207 1293 2277 garrituum
1328 2222 1450 2262 esse
1490 2206 1691 2261 avium.

116 2292 186 2348 Et
217 2296 338 2351 ideo
366 2296 734 2366 hujuscemodi
765 2298 1050 2353 multitudo
1077 2299 1259 2369 populi
1302 2298 1508 2352 alarum
1547 2313 1696 2354 com-

112 2393 339 2454 paratur
382 2386 580 2440 sonitui
622 2404 635 2440 :
676 2386 828 2440 velox
872 2388 1067 2457 quippe
1109 2389 1459 2458 concitusque
1513 2389 1694 2443 avium

111 2477 349 2543 volatus,
378 2478 606 2549 cymbali
648 2479 883 2533 sonitum
928 2480 1123 2535 reddit.
1147 2480 1332 2535 Potest
1360 2481 1523 2534 etiam
1563 2482 1696 2536 sim-

111 2567 330 2636 pliciter
363 2568 436 2622 ita
466 2568 687 2639 intelligi
716 2586 729 2621 :
755 2570 881 2638 quia
908 2569 1021 2639 ipse
1048 2566 1241 2625 ﬂuvius
1270 2570 1530 2625 citissime
1567 2586 1694 2626 cur-

110 2674 283 2724 rens,
328 2660 564 2716 sonitum
613 2660 818 2719 alarum
865 2661 917 2715 in
962 2661 1180 2716 modum
1219 2662 1451 2732 cymbali
1506 2662 1688 2717 habet.

112 2752 435 2823 Cyinbalum
472 2754 680 2809 alarum
718 2754 916 2808 dicitur
951 2764 1172 2825 propter
1199 2755 1540 2810 velocitatem
1580 2754 1693 2810 fru-

112 2860 244 2915 gum
300 2845 430 2900 inibi
473 2846 831 2911 nasccntium,
857 2846 982 2915 quia
1030 2847 1171 2900 sicut
1212 2846 1328 2900 avis
1376 2847 1483 2901 cito
1512 2847 1689 2913 volat,

112 2936 191 2989 ita
224 2936 312 2991 ille
344 2936 538 2991 ﬂuvius
575 2932 975 3007 comparatione
1012 2936 1239 2991 aliarum
1280 2947 1541 2993 terrarum
1583 2940 1691 2995 cito

1802 1838 2176 1908 responderit,
2231 1840 2298 1893 ad
2358 1838 2532 1892 locum
2591 1838 2827 1893 nominis
2876 1838 3088 1893 Domini
3140 1847 3380 1894 montem

1801 1929 1955 1997 Sion,
1982 1931 2048 1985 ad
2086 1929 2403 1985 Jerusalem.
2433 1929 2618 1985 Potest
2654 1938 2709 1984 et
2749 1945 2778 1984 a
2818 1938 2974 2001 parte
3005 1930 3381 2002 Egyptiorum

1798 2023 2103 2092 principum
2143 2038 2263 2077 esse
2294 2022 2519 2087 dictum,
2547 2021 2704 2091 quasi
2747 2021 3068 2092 interrogati
3097 2037 3127 2075 a
3156 2021 3377 2091 nuntiis,

1798 2113 1995 2182 quibus
2020 2114 2308 2168 dicebant:
2340 2113 2438 2178 Ite,
2468 2113 2641 2185 angeli
2675 2113 2923 2169 veloces:
2947 2129 3054 2185 quo
3080 2111 3374 2189 (inquiunt)

1797 2207 2092 2277 praecipitis
2122 2214 2179 2260 ut
2208 2220 2416 2272 camus,
2434 2206 2839 2276 responderunt
2873 2206 3103 2272 ironice,
3130 2206 3221 2277 qui
3256 2205 3379 2261 mit-

1800 2301 1983 2355 tebant
2011 2314 2104 2353 eos
2155 2298 2223 2352 ad
2267 2298 2444 2353 locum
2474 2297 2565 2351 ubi
2594 2298 2863 2367 quondam
2890 2296 2992 2352 fuit
3036 2313 3232 2353 nomen
3262 2297 3376 2365 Dei,

1799 2387 1851 2442 id
1880 2396 1964 2441 est
1998 2388 2065 2441 ad
2094 2393 2332 2441 montem
2361 2386 2511 2440 Sion.

1873 2499 1889 2530 ι
1921 2479 2125 2535 Omnes
2149 2479 2484 2534 habitatores
2509 2478 2655 2535 orbis
2683 2477 2776 2548 qui
2802 2478 3087 2534 moramini
3117 2478 3172 2534 in
3203 2486 3372 2549 terra,

1795 2586 1918 2626 cum
1946 2570 2213 2625 elevatum
2236 2568 2400 2624 fuerit
2421 2570 2633 2641 signum
2654 2569 2709 2622 in
2732 2568 3003 2624 montibus
3031 2568 3301 2635 videbitis,
3326 2575 3383 2625 et

1795 2662 2106 2733 clangorem
2131 2662 2271 2716 tubae
2293 2661 2547 2716 audietis.
2581 2680 2598 2712 ι
2627 2660 2932 2729 Alloquitur
2958 2661 3118 2717 modo
3140 2660 3385 2732 omnipo;

1794 2766 1917 2814 tens
1946 2753 2087 2810 Deus
2111 2768 2299 2809 omnes
2323 2760 2511 2823 gentes
2554 2753 2608 2807 in
2651 2761 2766 2808 toto
2796 2753 2927 2808 orbe
2956 2760 3373 2818 commorantes,

1794 2850 1985 2905 dicens
2012 2869 2025 2903 :
2051 2848 2346 2917 Attendite,
2370 2865 2559 2904 omnes
2582 2858 2789 2920 gentes.
2815 2851 2948 2905 Cum
2973 2849 3239 2905 elevatum
3270 2848 3383 2905 fue-

1792 2942 1865 2995 rit
1891 2942 2106 3012 signum
2142 2940 2387 2996 victoriae
2417 2942 2766 3012 Assyriorum
2812 2940 2865 2995 in
2918 2941 3189 2995 montibus
3214 2938 3380 3010 Egy-

114 3028 300 3100 fruges
354 3037 612 3101 generat,
662 3031 770 3085 Deo
818 3029 891 3083 ita
943 3029 1276 3098 disponente.
1333 3030 1584 3086 Dicamus
1636 3039 1690 3085 et
1790 3033 2050 3105 ptiorum,
2078 3042 2207 3088 tunc
2242 3032 2513 3096 videbitis,
2542 3032 2597 3086 id
2631 3041 2734 3097 est,
2764 3031 3078 3103 intelligetis
3102 3030 3246 3101 quod
3278 3045 3381 3103 ego

113 3134 311 3196 quarto
370 3124 530 3180 modo
557 3164 571 3189 ,
640 3120 997 3194 intelligentes
1061 3136 1158 3191 per
1214 3122 1519 3192 cymbalum
1572 3122 1688 3177 alae
1719 3157 1765 3218 Ε
1797 3126 2149 3196 cogitaverim
2193 3134 2247 3180 et
2285 3124 2633 3195 praeceperim
2681 3139 2846 3194 super
2886 3124 3211 3195 ngyptum,
3254 3124 3381 3194 quia

113 3237 237 3275 rum
274 3218 534 3274 auxilium
562 3226 617 3271 et
644 3216 1054 3286 protectionem,
1086 3229 1246 3283 quam
1290 3213 1365 3267 illi
1406 3215 1689 3282 promitte-

112 3314 246 3370 bant
285 3314 494 3369 duabus
534 3311 799 3364 tribubus.
838 3308 991 3373 Quod
1038 3322 1136 3375 per
1180 3305 1294 3359 alas
1338 3305 1595 3358 auxilium
1638 3315 1695 3361 et

112 3408 509 3479 protectionem
540 3401 839 3469 intelligere
862 3400 1176 3463 debeamus,
1199 3398 1483 3452 Psalmista
1514 3408 1695 3471 ostch

117 3500 211 3559 dit,
238 3496 426 3551 dicens
460 3492 528 3545 ad
567 3490 733 3545 Deum
764 3507 777 3543 :
819 3510 838 3541 ι
880 3488 992 3545 Sub
1016 3490 1208 3545 umbra
1238 3490 1444 3544 alarum
1478 3500 1694 3545 tuarum

116 3597 341 3659 protege
395 3584 543 3654 me.(
575 3582 722 3637 Psal.
759 3598 847 3637 xvr
874 3582 915 3653 ).
968 3603 987 3636 ι
1034 3582 1239 3638 Idcirco
1282 3598 1412 3652 ergo
1460 3583 1697 3636 minatur

121 3675 355 3747 Egypto
384 3674 643 3729 Dominus
671 3673 832 3739 mala,
859 3674 982 3742 quia
1014 3674 1152 3728 sicut
1184 3671 1341 3743 Syria
1380 3674 1563 3727 decem
1597 3674 1694 3727 tri-

121 3769 315 3831 bubus,
342 3767 414 3821 ita
444 3765 532 3820 isti
563 3780 660 3819 sua
685 3766 884 3819 virtute
921 3764 1134 3829 confisi,
1160 3763 1528 3833 promittendo
1574 3764 1695 3819 istis

120 3859 529 3932 protectionem,
557 3857 797 3912 tulerunt
835 3855 901 3910 ab
938 3856 1018 3910 eis
1051 3855 1301 3910 timorem
1341 3853 1574 3909 Domini.
1604 3854 1696 3911 Va:

127 3953 337 4025 (inquit)
368 3962 524 4007 terrae
545 3948 786 4021 ngypti,
802 3950 926 4019 quia
949 3950 1002 4004 in
1025 3950 1215 4004 umbra
1240 3949 1449 4004 alarum
1472 3966 1693 4006 suarum

129 4048 386 4126 prninittit
409 4044 668 4100 auxilium
697 4044 904 4098 duabus
933 4043 1208 4107 tribubus,
1234 4042 1373 4097 sicut
1395 4042 1689 4097 Damascus

138 4136 305 4194 {lucem
324 4156 336 4192 :
358 4138 484 4207 quia
506 4146 648 4192 terra
667 4134 887 4208 Egypti
902 4144 985 4191 est
1000 4144 1149 4191 trans
1171 4134 1689 4206 ﬂumenEthiOpim,

135 4234 177 4291 id
202 4240 457 4288 esttrans
484 4232 627 4285 rivos
656 4229 759 4284 Nili
786 4228 1019 4285 ﬂuminis
1046 4230 1137 4299 qui
1156 4229 1225 4285 de
1249 4228 1524 4300 IEthiopia
1552 4229 1689 4285 ﬂuit.

124 4323 274 4390 Quod
303 4331 482 4376 autem
512 4321 755 4390 sequitur
784 4338 796 4373 :

198 4432 215 4464 ε
257 4411 357 4480 Qui
404 4411 570 4466 mittit
610 4411 664 4465 in
708 4410 845 4465 mari
891 4410 1094 4481 legatos
1132 4426 1147 4475 ;
1189 4429 1207 4461 ι
1250 4410 1376 4480 quia
1427 4408 1693 4480 Egyptus

1796 3228 1925 3273 tunc
1959 3220 2270 3289 clangorem
2293 3219 2435 3272 tuba:
2461 3217 2710 3281 audietis,
2728 3217 3106 3287 incipientibus
3130 3230 3371 3287 pugnare

1795 3311 2052 3380 Assyriis.

1874 3420 1890 3449 ι
1918 3400 2052 3466 Quia
2078 3400 2193 3453 haec
2214 3398 2344 3453 dicit
2364 3398 2621 3453 Dominus
2644 3398 2711 3453 ad
2735 3412 2820 3451 me
2839 3416 2851 3451 :
2868 3396 3151 3465 Quiescam
3178 3398 3232 3451 in
3261 3397 3380 3453 loco

1797 3508 1939 3557 meo,
1965 3512 1982 3544 ι
2005 3493 2056 3547 id
2078 3493 2233 3547 estin
2254 3491 2565 3547 caelestibus
2581 3477 2796 3555 sedebo,
2828 3508 2846 3542 ι
2876 3499 2930 3546 et
2951 3490 3329 3556 considerabo,
3355 3510 3372 3542 ι

1798 3586 2058 3641 subaudis
2081 3586 2329 3656 quisnam
2350 3585 2600 3639 adveniat
2621 3585 2763 3638 linis.
2783 3583 2921 3649 Quid
2946 3582 3157 3638 locutus
3169 3591 3253 3639 est
3271 3583 3378 3638 Do-

1799 3678 1977 3731 minus
1997 3677 2062 3729 ad
2084 3677 2422 3746 prophetam.
2448 3675 2521 3729 Ea
2545 3685 2663 3743 qua:
2686 3684 2985 3743 sequuntur
3005 3693 3048 3727 ε(
3075 3673 3279 3737 Sicut,»
3299 3675 3379 3729 in-

1798 3769 1931 3838 quit,
1963 3786 1979 3818 ι
2006 3768 2303 3822 meridiana
2320 3768 2433 3821 dies
2453 3766 2600 3821 clara
2621 3774 2722 3832 est,
2741 3774 2795 3821 et
2816 3766 2955 3821 sicut
2969 3766 3139 3821 nubes
3160 3766 3298 3820 roris
3324 3767 3379 3820 in

1798 3860 1885 3913 die
1910 3858 2124 3913 messis.
2164 3877 2182 3908 ι
2209 3857 2278 3911 Et
2306 3865 2388 3911 est
2416 3871 2628 3911 sensus.
2662 3854 2815 3910 Sicut
2836 3856 2889 3908 in
2913 3864 3026 3909 toto
3041 3855 3126 3910 die
3143 3850 3275 3909 nihil
3296 3862 3381 3911 est

1799 3950 2002 4006 clarius
2031 3950 2279 4015 meridie,
2308 3957 2363 4004 et
2393 3950 2534 4004 sicut
2558 3947 2890 4003 messoribus
2914 3948 3153 4018 fatigatis
3183 3948 3379 4019 gratis-

1798 4043 1970 4097 simus
2013 4050 2096 4096 est
2138 4056 2249 4104 ros,
2291 4040 2416 4110 quia
2461 4047 2518 4094 et
2559 4040 2638 4094 eis
2672 4046 2891 4108 praestat
2933 4038 3294 4109 refrigerium,
3324 4047 3378 4094 et

1798 4144 2015 4190 arentes
2063 4134 2289 4203 stipulas
2333 4132 2620 4188 calcabiles
2672 4132 2822 4199 facit,
2861 4132 2941 4187 sic
2985 4148 3167 4187 sermo
3199 4134 3377 4189 omnis

1799 4242 1958 4297 quem
1985 4227 2342 4281 considerabo
2379 4225 2433 4278 in
2465 4225 2581 4280 loco
2617 4240 2739 4280 meo
2776 4226 3035 4281 adversus
3061 4223 3373 4297 IEgyptum,

1795 4316 2136 4388 gratissimus
2161 4317 2263 4370 erit
2291 4315 2543 4370 omnibus
2565 4315 2619 4369 in
2644 4330 2730 4370 me
2753 4315 3116 4370 credentibus.
3134 4314 3247 4381 Vel,
3266 4317 3374 4373 sic-

1794 4419 1854 4464 ut
1891 4425 1955 4465 ea
1997 4424 2117 4478 qua:
2153 4410 2220 4464 de
2256 4424 2377 4464 rore
2409 4409 2553 4463 dicta
2583 4415 2708 4462 sunt
2754 4406 2972 4477 placent
3023 4408 3371 4475 messoribus,

127 4503 265 4572 apud
289 4501 671 4573 grammaticos
716 4500 976 4556 feminino
1002 4516 1199 4572 genere
1223 4515 1438 4570 semper
1458 4501 1696 4569 profera-
1724 4509 1773 4568 1)
1798 4502 1871 4557 ita
1900 4502 2132 4573 placebit
2155 4512 2211 4556 et
2231 4502 2469 4573 Assyriis
2489 4516 2588 4558 sua
2611 4516 2641 4556 a
2666 4516 2751 4555 me
2780 4516 3033 4557 concessa
3062 4503 3309 4557 victoria.

128 4605 232 4659 tur,
258 4602 433 4664 potest
468 4594 542 4647 ita
580 4592 792 4655 resolvi,
834 4592 960 4661 quia
1002 4590 1290 4661 Egyptius
1342 4590 1570 4660 populus
1607 4592 1691 4647 vel

129 4686 372 4740 Mesraim
409 4684 499 4753 qui
530 4693 585 4738 et
626 4682 907 4753 .IEgyptus,
932 4682 1097 4739 mittit
1122 4682 1174 4736 in
1210 4681 1345 4735 mari
1376 4681 1601 4751 legatos,
1641 4683 1694 4737 id

128 4786 210 4832 est
235 4777 448 4830 nuntios
460 4775 528 4829 ad
550 4775 682 4828 duas
712 4773 903 4837 tribus,
934 4792 951 4824 ι
987 4779 1043 4826 et
1067 4772 1123 4826 in
1146 4772 1289 4827 vasis
1312 4772 1503 4842 papyri
1530 4787 1693 4842 super

127 4883 311 4937 aquas,
357 4885 377 4920 ι
413 4865 668 4922 subaudis
709 4863 873 4918 mittit
918 4861 1208 4933 epistolas,
1256 4862 1576 4933 promittens
1613 4864 1692 4918 eis

128 4958 401 5013 auxilium.
431 4956 583 5024 Quod
611 4970 738 5009 vero
763 4953 895 5008 dicit
919 4953 973 5006 in
992 4952 1136 5007 vasis
1167 4955 1375 5023 papyri,
1401 4953 1485 5007 vel
1514 4952 1569 5008 in
1596 4968 1693 5008 na-

125 5052 296 5117 vibus,
318 5050 574 5105 debemus
601 5047 895 5117 intelligere
922 5061 987 5101 ex
1018 5061 1221 5116 papyro
1250 5045 1409 5101 factis
1430 5061 1550 5117 quae
1575 5056 1692 5101 tan-

128 5154 196 5201 tae
242 5140 621 5213 magnitudinis
668 5150 751 5194 est
800 5138 941 5209 apud
986 5137 1124 5202 illos,
1172 5136 1314 5191 sicut
1359 5136 1412 5190 in
1464 5136 1692 5192 historia

126 5234 421 5293 Alexander
458 5234 672 5297 dicitur,
711 5239 771 5285 ut
811 5244 976 5285 naves
1021 5228 1147 5283 inde
1193 5227 1345 5281 ﬁant.
1377 5226 1551 5282 Etiam
1595 5242 1693 5297 per

130 5344 253 5385 vasa
289 5330 506 5383 chartas
537 5338 820 5394 possumus
846 5321 1143 5391 intelligere
1167 5336 1233 5377 ex
1263 5334 1468 5390 papyro
1499 5319 1686 5385 factas,

129 5422 217 5477 ubi
245 5419 542 5488 antiquitus
575 5415 931 5471 scribebatur.
963 5412 1099 5478 Quia
1143 5412 1303 5466 sicuti
1338 5411 1393 5464 in
1422 5425 1549 5465 vase
1587 5410 1687 5465 aii-

129 5517 253 5587 quid
296 5514 620 5576 continetur,
644 5510 718 5564 ita
763 5508 817 5563 in
852 5507 1058 5562 chartis
1092 5505 1335 5575 scriptio.
1365 5504 1596 5562 Possunt
1639 5512 1694 5561 et

129 5610 283 5665 tertio
318 5606 478 5661 modo
517 5602 750 5673 capsula:
786 5599 1141 5656 indiculorum
1177 5598 1347 5667 accipi
1380 5613 1448 5652 ex
1489 5614 1692 5669 papyro

126 5701 296 5755 factae.
313 5698 448 5753 Cum
474 5697 577 5751 illis
605 5711 733 5764 ergo
753 5692 996 5765 epistolis
1017 5691 1300 5748 mittebant
1323 5692 1539 5745 nuntios
1561 5706 1687 5746 suos

86 5787 97 5801 ’
130 5793 357 5864 Aigyptii
398 5792 465 5847 ad
501 5791 636 5866 duas
677 5789 850 5847 tribus
883 5787 1142 5844 dicentes.
1185 5802 1202 5833 ι
1245 5784 1323 5839 Ite
1350 5782 1543 5854 angeli,
1580 5802 1597 5835 ι
1638 5782 1690 5838 id

1875 4616 1893 4646 ι
1926 4595 2065 4650 Ante
2106 4610 2340 4652 messem
2384 4595 2527 4649 enim
2582 4601 2728 4648 totus
2773 4592 3027 4657 efﬂoruit,
3066 4613 3086 4645 ι
3119 4593 3374 4649 subaudis

1797 4688 2024 4758 populus
2052 4685 2361 4759 Egyptius,
2400 4704 2419 4739 ‹
2460 4695 2515 4740 et
2544 4695 2758 4740 matura
2787 4684 3071 4756 perfectio,
3102 4684 3371 4755 germina-

1797 4779 1892 4831 vit.
1930 4798 1947 4829 ›
1989 4776 2384 4847 Metaphoricos
2430 4776 2669 4845 loquitur
2717 4776 2782 4830 de
2824 4775 3020 4845 populo
3062 4772 3368 4830 Judaeorum

1795 4870 1897 4924 sub
1926 4868 2321 4940 significatione
2362 4864 2575 4931 messis,
2605 4866 2699 4921 sed
2733 4880 2837 4921 non
2864 4873 3042 4936 potest
3070 4881 3168 4936 per
3188 4864 3369 4920 omnia

1795 4961 2019 5016 verbum
2058 4973 2090 5014 e
2124 4960 2290 5014 verbo
2335 4957 2531 5028 exponi
2566 4973 2581 5011 :
2629 4972 2820 5013 sensus
2855 4965 3033 5012 tamen
3064 4953 3369 5025 hujusmodi

1793 5058 1878 5105 est
1909 5066 1923 5102 :
1956 5048 2419 5117 Quemadmodum
2458 5057 2667 5119 segetes
2705 5057 2828 5103 ante
2867 5046 3227 5102 maturitatem
3254 5052 3366 5101 crto

1792 5150 2141 5210 erumpentes
2169 5149 2418 5211 pereunt,
2450 5150 2504 5196 et
2532 5150 2819 5210 antequam
2849 5137 3109 5209 perfectio
3154 5145 3363 5208 tempo-

1792 5232 1870 5288 ris
1898 5232 2081 5287 veniat
2124 5232 2511 5303 germinantes,
2540 5232 2760 5287 inutiles
2799 5236 2925 5285 sunt
2955 5248 2968 5283 :
3003 5230 3081 5285 sic
3099 5228 3368 5300 Egyptus

1792 5322 1995 5394 peribit
2025 5331 2080 5379 et
2099 5323 2256 5393 quasi
2288 5323 2506 5381 inutiles
2537 5319 2832 5378 ramusculi
2862 5318 3091 5376 falcibus
3114 5320 3228 5375 sive
3250 5319 3365 5390 gla-

1799 5415 1903 5470 diis
1956 5415 2024 5471 ab
2074 5414 2313 5487 Assyriis
2370 5414 2749 5486 prmcidentur.
2796 5410 2950 5467 Unde
2998 5418 3055 5466 et
3078 5410 3361 5482 sequitur:

1805 5523 1824 5558 ‹
1866 5505 2235 5561 Praecidentur
2258 5505 2552 5562 ramusculi
2578 5503 2695 5574 ejus
2734 5500 2981 5567 falcibus,
3015 5521 3035 5554 υ
3070 5501 3126 5556 id
3152 5508 3236 5556 est
3265 5499 3366 5555 ha-

1796 5596 2058 5653 bitatores
2084 5596 2199 5667 ejus
2236 5598 2413 5666 gladio
2434 5595 2779 5667 Assyriorum
2806 5593 3216 5650 interficientur.
3248 5610 3266 5644 α
3298 5592 3360 5650 Et

1795 5706 1915 5761 qua:
1938 5690 2193 5747 derelicta
2242 5690 2441 5746 fuerint
2467 5709 2485 5741 ι
2514 5690 2582 5745 ab
2609 5688 2844 5760 Assyriis
2875 5707 2894 5740 ι
2928 5676 3306 5743 abScindentur
3347 5711 3367 5745 υ
3420 5736 3433 5748 .

1795 5797 1827 5836 a
1854 5782 2137 5840 Chaldaeis.
2171 5802 2189 5836 ι
2225 5782 2597 5847 Excutientur,
2634 5801 2654 5835 ›
2688 5780 2945 5837 subaudis
2966 5780 3033 5837 de
3070 5786 3212 5835 terra
3258 5788 3379 5853 ma,
