3918 6458
593 384 708 443 807
1061 379 1419 437 HAYMONIS
1457 375 1933 433 HALBERSTAT.
1974 374 2187 432 EPISC.
2227 372 2378 432 OPP.
2419 370 2598 428 PARS
2633 371 2676 426 l.
2702 401 2775 412 —
2798 371 3155 429 COMMENT.
3195 373 3364 428 BlBL.
3756 378 3829 432 803

603 511 623 546 ι
673 501 728 548 et
775 491 1152 562 relinquentur
1195 491 1354 548 simul
1390 490 1580 546 avibus
1625 491 1886 544 montium
1915 500 1970 544 et
1992 490 2180 545 bestiis
2205 493 2257 553 Α
2283 495 2505 541 vatum:
2537 494 2592 542 et
2626 502 2748 542 cum
2788 486 2954 542 Maria
3003 496 3058 542 et
3091 487 3291 559 Joseph
3331 491 3394 544 ad
3424 503 3630 545 vocem
3673 499 3820 561 angrli.

598 594 779 647 terra,
806 604 825 636 ι
853 585 1114 640 subaudis
1139 584 1207 638 ad
1237 583 1602 639 devorandum
1627 591 1682 636 et
1705 583 2073 647 lacerandum,
2101 581 2177 636 illi
2284 589 2428 634 metu
2454 579 2682 635 Herodis
2713 579 2850 652 fugit
2880 581 2932 634 in
2961 581 3250 652 Egyptum
3275 582 3500 652 (Matth.
3535 584 3598 652 ιι)
3629 587 3692 639 ad
3719 593 3821 655 Cujus

597 679 805 733 scilicet
839 678 932 748 qui
963 675 1229 732 interfecti
1255 675 1498 741 fuerint,
1538 693 1556 726 ι
1593 685 1648 730 et
1686 684 1875 729 aestate
1917 683 2176 744 perpetua
2282 669 2581 741 ingressum
2633 679 2810 742 potest
2842 687 2984 736 esse,
3043 681 3099 725 ut
3151 674 3444 727 simulacra
3497 675 3813 746 Egyptioms

598 780 764 825 erunt
790 785 953 840 super
983 784 1104 824 eum
1132 767 1400 833 volucres,
1437 786 1455 818 ι
1500 767 1553 822 id
1593 777 1676 822 est
1719 782 1880 838 super
1925 767 2179 837 populum
2281 770 2623 825 corruerent,
2653 771 2747 814 aut
2771 763 2933 816 etiam
2962 772 3482 828 commutescenent,
3513 775 3574 818 et
3600 769 3742 820 corda
3765 788 3799 822 si

600 859 965 926 interfectum,
996 879 1014 911 ι
1043 869 1098 914 et
1136 874 1326 915 omnes
1367 857 1552 914 bestiae
1587 867 1744 914 terra:
1785 873 1948 928 super
1975 857 2124 911 illum
2153 875 2174 910 ι
2279 853 2543 922 pientium
2583 851 2959 923 Egyptiorum
2994 867 3208 922 pavore.
3232 857 3615 910 tabescerent.
3661 859 3806 914 Aliter:

599 951 943 1006 interfectum
987 951 1241 1022 populum
1292 971 1310 1004 ι
1343 951 1692 1023 hyemabunt.
1730 971 1748 1002 ι
1798 950 2179 1021 Hyperbolicos

2279 942 2566 1015 Egyptus,
2599 958 2718 1012 qua:
2752 944 3136 1014 interpretatur
3162 949 3401 1002 tenellae
3430 948 3521 1001 vel
3556 958 3808 1008 mmmr.si~

599 1043 852 1112 loquitur.
881 1041 999 1097 Non
1039 1043 1183 1097 enim
1229 1057 1418 1097 omnes
1457 1042 1644 1096 bestiae
1671 1041 1890 1096 venient
1922 1041 1990 1096 ad
2021 1041 2182 1096 devo-

600 1133 830 1188 randum
854 1146 1079 1203 corpora
1108 1131 1346 1198 illorum,
1379 1133 1473 1188 sed
1499 1147 1596 1202 per
1619 1133 1720 1187 hoc
1748 1132 1861 1186 vult
1895 1133 2182 1188 ostendere

600 1227 892 1282 maximam
921 1228 1317 1283 multitudinem
1357 1227 1430 1283 ibi
1473 1226 1813 1282 interfectam
1857 1242 1980 1282 esse
2013 1226 2180 1297 [Egy-

596 1318 833 1388 ptiorum
859 1358 875 1384 ,
913 1325 970 1374 et
1021 1327 1223 1373 tantam
1259 1327 1321 1372 ut
1366 1325 1554 1373 testate
1592 1327 1647 1372 et
1686 1317 1878 1389 hyeme
1915 1316 2183 1373 suﬂicien-

599 1412 733 1465 tiam
773 1411 877 1466 sibi
923 1411 1162 1466 habeant
1192 1411 1381 1465 bestia:
1419 1426 1538 1480 qua:
1579 1410 1952 1475 convenerint,
1977 1418 2033 1465 et
2071 1424 2181 1464 non

598 1501 673 1554 sit
693 1501 998 1556 necessitas
1022 1500 1182 1554 aliam
1212 1499 1447 1570 pmdam
1477 1516 1739 1571 quzerere.

677 1609 696 1641 ι
729 1589 786 1644 ln
813 1597 1057 1660 tempore
1079 1591 1172 1646 illo
1199 1589 1468 1646 deferetur
1493 1607 1688 1648 munus
1716 1592 1944 1648 Domino
1968 1593 2182 1648 exerci-

601 1670 751 1735 tuum
782 1695 812 1734 a
839 1681 1060 1750 populo,
1093 1699 1112 1732 »
1149 1681 1406 1736 subaudis
1425 1681 1612 1748 Israel,
1645 1701 1664 1733 ‹
1697 1681 1930 1748 divulso,
1959 1701 1978 1733 ι
2009 1683 2064 1736 id
2099 1689 2185 1738 est

602 1777 857 1839 separato
879 1771 947 1825 ad
975 1778 1183 1840 tempus
1208 1787 1239 1826 a
1262 1772 1373 1827 Deo
1400 1782 1455 1827 et
1481 1787 1512 1826 a
1538 1783 1679 1827 terra
1709 1789 1825 1838 sua,
1847 1781 1905 1828 et
1928 1789 1958 1827 a
1985 1773 2182 1843 populo

2280 1034 2503 1105 gniﬁcat
2535 1035 2680 1090 hunc
2719 1036 2995 1101 mundum,
3022 1037 3116 1116 qui
3139 1039 3375 1092 tenebris
3413 1038 3731 1095 inﬁdelitatis
3758 1057 3801 1098 te»

2281 1126 2508 1196 gebatur
2554 1135 2682 1181 ante
2709 1127 2921 1181 Domini
2943 1129 3258 1183 adventum.
3293 1129 3593 1199 Ingressus
3629 1143 3698 1186 est
3725 1150 3800 1203 erga

2281 1213 2542 1271 Dominus
2568 1216 2880 1289 Aigyptum,
2906 1218 2957 1272 id
2985 1227 3069 1273 est
3092 1219 3234 1274 hunc
3263 1221 3564 1285 mundum,
3589 1237 3694 1277 cum
3713 1227 3793 1280 ante

2281 1305 2406 1372 levi,
2438 1306 2491 1361 id
2521 1315 2605 1362 est
2631 1322 2754 1362 cum
2786 1323 3014 1380 corpore
3048 1310 3195 1367 nullo
3229 1313 3452 1382 peccati
3493 1316 3791 1386 ponderem-

2281 1405 2428 1464 vato,
2465 1406 2520 1453 et
2561 1408 2832 1455 commota
2869 1410 2996 1456 sunt
3036 1403 3324 1459 simulacra
3362 1421 3379 1458 :
3418 1405 3637 1475 quando
3665 1409 3787 1462 relies

2282 1487 2439 1542 idolis
2465 1487 2534 1542 ad
2566 1488 2735 1543 Deum
2764 1489 2868 1544 fide
2895 1503 3310 1560 concurrerunt,
3334 1503 3395 1548 et
3430 1493 3578 1549 idola
3599 1499 3784 1568 confraga

2283 1587 2429 1633 runt.

2359 1689 2377 1722 ι
2402 1671 2469 1725 Et
2485 1685 2809 1728 concurrere
2835 1673 3028 1730 faciam
3053 1675 3334 1747 Egyptios
3384 1679 3660 1735 adversum
3685 1682 3774 1751 Alg-

2282 1762 2445 1831 ptios,
2469 1781 2487 1813 ›
2514 1761 2566 1817 id
2591 1771 2676 1818 est
2705 1763 2851 1818 cives
2872 1773 3060 1819 contra
3081 1767 3256 1822 cives:
3294 1787 3314 1818 ι
3355 1777 3419 1823 et
3446 1771 3681 1839 pugnabit
3701 1777 3769 1823 vin

607 1858 968 1924 «dilacerate
1029 1879 1048 1913 ι
1107 1862 1176 1916 ab
1221 1862 1466 1918 hostibus
1510 1863 1683 1932 primo
1711 1872 1834 1933 post
1865 1878 2025 1933 quem
2070 1879 2175 1918 non

2279 1850 2562 1922 Egyptius
2597 1870 2616 1903 ι
2653 1861 2842 1908 contra
2867 1853 3091 1909 fratrem
3125 1872 3299 1910 suum.
3335 1877 3357 1908 ›
3395 1858 3767 1916 Venientibusts-

601 1946 704 2001 fuit
749 1947 911 2014 alius,
942 1949 1198 2005 subaudis
1243 1951 1316 2004 ita
1363 1951 1639 2016 terribilis,
1695 1969 1712 2002 ι
1755 1959 1968 2020 agente,
1994 1965 2182 2021 exspe-

605 2046 790 2095 ctante
820 2059 838 2094 ι
879 2041 976 2095 Dei
1002 2042 1284 2106 auxilium,
1317 2049 1661 2110 exspectante
1681 2041 1796 2106 diu,
1831 2060 1849 2092 ι
1886 2039 2040 2110 cujus
2074 2050 2183 2096 ter-

603 2144 718 2184 ram
757 2131 1098 2200 diripuerunt
1139 2131 1377 2195 ﬂumina,
1412 2151 1430 2182 ›
1462 2147 1614 2202 reges
1656 2131 1904 2187 videlicet
1933 2147 1998 2187 ac
2028 2133 2182 2204 prin-

602 2221 752 2292 cipes
777 2224 1113 2279 diversarum
1144 2225 1404 2294 gentium,
1439 2240 1458 2272 ε
1501 2224 1570 2278 ad
1608 2223 1786 2279 locum
1818 2225 2051 2280 nominis
2075 2223 2182 2278 Do-

601 2314 734 2368 mini
766 2323 1006 2370 montem
1046 2313 1198 2370 Sion.
1231 2335 1251 2368 ι
1283 2314 1597 2371 Revertitur
1631 2317 1828 2370 iterum
1855 2330 2034 2372 sermo
2052 2330 2179 2387 pro—

605 2406 856 2477 pheticus
881 2407 949 2461 ad
970 2406 1133 2462 lsrael
1183 2416 1236 2463 et
1278 2408 1550 2477 promittit
1593 2409 1644 2463 ei
1691 2409 1831 2464 bona
1862 2409 2046 2462 dicens
2075 2421 2090 2461 :
2120 2407 2180 2462 In

601 2505 848 2568 tempore
879 2498 968 2554 illo
996 2507 1206 2553 vastata
1245 2498 1479 2569 Egypto
1504 2514 1844 2570 nequaquam
1869 2497 2034 2553 ludas
2060 2513 2180 2567 spe-

600 2589 747 2643 rabit
775 2589 830 2644 in
866 2589 1054 2644 umbra
1078 2589 1319 2662 AEgypti,
1343 2591 1437 2646 sed
1462 2590 1668 2645 deferet
1705 2605 1898 2644 munus
1932 2590 2055 2645 fidei
2082 2589 2180 2644 bo-

599 2693 900 2748 norumque
937 2695 1182 2749 operum,
1227 2696 1436 2736 necnon
1487 2690 1544 2736 et
1584 2681 1685 2736 alia
1725 2697 1950 2736 munera
1993 2683 2059 2737 ad
2101 2681 2181 2737 lo-

599 2784 723 2824 cum
769 2772 1005 2826 nominis
1056 2772 1290 2837 Domini,
1340 2773 1444 2827 hoc
1481 2781 1563 2827 est
1606 2772 1672 2827 ad
1709 2771 1966 2843 templum
2013 2771 2174 2827 illius;

601 2857 715 2914 Hoc
741 2868 920 2914 autem
953 2860 1230 2930 impletum
1255 2871 1340 2916 est
1364 2862 1462 2916 sub
1491 2861 1787 2916 Zorobabel
1825 2861 2054 2932 aliisque
2079 2861 2179 2915 du-

601 2948 775 3014 cibus,
823 2951 1060 3019 quando,
1109 2951 1450 3019 permittente
1479 2950 1645 3021 Cyro,
1671 2958 1794 3020 post
1840 2951 2179 3021 septuaginta

602 3053 774 3093 annos
795 3040 860 3094 de
882 3041 1196 3110 captivitate
1219 3041 1514 3096 redierunt.
1543 3041 1620 3096 De
1647 3041 1844 3111 quibus
1863 3042 2178 3097 muneribus

603 3126 832 3198 legimus
867 3129 922 3182 in
950 3129 1239 3195 Zacharia,
1273 3144 1504 3185 coronas
1546 3144 1669 3186 esse
1711 3129 1887 3188 factas
1924 3131 1980 3185 in
2020 3131 2177 3186 domo

603 3218 815 3274 Domini
849 3219 964 3290 ipso
989 3221 1354 3292 praecipiente.

1189 3353 1417 3411 CAPUT
1455 3354 1595 3412 XIX.

679 3505 696 3536 ι
739 3485 889 3542 Onus
926 3484 1168 3557 Egypti.
1221 3487 1360 3543 Ecce
1406 3488 1668 3543 Dominus
1716 3489 1970 3545 ascendet
2015 3504 2178 3559 super

599 3576 799 3647 nubem
834 3577 1028 3642 levem,
1051 3587 1106 3632 et
1129 3578 1457 3650 ingredietur
1483 3580 1535 3633 in
1569 3577 1880 3651 Egyptum,
1914 3588 1970 3635 et
1998 3595 2178 3636 move-

607 3667 813 3722 buntur
834 3667 1122 3723 simulacra
1145 3669 1361 3741 Egypti
1388 3685 1418 3724 a
1443 3669 1580 3726 facie
1601 3671 1739 3740 ejus,
1756 3678 1811 3725 et
1841 3686 1934 3726 cor
1961 3669 2176 3742 AEgypti

601 3759 844 3814 tabescet
867 3774 899 3813 a
930 3758 1070 3814 facie
1092 3759 1227 3828 ejus.
1265 3779 1284 3811 ›
1317 3759 1442 3816 Haec
1474 3778 1594 3831 qua:
1616 3761 1684 3817 de
1711 3759 1946 3832 IEgypto
1983 3761 2070 3816 hic
2097 3761 2179 3816 di-

601 3858 821 3914 cuntur,
849 3858 956 3904 tam
1004 3850 1071 3904 ad
1113 3848 1229 3918 ejus
1271 3850 1714 3917 destructionem,
1756 3867 1875 3920 qua:
1900 3852 2048 3906 venit
2082 3867 2179 3921 per

598 3938 871 4009 Assyrios,
887 3953 1050 4007 quam
1080 3940 1148 3992 ad
1169 3939 1380 3994 Domini
1403 3942 1691 3996 adventum
1718 3953 1942 4012 possunt
1963 3942 2173 3998 referri.

599 4027 856 4082 Dicamus
916 4028 1080 4097 igitur
1114 4029 1386 4096 quomodo
1432 4029 1500 4082 ad
1539 4028 1830 4100 Egyptum
1886 4031 2174 4101 pertineat.

599 4117 809 4174 Nubem
859 4118 1032 4174 levem
1087 4121 1321 4192 appellat
1369 4124 1667 4178 exercitum
1709 4124 2051 4196 Assyriorum
2088 4142 2179 4183 ve-

600 4206 792 4262 locem.
844 4207 986 4264 Dicit
1040 4224 1170 4282 ergo
1215 4211 1475 4282 propheta
1523 4215 1647 4284 quia
1687 4229 2028 4286 nequaquam
2081 4232 2179 4287 per

600 4296 848 4366 angelum
901 4301 1169 4368 percutiet
1217 4301 1475 4360 Dominus
1526 4304 1812 4376 Egyptum
1867 4323 1880 4360 :
1933 4307 2028 4362 sed
2061 4308 2178 4378 ipse

601 4389 856 4444 ascendet
920 4405 1084 4461 super
1143 4394 1442 4448 exercitum
1499 4393 1842 4466 Assyriorum
1900 4396 2174 4452 velocissi-

2283 1945 2442 2016 syriis
2467 1943 2551 1999 vel
2573 1943 2856 2011 Chaldaeis,
2880 1947 3200 2017 completum
3225 1957 3309 2002 est
3331 1948 3449 2004 hoc
3480 1968 3493 2002 :
3515 1951 3622 2005 aliis
3642 1953 3765 2005 inde!

2281 2051 2340 2092 se
2390 2035 2714 2101 volentibus,
2750 2045 2805 2093 et
2848 2037 2970 2092 aliis
3016 2054 3314 2108 repugnare
3365 2041 3654 2097 nitentibus.
3682 2043 3760 2098 [ne

2280 2128 2420 2183 facta
2446 2137 2530 2184 est
2577 2143 2685 2184 non
2710 2130 2922 2185 modica
2963 2131 3155 2186 seditio
3193 2134 3339 2187 inter
3366 2147 3492 2188 eos.
3534 2135 3590 2188 Et
3620 2136 3688 2190 hoc
3719 2151 3759 2189 est

2280 2221 2658 2293 gravissimum
2689 2222 2890 2277 malum
2917 2232 2972 2279 et
2991 2240 3184 2295 magna
3211 2227 3482 2292 miseria,
3516 2237 3566 2282 ut
3594 2229 3754 2282 hostes}

2277 2313 2623 2383 perveniente
2645 2315 2792 2370 cives
2813 2315 2952 2369 intra
2975 2331 3032 2370 se
3054 2316 3389 2372 seditionem
3419 2329 3640 2373 moveant
3650 2319 3748 2371 litto-

2280 2408 2412 2462 mini
2437 2423 2650 2479 quoque
2677 2409 2930 2472 adventu,
2957 2416 3010 2463 et
3055 2409 3460 2478 praedicatione
3489 2412 3728 2482 apaula-tl.

2279 2497 2475 2552 eadem
2499 2498 2765 2554 discordia
2795 2496 3011 2567 impleta
3030 2507 3114 2552 est
3148 2498 3292 2553 inter
3327 2499 3572 2555 ﬁdeleset
3589 2497 3730 2552 inﬁdeles

2279 2588 2335 2642 in
2364 2597 2477 2643 toto
2497 2589 2720 2653 mundo,
2742 2587 2860 2641 aliis
2881 2587 3106 2644 credere
3130 2588 3473 2656 volentibus,
3497 2590 3589 2644 aliis
3601 2587 3738 2642 adau-

2279 2679 2398 2734 bus.
2444 2679 2596 2734 Unde
2627 2678 2886 2733 Dominus
2915 2679 2991 2733 ait
3030 2697 3044 2733 :
3075 2698 3094 2730 ι
3131 2679 3246 2735 Non
3281 2682 3416 2736 veni
3444 2698 3602 2752 pacem
3621 2682 3746 2733 iuste

2279 2767 2335 2822 in
2385 2776 2607 2834 terram,
2665 2767 2757 2823 sed
2800 2767 3054 2840 gladium.
3112 2767 3246 2824 Veni
3275 2771 3430 2826 enim
3473 2785 3670 2842 separare
3702 2769 3746 2822 ε»

2279 2861 2480 2916 minem
2501 2861 2758 2917 adversus
2783 2869 2990 2931 patrem
3010 2877 3164 2917 suum
3186 2861 3410 2935 (yattlt.
3436 2864 3505 2935 ι),
3527 2883 3543 2914 ι
3571 2873 3614 2917 et
3633 2871 3749 2917 cum

2282 2968 2404 3022 quae
2424 2963 2744 3024 sequuntur.
2783 2927 2801 2931 -
3194 2927 3234 2966 ’⁸

2357 3061 2375 3092 ε
2414 3043 2480 3096 Ει
2504 3043 2844 3114 dirumpetur
2865 3045 3088 3114 spiritus
3099 3043 3320 3116 Egypti
3339 3047 3393 3102 in
3409 3047 3654 3102 visceribus
3667 3045 3753 3112 ejus,

2281 3140 2336 3186 et
2366 3132 2648 3187 consilium
2694 3132 2828 3202 ejus,
2869 3154 2886 3186 ι
2914 3135 3173 3190 subaudis
3197 3151 3305 3206 quo
3328 3137 3554 3192 rebellare
3571 3136 3755 3188 nitetur:

2195 3221 2241 3286 C
2278 3238 2296 3271 t
2317 3221 2714 3292 praecipitabo,»
2733 3223 2786 3278 id
2808 3233 2913 3290 est,
2936 3223 3070 3278 nihil
3101 3223 3316 3290 faciam,
3336 3247 3352 3277 ‹
3367 3236 3414 3280 et
3430 3223 3758 3290 intenugabunt

2278 3313 2570 3370 simulacra
2601 3331 2699 3370 sua
2728 3324 2784 3371 et
2809 3317 3056 3373 dominos
3091 3333 3222 3374 suos
3252 3329 3297 3374 et
3314 3319 3534 3388 pythones
3559 3325 3603 3368 et
3627 3313 3746 3365 ario-

2276 3407 2377 3464 los.
2411 3429 2430 3462 ι
2465 3407 2595 3464 Orta
2623 3410 2885 3466 seditione
2918 3412 2971 3465 in
2996 3411 3234 3484 Egypto
3255 3421 3308 3466 et
3327 3411 3588 3465 imminente
3607 3407 3753 3466 bos“,

2278 3499 2499 3568 spiritus
2528 3500 2828 3568 scindetur,
2851 3501 2904 3556 id
2924 3511 3008 3556 est
3028 3502 3275 3557 voluntas
3292 3501 3507 3572 Algypti,
3523 3496 3691 3552 cunctis
3703 3493 3756 3546 di-

2277 3605 2438 3646 versa
2490 3593 2824 3664 sapientibus
2874 3602 2930 3648 et
2958 3610 3066 3650 non
3114 3596 3305 3651 eadem
3351 3593 3625 3650 volentibus.
3656 3589 3748 3642 Tum

2279 3681 2438 3737 ibunt
2465 3692 2520 3738 et
2567 3684 2978 3756 interrogabunt
3003 3688 3274 3744 daemones
3295 3689 3574 3744 residentes
3595 3685 3637 3738 in
3653 3684 3752 3737 simu-

2278 3772 2440 3828 lacris
2471 3774 2604 3840 suis,
2643 3784 2698 3830 et
2723 3775 2934 3832 divinos
2962 3778 3076 3832 sive
3116 3786 3289 3842 vates,
3342 3780 3586 3851 pythones
3617 3787 3753 3844 quoque

2278 3872 2334 3920 et
2356 3865 2573 3930 ariolos,
2610 3881 2708 3920 cur
2728 3867 2802 3920 ita
2826 3869 3083 3924 acciderit
3108 3888 3120 3922 :
3155 3879 3210 3925 et
3248 3885 3362 3925 non
3387 3872 3602 3943 proderit
3621 3870 3683 3922 cit.
3698 3864 3753 3917 Si-

2279 3957 2479 4012 militer
2519 3959 2574 4012 in
2602 3959 2812 4014 Domini
2841 3961 3097 4029 adventu,
3125 3964 3374 4033 spiritus,
3428 3967 3479 4021 id
3509 3974 3578 4019 est
3596 3962 3755 4015 voluntas

2279 4046 2439 4116 hujus
2465 4049 2652 4105 mundi
2683 4051 2852 4106 scissa
2876 4061 2961 4108 est
2987 4071 2999 4106 :
3026 4052 3406 4112 aliis-credere
3437 4054 3702 4111 volentibus.
3729 4057 3757 4099 ει

2279 4138 2399 4193 aliis
2427 4141 2870 4211 repugnantibus.
2899 4142 3048 4199 Tunc
3072 4154 3460 4215 persecutores
3479 4152 3756 4201 sanctorum:

2278 4233 2612 4288 credentium
2658 4235 3128 4308 interrogaverunt
3171 4240 3312 4296 idola
3381 4259 3482 4298 sua
3527 4251 3574 4296 et
3617 4240 3756 4294 divise:

2279 4339 2448 4396 quare
2473 4325 2597 4380 talia
2626 4336 2816 4382 exorta
2841 4338 3026 4384 essent
3048 4331 3102 4384 in
3134 4333 3360 4399 mundo,
3397 4343 3460 4388 ut
3499 4327 3758 4388 hominemh

2279 4425 2522 4473 serentes
2551 4419 2831 4490 antiquam
2857 4423 3302 4479 consuetudinem
3327 4441 3490 4482 nova:
3518 4425 3622 4480 ﬁdei
3647 4438 3683 4477 sc
3711 4435 3761 4486 1p-

601 4494 770 4542 mum,
803 4486 858 4534 et
883 4479 1215 4549 ingredietur
1247 4482 1562 4555 Egyptum.
1596 4485 1770 4555 Super
1807 4487 2001 4541 nubem
2031 4489 2176 4542 enim

2282 4519 2475 4566 tarent.
2495 4479 2767 4583 Pythones
2785 4524 2910 4570 sunt
2929 4517 3023 4586 qui
3042 4527 3096 4572 et
3115 4521 3419 4590 ventiloqui
3440 4523 3764 4593 appellitatum

599 4573 944 4645 Assyriorum
981 4576 1224 4632 ascendit
1267 4578 1542 4644 Dominus,
1577 4580 1702 4648 quia
1738 4580 1852 4650 ipse
1898 4581 2181 4650 inspiravit
2203 4577 2256 4638 D
2281 4618 2317 4672 (ι

603 4665 762 4718 eisin
801 4667 966 4722 corde
1005 4675 1064 4720 ut
1101 4669 1778 4742 percuterentIEgyptum,
1805 4681 1859 4726 et
1892 4672 2006 4742 ipse
2031 4673 2180 4730 dedit

602 4757 856 4812 virtutem
882 4759 1114 4816 bellandi
1147 4774 1202 4816 ut
1227 4779 1285 4819 se
1314 4764 1668 4820 ulcisceretur
1695 4768 1760 4821 de
1783 4767 2020 4823 inimicis
2043 4771 2175 4836 suis,

603 4850 695 4919 qui
752 4852 1007 4922 populum
1067 4871 1223 4911 suum
1273 4875 1368 4914 sua
1425 4861 1781 4930 promissione
1829 4866 2174 4919 seduxerant.

601 4941 828 5014 Ipsoque
851 4944 1188 5017 ingrediente
1211 4965 1330 5004 cum
1356 4951 1591 5024 Assyriis
1619 4955 1670 5008 in
1695 4953 2008 5025 Egyptum,
2032 4965 2178 5012 mota

603 5043 728 5088 sunt
757 5036 1043 5092 simulacra
1079 5037 1474 5111 Egyptiorum,
1497 5044 1595 5112 qui
1631 5060 1740 5114 pra:
1771 5046 2022 5102 omnibus
2050 5064 2178 5118 gen-

602 5126 747 5180 tibus
779 5128 916 5183 idola
949 5131 1238 5186 colebant:
1275 5135 1398 5202 quia
1435 5135 1706 5191 confracta
1749 5147 1876 5192 sunt
1912 5141 1980 5194 ab
2011 5139 2178 5211 Assy-

601 5218 718 5284 riis,
745 5220 827 5273 vel
853 5223 1016 5276 etiam
1044 5225 1272 5280 Domino
1295 5237 1556 5296 operante
1583 5228 1783 5284 factum
1807 5239 1909 5294 est,
1935 5241 1995 5287 ut
2014 5233 2179 5305 Assy-

601 5311 697 5367 riis
724 5314 1080 5381 venientibus,
1123 5320 1390 5374 daemones
1421 5320 1511 5390 qui
1553 5323 1606 5375 in
1644 5323 1799 5380 idolis
1843 5326 2175 5394 colebantur,

601 5418 856 5473 responsa
897 5407 1027 5462 dare
1069 5425 1174 5463 non
1215 5425 1456 5480 possent.
1497 5411 1646 5468 Tunc
1694 5431 1787 5470 cor
1832 5416 2049 5488 Egypti
2102 5430 2181 5474 ta-

2320 4603 2424 4657 uod
2452 4604 2687 4659 habeant
2709 4605 2762 4658 in
2791 4622 2849 4662 se
2874 4608 3166 4680 malignum
3197 4613 3480 4681 spiritum,
3516 4613 3646 4683 cujus
3674 4608 3767 4674 imp-

2284 4693 2492 4747 ratione
2528 4693 2848 4766 plerumque
2886 4695 3042 4762 falsa,
3076 4698 3404 4769 plerumque
3426 4705 3583 4760 etiam
3610 4703 3770 4767 Deot'ft

2283 4783 2530 4838 mittente
2570 4799 2699 4839 vera
2742 4785 3054 4856 loquuntur.
3093 4791 3261 4847 Arioli
3303 4807 3442 4852 sunt
3486 4798 3773 4852 incautum.

2284 4877 2376 4945 qui
2412 4877 2868 4935 incantationibus
2909 4881 3230 4951 quibusdam
3275 4894 3330 4942 et
3387 4887 3776 4945 carminibutﬂ

2283 4974 2569 5037 peragunt.

2361 5076 2380 5109 ι
2419 5059 2486 5114 Ει
2513 5060 2720 5116 tradam
2751 5061 3049 5135 Egyptum
3081 5066 3135 5122 in
3161 5082 3354 5125 manus
3381 5072 3782 5126 dominorum»

2281 5148 2503 5215 delium,
2526 5160 2582 5205 et
2611 5167 2707 5206 rex
2736 5152 2892 5209 fortis
2915 5155 3282 5213 dominabitur
3301 5174 3523 5226 eorum,
3562 5162 3630 5215 ait
3668 5152 3783 5210 Doni-

2281 5256 2398 5295 nus.
2435 5261 2454 5294 »
2492 5240 2548 5296 In
2576 5243 2866 5298 multorum
2895 5245 3231 5303 dominorum
3259 5265 3458 5306 manus
3507 5252 3703 5322 legimus
3723 5255 3786 5296 trt-

2281 5331 2450 5387 ditam
2477 5349 2600 5390 esse
2623 5333 3192 5407 EgyptumJ’rimum
3218 5343 3437 5411 quidem
3465 5343 3791 5416 expugnatae:l

2285 5425 2354 5479 ab
2397 5426 2654 5496 Assyriis,
2698 5429 2892 5483 deinde
2935 5445 2963 5483 a
3021 5431 3548 5501 Nabuchodonosor,
3597 5433 3724 5490 tertio
3753 5425 3792 5477 Ib

600 5491 736 5596 buit,
765 5496 877 5551 sive.
905 5497 1100 5553 defecit
1131 5502 1433 5566 consilium,
1467 5519 1572 5557 non
1608 5507 1883 5574 reperiens
1907 5513 2178 5578 quomodo
2281 5491 2603 5580 Alexandro,
2630 5491 2695 5573 ad
2724 5519 2970 5575 ultimum
2992 5537 3023 5575 a
3049 5522 3330 5589 Romanis,
3361 5491 3584 5596 quando
3628 5517 3795 5577 Antonio

601 5583 784 5687 hostes
829 5603 955 5687 suos
996 5591 1228 5646 evadere
1269 5603 1471 5662 posset.
1515 5596 1773 5651 Dominus
1811 5601 1972 5655 etiam
2015 5619 2178 5672 super
2278 5619 2332 5663 et
2374 5608 2661 5679 Cleopatra
2714 5615 2982 5684 superatis
3028 5583 3591 5687 Augustus'Romano
3636 5609 3796 5681 imperio

599 5678 797 5770 nubem
844 5680 1017 5738 levem
1064 5687 1336 5751 ascendit,
1387 5690 1600 5758 quando
1647 5707 1840 5762 corpus
1881 5695 2170 5752 humanum
2277 5678 2600 5770 subjugavit.
2647 5678 2871 5760 Sed'ex
2930 5707 3013 5762 his
3046 5678 3295 5764 omnibus
3338 5678 3799 5765 Chaldaeos

602 5769 811 5838 accepit
835 5772 978 5828 nullo
1005 5774 1252 5832 humana:
1275 5779 1665 5847 commistionis
1706 5785 1911 5839 semine
1939 5801 2172 5857 pra‘gra-
2275 5769 2812 5860 fuisseicrudeliores,
2838 5793 3110 5856 Romanos
3153 5801 3505 5870 potentiores.
