3918 6462
125 464 228 519 809

1223 455 1579 513 COMMENT.
1610 456 1677 510 IN
1713 456 1965 512 ISAIAM.
1987 457 2196 512 --LlB.
2229 456 2289 512 ll.

3294 456 3399 512 8m

201 598 220 631 ε
252 579 320 635 Et
346 585 556 634 arescet
580 591 719 647 aqua
744 575 812 632 de
855 575 1018 640 mari,
1050 581 1104 630 et
1135 573 1356 642 ﬂuvius,
1397 595 1417 628 ι
1459 575 1715 631 subaudis
1739 581 1794 641 Α
1819 575 2108 646 respondet
2131 590 2258 632 vero
2289 575 2403 646 ipse
2451 576 2791 647 sibimetipsi,
2839 591 3007 647 quare
3052 593 3159 632 non
3211 588 3401 648 potuc-

124 671 277 727 Nilus
311 693 329 725 ‹
361 669 695 728 desolabitur
723 678 886 740 atque
917 668 1230 724 siccabitur.
1267 687 1286 720 ›
1326 667 1447 724 Non
1485 667 1554 723 de
1578 666 1714 722 mari

125 779 320 836 magno
341 765 447 820 hoc
483 763 710 827 dicitur,
753 760 849 817 sed
883 760 952 816 de
994 759 1115 816 lacu
1149 760 1240 830 qui
1276 759 1577 831 appellatur
1608 759 1718 814 Ma-

125 865 329 912 reotes.
364 853 566 911 Omnes
588 853 732 909 enim
757 852 1204 924 congregationes
1233 866 1498 922 aquarum
1525 865 1716 905 secun-

125 947 252 1005 dum
307 947 698 1018 proprietatem
747 943 988 1000 Hebrazae
1027 943 1241 1015 linguae,
1296 943 1438 998 sicut
1471 940 1716 1012 supradi-

125 1048 271 1094 ctum
299 1048 402 1104 est,
430 1037 772 1110 appellantur
793 1036 986 1091 maria.
1015 1055 1032 1087 ‹
1055 1035 1123 1090 Et
1151 1035 1405 1091 deﬁcient
1425 1032 1670 1099 ﬁumina,
1692 1051 1712 1086 ι

126 1129 181 1183 id
209 1138 310 1197 est,
343 1138 548 1201 septem
571 1128 678 1184 rivi
720 1126 828 1182 Nili
861 1126 1284 1183 attenuabuntur
1311 1143 1343 1180 a
1378 1126 1492 1180 suis
1513 1125 1671 1195 aquis
1701 1142 1712 1178 :

131 1241 148 1272 ε
178 1221 429 1278 Calamus
453 1230 508 1278 et
531 1220 727 1291 juncus
749 1221 1038 1276 inarescet.
1088 1239 1105 1270 ›

201 1333 218 1366 ι
245 1312 549 1368 Nudabitur
569 1313 757 1367 alveus
783 1311 887 1366 rivi
912 1326 941 1365 a
965 1309 1112 1365 fonte
1136 1323 1258 1376 suo,
1289 1328 1307 1360 ι
1337 1307 1392 1364 id
1417 1315 1522 1374 est,
1560 1314 1617 1361 et
1637 1306 1715 1359 ri—

126 1421 222 1462 vus
246 1415 302 1461 et
327 1405 448 1462 fons
474 1405 635 1461 simul
657 1412 924 1461 arescent.
952 1403 1208 1458 Naturale
1222 1412 1326 1470 est,
1354 1402 1497 1458 sicut
1522 1402 1716 1456 beatus

123 1479 489 1570 Hieronymus
501 1498 658 1564 dicit,
702 1507 761 1552 ut
783 1512 906 1552 cum
927 1511 1026 1567 per
1052 1496 1191 1550 iram
1205 1494 1301 1548 Dei
1316 1493 1605 1562 captivitas
1625 1507 1718 1546 ve-

123 1594 268 1648 nerit
291 1634 304 1657 ,
375 1592 800 1664 indignationem
829 1589 946 1659 ejus
982 1588 1291 1660 pestilentia
1332 1587 1712 1656 subsequatur,

122 1693 182 1740 et
209 1686 470 1740 adversus
497 1693 811 1756 peccatores
836 1681 1102 1736 elementa
1152 1688 1349 1736 cuncta
1399 1678 1710 1734 desaeviant.

122 1775 302 1831 Potuit
323 1777 490 1847 igitur
537 1791 676 1841 esse,
702 1782 762 1828 ut
787 1773 1039 1828 veniente
1078 1773 1398 1843 captivitate
1424 1769 1715 1842 Egyptio-

122 1883 242 1922 rum
270 1883 367 1938 per
390 1865 691 1931 Chaldaeos,
713 1865 797 1920 vel
822 1864 986 1919 etiam
1019 1878 1118 1934 per
1156 1865 1434 1920 Romanos
1462 1877 1617 1932 aqua;
1645 1862 1712 1917 de

1817 677 1944 725 runt
1963 670 2287 724 annuntiare
2309 669 2379 724 ei.
2423 687 2441 720 α
2475 669 2637 726 Stulti
2679 670 2806 724 facti
2845 679 2969 726 sunt
2999 671 3271 742 principes
3299 672 3401 727 Ta-

1816 763 2025 834 phneos
2063 783 2081 814 ι
2119 764 2234 818 sive
2254 763 2512 834 Taphnis,
2547 763 2807 818 subaudis
2836 765 2927 834 qui
2955 765 3286 834 putabantur
3315 781 3403 821 sa-

1817 855 2027 922 pientes
2048 869 2192 920 esse,
2225 872 2244 904 (
2286 863 2667 909 cmarcuerunt
2696 873 2714 906 ›
2735 869 2827 908 seu
2847 854 3180 920 defecerunt,
3209 874 3228 906 ‹
3247 855 3400 926 prin~

1817 943 1965 1013 cipes
2001 943 2329 1014 Mempheos,
2374 955 2429 999 et
2469 944 2798 1014 deceperunt
2827 944 3117 1016 Egyptum
3145 945 3401 1016 angulum

1817 1033 2135 1104 populorum
2175 1032 2347 1103 ejus.»
2377 1035 2642 1106 Memphis
2667 1036 2860 1090 civitas
2888 1047 2970 1091 est
2999 1037 3242 1108 Aﬂgypti,
3290 1053 3404 1091 ma-

1816 1128 1952 1196 gicis
2006 1128 2216 1184 artibus
2249 1127 2523 1198 quondam
2553 1127 2732 1198 plena.
2781 1128 2886 1183 Sed
2937 1130 3028 1183 tibi
3077 1129 3404 1198 putabantur

1817 1234 1938 1275 esse
1964 1219 2258 1289 sapientes,
2305 1220 2378 1275 ibi
2427 1234 2534 1274 non
2571 1219 2745 1273 solum
2787 1220 2877 1274 alii
2929 1220 3274 1288 defecerunt,
3311 1222 3408 1277 sed

1817 1315 1981 1370 etiam
2019 1315 2140 1385 ipsi.
2171 1314 2327 1381 Quod
2360 1329 2489 1368 vero
2533 1315 2768 1386 appellat
2794 1312 3110 1384 Aﬂgyptum,
3150 1312 3406 1384 angulum

1816 1406 2140 1478 populorum
2166 1447 2181 1472 ,
2229 1404 2526 1460 secundum
2577 1405 2778 1460 idioma
2808 1404 3114 1458 divinarum
3157 1403 3407 1474 Scriptu-

1819 1513 2002 1551 rarum
2025 1496 2282 1568 loquitur,
2313 1511 2433 1566 quae
2458 1495 2713 1566 angulum
2739 1509 2837 1565 pro
2875 1509 3042 1563 regno
3085 1504 3310 1564 ponunt,
3344 1507 3410 1547 eo

1817 1589 1960 1660 quod
1988 1587 2215 1660 populos
2238 1589 2537 1652 contineat,
2579 1587 2720 1642 sicut
2749 1584 2978 1656 angulus
3000 1585 3242 1639 continet
3274 1585 3410 1638 duos

1814 1680 2072 1750 parietes,
2126 1693 2192 1734 eo
2234 1677 2379 1748 quod
2417 1677 2475 1731 in
2503 1685 2616 1732 tota
2663 1676 2824 1730 domo
2869 1673 3004 1729 illud
3053 1673 3413 1728 fortissimum

1816 1773 1908 1827 sit.

1893 1884 1910 1916 ‹
1946 1863 2212 1920 Dominus
2231 1863 2454 1920 miscuit
2478 1863 2535 1917 in
2559 1861 2734 1916 medio
2769 1860 2906 1930 ejus,
2940 1879 2959 1911 ι
2993 1859 3048 1913 id
3083 1867 3167 1913 est
3191 1855 3412 1930 Egypti

122 1959 244 2015 Nilo
279 1970 333 2014 et
359 1961 425 2015 de
453 1958 692 2014 fontibus
716 1957 1028 2014 deﬁcerent.
1059 1957 1248 2017 Potest
1284 1966 1466 2012 tamen
1512 1963 1569 2011 et
1606 1955 1709 2026 hy-
1738 1945 1788 2005 Β
1821 1977 1840 2009 ‹
1868 1958 2119 2029 spiritum
2143 1957 2426 2028 vertiginis
2449 1968 2504 2013 et
2529 1970 2718 2011 errare
2750 1953 2997 2008 fecerunt
3032 1951 3329 2023 .Egyptum
3356 1951 3412 2004 in

121 2051 394 2120 perbolice
444 2050 773 2122 intelligi,ut
792 2059 1012 2121 propter
1027 2050 1249 2105 nimiam
1287 2049 1711 2116 tribulationem,

122 2141 346 2195 ﬁumina
374 2156 592 2212 quoque
618 2141 869 2197 dicantur
891 2142 1166 2197 exsiccata
1213 2156 1355 2208 esse,
1379 2149 1434 2196 et
1463 2140 1553 2195 illa
1596 2155 1716 2210 qua:

123 2231 181 2285 in
211 2231 389 2286 ﬂuviis
427 2241 584 2287 erant
621 2232 902 2288 defecisse.
937 2232 1304 2304 Metaphorice
1333 2241 1517 2286 autem
1543 2232 1596 2285 in
1619 2229 1716 2284 ﬁu-

121 2321 212 2374 vio
225 2322 522 2388 exsiccato,
546 2337 770 2392 regnum
793 2322 1091 2378 desolatum
1117 2323 1493 2394 intelligimus,
1511 2321 1564 2375 in
1586 2321 1717 2376 rivis

121 2412 239 2482 ejus
265 2413 447 2480 duces,
465 2413 521 2468 in
541 2413 752 2469 calamo
773 2423 829 2469 et
842 2412 1011 2484 junco
1036 2424 1286 2469 cunctam
1313 2413 1530 2484 Egypti
1554 2413 1718 2468 abun-

123 2507 366 2563 dantiam
400 2524 521 2579 qua:
551 2509 747 2563 harum
776 2523 959 2563 rerum
984 2507 1322 2563 fertilissima
1348 2515 1451 2562 est.

202 2618 221 2651 ε
267 2601 334 2655 Et
396 2601 705 2656 mmrebunt
760 2620 778 2652 ι
823 2601 938 2656 sive
983 2600 1240 2671 lugebunt
1290 2619 1310 2652 ί
1359 2600 1658 2670 piscatores
1695 2617 1713 2650 ι

123 2701 347 2761 propter
377 2693 680 2748 siccitatem
704 2691 1008 2759 fluminum,
1041 2713 1061 2745 ί
1105 2703 1160 2748 et
1201 2693 1572 2763 expandentes
1604 2702 1722 2747 rete

130 2796 297 2853 super
346 2782 544 2839 faciem
592 2798 747 2855 aqua:
778 2783 1104 2850 inarescent,
1159 2804 1178 2836 ι
1235 2785 1291 2840 id
1316 2791 1419 2850 est,
1447 2783 1720 2839 deﬁcient.

131 2891 150 2924 ‹
179 2873 591 2930 Confundentur
623 2875 716 2944 qui
736 2874 1102 2945 operabantur
1126 2874 1319 2941 linum,
1347 2895 1368 2928 ι
1398 2875 1454 2930 id
1486 2885 1587 2940 est,
1629 2875 1723 2944 qui

125 2980 194 3019 ex
220 2964 330 3020 lino
355 2980 584 3036 sagenas
604 2973 659 3020 et
688 2951 824 3021 reha
847 2967 1262 3036 componebant,
1301 2985 1320 3017 ‹
1352 2965 1650 3036 plectentes
1670 2974 1724 3021 et

124 3067 374 3115 texentes
400 3059 615 3115 subtilia
663 3079 682 3113 ι
727 3062 984 3117 subaudis
1012 3062 1338 3117 vestimenta
1363 3104 1378 3127 ,
1429 3061 1515 3116 vel
1557 3061 1722 3118 etiam

125 3167 248 3221 quae
263 3152 519 3206 texebant
537 3167 604 3207 ex
612 3149 778 3220 junco
799 3151 1000 3208 diversi
1015 3153 1230 3224 generis
1247 3152 1487 3220 vascula,
1522 3171 1540 3203 ι
1560 3159 1725 3207 erunt

124 3239 333 3314 irrigua
348 3242 482 3312 ejus,
499 3263 517 3296 ι
545 3243 600 3299 id
628 3252 713 3300 est
736 3243 954 3316 IEgypti
973 3265 990 3295 i
1017 3244 1350 3310 flaccentia,»
1374 3243 1429 3298 id
1451 3252 1536 3298 est
1561 3258 1723 3298 aren-

1816 2053 2140 2124 omniopere
2153 2067 2275 2117 suo,
2307 2051 2447 2106 sicut
2466 2057 2617 2106 errat
2644 2049 2826 2104 ebrius
2842 2057 2898 2104 et
2926 2062 3203 2102 vomens.»
3227 2044 3410 2100 Domi—

1819 2163 1922 2202 nus
1944 2146 2163 2218 (inquit)
2183 2145 2420 2211 miscuit,
2438 2145 2494 2198 in
2517 2143 2697 2198 medio
2711 2142 2850 2213 ejus,
2875 2141 2927 2194 id
2945 2149 3048 2205 est,
3070 2139 3271 2193 habere
3287 2151 3411 2206 per-

1823 2236 2713 2310 misitsapientibus/Egyptiorum
2729 2231 3287 2304 Spiritumvertiginis,
3312 2231 3414 2283 hoc

1819 2339 1904 2388 est
1939 2331 2188 2402 Spiritum
2211 2328 2434 2394 erroris,
2460 2336 2520 2381 ut
2542 2326 2858 2395 ignorarent
2883 2323 3012 2393 quid
3034 2321 3409 2392 loquerentur.

1819 2423 1888 2481 Et
1940 2438 2125 2479 errare
2175 2420 2422 2476 fecerunt
2473 2417 2786 2490 IEgyptum,
2851 2416 3008 2471 sicut
3034 2422 3182 2470 errat
3229 2412 3415 2467 ebrius

1821 2533 1852 2571 a
1878 2523 2060 2570 mente
2083 2528 2200 2581 sua,
2224 2521 2280 2567 et
2313 2511 2521 2565 alienus
2559 2508 2792 2565 efﬁcitur
2819 2509 2888 2564 ab
2933 2507 3080 2562 omni
3107 2502 3415 2559 rationabili

1822 2623 1987 2666 sensu
2016 2626 2031 2663 :
2065 2607 2121 2663 in
2149 2614 2358 2660 tantum
2384 2611 2445 2658 ut
2465 2602 2679 2658 nesciat
2715 2601 2809 2656 ubi
2859 2600 2952 2667 sit,
2999 2608 3092 2653 aut
3130 2597 3260 2667 quid
3289 2610 3418 2666 ope-

1825 2710 2001 2759 retur.

1901 2817 1919 2848 ‹
1964 2795 2033 2850 Et
2059 2810 2168 2850 non
2199 2793 2302 2848 erit
2334 2792 2566 2864 :Egypto
2609 2805 2745 2861 opus
2775 2790 2920 2860 quod
2946 2787 3111 2844 faciat
3154 2792 3317 2860 caput
3362 2793 3418 2838 et

1824 2888 2086 2953 caudam,
2111 2886 2489 2942 incurvantem
2531 2893 2585 2939 et
2633 2882 3018 2939 refrenantem.
3056 2901 3074 2932 ι
3116 2879 3258 2934 Dicit
3289 2879 3417 2934 bea-

1828 2991 1915 3036 tus
1938 2980 2324 3051 Hieronymus,
2352 2979 2477 3048 quia
2505 2992 2606 3046 pro
2645 2989 2711 3032 eo
2733 2975 2878 3046 quod
2899 2974 3086 3029 debuit
3117 2971 3418 3028 transferre

1827 3074 2110 3130 incurvum
2136 3081 2193 3128 et
2215 3071 2609 3137 lascivientem,
2639 3068 2694 3124 id
2741 3076 2828 3124 est
2854 3082 3040 3123 senem
3071 3074 3128 3122 et
3162 3081 3415 3135 puerum,

1827 3166 2180 3238 ambiguitate
2217 3165 2372 3220 verbi
2388 3165 2644 3235 deceptus
2676 3161 2954 3218 transtulit
2975 3162 3348 3217 incurvantem
3364 3171 3420 3216 et

1830 3256 2219 3311 refrenantem.
2245 3253 2453 3310 Sensus
2472 3269 2600 3322 ergo
2631 3251 2938 3320 hujusmodi
2966 3260 3051 3307 est
3076 3251 3418 3307 venientibus

129 3336 221 3390 tia.
273 3356 290 3386 ι
338 3335 540 3390 Omnes
590 3337 686 3404 qui
733 3315 1007 3390 faciebant
1048 3335 1271 3389 lacunas
1311 3335 1380 3388 ad
1431 3334 1724 3403 capiendos
1753 3315 1799 3379 (ἶ
1832 3348 2095 3418 Assyriis,
2119 3347 2208 3402 vel
2231 3315 2652 3410 Chaldgis,;ion
2674 3315 2781 3399 erit
2799 3343 3034 3414 [Egme
3060 3358 3228 3413 opus,
3262 3343 3312 3399 id
3336 3355 3420 3398 esi

125 3427 327 3496 pisces,
375 3445 396 3476 ι
427 3425 688 3479 subaudis
730 3425 982 3478 deﬁcient
1027 3423 1437 3478 advenientibus
1458 3423 1723 3480 hostibus.

129 3517 258 3571 Haec
277 3515 551 3580 omnia,ut
561 3514 811 3581 diximus,
838 3515 1218 3588 hyperbolicos
1246 3515 1557 3585 accipienda
1579 3525 1723 3584 sunt,

130 3625 253 3678 quae
290 3619 511 3680 propter
545 3610 839 3664 maximam
866 3610 1226 3666 vastationem
1279 3609 1356 3666 ita
1395 3624 1656 3682 expresse
1693 3625 1724 3666 a

132 3702 415 3774 propheta"
434 3701 643 3774 prolata
665 3711 812 3760 sunt.

213 3817 231 3848 ‹
271 3795 432 3850 Stulti
462 3796 736 3868 principes
761 3797 1067 3868 Taphneos,
1092 3799 1365 3869 sapientes
1383 3864 1386 3866 γ
1407 3797 1723 3863 consiliarii,

132 3887 402 3944 Pharaoni
429 3889 694 3945 dederunt
721 3889 1009 3946 consilium
1033 3891 1322 3961 insipiens.
1359 3911 1380 3945 ι
1418 3891 1723 3962 Taphneos,

131 3981 402 4052 genitivus
430 3996 640 4051 graecus
662 3991 766 4036 est.
795 3980 1035 4051 Taphnis
1068 3990 1251 4037 autem
1280 3982 1477 4038 civitas
1504 3990 1588 4036 est
1616 3996 1726 4036 me-

132 4075 358 4145 tr0polis
395 4075 640 4148 Egypti,
670 4076 725 4130 in
747 4092 854 4147 qua
879 4076 1055 4133 Moses
1075 4078 1243 4133 multa
1265 4079 1419 4150 signa
1439 4077 1586 4142 fecit,
1606 4092 1726 4147 quae

133 4166 188 4222 in
214 4167 402 4223 Exodo
449 4175 966 4224 commemorantur.
1021 4170 1088 4224 Et
1129 4171 1231 4226 hoc
1279 4170 1436 4237 dixit,
1471 4171 1596 4241 quia
1624 4168 1722 4224 ad—

135 4261 382 4316 veniente
408 4259 735 4332 Babylonica
758 4262 841 4317 vel
865 4261 1111 4318 Romana
1151 4263 1487 4334 captivitate,
1539 4263 1722 4318 omnia

132 4367 416 4424 magorum
442 4352 665 4408 consilia
711 4351 989 4408 annullata
1046 4362 1190 4410 sunt.
1242 4353 1525 4424 Principes
1578 4355 1721 4410 enim

132 4445 431 4511 Pharaoni,
465 4446 556 4516 qui
584 4447 914 4517 putabantur
948 4447 1222 4517 sapientes
1269 4461 1410 4512 esse,
1461 4446 1725 4501 dederunt

133 4535 420 4590 consilium
444 4535 728 4605 insipiens,
752 4536 803 4590 id
828 4547 912 4590 est
945 4535 1158 4600 inutile,
1201 4544 1260 4589 ut
1296 4544 1629 4605 praepararet
1665 4550 1724 4590 se

135 4629 203 4683 ad
219 4629 573 4684 resistendum
590 4627 1106 4694 Nabuchodonosor,
1127 4627 1211 4683 vel
1234 4627 1512 4684 Romanis.
1536 4646 1554 4678 ι
1583 4626 1726 4694 Quo-

135 4720 298 4775 modo
327 4719 506 4775 dicitis
535 4718 804 4774 Pharaoni
836 4738 847 4773 :
884 4719 1052 4775 Filius
1076 4719 1396 4788 sapientium
1420 4733 1540 4790 ego,
1582 4718 1724 4774 ﬁlius
1750 4698 1804 4759 D

137 4826 325 4881 regum
361 4811 726 4880 antiquorum.
766 4830 786 4863 ι
838 4809 930 4865 Sic
976 4811 1190 4865 dicebat
1237 4810 1504 4866 Pharaoni
1553 4827 1722 4866 unus-

140 4902 370 4973 quisque
393 4902 736 4960 consiliarius
755 4904 893 4975 ejus,
925 4912 986 4957 ut
1009 4919 1165 4957 suum
1213 4902 1497 4959 consilium
1521 4902 1722 4957 bonum

138 5007 261 5049 esse
298 4994 632 5061 ostenderet,
663 5001 720 5049 et
742 4995 812 5050 ob
840 4995 944 5049 hoc
970 5003 1235 5050 statueret
1265 4993 1414 5049 illud.
1442 4991 1522 5048 Tu
1570 5009 1630 5050 es
1660 4994 1722 5048 ﬁ-

141 5089 246 5146 lius
271 5092 592 5163 sapientium
619 5090 1021 5164 )Egyptiorum,
1052 5100 1107 5147 et
1129 5106 1317 5162 regum
1349 5090 1718 5160 antiquorum,

140 5181 372 5252 ideoque
399 5182 628 5239 viriliter
653 5183 820 5239 debes
848 5198 1091 5255 pugnare
1131 5191 1318 5238 contra
1351 5182 1604 5255 Assyrios
1637 5181 1723 5238 vel

141 5272 436 5332 Romanos.
478 5275 718 5348 Egyptii
746 5277 1208 5348 namque-heroas
1249 5287 1306 5332 et
1341 5277 1469 5333 deos
1501 5293 1724 5351 magnos

140 5374 395 5420 auctores
424 5380 534 5420 sum
576 5366 750 5436 gentis
776 5365 940 5421 fuisse
969 5367 1197 5438 jactant,
1232 5368 1334 5423 hoc
1361 5375 1466 5434 est,
1501 5367 1628 5435 Isin,
1672 5378 1726 5424 et

143 5461 324 5527 lsirin,
343 5470 396 5516 et
421 5459 754 5531 Typhonem.
778 5479 796 5512 ‹
825 5459 926 5515 Ubi
952 5471 1229 5517 suntnunc
1257 5462 1527 5532 sapientes
1554 5463 1669 5517 tui?
1703 5483 1721 5516 ι

144 5553 402 5610 subaudis
437 5553 758 5608 adveniente
797 5552 1076 5618 vastitate,
1114 5571 1132 5605 ς
1179 5553 1498 5608 annuntient
1545 5554 1642 5610 tibi
1673 5563 1729 5610 et

143 5643 406 5711 indicent,
434 5645 562 5716 quid
613 5644 933 5717 c0gitaverit
965 5645 1226 5701 Dominus
1273 5647 1608 5703 exercituum
1637 5665 1725 5704 su-

145 5748 245 5809 per
298 5737 607 5810 }Egyptum.
661 5758 680 5790 ι
735 5738 1002 5810 Propheta
1037 5737 1273 5808 loquitur
1299 5739 1367 5794 ad
1407 5737 1722 5812 Egyptum,

147 5832 487 5904 interrogans
513 5831 605 5888 ubi
646 5842 772 5888 sunt
824 5833 1093 5903 sapientes
1127 5831 1262 5902 ejus,
1304 5844 1358 5889 et
1405 5851 1576 5906 quare
1615 5852 1722 5892 non

146 5926 472 5982 annuntient
498 5927 546 5981 ei
579 5943 697 5995 qua:
726 5927 983 5981 Dominus
1009 5928 1326 5997 cogitaverit
1363 5944 1524 5998 super
1548 5929 1720 5994 illam,

547 6023 816 6081 ΡΑΤκΟι..
873 6022 1094 6085 CXVI.

1831 3442 2141 3509 consilium,
2172 3443 2315 3512 quod
2342 3451 2436 3496 aut
2465 3449 2629 3512 caput
2659 3441 2858 3496 habeat
2881 3449 2972 3494 aut
3001 3441 3187 3507 ﬁnem,
3222 3451 3314 3496 aut
3337 3457 3419 3497 se-

1828 3537 1988 3592 nibus
2023 3537 2311 3593 conveniat
2338 3545 2431 3590 aut
2456 3535 2640 3607 pueris
2663 3552 2676 3588 :
2702 3550 2933 3604 quorum
2959 3535 3048 3589 alii
3074 3551 3173 3604 per
3194 3534 3417 3589 nimiam

1829 3641 2046 3688 aetatem
2085 3631 2398 3687 amittentes
2443 3631 2775 3686 intellectum
2825 3631 3093 3700 desipiunt
3142 3640 3237 3686 aut
3283 3631 3415 3685 deli-

1831 3732 1974 3787 rant,
2007 3723 2099 3778 alii
2122 3738 2221 3793 per
2249 3721 2528 3796 lasciviam
2557 3730 2611 3775 et
2667 3720 2950 3776 infantiam
2989 3723 3239 3776 nesciunt
3286 3723 3416 3792 quid

1829 3814 2049 3872 faciant.

1907 3927 1924 3958 ι
1954 3907 2012 3962 In
2038 3907 2125 3964 die
2150 3906 2237 3962 illa
2259 3908 2364 3962 erit
2392 3907 2656 3980 Egyptus
2678 3907 2831 3979 quasi
2857 3907 3131 3973 mulieres,
3157 3929 3175 3961 ι
3205 3919 3258 3965 et
3291 3909 3415 3964 reli-

1828 4015 1953 4068 qua.
2007 3998 2065 4052 In
2094 3999 2182 4054 die
2226 3998 2316 4052 illa
2344 4014 2470 4054 cum
2510 3999 2726 4077 venerit
2783 3999 3010 4054 vastitas
3055 3998 3276 4071 Λεωτριὶ
3317 4016 3414 4070 per

1827 4089 2140 4154 Chaldaeos,
2190 4089 2472 4162 Assyrios,
2525 4089 2908 4161 Romanosque
2951 4109 2965 4145 :
3019 4092 3122 4146 erit
3148 4091 3414 4164 Egyptus

1827 4183 1982 4254 quasi
2016 4182 2295 4249 mulieres,
2326 4181 2540 4237 inﬁrma
2573 4193 2629 4238 et
2675 4183 2899 4238 inermis
2948 4191 3003 4238 et
3057 4184 3174 4239 sine
3232 4184 3418 4255 aliqua

1823 4275 2045 4330 virtute.
2086 4294 2104 4326 ‹
2142 4274 2210 4329 Et
2229 4275 2521 4343 stupehunt
2550 4293 2568 4326 ι
2604 4272 2842 4345 Egyptii
2865 4275 2979 4328 sive
3005 4273 3060 4328 in
3098 4275 3412 4331 admiratio-

1828 4381 1952 4422 nem
1978 4365 2200 4420 nimiam
2228 4372 2529 4430 vertentur,
2560 4384 2578 4415 ‹
2624 4373 2679 4419 et
2725 4365 3044 4420 timebunta
3090 4367 3227 4422 facie
3265 4384 3415 4423 com--

1827 4456 2086 4513 motionis
2112 4455 2367 4510 vindictae
2387 4453 2620 4520 Domini,
2653 4474 2669 4506 ι
2701 4471 2822 4524 qua:
2854 4455 3172 4528 intelligitur
3193 4476 3412 4529 perma-

1827 4565 1957 4604 num
2008 4548 2144 4618 ejus.
2190 4565 2210 4597 ‹
2263 4546 2434 4613 Quam
2483 4566 2500 4597 ι
2543 4546 2836 4601 vindictam
2888 4567 2907 4599 ‹
2950 4549 3190 4605 movebit
3221 4570 3239 4602 ›
3299 4551 3412 4622 ipse

1833 4660 1854 4694 ‹
1893 4641 2152 4696 Dominus
2179 4655 2279 4710 per
2311 4655 2435 4696 eum
2470 4659 2481 4692 :
2519 4660 2538 4694 ι
2568 4655 2665 4711 per
2691 4639 3062 4698 Sennacherib
3109 4643 3195 4699 vel
3227 4643 3408 4702 Nabu-

1831 4733 2194 4788 chodonosor.

1908 4846 1925 4876 ι
1962 4826 2028 4881 Et
2053 4826 2160 4880 erit
2180 4833 2328 4880 terra
2343 4822 2480 4880 Juda
2509 4823 2740 4896 IEgypto
2764 4826 2818 4881 in
2843 4841 3153 4897 pavorem.»
3180 4829 3406 4898 Quidam
3445 4856 3449 4860 η

1831 4918 2048 4975 codices
2089 4918 2312 4983 habent,
2342 4916 2396 4971 in
2439 4915 2808 4972 festivitatem.
2850 4917 2958 4974 Sed
2989 4921 3179 4975 beatus
3224 4921 3410 4976 Hiero-

1828 5024 2024 5081 nymus
2051 5008 2400 5077 reprehendit
2418 5007 2766 5078 semetipsum
2796 5008 2870 5065 ita
2894 5011 3255 5075 transtulisse,
3283 5011 3408 5080 quia

1830 5101 2034 5156 rectius
2055 5110 2140 5155 est
2169 5097 2351 5154 dicere
2371 5099 2424 5153 in
2449 5113 2707 5170 pavorem
2738 5101 2821 5156 vel
2843 5100 3209 5158 formidinem.
3241 5102 3309 5157 Et
3329 5113 3413 5158 est

1825 5209 2038 5250 sensus.
2074 5190 2207 5247 Cum
2231 5207 2417 5248 omnes
2461 5209 2654 5248 manus
2700 5193 2939 5248 virorum
2985 5191 3204 5250 fortium
3239 5195 3408 5270 Egy—

1825 5285 2063 5357 ptiorum
2090 5283 2244 5353 quasi
2278 5284 2566 5340 mulierum
2614 5301 2824 5352 manus,
2851 5301 2962 5355 pne
3005 5289 3172 5343 nimio
3213 5289 3410 5345 timore

1826 5375 2064 5431 hostium
2093 5374 2367 5430 dissolutae
2412 5375 2654 5430 fuerint:
2715 5385 2843 5432 tunc
2895 5379 3212 5433 vocabulum
3259 5379 3408 5434 Juilze

1827 5475 2002 5523 terror
2045 5466 2152 5522 erit
2193 5475 2248 5522 et
2279 5481 2451 5538 pavor
2488 5465 2745 5537 Egypto,
2791 5483 2856 5524 eo
2893 5471 3038 5538 quod
3060 5469 3187 5524 dum
3214 5470 3264 5524 ei
3298 5470 3411 5524 vult

1829 5559 2084 5614 auxilium
2106 5559 2364 5629 praebere,
2397 5567 2547 5612 tanta
2571 5557 2711 5612 mala
2738 5573 2993 5629 perpessa
3021 5558 3110 5614 sit.
3140 5559 3409 5615 Recorda-

1828 5651 1976 5708 bitur
2008 5652 2152 5708 enim
2173 5652 2298 5722 quia
2320 5659 2540 5723 prOpter
2556 5651 2806 5706 timorem
2830 5651 3214 5723 omnipotentis
3237 5651 3331 5708 Dei
3355 5662 3408 5707 et

1828 5760 2067 5802 amorem
2117 5761 2276 5816 quem
2329 5742 2549 5798 abstu-lit
2586 5759 2616 5796 a
2659 5741 2876 5811 Iudaeis,
2908 5745 3275 5815 promittendo
3304 5743 3408 5799 illis

1828 5839 2087 5895 auxilium
2117 5848 2172 5895 et
2200 5838 2617 5910 protectionem,
2647 5847 2798 5893 tanta
2843 5837 2984 5894 mala
3009 5839 3058 5894 ei
3098 5855 3130 5894 a
3176 5838 3406 5894 Domino

1827 5933 2096 5988 eveniant.
2152 5931 2308 5988 Unde
2359 5938 2415 5986 et
2449 5931 2733 6000 sequitur:
2778 5951 2796 5981 ι
2840 5930 3060 5998 Omnis,
3095 5951 3112 5984 ι
3149 5929 3409 5987 subaudis

2893 6025 2972 6086 26
