3918 6470
564 420 672 480 815
1030 411 1383 471 HAYMONIS
1424 406 1901 467 HALBERS'I‘AT.
1940 402 2346 469 EPlSC._0PP.
2386 401 2565 460 PARS
2602 401 2645 457 1.
2678 428 2749 444 -
2783 398 3137 460 COMMENT.
3176 397 3344 454 BlBL.
3748 401 3826 457 816

566 543 623 590 et
641 534 949 589 destruetur
975 528 1031 583 in
1056 528 1145 583 die
1168 527 1379 598 judicii,
1412 540 1534 581 cum
1560 537 1785 595 regnum
1812 519 2015 577 Christi
2041 519 2136 575 ad-
2166 520 2220 583 Α
2240 525 2325 573 est
2348 516 2483 572 mihi
2525 516 2583 571 in
2610 513 2950 572 miraculum.
2987 533 3009 566 ι
3060 512 3181 568 Vox
3211 511 3505 581 propheta:
3523 549 3545 576 ,
3589 511 3689 580 qui
3728 513 3821 571 ida

565 622 795 680 venerit.
2245 613 2479 686 appellat
2511 628 2633 669 eam
2658 611 2985 683 Babylonem
3013 607 3292 669 dilectam,
3338 606 3487 676 quia
3535 604 3709 661 homo
3726 618 3816 664 ent

1158 686 1385 745 CAPUT
1421 686 1569 742 XXI-
2245 715 2301 761 et
2334 707 2400 762 de
2439 705 2748 763 hominibus
2794 702 3116 772 loquebatur
3146 719 3158 753 :
3208 698 3417 754 idcirco
3472 712 3602 753 non
3638 708 3811 769 potent

645 830 664 863 ι
692 810 844 867 Onus
867 805 1065 864 deserti
1084 803 1269 859 maris.
1297 823 1316 855 ι
1335 801 1483 857 Mare
1508 798 1806 871 appellatur
1823 797 1879 852 in
1898 795 2004 851 hoc
2023 793 2140 850 loco
2246 812 2357 853 non
2382 796 2563 854 dolere
2573 810 2738 866 super
2761 793 2928 850 tantis
2951 792 3187 848 miseriis
3211 805 3429 847 eorum.
3446 788 3658 845 Posita
3668 801 3808 849 aute-

564 900 826 973 Babylon,
853 904 1075 969 propter
1097 892 1497 950 multitudinem
1518 888 1837 962 popnlorum
1857 902 1977 957 qua:
1998 886 2052 940 in
2074 899 2141 939 ea
2247 892 2298 948 ei
2319 899 2437 947 erat
2463 891 2520 947 in
2544 888 2895 955 miraculum,
2926 900 3094 959 quare
3133 886 3214 943 sic
3241 885 3353 943 cito
3371 884 3640 957 potuerit
3661 902 3693 941 ι
3714 890 3802 944 mh»

568 1004 722 1063 erat,
751 993 895 1049 unde
927 999 983 1046 et
1008 1005 1104 1061 per
1130 986 1421 1042 Jeremiam
1452 982 1652 1039 dicitur
1695 979 1761 1035 ad
1787 977 2142 1034 Nabuchodo-
2241 984 2403 1056 jecﬁs
2431 985 2626 1041 ενοι-εί,

565 1104 728 1144 nosor
756 1105 770 1141 :
801 1104 820 1139 ‹
856 1086 1139 1140 Desertum
1184 1078 1349 1134 faciet
1388 1076 1648 1132 Dominus
1678 1088 1831 1128 mare
1859 1072 1974 1142 ejus
2003 1068 2138 1142 (Jer.
2325 1094 2344 1128 ι
2371 1075 2521 1132 Pone
2547 1088 2818 1140 mensam,
2843 1070 3212 1143 contemplare
3236 1071 3293 1125 in
3316 1068 3641 1142 speculam,
3659 1088 3793 1128 ω.

564 1179 661 1248 ιι).
696 1197 715 1230 ι
755 1174 909 1244 Quod
951 1174 1226 1229 desertum
1272 1167 1491 1231 dicitur,
1539 1163 1666 1234 quia
1706 1161 2021 1217 derelictum
2058 1166 2145 1215 est
2251 1171 2440 1226 dentes
2465 1176 2523 1225 ει
2557 1164 3083 1236 Μδθιιιεε,5ιιιιεῑιε,
3126 1162 3429 1235 principes,
3486 1164 3790 1236 arriping

564 1285 597 1324 a
627 1270 765 1335 Deo,
792 1274 848 1323 et
887 1272 1207 1322 evacuatum
1247 1260 1315 1315 ab
1339 1255 1733 1313 habitatoribus
1759 1253 1891 1308 suis.
1938 1270 1957 1303 ι
1990 1250 2145 1305 Sicut

566 1361 811 1417 turbines
850 1360 918 1414 ab
968 1355 1154 1411 Africo
1200 1351 1457 1416 veniunt,
1483 1348 1550 1403 de
1594 1346 1806 1402 deserto
1845 1343 2026 1409 venit,
2075 1342 2143 1397 de

560 1459 709 1507 terra
730 1446 979 1504 horribili
1022 1444 1160 1500 visio
1202 1443 1337 1497 dura
1370 1440 1615 1495 nuntiata
1647 1444 1731 1492 est
1772 1435 1927 1491 mihi.
1968 1454 1987 1487 ι
2024 1434 2143 1489 Vox

562 1540 853 1613 Babylonis
888 1546 990 1594 est.
1030 1536 1186 1592 Sicut
1223 1535 1291 1589 ab
1339 1531 1542 1598 Africo,
1599 1530 1653 1586 id
1682 1538 1769 1585 est
1809 1530 1877 1585 ab
1919 1526 2141 1584 australi

563 1640 746 1705 parte,
802 1637 1093 1699 tempestas
1154 1626 1447 1681 vehemens
1482 1622 1673 1678 venire
1710 1621 1991 1676 consuevit
2021 1639 2033 1673 :
2066 1618 2144 1673 ita

564 1724 700 1779 mihi
720 1722 789 1777 de
810 1723 1023 1778 deserto
1045 1718 1317 1775 Medorum
1346 1726 1403 1772 et
1427 1715 1715 1771 Persarum
1728 1714 1954 1770 vastitas
1974 1711 2142 1777 venit,

568 1827 624 1873 et
660 1818 728 1873 de
765 1825 910 1871 terra
950 1813 1218 1878 horribili,
1254 1812 1307 1867 id
1343 1820 1427 1867 est
1457 1810 1704 1874 terribili,
1735 1809 1888 1877 cujus
1918 1824 2019 1864 nec
2048 1822 2144 1862 no-

2248 1278 2431 1335 peum.
2461 1282 2480 1315 ›
2513 1260 2809 1333 Dupliciter
2836 1268 3015 1330 potest
3056 1256 3280 1330 intelligi
3310 1256 3493 1312 istud.
3530 1256 3600 1312 Et
3618 1257 3785 1313 Pasin

2250 1355 2412 1423 Medi,
2451 1354 2648 1410 sumite
2679 1352 2861 1409 cibum
2909 1350 3090 1405 futuro
3136 1348 3321 1421 praelio
3358 1360 3726 1419 praparantes
3748 1360 3783 1403 ε
3848 1408 3849 1419 χ

2249 1449 2423 1506 fortes
2440 1447 2561 1504 sitis
2594 1447 2663 1502 ad
2703 1444 3068 1501 dimicandum
3106 1451 3162 1497 et
3196 1440 3579 1498 occidendum
3613 1438 3775 1512 Babylo-

2250 1540 2392 1596 nios.
2426 1538 2668 1608 Cumque
2688 1535 3035 1593 comederitis
3065 1541 3121 1589 et
3144 1532 3422 1598 hiberitis,
3442 1534 3666 1601 surgite,
3684 1548 3774 1586 amt

2251 1631 2494 1701 arripite,
2507 1628 2837 1700 Babylonem
2848 1625 3129 1682 debellate.
3150 1624 3405 1696 Cumque
3419 1623 3767 1683 debellaven'ﬁs.

2253 1723 2690 1795 contemplamini
2704 1723 2760 1777 in
2779 1720 3076 1792 speculam,
3089 1720 3144 1776 id
3156 1728 3241 1776 est
3252 1734 3321 1776 ea
3332 1734 3476 1789 qua:
3487 1728 3766 1774 exaratam:

2252 1815 2309 1871 in
2335 1814 2540 1887 pariete
2565 1812 2829 1883 perﬂeite,
2862 1812 2989 1882 quia
3018 1813 3161 1867 Deus
3185 1826 3431 1883 regnum
3466 1811 3621 1868 istius
3643 1828 3759 1866 m-

563 1926 688 1967 men
713 1909 901 1964 audire
920 1922 1139 1978 possum
1165 1907 1281 1961 sine
1319 1904 1626 1960 formidine.
1658 1900 1806 1958 Visio
1839 1901 1971 1956 dura
2007 1915 2145 1954 nun-
2173 1909 2223 1969 B
2252 1907 2412 1962 ravit.
2443 1904 2650 1962 Aliter;
2684 1903 2729 1962 0
2766 1904 3029 1976 Babylon,
3076 1919 3209 1975 para
3255 1904 3381 1975 regi
3438 1912 3536 1959 mo
3570 1903 3758 1958 Ralm

564 2001 696 2056 tiata
725 2008 809 2056 est
832 2000 986 2066 mihi,
1020 1999 1284 2054 adventus
1309 1996 1515 2051 scilicet
1562 1994 1841 2050 Medorum
1866 2000 1920 2049 et
1947 1992 2141 2047 Persa-

564 2108 706 2147 rum.
736 2091 877 2159 Quid
898 2091 1086 2147 durius
1116 2105 1279 2159 quam
1298 2086 1630 2159 captivitatis
1652 2085 1898 2141 malum?
1929 2084 1997 2140 Et
2017 2083 2148 2155 quid

564 2185 753 2240 durius
775 2199 936 2254 quam
959 2184 1027 2239 ab
1074 2183 1204 2252 ipsis
1234 2180 1493 2252 subjectis
1514 2195 1622 2235 non
1652 2178 1825 2234 solum
1847 2177 1989 2234 bona
2009 2185 2146 2233 tem-

560 2275 794 2347 poralia,
822 2274 916 2331 sed
950 2275 1117 2330 etiam
1143 2275 1311 2329 vitam
1330 2280 1655 2343 praesentem
1680 2270 1916 2327 auferri?

640 2386 659 2418 ε
694 2366 795 2435 Qui
825 2365 1134 2423 incredulus
1153 2374 1256 2432 est,
1287 2384 1304 2416 ι
1334 2364 1386 2420 id
1421 2363 1613 2434 estqui
1650 2361 1882 2418 inﬁdelis
1907 2370 1990 2418 est
2011 2360 2143 2427 Deo,

523 2486 531 2493 -
558 2458 641 2514 vel
670 2458 888 2514 domino
929 2472 1048 2513 suo.
1072 2457 1266 2512 Darius
1294 2454 1377 2510 vel
1398 2455 1569 2526 Cyrus
1594 2473 1613 2506 ι
1638 2452 1927 2509 inﬁdeliter
1959 2452 2087 2523 agit,
2122 2470 2142 2503 ›

563 2550 822 2606 subaudis
843 2557 1032 2605 contra
1055 2548 1332 2603 dominum
1349 2562 1504 2601 suum
1523 2544 1828 2610 Balthasar,
1851 2543 2148 2598 occidendo

560 2642 743 2698 illum:
781 2662 800 2695 ι
827 2650 884 2698 et
896 2642 989 2712 qui
1015 2639 1369 2712 depopulatur
1390 2659 1408 2689 ι
1435 2638 1549 2693 sive
1576 2644 1818 2693 vastator
1847 2655 1865 2686 ι
1894 2641 2087 2698 vastat,
2121 2653 2140 2686 ι

565 2735 829 2792 subaudis
853 2750 962 2790 me.
992 2732 1112 2789 Vox
1160 2732 1332 2803 ipsius
1370 2728 1681 2801 Babylonis.
1712 2727 1972 2795 Quamvis
1999 2726 2145 2793 enim

562 2826 675 2883 Deo
703 2826 1055 2898 permittente
1091 2824 1222 2879 illud
1266 2822 1444 2889 fieret,
1481 2831 1660 2878 tamen
1705 2819 1994 2876 inﬁdeliter
2021 2833 2147 2889 ege-

562 2926 694 2973 runt
716 2918 910 2973 Darius
944 2926 1001 2972 et
1022 2916 1199 2988 Cyrus
1225 2923 1415 2971 contra
1431 2914 1707 2971 dominum
1739 2929 1895 2968 suum
1926 2910 2145 2966 Baltha-

559 3023 671 3063 sar.
714 3027 733 3058 ι
763 3008 1007 3062 Ascende
1027 3006 1200 3073 Elam,
1226 3006 1412 3062 obside
1429 3004 1591 3060 Bede.
1623 3024 1643 3057 ›
1677 3003 1796 3058 Vox
1825 3002 2037 3057 Domini
2069 3001 2146 3054 al-

558 3097 834 3169 loquentis
852 3097 1251 3152 multitudinem
1273 3095 1564 3152 Persarum
1590 3103 1648 3150 et
1665 3094 1964 3149 Medorum.
1992 3091 2145 3146 Elam

512 3188 521 3195 ’
559 3208 796 3262 namque
820 3192 1098 3263 provincia
1127 3200 1212 3247 est
1234 3189 1523 3246 Persarum
1545 3196 1601 3245 et
1626 3187 1838 3252 civitas,
1860 3202 1958 3257 per
1979 3202 2140 3256 quam

2251 2013 2516 2064 mensam,
2560 2006 2615 2053 et
2660 1996 3025 2067 contemplare
3049 1995 3192 2065 quod
3235 2003 3365 2066 post
3406 1995 3588 2051 cibum
3623 1996 3754 2050 «eis:

2250 2092 2321 2147 ei.
2345 2088 2454 2146 Vos
2478 2097 2682 2153 autem,
2699 2088 2828 2142 Dari
2855 2095 2908 2141 et
2922 2086 3082 2159 Cyre,
3106 2086 3351 2158 quicum
3381 2102 3521 2159 rege
3547 2086 3747 2143 mena

2250 2185 2454 2257 surgite
2492 2192 2549 2240 et
2586 2181 2875 2239 interﬁcite
2917 2181 3194 2238 dominum
3230 2181 3451 2236 virum.
3486 2179 3573 2235 Vel
3595 2189 3745 2236 una»

2248 2280 2423 2351 piare,
2469 2294 2504 2334 ο
2546 2277 2849 2342 Balthasar,
2874 2275 3016 2347 quod
3063 2276 3135 2331 sit
3175 2275 3232 2331 in
3278 2275 3508 2346 pariete
3542 2276 3739 2343 supra:

2256 2387 2276 2422 ι
2316 2370 2494 2436 Mane,
2520 2368 2743 2435 Techel,
2782 2367 2989 2425 Phares
3018 2364 3182 2438 (Dan.
3210 2365 3289 2437 v).
3326 2386 3351 2419 ι

2325 2480 2344 2511 ι
2370 2459 2498 2516 Haec
2543 2459 2689 2515 enim
2730 2458 2867 2514 dixit
2911 2457 3045 2512 mihi
3080 2457 3403 2514 Dominus:
3429 2459 3602 2513 Vadret
3627 2471 3709 2527 pust

2250 2550 2660 2622 speculatorem,
2705 2557 2762 2604 et
2792 2549 3151 2619 quodcunque
3190 2548 3445 2615 viderit,
3485 2549 3715 2604 mi

2250 2642 2656 2715 Speculatorem
2697 2641 2801 2698 hoc
2861 2642 2914 2696 in
2953 2640 3070 2697 loco
3117 2642 3454 2712 prophetam
3498 2640 3730 2710 intellig'ms

2247 2735 2466 2803 Isaiam,
2511 2735 2605 2806 qui
2643 2733 3024 2805 speculabatur
3041 2748 3161 2802 qua:
3186 2733 3462 2788 Dominus
3474 2740 3733 2803 pm

2248 2835 2368 2884 erat
2408 2842 2570 2898 super
2597 2826 2948 2898 Babylonem.
2990 2823 3279 2895 Propheta:
3307 2840 3537 2896 namque
3568 2820 3732 2894 spemb‘

2248 2931 2397 2976 tores
2441 2918 2872 2990 appellabantur,
2915 2916 3056 2973 sicut
3097 2917 3167 2971 ad
3214 2916 3541 2973 Ezechielem
3570 2914 3737 2969 dicitur:

2254 3031 2271 3063 ι
2304 3011 2406 3066 Fili
2440 3010 2698 3076 hominis,
2750 3009 3141 3082 speculatorem
3183 3008 3309 3065 dedi
3356 3019 3411 3066 te
3438 3006 3598 3063 Domni
3623 3002 3736 3060 isne!

2250 3101 2467 3174 (Ezech.
2499 3101 2603 3173 ιιι).
2637 3124 2654 3153 ι
2700 3101 2831 3175 Tale
2873 3110 2957 3157 eSt
2996 3117 3061 3157 ac
3097 3101 3143 3156 si
3184 3101 3421 3157 diceret:
3456 3096 3738 3165 Temetipsum

2248 3193 2517 3248 constitue
2542 3191 2955 3264 Speculatorem,
2980 3201 3034 3247 et
3061 3206 3388 3263 quaecunque
3406 3187 3603 3244 audieris
3618 3200 3645 3238 ι
3667 3198 3737 3239 me

557 3285 934 3354 intelliguntur
958 3282 1204 3338 homines
1232 3284 1298 3338 de
1325 3280 1477 3337 Elam
1504 3288 1561 3337 et
1601 3279 1843 3335 Persida.
1869 3278 2137 3345 Ascende,
2168 3270 2214 3335 C
2244 3284 2329 3341 vel
2356 3284 2558 3340 videris
2583 3284 2776 3356 spiritu
2802 3283 3128 3355 prophetali,
3158 3283 3405 3339 annuntia.

556 3376 752 3447 inquit,
777 3391 812 3431 o
840 3375 1111 3431 exercitus
1139 3374 1313 3439 Elam,
1345 3372 1400 3428 id
1456 3380 1539 3428 est
1588 3372 1681 3442 qui
1717 3372 1784 3427 de
1829 3369 1983 3425 Elam
2012 3386 2140 3441 pro-

556 3468 738 3525 vincia
764 3469 937 3533 venis,
965 3475 1020 3522 et
1048 3482 1082 3522 0
1123 3466 1397 3522 exercitus
1442 3464 1614 3531 Mede,
1646 3463 1740 3534 qui
1781 3463 1848 3519 de
1875 3462 2028 3517 Meda
2056 3478 2137 3527 es,

557 3560 745 3616 obside
778 3558 1126 3629 Babylonem.
1178 3557 1246 3612 Et
1289 3565 1373 3613 est
1397 3569 1635 3611 sensus:
1681 3553 1762 3609 Ne
1810 3552 2071 3616 timeatis,
2108 3568 2142 3608 ο

562 3652 704 3708 Medi
734 3661 791 3707 et
809 3650 978 3715 Persi,
1018 3658 1234 3705 vastare
1258 3648 1609 3719 Babylonem,
1660 3646 1937 3702 ascendite
1976 3661 2140 3716 super

558 3762 726 3819 equos
750 3742 1310 3810 vestros,etobsidete
1334 3742 1630 3797 civitatem.
1661 3758 1681 3792 ι
1717 3738 1944 3795 Omnem
1972 3739 2142 3811 gemi-

554 3848 672 3894 tum
708 3837 828 3909 ejus
868 3851 1083 3894 cessare
1134 3834 1255 3891 feci.
1310 3854 1328 3886 ι
1365 3833 1672 3905 Tripliciter
1709 3833 1825 3888 haec
1871 3832 2139 3889 sententia

556 3942 739 4006 potest
763 3934 1011 4006 intelligi.
1052 3932 1279 3990 Omnem
1318 3932 1578 4004 gemitum
1605 3930 1722 4000 ejus
1770 3945 1985 3987 cessare
2014 3927 2138 3993 feci,

558 4038 668 4098 quo
709 4036 765 4083 te
791 4036 846 4082 et
894 4026 1030 4082 alias
1071 4033 1258 4098 gentes
1289 4040 1504 4095 gemere
1552 4024 1787 4080 faciebat
1818 4041 1832 4077 :
1870 4022 1956 4078 vel
1999 4022 2141 4092 quod

559 4119 739 4176 nullus
761 4119 873 4187 jam
921 4127 1101 4190 gemat
1143 4133 1366 4189 pressus
1400 4117 1643 4188 potentia
1679 4114 1991 4189 Babylonis,
2046 4130 2141 4171 seu

560 4211 704 4282 quod
744 4210 911 4266 tantis
960 4210 1117 4265 malis
1149 4208 1348 4266 afflicta
1382 4209 1475 4276 sit,
1524 4216 1587 4264 ut
1612 4223 1796 4265 coram
1847 4216 1902 4264 te
1927 4221 2143 4278 gemere

564 4314 672 4357 non
700 4300 915 4357 audeat.

638 4412 659 4447 ε
692 4391 981 4464 Propterea
1029 4393 1218 4465 repleti
1268 4400 1396 4449 sunt
1443 4391 1611 4449 lumbi
1641 4393 1749 4448 mei
1796 4392 2002 4459 dolore,
2035 4407 2139 4447 an-

558 4486 736 4559 gustia
772 4485 1014 4556 possedit
1055 4500 1161 4550 me,
1228 4487 1369 4542 sicut
1411 4485 1656 4557 angustia
1704 4486 2077 4556 parturientis.
2116 4505 2135 4538 ι

560 4578 681 4635 Vox
723 4579 1000 4648 prophetae
1052 4577 1359 4649 plangentis
1407 4576 1734 4648 Babylonem
1782 4576 1975 4647 spiritu
2015 4591 2140 4646 pro-

2322 3399 2339 3430 ι
2375 3378 2444 3433 Et
2464 3378 2603 3433 vidit
2633 3396 2652 3430 ι
2684 3376 2773 3432 ille
2803 3375 3131 3448 speculator,
3163 3377 3217 3433 id
3241 3387 3424 3446 est,ego
3445 3371 3557 3435 vidi,
3578 3386 3595 3421 ι
3615 3382 3715 3423 eur-

2246 3484 2365 3524 rum
2383 3468 2612 3523 duorum
2640 3482 2926 3539 equorum,
2955 3486 2974 3519 ι
3006 3466 3112 3522 hoc
3149 3476 3258 3532 est,
3280 3466 3543 3537 bigamquat
3565 3458 3733 3513 duobus

2238 3558 2397 3630 ’θιιιιίε
2410 3559 2534 3616 ἀυοί
2555 3559 2783 3626 SOlebat.
2809 3579 2827 3612 ι
2855 3574 3197 3617 ascensorem
3227 3558 3366 3614 asini
3394 3565 3442 3611 et
3471 3562 3736 3608 ascensorem

2246 3651 2466 3720 cameli,
2503 3672 2521 3706 ι
2542 3651 2799 3707 subaudis
2820 3650 2951 3717 vidi,
2979 3651 3034 3707 id
3061 3659 3147 3708 est
3172 3650 3265 3706 ille
3295 3662 3529 3706 ascensor
3551 3643 3626 3714 qui
3645 3637 3735 3694 resi-

2246 3742 2424 3810 debat,
2477 3758 2579 3814 pro
2612 3744 3069 3813 equis'utebatur
3120 3742 3433 3815 disparibus
3480 3733 3734 3795 animalibus.

2247 3836 2401 3891 asino
2440 3835 2691 3891 videlicet
2747 3844 2804 3891 et
2845 3835 3071 3892 camelo.
3120 3834 3399 3892 Aseensor
3447 3834 3541 3889 iste
3581 3830 3733 3885 domm

2247 3926 2585 3987 animalium.
2614 3926 2933 3999 intelligitur
2956 3927 3130 3999 Cyrus
3149 3928 3241 3998 qui
3274 3929 3506 3982 duorum
3536 3930 3731 3993 regno!“

2246 4020 2474 4088 exstitit,
2492 4020 2690 4077 Persia:
2709 4029 2765 4075 et
2787 4019 2991 4086 Mediae,
3013 4029 3136 4091 post
3159 4028 3399 4076 mortem
3423 4017 3559 4073 Darii
3570 4006 3735 4068 επιπωὲ

2204 4174 2213 4182 ,
2248 4115 2353 4172 sui.
2378 4114 2580 4171 Asinus
2610 4129 2837 4187 regnum
2870 4113 3160 4170 Persarum
3189 4122 3292 4179 est,
3320 4113 3593 4184 quodante
3609 4106 3737 4177 Gym

2246 4206 2483 4279 ignobile
2496 4206 2617 4273 fuit,
2641 4215 2698 4262 et
2712 4206 2915 4263 nullius
2934 4206 3214 4279 dignitatis
3244 4205 3400 4261 inter
3425 4213 3599 4262 caetera
3619 4209 3737 4268 ηεπι

2246 4294 2497 4352 Camelus
2535 4295 2812 4353 Medorum
2867 4312 3092 4369 regnum
3137 4307 3241 4364 est,
3270 4296 3431 4368 quod
3476 4305 3652 4362 semper
3682 4284 3739 4339 ω

2246 4387 2702 4459 potentissimum.
2727 4388 3088 4445 Ascensorem
3109 4402 3242 4457 ergo
3257 4387 3409 4461 bigae
3428 4379 3738 4456 viditprw

2246 4479 2570 4547 venientem,
2621 4481 2749 4551 quia
2803 4496 2929 4536 cum
2971 4479 3139 4536 Medis
3184 4488 3243 4535 et
3283 4478 3482 4537 Persis
3522 4477 3646 4533 venit
3673 4472 3739 4540 itit

2247 4572 2423 4643 Cyrus
2449 4579 2638 4628 contra
2663 4571 2991 4644 Babylonem
3031 4572 3239 4644 pariter
3262 4587 3397 4628 cum
3445 4567 3671 4627 avunculo
3688 4574 3742 4617 sm

554 4643 781 4742 pbetali.
812 4643 1105 4739 Propterea
1126 4710 1141 4735 ,
1174 4643 1356 4739 inquit
1376 4710 1392 4737 ,
1432 4643 1562 4739 quia
1586 4643 1827 4740 Babylon
1847 4643 2031 4724 tantis
2054 4676 2140 4724 est
2165 4643 2220 4703 D
2246 4662 2430 4720 Dario.
2461 4683 2481 4717 ‹
2513 4663 2583 4720 Ει
2609 4643 3002 4735 contemplatus
3026 4672 3108 4721 est
3137 4682 3158 4718 ι
3186 4664 3527 4745 speculator,
3554 4661 3598 4718 id
3614 4668 3747 4723 esteat

558 4763 768 4833 repleta
814 4761 1075 4829 miseriis,
1130 4762 1318 4833 repleti
1373 4768 1497 4817 sunt
1546 4760 1714 4817 lumbi
1762 4761 1868 4816 mei
1907 4761 2133 4817 dolore:

558 4855 701 4910 sicut
725 4851 895 4908 lumbi
935 4853 1222 4907 mulierum
1258 4851 1694 4923 parturientium.
1726 4850 1987 4923 Angustia
2013 4866 2137 4921 pos-

558 4946 697 5002 sedit
722 4959 830 5012 me,
871 4943 1171 5015 prtevidens
1218 4951 1383 4999 tanta:
1428 4942 1789 4998 multitudinis
1818 4942 2137 5013 sanguinem

556 5036 747 5101 fundi,
782 5037 924 5092 sicut
967 5042 1054 5093 est
1103 5034 1352 5107 angustia
1390 5032 1759 5105 parturientis.
1807 5051 1827 5085 ί
1862 5030 2076 5098 Corrui,
2111 5051 2130 5085 ι

558 5127 819 5184 subaudis
853 5128 909 5183 in
941 5127 1221 5183 tristitiam
1249 5126 1336 5182 vel
1364 5126 1419 5181 in
1445 5134 1673 5194 terram,
1717 5140 1840 5181 cum
1873 5126 2139 5192 audirem,

558 5220 821 5277 subaudis
852 5220 1127 5277 miseriam
1144 5219 1458 5290 Babylonis,
1480 5220 1830 5276 conturbatus
1871 5235 1989 5276 sum
2015 5234 2139 5276 cum

554 5312 799 5392 viderem
825 5312 879 5368 in
905 5313 1098 5384 spiritu
1125 5313 1551 5368 destructionem
1575 5314 1710 5385 ejus.

631 5424 649 5455 ι
686 5404 753 5459 Et
783 5403 1007 5469 inaruit,
1037 5422 1058 5455 ι
1103 5403 1160 5458 id
1205 5412 1292 5459 est
1326 5402 1525 5459 defecit
1558 5421 1577 5454 ι
1628 5419 1722 5459 cor
1760 5419 1939 5460 meum
1977 5424 1995 5458 ι
2025 5405 2138 5460 sive

558 5492 733 5548 virtus
762 5509 879 5551 mea
908 5511 922 5559 ;
954 5512 974 5543 ‹
1014 5492 1270 5560 tenebrae,
1308 5514 1326 5547 ι
1365 5494 1418 5548 id
1444 5501 1547 5559 est,
1573 5495 1833 5565 angustiae
1857 5494 2141 5551 etdolores

561 5601 581 5633 ι
621 5583 1024 5655 stupefecerunt
1070 5599 1174 5648 me,
1210 5605 1226 5638 ι
1271 5585 1324 5640 id
1366 5593 1449 5639 est
1493 5585 1549 5639 in
1600 5599 1847 5656 magnam
1899 5583 2133 5641 admira—

553 5675 759 5731 tionem
784 5693 868 5732 me
909 5682 1316 5733 converterunt.
1350 5674 1445 5731 Vel
1468 5675 1634 5730 etiam
1686 5674 1924 5731 tenebrae
1949 5684 2133 5745 stupe—

554 5767 798 5826 fecerunt
826 5770 974 5825 illum
1012 5785 1025 5823 :
1065 5769 1192 5839 quia
1221 5768 1565 5822 multitudine
1600 5767 1961 5835 lacrymarum
2005 5768 2137 5823 cali-

555 5871 815 5931 gnvenmt
853 5860 991 5918 oculi
1027 5861 1160 5929 ejus.
1201 5879 1218 5911 ‹
1253 5859 1493 5931 Babylon
1532 5859 1725 5915 dilecta
1771 5874 1911 5926 mea,
1957 5861 2131 5929 posita

2247 4756 2643 4828 contemplatus
2692 4772 2829 4822 sum,
2868 4776 2886 4809 ι
2914 4756 3199 4829 diligenter
3232 4757 3414 4813 multo
3450 4758 3686 4813 intuitu.»

2325 4868 2344 4902 ι
2379 4849 2450 4906 Et
2487 4848 2741 4905 clamavit
2774 4856 2834 4904 ut
2869 4848 2976 4906 leo.
3014 4869 3033 4903 ι
3065 4849 3183 4920 Ipse
3216 4850 3494 4920 propheta
3523 4849 3607 4920 qui
3633 4837 3753 4912 antel-

2248 4943 2393 4999 latur
2415 4942 2742 5014 speculator,
2782 4951 3120 5014 nuncupatur
3145 4952 3202 5000 et
3238 4944 3325 5000 leo
3356 4960 3465 5014 pro
3494 4945 3667 4999 virtute
3683 4933 3756 4989 ani-

2249 5036 2366 5092 mi:
2398 5044 2454 5092 et
2483 5036 2611 5106 quia
2656 5034 2878 5091 dubium
2905 5044 3027 5091 erat
3065 5036 3130 5092 de
3168 5048 3408 5107 persona
3455 5025 3754 5107 speculatoris

2250 5130 2364 5199 ipse
2406 5128 2629 5200 exponit
2662 5127 3025 5196 manifestius,
3053 5127 3280 5184 dicens:
3331 5146 3354 5180 ι
3395 5127 3577 5199 Super
3612 5113 3762 5196 φα*

2248 5220 2462 5275 Domini
2490 5236 2590 5292 ego
2617 5235 2738 5274 sum
2768 5230 2917 5276 stans
2931 5217 3133 5292 iugiter
3155 5233 3254 5292 per
3277 5218 3453 5287 diem,
3479 5225 3539 5274 et
3563 5221 3764 5285 supra

2248 5312 2479 5369 stodiam
2502 5329 2700 5379 meam,
2723 5332 2741 5365 ι
2759 5311 2815 5367 id
2841 5321 2947 5380 est,
2971 5328 3133 5384 super
3157 5311 3331 5368 locum
3356 5300 3766 5382 contemplationis

2246 5418 2382 5460 meae
2410 5424 2428 5455 ι
2464 5419 2564 5476 ego
2586 5420 2706 5461 sum
2736 5413 2886 5460 stans
2907 5404 3036 5460 totis
3072 5403 3341 5460 noctibus.
3378 5424 3398 5458 ι
3437 5402 3611 5474 Super
3640 5403 3768 5453 caste

2246 5493 2417 5562 diam,
2455 5496 2651 5565 inquit,
2681 5510 2857 5553 meam
2887 5497 3037 5563 sum,‘
3064 5502 3126 5552 ut
3157 5510 3243 5551 me
3265 5495 3569 5552 custodiam
3591 5492 3652 5547 ab
3668 5481 3770 5543 omni

2244 5599 2469 5660 peccato
2489 5631 2503 5657 ,
2543 5599 2605 5647 ut
2630 5592 2735 5648 sim
2776 5591 2969 5664 dignus
2999 5591 3187 5647 audire
3209 5591 3375 5647 verba
3409 5589 3511 5647 Dei
3544 5607 3557 5644 :
3584 5596 3635 5643 et
3657 5593 3774 5652 sape!

2243 5682 2464 5752 specula
2494 5682 2706 5737 Domini
2737 5699 2854 5738 sum
2885 5682 3107 5755 jugiter,
3138 5683 3193 5738 id
3221 5691 3305 5738 est
3332 5698 3556 5754 semper
3578 5693 3681 5736 sum
3707 5688 3775 5744 μοι

2244 5771 2380 5827 situs
2416 5773 2471 5827 in
2518 5774 2971 5843 contemplatione
3003 5775 3120 5838 Dei.
3169 5784 3225 5831 et
3261 5774 3457 5831 diebus
3484 5790 3551 5829 ac
3580 5767 3777 5827 noctibits

2242 5880 2362 5920 sum
2381 5876 2714 5935 praeparatus
2736 5865 2921 5922 audire
2947 5867 3160 5937 etloqui
3182 5866 3324 5936 quod
3348 5866 3466 5937 ipse
3481 5857 3776 5936 pimcepcﬁl-
