3918 6470
111 568 214 624 8Π

1185 545 1536 604 COMMENT.
1581 542 1648 597 IN
1687 540 1936 598 ISAIAM.
1978 569 2046 580 --
2084 539 2210 593 LIB.
2249 538 2310 592 ll.

3238 526 3344 587 818

189 700 206 731 ι
248 679 313 733 Et
361 674 658 746 respondit,
701 693 718 724 ι
748 670 1002 726 subaudis
1038 667 1121 721 leo
1163 665 1255 734 qui
1283 677 1444 732 supra
1483 659 1682 714 clama-
1712 671 1765 730 Α
1789 655 2090 720 lsmaelitas,
2121 670 2187 710 ex
2210 655 2434 711 lsmaele
2464 664 2519 710 et
2547 655 2656 710 ﬁlio
2689 654 2854 727 ipsius
2884 651 3058 709 Cedar
3091 650 3350 706 ducentes

111 779 286 837 verat,
323 787 342 821 ‹
379 777 435 824 et
460 766 598 822 dixit
627 783 640 820 :
677 762 882 819 Cecidit
904 759 1096 816 cecidit
1131 755 1390 827 Babylon,
1416 760 1471 806 et
1500 750 1678 806 omnia

111 859 380 931 sculptilia
411 858 634 914 deorum
681 852 800 922 ejus
849 850 1082 907 contrita
1118 855 1245 903 sunt
1285 846 1338 900 in
1393 852 1618 898 terram.
1654 858 1673 889 ι

111 930 265 1022 Quod
310 949 440 1006 dicit
479 947 676 1004 cecidit
699 943 958 1015 Babylon,
998 938 1402 1010 intelligendum
1447 941 1530 988 est
1555 930 1681 1000 quia

113 1047 170 1100 in
205 1041 484 1122 prophetia
519 1038 616 1094 Dei
641 1036 752 1106 jam
777 1035 1068 1090 ceciderat.
1093 1031 1354 1086 Vastante
1391 1025 1530 1095 Cyro
1559 1037 1681 1078 cum

114 1112 652 1204 DariovBabylonem,
685 1143 792 1183 non
812 1126 982 1182 solum
1009 1123 1138 1178 urbs
1165 1127 1252 1175 est
1271 1119 1566 1179 destructa,
1587 1112 1683 1168 sed

115 1229 274 1284 etiam
308 1225 449 1280 idola
475 1225 593 1294 ejus
635 1219 701 1275 ad
727 1217 953 1274 nihilum
983 1213 1204 1269 redacta
1229 1216 1375 1275 sunt,
1408 1206 1684 1261 destructo

117 1318 316 1389 templo
341 1316 481 1370 Belis
507 1322 565 1368 et
588 1313 713 1381 igne
739 1313 1100 1365 concremata.

191 1429 209 1462 ‹
230 1385 461 1464 ’Τι-ἰιιιη
489 1419 607 1460 mea
639 1410 694 1458 et
717 1401 824 1456 filia
850 1413 990 1453 areae
1014 1410 1148 1451 meae
1175 1407 1297 1464 quae
1325 1387 1510 1446 audivi
1528 1401 1560 1440 a
1580 1385 1686 1439 Do-

116 1504 266 1560 mino
312 1500 646 1556 exercituum
668 1495 780 1549 Deo
818 1489 1035 1546 lsraelis
1079 1483 1398 1542 annuntiavi
1451 1477 1624 1533 vobis.
1660 1495 1680 1528 ι

116 1595 272 1652 Facit
308 1589 689 1664 apostropham
731 1585 798 1639 ad
839 1579 1200 1643 Hierusalem,
1249 1589 1413 1645 quam
1457 1569 1688 1664 appellat

120 1662 394 1750 trituram,
430 1697 496 1738 eo
536 1679 678 1750 quod
704 1694 734 1731 a
775 1673 1002 1730 diversis
1045 1668 1294 1740 gentibus
1330 1662 1690 1719 triturabatur

119 1780 235 1834 sive
259 1773 696 1832 conculcabatur.
726 1765 1005 1822 Triturare
1041 1761 1186 1815 enim
1217 1766 1301 1812 est
1346 1753 1686 1810 conculcare.

121 1872 258 1928 Filia
289 1870 452 1922 etiam
483 1878 624 1918 areae
652 1857 971 1929 appellatur,
1005 1853 1058 1907 id
1081 1860 1163 1906 est
1184 1849 1291 1904 filia
1317 1845 1518 1916 templi,
1547 1840 1692 1913 quod

123 1971 242 2016 erat
285 1963 650 2015 constructum
700 1951 754 2004 in
795 1963 921 2002 area
961 1943 1160 2000 Ornam
1209 1937 1457 2003 Jebusaii,
1504 1934 1597 2005 qui
1637 1939 1693 1987 et

1783 749 2069 820 originem,
2095 763 2320 817 quorum
2344 749 2492 820 regio
2522 749 2822 819 appellatur
2845 745 3061 801 Arabia.
3094 741 3198 809 Qui
3223 753 3347 796 cum

1783 847 1928 894 recte
1946 839 2179 908 Agareni
2210 839 2395 894 vocari
2419 839 2737 904 debuerunt,
2767 837 2835 892 ab
2858 836 3002 908 Agar
3027 842 3202 888 matre
3226 844 3345 894 sua,

1784 937 1988 984 mutato
2016 930 2232 984 nomine
2259 929 2464 983 malunt
2506 945 2564 984 se
2598 929 2929 985 Sarracenos
2968 924 3148 982 vocari
3187 935 3352 993 quam

1784 1017 2082 1088 Agarenos,
2109 1005 2265 1088 quasi
2295 1034 2401 1072 non
2425 1018 2493 1072 de
2519 1019 2713 1072 ancilla
2753 1018 2914 1089 Agar,
2952 1016 3044 1071 sed
3075 1015 3141 1068 de
3179 1012 3352 1067 libera

1786 1107 1923 1164 Sara
1955 1108 2126 1163 exorti
2156 1105 2305 1179 (Gen.
2342 1108 2488 1174 xxv).
2513 1108 2648 1176 Quia
2667 1124 2794 1180 ergo
2815 1108 2900 1163 isti
2929 1105 3126 1161 Judceis
3151 1103 3357 1174 fugien-

1789 1203 1930 1258 tibus
1964 1218 1995 1256 a
2027 1202 2164 1258 facie
2209 1201 2583 1258 Chaldaeorum
2633 1218 2754 1257 cum
2800 1201 3109 1256 debuissent
3161 1210 3355 1266 aquam

1786 1302 1842 1350 et
1870 1310 2064 1366 panem
2087 1296 2237 1360 dare,
2275 1309 2470 1364 panem
2507 1294 2719 1359 dantes,
2757 1307 2953 1363 aquam
2991 1295 3355 1350 retraxerunt,

1787 1399 1848 1444 ut
1879 1388 1952 1443 illi
2000 1390 2169 1460 magis
2197 1389 2612 1444 exardescerent
2641 1387 2692 1440 in
2724 1387 2869 1442 sitim
2899 1395 2953 1440 et
2979 1390 3357 1454 morerentur:

1790 1479 1994 1535 idcirco
2020 1489 2075 1534 et
2099 1480 2203 1550 ipsi
2233 1481 2288 1533 in
2309 1480 2672 1550 captivitatem
2700 1477 2847 1534 ducti
2869 1487 3012 1532 sunt.
3044 1475 3111 1530 Et
3139 1474 3265 1528 licet
3287 1471 3366 1529 illi

1788 1570 1894 1625 hoc
1946 1579 2190 1638 agerent,
2252 1578 2428 1623 tamen
2484 1568 2772 1638 alloquitur
2825 1566 2967 1621 Deus
3020 1564 3365 1632 omnipotens

1789 1659 2002 1714 Judatos
2028 1659 2312 1730 fugientes,
2344 1659 2589 1728 inquiens
2617 1675 2629 1710 :
2661 1675 2680 1709 ι
2716 1657 2771 1712 In
2808 1656 2948 1712 saltu
2975 1656 3043 1710 ad
3083 1667 3364 1723 vesperam

1791 1750 2072 1805 dormietis
2093 1791 2106 1815 ,
2140 1751 2194 1805 in
2217 1750 2424 1805 semitis
2446 1750 2726 1804 Dodanim.
2756 1767 2775 1800 ι
2809 1747 2918 1802 Vos
2937 1788 2952 1813 ,
2976 1762 3010 1802 ο
3037 1745 3238 1807 Judaei,
3269 1743 3366 1813 qui

1791 1843 2126 1899 obsidionem
2158 1843 2506 1915 Babyloniam
2531 1841 2765 1914 effugere
2789 1841 3090 1912 potueritis,
3121 1841 3176 1894 in
3203 1837 3363 1902 saltu,

1795 1936 1848 1991 id
1867 1946 1949 1992 est
1964 1937 2016 1991 in
2034 1937 2197 2008 sylvis
2211 1936 2660 2003 Sarracenorum,
2688 1933 2986 1997 dormietis,
3011 1932 3126 1987 sive
3148 1930 3369 1999 requie-

126 2057 341 2110 Areuua
369 2048 663 2105 vocabatur
695 2041 782 2114 (11
809 2041 937 2110 Reg.
961 2036 1131 2106 xxiv).
1160 2034 1230 2088 Et
1270 2040 1352 2087 est
1385 2042 1576 2085 sensus
1610 2044 1622 2078 :
1649 2023 1694 2080 Ο
1722 2037 1771 2096 Β
1797 2028 1980 2092 scetis,
2032 2026 2298 2098 fugientes
2337 2024 2631 2080 Chaldaeos.
2671 2025 2732 2079 ln
2772 2025 2980 2079 semitis
3022 2035 3236 2091 quoque
3269 2020 3374 2074 Do-

127 2147 318 2201 tritura
349 2157 486 2206 mea,
522 2134 874 2198 Hierusalem,
920 2144 1040 2200 quae
1064 2144 1097 2182 a
1126 2124 1310 2181 multis
1348 2121 1598 2193 gentibus
1637 2132 1698 2172 es

124 2237 379 2300 contrita,
408 2242 483 2300 et,
527 2247 560 2287 ο
597 2230 706 2284 ﬁlia
748 2240 888 2281 areae
928 2237 1080 2287 meae,
1113 2219 1168 2274 id
1195 2225 1298 2282 est,
1333 2214 1518 2284 templi
1555 2209 1699 2282 quod

125 2331 289 2385 situm
318 2333 403 2381 est
428 2325 482 2379 in
509 2337 635 2377 area
661 2320 911 2382 Areunaa,
951 2328 1059 2368 non
1105 2310 1203 2366 tibi
1246 2308 1495 2363 videatur
1515 2305 1698 2359 incre-

127 2418 291 2476 dibile
324 2430 462 2480 esse,
493 2412 637 2484 quod
673 2409 784 2465 dixi
813 2409 880 2462 de
914 2403 1188 2473 Babylone
1216 2418 1229 2454 :
1268 2398 1394 2469 quia
1423 2412 1532 2451 non
1578 2402 1703 2449 sunt

126 2528 247 2567 mea
272 2510 437 2565 verba
466 2526 480 2562 :
516 2505 612 2561 sed
656 2499 884 2557 Domini
911 2495 1272 2558 exercituum,
1294 2499 1352 2546 et
1378 2503 1497 2559 quae
1521 2486 1700 2542 audivi

127 2603 196 2658 ab
219 2601 310 2657 illo
333 2595 646 2654 annuntiavi
670 2592 842 2649 vobis.

208 2715 226 2748 ι
255 2696 404 2752 Onus
431 2692 623 2746 Duma.
662 2707 680 2739 ι
706 2685 812 2740 Pro
839 2682 1011 2737 Duma
1035 2675 1388 2748 Septuaginta
1415 2671 1702 2726 Idumaeam

133 2784 472 2858 interpretati
502 2788 650 2846 sunt,
680 2794 799 2848 quae
837 2785 921 2830 est
947 2769 1226 2843 provincia
1255 2766 1699 2822 Sarracenorum.

132 2857 305 2936 Duma
343 2883 521 2930 autem
551 2871 701 2942 regio
735 2875 818 2923 est
859 2864 1102 2920 ldumaeaa
1126 2857 1441 2931 provincia,
1479 2862 1534 2908 et
1572 2859 1702 2907 sunt

132 2970 468 3027 habitatores
495 2965 612 3036 ejus
633 2961 700 3017 de
725 2957 978 3030 progenie
1008 2954 1171 3018 Esau,
1195 2950 1287 3020 qui
1307 2956 1361 3003 et
1387 2946 1567 3036 Edomr
1589 2945 1703 2998 sive

135 3059 257 3116 Seir
283 3066 367 3113 est
386 3035 698 3126 appellatus.
743 3049 965 3104 Constat
997 3057 1127 3098 vero
1157 3041 1418 3096 Idumaeos
1460 3037 1526 3091 ab
1545 3035 1706 3105 Assy-

134 3153 234 3207 riis
259 3150 342 3205 vel
369 3146 632 3204 Clialdaeis
664 3147 992 3212 expugnatos
1020 3150 1161 3200 esse,
1193 3133 1333 3188 sicut
1359 3128 1576 3225 et'duas
1601 3126 1705 3180 tri-

135 3247 253 3300 bus.
320 3240 427 3297 Sed
471 3239 714 3294 videntes
780 3241 904 3304 post
960 3229 1300 3300 septuaginta
1355 3220 1525 3278 annos
1570 3220 1704 3274 duas

138 3336 310 3390 tribus
330 3334 396 3388 de
416 3330 726 3401 captivitate
749 3323 1040 3380 Chaldaica
1061 3333 1180 3374 esse
1204 3329 1472 3377 reversas,
1494 3320 1550 3366 et
1574 3325 1633 3365 se
1650 3311 1705 3363 in

1801 2119 1984 2173 danim
2014 2117 2383 2188 requiescetis.
2422 2117 2683 2171 Dodanim
2733 2116 3119 2186 interpretatur
3151 2112 3206 2166 in
3249 2125 3376 2180 pro-

1802 2211 2031 2282 pinquos
2068 2210 2148 2265 vel
2171 2217 2448 2282 cognatos.
2475 2209 2534 2264 In
2558 2209 2764 2264 semitis
2783 2208 3044 2263 Dodanim
3075 2203 3372 2266 dormietis,

1803 2304 1908 2358 hoc
1939 2312 2022 2358 est
2052 2304 2107 2357 in
2131 2302 2325 2358 itinere
2358 2301 2501 2372 quod
2533 2301 2678 2356 ducit
2722 2300 2788 2354 ad
2809 2299 3139 2370 propinquos
3167 2305 3379 2352 vestros

1805 2391 2159 2450 Sarracenos.

1882 2506 1900 2537 ‹
1930 2485 2292 2541 Occurrentes
2333 2483 2560 2546 sitienti,
2610 2501 2628 2533 ›
2692 2482 2950 2537 subaudis
2993 2479 3188 2551 populo
3237 2493 3378 2542 meo,

1812 2595 1832 2630 ‹
1866 2576 2004 2632 ferte
2042 2591 2256 2645 aquam.
2291 2594 2310 2626 ι
2335 2574 2416 2629 Ad
2455 2572 2753 2628 lsmaelitas
2797 2586 2977 2627 sermo
3025 2570 3379 2634 convertitur,

1804 2678 1866 2723 ut
1891 2666 2067 2722 ferant
2103 2682 2299 2737 aquam
2357 2663 2618 2719 fratribus
2653 2663 2767 2718 suis
2818 2662 3018 2717 Judaeis
3055 2664 3122 2717 ad
3153 2678 3210 2718 se
3250 2677 3380 2717 con-

1806 2758 2154 2828 fugientibus.
2204 2756 2436 2820 Currite,
2473 2754 2666 2824 inquit,
2717 2762 2772 2808 et
2819 2753 2986 2822 lapsis
3035 2751 3292 2807 fratribus
3319 2766 3382 2804 ac

1805 2847 2240 2917 periclitantibus
2276 2847 2470 2900 ardore
2503 2844 2622 2900 sitis
2650 2843 2787 2898 ferte
2815 2859 3031 2913 aquam,
3063 2859 3132 2898 ne
3171 2843 3383 2897 fervore

1807 2938 1938 2994 solis
1999 2939 2164 2993 nimio
2215 2939 2268 2992 in
2293 2937 2580 2993 solitudine
2630 2944 2875 3006 pereant.
2917 2953 2936 2987 ι
2981 2935 3085 3002 Qui
3121 2935 3384 2990 habitatis

1809 3040 2009 3086 terram
2037 3030 2241 3096 Austri,
2281 3050 2298 3081 ι
2333 3031 2387 3084 id
2415 3037 2500 3084 est
2535 3029 2908 3092 meridianam,
2945 3047 2962 3079 ι
3003 3043 3125 3082 cum
3152 3027 3383 3096 panibus

1807 3123 2077 3179 occurrite
2103 3122 2351 3193 fugienti,
2383 3141 2400 3172 ι
2439 3119 2635 3190 populo
2661 3135 2801 3175 meo.
2836 3119 3158 3183 Nonsolum,
3184 3118 3379 3188 inquit,

1808 3230 2036 3284 aquam,
2086 3213 2178 3267 sed
2214 3227 2408 3281 panem
2453 3210 2591 3264 ferte
2621 3209 2987 3279 fugientibus,
3025 3219 3083 3263 ut
3128 3225 3262 3278 quos
3303 3207 3383 3260 af-

1807 3304 1945 3358 flixit
1964 3302 2172 3358 obsidio
2196 3310 2250 3354 et
2270 3289 2573 3370 persecutio
2593 3300 2850 3363 hostium,
2875 3308 3054 3354 vestra
3077 3299 3384 3354 miscricor-

138 3426 364 3483 servitio
415 3394 648 3475 detineri
682 3457 697 3481 ,
747 3415 987 3469 divinum
1025 3408 1382 3478 implorabant
1428 3402 1708 3467 auxilium,
1737 3395 1784 3458 C
1815 3394 1902 3450 dia
1925 3395 2145 3449 relevet.

137 3528 238 3571 cur
282 3529 392 3568 non
425 3511 587 3564 etiam
629 3506 730 3576 ipsi
757 3504 956 3559 fuerint
1000 3500 1232 3565 liberati,
1264 3513 1388 3553 cum
1435 3497 1501 3551 de
1543 3495 1713 3565 stirpe

141 3603 343 3659 fuerint
374 3598 599 3654 Abrahae
626 3604 681 3651 et
699 3595 865 3650 Isaac.
898 3591 1048 3648 Unde
1080 3589 1210 3645 dicit
1252 3585 1547 3643 Dominus:
1583 3601 1602 3634 ι
1631 3582 1714 3637 Ad

143 3711 231 3750 me
253 3694 452 3749 clamat
477 3705 545 3746 ex
572 3687 712 3753 Seir,
742 3705 761 3739 ι
793 3683 1040 3755 quilibet,
1071 3681 1123 3736 id
1152 3689 1234 3735 est
1247 3679 1509 3734 ldumaaus
1533 3673 1623 3743 qui
1647 3672 1714 3728 de

146 3786 270 3842 Seir
309 3793 390 3839 est
428 3780 728 3851 captivatus
780 3778 836 3832 in
883 3774 1211 3846 Babylonem
1245 3781 1301 3826 et
1351 3769 1580 3833 Medam,
1622 3765 1712 3820 ubi

145 3880 322 3935 adhuc
366 3876 661 3931 detinetur.
714 3889 733 3923 ι
761 3870 954 3926 Custos
1006 3867 1136 3938 quid
1185 3864 1252 3920 de
1285 3870 1443 3918 nocte
1471 3862 1493 3914 ?
1521 3859 1714 3916 Custos

142 3966 274 4037 quid
301 3966 368 4021 de
395 3964 588 4020 nocte?
619 3982 636 4013 ι
669 3961 926 4017 subaudis
941 3959 1139 4014 liberas
1169 3954 1422 4027 populum
1451 3961 1624 4006 tuum.
1647 3949 1714 4004 Et

144 4069 228 4114 est
249 4071 466 4112 sensus:
493 4055 538 4110 Ο
559 4063 743 4109 custos
769 4051 935 4107 Israel
953 4049 1315 4118 omnipotens,
1341 4045 1435 4114 qui
1457 4041 1712 4114 populum

99 4225 108 4232 ‘
149 4163 299 4207 tuum
327 4149 496 4205 tueris
522 4145 766 4203 custodia
791 4145 1137 4214 sempiterna,
1181 4149 1238 4196 et
1267 4140 1420 4210 quasi
1467 4139 1522 4192 in
1554 4143 1714 4191 nocte

146 4241 540 4299 dormientibus
554 4237 656 4294 illis
670 4237 862 4309 vigilas
876 4251 942 4291 ne
964 4235 1134 4289 hostis
1145 4234 1411 4302 irrumpat
1423 4244 1586 4300 super
1596 4243 1712 4292 eos,

146 4336 384 4391 liberans
409 4332 527 4386 illos
555 4331 621 4386 de
651 4338 810 4386 nocte
843 4327 1190 4397 captivitatis,
1219 4337 1388 4394 quare
1415 4330 1469 4377 et
1494 4336 1592 4375 nos
1621 4320 1714 4390 qui

149 4423 216 4478 de
237 4421 351 4490 ejus
375 4435 570 4492 genere
591 4433 796 4484 sumus,
819 4417 978 4473 simili
1006 4414 1290 4472 clementia
1304 4428 1413 4467 non
1436 4409 1716 4481 protegis?

226 4532 244 4564 ι
279 4513 422 4567 Dixit
461 4520 640 4568 custos
669 4532 687 4564 ι
725 4526 832 4566 non
871 4508 1092 4564 dubium
1133 4507 1262 4576 quin
1295 4505 1437 4560 Deus
1474 4502 1717 4571 omnipo—

151 4615 291 4659 tens.
323 4622 341 4654 ι
376 4603 536 4658 Venit
559 4615 738 4668 mane,
769 4622 786 4652 ι
822 4602 874 4655 id
901 4609 982 4654 est
1017 4598 1239 4653 libertas
1263 4595 1462 4666 pOpulo
1492 4607 1634 4656 meo,
1663 4599 1716 4648 et

149 4713 276 4762 nox,
307 4696 360 4750 id
405 4702 490 4750 est
531 4704 744 4763 tempus
798 4689 1180 4754 tribulationis,
1210 4687 1357 4742 venit
1413 4683 1718 4756 genti‘ldu-

1892 3502 1911 3536 ‹
1947 3483 1994 3538 A
2025 3483 2164 3540 facie
2211 3483 2355 3538 enim
2387 3483 2686 3553 gladiorum
2733 3482 3003 3552 fugerunt,
3028 3496 3060 3535 a
3102 3479 3239 3535 facie
3270 3481 3385 3551 gla-

1818 3574 1917 3640 dii,
1958 3594 1978 3627 »
2012 3573 2266 3629 subaudis
2287 3572 2704 3643 Babyloniorum
2737 3589 2755 3621 ι
2794 3570 3157 3636 imminentis,
3190 3585 3221 3623 a
3252 3570 3388 3624 facie

1816 3679 1978 3720 arcus
2001 3664 2227 3730 extenti,
2258 3683 2277 3714 ›
2310 3664 2365 3718 id
2391 3673 2474 3718 est
2499 3679 2530 3716 a
2551 3663 2690 3717 faeie
2717 3661 3094 3728 Elamitarum,
3133 3662 3224 3731 qui
3261 3671 3387 3716 sunt

1817 3755 2130 3827 peritissimi
2145 3754 2430 3826 sagittarii,
2459 3763 2515 3809 et
2540 3769 2664 3808 cum
2687 3752 2951 3808 Chaldaeis
2983 3761 3266 3816 venerunt,
3304 3770 3321 3802 ί
3361 3768 3391 3805 a

1817 3846 1956 3902 facie
1999 3847 2176 3917 gravis
2205 3846 2394 3916 praelii.
2436 3865 2453 3897 ι
2506 3846 2584 3900 Ac
2613 3845 2656 3899 si
2684 3844 2890 3899 diceret
2930 3862 2942 3896 :
2985 3859 3052 3898 ne
3079 3841 3390 3914 despiciatis

1817 3940 2066 4003 miseros,
2107 3939 2232 4008 quia
2277 3939 2386 3993 cito
2440 3938 2616 3991 veniet
2644 3946 2823 3992 vestra
2855 3937 3157 4005 captivitas.

1895 4049 1913 4080 ι
1953 4030 2216 4098 Quoniam
2249 4031 2363 4084 haac
2397 4029 2528 4082 dicit
2552 4028 2812 4082 Dominus
2853 4026 2920 4081 ad
2960 4042 3087 4082 me:
3115 4025 3306 4080 Adhuc
3335 4025 3390 4080 in

1819 4138 1960 4178 anno
2005 4137 2112 4177 uno
2151 4121 2303 4190 quasi
2356 4121 2410 4174 in
2445 4134 2586 4174 anno
2630 4119 2972 4183 mercenarii,
3019 4126 3074 4172 et
3121 4115 3394 4172 auferetur

1819 4217 1996 4272 omnis
2025 4217 2194 4288 gloria
2217 4215 2410 4280 Cedar,
2435 4234 2453 4266 ι
2474 4215 2528 4270 id
2559 4224 2660 4280 est,
2695 4215 2923 4286 populus
2951 4222 3006 4269 et
3032 4213 3232 4268 divitia:
3261 4213 3392 4268 Sar-

1821 4321 2161 4373 racenorum,
2193 4324 2212 4357 ‹
2247 4314 2302 4360 et
2336 4306 2575 4375 reliquiae
2612 4306 2822 4360 numeri
2855 4305 3284 4374 sagittariorum,
3325 4306 3392 4360 de

1821 4397 1946 4452 filiis
1986 4395 2159 4451 Cedar
2202 4396 2610 4450 imminuentur.
2648 4415 2667 4446 ι
2693 4395 2822 4450 Post
2861 4411 3028 4449 unum
3064 4411 3266 4450 annum
3295 4394 3390 4450 Ju—

1823 4487 1990 4542 daica:
2030 4487 2360 4556 captivitatis
2412 4495 2468 4542 et
2522 4487 2903 4542 destructionis
2952 4486 3289 4542 Hierusalem
3345 4495 3401 4542 et

1822 4579 1924 4649 ipsi
1943 4580 2139 4634 vastati
2161 4588 2305 4644 sunt,
2339 4579 2566 4648 ideoque
2602 4579 2732 4634 dicit
2767 4598 2778 4632 :
2809 4579 3034 4646 Quando
3055 4595 3228 4635 annus
3257 4595 3399 4635 mer-

1825 4670 2030 4725 cenarii
2063 4669 2219 4725 velox
2261 4681 2362 4736 est,
2399 4679 2455 4724 et
2498 4670 2716 4726 brevem
2754 4679 2908 4741 putat
2966 4671 3224 4737 laborem,
3271 4673 3396 4728 dum

152 4801 432 4842 magorum,
455 4755 662 4855 popuu;
688 4798 808 4838 meo
828 4783 1078 4853 praebebo
1108 4781 1289 4835 mmen
1315 4755 1515 4832 ιωιίὶίω
1539 4776 1605 4830 de
1629 4787 1718 4828 ca.
1741 4755 1796 4816 D
1824 4763 2194 4818 tantummodo
2250 4764 2318 4819 ad
2356 4764 2716 4819 desideratam
2748 4765 3027 4835 perveniat
3052 4768 3356 4822 mercedem
3381 4783 3395 4821 :

152 4882 400 4952 ptivitate
430 4878 756 4942 revertendi,
789 4885 843 4932 et
872 4889 968 4930 vos
993 4873 1360 4942 derelinquam
1398 4872 1454 4925 in
1483 4868 1722 4924 tenebris

153 4971 481 5043 captivitatis
503 4978 560 5024 et
597 4968 888 5030 servitutis,
915 4981 980 5020 eo
1007 4965 1148 5035 quod
1183 4963 1355 5036 gavisi
1391 4963 1524 5017 estis
1561 4974 1723 5031 super

151 5066 455 5122 vastatione
479 5063 657 5135 populi
687 5062 815 5117 mei.
838 5061 970 5115 Nam
1006 5060 1132 5130 quia
1159 5057 1378 5113 Idumaei
1396 5055 1573 5123 laetati
1596 5062 1726 5110 sunt

157 5160 225 5214 de
262 5157 574 5227 captivitate
618 5153 800 5227 pepuli
834 5151 1139 5216 lsraelitici,
1184 5150 1385 5205 ideirco
1433 5155 1489 5202 et
1536 5147 1639 5217 ipsi
1666 5147 1722 5201 in

156 5251 522 5322 captivitatem
544 5251 883 5321 postmodum
942 5245 1086 5302 ducti
1123 5253 1269 5301 sunt.
1300 5263 1332 5310 _¢
1387 5243 1444 5298 Si
1471 5242 1719 5313 quaeritis

157 5343 380 5417 qumrite
409 5340 816 5398 {convertimini
834 5348 889 5395 et
920 5339 1120 5394 venite.
1151 5357 1171 5390 ι
1210 5336 1278 5391 Et
1303 5341 1388 5391 est
1413 5348 1632 5389 sensus:
1663 5329 1722 5385 Si

159 5435 403 5510 quaeritis
445 5447 552 5501 me,
596 5447 664 5488 ex
695 5440 810 5487 toto
857 5430 1019 5486 corde
1069 5429 1134 5485 de
1174 5426 1485 5498 captivitate
1525 5423 1720 5479 redite.

159 5512 373 5586 Aliter:
430 5525 490 5582 Si
545 5523 786 5596 quaeritis
835 5531 1077 5592 tempore
1139 5518 1481 5575 necessitatis
1543 5531 1724 5572 meum

133 5614 446 5682 auxilium,
483 5623 538 5671 et
581 5616 637 5671 in
668 5613 1029 5685 prosperitate
1073 5611 1321 5666 similiter
1358 5625 1444 5666 me
1477 5610 1721 5680 quaerite.

162 5708 550 5770 Convertimini
577 5705 643 5762 ad
672 5721 759 5761 me
781 5713 894 5760 toto
924 5704 1124 5768 animo,
1153 5711 1209 5757 et
1236 5702 1414 5758 venite
1439 5701 1726 5772 appropin-

165 5813 394 5880 quantes
425 5802 559 5860 mihi
587 5816 684 5872 per
707 5801 844 5857 bona
873 5814 1061 5871 opera,
1089 5807 1144 5853 et
1173 5798 1462 5870 suscipiam
1492 5813 1587 5853 vos
1614 5812 1725 5867 pa:-

165 5900 422 5956 nitentes.

244 6009 263 6042 ι
303 5988 453 6046 Onus
487 5989 717 6046 Arabiae.
749 6007 768 6042 ι
795 5987 1000 6044 Arabes
1039 5985 1141 6060 ipsi
1186 5994 1314 6044 sunt
1355 5983 1640 6044 Sarraceni
1675 5992 1731 6039 et

1825 4857 1905 4911 sic
1947 4855 2326 4925 parvissimum
2375 4855 2632 4925 temporis
2690 4857 2922 4927 spatium
2973 4866 3184 4924 restat,
3229 4858 3401 4913 donec

1825 4949 2190 5020 eaptivemini,
2227 4964 2260 5003 ο
2295 4948 2606 5004 Sarraceni!
2637 4949 2830 5006 Reddit
2854 4966 2982 5022 ergo
3009 4967 3202 5007 causas
3231 4965 3402 5022 quare

1826 5039 2143 5110 praeceperit
2185 5053 2472 5095 occurrere
2505 5039 2629 5097 illis.
2674 5040 2969 5113 Fugerunt,
3003 5042 3197 5111 inquit,
3225 5041 3400 5112 Baby-

1828 5131 2032 5187 lonium
2064 5133 2318 5203 gladium,
2352 5132 2603 5204 fugerunt
2645 5150 2804 5191 arcus
2828 5133 3207 5202 Elamitarum,
3250 5134 3400 5208 fuge-

1832 5237 1960 5280 runt
1977 5226 2348 5282 imminentem
2389 5228 2642 5299 gladium,
2669 5239 2726 5284 et
2756 5229 2882 5299 quia
2914 5242 3012 5284 vos
3035 5245 3140 5284 non
3168 5231 3399 5300 praebui-

1833 5319 1901 5373 sti
1928 5318 2007 5374 eis
2029 5320 2476 5388 misericordiam,
2499 5322 2712 5392 expleto
2743 5336 2854 5376 uno
2881 5335 3023 5375 anno
3071 5323 3398 5392 captivitatis

1833 5427 2043 5478 eorum,
2068 5411 2345 5469 auferetur
2388 5415 2564 5471 omnis
2608 5413 2776 5485 gloria
2826 5421 3025 5470 vestra.
3069 5413 3219 5481 Quod
3270 5429 3399 5470 vero

1834 5504 1984 5571 dicit,
2015 5513 2070 5560 et
2106 5505 2346 5576 reliquiae
2386 5507 2596 5562 muneri
2644 5506 3048 5577 sagittariorum
3090 5505 3310 5560 fortium
3332 5506 3399 5562 de

1836 5596 1961 5652 filiis
1989 5595 2163 5652 Cedar
2217 5585 2638 5666 imminuentur,
2684 5599 2786 5655 hoc
2833 5598 2992 5654 modo
3037 5596 3394 5668 intelligitur:

1829 5686 2091 5757 Reliquis:
2119 5687 2562 5754 Sarracenorum,
2591 5703 2711 5758 quae
2741 5687 2942 5745 relicta:
2975 5696 3100 5742 sunt
3139 5687 3206 5740 ab
3230 5686 3400 5759 Assy-

1830 5779 1946 5844 riis,
1979 5780 2366 5835 imminuentur
2391 5796 2422 5836 a
2444 5779 2772 5850 Babyloniis.
2797 5779 3072 5851 Sagittarii
3098 5777 3245 5838 enim
3272 5788 3400 5834 sunt

1833 5870 2121 5927 Sarraceni
2141 5912 2156 5937 ,
2187 5871 2326 5926 sicut
2343 5880 2398 5926 et
2422 5883 2576 5940 pater
2603 5886 2792 5928 eorum
2824 5869 3037 5937 lsmael,
3073 5868 3201 5941 quia
3228 5868 3285 5926 in
3308 5881 3419 5925 soo-

1833 5963 2057 6020 litudine
2099 5970 2401 6017 morantur.
