3918 6454
140 434 243 492 8⁴ἱί
1206 421 1558 484 (ΞΟΜΙΕΝΤ.
1586 421 1652 477 IN
1688 420 1742 476 ιε

1851 419 1942 473 ibi.
1983 450 2053 458 —
2075 417 2203 473 LIB.
2240 416 2305 472 11.
3282 409 3395 466 822·

141 552 463 609 mentarium
518 569 538 603 ι
595 548 787 606 domus
833 544 1020 605 saltus.
1086 564 1106 597 ι
1164 541 1566 599 Armentarium
1630 546 1713 593 est
1740 543 1788 601 Α
1815 550 1937 590 nam
1959 532 2303 604 praepositum
2327 528 2532 601 templi,
2555 528 2646 598 qui
2669 528 2879 584 habitat
2900 526 2955 582 in
2977 525 3385 594 tabernaculo,»

139 648 291 704 locus
349 646 438 701 ubi
490 644 855 701 reconduntur
899 639 1005 696 tela
1053 652 1349 694 armorum.
1394 635 1523 690 Erat
1575 632 1719 687 enim
1818 623 2073 681 subaudis
2102 621 2331 678 Domini.
2370 620 2476 676 Iste
2502 618 2679 676 Sobna
2710 634 2949 674 summus
2972 617 3216 689 pontifex
3250 626 3391 684 erat,

136 741 333 798 domus
353 741 508 811 juxta
528 737 785 809 templum
811 734 1042 799 Domini,
1066 747 1224 802 quam
1248 727 1416 784 David
1439 724 1724 783 aediﬁcavit

134 831 209 888 ad
237 829 542 901 reponenda
572 834 754 892 arma,
780 825 833 880 in
874 822 1026 892 cuius
1054 821 1284 877 circuitu
1311 824 1469 876 erant
1498 815 1721 871 arbores

132 921 396 995 plumatas
443 937 457 974 :
495 927 554 977 et
592 925 878 990 propterea
899 915 1100 972 dicitur
1136 914 1328 968 domus
1363 909 1553 974 saltus,
1583 909 1723 977 ipsa-

137 1029 251 1085 que
300 1013 495 1070 domus
537 1026 646 1068 non
688 1008 926 1066 habebat
969 1005 1202 1077 parietes
1250 1020 1316 1059 ex
1363 1006 1625 1058 caemento
1671 1006 1725 1054 et

136 1107 428 1179 lapidibus,
460 1106 555 1163 sed
576 1118 641 1161 ex
666 1103 834 1175 ligno.
865 1099 1063 1156 Dicunt
1080 1098 1224 1154 enim
1252 1095 1382 1165 quia
1411 1108 1478 1148 ex
1500 1093 1726 1149 humore

137 1199 392 1255 crementi
418 1204 474 1254 et
504 1195 764 1265 lapidum,
791 1191 1032 1249 nascitur
1050 1188 1241 1257 rubigo
1269 1186 1325 1241 in
1356 1183 1521 1240 ferro.
1674 1188 1683 1193 '

218 1328 239 1358 ο
268 1310 335 1365 Et
361 1309 627 1364 scissuras
654 1305 886 1362 civitatis
907 1302 1077 1359 David
1100 1298 1369 1355 videbitis.
1401 1316 1419 1349 ι
1444 1296 1726 1352 Civitatem

142 1402 335 1467 David,
362 1400 595 1472 appellat
623 1397 978 1454 Hierusalem.
1002 1393 1173 1450 Sicuti
1197 1390 1447 1462 superius
1470 1386 1725 1451 diximus,

142 1509 334 1550 murus
360 1493 596 1548 civitatis
622 1489 989 1560 multipliciter
1015 1496 1096 1542 est
1124 1484 1431 1556 perforatas
1464 1482 1531 1536 ab
1561 1478 1730 1535 hosti-

144 1585 269 1650 bus,
297 1592 351 1640 et
376 1583 743 1653 multiplicatae
767 1589 893 1636 sunt
916 1579 1185 1634 scissurae.
1217 1592 1236 1626 ι
1272 1573 1340 1628 Et
1361 1569 1730 1642 congregastis

146 1693 318 1749 aquas
339 1678 563 1749 piscinae
582 1675 878 1737 inferioris,
920 1691 939 1723 ι
965 1686 1000 1726 o
1022 1670 1145 1725 ﬁliae
1176 1667 1326 1724 Iudae
1346 1676 1401 1721 et
1428 1663 1725 1736 Beniamin.

149 1767 265 1824 Vox
307 1769 604 1837 prophetae.
634 1766 849 1821 Piscina
882 1763 1035 1816 lacus
1070 1769 1156 1816 est
1198 1760 1313 1814 sive
1350 1752 1731 1820 cisterna,ubl

148 1859 477 1929 colliguntur
524 1870 697 1925 aquai.
747 1854 915 1909 Terra
957 1848 1395 1921 repromissionis
1446 1847 1542 1919 (ut
1600 1843 1732 1899 dicit

1820 715 2082 787 superbus
2110 724 2165 770 et
2184 728 2444 785 arrogans
2468 712 2851 784 praevaricator
2878 711 3014 782 legis
3043 710 3172 777 Dei,
3206 711 3392 781 oppri-

1821 824 1973 865 mens
2004 809 2316 863 universum
2357 807 2634 877 populum,
2672 814 2730 861 et
2758 813 3006 861 avertens
3031 805 3153 861 illos
3195 820 3227 860 a
3250 818 3391 876 prae-

1822 900 1992 971 ceptis
2017 909 2074 956 et
2099 900 2311 956 cultura
2337 899 2569 964 Domini,
2601 906 2656 954 et
2679 898 2793 969 ipse
2821 898 3038 952 tradidit
3059 910 3172 967 prae
3200 897 3396 953 timore

1823 991 2135 1050 inferiorem
2176 1001 2388 1063 partem
2428 991 2663 1047 civitatis
2709 989 2969 1046 exercitui
3005 986 3392 1055 Sennacberib,

1824 1087 2051 1157 ideoque
2095 1087 2355 1143 Dominus
2412 1087 2680 1158 promittit
2718 1087 2769 1143 ei
2818 1086 2958 1141 mala
3006 1085 3207 1141 futura.
3270 1086 3397 1142 Haec

1825 1193 1955 1234 vero
1978 1194 2099 1248 quae
2122 1179 2211 1234 hic
2238 1177 2490 1237 dicuntur
2514 1194 2619 1234 non
2650 1179 2922 1250 pertinent
2943 1179 3010 1235 ad
3036 1178 3183 1233 illam
3222 1168 3425 1248 capti-’

1826 1270 2049 1327 vitatem
2093 1270 2341 1340 superius
2362 1280 2737 1336 memoratam,
2777 1284 2898 1339 qua:
2930 1268 3031 1324 urit
3070 1269 3400 1339 temporibus

1828 1360 2084 1418 Sedecite.
2108 1362 2183 1418 Et
2209 1363 2337 1432 quid
2364 1362 2562 1419 dicitur
2585 1364 2635 1417 ei
2661 1378 2692 1416 a
2714 1361 2979 1417 Domino?

1905 1472 1923 1505 ι
1956 1452 2099 1520 Quid
2150 1461 2207 1507 tu
2249 1453 2338 1509 hic
2366 1473 2387 1505 ι
2415 1454 2671 1511 subaudis
2705 1453 2876 1509 iacis?
2909 1452 2990 1508 Tu
3016 1453 3109 1523 qui
3140 1454 3407 1522 superbus

1829 1557 1889 1599 es
1915 1551 1971 1600 et
2011 1543 2169 1614 lupus
2196 1559 2386 1614 rapax,
2413 1560 2511 1599 cur
2537 1544 2770 1600 moraris
2793 1545 2847 1599 in
2880 1545 3040 1599 domo
3079 1558 3219 1610 mea,
3256 1562 3275 1596 ‹
3311 1554 3407 1599 aut

1830 1634 1986 1704 quasi
2026 1634 2148 1705 quis
2176 1634 2299 1689 hic?
2329 1654 2346 1685 ι
2381 1634 2461 1689 Ac
2497 1636 2543 1690 si
2573 1635 2774 1689 diceret
2812 1634 2931 1689 aliis
2963 1634 3180 1690 verbis:
3207 1634 3314 1689 Aut
3347 1642 3404 1688 tu

1832 1741 1930 1781 cur
1964 1725 2120 1785 sedes
2145 1726 2200 1780 iu
2229 1725 2391 1780 domo
2417 1741 2568 1790 mea,
2600 1740 2705 1780 non
2736 1725 2930 1782 timens
2967 1725 3046 1779 ire
3081 1724 3135 1779 in
3182 1724 3409 1795 captivi-

1836 1827 2032 1883 tatem,
2062 1820 2215 1888 quasi
2246 1819 2335 1873 hic
2379 1819 2574 1888 aliquis
2620 1833 2831 1887 semper
2874 1818 3043 1887 possit
3080 1816 3411 1872 mternaliter

807 1948 931 2001 licet
958 1908 1283 2013 tertiljssima
1323 1908 1516 2007 fuerit,
1550 1946 1730 1994 tamen
1761 1909 1807 1969 Β
1836 1911 2121 2021 Emere?
2382 1911 2662 2021 ,θξθίάίδίξ
2703 1910 2800 2021 ubi
2858 1910 2946 1964 hic
3006 1908 3329 2021 θεριιιοτξιηι·
3385 1927 3405 1960 ³

152 2059 403 2116 magnam
447 2043 726 2114 penuriam
778 2056 932 2110 aqua:
990 2037 1256 2101 habebat,
1303 2034 1541 2089 maxime
1588 2031 1734 2087 circa

152 2133 513 2198 Hierusalem,
538 2141 595 2187 et
624 2132 745 2187 ideo
770 2130 1041 2186 faciebant
1072 2129 1340 2184 cisternas
1372 2125 1443 2179 ad
1475 2122 1734 2194 colligen-

152 2223 252 2279 das
276 2238 465 2293 aquas.
498 2222 751 2278 Iordanis
778 2222 975 2292 quippe
1001 2219 1195 2274 ﬂuvius
1216 2218 1392 2274 currit
1423 2216 1566 2271 inter
1592 2212 1739 2270 Gali-

152 2312 308 2369 laeam
334 2323 390 2369 et
410 2313 672 2369 Iudaeam.
700 2312 839 2367 Fons
868 2311 1027 2366 Siloae
1046 2310 1115 2364 ad
1141 2307 1353 2363 radices
1378 2305 1581 2361 montis
1602 2302 1737 2359 Sion

151 2407 347 2463 oritur.
384 2404 441 2459 in
469 2403 803 2459 Hierusalem
833 2411 1012 2458 autem
1038 2408 1198 2456 erant
1222 2400 1341 2454 dum
1365 2397 1608 2468 piscinae,
1633 2409 1740 2450 una

152 2498 421 2568 superior,
452 2496 620 2551 altera
653 2494 899 2550 inferior.
926 2492 1019 2547 Illa
1044 2506 1167 2563 quae
1188 2490 1436 2560 superior
1468 2495 1606 2553 erat,
1631 2501 1741 2542 non

154 2597 370 2661 poterat
391 2589 509 2659 capi
549 2588 619 2642 ab
645 2586 914 2643 hostibus.
949 2583 1182 2640 Inferior
1205 2597 1360 2649 vero,
1404 2588 1616 2653 poterat
1640 2595 1740 2635 au-

155 2682 307 2737 ferri.
336 2682 473 2737 Cum
515 2680 793 2743 audissent
818 2687 999 2735 autem
1028 2679 1319 2733 adventum
1343 2674 1743 2740 Chaldaeorum,

156 2789 329 2844 aquas
351 2788 473 2843 qua
500 2773 556 2827 in
595 2772 805 2843 piscina
834 2768 1077 2827 inferiori
1102 2776 1260 2823 erant
1289 2780 1409 2837 quae
1440 2766 1563 2836 capi
1590 2773 1743 2836 pote-

158 2875 307 2933 rant,
342 2881 440 2937 per
485 2866 749 2936 quasdam
797 2864 1005 2920 ﬁstulas
1049 2872 1106 2921 et
1154 2870 1366 2918 meatus
1412 2862 1750 2917 deduxemnt

160 2961 309 3015 intra
363 2959 675 3025 civitatem,
724 2967 779 3015 et
811 2964 1278 3031 congregaverunt
1321 2969 1415 3010 eas
1466 2955 1521 3008 in
1572 2954 1746 3009 locum

162 3068 366 3118 unum,
390 3061 446 3107 et
470 3060 892 3107 numeraverunt
925 3050 1113 3106 domos
1140 3047 1474 3103 Hierusalem
1491 3086 1506 3112 ,
1536 3053 1591 3101 et
1618 3060 1747 3101 com

162 3145 457 3201 stituerunt
484 3154 745 3216 quantum
775 3145 1067 3215 unicuique
1090 3144 1275 3199 domui
1307 3141 1528 3197 daretur
1563 3155 1631 3196 ex
1654 3154 1746 3206 ea,

162 3236 622 3308 detraxeruntque
668 3236 857 3293 domos
913 3236 1251 3306 aliquantus,
1286 3241 1341 3289 et
1401 3232 1749 3286 muniverunt

163 3328 443 3384 civitatem
467 3337 657 3383 contra
679 3328 884 3391 hostes,
904 3334 955 3380 et
981 3327 1155 3395 ipsum
1174 3323 1351 3377 lacum
1374 3322 1441 3377 de
1460 3336 1569 3390 quo
1588 3332 1750 3388 supra

167 3424 430 3486 diximus,
458 3421 704 3474 iecerunt
732 3420 1021 3474 decurrere
1047 3417 1190 3470 inter
1211 3415 1347 3471 duos
1369 3427 1575 3467 muros.

248 3553 267 3585 ι
298 3528 370 3588 Et
388 3531 565 3586 lacum
592 3529 796 3587 fecistis
815 3530 956 3585 inter
976 3531 1109 3597 duos
1130 3542 1331 3583 muros.
1365 3548 1383 3579 ι
1403 3522 1548 3581 Duos
1573 3536 1756 3580 muros

178 3626 327 3691 dicit,
354 3625 479 3697 quia
506 3624 840 3679 Hierusalem
864 3622 1063 3693 duplici
1086 3637 1240 3677 muro
1261 3619 1594 3691 cingebatur,
1620 3617 1758 3671 sicut

176 3716 373 3789 legitur
408 3717 462 3771 in
496 3715 682 3772 Esdra.
715 3715 807 3772 Isti
838 3715 1082 3772 habitant
1107 3715 1162 3770 in
1187 3713 1523 3769 Hierusalem
1561 3712 1753 3782 prima,

178 3820 233 3867 et
260 3811 348 3866 isti
379 3811 433 3865 in
453 3809 709 3865 secunda.
741 3828 759 3861 ι
794 3809 860 3864 Et
885 3823 1078 3881 aquam
1107 3807 1327 3878 piscinae
1356 3806 1554 3860 veteris
1590 3823 1607 3855 ι
1641 3816 1761 3875 quae

179 3904 451 3974 quondam
496 3916 606 3958 non
645 3903 910 3958 habuerat
942 3912 1139 3972 aquas,
1187 3898 1442 3955 subaudis
1482 3911 1579 3953 vos
1604 3895 1762 3951 resti-

181 3997 364 4064 tuetis,
393 3994 654 4053 habentes
694 3996 867 4069 magis
896 3990 1145 4051 ﬁduciam
1195 3996 1250 4052 in
1283 4008 1477 4068 aquam
1516 4008 1676 4066 quam
1710 3992 1763 4047 in

179 4086 490 4155 Dominum,
517 4089 605 4160 qui
631 4088 872 4145 condidit
896 4103 1036 4143 eam.
1062 4107 1080 4140 ι
1114 4087 1183 4142 Et
1202 4094 1538 4157 operatorem
1570 4085 1713 4139 illius
1739 4090 1757 4135 ι

182 4195 371 4252 aquae,
418 4180 475 4236 id
504 4191 587 4236 est
622 4178 931 4245 Dominum,
968 4198 986 4231 ‹
1028 4180 1094 4235 de
1119 4178 1277 4257 longe
1318 4193 1425 4234 non
1448 4177 1697 4232 viderunt
1740 4194 1758 4227 ι

182 4293 464 4350 usquequo
485 4278 630 4343 venit
656 4292 819 4349 super
845 4292 939 4333 eos
961 4275 1253 4332 tribulatio.

263 4411 281 4444 ι
319 4391 382 4447 Et
402 4382 897 4449 vocabitDominus
925 4391 980 4451 in
1016 4389 1103 4447 die
1131 4388 1222 4445 illa
1255 4387 1325 4442 ad
1350 4384 1556 4445 ﬂetum.
1599 4404 1616 4436 ι
1655 4383 1767 4439 Hoc

185 4496 294 4553 est,
323 4495 563 4557 tempore
594 4485 682 4541 illo
709 4501 831 4543 cum
862 4484 1070 4543 venerit
1092 4481 1605 4543 Nabuchodonosor,
1633 4494 1767 4535 con—

186 4579 403 4637 vocabit
434 4578 666 4637 Judzeos.
700 4579 952 4651 Legimus
993 4578 1049 4639 in
1080 4574 1315 4635 Ieremia
1350 4573 1486 4647 (Jer.
1516 4572 1765 4645 xxxviii).

189 4634 1020 4743 Qi’iiicv‘lli‘VNabuchoaiilldsvot‘
1046 4634 1257 4727 veniret
1297 4634 1460 4739 super
1508 4634 1767 4737 Hier-usa-
1796 4634 1849 4701 Ῑ)

189 4765 319 4831 lem,
348 4772 634 4837 antequam
662 4756 909 4839 obsidere
954 4762 1207 4835 erupisset
1233 4756 1462 4834 populus
1488 4758 1606 4829 ejus
1634 4759 1768 4821 civi-

193 4866 383 4924 tatem,
428 4855 575 4912 misit
616 4854 871 4913 Dominus
922 4851 1210 4919 Jeremiam
1256 4851 1327 4908 ad
1382 4848 1665 4907 Sedeciam
1715 4858 1769 4904 et

1837 2002 1953 2058 Non
2006 2003 2206 2059 excidit
2247 2003 2337 2058 ille
2380 2003 2434 2056 in
2473 2003 2591 2072 ipso
2640 2001 2835 2072 templo
2878 2015 3035 2056 suum
3085 1999 3411 2069 sepulcrum,

1838 2095 1932 2151 sed
1961 2096 2013 2149 in
2046 2095 2159 2164 ipsa
2189 2094 2407 2151 civitate
2429 2093 2716 2150 aediﬁcavit
2754 2091 3133 2148 domunculam
3159 2090 3214 2146 in
3239 2098 3409 2160 petra,

1837 2195 1893 2245 et
1922 2186 1977 2241 in
2011 2185 2229 2242 excelso
2257 2185 2395 2250 loco,
2426 2200 2652 2253 sperans
2686 2199 2792 2240 non
2819 2184 2899 2239 ire
2926 2184 2981 2238 in
3020 2181 3415 2252 captivitatem,

1838 2286 1901 2337 ut
1941 2277 2192 2347 superbia
2236 2287 2291 2332 et
2343 2277 2578 2347 potentia
2609 2292 2715 2346 quo
2755 2277 2867 2347 jam
2912 2276 3100 2332 vivens
3146 2272 3413 2338 obtinuit,

1842 2369 2088 2427 etiamin
2137 2384 2232 2423 sua
2276 2376 2445 2423 morte
2489 2367 2881 2425 ostenderetur.
2929 2366 3036 2422 Sed
3082 2381 3191 2422 non
3220 2373 3303 2420 est
3343 2363 3421 2421 ibi

1843 2462 2120 2525 humatus,
2168 2461 2294 2531 quia
2342 2461 2587 2530 captivus
2613 2468 2696 2515 est
2739 2460 2791 2515 in
2836 2457 3159 2529 Babylonem
3204 2457 3416 2515 ducum.

1850 2570 1869 2602 ι
1905 2550 2059 2607 Sicut
2085 2559 2393 2620 asportatur
2420 2550 2591 2620 gallus
2630 2549 2976 2619 gallinaceus.
3014 2568 3031 2600 ι
3061 2546 3245 2617 Gallus
3266 2547 3426 2619 galli—

1846 2660 2043 2725 naceus
2056 2654 2140 2700 est
2163 2643 2330 2715 gallus
2355 2651 2643 2708 castratus,
2671 2658 2829 2714 quem
2855 2657 2956 2699 nos
2980 2655 3173 2711 capum
3194 2642 3311 2699 sive
3331 2654 3423 2695 ca-

1846 2751 2041 2809 ponem
2072 2736 2319 2797 dicimus.
2347 2735 2415 2790 Et
2459 2742 2543 2790 est
2586 2750 2815 2793 sensus:
2853 2731 3005 2791 Sicut
3047 2732 3137 2789 ille
3178 2741 3424 2804 portatur

1849 2828 1965 2883 sine
2005 2827 2389 2897 impedimento
2418 2827 2619 2897 aliquo,
2660 2834 2719 2880 ot
2762 2826 2903 2882 sicut
2930 2824 3239 2881 sublevatur
3263 2837 3426 2892 super

1848 2919 2124 2989 scapulam
2151 2933 2342 2975 saccus
2370 2919 2486 2975 sine
2504 2918 2707 2983 labore,
2733 2918 2876 2973 sicut
2897 2924 3205 2987 asportatus
3227 2926 3309 2970 est
3337 2915 3429 2973 ille

1850 3026 1880 3065 a
1909 3017 2049 3067 terra
2080 3024 2198 3066 sua.
2221 3027 2239 3059 ι
2274 3008 2553 3066 Coronans
2580 3009 2861 3065 coronabit
2885 3017 2955 3067 te.
2988 3028 3009 3061 ι
3042 3008 3307 3064 Coronam
3335 3022 3429 3076 ap-

1849 3101 2015 3174 pellat
2063 3101 2317 3156 laminam
2347 3116 2566 3155 auream
2588 3141 2603 3166 ,
2644 3100 2737 3155 ubi
2772 3107 2893 3156 erat
2939 3100 3199 3170 scriptum
3231 3114 3428 3155 nomen

1853 3194 2089 3259 Domini,
2118 3209 2282 3263 quam
2330 3191 2580 3262 portabat
2609 3191 2861 3251 sacerdos
2906 3189 3073 3246 semel
3114 3190 3171 3245 iu
3209 3204 3349 3247 anno
3377 3194 3433 3246 in

1774 3278 1823 3343 C
1854 3284 2049 3339 fronte.
2077 3282 2183 3341 Pro
2230 3282 2316 3334 illa
2366 3295 2567 3335 corona
2617 3278 2906 3334 tribulatus
2932 3285 3018 3334 est
3061 3278 3430 3341 tribulatione.

1861 3394 1877 3424 ι
1907 3373 2071 3440 Quasi
2103 3372 2263 3441 pilam
2291 3371 2465 3425 mittet
2487 3379 2552 3442 te
2592 3371 2649 3427 in
2676 3378 2894 3425 terram.
2926 3388 2946 3422 ι
2979 3370 3132 3425 Sicut
3174 3370 3220 3426 si
3260 3373 3433 3441 posita

1854 3467 2017 3524 fuerit
2046 3466 2152 3537 pila
2173 3466 2225 3520 in
2253 3466 2431 3536 aliquo
2457 3464 2680 3529 tumulo,
2707 3463 2821 3520 sive
2842 3473 3045 3530 monte,
3070 3465 3177 3521 cito
3196 3465 3437 3520 decurrit

1857 3559 1912 3613 in
1937 3558 2151 3624 vallem,
2183 3557 2261 3612 sic
2286 3556 2371 3612 ille
2396 3556 2576 3625 lapsus
2598 3564 2680 3609 est
2703 3554 2813 3611 cito
2834 3555 2900 3611 de
2919 3555 3088 3628 gloria
3105 3563 3160 3611 et
3186 3555 3438 3625 superbia

1859 3648 1926 3706 ad
1956 3647 2184 3705 ruinam.
2217 3665 2233 3696 ‹
2256 3646 2323 3705 Et
2351 3645 2424 3700 ibi
2452 3645 2555 3699 erit
2581 3659 2773 3700 currus
2801 3643 2982 3715 gloriae
3010 3653 3144 3709 tuae;
3170 3663 3188 3694 ι
3217 3657 3439 3703 currum

1860 3740 2038 3812 posuit
2062 3754 2161 3809 pro
2187 3738 2333 3795 omni
2362 3737 2530 3809 gloria
2559 3745 2614 3792 et
2640 3736 2880 3807 potentia
2917 3744 2971 3790 et
2997 3736 3290 3807 dignitate,
3319 3751 3439 3807 qua:

1862 3835 2041 3893 omnia
2070 3834 2274 3905 pariter
2312 3849 2435 3889 cum
2464 3831 2554 3887 illo
2590 3831 2753 3891 ducta
2779 3837 2923 3893 sunt,
2954 3837 3011 3883 et
3038 3828 3353 3900 ignominia,
3384 3828 3440 3884 id

1863 3937 1947 3985 est
1970 3924 2357 3987 contaminatio
2384 3922 2579 3985 domus
2600 3922 2833 3989 Domini,
2865 3920 3074 3977 reddita
3099 3930 3183 3977 est
3208 3921 3304 3976 illi.

1940 4038 1958 4073 ι
2000 4019 2066 4075 Et
2104 4016 2208 4075 erit
2239 4016 2292 4073 in
2327 4016 2413 4073 die
2443 4015 2553 4077 illa,
2592 4015 2734 4070 »ὴοο
2780 4022 2862 4071 est
2908 4028 3029 4069 cum
3070 4022 3125 4071 tu
3164 4013 3442 4084 depositus

1865 4111 2047 4177 fueris,
2061 4109 2127 4166 de
2158 4109 2415 4173 statione,
2444 4107 2497 4162 id
2524 4116 2607 4163 est
2638 4106 2846 4162 deloco
2875 4114 2984 4161 tuo.
3021 4125 3038 4155 ι
3077 4104 3294 4163 Vocabo
3323 4121 3441 4162 ser—

1864 4216 1991 4265 vum
2017 4219 2194 4263 meum
2215 4201 2477 4265 Eliachim
2502 4199 2670 4257 ﬁlium
2693 4199 2943 4256 Helchiae.
2976 4217 2995 4250 ι
3012 4198 3277 4255 Eliachim
3304 4213 3445 4255 unus

1867 4309 1986 4361 erat
2025 4314 2095 4359 ex
2128 4298 2314 4369 viginti
2361 4305 2594 4366 quatuor
2629 4292 3028 4358 sacerdotibus,
3075 4292 3167 4362 qui
3209 4292 3447 4361 suscepit

1869 4394 2034 4453 decus
2072 4387 2381 4459 pontiﬁcale
2425 4401 2524 4457 per
2568 4385 2836 4449 Sobnam,
2887 4383 3012 4452 quia
3066 4383 3317 4438 inventus
3364 4389 3447 4439 est

1866 4484 2062 4553 justus.
2096 4479 2273 4536 Sobna
2306 4478 2403 4532 fuit
2447 4476 2600 4547 quasi
2647 4476 2803 4547 lupus
2833 4488 2999 4544 rapax
3042 4473 3189 4529 omni
3227 4472 3443 4543 populo.

1873 4576 1964 4637 llle
1986 4582 2168 4630 autem
2196 4581 2255 4631 ut
2278 4579 2451 4642 pater,
2486 4578 2597 4625 tam
2626 4566 2821 4639 populo
2848 4580 3011 4639 quam
3049 4563 3448 4629 sacerdotibus,

1876 4672 2093 4731 domum
2147 4666 2317 4725 David
2364 4662 2597 4734 appellat
2641 4662 2857 4717 domum
2897 4658 3146 4723 Domini,
3192 4657 3281 4715 ubi
3331 4664 3451 4711 erat

1874 4761 2046 4831 clavis
2072 4773 2253 4814 aurea.
2284 4754 2546 4810 Paxillum
2570 4768 2667 4823 per
2694 4751 3064 4822 metaphoram
3089 4748 3265 4819 ipsum
3303 4746 3452 4802 Elia-

1879 4856 2022 4915 chim
2051 4858 2341 4921 nuncupat.
2364 4847 2563 4915 Locum
2590 4845 2803 4900 ﬁdelem
2831 4843 2980 4908 dicit,
3006 4841 3099 4896 ubi
3125 4839 3453 4921 conveniunt

195 4948 264 5001 ad
293 4919 537 5011 Iudaeos,
565 4952 625 5002 ut
651 4952 870 5016 agerent
911 4942 1319 5015 paenitentiam,
1347 4949 1400 5013 et
1424 4940 1772 5001 misereretur
1878 4946 2082 5011 ﬁdeles.
2140 4962 2159 4996 ι
2218 4919 2287 4997 Et
2317 4942 2420 4996 erit
2470 4940 2543 4995 ibi
2592 4938 2644 4992 in
2699 4936 2891 4994 solium
2946 4932 3166 5005 εισι-ἱειξῖ
3196 4950 3216 4985 ι
3249 4919 3452 4998 Cujus?

198 5052 383 5092 eorum
418 5053 431 5090 :
464 5036 559 5095 sed
587 5049 684 5107 pro
727 5034 898 5089 nihilo
939 5034 1207 5090 duxerunt
1250 5032 1473 5103 verbum
1503 5029 1768 5105 let-emite,
1886 5059 1904 5093 ‹
1941 5037 2125 5093 domui
2168 5033 2339 5105 patris
2381 5031 2484 5086 sui.
2522 5049 2540 5082 ι
2574 5029 2826 5101 Magnum
2874 5026 3017 5082 enim
3061 5024 3321 5079 honorem
3358 5020 3454 5075 ha-

201 5129 263 5184 Et
301 5128 500 5199 epulati
538 5137 663 5187 sunt
704 5136 758 5181 et
784 5126 1056 5188 dicebant,
1091 5123 1250 5195 positi
1284 5123 1337 5181 in
1357 5124 1730 5192 desperatione
1758 5141 1771 5178 :
1880 5129 2081 5197 hebant
2104 5122 2391 5194 propinqui
2417 5119 2533 5190 ejus
2556 5129 2611 5181 et
2640 5118 2873 5191 cognati,
2897 5130 3021 5171 cum
3049 5112 3298 5170 viderent
3328 5126 3454 5171 eum

207 5238 226 5269 ι
260 5198 614 5273 Coiuedamus
641 5226 696 5270 et
714 5215 994 5278 bibamus;
1041 5228 1162 5268 cras
1190 5231 1207 5263 ι
1229 5211 1285 5269 in
1310 5210 1488 5269 futuro
1523 5231 1540 5264 ι
1580 5212 1778 5280 ηιθινὶετ-
1882 5222 1956 5277 ira
1984 5216 2357 5290 gloriﬁcatum.
2387 5233 2406 5266 ι
2439 5213 2513 5287 Et
2527 5211 2846 5285 suspendam
2876 5221 3038 5277 super
3065 5220 3209 5269 eum,
3245 5222 3264 5256 ι
3293 5204 3346 5259 id
3374 5212 3460 5259 est
3538 5198 3545 5207 “

204 5328 344 5366 mur.
376 5332 390 5364 ι
419 5310 497 5365 Ad
521 5302 793 5365 calvitium
820 5317 1001 5365 autem
1023 5307 1335 5378 provocavit
1354 5322 1467 5370 eos,
1492 5306 1618 5374 quia
1642 5304 1781 5359 anti—
1882 5326 2044 5384 super
2066 5307 2341 5380 pusillum.
2367 5305 2557 5362 Adhuc
2588 5308 2768 5358 servat
2801 5298 3192 5367 metaphoram.
3220 5293 3372 5350 Sicut
3401 5294 3455 5349 in

203 5402 385 5473 Ψιῖιηδ
429 5410 546 5467 (παι
589 5399 936 5462 εοηδυθιυάον
983 5406 1043 5453 ιιι
1081 5399 1134 5453 in
1176 5407 1415 5467 tempore
1454 5396 1783 5466 Ραθηίιεηιίέε
1884 5400 2179 5480 paxillo,id
2199 5408 2280 5457 est
2305 5399 2358 5455 in
2385 5392 3006 5469 stipite,suspenduntur
3026 5389 3236 5443 diversa
3262 5385 3463 5440 utensi-

209 5490 491 5553 tondereut
515 5491 710 5562 capita,
750 5499 802 5544 et
830 5489 1080 5557 raderent
1106 5488 1328 5559 barbam
1355 5503 1525 5545 suam.

1885 5475 1977 5565 lia,
1995 5496 2072 5553 sic
2093 5492 2501 5551 omnisornatus
2515 5484 2696 5554 templi
2727 5481 2938 5558 Domini
2960 5480 3011 5539 in
3037 5476 3298 5549 regimine
3319 5475 3461 5531 illius

285 5623 302 5659 ι
331 5605 387 5659 in
417 5603 638 5658 auribus
665 5600 800 5657 meis
828 5600 1008 5674 sonuit
1048 5600 1162 5657 haec
1193 5614 1296 5665 vox
1325 5598 1560 5665 Domini.
1594 5618 1612 5649 ι
1634 5596 1785 5665 Quae-
1890 5590 2149 5649 constitit.
2172 5606 2189 5641 ι
2214 5587 2270 5643 lu
2304 5585 2389 5643 die
2410 5582 2522 5645 illa,
2541 5577 2672 5674 dicit
2694 5576 2970 5674 Dominus,
2995 5571 3270 5674 auferetur
3292 5567 3462 5644 paxil-

209 5712 338 5755 nam
366 5695 469 5751 fuit
493 5710 594 5748 vox
627 5692 747 5759 illa?
766 5712 782 5742 ε
806 5690 862 5747 Si
890 5671 1188 5753 dimittetur
1212 5688 1407 5761 populo
1438 5689 1562 5747 huic
1587 5664 1786 5756 iniqui-
1890 5683 1991 5745 lus.
2008 5701 2024 5733 ι
2055 5678 2353 5734 Notandum
2380 5672 2559 5729 istoin
2586 5670 2724 5733 loco.
2752 5668 2875 5761 quia
2891 5667 3014 5761 hac
3039 5680 3166 5761 quae
3185 5664 3459 5761 dicuntur,

213 5754 301 5845 tas
321 5787 471 5845 haec?
493 5807 510 5840 ›
534 5786 586 5841 id
615 5754 717 5847 est,
746 5798 850 5838 non
872 5782 1193 5837 dimittetur.
1214 5754 1401 5850 Si'pro
1430 5795 1535 5834 non
1554 5754 1785 5848 positum
1893 5790 1999 5830 non
2026 5770 2300 5843 pertinent
2322 5767 2388 5821 ad
2414 5762 2779 5832 captivitatem
2816 5758 3027 5821 Sobnaa,
3076 5757 3168 5812 sed
3195 5754 3372 5829 petitis
3398 5754 3464 5811 ad

216 5889 319 5941 est.
353 5879 477 5936 Haec
513 5876 645 5933 dicit
674 5875 930 5929 Dominus
956 5874 1022 5929 ad
1045 5872 1237 5937 lsaiam
1268 5890 1280 5925 :
1314 5890 1331 5927 ς
1360 5870 1510 5927 Vade
1545 5871 1612 5931 ad
1654 5868 1788 5925 Sob-
1894 5867 2137 5922 ultimam
2168 5876 2289 5932 qua:
2326 5858 2426 5914 fuit
2470 5855 2799 5931 temporibus
2840 5852 3101 5917 Sedecize,
3126 5865 3289 5931 quam
3309 5864 3466 5925 supe-
