3918 6474
144 505 249 563 825

1183 494 1537 554 COMMENT.
1568 493 1634 548 IN
1672 490 1922 547 lSAlAM.
1957 521 2026 530 —
2062 489 2187 544 LIB.
2227 487 2288 542 ll.

3297 479 3403 536 8‘26

143 621 504 693 negotiatores
530 617 596 672 ad
629 616 857 688 Tyrum,
887 615 1027 668 sicut
1047 610 1188 667 etde
1217 611 1446 666 diversis
1470 608 1720 680 gentibus
1745 611 1799 671 Α
1898 623 1918 656 ‹
1968 603 2216 658 Transite
2259 601 2453 656 maria.
2503 621 2520 652 ι
2563 599 2678 655 Vox
2733 599 3006 670 prophetae
3066 599 3200 653 dans
3229 597 3405 652 censi-

141 720 199 767 et
219 711 548 766 civitatibus.
577 709 820 778 Dumque
843 705 916 760 illi
944 712 1345 760 reverterentur
1372 704 1428 758 in
1450 701 1679 772 patriam
1702 741 1716 764 ,

144 803 526 860 nuntiaverunt
553 797 1068 869 Carlhagineusibus
1108 795 1526 851 destructionem
1569 790 1717 861 Tyri.

1820 699 1949 756 lium
1999 698 2197 770 Tyriis.
2247 697 2398 752 Sicut
2455 695 2599 750 enim
2665 693 2912 764 superius
2955 691 3188 747 diximus
3221 733 3235 758 ,
3283 707 3405 747 cum

1821 800 2003 849 mente
2041 795 2464 861 pertractassent
2492 803 2600 843 non
2643 801 2803 858 posse
2841 786 3096 842 resistere
3133 798 3192 839 se
3227 783 3408 840 Nabu-

221 912 239 944 ι
261 892 479 958 Tacete,
501 909 520 942 ι
540 890 594 944 id
622 896 724 954 est,
747 887 1118 961 pmoitentiam
1148 885 1289 957 agile
1309 903 1326 936 ι
1357 883 1450 954 qui
1469 880 1725 937 habitatis
1824 886 2184 947 cbodonosor,
2242 898 2366 953 pars
2411 882 2649 937 maxima
2704 880 2916 936 illorum
2980 877 3416 936 conscenderunt

144 982 377 1039 insulam
407 981 629 1046 imaris,
657 995 691 1035 ο
718 978 869 1050 Tyrii
889 977 982 1048 qui
1004 975 1137 1031 estis
1164 974 1458 1047 negotiatio
1485 969 1724 1035 Sidonis,
1827 989 2013 1041 naves,
2065 982 2120 1029 et
2160 971 2411 1043 fugerunt
2455 979 2605 1026 trans
2665 985 2862 1035 mare;
2915 984 3044 1040 pars
3087 968 3254 1024 etiam
3294 966 3413 1022 illo-

145 1076 274 1147 quia
311 1075 379 1129 ab
421 1073 552 1144 ipsis
577 1071 840 1128 aedificata
882 1079 967 1126 est
1003 1069 1216 1124 illorum
1243 1067 1467 1132 civitas,
1521 1063 1730 1134 ipsique
1831 1081 1951 1122 rum
1981 1079 2173 1120 carens
2207 1062 2436 1118 navibus
2462 1059 2722 1115 remansit
2757 1059 2809 1113 in
2861 1059 3099 1113 civitate.
3149 1057 3415 1128 Loquitur

149 1168 356 1224 Sidonii
383 1182 526 1238 saepe
553 1165 843 1221 veniebant
877 1176 1041 1218 causa
1076 1157 1383 1231 negotiandi
1407 1156 1474 1210 ad
1506 1154 1727 1226 Tyrum.

153 1258 267 1316 Vox
293 1259 570 1331 prophetat
598 1266 681 1313 est
711 1256 779 1312 ad
813 1255 1144 1310 habitatores
1170 1250 1328 1323 Tyri,
1369 1249 1510 1304 sicut
1543 1255 1598 1301 et
1630 1246 1735 1300 hoc

149 1353 293 1424 quod
320 1351 598 1421 sequitur:
632 1369 650 1401 ‹
673 1347 1086 1403 transfretantes
1120 1359 1294 1400 mare.
1326 1361 1346 1394 ι
1375 1340 1476 1408 Qui
1518 1339 1736 1394 fuerunt

153 1443 244 1500 isti
276 1440 692 1496 transfretantes
713 1452 881 1502 mare,
907 1445 962 1490 et
990 1433 1336 1505 repleverunt
1358 1445 1477 1486 eam
1504 1429 1736 1498 positam

155 1538 212 1592 in
243 1535 398 1606 aquis
425 1532 607 1588 multis
635 1531 749 1586 suis
777 1527 1014 1585 divitiis?
1063 1523 1306 1589 Sidonii,
1351 1520 1739 1591 Carthaginen-

154 1645 273 1696 ses,
317 1628 488 1683 Graeci
525 1635 578 1681 et
614 1625 704 1680 alii
734 1623 828 1695 qui
865 1622 931 1677 de
957 1618 1188 1675 diversis
1222 1615 1472 1687 gentibus
1505 1611 1738 1668 conﬂue-

155 1724 287 1778 bant
337 1721 405 1775 ad
447 1733 567 1774 eam
603 1737 614 1771 :
667 1716 902 1772 maxime
941 1709 1221 1783 Egyptii,
1271 1707 1411 1763 sicut
1460 1707 1514 1761 in
1546 1705 1738 1760 subse-

154 1811 450 1883 quentibus
497 1809 746 1864 habetur.
787 1824 805 1856 ‹
855 1803 1054 1858 Semen
1088 1799 1223 1866 Nili,
1274 1797 1468 1854 messis
1503 1797 1743 1852 ﬂuminis

155 1905 337 1975 fruges
391 1901 526 1972 ejus.
566 1921 585 1952 ι
625 1899 730 1954 Iste
791 1894 1090 1952 versiculus
1141 1890 1549 1949 constructione
1600 1897 1741 1960 eget,

157 1998 364 2066 istaque
392 2003 475 2050 est
501 1989 876 2049 concatenatio
907 2006 919 2042 :
955 1987 1161 2059 Fruges
1185 1987 1302 2057 ejus
1322 2025 1336 2049 ,
1369 1983 1421 2038 id
1444 1991 1547 2048 est,
1578 1980 1740 2052 Tyri,

155 2105 339 2145 semen
368 2088 473 2143 Nili
507 2085 764 2150 ﬂuminis,
793 2091 848 2138 et
875 2081 1068 2138 messis
1098 2079 1215 2149 ejus
1237 2093 1420 2134 semen
1441 2075 1547 2130 Nili
1568 2075 1739 2129 ﬂumi-

155 2180 260 2235 nis.
289 2178 456 2234 Terra
482 2177 912 2233 Cbananzeorum
935 2175 990 2228 in
1013 2187 1244 2243 quorum
1268 2169 1445 2226 medio
1474 2167 1743 2239 Tyrorum

155 2271 346 2326 civitas
367 2271 544 2342 posita
575 2277 679 2334 est,
709 2266 962 2322 infertilis
1014 2273 1114 2320 est.
1156 2264 1325 2319 Terra
1355 2270 1535 2317 autem
1571 2259 1742 2331 Egy-

154 2363 391 2432 ptiorum
431 2376 592 2431 quam
653 2357 805 2413 Nilus
863 2356 1057 2411 ﬂuvius
1117 2357 1347 2426 irrigat,
1417 2351 1745 2408 fertilissima

153 2464 257 2519 est,
292 2463 345 2509 et
370 2455 649 2509 abundans
691 2453 978 2506 admodum
1011 2450 1277 2520 frugibus.
1305 2448 1535 2517 Ideoque
1569 2457 1746 2502 trans-

156 2549 305 2603 ibant
347 2561 497 2602 mare
541 2545 903 2617 negotiatores
949 2542 1264 2613 'l‘yrorum,1
1292 2549 1348 2596 et
1393 2539 1646 2594 emebant
1677 2538 1745 2594 ab

158 2636 426 2707 .Egyptiis
456 2635 785 2690 frumentum
804 2673 819 2698 ,
859 2633 1069 2697 fabam,
1115 2631 1377 2687 hordeum
1404 2671 1418 2695 ,
1447 2630 1614 2684 linum
1634 2670 1649 2696 ,
1691 2638 1746 2682 et

158 2744 354 2784 caetera
374 2744 494 2798 qua:
511 2726 597 2781 illa
620 2735 763 2781 terra
785 2723 994 2794 profert
1019 2741 1032 2777 :
1057 2723 1248 2778 dantes
1269 2739 1298 2778 e
1315 2731 1503 2779 contra
1527 2736 1741 2786 aurum,

158 2828 462 2891 argentum,
499 2818 659 2890 pallia
683 2858 698 2883 ,
742 2825 796 2871 et
833 2814 1142 2885 hujusmodi
1177 2815 1376 2884 pretia.
1413 2813 1482 2868 Et
1521 2813 1624 2868 hoc
1665 2819 1747 2867 est

158 2911 302 2982 quod
328 2912 475 2978 dicit,
502 2909 646 2981 quod
685 2907 926 2980 Egyptii
959 2907 1299 2962 seminabant
1323 2905 1397 2960 illi
1426 2894 1742 2969 sumebant,

160 3014 215 3062 et
245 3005 436 3060 messis
466 3001 846 3075 ZEgyptiorum
872 2999 1081 3056 fructus
1120 3007 1176 3054 et
1211 3014 1336 3055 esca
1366 2997 1582 3052 illorum
1606 3004 1741 3050 erat.

168 3119 185 3150 ι
218 3099 285 3152 Et
318 3097 460 3152 facta
503 3105 587 3152 est
628 3094 918 3168 negotiatio
964 3093 1202 3164 gentium
1224 3133 1240 3159 ,
1271 3112 1290 3144 ι
1324 3106 1513 3146 omnes
1558 3098 1746 3160 gentes

161 3209 283 3264 quae
300 3193 353 3249 in
377 3192 606 3249 circuitu
629 3190 746 3260 ejus
771 3197 928 3245 erant
947 3186 1345 3244 concurrebant
1365 3185 1432 3240 ad
1452 3199 1595 3249 eam,
1619 3182 1745 3254 quia

166 3288 282 3357 ipsa
312 3293 431 3340 erat
461 3283 782 3354 locupletior
801 3280 1074 3335 omnibus.

244 3412 262 3443 ι
297 3392 588 3452 Erubesce,
619 3387 921 3451 Sidou,ait,
953 3403 971 3436 ι
1002 3385 1147 3438 enim
1169 3403 1186 3434 ι
1209 3397 1394 3437 mare:
1423 3389 1475 3435 et
1489 3380 1747 3435 fortitudo

169 3485 338 3539 maris
365 3523 380 3546 ,
423 3482 626 3536 dicens.
657 3497 674 3528 ι
702 3475 1115 3547 Βυοὺιιεζιηοάίε
1141 3474 1515 3545 intelligendus
1541 3480 1622 3528 est
1649 3472 1750 3527 iste

172 3571 490 3630 versiculus.
522 3570 707 3626 Potest
739 3570 882 3625 enim
917 3569 995 3624 sic
1025 3566 1284 3638 intelligi,
1317 3565 1459 3634 quod
1487 3565 1750 3635 pr0pheta

173 3669 424 3737 loquatur
447 3680 515 3720 ex
542 3677 771 3734 persona
795 3661 986 3726 maris,
1018 3659 1173 3730 quasi
1205 3659 1379 3728 ipsum
1406 3657 1602 3712 fretum
1631 3655 1753 3710 ani-

179 3773 322 3812 mam
367 3755 695 3820 habeat,"et
737 3751 1017 3807 condoleat
1061 3750 1267 3806 civitati
1310 3750 1473 3822 Tyro.
1506 3746 1603 3803 Vel
1647 3747 1753 3803 alio

177 3851 355 3916 modo,
397 3857 455 3903 ut
492 3845 824 3902 habitatores
869 3845 1206 3899 diversarum
1244 3841 1526 3897 civitatum
1570 3839 1662 3910 qui
1697 3839 1755 3893 in

175 3940 312 3994 mari
345 3939 682 4001 residebant,
711 3943 765 3989 et
797 3934 990 4004 quibus
1018 3933 1194 4004 Tyrus
1228 3931 1579 3987 mercimonia
1618 3944 1756 4000 prae-

175 4034 336 4089 bebat
355 4033 595 4086 dicerent
611 4029 679 4084 ad
702 4026 972 4092 Sidonios,
994 4025 1089 4098 qui
1112 4024 1314 4096 Tyrum
1337 4021 1753 4088 aediﬁcaverunt,

177 4123 551 4196 compatiendo
593 4122 830 4177 miseriis
851 4134 1037 4175 eorum
1064 4133 1078 4172 :
1105 4118 1151 4173 0
1187 4116 1353 4172 Sidon
1384 4115 1596 4180 civitas,
1636 4128 1758 4167 eru-

176 4220 357 4281 besce,
393 4216 445 4270 id
469 4224 570 4280 est,
602 4213 952 4277 confundere,
981 4219 1035 4265 et
1058 4209 1195 4264 habe
1219 4222 1510 4263 mmrorem
1536 4213 1590 4261 et
1608 4218 1760 4260 vere-

177 4309 464 4371 cundiam,
501 4321 659 4377 super
699 4303 1084 4360 desolationem
1126 4300 1250 4355 liliae
1290 4308 1394 4354 tuae
1423 4297 1552 4370 Tyri
1588 4312 1760 4368 :quoo

180 4402 327 4456 niam
363 4407 580 4469 prepter
616 4396 921 4474 superbiam
970 4403 1025 4448 et
1066 4391 1480 4448 fornicationem
1510 4403 1664 4444 suam
1695 4387 1762 4441 ad

183 4495 411 4551 nihilum
459 4492 675 4547 redacta
702 4499 803 4544 est.
849 4506 868 4539 ‹
905 4485 1022 4542 Non
1051 4485 1338 4555 parturivi,
1368 4492 1425 4539 et
1457 4497 1567 4537 non
1595 4495 1762 4552 pepe-

185 4589 231 4642 ri
260 4587 414 4640 ﬁlios.
448 4605 466 4638 ι
502 4584 612 4638 Vox
642 4580 826 4652 populi
866 4578 1161 4634 habitantis
1188 4577 1246 4631 in
1277 4576 1436 4641 mari,
1469 4575 1557 4630 vel
1600 4575 1764 4630 etiam

186 4681 365 4750 ipsum
393 4689 543 4730 mare
569 4673 826 4743 loquitur,
851 4671 897 4727 si
928 4672 1002 4725 ita
1024 4676 1200 4740 potest
1224 4667 1350 4722 dici.
1379 4666 1496 4722 Non
1516 4677 1764 4737 propter-

187 4785 249 4824 ea
300 4767 430 4823 dicit
469 4764 611 4836 quod
655 4779 762 4820 non
813 4762 1022 4834 peperit
1069 4759 1245 4823 ﬁlios,
1290 4758 1384 4814 sed
1434 4758 1767 4814 condolendo

190 4859 342 4924 dicit,
371 4855 514 4928 quod
556 4869 663 4910 non
712 4851 909 4908 fuerint
953 4850 1050 4905 filii
1095 4849 1212 4920 ejus
1253 4847 1388 4904 tales
1427 4849 1521 4918 qui
1564 4848 1768 4921 Tyrum

192 4959 408 5023 possent
445 4948 768 5005 defendere:
796 4944 880 5000 vel
917 4943 1078 4999 etiam
1116 4943 1184 4996 ad
1227 4941 1619 4996 incrementum
1663 4956 1772 4996 non

194 5050 556 5117 pervenerunt
577 5081 592 5108 ,
635 5040 688 5095 id
711 5047 813 5105 est,
847 5037 914 5092 ad
943 5033 1330 5107 perfectionem
1357 5033 1597 5104 virgines
1633 5031 1776 5087 illius

197 5146 255 5193 et
297 5135 390 5190 filii
440 5142 566 5190 ante
615 5133 681 5189 ab
725 5129 972 5186 hostibus
1015 5125 1316 5192 interfecti,
1359 5141 1520 5196 quam
1559 5124 1775 5196 plenum

201 5230 484 5286 haberent.
1757 5287 1779 5296 θ

281 5339 298 5371 ι
326 5318 462 5375 Cum
482 5317 724 5372 auditum
752 5316 916 5373 fuerit
939 5317 994 5372 in
1019 5315 1274 5387 Egypto.
1299 5329 1317 5364 ι
1335 5309 1454 5366 Vox
1479 5311 1778 5382 propheta.

208 5412 473 5484 Egyptus
514 5409 570 5464 in
611 5409 857 5480 proximo
901 5417 1017 5464 erat
1064 5405 1271 5462 civitati
1318 5404 1483 5475 Tyro,
1524 5411 1786 5471 erantque

209 5507 278 5562 ad
327 5504 556 5560 invicem
606 5502 838 5558 connexi
878 5501 1130 5557 amicitiae
1166 5498 1418 5553 vinculis.
1459 5495 1786 5551 Deferebant

211 5596 354 5652 enim
388 5594 516 5666 Tyri
553 5594 606 5648 in
644 5592 937 5665 Egyptum
966 5592 1068 5646 hoc
1093 5605 1202 5661 quo
1230 5589 1306 5643 illi
1339 5588 1614 5652 carebant,
1646 5587 1788 5642 acci-

212 5688 424 5758 pientes
449 5701 480 5740 e
503 5694 692 5741 contra
725 5683 793 5738 ab
837 5682 941 5738 illis
979 5680 1333 5741 frumentum,
1365 5686 1419 5733 et
1444 5687 1640 5733 extera
1669 5692 1790 5748 quae

219 5779 272 5834 iu
305 5774 587 5832 Ezechiele
614 5774 822 5845 plenius
871 5777 1388 5830 commemorantur.
1431 5767 1663 5838 Ideoque
1705 5767 1790 5823 di-

219 5873 294 5930 cit
321 5891 332 5924 :
358 5869 491 5927 Cum
518 5869 789 5925 audierint
816 5867 1056 5942 [Egyptii
1085 5865 1397 5923 subversam
1419 5877 1543 5920 esse
1565 5862 1792 5935 Tyrum,

223 5962 479 6024 dolehunt
507 5977 668 6038 super
695 5977 836 6020 eam.

1831 1171 1959 1226 ergo
1981 1154 2240 1226 propheta
2274 1153 2342 1208 ad
2369 1151 2489 1206 illos
2529 1151 2620 1221 qui
2651 1148 2773 1221 fuga
2803 1149 2940 1219 lapsi
2989 1157 3140 1214 sunt,
3181 1147 3367 1202 dicens
3397 1165 3409 1200 :

1834 1250 2084 1306 Transite
2130 1247 2322 1302 maria.
2370 1245 2481 1300 lllis
2513 1253 2693 1300 autem
2719 1244 2809 1314 qui
2860 1243 2916 1298 in
2949 1242 3189 1311 civitate
3242 1238 3417 1296 relicti

1836 1352 1984 1410 sunt,
2016 1342 2180 1398 dicit:
2481 1339 2485 1343 ’

1913 1480 1932 1513 ι
1968 1458 2182 1516 Ululate
2219 1454 2312 1525 qui
2339 1452 2595 1508 habitatis
2621 1450 2747 1521 Tyri
2777 1468 2789 1502 :
2827 1469 2844 1500 ι
2878 1447 3163 1518 capiemini
3204 1447 3349 1501 enim
3387 1459 3420 1500 a

1838 1549 2124 1608 Chaldaeis.
2160 1565 2179 1598 ι
2207 1544 2458 1614 Nunquid
2484 1557 2592 1597 non
2616 1542 2733 1596 haec
2758 1546 2844 1595 est
2871 1546 3079 1603 vestra,
3113 1556 3132 1589 ι
3163 1535 3423 1592 subaudis

1841 1643 2032 1700 civitas
2066 1660 2083 1692 ‹
2114 1655 2234 1709 qua:
2256 1636 2588 1709 gloriabatur
2607 1641 2828 1704 propter
2849 1629 3225 1700 antiquitatem
3251 1627 3373 1681 sui?
3399 1644 3418 1678 ι

1842 1737 1958 1792 Vox
1972 1732 2247 1804 prophetae
2272 1728 2337 1783 ad
2359 1727 2720 1798 negotiatores
2749 1721 3110 1791 Carthaginis,
3129 1727 3182 1773 et
3197 1717 3427 1772 aliarum

1844 1827 2144 1884 civitatum.
2178 1821 2496 1892 Erigebatur
2523 1815 2665 1870 enim
2691 1815 2745 1868 in
2774 1812 3081 1882 superbiam
3111 1809 3306 1882 Tyrus,
3342 1809 3425 1863 di-

1846 1935 2004 1976 cens:
2033 1917 2144 1987 Ego
2176 1915 2230 1969 in
2261 1912 2483 1980 antiquo
2517 1917 2763 1978 tempore
2790 1903 3053 1959 aedificata
3079 1902 3280 1972 repleta
3310 1915 3430 1954 sum

1847 2011 2073 2076 divitiis,
2091 2015 2147 2064 et
2168 2006 2386 2062 domina
2407 2002 2650 2058 omnium
2664 1997 3082 2068 negotiatorum.
3116 1995 3182 2049 Et
3197 1992 3321 2063 quia
3352 1991 3434 2045 in-

1847 2107 1972 2161 flata
2003 2100 2254 2172 superbia
2283 2097 2510 2168 gloriata
2533 2102 2634 2156 est,
2666 2111 2684 2144 ι
2715 2090 2914 2146 ducent
2929 2104 3049 2144 eam
3079 2086 3244 2157 pedes
3268 2085 3349 2140 sui
3379 2085 3434 2138 in

1848 2197 2174 2254 Chaldaeam.
2209 2213 2226 2244 ι
2269 2191 2344 2245 De
2377 2188 2481 2244 illis
2510 2187 2670 2241 modo
2712 2184 2952 2254 loquitur
2979 2196 3116 2253 quos
3147 2179 3302 2236 duxit
3328 2176 3435 2232 Na-

1849 2289 2264 2348 buchodonosor
2292 2284 2346 2337 in
2373 2279 2722 2351 Babylonem.

1924 2423 1942 2456 ι
1976 2403 2106 2470 Quis
2150 2397 2407 2470 cogitavit
2449 2395 2553 2448 hoc
2599 2405 2761 2463 super
2790 2388 3015 2460 Tyrum,
3056 2406 3074 2437 ι
3109 2393 3170 2440 ut
3196 2385 3440 2439 destrue-

1848 2509 2018 2566 retur,
2042 2512 2161 2568 quae
2194 2515 2212 2547 ‹
2248 2491 2524 2564 quondam
2561 2508 2580 2540 ι
2608 2487 2710 2542 fuit
2739 2506 2757 2537 ι
2787 2482 3079 2540 coronata?
3107 2500 3124 2532 ι
3157 2477 3277 2534 Vox
3308 2492 3435 2548 pro-

1846 2595 2024 2666 phetae
2050 2567 2172 2660 quis
2203 2587 2306 2641 hoc
2343 2579 2684 2654 cogitaverit,
2724 2585 2782 2633 et
2811 2577 2927 2647 ipse
2957 2574 3294 2629 demonstrat
3319 2567 3442 2637 quis

1849 2661 2123 2756 cogitavit,
2153 2694 2278 2735 cum
2297 2676 2496 2732 dicitur
2524 2691 2537 2726 :
2571 2669 2833 2727 Dominus
2865 2667 3201 2721 exercituum
3229 2661 3438 2733 cogita-

1849 2752 1941 2831 vit
1972 2776 2094 2830 hoc.
2125 2770 2280 2827 Unde
2309 2774 2428 2823 erat
2468 2761 2763 2819 coronata?
2789 2759 2944 2813 Sicut
2973 2771 3068 2811 rex
3102 2755 3309 2809 habens
3333 2752 3442 2806 dia-

1849 2869 2008 2924 dema
2042 2866 2098 2921 in
2124 2861 2322 2932 capite,
2351 2864 2627 2928 sceptrum
2655 2851 2712 2908 iii
2747 2866 2935 2916 manu,
2972 2847 3132 2902 altior
3157 2845 3306 2900 omni
3344 2857 3442 2897 suo

1849 2960 2044 3034 populo
2068 2967 2123 3013 et
2149 2953 2465 3026 praeclarior
2488 2947 2706 3004 exsistit
2724 2963 2738 3000 :
2755 2945 2834 3000 sic
2857 2943 2948 2998 illa
2974 2940 3222 2997 residens
3244 2938 3297 2992 in
3327 2951 3441 2991 me-

1847 3027 1938 3107 dio
1975 3049 2132 3113 mari,
2173 3046 2331 3117 plena
2356 3039 2558 3098 divitiis
2595 3046 2651 3093 et
2674 3032 3150 3106 negotiationibus,
3193 3027 3442 3082 omnibus

1847 3141 2159 3199 civitatibus
2199 3133 2520 3206 locupletior
2544 3139 2601 3186 et
2628 3125 2942 3200 prazcelsior
2966 3131 3104 3178 erat.
3143 3120 3240 3176 Vel
3277 3118 3440 3173 etiam

1847 3254 1915 3295 ex
1961 3238 2070 3291 hoc
2106 3232 2408 3303 appellatur
2457 3230 2737 3286 coronata,
2769 3217 2912 3290 quod
2954 3229 3147 3272 omnes
3191 3211 3444 3290 civitates

1776 3332 1822 3396 C
1855 3336 1909 3383 et
1938 3300 2303 3396 negotiatores
2348 3319 2402 3371 in
2444 3314 2677 3369 circuitu
2706 3309 2848 3364 illius
2885 3306 3070 3376 positi,
3101 3300 3443 3357 conﬂuebant

1851 3420 2116 3488 undique,
2164 3413 2362 3486 quibus
2402 3417 2522 3465 erat
2568 3403 2899 3462 circumdata
2929 3398 3084 3470 quasi
3125 3412 3194 3451 ex
3220 3409 3440 3450 corona.

1851 3484 2135 3568 lustitores
2166 3484 2433 3561 vocantur
2467 3496 2861 3568 negotiatores,
2903 3505 2969 3546 eo
3007 3487 3152 3560 quod
3199 3484 3439 3555 superin-

1853 3605 2048 3660 sistant
2069 3597 2302 3669 negotiis
2329 3602 2386 3649 et
2414 3587 2806 3646 mercimoniis.
2838 3583 2978 3638 Dicit
2998 3596 3127 3652 ergo
3151 3575 3441 3648 propheta,

1855 3696 1982 3767 quia
2042 3701 2153 3746 tam
2200 3689 2390 3759 dignos
2441 3695 2496 3739 et
2538 3678 2749 3737 nobiles
2787 3675 3024 3732 habebat
3077 3669 3444 3740 negotiatores

1857 3802 1913 3851 et
1955 3793 2256 3855 institores,
2301 3785 2393 3856 qui
2420 3781 2693 3854 principes
2737 3783 2793 3832 et
2834 3771 3019 3842 inclyti
3047 3774 3296 3840 poterant
3324 3778 3445 3820 esse

1857 3889 1914 3944 in
1953 3884 2155 3957 regnis.

1935 4014 1955 4048 ι
2001 3993 2260 4050 Dominus
2311 3985 2570 4060 cogitavit
2615 4002 2633 4034 ι
2669 3989 2730 4036 ut
2778 3978 2845 4034 de
2879 3973 3132 4046 superbia
3151 3970 3447 4028 deducatur

1867 4108 1886 4140 ς
1925 4088 1992 4143 ad
2028 4086 2241 4140 ruinam
2263 4089 2320 4137 et
2343 4079 2627 4134 universos
2671 4071 2904 4142 inclytos
2930 4078 3110 4132 terrze,
3142 4085 3161 4117 ι
3193 4062 3449 4120 subaudis

1860 4179 2311 4241 Cbananaeorum,
2349 4193 2367 4224 ‹
2405 4177 2573 4243 ponat
2599 4163 2988 4238 ignominiam.
3020 4158 3214 4214 Transi
3248 4165 3450 4211 terram

1863 4282 2012 4328 tuam
2044 4289 2062 4321 ι
2096 4286 2130 4324 o
2157 4267 2266 4322 filia
2289 4265 2474 4320 maris.
2504 4280 2522 4313 ι
2555 4259 2723 4328 Quasi
2757 4278 2775 4310 ›
2812 4254 3006 4324 aliquis
3031 4251 3123 4322 qui
3145 4251 3254 4306 cito
3277 4257 3455 4303 trans-

1864 4361 2086 4432 navigat
2133 4357 2370 4427 aliquem
2427 4373 2446 4405 ‹
2480 4351 2737 4407 rivulum.
2782 4367 2800 4400 ι
2852 4345 3031 4413 Quare
3076 4342 3214 4397 hoc?
3263 4357 3281 4391 ‹
3317 4338 3456 4406 Quia

1865 4468 1975 4508 non
2003 4430 2088 4506 est
2115 4447 2388 4518 cingulum
2417 4443 2537 4509 tibi,
2573 4460 2594 4495 ι
2626 4441 2680 4497 id
2717 4445 2822 4504 est,
2859 4451 2967 4491 non
2997 4434 3163 4489 habes
3197 4431 3344 4487 ultra
3371 4430 3455 4483 vi-

1869 4559 1958 4600 res
1980 4539 2263 4598 resistendi
2291 4535 2574 4592 Chaldaeis.
2607 4532 2712 4588 Per
2740 4529 3036 4601 cingulum,
3081 4522 3453 4581 fortitudinem

1872 4637 1986 4692 sive
2028 4635 2173 4690 vires
2217 4629 2476 4702 intellige,
2528 4626 2657 4698 quia
2706 4625 2758 4679 in
2791 4622 2988 4678 lumbis
3033 4620 3126 4690 qui
3167 4617 3460 4687 cinguntur

1872 4727 2111 4800 cingulo,
2143 4727 2226 4781 vis
2255 4721 2494 4779 hominis
2539 4717 2786 4776 consistit
2813 4714 2956 4787 (Job.
2991 4709 3243 4781 xxxvm).

1943 4839 2236 4899 Consilium
2282 4837 2372 4892 dat
2420 4833 2682 4905 propheta
2739 4829 2936 4902 Tyriis.
2968 4847 2986 4879 ‹
3039 4826 3256 4882 Manum
3305 4837 3459 4879 suam

1876 4937 2131 4995 extendet
2158 4948 2321 5003 supra
2345 4944 2514 4984 mare.
2554 4947 2572 4981 ›
2605 4927 2722 4982 Vox
2765 4926 3044 4996 propheta:
3069 4930 3172 4978 est.
3206 4918 3338 4986 Quis
3368 4932 3464 4971 ex-

1876 5028 2060 5085 tendet
2089 5039 2306 5081 manum
2329 5020 2516 5078 suam?
2539 5019 2819 5074 Dominus.
2852 5017 2933 5071 Ad
2955 5015 3086 5086 quid
3112 5008 3461 5068 faciendum?

1885 5122 1957 5179 Ut
1999 5119 2389 5177 eonturbentur
2434 5129 2614 5185 regna.
2664 5113 2795 5180 Quae
2831 5109 3031 5180 regna?
3057 5104 3462 5178 Egyptiorum,

1885 5213 2264 5276 Moabitarum,
2306 5218 2362 5264 et
2397 5216 2711 5264 caeterorum
2754 5207 2808 5260 in
2854 5201 3086 5258 circuitu
3139 5199 3287 5272 Tyri.
3329 5197 3465 5253 Cum

1885 5305 2030 5361 enim
2062 5301 2337 5357 audissent
2360 5301 2609 5354 universa
2637 5309 2800 5367 regna
2824 5309 2944 5363 qua:
2969 5301 3128 5348 erant
3151 5292 3206 5348 in
3234 5290 3466 5345 circuitu

1887 5393 2179 5466 Tyrorum,
2207 5392 2353 5460 quod
2387 5389 2464 5444 illi
2519 5385 2936 5459 depraedationis
2973 5385 3186 5439 ruinam
3237 5381 3469 5437 sustine-

1887 5492 2009 5540 rent
2036 5523 2052 5550 ,
2082 5481 2249 5536 nimio
2281 5481 2474 5536 timore
2503 5477 2778 5549 perterriti
2815 5476 3106 5532 dixerunt:
3136 5473 3275 5542 Quid
3312 5472 3472 5528 facie-

1895 5592 2016 5631 mus
2051 5591 2148 5630 nos
2192 5574 2373 5638 modo,
2400 5570 2615 5642 quando
2665 5569 2849 5640 regina
2903 5576 3089 5623 nostra
3141 5565 3334 5638 praeda:
3385 5574 3472 5621 est

1897 5671 2059 5729 data?
2095 5669 2252 5727 Certe
2280 5669 2554 5740 eapiemur
2599 5681 2631 5720 a
2673 5663 2956 5720 Chaldaeis.
3003 5663 3094 5720 Sic
3141 5663 3343 5719 factum
3391 5672 3475 5718 est

1899 5766 1964 5821 de
1993 5778 2154 5833 regno
2180 5757 2848 5834 Egyptiorumlegimus
2866 5759 2921 5813 in
2946 5757 3230 5814 Ezechiele
3253 5755 3472 5828 (Eucti.

1901 5857 2074 5926 xxrx),
2106 5854 2231 5924 quia
2282 5866 2506 5922 regnum
2555 5849 2775 5922 [Egypti
2806 5865 2904 5919 pro
2949 5848 3300 5905 subversione
3346 5847 3476 5919 Tyri

1907 5950 2054 6012 dedit
2085 5947 2346 6004 Dominus
2371 5943 2888 6012 Nabuchodonosor,
2917 5945 3103 6003 dicens
3130 5962 3142 6000 :
3173 5943 3271 6008 Fili
3303 5943 3478 6005 homi-
