3918 6458
574 481 680 537 827

1074 474 1429 531 HAYMONIS
1470 470 1947 527 llALllh‘ltSTAT.
1986 469 2202 526 EPISC.
2240 469 2391 526 OPP.
2432 467 2613 524 PARS
2645 468 2686 523 1.
2724 497 2789 511 --
2828 467 3183 525 COMMENT.
3223 471 3389 529 BlBL.
3743 483 3820 541 ια

574 602 675 665 nis,
708 596 1205 653 Nabuchodonosor
1228 605 1385 647 servo
1406 604 1526 643 meo
1552 602 1759 643 merces
1794 602 1902 641 non
1923 594 2010 641 est
2032 586 2154 640 red-
2181 586 2235 647 Α
2259 584 2364 639 Iste
2386 585 2687 641 versiculus
2708 587 2941 655 pertinet
2965 588 3033 642 ad
3054 589 3524 645 restaurationem
3550 591 3716 656 illius,
3731 611 3819 665 qu

571 692 679 745 dita
706 703 804 759 pro
837 687 1116 751 servitute,
1148 698 1252 754 qua
1283 681 1509 737 servivit
1543 679 1675 734 mihi
1705 686 1893 734 contra
1925 677 2150 749 Tyrum,

571 781 637 835 da
665 781 712 834 ei
744 777 1036 849 Egyptum
1071 788 1169 844 pro
1199 772 1360 844 Tyro.
1396 789 1415 823 ι
1459 770 1720 827 Dominus
1760 769 2037 825 mandavit
2062 768 2151 823 δάε

573 884 787 925 versum
810 868 1087 924 Chanaan.
1120 883 1139 917 ι
1167 865 1280 920 Hoc
1305 863 1449 933 quod
1489 863 1737 932 superius
1768 860 1925 927 dixit,
1960 868 2147 917 exten-

572 964 662 1019 det
689 976 905 1016 manum
927 973 1100 1023 suam,
1131 958 1290 1013 modo
1329 957 1479 1020 dicit,
1509 954 1803 1010 mandavit.
1848 952 2149 1009 Extendere

571 1070 759 1111 manus
786 1053 903 1119 Dei,
932 1059 1016 1107 est
1060 1049 1336 1104 mandare.
1388 1047 1647 1102 Mandare
1692 1046 1837 1100 illius
1874 1044 2144 1108 voluntas,

568 1145 815 1200 voluntas
847 1141 1110 1213 operatio.
1142 1140 1219 1195 Ea
1246 1139 1449 1193 virtute
1476 1137 1750 1192 mandavit
1785 1134 2145 1191 Nabuchodo-

568 1251 750 1292 nosor.
804 1233 982 1302 Quid?
1018 1233 1086 1289 Ut
1114 1233 1326 1287 veniret
1370 1231 1655 1285 adversum
1703 1229 1983 1293 Chanaan,
2021 1248 2041 1280 ι
2088 1234 2147 1283 et

567 1335 870 1383 contereret
894 1325 1061 1380 fortes
1086 1323 1226 1393 ejus,
1257 1343 1276 1375 ι
1307 1322 1362 1377 id
1390 1332 1473 1377 est
1497 1322 1664 1378 fortes
1690 1320 2139 1376 Chananaeorum.

568 1418 766 1489 Tyrus.
793 1426 855 1474 ut
877 1417 994 1489 jam
1020 1416 1275 1479 diximus,
1322 1412 1751 1469 Chananazorum
1772 1413 1964 1468 civitas
1982 1423 2138 1468 erat:

567 1518 622 1565 et
656 1508 935 1564 fortissimi
960 1507 1171 1562 illorum
1211 1505 1265 1559 in
1296 1505 1440 1576 Tyro
1467 1505 1803 1569 habitabant,
1831 1514 1886 1560 et
1922 1505 1977 1560 in
2013 1519 2142 1561 con-

570 1600 790 1656 tritione
815 1599 1101 1671 Tyrorum,
1131 1597 1345 1653 illorum
1378 1596 1546 1653 fortes
1576 1596 1844 1667 perempti
1867 1604 2011 1651 sunt.

644 1711 663 1745 ι
692 1692 761 1747 Ει
789 1693 943 1756 dixit,
973 1710 993 1745 ι
1028 1690 1285 1747 subaudis
1310 1690 1590 1753 Dominus,
1625 1706 1643 1739 α
1673 1687 1790 1743 Non
1817 1686 2039 1756 adjicies
2068 1686 2143 1743 ul-

568 1792 648 1837 tra
679 1803 698 1836 ι
733 1791 837 1839 etc.
867 1782 1149 1837 Calumnia
1176 1790 1260 1835 est
1284 1780 1583 1836 accusatio.
1630 1777 1764 1832 Filia
1808 1776 2022 1831 Sidonis
2047 1792 2140 1847 ap-

563 1873 797 1943 pellatur
824 1873 1020 1944 Tyrus,
1048 1872 1174 1942 quia
1209 1873 1309 1943 ipsi
1332 1871 1735 1926 auliticavcrunt
1758 1884 1898 1924 eam.
1925 1866 2137 1923 Gloria-

2251 678 2352 734 fuit
2372 689 2496 750 post
2530 679 2871 751 septuaginta
2909 694 3100 735 annos.
3148 679 3472 736 Meretrices
3503 698 3635 752 quae
3659 687 3812 747 multa

2251 770 2554 825 habuerunt
2610 779 2881 825 amatores
2904 809 2920 836 ,
2953 778 3242 841 postquam
3277 772 3736 843 derelinquuntur
3763 781 3809 834 at

2250 860 2359 915 illis
2391 861 2474 915 vel
2519 870 2742 931 propter
2771 859 3201 928 deformitatem,
3228 863 3313 918 vel
3348 873 3719 931 senectutem,
3746 886 3803 923 5-)-

2248 952 2362 1007 lent
2390 954 2690 1009 residentes
2720 954 2776 1008 in
2801 954 2964 1008 domo
2991 968 3317 1024 componere
3350 955 3465 1009 sibi
3497 958 3746 1019 carmina,
3768 974 3802 1016 ei

2247 1050 2468 1099 cantare
2491 1052 2552 1099 ut
2592 1044 2858 1114 recipiant
2898 1045 3343 1112 consolationem,
3372 1045 3468 1099 vel
3494 1046 3663 1105 eﬁam
3688 1053 3795 1105 1&-

2247 1146 2434 1193 centes
2456 1138 2523 1193 ad
2549 1138 2871 1192 memoriam
2897 1137 3001 1192 hoc
3019 1137 3163 1206 quod
3188 1137 3340 1207 prius
3372 1148 3689 1209 gesaemnt,
3710 1158 3791 1197 rus

2247 1230 2456 1285 cantico
2478 1240 2909 1285 commemorant
2937 1229 3068 1285 illud
3094 1247 3107 1282 :
3149 1228 3229 1284 sic
3265 1238 3322 1285 et
3343 1229 3541 1301 Tyrus
3563 1241 3784 1304 postque

2246 1336 2465 1378 reversa
2489 1332 2573 1379 est
2594 1323 2726 1394 egit.

2320 1433 2340 1465 c
2375 1414 2540 1469 Sume
2573 1413 2864 1481 citharam,
2898 1433 2921 1466 ι
2949 1428 2985 1468 o
3012 1413 3288 1468 meretrix.
3319 1411 3638 1469 Consilium
3673 1415 3779 1471 dare

2242 1507 2522 1577 propheta,
2584 1507 2816 1576 qualiter
2858 1514 2985 1577 agat
3025 1507 3413 1577 paenitentiam
3442 1547 3459 1569 ,
3508 1516 3572 1560 ut
3608 1509 3773 1562 eradere

2242 1607 2407 1669 queat
2451 1597 2714 1666 judicium
2786 1597 3033 1662 Domini,
3083 1598 3267 1652 dicens
3332 1615 3345 1650 :
3430 1615 3453 1649 ‹
3529 1597 3679 1653 Sume
3729 1604 3771 1653 et

2243 1690 2480 1755 tharam,
2509 1699 2565 1745 et
2595 1704 2760 1760 perge
2810 1703 2909 1759 per
2955 1696 3103 1743 tuam
3144 1689 3439 1743 civitatem
3501 1709 3522 1743 ι
3574 1694 3767 1745 cantanti

2246 1788 2366 1835 tuas
2408 1780 2677 1845 miserias,
2729 1786 2998 1849 quatenus
3046 1779 3373 1834 misereatur
3433 1781 3515 1833 tui
3564 1780 3761 1835 homines

2250 1891 2269 1923 ο
2304 1870 2451 1926 Bene
2479 1885 2638 1937 cane,
2689 1871 2973 1940 frequenta
3007 1871 3299 1925 canticum.
3345 1889 3366 1924 ι
3438 1870 3567 1926 Hauc
3592 1888 3687 1941 qua
3711 1889 3759 1934 se

563 1966 721 2021 batur
751 1974 929 2019 autem
973 1965 1148 2038 Tyrus
1187 1966 1240 2019 in
1287 1964 1491 2019 divitiis
1540 1963 1675 2027 suis,
1706 1970 1761 2016 et
1790 1961 2147 2016 accusabatur
2175 1945 2221 2005 Β
2247 1973 2489 2034 quuntur
2521 1979 2587 2018 ex
2627 1978 2794 2018 onere
2822 1963 2947 2028 isto,
2984 1962 3052 2015 ad
3081 1962 3469 2017 reversionem
3513 1962 3638 2017 illius
3657 1964 3757 2031 pert»

564 2060 631 2111 ab
671 2056 922 2112 omnibus
979 2058 1034 2110 in
1083 2054 1315 2111 circuitu
1362 2070 1460 2110 suo
1507 2054 1649 2124 quod
1698 2054 1929 2123 superba
1981 2061 2137 2117 esset,

562 2148 685 2203 idco
709 2147 842 2203 dixit
868 2166 882 2202 :
908 2145 953 2202 Ο
977 2148 1123 2216 virga
1156 2146 1261 2201 lilia
1289 2145 1526 2209 Sidonis,
1553 2145 2142 2217 postquamdestructa

563 2237 731 2293 fueris
756 2253 862 2293 non
887 2237 1201 2307 gloriaberis
1234 2236 1482 2306 amplius,
1514 2244 1569 2290 et
1598 2252 1703 2291 non
1734 2235 2066 2292 accusabunt
2090 2243 2143 2290 te

560 2328 739 2400 populi
767 2328 907 2397 quod
949 2337 1073 2399 typo
1105 2327 1369 2397 superbiae
1416 2324 1597 2379 inﬂata
1644 2325 1738 2380 sis.
1786 2344 1803 2377 ‹
1840 2325 1895 2378 ln
1929 2323 2142 2378 Cethim

561 2436 893 2493 consurgens
942 2420 1253 2476 transfreta.
1277 2440 1295 2472 ›
1331 2420 1445 2473 Vox
1484 2421 1757 2491 prophetae
1804 2421 1872 2474 ad
1913 2418 2138 2489 Tyrum.

560 2511 617 2566 In
646 2511 877 2577 Cethim,
924 2510 977 2565 id
1004 2520 1107 2578 est,
1152 2511 1204 2565 in
1230 2509 1495 2565 Graeciam
1533 2510 1576 2564 si
1605 2510 1755 2574 ieris,
1785 2522 1891 2565 non
1919 2507 2143 2564 habebis

563 2587 824 2673 requiem.
859 2602 934 2657 De
992 2603 1097 2656 illis
1146 2601 1277 2658 dicit
1315 2601 1407 2671 qui
1459 2601 1793 2655 transierunt
1844 2611 2037 2653 mare:
2086 2607 2141 2653 et

558 2692 890 2767 fugerunt'in
913 2691 1206 2767 .‘Egyptum
1235 2702 1288 2748 et
1321 2693 1373 2747 in
1414 2691 1699 2747 Graeciam.
1730 2691 1797 2745 Et
1825 2707 1993 2761 quare
2035 2705 2142 2745 non

558 2786 865 2858 habuerunt
902 2786 975 2842 ibi
1018 2785 1291 2858 requiem?
1330 2783 1468 2854 Quia
1511 2784 1891 2856 comprehensi
1935 2793 2063 2839 sunt
2109 2797 2139 2837 a

561 2876 1075 2935 Nabuchodonosor.
1782 2884 1785 2887 ‘

636 2986 654 3017 α
687 2968 826 3023 Ecce
857 2979 1000 3024 terra
1021 2967 1395 3023 Chaldaeorum
1426 2964 1550 3021 talis
1570 2966 1799 3036 populus
1827 2982 1933 3022 non
1969 2965 2088 3020 fuit.
2114 2985 2133 3018 ι

560 3058 889 3124 Notandum,
930 3060 1057 3130 quia
1087 3075 1192 3115 non
1222 3059 1358 3113 dixit
1404 3074 1511 3114 non
1558 3059 1686 3123 erit,
1716 3058 1811 3113 sed
1854 3072 1966 3113 non
2017 3058 2137 3112 fuit.

558 3149 758 3206 Verum
782 3156 866 3203 est
888 3149 1051 3213 enim,
1080 3149 1206 3220 quia
1244 3162 1413 3219 usque
1437 3149 1503 3204 ad
1532 3158 1760 3204 mortem
1786 3149 2140 3204 Nabuchodo-

559 3254 725 3295 nosor
754 3237 1035 3295 fortissimi
1066 3254 1229 3310 super
1262 3254 1452 3296 omnes
1494 3248 1683 3313 gentes
1710 3238 1948 3294 Chaldzei
1973 3238 2137 3311 Assy-

560 3328 731 3399 riique
762 3329 998 3384 fuerunt.
1034 3329 1228 3384 Postea
1269 3337 1447 3384 autem
1488 3327 1797 3384 Grzccorum
1845 3337 1900 3385 et
1938 3328 2137 3385 Roma-

554 3435 745 3476 norum
775 3421 1004 3492 populus
1035 3420 1226 3475 fortior
1253 3420 1374 3476 fuit.
1407 3438 1427 3471 ι
1463 3419 1635 3475 Assur
1673 3420 2073 3487 fundaviteam,
2110 3440 2128 3472 ι

555 3511 813 3566 subaudis
858 3511 1005 3566 illam
1032 3519 1255 3566 terram.
1302 3511 1475 3566 Assur
1498 3511 1907 3583 potentissimus
1937 3520 1992 3567 et
2020 3512 2134 3567 for-

558 3602 795 3657 tissimus
822 3604 984 3658 homo
1013 3601 1135 3669 fuit,
1167 3616 1195 3657 a
1225 3616 1330 3673 quo
1356 3603 1578 3658 fundata
1605 3613 1708 3668 est,
1735 3603 1789 3658 id
1816 3612 1921 3668 est,
1954 3619 1984 3658 a
2022 3618 2132 3677 quo

552 3697 813 3766 originem
841 3706 1208 3767 sumpserunt.
1232 3694 1349 3752 Vox
1372 3696 1668 3768 prophetae.
1698 3694 1820 3767 ipse
1846 3695 2015 3751 Assur
2041 3712 2134 3754 ve-

552 3791 631 3845 nit
664 3806 825 3861 super
849 3797 921 3857 te,
946 3806 980 3846 ο
999 3789 1161 3862 Tyre,
1194 3809 1211 3842 ι
1248 3790 1301 3845 in
1328 3791 1695 3862 captivitatem
1713 3791 2135 3848 transduxerunt

553 3882 801 3938 robustos
833 3903 853 3935 ι
898 3884 1011 3938 sive
1057 3883 1299 3954 captivos
1332 3899 1350 3932 ‹
1403 3880 1538 3951 ejus.
1574 3900 1591 3933 ι
1642 3880 1807 3950 Cujus
1846 3883 2131 3953 captivos?

553 3970 681 4043 Tyri
724 3988 743 4023 ι
781 3970 1119 4028 suﬂ‘oderunt
1158 3972 1347 4027 domos
1374 3970 1510 4039 ejus.
1543 3991 1564 4023 ι
1590 3971 1819 4038 Quando
1847 3971 2131 4029 Nabucho-

554 4062 789 4117 donosor
815 4063 1033 4131 navigio
1056 4066 1206 4117 venit
1232 4062 1302 4117 ad
1323 4061 1544 4133 Tyrum,
1574 4078 1682 4118 non
1713 4063 1887 4119 solum
1920 4080 2127 4132 muros,

552 4152 646 4206 sed
671 4152 834 4205 etiam
866 4152 1058 4207 domos
1080 4166 1269 4206 omnes
1297 4153 1581 4219 subvertit,
1609 4163 1663 4207 et
1688 4168 1808 4222 quas
1830 4163 1989 4213 antea
2011 4166 2132 4213 erat

551 4243 846 4311 negotiatio
893 4244 1201 4313 civitatum,
1255 4245 1403 4303 facta
1436 4256 1520 4303 est
1556 4248 1783 4305 siccatio
1817 4250 2128 4322 saginarum

552 4350 650 4405 per
679 4337 1016 4409 septuaginta
1040 4352 1231 4394 annos.

625 4449 643 4481 ι
674 4430 739 4484 Et
762 4433 867 4486 erit
888 4433 940 4486 in
954 4431 1041 4488 die
1054 4432 1169 4498 illa,
1188 4434 1241 4488 in
1256 4433 1668 4503 oblivioneeris,
1682 4450 1717 4491 o
1735 4436 1896 4508 Tyre,
1912 4446 2130 4508 septua-

545 4524 693 4595 ginta
720 4527 898 4591 annis,
930 4526 1070 4581 sicut
1093 4526 1209 4582 dies
1231 4529 1373 4599 regis
1400 4529 1578 4584 unius.
1615 4550 1632 4580 ι
1664 4532 1776 4586 Vox
1804 4533 2082 4601 prophetae
2109 4551 2122 4588 :

545 4614 697 4670 Sicut
716 4616 1053 4675 Hierusalem
1078 4627 1132 4674 et
1149 4620 1407 4690 templum
1432 4621 1788 4689 destructum,
1815 4633 1871 4680 et
1894 4626 2122 4696 pepulus
2149 4658 2201 4721 ι)
2228 4623 2579 4682 sanctiﬁcata:
2635 4623 2861 4679 Domino
2906 4623 3300 4694 negotiationes
3346 4619 3493 4690 ejus.
3540 4618 3742 4675 Possum:

543 4720 639 4774 per
670 4707 1010 4778 septuaginta
1036 4724 1206 4765 annos
1233 4711 1289 4766 in
1317 4711 1632 4782 captivitate
1674 4716 1907 4771 mansit:
1952 4718 2023 4772 ita
2064 4727 2122 4775 et
2150 4707 2195 4721 ⁷
2224 4716 2387 4772 etiam
2434 4724 2488 4771 et
2537 4716 2638 4771 hoc
2684 4714 2841 4770 aliter
2900 4713 3218 4785 intelligere.
3266 4713 3400 4769 Post
3458 4710 3743 4769 ascensionem

544 4795 721 4867 Tyrus
766 4813 888 4867 quae
927 4814 1115 4856 eorum
1144 4802 1302 4858 malis
1330 4804 1624 4861 insultavit.
1657 4805 1764 4861 Sed
1806 4823 1913 4863 non
1961 4819 2120 4867 vacat

541 4889 686 4957 quod
708 4888 858 4955 dicit,
896 4891 1036 4948 sicut
1061 4892 1179 4948 dies"
1216 4894 1358 4965 regis
1388 4896 1567 4952 unius.
1606 4897 1859 4969 Nunquid
1888 4899 2117 4972 legimus

541 4978 594 5033 in
643 4979 824 5050 aliqua
854 4980 1102 5051 historia,
1142 5000 1413 5056 quemque
1443 5003 1629 5060 regum
1652 4993 1989 5063 septuaginta
2015 5011 2115 5050 an-

540 5070 625 5124 nis
658 5075 942 5142 regnasse?
966 5074 1136 5132 David
1159 5079 1519 5150 quadraginta
1545 5083 1701 5138 annis
1744 5086 2012 5156 regnavit,
2042 5096 2119 5143 to-

541 5160 811 5231 tidemque
852 5165 994 5223 ﬁlius
1036 5166 1152 5235 ejus
1183 5166 1460 5226 Salomon.
1509 5172 1670 5231 Ozias
1718 5157 2033 5248 autern'qui
2062 5186 2118 5237 et

534 5247 760 5307 Azarias
787 5250 936 5323 lepra
961 5270 1273 5326 percussus,
1309 5259 1701 5334 quinquaginta
1728 5264 1937 5325 duobus
1960 5247 2116 5323 annis

536 5344 685 5413 regni
714 5346 973 5415 regimina
1006 5350 1196 5404 tenuit.
1227 5350 1367 5406 Dicit
1392 5368 1520 5423 ergo
1549 5359 1811 5426 propheta
1844 5378 1856 5413 :
1883 5358 1927 5415 Ο
1950 5359 2111 5432 Tyre,

534 5432 675 5487 sicut
718 5435 943 5504 alicujus
1000 5440 1143 5511 regis
1195 5442 1309 5498 dies
1358 5447 1698 5517 septuaginta
1740 5466 2006 5506 annorum
2058 5453 2112 5508 in

530 5525 804 5585 oblivione
833 5533 1141 5601 traduntur,
1169 5546 1456 5607 postquam
1479 5540 1730 5609 spiritum
1759 5544 2112 5612 exhalaverit,

530 5614 762 5677 {Orsitan
788 5622 831 5677 si
869 5624 971 5681 hoc
1005 5625 1056 5679 ei
1078 5628 1258 5683 evenit
1288 5636 1347 5687 ut
1388 5638 1468 5685 tot
1508 5632 1665 5687 annis
1708 5643 1957 5703 regnaret
1989 5654 2001 5689 :
2034 5637 2114 5693 sic

533 5717 589 5765 tu
619 5722 676 5767 et
707 5714 885 5771 omnis
915 5715 1085 5788 gloria
1117 5727 1206 5776 tua
1232 5735 1331 5791 per
1370 5723 1713 5795 septuaginta
1744 5739 1914 5780 annos
1940 5727 2112 5782 omni-

531 5802 633 5857 bus
665 5806 952 5876 populisiu
977 5810 1249 5867 oblivione
1274 5813 1404 5868 eris.
1436 5833 1453 5865 ι
1491 5814 1619 5871 Post
1644 5816 1977 5887 septuaginta
2013 5833 2111 5873 au-

534 5902 646 5963 tem
682 5913 851 5965 annos
897 5901 1001 5959 erit
1030 5901 1172 5977 Tyro
1220 5905 1376 5976 quasi
1415 5907 1686 5966 canticum
1735 5910 2056 5971 meretricis.
2086 5930 2107 5965 ι

2248 2061 2395 2108 nent.
2427 2053 2719 2125 Propterea
2766 2062 2921 2124 rogat
2968 2054 3229 2124 propheta
3278 2068 3495 2111 canere
3554 2054 3685 2119 illam,
3723 2066 3751 2109 et

2243 2143 2586 2214 frequentare
2614 2144 2884 2200 canticum
2918 2145 3261 2200 miseriarum
3293 2160 3531 2200 suarum
3556 2163 3569 2198 :
3590 2155 3637 2199 ut
3657 2146 3749 2199 trit-

2243 2246 2334 2292 cat
2354 2238 2422 2292 ad
2454 2239 2773 2293 memoriam
2818 2237 3049 2307 pristina
3094 2236 3258 2301 mala,
3294 2249 3531 2307 prepter
3565 2255 3654 2308 qua
3683 2240 3745 2291 ni-

2242 2330 2418 2401 gravit
2439 2345 2469 2383 a
2498 2330 2717 2400 proprio
2740 2328 2873 2392 solo,
2910 2336 2967 2384 et
3008 2335 3227 2398 propter
3268 2344 3407 2398 quae
3440 2330 3655 2385 destructa
3670 2340 3732 2388 est,

2241 2436 2311 2477 ne
2335 2422 2530 2477 iterum
2560 2421 2755 2476 similia
2784 2421 2836 2475 ei
2858 2421 3129 2476 eveniant.
3154 2419 3365 2476 Dicunt
3390 2422 3531 2476 enim
3545 2423 3713 2474 dedas:

2243 2512 2381 2579 Quia
2401 2513 2483 2567 vis
2506 2519 2591 2568 est
2611 2512 2746 2569 artis
2780 2511 3025 2578 musicae,
3054 2520 3115 2566 ut
3142 2511 3191 2567 si
3219 2512 3512 2568 hominem
3528 2513 3639 2565 bim
3661 2510 3711 2561 ia-

2242 2605 2473 2671 venerit,
2518 2604 2783 2662 laetiorem
2820 2605 3031 2666 reddat.
3085 2604 3181 2660 Sin
3235 2614 3437 2662 autem
3476 2607 3638 2669 πίθῃ,
3658 2602 3722 2656 ui-

2243 2694 2447 2749 stitiam
2485 2695 2561 2750 illi
2608 2702 2823 2767 augeat.

2320 2807 2340 2839 ‹
2414 2787 2669 2844 Visitabit
2716 2789 2981 2845 Dominus
3025 2788 3237 2861 Tyrum
3302 2798 3433 2859 post
3495 2787 3729 2859 squmin

2241 2897 2432 2939 annos.
2468 2902 2488 2935 ›
2533 2881 2642 2938 Ista
2692 2882 2934 2939 visitatio
2988 2882 3045 2938 in
3084 2883 3231 2938 bona
3282 2892 3442 2954 parte
3486 2880 3734 2950 intelligetis

2240 2987 2343 3042 est,
2379 2979 2504 3048 quia
2543 2988 2664 3049 post
2704 2978 3070 3034 reversionem
3115 2993 3271 3033 suam
3312 2977 3504 3048 repleta
3543 2983 3610 3030 est
3643 2986 3737 3027 mer-

2240 3069 2415 3135 cibus,
2445 3069 2587 3124 sicut
2621 3078 2677 3125 et
2720 3079 2903 3126 antea.
2934 3089 2952 3122 t
3000 3069 3070 3124 Et
3107 3084 3327 3125 rursum
3366 3067 3734 3125 fornicabimrzi

2240 3159 2555 3217 Fornicatio
2602 3161 2657 3217 in
2703 3162 2807 3217 hoc
2860 3161 2979 3218 loco
3024 3176 3128 3231 pro
3184 3161 3515 3232 negotiatione
3544 3156 3735 3225 panin.

2242 3252 2369 3322 quia
2395 3261 2518 3323 post
2543 3253 2997 3309 restaurationem
3024 3253 3109 3308 sui
3131 3267 3258 3307 cum
3288 3248 3504 3306 universis
3520 3245 3730 3316 gentibus

2241 3344 2520 3414 negotium
2562 3360 2719 3400 suum
2756 3344 3019 3400 exercuit.

2316 3454 2335 3489 t
2372 3437 2440 3493 Et
2484 3447 2645 3495 erunt
2694 3438 3091 3508 negotiationes
3158 3435 3279 3506 ejus
3318 3430 3610 3488 sanctificata
3642 3424 3732 3481 Dn-

2238 3527 2406 3589 mino.
2441 3549 2460 3583 ι
2510 3529 2789 3597 Quomodo
2825 3529 3045 3584 fuerunt
3092 3526 3367 3584 mercedes
3406 3523 3527 3578 illius
3551 3514 3735 3574 sanctiﬁ-

2236 3627 2375 3681 cata}
2441 3620 2718 3677 Domino?
2786 3620 2927 3677 Dicit
2995 3620 3187 3675 beatus
3244 3616 3608 3687 Hieronymus.
3650 3608 3732 3678 Ψιίι

2232 3722 2519 3785 postquam
2569 3712 2773 3768 reversi
2814 3719 2942 3769 sunt
3007 3709 3104 3765 lilii
3158 3707 3329 3765 Israel
3388 3709 3452 3763 de
3504 3701 3733 3774 captivitate

2231 3803 2335 3859 sub
2354 3801 2578 3859 ducibus
2597 3798 2895 3857 Zorobabel
2915 3809 2970 3857 et
2997 3799 3278 3862 Nehemia,
3298 3808 3353 3853 et
3374 3796 3517 3869 Tyrii
3529 3801 3625 3866 post
3641 3790 3729 3847 illos.

2234 3906 2344 3947 non
2373 3889 2533 3962 longo
2560 3897 2801 3960 tempore
2823 3888 3098 3958 conjuncti
3127 3896 3256 3944 sunt
3286 3887 3343 3941 in
3372 3885 3592 3941 amicitia
3612 3876 3725 3934 simul.

2233 3982 2409 4039 Etiam
2439 3997 2546 4039 non
2585 3980 3060 4063 abscondebantur
3088 3994 3265 4051 neque
3306 3977 3659 4049 reponebantur
3684 3967 3731 4019 ὧ-

2230 4077 2375 4132 νίιίίε
2409 4091 2596 4133 eorum
2628 4076 2682 4131 in
2716 4075 2985 4131 thesauris
3014 4074 3327 4147 cupiditatis
3368 4088 3552 4139 causa,
3585 4066 3655 4125 sed
3682 4078 3736 4116 το-

2231 4164 2455 4222 nicbant
2502 4164 2579 4220 illi
2626 4166 2681 4220 in
2732 4164 3089 4230 Hierusalem,
3139 4172 3196 4219 et
3250 4161 3549 4219 oﬂ'erehant
3588 4155 3738 4214 Domist

2231 4271 2456 4312 munera
2476 4267 2533 4312 et
2561 4256 2764 4315 hostias
2789 4274 2801 4310 :
2831 4271 3021 4310 aurum
3065 4254 3338 4320 videlicet,
3366 4263 3648 4324 argentum,
3673 4241 3740 4316 pd

2228 4349 2321 4415 lia,
2353 4363 2614 4420 gemmas,
2642 4362 2792 4416 oves,
2814 4357 2870 4405 et
2898 4348 3083 4414 boves,
3112 4356 3165 4403 et
3192 4346 3551 4402 linteamina:
3579 4342 3682 4397 unde
3700 4344 3733 4387 et

2229 4459 2356 4514 pars
2397 4444 2715 4501 remanebat
2756 4444 2826 4503 ad
2867 4450 3120 4498 ornatum
3172 4434 3359 4512 templi
3418 4439 3633 4501 Domini,
3666 4448 3736 4505 pars

2229 4534 2394 4593 etiam
2424 4533 2652 4597 cedebat
2682 4534 2735 4588 in
2783 4548 2913 4589 usus
2961 4532 3305 4588 sacerdotum
3342 4550 3356 4586 :
3399 4533 3618 4601 ideoque
3649 4534 3739 4581 erant

2222 4807 2433 4863 Domini
2474 4808 2542 4862 ad
2569 4822 2811 4878 superos,
2846 4806 3171 4876 praedicante
3206 4805 3439 4878 egregio
3471 4804 3747 4878 praedicatore

2220 4900 2388 4956 Paulo
2415 4898 2593 4972 Tyriis
2639 4907 2693 4954 et
2729 4897 2985 4963 Sidoniis,
3019 4897 3268 4954 conversi
3305 4907 3444 4951 sunt
3492 4906 3597 4953 toto
3619 4887 3750 4947 mentis

2221 4989 2486 5046 desiderio
2525 4989 2591 5044 ad
2620 4985 3125 5045 lidem-Salvatoris.
3177 4987 3447 5057 Tuncque
3485 4987 3750 5042 fueruntne

2220 5081 2550 5153 gotiationes
2606 5082 2724 5153 ejus
2781 5080 3131 5137 sanctificata:
3186 5081 3417 5136 Domino
3471 5102 3485 5136 :
3540 5079 3651 5153 quia
3685 5087 3752 5128 ml

2219 5175 2621 5230 absconderunt
2658 5189 2751 5229 eas
2794 5175 2849 5229 in
2901 5173 3117 5229 arcanis
3168 5174 3555 5233 thesaurorum
3596 5180 3754 5227 suorum

2221 5268 2470 5327 avaritia:
2517 5267 2936 5338 cupiditatisque
3000 5282 3184 5334 causa,
3243 5266 3338 5325 sed
3401 5264 3756 5335 aedificarent!!!

2220 5358 2496 5414 Ecclesias
2524 5374 2593 5414 ex
2614 5358 2713 5423 eis,
2746 5367 2800 5413 et
2824 5359 3170 5428 praebuerunt
3201 5367 3481 5431 sumptus,
3518 5368 3573 5414 et
3597 5372 3651 5412 ea
3675 5363 3758 5423 qui

2216 5450 2520 5511 necessaria
2546 5458 2703 5511 erant
2730 5449 3155 5519 praedicantibus
3196 5450 3553 5523 Evangelium
3583 5447 3761 5515 discipu-

2219 5539 2304 5606 lis,
2333 5539 2583 5596 videlicet
2612 5498 2759 5596 beati
2799 5514 2974 5608 Pauli,
3006 5556 3143 5611 quos
3172 5541 3286 5611 ipse
3323 5498 3471 5611 {Lua
3515 5556 3607 5597 eos
3860 5498 3861 5593 ι

2217 5637 2290 5692 sit
2328 5652 2539 5694 necnon
2579 5638 2906 5708 pauperibus
2934 5639 3229 5710 egenisque
3258 5654 3359 5710 pro
3397 5642 3617 5699 nomine
3650 5614 3765 5693 Chri-

2216 5729 2305 5786 sti.
2334 5727 2486 5794 Quod
2515 5739 2697 5785 autem
2728 5730 2879 5788 addit
2910 5749 2929 5783 ‹
2980 5740 3041 5789 ιιι
3086 5732 3435 5801 manducent,
3487 5751 3507 5785 ι
3553 5726 3765 5789 subaudis

2215 5819 2271 5875 hi
2309 5820 2402 5890 qui
2433 5819 2798 5881 habitaverint
2839 5837 3024 5877 coram
3058 5821 3316 5889 Omnino,
3368 5843 3388 5877 ι
3436 5838 3611 5893 usque
3631 5822 3678 5875 in
3704 5832 3768 5871 sa-

2216 5912 2517 5987 turitatem,
2546 5922 2603 5969 et
2643 5913 2945 5970 vestiantur
2983 5917 3154 5985 usque
3198 5914 3269 5973 ad
3294 5923 3622 5977 vetustatem
3657 5931 3676 5964 ι
3716 5903 3769 5969 td
