3918 6456
562 459 659 514 831

1056 454 1410 518 HAYMOMS
1449 464 1926 526 llALBERSTAT.
1969 473 2182 532 EPISC.
2224 478 2370 537 OPP.
2416 483 2597 538 PARS
2636 487 2675 541 Ι.
2716 520 2784 529 —-
2821 490 3177 551 COMMENT.
3218 499 3382 556 BIBL.

3750 517 3829 574 ss:

635 593 653 625 ι
714 575 916 630 Amara
961 578 1069 632 erit
1120 580 1266 648 potio
1312 598 1331 632 ι
1375 579 1482 636 illis
1535 583 1627 650 qui
1659 586 1852 650 modo,
1916 588 1972 642 in
2039 591 2142 646 hoc
2169 596 2217 658 Α
2245 592 2451 662 clesiae,
2477 606 2534 653 ut
2561 598 2782 656 laudent
2805 604 3132 677 Dominum,
3160 620 3216 666 et
3242 614 3409 669 dicit:
3445 617 3498 672 0
3536 626 3821 691 apostolia

639 667 752 691 An.“
809 669 1303 691 J,____,___‘_.,.-
1360 681 1402 691 ,.
1764 679 1796 691 -.
1882 679 1914 691 η
2065 681 2078 691 -
2264 684 2276 691 -

558 667 778 734 saeculo,
804 669 1037 725 diversis
1065 671 1327 741 prandiis,
1351 681 1408 728 et
1431 672 1661 730 diversis
1688 679 2000 746 potionibus
2048 681 2142 737 de-

558 758 848 825 lectantur,
874 760 930 815 in
973 761 1056 816 die
1093 759 1285 829 iudicii
1313 778 1498 818 amara
1533 765 1639 820 erit
1674 766 1801 834 illis,
1829 768 2142 828 bibentibus

556 847 704 906 illam
739 852 794 906 in
817 853 920 908 hoc
943 852 1158 908 saeculo.

633 960 652 994 α
687 940 890 1000 Attrita
915 951 999 998 est
1029 943 1243 1007 civitas,
1288 963 1307 996 ι
1342 960 1441 1015 pro
1469 961 1532 1002 eo
1559 947 1705 1016 quod
1733 958 1818 1004 est
1859 950 2023 1007 ﬁnem
2053 967 2140 1008 ac-

553 1035 733 1105 cipiet.
764 1033 871 1089 Per
915 1049 1079 1090 unam
1120 1037 1395 1093 civitatem
1433 1053 1622 1095 omnes
1665 1041 1914 1098 civitates
1946 1043 2140 1100 intelli-

552 1127 738 1197 gendas
759 1134 920 1182 sunt:
969 1128 1053 1182 vel
1087 1130 1253 1184 etiam
1293 1145 1391 1200 per
1443 1131 1604 1186 istam
1646 1133 1837 1190 civitas
1881 1137 2136 1193 vanitatis

549 1214 810 1287 Babylon,
851 1232 971 1288 quae
999 1217 1102 1272 fuit
1132 1220 1324 1275 civitas
1351 1220 1650 1288 civitatum,
1679 1234 1857 1293 potest
1885 1226 2130 1300 intelligi.

549 1307 645 1363 Vel
681 1307 838 1363 aliter
867 1326 881 1362 :
910 1318 970 1364 ut
1006 1325 1105 1380 per
1131 1311 1411 1367 civitatem
1439 1329 1602 1368 unam
1647 1317 1879 1371 mundus
1928 1320 2029 1374 iste
2055 1320 2132 1376 si-

547 1399 834 1471 gniﬁcetur
872 1404 966 1472 qui
1014 1402 1177 1459 ﬁnem
1224 1413 1353 1460 tunc
1385 1407 1633 1478 accipiet.
1686 1409 1752 1464 Et
1782 1426 1951 1481 quare
2001 1413 2131 1469 dicit

545 1491 834 1546 vanitatis?
888 1493 1023 1560 Quia
1071 1495 1334 1564 quidquid
1384 1500 1578 1553 transit
1639 1496 1694 1555 et
1748 1501 2006 1558 mutabile
2045 1513 2130 1562 est

542 1585 754 1639 vanitas
785 1594 890 1652 est,
933 1585 1092 1655 juxta
1139 1590 1284 1658 quod
1316 1589 1593 1661 Sapientia
1619 1593 1792 1650 dicit:
1851 1615 1870 1648 ‹
1910 1595 2127 1656 Vanitas

541 1675 862 1742 vanitatum,
929 1686 984 1732 et
1029 1681 1209 1734 omnia
1260 1683 1468 1739 vanitas
1511 1684 1669 1756 (Sap.
1711 1687 1774 1759 ι).
1821 1709 1839 1741 ι

614 1781 632 1814 ι
667 1762 884 1821 Clamor
910 1767 1014 1822 erit
1041 1783 1206 1840 super
1233 1771 1357 1827 vino
1381 1773 1436 1827 in
1464 1774 1678 1843 plateis.
1715 1797 1733 1828 ι
1776 1779 1958 1835 Platos
1979 1781 2126 1838 Grae-

537 1870 662 1912 cum
696 1873 892 1915 nomen
918 1870 1022 1928 est,
1060 1871 1116 1917 et
1164 1864 1364 1920 dicitur
1400 1882 1432 1921 a
1461 1867 1764 1925 latitudine.
1808 1872 1948 1940 Quid
1993 1891 2122 1946 ergo

2244 684 2494 744 doctores
2533 691 2627 759 qui
2656 691 2802 748 docti
2830 697 2980 764 estis,
3009 710 3231 771 propter
3263 705 3366 761 hoc
3408 711 3558 778 quia
3572 684 3818 777 Dominus

2241 774 2572 844 gloriﬁcatus
2596 789 2700 847 est,
2731 793 2787 838 et
2811 785 3022 844 vidistis
3045 793 3328 859 praemium
3350 774 3621 857 vestrum
3645 814 3696 860 et
3716 774 3812 882 sup;

2237 864 2456 934 plicium
2477 871 2852 940 reproborum,
2868 876 3164 947 gloriﬁcate
3185 884 3494 946 Dominum
3515 893 3577 960 in

2238 965 2435 1012 vestra.
2457 979 2476 1011 ‹
2507 959 2575 1015 Et
2605 962 2657 1016 in
2686 963 2877 1022 insulis
2903 972 3070 1028 maris
3098 989 3296 1033 nomen
3312 959 3580 1054 Domini,
3602 1007 3620 1040 ι
3648 992 3806 1048 suban-

2236 1046 2319 1102 dis
2345 1050 2652 1119 praedicate.

2311 1159 2330 1192 ‹
2362 1143 2409 1196 Α
2438 1145 2635 1202 ﬁnibus
2665 1156 2827 1208 terrae
2851 1153 3038 1212 laudes
3070 1160 3395 1220 audivimus.
3424 1185 3446 1219 ι
3488 1167 3614 1225 Vox
3639 1175 3793 1232 electo-

2234 1247 2352 1288 rum
2378 1234 2434 1289 in
2457 1235 2542 1292 die
2562 1237 2773 1306 iudicii.
2803 1245 2907 1313 Qui
2935 1257 3059 1304 sunt
3082 1251 3214 1308 ﬁnes
3239 1259 3446 1312 terrae?
3472 1258 3783 1334 Patriarchz,

2231 1328 2527 1395 prophette,
2553 1336 2801 1403 apostoli,
2846 1348 2902 1394 et
2940 1342 3189 1401 doctores
3217 1360 3428 1406 sanctae

2229 1436 2398 1491 quare
2426 1437 2690 1485 vocantur
2721 1431 2798 1486 illi
2823 1434 2989 1491 lines?
3016 1437 3151 1505 Quia
3183 1443 3322 1498 sicut
3361 1454 3527 1504 terra
3558 1451 3775 1510 ﬁnibust-i

2231 1514 2478 1570 terminis
2501 1519 2611 1574 suis
2634 1523 2917 1590 consistit,
2951 1539 3006 1582 et
3027 1530 3143 1584 sine
3169 1532 3278 1588 illis
3312 1545 3480 1593 stare
3507 1556 3616 1595 non
3635 1545 3770 1600 valet:

2227 1603 2301 1658 ita
2323 1609 2557 1664 mundus
2583 1609 2684 1666 iste
2714 1612 2960 1672 doctrina
2984 1627 3038 1674 et
3064 1623 3271 1679 meritis
3294 1626 3530 1683 illorum
3555 1636 3763 1690 consistit
3856 1687 3857 1700 χ

2225 1695 2281 1750 In
2312 1696 2707 1758 Hebraaoenim
2753 1706 2821 1761 ab
2852 1708 2952 1764 alis
2989 1718 3147 1768 terrae
3180 1715 3371 1773 laudes
3406 1722 3765 1782 audivimusmt
3856 1711 3857 1782 ἦ

2223 1788 2412 1848 beatus
2440 1793 2799 1868 Hieronymus
2825 1801 2974 1875 dicit)
3006 1805 3252 1865 habetur.
3297 1811 3428 1868 Ala:
3463 1824 3616 1874 terra
3640 1827 3757 1878 saneti

2224 1883 2549 1957 intelligendi
2582 1900 2726 1957 sunt,
2754 1893 2847 1962 qui
2873 1895 2939 1950 de
2967 1900 3197 1955 terrenis
3219 1903 3288 1958 ad
3320 1906 3600 1975 celestia,
3626 1913 3678 1966 de
3698 1929 3753 1968 αι

531 1963 632 2019 per
655 1949 886 2019 plateam
912 1953 1016 2008 isto
1052 1954 1107 2007 in
1130 1955 1248 2011 loco
1289 1957 1696 2028 intelligendum
1739 1971 1843 2028 est,
1895 1966 1999 2020 nisi
2042 1967 2118 2022 illi
2147 1975 2195 2034 B
2222 1975 2376 2031 ducis
2394 1949 2467 2032 ad
2492 1995 2746 2036 mansura
2770 1949 2827 2039 et
2864 1997 3120 2058 perpetua
3163 1994 3413 2052 evolant.
3449 1951 3630 2057 Dicent
3655 2007 3748 2059 enin

532 2040 625 2108 qui
663 2057 761 2111 per
811 2043 1152 2099 latitudinem
1199 2046 1357 2102 istius
1405 2049 1587 2103 saeculi
1633 2057 1933 2122 vagantur?
1969 2055 2118 2115 Unde

531 2136 588 2183 et
611 2129 728 2199 ipsa
761 2131 975 2186 Veritas
1005 2133 1138 2188 dicit
1168 2153 1181 2189 :
1217 2157 1234 2186 ι
1256 2135 1390 2192 Lata
1419 2147 1475 2193 et
1502 2141 1739 2210 spatiosa
1763 2145 1849 2200 via
1872 2157 1973 2212 est,
1998 2165 2118 2220 quae

530 2219 676 2276 ducit
717 2224 784 2277 ad
817 2225 1177 2293 perditionem
1222 2228 1436 2301 (Matth.
1482 2233 1598 2304 vn).
1645 2255 1662 2287 ι
1701 2237 1896 2294 Vinum
1928 2241 1983 2296 in
2013 2219 2117 2300 hoc

527 2309 646 2367 loco
672 2315 942 2384 signiﬁcat
969 2333 1232 2387 errorem,
1278 2324 1406 2393 quia
1433 2324 1509 2379 illi
1544 2328 1637 2396 qui
1673 2330 1812 2384 ebrii
1853 2342 1999 2400 sunt,
2029 2350 2115 2390 er-

525 2411 647 2457 rant
677 2415 730 2458 et
755 2406 1053 2485 insaniunt.
1088 2410 1352 2468 Veniente
1377 2429 1506 2486 ergo
1535 2415 1623 2471 die
1649 2422 1880 2476 extremi
1897 2421 2109 2492 judicii,

525 2492 730 2550 clamor
773 2497 877 2552 erit
908 2499 964 2553 in
992 2500 1097 2558 illis
1128 2504 1220 2574 qui
1259 2508 1495 2562 terrenis
1536 2511 1684 2566 curis
1729 2521 1784 2566 et
1830 2513 2112 2572 desideriis

525 2585 836 2644 deserviunt
891 2606 1056 2662 super
1084 2610 1241 2649 suum
1290 2611 1552 2666 errorem,
1595 2602 1720 2670 quia
1762 2603 1891 2659 dum
1922 2607 2111 2664 debue-

525 2688 650 2733 runt
675 2678 856 2735 facere
890 2697 1044 2749 uvas,
1076 2683 1324 2741 fecerunt
1352 2688 1651 2746 labruscas.

596 2791 616 2824 ε
644 2772 850 2828 Relicta
877 2785 960 2831 est
985 2777 1040 2831 in
1064 2779 1198 2833 urbe
1221 2781 1474 2837 solitudo.
1508 2804 1525 2835 ι
1557 2783 1710 2852 Quod
1730 2785 1846 2854 jam
1872 2788 2109 2847 diximus

519 2859 590 2918 de
625 2877 732 2918 una
757 2865 1272 2939 civitateisuperius,
1302 2872 1406 2927 hoc
1438 2874 1605 2929 etiam
1631 2876 1918 2933 dicendum
1944 2888 2027 2935 est
2053 2893 2110 2937 et

518 2950 586 3007 de
625 2967 733 3009 una
780 2957 936 3023 urbe,
989 2978 1007 3010 ε
1043 2961 1166 3030 quia
1215 2963 1332 3017 haec
1372 2975 1534 3020 erunt
1575 2966 1632 3020 in
1660 2969 1840 3024 medio
1867 2978 2046 3028 terrae.
2079 2992 2099 3025 ι

519 3041 657 3107 Quid
690 3043 796 3098 erit
820 3046 874 3100 in
899 3048 1078 3104 medio
1117 3053 1309 3105 terrae?

595 3153 613 3183 ‹
650 3133 775 3190 ldeo
822 3138 929 3192 erit
977 3139 1210 3196 solitudo
1256 3143 1311 3197 in
1360 3145 1515 3212 urbe,
1567 3167 1586 3199 ι
1621 3149 1723 3204 hoc
1769 3161 1855 3207 est
1900 3153 1957 3208 in
1999 3156 2103 3212 hoc

514 3225 735 3293 mundo,
769 3229 896 3297 quia
936 3231 1052 3286 haec
1085 3241 1246 3289 erunt
1273 3251 1437 3306 opere
1480 3237 1772 3311 adimpleta
1822 3246 1878 3300 in
1925 3248 2102 3303 medio

513 3326 672 3374 terra:
706 3321 847 3389 quod
880 3323 1146 3380 hactenus
1175 3326 1320 3382 dicta
1362 3339 1506 3396 sunt,
1552 3332 1803 3392 videlicet
1833 3339 1957 3408 quia
1993 3339 2100 3395 Do-

437 3439 456 3451 ι
512 3412 691 3469 minus
716 3415 946 3472 mutabit
975 3426 1196 3476 terram.
1225 3423 1285 3477 ln
1312 3424 1493 3480 medio
1521 3435 1684 3484 terrae
1724 3431 1857 3488 dicit
1883 3435 1936 3488 in
1966 3435 2096 3492 Hie-

510 3505 743 3560 rusalem
777 3547 794 3572 ,
850 3524 967 3577 quae
1022 3520 1107 3566 est
1157 3515 1445 3571 umbilicus
1492 3526 1667 3576 terra}.
1735 3521 1888 3578 Multi
1937 3536 2096 3582 autu-

509 3605 722 3652 mantes
743 3597 947 3664 dicunt,
984 3603 1128 3672 quod
1149 3603 1412 3663 Dominus
1440 3624 1601 3679 super
1632 3622 1872 3668 montem
1903 3615 2099 3673 Oliveti

508 3689 736 3757 sedebit,
765 3707 832 3746 ex
864 3709 971 3763 quo
991 3698 1237 3753 ascendit
1267 3701 1336 3756 ad
1368 3703 1555 3759 ctelos.
1582 3705 1844 3762 Dominus
1870 3724 1977 3764 non
2003 3711 2097 3766 de-

505 3784 729 3837 scendet
756 3783 812 3838 in
853 3793 1056 3840 terram
1082 3789 1151 3843 ad
1184 3790 1475 3860 judicium,
1509 3796 1605 3850 sed
1636 3797 1691 3850 in
1727 3813 1854 3853 aere
1895 3801 2100 3856 sedebit

501 3873 559 3928 in
581 3875 724 3930 nube
750 3886 940 3932 contra
977 3889 1217 3936 montem
1252 3881 1469 3939 Oliveti.
1503 3885 1622 3943 Non
1653 3888 1947 3947 descendet
1967 3908 2099 3964 ergo

502 3967 560 4020 in
599 3976 824 4036 terram,
860 3973 956 4027 sed
983 3973 1036 4027 in
1063 3975 1238 4044 spatio
1261 3976 1419 4032 istius
1459 3980 1602 4034 aeris
1642 3983 1848 4037 sedebit
1875 3984 1930 4038 in
1958 3988 2099 4040 nube

501 4070 691 4117 contra
719 4074 961 4119 montem
990 4065 1564 4140 Oliveti,oonstipatus
1592 4075 1901 4143 agminibus
1923 4089 1978 4132 et
1998 4080 2100 4138 vir.

504 4155 711 4210 tutibus
753 4156 1036 4211 caelorum.
1074 4159 1132 4212 ln
1164 4161 1305 4214 nube
1341 4164 1604 4229 ascendit,
1637 4175 1692 4221 et
1723 4167 1777 4221 in
1814 4170 1956 4225 nube
2000 4172 2100 4228 ite-

503 4260 625 4300 rum
650 4247 852 4312 veniet,
875 4249 1017 4304 sicut
1039 4251 1241 4306 dictum
1265 4263 1349 4309 est
1376 4255 1446 4310 ab
1459 4258 1666 4329 angelis
1690 4279 1702 4313 :
1753 4279 1770 4312 ‹
1808 4261 1898 4318 Sic
1920 4266 2100 4320 veniet

500 4338 957 4408 quemadmodum
982 4342 1196 4399 vidistis
1224 4360 1347 4401 eum
1377 4357 1595 4405 euntem
1640 4351 1694 4406 in
1727 4355 1923 4409 ctelutn
1953 4355 2090 4428 (Act.

497 4426 602 4497 1).»
623 4429 688 4483 Et
713 4430 828 4500 ipse
855 4433 1114 4490 Dominus
1138 4450 1236 4505 per
1264 4440 1615 4510 semetipsum
1639 4443 1801 4499 dicit:
1827 4464 1846 4496 ι
1875 4446 1944 4502 Et
1964 4426 2096 4506 tunc

498 4521 754 4577 videbunt
776 4521 1234 4596 Filium_hominis
1257 4533 1564 4589 venientem
1596 4537 1651 4591 in
1677 4538 1910 4595 nubibus
1941 4541 2092 4613 (Luc.

496 4615 633 4685 χχι).
674 4636 692 4668 ι
721 4616 785 4670 Et
807 4618 899 4687 qui
925 4630 1052 4676 ante
1075 4623 1479 4692 venithumilis,
1497 4639 1626 4684 tunc
1655 4632 1834 4687 veniet
1857 4648 1976 4688 cum
2003 4651 2095 4705 po-

2129 3343 2173 3405 C
2204 3353 2469 3420 potuisset
2487 3371 2549 3410 ea
2578 3374 2690 3427 prae
2713 3365 3083 3433 magnitudine
3108 3369 3194 3423 sui
3220 3386 3365 3440 neque
3385 3387 3463 3425 ore
3477 3372 3688 3442 prolem.

2218 2067 2374 2124 electi
2413 2070 2468 2124 in
2495 2071 2584 2128 die
2617 2073 2808 2143 judicii
2836 2095 2849 2130 :
2877 2077 2923 2132 A
2958 2079 3154 2138 ﬁnibus
3199 2095 3360 2142 terra:
3419 2090 3534 2146 sive
3573 2093 3629 2146 ab
3661 2096 3743 2158 alis,

2217 2161 2520 2219 audivimus
2558 2165 2673 2222 haec
2707 2184 2827 2238 qua:
2848 2173 3008 2229 modo
3029 2176 3274 2234 videmus
3293 2223 3309 2247 ,
3336 2197 3372 2236 ο
3419 2183 3624 2243 Domine
3647 2189 3738 2244 Das

2216 2261 2423 2320 noster,
2452 2254 2636 2312 laudes
2670 2267 2792 2314 tuas
2828 2271 2884 2316 et
2911 2268 3343 2336 magnitudinem
3374 2283 3533 2331 tuam
3552 2320 3567 2343 ,
3591 2283 3654 2349 qui
3671 2298 3730 2334 ea

2213 2341 2298 2397 bis
2321 2358 2532 2415 semper
2556 2347 2671 2403 haec
2689 2353 3080 2424 praedixerunt,
3103 2359 3414 2420 invitantes
3439 2383 3535 2424 nos
3551 2341 3718 2427 adhuc!

2214 2447 2496 2494 monentes
2550 2448 2697 2496 tuam
2739 2445 3070 2504 voluntatem
3118 2452 3247 2507 totis
3301 2456 3524 2513 viribus
3552 2464 3692 2529 exsequi.

2210 2527 2530 2585 Audivimus
2565 2534 2729 2588 etiam
2759 2535 2990 2606 gloriam
3017 2539 3186 2609 justi,
3226 2545 3316 2599 vel
3366 2527 3702 2620 speciemspe-

2211 2619 2346 2674 riam
2377 2621 2622 2692 Domini,
2659 2627 2753 2696 qui
2790 2638 2874 2684 est
2914 2630 3001 2685 via
3029 2641 3084 2688 et
3115 2635 3352 2704 veritas,
3378 2641 3468 2694 vel
3488 2619 3712 2709 generaliter

2210 2708 2438 2779 gloriam
2492 2716 2736 2771 omnium
2793 2718 3085 2788 justorum.
3146 2723 3214 2778 Et
3269 2708 3717 2785 dixinﬂSecretum

2208 2814 2387 2855 meum
2417 2803 2584 2872 mihi,
2630 2817 2901 2864 secretum
2942 2827 3124 2868 meum
3169 2817 3331 2884 mihi,
3356 2837 3439 2876 vae
3460 2822 3588 2876 mihi.
3611 2843 3624 2872 ι
3646 2821 3716 2876 Vtri

2206 2894 2499 2963 prophetae.
2541 2896 2621 2953 Ac
2669 2901 2714 2955 si
2757 2901 2964 2959 diceret
3006 2907 3128 2963 aliis
3157 2912 3342 2967 verbis
3369 2933 3382 2967 :
3412 2913 3523 2970 Scio
3543 2916 3718 2986 quidem,

2207 2983 2321 3037 scio
2345 3003 2357 3036 :
2400 2987 2544 3054 quod
2571 3003 2679 3044 non
2707 3005 2926 3060 possum
2957 2995 3160 3054 dicere.
3191 3001 3258 3055 Et
3291 3006 3419 3072 quia
3446 3023 3535 3062 non
3552 3022 3714 3076 possum

2206 3073 2388 3130 dicere
2413 3118 2427 3143 ,
2458 3095 2539 3135 va:
2581 3083 2735 3137 mihi.
2789 3084 2925 3141 Cum
2963 3090 3190 3148 vidisset
3237 3099 3481 3166 propheta
3517 3073 3564 3153 et
3593 3098 3712 3152 intel-

2209 3166 2426 3224 lexisset
2469 3172 2662 3243 spiritu
2703 3177 3272 3251 incomprehensibilia
3308 3199 3527 3246 tormenta
3557 3207 3704 3259 repro-

2205 3259 2397 3315 borum
2453 3274 2507 3319 et
2555 3265 2782 3336 gloriam
2832 3271 3161 3331 ineﬁ‘abilem
3204 3279 3465 3348 iustorum,
3517 3290 3561 3335 et
3601 3297 3685 3333 non

2200 3459 2376 3514 neque
2396 3447 2634 3505 scribere
2650 3450 2792 3521 (quae
2812 3455 2952 3510 sicut
2972 3458 3264 3528 Apostolus
3283 3464 3551 3529 dicit,\:mta
3561 3471 3703 3527 erunt,

2201 3536 2379 3604 qualia
2405 3541 2596 3596 oculus
2621 3559 2729 3598 non
2758 3547 2911 3612 vidit,
2941 3565 3043 3606 nec
3066 3555 3216 3609 auris
3245 3555 3458 3624 audivit,
3477 3573 3557 3612 nec
3579 3558 3624 3611 iu
3639 3569 3709 3611 cor

2201 3629 2436 3686 hominis
2464 3636 2870 3709 ascenderunt),
2897 3639 3033 3696 dixit
3077 3660 3190 3714 prae
3230 3647 3450 3703 dolore:
3473 3649 3552 3703 Va
3580 3649 3705 3710 mihi,

2200 3722 2324 3790 quia
2356 3739 2464 3779 non
2495 3739 2616 3781 sum
2638 3729 2831 3800 dignus
2863 3731 3106 3802 proferre
3144 3755 3267 3807 quae
3303 3740 3436 3796 vidi.
3468 3761 3484 3792 ι
3514 3741 3705 3794 Pnerari-

2200 3824 2388 3870 cantes
2410 3819 2749 3886 prtevaricati
2773 3831 2926 3890 sunt,
2963 3846 2980 3878 ι
3014 3829 3272 3885 subaudis
3296 3831 3447 3903 impii
3471 3833 3610 3904 legem
3629 3833 3697 3886 Dei.

2201 3905 2553 3966 Praevaricari
2603 3922 2686 3969 est
2738 3913 3060 3988 transgredi.
3107 3919 3441 3994 Transgredi
3475 3935 3620 3979 autem
3654 3931 3702 3976 est

2202 3997 2342 4053 ultra
2387 4001 2485 4055 ire.
2526 3999 2644 4057 Vox
2687 4006 2962 4075 prophetae
3005 4009 3071 4064 de
3113 4013 3378 4080 reprobis.
3433 4014 3709 4070 Formidoest

2200 4090 2380 4146 timor.
2412 4091 2588 4148 Fovea
2619 4109 2632 4148 :
2657 4093 2822 4163 fossa,
2853 4098 3096 4170 laqueus,
3126 4104 3304 4158 ruina.
3339 4106 3485 4161 Dicit
3507 4122 3612 4176 ergo
3627 4120 3709 4173 pm-

2198 4183 2361 4251 pbeta
2393 4200 2405 4236 :
2435 4181 2479 4238 0
2507 4185 2599 4253 qui
2634 4185 2908 4244 habitator
2946 4206 3004 4245 es
3041 4201 3221 4260 terrae,
3253 4195 3308 4249 id
3334 4207 3448 4264 est,
3476 4199 3556 4269 qui
3579 4211 3709 4251 carm-

2199 4274 2324 4328 liter
2346 4275 2503 4341 vivis,
2526 4285 2580 4330 et
2605 4281 2838 4336 terrenis
2867 4285 3027 4339 rebus
3055 4286 3180 4340 totis
3206 4291 3499 4345 conatibus
3525 4289 3709 4344 insertis:

2197 4362 2430 4420 formido
2475 4368 2655 4423 veniet
2696 4386 2858 4442 super
2901 4382 2969 4428 te.
3023 4375 3149 4432 llaec
3195 4381 3359 4434 verba
3409 4391 3612 4453 possunt
3647 4394 3708 4432 tam

2197 4454 2494 4528 incongrue
2539 4467 2650 4513 tam
2679 4462 2744 4515 ad
2772 4470 3014 4535 tempora
3051 4468 3431 4538 apostolorum
3469 4473 3547 4527 vel
3577 4478 3709 4537 marty-

2197 4559 2346 4611 rum,
2402 4562 2564 4616 quam
2614 4550 2777 4605 etiam
2823 4553 2891 4607 ad
2938 4564 3174 4627 tempora
3215 4560 3541 4618 Antichristi
3567 4559 3708 4617 referri.

2197 4634 2554 4706 Temporibus
2579 4642 2722 4697 enim
2748 4646 2967 4714 quando
2994 4651 3300 4717 persecutio
3342 4656 3560 4711 eminus
3587 4661 3712 4709 contra

501 4713 698 4761 testate
738 4724 933 4779 magna
960 4711 1238 4769 vindicare
1267 4732 1324 4772 se
1353 4719 1419 4774 de
1458 4721 1704 4776 hostibus
1741 4725 1871 4779 suis.
1902 4745 1919 4777 ‹
1951 4699 2090 4794 Quo-
2115 4699 2170 4761 D
2193 4724 2534 4784 Christianos
2561 4741 2746 4787 exorta
2783 4743 2896 4802 est,
2923 4749 3080 4794 erant
3127 4741 3281 4797 multi
3330 4741 3617 4801 Christiani
3652 4744 3714 4797 im-

500 4798 662 4853 modo
685 4800 730 4852 si
756 4815 942 4869 paucae
954 4803 1109 4860 olivae
1135 4811 1516 4877 remanserint,
1537 4822 1592 4867 et
1614 4816 1814 4870 racemi
1839 4820 2086 4886 postcol-

490 4889 796 4949 lectionem.
822 4914 841 4947 ι
869 4895 995 4952 Haec
1020 4899 1088 4953 ad
1128 4900 1510 4972 subsequentia
1525 4907 1815 4977 pertinent,
1850 4911 2086 4983 etloqui-
2133 4937 2136 4939 λ

489 4993 582 5039 tur
603 4989 864 5058 propheta
894 4992 960 5047 de
989 4993 1180 5050 electis
1192 4998 1380 5054 dicens
1401 5019 1414 5055 :
1434 5001 1570 5070 Quia
1587 5005 1730 5060 sicut
1747 5009 1904 5077 pauci
1927 5025 2081 5067 race-

488 5075 564 5130 mi
596 5087 878 5134 remanent
903 5081 1054 5138 ﬁnita
1089 5085 1383 5154 vindemia,
1430 5091 1508 5147 sic
1535 5095 1690 5162 pauci
1725 5075 2082 5155 remanebunt

2193 4817 2417 4888 perfecti
2455 4823 2631 4878 adhuc
2663 4824 2715 4879 in
2743 4825 2880 4894 ﬁde,
2908 4831 3001 4900 qui
3039 4842 3184 4887 metu
3213 4842 3600 4894 tormentorum
3619 4836 3714 4890 dice-

2192 4907 2321 4964 bant
2349 4912 2488 4968 intra
2521 4918 2837 4988 semetipsos
2863 4939 2874 4974 :
2905 4921 3040 4989 Quia
3077 4939 3207 4994 ergo
3230 4927 3332 4982 ista
3359 4931 3649 5000 persecutio
3668 4929 3717 4982 sit

2191 5014 2289 5056 nos
2317 5012 2493 5073 urget,
2515 5007 2724 5075 negabo
2743 5007 3019 5068 Christum
3041 5023 3249 5072 tantum
3275 5021 3496 5077 verbis:
3517 5031 3567 5077 et
3587 5029 3718 5092 postea

2191 5107 2345 5164 agam
2368 5098 2764 5165 ptenitentiam.
2781 5102 2954 5160 Aliter
2972 5108 3118 5163 enim
3142 5111 3376 5170 evadere
3399 5131 3515 5172 non
3529 5128 3715 5188 possum-

2233 5162 2246 5164 _
2368 5162 2385 5165 _
3150 5162 3375 5170 -.π---ν
3399 5162 3714 5188 ..νην--.νγ

487 5162 645 5220 electi
680 5167 734 5221 in
759 5169 846 5225 die
867 5169 1077 5240 judicii.
1109 5175 1295 5233 Nonin
1319 5195 1423 5257 suo
1445 5199 1672 5241 numero
1696 5188 1988 5256 pauci,sed
2013 5193 2082 5247 ad
2186 5187 2294 5244 Sed
2324 5190 2427 5248 hoc
2457 5193 2641 5251 dicens
2666 5213 2778 5267 prae
2804 5200 2998 5258 timore
3027 5205 3257 5262 cadebat
3280 5208 3335 5263 in
3364 5209 3578 5268 foveam
3598 5223 3716 5281 nega-

486 5260 951 5328 comparationem
973 5270 1346 5338 reproborum.
1390 5273 1457 5329 Hi
1486 5292 1617 5335 vero
1657 5281 1750 5350 qui
1793 5298 2073 5341 remanse-

2181 5279 2361 5338 tionis.
2390 5282 2457 5339 Et
2494 5285 2620 5342 dum
2664 5291 3038 5358 paenitentiam
3081 5297 3241 5354 vellet
3265 5315 3449 5370 agere,
3478 5279 3718 5373 instigante

487 5347 614 5415 rint,
644 5369 663 5402 ι
695 5350 988 5412 laudabunt
1026 5358 1313 5418 Dominum
1339 5379 1461 5420 cum
1509 5347 1840 5438 gloriﬁ'catus
1880 5374 2068 5446 fuerit,
2099 5369 2105 5384 ⁷

2213 5369 2389 5428 iabolo
2422 5347 2792 5444 perimebatur
2827 5398 2858 5438 a
2901 5347 3368 5455 persecutoribuos.
3412 5395 3483 5449 Et
3529 5347 3640 5450 tunae
3672 5391 3718 5444 de

485 5446 541 5492 et
568 5440 814 5499 hinnient
844 5445 910 5502 de
932 5451 1091 5516 mari,
1125 5471 1144 5505 ι
1176 5453 1230 5508 id
1256 5463 1338 5511 est
1371 5457 1437 5512 de
1477 5458 1580 5515 hoc
1613 5462 1836 5530 mundo,
1867 5440 2066 5524 subau;

2171 5459 2325 5518 l'ovea
2381 5466 2574 5522 ruebat
2612 5469 2666 5525 in
2711 5472 2964 5544 laqueum
2994 5487 3212 5538 aeternae
3251 5485 3624 5544 damnationis.
3655 5483 3719 5540 Sic

484 5530 567 5586 dis
608 5532 842 5594 liberati.
874 5536 989 5595 Non
1019 5542 1165 5612 quod
1196 5544 1270 5600 illi
1313 5547 1562 5606 hinnient
1610 5552 1751 5608 sicut
1779 5558 1926 5626 equi,
1970 5562 2063 5617 sed
2163 5557 2268 5612 erit
2293 5567 2348 5614 et
2381 5563 2712 5632 temporibus
2740 5530 3080 5628 Abtichrisli-

485 5622 628 5677 sicut
655 5625 736 5682 illi
761 5628 1093 5689 exsultantes
1120 5633 1393 5707 hinniunt,
1426 5641 1502 5697 ita
1531 5650 1586 5697 et
1611 5643 1667 5698 hi
1707 5647 1798 5717 qui
1827 5622 2063 5708 reman-

483 5716 675 5783 ierint,
700 5734 889 5776 vocem
916 5722 1114 5782 laetitiae
1155 5730 1420 5790 emittent.

561 5827 580 5859 ι
615 5807 844 5881 Propter
871 5816 974 5872 hoc
1000 5818 1055 5872 in
1082 5819 1346 5882 doctrinis
1374 5828 1670 5899 gloriﬁcate
1696 5834 2005 5894 Dominum.
2042 5861 2062 5895 ι

484 5900 746 5961 Hortatur
780 5911 1041 5983 propheta
1070 5917 1343 5989 apostolos
1367 5928 1424 5977 et
1455 5922 1711 5983 doctores
1737 5938 1940 5986 sanctae
1967 5931 2069 5990 Ec-

2247 5669 2263 5700 ‹
2300 5649 2437 5718 Quia
2466 5663 2756 5714 cataractae
2785 5661 2850 5716 de
2878 5664 3110 5722 excelsis
3128 5645 3330 5739 apertae
3353 5683 3498 5738 sunt,
3523 5692 3541 5724 ι
3573 5670 3619 5726 id
3637 5676 3717 5732 est.

2173 5739 2244 5796 de
2262 5741 2435 5799 cmlis.
2457 5743 2757 5806 Cataractae
2769 5751 2975 5823 Grzece,
2991 5755 3181 5815 Latine
3208 5761 3459 5819 dicuntur
3482 5763 3716 5819 fenestrae.

2172 5832 2240 5889 Et
2267 5849 2434 5904 quare
2462 5847 2660 5907 apertae
2686 5854 2814 5900 sunt
2848 5847 2952 5903 illa:
2975 5847 3266 5910 fenestra?
3311 5855 3376 5912 Ut
3400 5859 3542 5912 Deus
3572 5854 3716 5911 omni-

2171 5939 2364 6001 potens
2388 5933 2680 5994 vindictam
2710 5951 2889 6000 sumat
2914 5943 2982 6001 de
3007 5945 3254 6006 hostibus
3281 5951 3410 6007 suis.
3433 5951 3574 6008 Dicit
3598 5948 3716 6009 enim
