3918 6456
130 449 238 508 855

1169 430 1520 492 COMMENT.
1559 429 1625 485 IN
1665 425 1921 484 ISAIAM.
1951 455 2020 467 --
2057 424 2185 481 LIB.
2226 422 2290 478 Il.

3277 412 3382 468 834

129 563 326 618 beatus
352 556 710 627 Hieronymus
743 571 754 606 :
799 553 934 620 Quia
973 565 1294 622 quocunque
1317 565 1376 604 se
1404 545 1701 609 verterint,
1730 544 1783 606 Α
1806 539 2034 594 voluerit
2073 539 2336 608 propheta
2369 534 2556 590 Isaias.
2587 533 2840 587 Attamen
2867 528 2997 600 quid
3025 527 3138 597 ipse
3167 542 3300 597 pure
3326 534 3383 581 et

123 650 391 721 judicium
421 647 514 702 Dei
546 662 653 701 non
680 643 956 713 eﬂugient.
984 642 1052 696 Et
1096 639 1364 711 quomodo
1390 637 1704 708 aperiuntur

130 743 210 797 il-li
239 740 529 798 fenestrae?
566 737 701 806 Quia
733 735 931 804 ubique
955 733 1119 796 videt,
1146 741 1203 787 et
1232 731 1430 800 ubique
1468 739 1704 798 praesens

129 835 286 890 adest
325 851 340 888 :
386 835 440 888 in
472 847 568 888 ore
609 837 797 885 nostro
830 827 1087 896 loquitur.
1119 824 1261 879 Deus
1290 826 1434 878 enim
1463 817 1706 886 omnipo-

133 937 254 982 tens
297 925 511 997 quando
565 929 878 993 peccatores
929 934 1037 973 non
1090 916 1273 987 punit,
1323 913 1532 968 videtur
1584 923 1704 964 esse

131 1023 351 1077 absens.
391 1017 616 1086 Quando
657 1014 889 1086 percutit
919 1012 1052 1074 illos,
1086 1020 1214 1064 tunc
1244 1007 1454 1062 videtur
1476 1003 1583 1057 illis
1609 1016 1705 1070 ap-

128 1115 461 1188 proximare.
498 1130 517 1162 ‹
549 1111 618 1166 Et
668 1109 1046 1164 concutientur
1093 1103 1438 1157 fundamenta
1471 1107 1649 1152 terrae.
1681 1113 1699 1144 ι

125 1209 292 1266 Juxta
321 1205 605 1261 historiam
636 1203 750 1257 hac
787 1198 964 1254 omnia
988 1195 1370 1265 implebuntur,
1395 1189 1521 1259 quia
1549 1195 1707 1241 terrm

125 1309 314 1356 motus
337 1313 563 1369 magnus
582 1295 705 1351 erit.
722 1290 1019 1362 Allegoriee
1039 1299 1218 1342 autem
1238 1299 1335 1355 per
1359 1279 1706 1336 fundamenta

130 1405 314 1459 terrm,
351 1390 622 1464 principes
663 1387 816 1443 istius
849 1382 1030 1439 saeculi
1060 1379 1432 1449 intelliguntur
1459 1373 1551 1443 qui
1593 1380 1707 1426 ter-

130 1499 267 1538 rene
301 1484 502 1538 vivunt.
529 1460 791 1534 Similiter
818 1490 915 1546 per
939 1481 1142 1527 terram
1160 1510 1174 1536 ,
1198 1467 1446 1523 homines
1476 1460 1707 1517 terrenis

132 1577 296 1632 rebus
325 1575 668 1630 inhaerentes.

212 1688 230 1720 ‹
265 1667 571 1739 Agitatione
598 1661 890 1735 agitabitur
917 1668 1063 1712 terra
1105 1675 1122 1706 ι
1148 1653 1202 1709 id
1224 1659 1326 1717 est,
1351 1647 1708 1706 commotione

135 1738 456 1825 movebitur,
489 1757 572 1811 vel
618 1757 732 1826 ipsa
773 1760 918 1806 terra
962 1748 1046 1803 vel
1086 1745 1420 1802 habitatores
1465 1741 1601 1811 ejus.
1651 1738 1707 1792 In

136 1864 408 1912 momento
436 1853 578 1906 enim
603 1848 782 1905 omnia
811 1843 1118 1900 transibunt
1152 1841 1218 1894 ab
1239 1854 1323 1894 ea.
1373 1857 1390 1888 ‹
1426 1836 1492 1890 Et
1520 1848 1707 1906 grava-

135 1949 214 2003 bit
238 1963 355 2003 eam
384 1945 641 2015 iniquitas
661 1955 778 1996 sua.

139 2054 320 2112 agere.
350 2036 638 2107 Iniquitate
669 2047 796 2103 ergo
825 2039 1164 2085 terrenorum
1203 2021 1482 2078 hominum
1511 2032 1705 2088 grava-

133 2109 280 2190 bitur
313 2142 490 2197 terra,
525 2149 544 2181 (
572 2136 632 2184 ut
664 2143 772 2182 non
822 2128 1088 2192 resurgat,
1123 2137 1142 2169 ι
1186 2116 1239 2171 id
1265 2123 1377 2180 est,
1418 2121 1478 2167 ut
1504 2127 1611 2166 non
1641 2109 1710 2164 sit

129 2223 242 2293 jam
271 2223 500 2293 amplius
542 2217 806 2275 habitatio
841 2212 1120 2269 hominum
1148 2209 1204 2262 in
1233 2220 1316 2261 ea.

210 2336 227 2366 ς
261 2315 330 2369 Et
361 2290 472 2368 erit
508 2312 560 2366 in
587 2310 675 2376 die
708 2307 817 2371 illa,
857 2325 874 2355 ι
908 2304 960 2359 id
995 2310 1099 2366 est,
1126 2300 1182 2354 in
1212 2298 1297 2354 die
1318 2293 1507 2367 judicii
1537 2311 1555 2343 ι
1585 2290 1712 2347 visi-

136 2407 270 2461 tabit
300 2404 558 2460 Dominus
587 2422 605 2453 ι
636 2403 688 2454 in
731 2397 936 2452 malum
978 2393 1186 2448 scilicet
1211 2397 1265 2442 et
1294 2403 1401 2442 non
1432 2387 1486 2440 in
1512 2386 1709 2440 bonum

140 2519 158 2550 ι
191 2513 353 2569 super
394 2494 638 2552 militiam
683 2489 804 2546 cmli
852 2487 906 2542 in
954 2481 1184 2542 excelso.
1230 2501 1248 2533 ι
1296 2478 1542 2534 Militiam
1589 2473 1714 2530 coeli

135 2567 366 2660 appellat
393 2587 650 2658 propheta
687 2578 1100 2643 Antichristum,
1142 2574 1427 2643 sociosque
1466 2568 1582 2638 ejus
1603 2567 1712 2622 dae-

136 2699 324 2738 mones
356 2701 369 2735 :
415 2681 506 2750 qui
556 2695 653 2750 per
695 2675 892 2732 coelum
919 2716 932 2739 ,
977 2673 1032 2726 id
1075 2678 1190 2735 est,
1218 2686 1313 2740 per
1343 2668 1505 2722 istum
1534 2677 1712 2718 aerem

138 2777 495 2833 (ἥπατι-ιιι]ιά
524 2773 591 2828 Et
616 2787 776 2842 super
795 2783 949 2840 reges
970 2765 1364 2834 terrae.»Reges
1386 2771 1543 2817 terra:
1568 2766 1713 2824 sunt,

137 2870 227 2939 qui
255 2878 466 2922 terrena
493 2872 801 2926 sectantur,
828 2868 882 2915 et
909 2859 976 2914 ad
1013 2854 1254 2913 caelestia
1293 2866 1567 2920 nunquam
1603 2848 1718 2902 ani-

138 2978 284 3018 mum
327 2960 608 3017 extollunt.
660 2956 832 3025 Super
866 2953 984 3007 illos
1016 2951 1150 3006 tales
1182 2946 1426 3003 visitabit
1459 2944 1716 2999 Dominus

140 3055 478 3124 omnipotens
505 3054 560 3108 in
588 3051 672 3108 die
688 3047 898 3120 judicii,
922 3045 1046 3117 quia
1079 3042 1270 3098 reddet
1291 3039 1396 3094 illis
1423 3037 1715 3092 secundum

139 3148 280 3235 quod
327 3154 604 3202 merentur
643 3142 854 3209 (Matth.
888 3155 1005 3204 xvr;
1041 3137 1070 3191 1
1107 3135 1226 3190 Cor.
1278 3131 1381 3202 Ill).
1407 3131 1509 3202 Ipsi
1551 3129 1713 3182 etiam

138 3224 403 3312 principes
446 3241 747 3295 daemonum
781 3240 1004 3306 possunt
1044 3227 1299 3299 appellari
1340 3221 1512 3294 reges.
1563 3220 1714 3275 Sicut

141 3331 268 3385 dicit
302 3330 523 3400 angelus
569 3329 636 3382 ad
675 3325 946 3379 Danielem
991 3318 1221 3390 (Daniel.
1263 3316 1360 3384 x):
1400 3331 1419 3363 ε
1461 3313 1716 3379 Princeps

143 3431 318 3476 autem
345 3420 635 3475 Persarum
665 3417 864 3470 restitit
883 3413 1036 3469 mihi.
1079 3432 1097 3464 ι
1127 3411 1196 3464 Et
1223 3408 1384 3479 paqu
1412 3414 1570 3476 post:
1602 3423 1618 3454 ‹
1654 3405 1720 3457 Et

140 3526 268 3564 ecce
288 3509 543 3578 princeps
572 3505 878 3562 Graecorum
901 3502 1144 3560 veniens.
1182 3520 1199 3552 ι
1218 3499 1285 3553 Et
1315 3496 1564 3568 egregius
1585 3509 1721 3565 prm-

144 3604 346 3658 dicator
378 3619 396 3656 :
429 3620 449 3652 ι
492 3600 607 3656 Non
637 3607 721 3655 est
747 3598 903 3655 nobis
943 3593 1256 3651 colluctatio
1302 3590 1563 3646 adversus
1596 3601 1720 3640 car-

150 3709 274 3750 nem
299 3702 354 3749 et
375 3695 693 3766 sanguinem
719 3733 733 3757 ,
759 3691 856 3747 sed
885 3690 1142 3745 adversus
1171 3683 1444 3754 principes
1467 3689 1523 3735 et
1549 3686 1724 3750 potes-

153 3796 329 3854 tates,
375 3796 432 3842 et
484 3787 742 3842 adversus
812 3781 996 3837 mundi
1072 3787 1310 3834 rectores
1376 3773 1720 3828 tenebrarum

153 3877 343 3933 harum
386 3877 545 3949 (Eph.
594 3877 692 3947 γι).
731 3895 750 3928 ›

223 3999 240 4030 ι
295 3978 361 4033 Et
401 3975 868 4048 congregabuntur
927 3972 982 4026 in
1037 3965 1508 4038 congregationem
1567 3961 1726 4015 unius

151 4070 308 4126 falcis
337 4071 392 4124 in
411 4069 610 4133 lacum,
625 4075 681 4121 et
708 4064 1027 4121 claudentur
1048 4061 1121 4116 ibi
1143 4060 1196 4114 in
1218 4071 1516 4119 carcerem,
1532 4062 1586 4108 et
1605 4060 1726 4122 post

151 4161 347 4216 multos
392 4160 506 4214 dies
539 4157 920 4212 visitabuntur.
956 4173 975 4206 ι
1003 4152 1080 4206 De
1113 4151 1216 4206 hoc
1267 4145 1535 4202 versiculo
1577 4142 1726 4198 Isaiae

150 4252 420 4321 prophetae
443 4248 808 4320 multipliciter
834 4245 985 4301 multi
1011 4243 1457 4312 disputaverunt,
1485 4234 1579 4291 sed
1620 4248 1725 4288 non

152 4357 340 4398 omnes
383 4339 659 4411 aequaliter
706 4342 1005 4393 senserunt.
1035 4331 1314 4402 ;Origenes
1361 4327 1492 4382 dicit
1537 4345 1548 4377 :
1592 4323 1726 4391 Quia

152 4443 432 4505 postquam
480 4429 788 4500 acceperint
834 4443 865 4481 a
910 4423 1139 4480 Domino
1187 4420 1336 4475 illam
1401 4415 1728 4472 sententiam

155 4503 467 4590 terribilem,
489 4542 506 4575 ι
526 4523 625 4587 Ite,
639 4517 931 4581 maledicti,
955 4516 1008 4570 in
1031 4515 1209 4584 ignem
1225 4518 1489 4566 aeternum
1511 4503 1724 4576 (Matth.

158 4618 305 4689 xxv),
336 4637 354 4669 ι
378 4625 500 4688 post
528 4612 723 4669 multos
743 4611 878 4674 dies,
902 4607 955 4661 id
979 4616 1062 4660 est
1085 4611 1208 4675 post
1229 4601 1374 4656 mille
1395 4613 1567 4653 annos
1579 4596 1731 4650 linito

153 4688 355 4780 judicio
391 4723 422 4762 a
452 4705 681 4761 Domino
714 4699 966 4756 visitandi
1016 4702 1160 4751 sunt.
1194 4693 1367 4760 Quam
1410 4688 1732 4745 sententiam

160 4816 316 4856 nemo
337 4806 646 4856 sanctorum
671 4793 893 4848 Patrum
924 4788 1259 4848 οοιτοὺοηιι,
1293 4782 1388 4839 sed
1418 4794 1608 4836 οηιιιθε
1646 4779 1738 4833 de-

163 4900 356 4963 negant
406 4907 420 4943 :
460 4888 724 4943 habentes
786 4882 933 4936 illam
983 4875 1303 4934 sententiam
1353 4870 1566 4926 Domini
1615 4876 1740 4922 ante

166 4959 380 5037 oculos:
409 4981 565 5036 Ibunt
612 4975 762 5046 impii
810 4974 865 5028 in
908 4969 1227 5042 supplicium
1272 4974 1530 5020 aeternum
1556 5004 1570 5028 ,
1609 4959 1740 5030 justi

165 5081 339 5130 autem
383 5075 436 5128 in
484 5072 650 5127 vitam
689 5076 966 5124 aeternam.
1001 5057 1271 5129 Quidquid
1313 5064 1574 5111 aeternum
1621 5059 1738 5115 est,

166 5167 278 5223 sine
314 5167 541 5222 termino
587 5171 689 5220 est.
738 5160 890 5218 Sicut
925 5170 1053 5226 ergo
1076 5151 1338 5209 Dominus
1372 5147 1536 5218 justis
1564 5145 1741 5216 posuit

171 5260 415 5330 gaudium
459 5268 717 5313 aeternum
744 5295 758 5320 ,
785 5254 862 5308 ita
891 5247 1070 5319 impiis
1111 5241 1429 5315 supplicium
1458 5247 1738 5294 aeternum.

173 5350 298 5418 Quae
341 5351 600 5407 sententia
640 5345 844 5400 idcirco
890 5341 1100 5397 videtur
1148 5337 1378 5392 obscura
1424 5345 1572 5394 esse,
1616 5326 1742 5398 quia

175 5455 448 5516 postquam
489 5443 624 5499 dixit
654 5438 919 5510 propheta
940 5477 955 5502 ,
983 5442 1040 5490 et
1072 5431 1390 5488 claudentur
1419 5426 1491 5481 ibi
1530 5424 1589 5478 in
1615 5436 1738 5478 car-

178 5555 371 5607 cerem,
397 5540 573 5596 statim
602 5533 826 5598 addidit,
857 5538 978 5602 post
1001 5527 1198 5583 multos
1220 5524 1336 5579 dies
1360 5518 1741 5577 visitabuntur.

248 5629 386 5688 Beda
410 5632 766 5701 interrogatus
795 5625 860 5681 de
883 5622 986 5678 hac
1034 5617 1300 5675 sententia
1334 5627 1430 5686 per
1463 5607 1744 5683 epistolam

186 5723 251 5779 ab
273 5724 407 5779 Acca
434 5700 747 5795 presbytero
773 5760 787 5784 ,
813 5717 898 5772 his
924 5713 1108 5771 verbis
1133 5708 1439 5780 respondit:
1459 5700 1747 5765 Profiteor,

187 5813 539 5880 dilectissime,
566 5792 904 5884 nequaquam
935 5822 1020 5862 me
1048 5802 1220 5859 ausim
1257 5800 1455 5864 dicere,
1486 5794 1627 5866 quod
1672 5792 1752 5846 in—

191 5907 476 5964 tellexerim
501 5908 627 5979 quid
665 5907 721 5962 in
759 5879 863 5960 hac
903 5895 1166 5958 sententia
1200 5891 1430 5951 senserit
1470 5897 1526 5947 et
1565 5879 1754 5942 sentiri

1806 629 2071 686 catholice
2097 629 2152 684 in
2187 628 2272 683 his
2294 627 2559 698 propheta
2587 622 2768 679 verbis
2795 618 3062 686 senserit,
3094 617 3381 673 dicendum

1805 729 1908 776 est.
1936 718 2006 774 Et
2029 718 2520 789 congregabuntur,
2553 712 2727 783 inquit
2753 753 2767 776 ,
2815 711 2870 764 in
2913 706 3384 779 congregationem

1806 811 1967 866 unius
1990 810 2154 865 fascis
2175 810 2232 864 in
2261 808 2455 863 lacum.
2482 806 2595 862 Hoc
2620 805 2686 860 de
2710 801 2992 859 animabus
3012 799 3224 854 illorum
3245 812 3381 867 quo-

1807 919 1928 958 rum
1957 915 2182 971 corpora
2210 900 2440 955 Domino
2467 897 2718 952 visitanle
2744 893 3014 948 dabuntur
3052 890 3108 944 in
3153 895 3383 942 mortem

1808 1002 1985 1066 potest
2009 992 2237 1063 intelligi
2267 1009 2280 1045 :
2314 1006 2434 1061 qua:
2472 989 2573 1044 etsi
2620 1003 2725 1043 non
2773 983 2932 1040 simul
2979 979 3322 1054 egrediantur
3350 993 3382 1031 a

1809 1084 2148 1156 corporibus,
2174 1091 2384 1138 cuncta:
2405 1089 2584 1135 tamen
2628 1091 2963 1146 unaqumque
2992 1073 3047 1126 in
3079 1087 3177 1127 suo
3195 1070 3385 1126 ordine

1810 1177 2056 1233 eumdem
2083 1172 2551 1245 congregabuntur
2574 1171 2629 1224 in
2658 1169 2858 1224 fascem
2877 1184 2888 1218 :
2906 1173 2960 1220 et
2986 1163 3172 1219 eodem
3195 1176 3384 1232 paena-

1810 1277 1930 1322 rum
1950 1265 2265 1335 perennium
2288 1261 2680 1318 concludentur
2700 1256 2969 1325 ergastulo
2989 1295 3005 1320 ,
3026 1252 3181 1322 juxta
3203 1251 3391 1322 utique

1811 1356 2214 1426 dispositionem
2262 1351 2493 1408 districti
2530 1349 2729 1421 judicis
2769 1365 2783 1402 :
2821 1356 2916 1412 ut,
2945 1346 3036 1414 qui
3067 1343 3183 1414 pari
3209 1349 3390 1398 mente

1809 1449 2110 1510 Ecclesiam
2127 1449 2596 1518 impugnaverunt,
2623 1441 2829 1512 pariter
2854 1439 2981 1508 quia
3003 1446 3191 1492 contra
3221 1436 3388 1490 Deum

1808 1557 2042 1613 pugnam
2076 1541 2334 1605 inierunt,
2387 1535 2707 1608 supplicium
2735 1534 2906 1588 luant.
2948 1529 3085 1598 Quia
3115 1530 3204 1600 qui
3229 1542 3390 1597 pares

1811 1639 1936 1688 sunt
1959 1633 2012 1686 in
2040 1631 2212 1700 culpis
2230 1670 2245 1694 ,
2269 1628 2469 1698 pariter
2496 1623 2794 1680 damnandi
2813 1630 2938 1678 sunt
2970 1621 3022 1675 in
3051 1619 3244 1690 poenis.
3278 1617 3393 1670 Hoc

1810 1735 1895 1782 est
1915 1725 2066 1779 avari
2100 1739 2222 1778 cum
2249 1720 2449 1784 avaris,
2474 1717 2736 1773 luxuriosi
2772 1731 2893 1770 cum
2932 1711 3242 1777 luxuriosis,
3266 1723 3391 1780 per-

1808 1819 1919 1890 juri
1962 1833 2086 1873 cum
2126 1814 2378 1887 perjuris.
2402 1811 2555 1878 Quod
2585 1809 2846 1864 Dominus
2884 1803 3224 1867 manifestat,
3271 1815 3392 1854 cum

810 1959 828 1992 ι
850 1938 1015 1992 Terra
1039 1951 1145 1990 non
1171 1939 1349 2004 potest
1369 1893 1706 1998 iniquitatem
1743 1908 1786 1968 Β
1815 1912 1891 1966 ait
1925 1912 1990 1966 de
2021 1907 2245 1963 zizaniis
2275 1923 2286 1959 Ζ
2314 1905 2542 1975 Alligate
2569 1912 2624 1956 et
2649 1900 2806 1954 facite
2835 1895 3118 1952 fasciculos
3150 1893 3219 1948 ad
3248 1906 3393 1946 com-

1808 2006 2128 2064 burendum.
2147 2001 2632 2072 Congregabuntur
2647 2009 2773 2065 ergo
2790 1999 3051 2064 pereunte
3061 1985 3394 2043 Antichristo

1810 2098 2043 2156 ministri
2072 2095 2446 2166 deceptionum
2473 2089 2588 2159 ejus
2615 2089 2668 2144 in
2701 2099 2975 2142 carcerem
3017 2078 3391 2152 gehennalium

1811 2207 2100 2266 pmnarum
2125 2209 2137 2243 :
2163 2197 2217 2244 et
2241 2196 2363 2258 post
2391 2185 2587 2240 multos
2610 2183 2726 2237 dies
2744 2179 3127 2240 visitabuntur,
3153 2183 3395 2241 tempore

1812 2284 2063 2340 videlicet
2110 2276 2524 2336 resurrectionis
2565 2271 2806 2327 omnium
2849 2285 2863 2321 :
2916 2265 3130 2336 quando
3175 2262 3243 2316 ad
3290 2261 3394 2314 hoc

1815 2388 2024 2434 tantum
2052 2376 2246 2431 anima:
2285 2387 2472 2428 eorum
2501 2367 2772 2424 modicum
2813 2361 3180 2417 evocabuntur
3207 2353 3275 2408 ab
3315 2352 3397 2406 in-

1817 2471 1968 2538 feris,
1999 2478 2060 2524 ut
2088 2473 2305 2536 recepto
2337 2476 2564 2533 corpore
2595 2457 2776 2513 statim
2809 2452 3021 2522 expleto
3041 2447 3244 2517 judicio
3270 2458 3394 2500 cum

1815 2563 2026 2618 caeteris
2050 2557 2424 2630 peccatoribus
2457 2567 2548 2610 eas
2577 2549 2890 2605 relabantur
2927 2545 2981 2597 in
3010 2553 3222 2612 poenas.
3263 2534 3399 2589 Nam

1816 2654 1960 2725 quod
2000 2668 2107 2708 non
2130 2649 2313 2707 statim
2333 2644 2600 2701 exstincto
2625 2635 2964 2694 Antichristo
2993 2627 3296 2686 universale
3329 2623 3402 2681 sit

1817 2713 2104 2798 venturum
2129 2737 2391 2810 judicium
2417 2776 2432 2800 ,
2477 2730 2665 2788 Daniel
2708 2726 2972 2798 propheta
3001 2728 3269 2776 testatur:
3307 2713 3398 2786 qui

1820 2837 1876 2891 in
1921 2836 2110 2890 ultima
2160 2849 2270 2888 suae
2323 2826 2621 2900 prophetia:
2666 2821 2874 2876 visione
2901 2816 3049 2888 regni
3095 2813 3236 2869 illius
3283 2818 3401 2865 acta

1819 2930 2131 2986 describens
2155 2968 2170 2992 ,
2219 2940 2342 2981 cum
2372 2920 2610 2990 ejusdem
2649 2915 2799 2987 regni
2839 2922 3081 2980 tempora
3125 2906 3269 2962 mille
3307 2904 3403 2958 du-

1819 3020 1990 3075 centis
2037 3014 2328 3086 nonaginta
2358 3011 2578 3071 diebus,
2618 3006 2672 3060 id
2716 3012 2819 3066 est,
2857 3001 3030 3056 tribus
3055 2996 3220 3052 semis
3249 2993 3403 3048 annis

1818 3111 2322 3184 comprehenderet,
2350 3112 2573 3175 repente
2611 3097 2794 3155 intulit
2820 3114 2833 3149 :
2869 3113 2887 3146 ‹
2919 3093 3150 3155 Beatus,
3183 3088 3274 3158 qui
3304 3101 3400 3140 ex-

1818 3176 2027 3274 spectat
2069 3210 2123 3256 et
2159 3197 2403 3270 pervenit
2432 3193 2501 3248 ad
2544 3192 2658 3247 dies
2687 3187 2833 3243 mille
2873 3192 3142 3240 trecentos
3183 3176 3401 3247 triginta

1743 3277 1789 3338 (ἶ
1819 3264 2057 3364 quinque
2081 3264 2316 3360 (Daniel.
2334 3284 2454 3355 xu).
2486 3282 2685 3348 iQuem
2712 3274 3038 3332 versiculum
3066 3271 3256 3324 beatus
3279 3264 3402 3319 Hic-

1821 3356 2182 3457 ronymus‘ita
2208 3377 2467 3448 exponit:
2505 3374 2705 3428 Beatus
2749 3367 2969 3440 (inquit)
2997 3363 3089 3433 qui
3120 3356 3402 3415 interfecto

1821 3453 2175 3538 Antichristo,
2211 3469 2326 3525 dies
2367 3481 2527 3537 supra
2570 3474 2857 3518 numerum
2894 3453 3216 3526 praeﬁnitum
3263 3463 3400 3520 qua-

1825 3567 2071 3638 draginta
2109 3563 2348 3635 quinque
2374 3555 2756 3630 praestolatur:
2788 3551 2985 3620 quibus
3016 3553 3100 3600 est
3143 3540 3408 3598 Dominus

1826 3659 1880 3715 in
1912 3674 2008 3715 sua
2036 3657 2318 3727 majestate
2353 3659 2630 3706 venturus.
2668 3644 2847 3711 Quare
2881 3648 3060 3694 autem
3084 3644 3205 3706 post
3240 3634 3409 3687 inter-

1825 3725 2475 3807 fectionemﬁAntichristi
2522 3735 2881 3811 quadraginta
2928 3730 3164 3801 quinque
3202 3725 3408 3780 dierum

1828 3842 2100 3899 silentium
2131 3836 2431 3902 sit,divinae
2451 3830 2693 3887 scientiae
2715 3834 2800 3881 est
2823 3841 2838 3878 :
2870 3823 2976 3878 nisi
3009 3821 3148 3875 forte
3170 3817 3413 3872 dicamus

1828 3933 1972 4004 quod
2002 3931 2186 3987 dilatio
2220 3925 2372 3996 regni
2403 3917 2774 3992 comprobatio
2800 3910 3072 3985 patientia:
3100 3914 3409 3963 sanctorum

1829 4000 1932 4082 est.
1970 4023 2278 4080 Notandum
2312 4027 2396 4073 est
2436 4022 2621 4069 autem
2664 4011 2767 4065 hoc
2812 4004 2955 4076 quod
2993 4000 3158 4066 dicit,
3193 4008 3248 4053 et
3292 4004 3416 4067 post

1830 4116 2028 4173 multos
2072 4106 2660 4168 annos'visitabuntur.
2702 4099 2840 4166 Quia
2877 4094 3170 4150 multorum
3207 4087 3415 4149 dierum

1833 4206 2156 4280 appellatio,
2190 4196 2598 4272 ;congruentius
2645 4189 2806 4260 hujus
2852 4185 3032 4244 saeculi
3086 4178 3419 4250 temporibus

1834 4301 2166 4368 assignatur,
2208 4309 2326 4363 quae
2357 4291 2561 4345 alterna
2589 4285 2802 4340 dierum
2835 4294 2896 4334 ac
2940 4275 3180 4331 noctium
3207 4266 3418 4328 vicissi-

1837 4363 2018 4449 tudine
2045 4385 2487 4456 multiplicantur,
2511 4392 2675 4449 quam
2704 4371 2874 4427 futuri
2897 4365 3237 4424 cessantibus
3260 4363 3417 4418 hora-

1835 4499 1958 4538 rum
2003 4476 2376 4539 discursibus,
2425 4472 2531 4526 erit
2581 4465 2840 4522 Dominus
2884 4459 3086 4515 sanctis
3134 4457 3190 4510 in
3239 4453 3414 4507 lucem

1839 4573 2225 4644 sempiternam
2249 4609 2262 4633 ,
2306 4573 2362 4622 et
2401 4561 2553 4633 impii
2590 4558 2872 4613 mittentur
2900 4551 2954 4606 in
2986 4548 3239 4603 tenebras
3264 4551 3418 4598 exte—

1839 4636 2012 4728 riores
2040 4663 2256 4740 (Matth.
2286 4659 2385 4732 χι).
2413 4658 2645 4724 Ideoque
2669 4657 2818 4704 recte
2839 4642 3116 4701 sciendum
3137 4681 3152 4706 ,
3175 4637 3297 4708 quia
3329 4636 3419 4705 qui

1838 4778 1984 4820 nunc
2008 4755 2354 4815 infernalium
2392 4749 2737 4806 tenebrarum
2763 4752 2982 4796 carcere
3007 4741 3278 4797 tenentur,
3301 4735 3424 4800 post

1839 4857 2039 4914 multos
2080 4849 2242 4919 hujus
2282 4843 2463 4902 saeculi
2497 4838 2727 4896 labentis
2766 4834 2882 4889 dies
2923 4828 3286 4886 visitabuntur
3323 4840 3336 4875 :
3371 4821 3424 4876 in

1841 4950 1935 5004 illa
1961 4947 2149 5016 utique
2179 4942 2310 4996 hora
2331 4977 2346 5004 ,
2379 4937 2434 4990 in
2466 4948 2573 5003 qua
2605 4943 2794 4986 omnes
2829 4924 2919 4995 qui
2967 4923 3022 4975 in
3063 4921 3426 4973 monumentis

1845 5050 1970 5100 sunt
1990 5005 2208 5096 audient
2224 5044 2411 5089 vocem
2435 5025 2558 5082 Filii
2582 5023 2698 5079 Dei.
2722 5041 2741 5073 ‹
2765 5020 2832 5075 Et
2853 5013 3145 5089 precedent
3166 5006 3259 5078 qui
3283 5005 3421 5100 bona

1843 5135 2091 5190 fecerunt
2150 5129 2206 5183 in
2251 5119 2704 5180 resurrectionem
2731 5112 2916 5183 ivitae,
2956 5104 3046 5174 qui
3106 5114 3235 5156 vero
3283 5095 3424 5151 mala

1846 5231 2113 5299 egerunt,
2156 5221 2209 5274 in
2263 5211 2715 5272 resurrectionem
2758 5197 2947 5273 judicii
2999 5192 3228 5264 (Johan.
3259 5193 3367 5258 vi).
3403 5205 3422 5237 ι

2890 5288 2922 5299 ·”
2988 5286 3003 5299 ι
3077 5292 3088 5299 -
3135 5281 3203 5299 κλμ
3249 5277 3404 5299 ιιηιη..

1916 5277 2204 5384 Hucusilue
2233 5322 2424 5366 sensus
2469 5312 2525 5360 et
2558 5301 2698 5357 dicta
2723 5288 2927 5363 egregii
2973 5277 3426 5384 doctoris‘Bedze.

1846 5370 2032 5468 Potest
2057 5370 2434 5462 et-secundum
2475 5392 2618 5467 quod
2663 5385 2881 5458 quidam
2917 5379 3104 5434 dicunt
3138 5370 3272 5426 ordo
3307 5380 3431 5423 esse

1846 5509 2240 5576 praeposterus,
2268 5500 2328 5548 ut
2370 5460 2658 5562 postquam
2682 5475 2819 5532 dixit
2848 5470 3110 5544 propheta
3144 5460 3302 5535 paulo
3339 5473 3430 5515 su-

1847 5551 2187 5669 periitstnou
2215 5551 2433 5658 adjiciet
2452 5551 2526 5634 ιιι-
2538 5577 2805 5643 resurgat,
2838 5567 2906 5632 de
2931 5562 3037 5618 illis
3058 5560 3283 5630 loquens
3300 5595 3314 5621 ,
3340 5551 3432 5624 qui

1851 5648 2184 5758 rtemporibus
2221 5648 2540 5737 Antichristi
2582 5667 2743 5722 ﬁdem
2795 5666 2995 5716 sanctae
3033 5648 3314 5707 Trinitatis
3343 5659 3435 5700 ne-

1854 5742 2047 5854 ganIes
2068 5777 2268 5836 mortui
2313 5769 2515 5827 fuerint
2539 5771 2833 5831 antequam
2861 5753 2948 5810 ille
2971 5766 3001 5805 a
3022 5745 3250 5804 Domino
3273 5742 3436 5797 inter-

2111 5894 2122 5929 :
2163 5869 2346 5929 debuit
2375 5863 2702 5932 subjungere
2743 5871 2756 5908 :
2802 5851 2868 5908 Et
2917 5855 3041 5917 poSt
3074 5839 3272 5898 multos
3321 5835 3435 5892 dies
