  <div class='ocr_page' id='page_1' title='image "/cluster/home/n/w/nwhite01/storage/ocr_20150623/116/hvd.32044015466881/419.png"; bbox 0 0 3918 6482; ppageno 0'>
   <div class='ocr_carea' id='block_1_1' title="bbox 523 434 3819 536">
    <p class='ocr_par' dir='ltr' id='par_1_1' title="bbox 523 434 3819 536">
     <span class='ocr_line' id='line_1_1' title="bbox 523 434 3819 536; baseline -0.001 0"><span class='ocrx_word' id='word_1_1' title='bbox 523 476 629 536; x_wconf 75' lang='lat'><strong>855</strong></span> <span class='ocrx_word' id='word_1_2' title='bbox 1014 476 1370 535; x_wconf 79' lang='lat' dir='ltr'><strong>HAYMONIS</strong></span> <span class='ocrx_word' id='word_1_3' title='bbox 1406 474 1888 532; x_wconf 81' lang='lat' dir='ltr'><strong>HALBERSTAT.</strong></span> <span class='ocrx_word' id='word_1_4' title='bbox 1929 472 2151 533; x_wconf 84' lang='lat' dir='ltr'><strong>EPlSC.</strong></span> <span class='ocrx_word' id='word_1_5' title='bbox 2191 472 2343 532; x_wconf 86' lang='lat' dir='ltr'><strong>OPP.</strong></span> <span class='ocrx_word' id='word_1_6' title='bbox 2382 472 2563 529; x_wconf 77' lang='lat' dir='ltr'><strong>PARS</strong></span> <span class='ocrx_word' id='word_1_7' title='bbox 2599 472 2642 529; x_wconf 90' lang='grc' dir='ltr'><strong>Ι.</strong></span> <span class='ocrx_word' id='word_1_8' title='bbox 2673 502 2743 513; x_wconf 95' lang='grc'><strong><em>-</em></strong></span> <span class='ocrx_word' id='word_1_9' title='bbox 2781 471 3136 532; x_wconf 83' lang='lat' dir='ltr'><strong>COMMENT.</strong></span> <span class='ocrx_word' id='word_1_10' title='bbox 3176 474 3349 530; x_wconf 87' lang='lat' dir='ltr'><strong>BIBL.</strong></span> <span class='ocrx_word' id='word_1_11' title='bbox 3742 479 3819 533; x_wconf 69' lang='lat'><strong>835</strong></span> 
     </span>
    </p>
   </div>
   <div class='ocr_carea' id='block_1_2' title="bbox 524 584 3813 661">
    <p class='ocr_par' dir='ltr' id='par_1_2' title="bbox 524 584 3813 661">
     <span class='ocr_line' id='line_1_2' title="bbox 524 584 3813 661; baseline 0.001 -16"><span class='ocrx_word' id='word_1_12' title='bbox 524 588 918 645; x_wconf 85' lang='lat' dir='ltr'><strong>interfectionis</strong></span> <span class='ocrx_word' id='word_1_13' title='bbox 965 584 1284 646; x_wconf 75' lang='lat' dir='ltr'><strong>Antichristi</strong></span> <span class='ocrx_word' id='word_1_14' title='bbox 1328 588 1693 645; x_wconf 89' lang='lat' dir='ltr'><strong>visitabuntur</strong></span> <span class='ocrx_word' id='word_1_15' title='bbox 1715 629 1733 657; x_wconf 91' lang='lat'><strong>,</strong></span> <span class='ocrx_word' id='word_1_16' title='bbox 1792 604 1857 646; x_wconf 88' lang='lat' dir='ltr'><strong>ac</strong></span> <span class='ocrx_word' id='word_1_17' title='bbox 1909 588 2103 645; x_wconf 87' lang='lat' dir='ltr'><strong>deinde</strong></span> <span class='ocrx_word' id='word_1_18' title='bbox 2127 595 2181 656; x_wconf 78' lang='grc' dir='ltr'>Α</span> <span class='ocrx_word' id='word_1_19' title='bbox 2205 596 2389 643; x_wconf 90' lang='lat' dir='ltr'><strong>monte</strong></span> <span class='ocrx_word' id='word_1_20' title='bbox 2402 586 2555 655; x_wconf 88' lang='lat' dir='ltr'><strong>Sion,</strong></span> <span class='ocrx_word' id='word_1_21' title='bbox 2582 595 2638 643; x_wconf 91' lang='lat' dir='ltr'><strong>et</strong></span> <span class='ocrx_word' id='word_1_22' title='bbox 2665 588 2719 642; x_wconf 93' lang='lat' dir='ltr'><strong>in</strong></span> <span class='ocrx_word' id='word_1_23' title='bbox 2742 585 3102 657; x_wconf 81' lang='lat' dir='ltr'><strong>Hierusalem,</strong></span> <span class='ocrx_word' id='word_1_24' title='bbox 3130 591 3259 647; x_wconf 88' lang='lat' dir='ltr'><strong>etin</strong></span> <span class='ocrx_word' id='word_1_25' title='bbox 3285 599 3632 661; x_wconf 83' lang='lat' dir='ltr'><strong>conspectu</strong></span> <span class='ocrx_word' id='word_1_26' title='bbox 3660 606 3813 649; x_wconf 68' lang='lat' dir='ltr'><strong>senum</strong></span> 
     </span>
    </p>
   </div>
   <div class='ocr_carea' id='block_1_3' title="bbox 527 676 3808 755">
    <p class='ocr_par' dir='ltr' id='par_1_3' title="bbox 527 676 3808 755">
     <span class='ocr_line' id='line_1_3' title="bbox 527 676 3808 755; baseline 0.001 -16"><span class='ocrx_word' id='word_1_27' title='bbox 527 683 811 754; x_wconf 81' lang='lat' dir='ltr'><strong>adjicere:</strong></span> <span class='ocrx_word' id='word_1_28' title='bbox 2219 696 2439 736; x_wconf 90' lang='lat' dir='ltr'><strong>suorum</strong></span> <span class='ocrx_word' id='word_1_29' title='bbox 2482 676 2650 733; x_wconf 85' lang='lat' dir='ltr'><strong>fuerit</strong></span> <span class='ocrx_word' id='word_1_30' title='bbox 2694 679 3060 749; x_wconf 83' lang='lat' dir='ltr'><strong>gloriﬁcatus,</strong></span> <span class='ocrx_word' id='word_1_31' title='bbox 3093 701 3112 735; x_wconf 75' lang='grc' dir='ltr'><strong><em>ι</em></strong></span> <span class='ocrx_word' id='word_1_32' title='bbox 3171 683 3352 755; x_wconf 88' lang='lat' dir='ltr'><strong>magis</strong></span> <span class='ocrx_word' id='word_1_33' title='bbox 3396 692 3627 738; x_wconf 82' lang='lat' dir='ltr'><strong>exacto</strong></span> <span class='ocrx_word' id='word_1_34' title='bbox 3660 685 3808 754; x_wconf 72' lang='lat' dir='ltr'><strong>iudicii</strong></span> 
     </span>
    </p>
   </div>
   <div class='ocr_carea' id='block_1_4' title="bbox 593 764 3805 846">
    <p class='ocr_par' dir='ltr' id='par_1_4' title="bbox 593 764 3805 846">
     <span class='ocr_line' id='line_1_4' title="bbox 593 764 3805 846; baseline 0 -18"><span class='ocrx_word' id='word_1_35' title='bbox 593 796 612 828; x_wconf 73' lang='grc' dir='ltr'>ι</span> <span class='ocrx_word' id='word_1_36' title='bbox 639 776 707 830; x_wconf 82' lang='grc' dir='ltr'><strong>Ει</strong></span> <span class='ocrx_word' id='word_1_37' title='bbox 735 776 841 831; x_wconf 90' lang='lat' dir='ltr'><strong>erit</strong></span> <span class='ocrx_word' id='word_1_38' title='bbox 875 775 929 830; x_wconf 89' lang='lat' dir='ltr'><strong>in</strong></span> <span class='ocrx_word' id='word_1_39' title='bbox 960 775 1045 830; x_wconf 90' lang='lat' dir='ltr'><strong>die</strong></span> <span class='ocrx_word' id='word_1_40' title='bbox 1067 764 1180 841; x_wconf 90' lang='lat' dir='ltr'><strong>illa,</strong></span> <span class='ocrx_word' id='word_1_41' title='bbox 1211 794 1229 827; x_wconf 84' lang='grc'><strong>›</strong></span> <span class='ocrx_word' id='word_1_42' title='bbox 1263 774 1319 831; x_wconf 87' lang='lat' dir='ltr'><strong>id</strong></span> <span class='ocrx_word' id='word_1_43' title='bbox 1338 784 1423 831; x_wconf 89' lang='lat' dir='ltr'><strong>est</strong></span> <span class='ocrx_word' id='word_1_44' title='bbox 1450 776 1505 830; x_wconf 87' lang='lat' dir='ltr'><strong>in</strong></span> <span class='ocrx_word' id='word_1_45' title='bbox 1530 775 1618 832; x_wconf 91' lang='lat' dir='ltr'><strong>die</strong></span> <span class='ocrx_word' id='word_1_46' title='bbox 1652 772 1843 846; x_wconf 86' lang='lat' dir='ltr'><strong>judieii</strong></span> <span class='ocrx_word' id='word_1_47' title='bbox 1878 792 1897 825; x_wconf 79' lang='grc' dir='ltr'>ι</span> <span class='ocrx_word' id='word_1_48' title='bbox 1927 772 2115 829; x_wconf 89' lang='lat' dir='ltr'><strong>visita-</strong></span> <span class='ocrx_word' id='word_1_49' title='bbox 2218 770 2527 827; x_wconf 90' lang='lat' dir='ltr'><strong>discrimine</strong></span> <span class='ocrx_word' id='word_1_50' title='bbox 2557 770 2914 841; x_wconf 88' lang='lat' dir='ltr'><strong>complebitur</strong></span> <span class='ocrx_word' id='word_1_51' title='bbox 2948 790 2965 828; x_wconf 89' lang='lat'><strong>:</strong></span> <span class='ocrx_word' id='word_1_52' title='bbox 3008 772 3134 828; x_wconf 88' lang='lat' dir='ltr'><strong>dum</strong></span> <span class='ocrx_word' id='word_1_53' title='bbox 3162 773 3367 829; x_wconf 89' lang='lat' dir='ltr'><strong>ablatis</strong></span> <span class='ocrx_word' id='word_1_54' title='bbox 3415 771 3629 843; x_wconf 84' lang='lat' dir='ltr'><strong>impiis</strong></span> <span class='ocrx_word' id='word_1_55' title='bbox 3664 790 3725 828; x_wconf 82' lang='lat' dir='ltr'><strong>ne</strong></span> <span class='ocrx_word' id='word_1_56' title='bbox 3752 778 3805 829; x_wconf 56' lang='lat' dir='ltr'><strong>ul</strong></span> 
     </span>
    </p>
   </div>
   <div class='ocr_carea' id='block_1_5' title="bbox 523 861 3799 939">
    <p class='ocr_par' dir='ltr' id='par_1_5' title="bbox 523 861 3799 939">
     <span class='ocr_line' id='line_1_5' title="bbox 523 861 3799 939; baseline -0.001 -14"><span class='ocrx_word' id='word_1_57' title='bbox 523 867 605 925; x_wconf 88' lang='lat' dir='ltr'><strong>bit</strong></span> <span class='ocrx_word' id='word_1_58' title='bbox 625 866 885 923; x_wconf 88' lang='lat' dir='ltr'><strong>Dominus</strong></span> <span class='ocrx_word' id='word_1_59' title='bbox 920 882 1082 939; x_wconf 82' lang='lat' dir='ltr'><strong>super</strong></span> <span class='ocrx_word' id='word_1_60' title='bbox 1130 865 1304 933; x_wconf 91' lang='lat' dir='ltr'><strong>illum,</strong></span> <span class='ocrx_word' id='word_1_61' title='bbox 1349 878 1405 922; x_wconf 91' lang='lat' dir='ltr'><strong>et</strong></span> <span class='ocrx_word' id='word_1_62' title='bbox 1437 883 1600 939; x_wconf 83' lang='lat' dir='ltr'><strong>super</strong></span> <span class='ocrx_word' id='word_1_63' title='bbox 1628 882 1808 938; x_wconf 89' lang='lat' dir='ltr'><strong>reges,</strong></span> <span class='ocrx_word' id='word_1_64' title='bbox 1855 874 1913 921; x_wconf 91' lang='lat' dir='ltr'><strong>et</strong></span> <span class='ocrx_word' id='word_1_65' title='bbox 1954 881 2117 938; x_wconf 82' lang='lat' dir='ltr'><strong>super</strong></span> <span class='ocrx_word' id='word_1_66' title='bbox 2217 861 2380 919; x_wconf 92' lang='lat' dir='ltr'><strong>deant</strong></span> <span class='ocrx_word' id='word_1_67' title='bbox 2409 862 2636 933; x_wconf 75' lang='lat' dir='ltr'><strong>gloriam</strong></span> <span class='ocrx_word' id='word_1_68' title='bbox 2660 862 2776 928; x_wconf 87' lang='lat' dir='ltr'><strong>Dei,</strong></span> <span class='ocrx_word' id='word_1_69' title='bbox 2821 863 2998 919; x_wconf 90' lang='lat' dir='ltr'><strong>sancti</strong></span> <span class='ocrx_word' id='word_1_70' title='bbox 3041 880 3228 921; x_wconf 88' lang='lat' dir='ltr'><strong>omnes</strong></span> <span class='ocrx_word' id='word_1_71' title='bbox 3274 864 3331 919; x_wconf 90' lang='lat' dir='ltr'><strong>in</strong></span> <span class='ocrx_word' id='word_1_72' title='bbox 3392 880 3670 935; x_wconf 75' lang='lat' dir='ltr'><strong>superna:</strong></span> <span class='ocrx_word' id='word_1_73' title='bbox 3702 868 3799 922; x_wconf 65' lang='lat' dir='ltr'><strong>civi-</strong></span> 
     </span>
    </p>
   </div>
   <div class='ocr_carea' id='block_1_6' title="bbox 525 956 3799 1034">
    <p class='ocr_par' dir='ltr' id='par_1_6' title="bbox 525 956 3799 1034">
     <span class='ocr_line' id='line_1_6' title="bbox 525 956 3799 1034; baseline -0.002 -16"><span class='ocrx_word' id='word_1_74' title='bbox 525 963 774 1018; x_wconf 90' lang='lat' dir='ltr'><strong>militiam</strong></span> <span class='ocrx_word' id='word_1_75' title='bbox 815 962 956 1028; x_wconf 65' lang='lat' dir='ltr'><strong>caeli,</strong></span> <span class='ocrx_word' id='word_1_76' title='bbox 987 981 1007 1014; x_wconf 76' lang='grc' dir='ltr'><strong><em>ι</em></strong></span> <span class='ocrx_word' id='word_1_77' title='bbox 1060 962 1115 1018; x_wconf 88' lang='lat' dir='ltr'><strong>id</strong></span> <span class='ocrx_word' id='word_1_78' title='bbox 1152 971 1258 1029; x_wconf 92' lang='lat' dir='ltr'><strong>est,</strong></span> <span class='ocrx_word' id='word_1_79' title='bbox 1306 978 1468 1034; x_wconf 86' lang='lat' dir='ltr'><strong>super</strong></span> <span class='ocrx_word' id='word_1_80' title='bbox 1522 963 1922 1019; x_wconf 73' lang='lat' dir='ltr'><strong>multitudinem</strong></span> <span class='ocrx_word' id='word_1_81' title='bbox 1968 962 2112 1019; x_wconf 89' lang='lat' dir='ltr'><strong>illius</strong></span> <span class='ocrx_word' id='word_1_82' title='bbox 2218 956 2345 1012; x_wconf 91' lang='lat' dir='ltr'><strong>tatis</strong></span> <span class='ocrx_word' id='word_1_83' title='bbox 2373 957 2709 1011; x_wconf 82' lang='lat' dir='ltr'><strong>mansionem</strong></span> <span class='ocrx_word' id='word_1_84' title='bbox 2741 956 2810 1013; x_wconf 90' lang='lat' dir='ltr'><strong>ad</strong></span> <span class='ocrx_word' id='word_1_85' title='bbox 2838 957 3308 1029; x_wconf 89' lang='lat' dir='ltr'><strong>contemplandam</strong></span> <span class='ocrx_word' id='word_1_86' title='bbox 3334 966 3691 1029; x_wconf 84' lang='lat' dir='ltr'><strong>perpetuam</strong></span> <span class='ocrx_word' id='word_1_87' title='bbox 3716 977 3799 1031; x_wconf 59' lang='lat' dir='ltr'><strong>spe»</strong></span> 
     </span>
    </p>
   </div>
   <div class='ocr_carea' id='block_1_7' title="bbox 524 1048 3792 1127">
    <p class='ocr_par' dir='ltr' id='par_1_7' title="bbox 524 1048 3792 1127">
     <span class='ocr_line' id='line_1_7' title="bbox 524 1048 3792 1127; baseline -0.001 -17"><span class='ocrx_word' id='word_1_88' title='bbox 524 1056 617 1127; x_wconf 85' lang='lat' dir='ltr'><strong>qui</strong></span> <span class='ocrx_word' id='word_1_89' title='bbox 640 1055 785 1112; x_wconf 92' lang='lat' dir='ltr'><strong>illum</strong></span> <span class='ocrx_word' id='word_1_90' title='bbox 810 1054 1006 1111; x_wconf 84' lang='lat' dir='ltr'><strong>imitati</strong></span> <span class='ocrx_word' id='word_1_91' title='bbox 1026 1063 1181 1111; x_wconf 90' lang='lat' dir='ltr'><strong>sunt:</strong></span> <span class='ocrx_word' id='word_1_92' title='bbox 1214 1074 1231 1106; x_wconf 75' lang='grc' dir='ltr'>ι</span> <span class='ocrx_word' id='word_1_93' title='bbox 1254 1064 1311 1109; x_wconf 91' lang='lat' dir='ltr'><strong>et</strong></span> <span class='ocrx_word' id='word_1_94' title='bbox 1331 1055 1548 1110; x_wconf 89' lang='lat' dir='ltr'><strong>claudet</strong></span> <span class='ocrx_word' id='word_1_95' title='bbox 1569 1055 1689 1110; x_wconf 92' lang='lat' dir='ltr'><strong>illos</strong></span> <span class='ocrx_word' id='word_1_96' title='bbox 1726 1053 1781 1109; x_wconf 93' lang='lat' dir='ltr'><strong>in</strong></span> <span class='ocrx_word' id='word_1_97' title='bbox 1803 1067 2106 1110; x_wconf 65' lang='lat' dir='ltr'><strong>carcerem»</strong></span> <span class='ocrx_word' id='word_1_98' title='bbox 2217 1050 2356 1106; x_wconf 89' lang='lat' dir='ltr'><strong>ciem</strong></span> <span class='ocrx_word' id='word_1_99' title='bbox 2385 1049 2468 1105; x_wconf 89' lang='lat' dir='ltr'><strong>sui</strong></span> <span class='ocrx_word' id='word_1_100' title='bbox 2496 1048 2796 1106; x_wconf 88' lang='lat' dir='ltr'><strong>conditoris</strong></span> <span class='ocrx_word' id='word_1_101' title='bbox 2822 1050 3121 1106; x_wconf 89' lang='lat' dir='ltr'><strong>intrabunt.</strong></span> <span class='ocrx_word' id='word_1_102' title='bbox 3153 1050 3330 1107; x_wconf 90' lang='lat' dir='ltr'><strong>Senes</strong></span> <span class='ocrx_word' id='word_1_103' title='bbox 3364 1061 3580 1106; x_wconf 81' lang='lat' dir='ltr'><strong>autem</strong></span> <span class='ocrx_word' id='word_1_104' title='bbox 3613 1055 3792 1124; x_wconf 74' lang='lat' dir='ltr'><strong>appella:</strong></span> 
     </span>
    </p>
   </div>
   <div class='ocr_carea' id='block_1_8' title="bbox 524 1137 3789 1220">
    <p class='ocr_par' dir='ltr' id='par_1_8' title="bbox 524 1137 3789 1220">
     <span class='ocr_line' id='line_1_8' title="bbox 524 1137 3789 1220; baseline -0.001 -15"><span class='ocrx_word' id='word_1_105' title='bbox 524 1137 712 1205; x_wconf 67' lang='lat' dir='ltr'><strong>aeterni</strong></span> <span class='ocrx_word' id='word_1_106' title='bbox 752 1149 1020 1220; x_wconf 86' lang='lat' dir='ltr'><strong>supplicii.</strong></span> <span class='ocrx_word' id='word_1_107' title='bbox 1053 1148 1208 1216; x_wconf 86' lang='lat' dir='ltr'><strong>Quod</strong></span> <span class='ocrx_word' id='word_1_108' title='bbox 1249 1158 1429 1205; x_wconf 90' lang='lat' dir='ltr'><strong>autem</strong></span> <span class='ocrx_word' id='word_1_109' title='bbox 1460 1149 1665 1204; x_wconf 90' lang='lat' dir='ltr'><strong>dictum</strong></span> <span class='ocrx_word' id='word_1_110' title='bbox 1710 1155 1793 1203; x_wconf 89' lang='lat' dir='ltr'><strong>est</strong></span> <span class='ocrx_word' id='word_1_111' title='bbox 1832 1145 2110 1219; x_wconf 86' lang='lat' dir='ltr'><strong>superius:</strong></span> <span class='ocrx_word' id='word_1_112' title='bbox 2214 1139 3230 1214; x_wconf 71' lang='lat' dir='ltr'><strong>Abrahaln,lsaa0,1acob,prophetas,</strong></span> <span class='ocrx_word' id='word_1_113' title='bbox 3247 1144 3789 1212; x_wconf 59' lang='lat' dir='ltr'><strong>apostolos,etoma5</strong></span> 
     </span>
    </p>
   </div>
   <div class='ocr_carea' id='block_1_9' title="bbox 524 1237 2110 1312">
    <p class='ocr_par' dir='ltr' id='par_1_9' title="bbox 524 1237 2110 1312">
     <span class='ocr_line' id='line_1_9' title="bbox 524 1237 2110 1312; baseline 0 -17"><span class='ocrx_word' id='word_1_114' title='bbox 524 1240 779 1297; x_wconf 85' lang='lat' dir='ltr'><strong>Visitabit</strong></span> <span class='ocrx_word' id='word_1_115' title='bbox 817 1241 1078 1297; x_wconf 90' lang='lat' dir='ltr'><strong>Dominus</strong></span> <span class='ocrx_word' id='word_1_116' title='bbox 1120 1256 1283 1312; x_wconf 81' lang='lat' dir='ltr'><strong>super</strong></span> <span class='ocrx_word' id='word_1_117' title='bbox 1318 1240 1567 1295; x_wconf 86' lang='lat' dir='ltr'><strong>militiam</strong></span> <span class='ocrx_word' id='word_1_118' title='bbox 1614 1237 1735 1295; x_wconf 66' lang='lat' dir='ltr'><strong>caeli</strong></span> <span class='ocrx_word' id='word_1_119' title='bbox 1774 1239 1830 1295; x_wconf 93' lang='lat' dir='ltr'><strong>in</strong></span> <span class='ocrx_word' id='word_1_120' title='bbox 1862 1237 2110 1306; x_wconf 84' lang='lat' dir='ltr'><strong>excelso,</strong></span> 
     </span>
    </p>
   </div>
   <div class='ocr_carea' id='block_1_10' title="bbox 525 1331 2116 1406">
    <p class='ocr_par' dir='ltr' id='par_1_10' title="bbox 525 1331 2116 1406">
     <span class='ocr_line' id='line_1_10' title="bbox 525 1331 2116 1406; baseline -0.002 -17"><span class='ocrx_word' id='word_1_121' title='bbox 525 1335 600 1389; x_wconf 91' lang='lat' dir='ltr'><strong>ita</strong></span> <span class='ocrx_word' id='word_1_122' title='bbox 624 1343 708 1390; x_wconf 89' lang='lat' dir='ltr'><strong>est</strong></span> <span class='ocrx_word' id='word_1_123' title='bbox 740 1334 1183 1406; x_wconf 87' lang='lat' dir='ltr'><strong>intelligendum:</strong></span> <span class='ocrx_word' id='word_1_124' title='bbox 1211 1332 1466 1389; x_wconf 84' lang='lat' dir='ltr'><strong>Visitabit</strong></span> <span class='ocrx_word' id='word_1_125' title='bbox 1494 1333 1754 1388; x_wconf 87' lang='lat' dir='ltr'><strong>Dominus</strong></span> <span class='ocrx_word' id='word_1_126' title='bbox 1782 1348 1944 1404; x_wconf 85' lang='lat' dir='ltr'><strong>super</strong></span> <span class='ocrx_word' id='word_1_127' title='bbox 1974 1331 2116 1387; x_wconf 85' lang='lat' dir='ltr'><strong>mili-</strong></span> 
     </span>
    </p>
   </div>
   <div class='ocr_carea' id='block_1_11' title="bbox 525 1422 2112 1496">
    <p class='ocr_par' dir='ltr' id='par_1_11' title="bbox 525 1422 2112 1496">
     <span class='ocr_line' id='line_1_11' title="bbox 525 1422 2112 1496; baseline -0.003 -16"><span class='ocrx_word' id='word_1_128' title='bbox 525 1427 656 1481; x_wconf 86' lang='lat' dir='ltr'><strong>tiam</strong></span> <span class='ocrx_word' id='word_1_129' title='bbox 688 1425 813 1482; x_wconf 74' lang='grc' dir='ltr'><strong>οωιί</strong></span> <span class='ocrx_word' id='word_1_130' title='bbox 862 1426 917 1481; x_wconf 89' lang='lat' dir='ltr'><strong>in</strong></span> <span class='ocrx_word' id='word_1_131' title='bbox 957 1424 1197 1491; x_wconf 84' lang='lat' dir='ltr'><strong>excelso,</strong></span> <span class='ocrx_word' id='word_1_132' title='bbox 1246 1423 1507 1479; x_wconf 90' lang='lat' dir='ltr'><strong>mittendo</strong></span> <span class='ocrx_word' id='word_1_133' title='bbox 1552 1423 1801 1496; x_wconf 77' lang='lat' dir='ltr'><strong>angelum</strong></span> <span class='ocrx_word' id='word_1_134' title='bbox 1843 1424 1909 1479; x_wconf 89' lang='lat' dir='ltr'><strong>de</strong></span> <span class='ocrx_word' id='word_1_135' title='bbox 1936 1422 2112 1489; x_wconf 62' lang='lat' dir='ltr'><strong>caelis,</strong></span> 
     </span>
    </p>
   </div>
   <div class='ocr_carea' id='block_1_12' title="bbox 524 1513 2116 1585">
    <p class='ocr_par' dir='ltr' id='par_1_12' title="bbox 524 1513 2116 1585">
     <span class='ocr_line' id='line_1_12' title="bbox 524 1513 2116 1585; baseline 0.001 -16"><span class='ocrx_word' id='word_1_136' title='bbox 524 1516 616 1585; x_wconf 90' lang='lat' dir='ltr'><strong>qui</strong></span> <span class='ocrx_word' id='word_1_137' title='bbox 642 1515 915 1570; x_wconf 86' lang='lat' dir='ltr'><strong>hominem</strong></span> <span class='ocrx_word' id='word_1_138' title='bbox 949 1514 1182 1585; x_wconf 87' lang='lat' dir='ltr'><strong>peccati,</strong></span> <span class='ocrx_word' id='word_1_139' title='bbox 1210 1514 1374 1568; x_wconf 84' lang='lat' dir='ltr'><strong>[ilium</strong></span> <span class='ocrx_word' id='word_1_140' title='bbox 1403 1514 1724 1584; x_wconf 83' lang='lat' dir='ltr'><strong>perditionis</strong></span> <span class='ocrx_word' id='word_1_141' title='bbox 1749 1513 1842 1584; x_wconf 91' lang='lat' dir='ltr'><strong>qui</strong></span> <span class='ocrx_word' id='word_1_142' title='bbox 1869 1513 2116 1571; x_wconf 83' lang='lat' dir='ltr'><strong>elevatur</strong></span> 
     </span>
    </p>
   </div>
   <div class='ocr_carea' id='block_1_13' title="bbox 523 1602 2117 1676">
    <p class='ocr_par' dir='ltr' id='par_1_13' title="bbox 523 1602 2117 1676">
     <span class='ocr_line' id='line_1_13' title="bbox 523 1602 2117 1676; baseline -0.001 -15"><span class='ocrx_word' id='word_1_143' title='bbox 523 1613 579 1661; x_wconf 90' lang='lat' dir='ltr'><strong>et</strong></span> <span class='ocrx_word' id='word_1_144' title='bbox 605 1605 881 1661; x_wconf 84' lang='lat' dir='ltr'><strong>extollitur</strong></span> <span class='ocrx_word' id='word_1_145' title='bbox 908 1620 1068 1676; x_wconf 89' lang='lat' dir='ltr'><strong>supra</strong></span> <span class='ocrx_word' id='word_1_146' title='bbox 1096 1621 1255 1660; x_wconf 91' lang='lat' dir='ltr'><strong>omne</strong></span> <span class='ocrx_word' id='word_1_147' title='bbox 1282 1606 1425 1676; x_wconf 91' lang='lat' dir='ltr'><strong>quod</strong></span> <span class='ocrx_word' id='word_1_148' title='bbox 1453 1604 1651 1661; x_wconf 89' lang='lat' dir='ltr'><strong>dicitur</strong></span> <span class='ocrx_word' id='word_1_149' title='bbox 1679 1606 1820 1660; x_wconf 90' lang='lat' dir='ltr'><strong>Deus</strong></span> <span class='ocrx_word' id='word_1_150' title='bbox 1849 1613 1942 1660; x_wconf 92' lang='lat' dir='ltr'><strong>aut</strong></span> <span class='ocrx_word' id='word_1_151' title='bbox 1971 1602 2117 1675; x_wconf 90' lang='lat' dir='ltr'><strong>quod</strong></span> 
     </span>
    </p>
   </div>
   <div class='ocr_carea' id='block_1_14' title="bbox 524 1694 2117 1765">
    <p class='ocr_par' dir='ltr' id='par_1_14' title="bbox 524 1694 2117 1765">
     <span class='ocr_line' id='line_1_14' title="bbox 524 1694 2117 1765; baseline -0.001 -14"><span class='ocrx_word' id='word_1_152' title='bbox 524 1695 721 1751; x_wconf 88' lang='lat' dir='ltr'><strong>colitur</strong></span> <span class='ocrx_word' id='word_1_153' title='bbox 757 1694 841 1765; x_wconf 88' lang='grc'><strong>(11</strong></span> <span class='ocrx_word' id='word_1_154' title='bbox 867 1694 1020 1750; x_wconf 78' lang='lat' dir='ltr'><strong>Thes.</strong></span> <span class='ocrx_word' id='word_1_155' title='bbox 1052 1697 1134 1765; x_wconf 84' lang='grc' dir='ltr'><strong>ιι),</strong></span> <span class='ocrx_word' id='word_1_156' title='bbox 1187 1694 1371 1750; x_wconf 88' lang='lat' dir='ltr'><strong>divina</strong></span> <span class='ocrx_word' id='word_1_157' title='bbox 1427 1696 1626 1750; x_wconf 88' lang='lat' dir='ltr'><strong>virtute</strong></span> <span class='ocrx_word' id='word_1_158' title='bbox 1660 1696 1910 1765; x_wconf 90' lang='lat' dir='ltr'><strong>perimat.</strong></span> <span class='ocrx_word' id='word_1_159' title='bbox 1962 1694 2117 1762; x_wconf 86' lang='lat' dir='ltr'><strong>Quod</strong></span> 
     </span>
    </p>
   </div>
   <div class='ocr_carea' id='block_1_15' title="bbox 525 1783 2117 1859">
    <p class='ocr_par' dir='ltr' id='par_1_15' title="bbox 525 1783 2117 1859">
     <span class='ocr_line' id='line_1_15' title="bbox 525 1783 2117 1859; baseline -0.001 -17"><span class='ocrx_word' id='word_1_160' title='bbox 525 1787 717 1842; x_wconf 90' lang='lat' dir='ltr'><strong>beatus</strong></span> <span class='ocrx_word' id='word_1_161' title='bbox 746 1786 1040 1859; x_wconf 72' lang='lat' dir='ltr'><strong>Gregorius</strong></span> <span class='ocrx_word' id='word_1_162' title='bbox 1076 1801 1174 1859; x_wconf 89' lang='lat' dir='ltr'><strong>per</strong></span> <span class='ocrx_word' id='word_1_163' title='bbox 1206 1785 1520 1842; x_wconf 83' lang='lat' dir='ltr'><strong>Michaelem</strong></span> <span class='ocrx_word' id='word_1_164' title='bbox 1573 1785 1956 1856; x_wconf 84' lang='lat' dir='ltr'><strong>archangelum</strong></span> <span class='ocrx_word' id='word_1_165' title='bbox 2000 1783 2117 1840; x_wconf 89' lang='lat' dir='ltr'><strong>fore</strong></span> 
     </span>
    </p>
   </div>
   <div class='ocr_carea' id='block_1_16' title="bbox 532 1877 2119 1950">
    <p class='ocr_par' dir='ltr' id='par_1_16' title="bbox 532 1877 2119 1950">
     <span class='ocr_line' id='line_1_16' title="bbox 532 1877 2119 1950; baseline -0.003 -15"><span class='ocrx_word' id='word_1_166' title='bbox 532 1880 861 1935; x_wconf 90' lang='lat' dir='ltr'><strong>arbritratur</strong></span> <span class='ocrx_word' id='word_1_167' title='bbox 914 1879 1000 1936; x_wconf 88' lang='lat' dir='ltr'><strong>vel</strong></span> <span class='ocrx_word' id='word_1_168' title='bbox 1056 1878 1329 1950; x_wconf 72' lang='lat' dir='ltr'><strong>intelligit.</strong></span> <span class='ocrx_word' id='word_1_169' title='bbox 1399 1877 1722 1933; x_wconf 77' lang='lat' dir='ltr'><strong>Visitabitur</strong></span> <span class='ocrx_word' id='word_1_170' title='bbox 1778 1892 1908 1949; x_wconf 82' lang='lat' dir='ltr'><strong>ergo</strong></span> <span class='ocrx_word' id='word_1_171' title='bbox 1954 1891 2119 1947; x_wconf 83' lang='lat' dir='ltr'><strong>super</strong></span> 
     </span>
    </p>
   </div>
   <div class='ocr_carea' id='block_1_17' title="bbox 527 1971 2117 2047">
    <p class='ocr_par' dir='ltr' id='par_1_17' title="bbox 527 1971 2117 2047">
     <span class='ocr_line' id='line_1_17' title="bbox 527 1971 2117 2047; baseline -0.001 -18"><span class='ocrx_word' id='word_1_172' title='bbox 527 1974 775 2029; x_wconf 85' lang='lat' dir='ltr'><strong>militiam</strong></span> <span class='ocrx_word' id='word_1_173' title='bbox 807 1975 961 2040; x_wconf 87' lang='lat' dir='ltr'><strong>coeli,</strong></span> <span class='ocrx_word' id='word_1_174' title='bbox 1002 1990 1125 2029; x_wconf 90' lang='lat' dir='ltr'><strong>cum</strong></span> <span class='ocrx_word' id='word_1_175' title='bbox 1174 1974 1472 2047; x_wconf 89' lang='lat' dir='ltr'><strong>perimetur</strong></span> <span class='ocrx_word' id='word_1_176' title='bbox 1514 1972 1886 2027; x_wconf 75' lang='lat' dir='ltr'><strong>Antichristus</strong></span> <span class='ocrx_word' id='word_1_177' title='bbox 1928 1987 1943 2026; x_wconf 90' lang='lat'><strong>:</strong></span> <span class='ocrx_word' id='word_1_178' title='bbox 1988 1971 2117 2042; x_wconf 88' lang='lat' dir='ltr'><strong>quia</strong></span> 
     </span>
    </p>
   </div>
   <div class='ocr_carea' id='block_1_18' title="bbox 527 2060 2114 2133">
    <p class='ocr_par' dir='ltr' id='par_1_18' title="bbox 527 2060 2114 2133">
     <span class='ocr_line' id='line_1_18' title="bbox 527 2060 2114 2133; baseline -0.003 -13"><span class='ocrx_word' id='word_1_179' title='bbox 527 2073 581 2120; x_wconf 89' lang='lat' dir='ltr'><strong>et</strong></span> <span class='ocrx_word' id='word_1_180' title='bbox 638 2064 727 2120; x_wconf 87' lang='lat' dir='ltr'><strong>illo</strong></span> <span class='ocrx_word' id='word_1_181' title='bbox 775 2060 1099 2132; x_wconf 84' lang='lat' dir='ltr'><strong>interempto</strong></span> <span class='ocrx_word' id='word_1_182' title='bbox 1152 2063 1325 2117; x_wconf 88' lang='lat' dir='ltr'><strong>virtus</strong></span> <span class='ocrx_word' id='word_1_183' title='bbox 1380 2062 1668 2133; x_wconf 86' lang='lat' dir='ltr'><strong>spirituum</strong></span> <span class='ocrx_word' id='word_1_184' title='bbox 1734 2061 2114 2133; x_wconf 77' lang='lat' dir='ltr'><strong>malignorum,</strong></span> 
     </span>
    </p>
   </div>
   <div class='ocr_carea' id='block_1_19' title="bbox 528 2151 2120 2224">
    <p class='ocr_par' dir='ltr' id='par_1_19' title="bbox 528 2151 2120 2224">
     <span class='ocr_line' id='line_1_19' title="bbox 528 2151 2120 2224; baseline 0 -17"><span class='ocrx_word' id='word_1_185' title='bbox 528 2155 621 2224; x_wconf 87' lang='lat' dir='ltr'><strong>qui</strong></span> <span class='ocrx_word' id='word_1_186' title='bbox 648 2170 775 2210; x_wconf 91' lang='lat' dir='ltr'><strong>eum</strong></span> <span class='ocrx_word' id='word_1_187' title='bbox 816 2154 870 2208; x_wconf 92' lang='lat' dir='ltr'><strong>in</strong></span> <span class='ocrx_word' id='word_1_188' title='bbox 898 2153 1136 2210; x_wconf 91' lang='lat' dir='ltr'><strong>ostensis</strong></span> <span class='ocrx_word' id='word_1_189' title='bbox 1160 2153 1331 2224; x_wconf 90' lang='lat' dir='ltr'><strong>signis</strong></span> <span class='ocrx_word' id='word_1_190' title='bbox 1360 2152 1626 2209; x_wconf 88' lang='lat' dir='ltr'><strong>mendacii</strong></span> <span class='ocrx_word' id='word_1_191' title='bbox 1647 2151 1924 2224; x_wconf 86' lang='lat' dir='ltr'><strong>juverant,</strong></span> <span class='ocrx_word' id='word_1_192' title='bbox 1966 2152 2120 2208; x_wconf 81' lang='lat' dir='ltr'><strong>infir-</strong></span> 
     </span>
    </p>
   </div>
   <div class='ocr_carea' id='block_1_20' title="bbox 525 2245 2118 2317">
    <p class='ocr_par' dir='ltr' id='par_1_20' title="bbox 525 2245 2118 2317">
     <span class='ocr_line' id='line_1_20' title="bbox 525 2245 2118 2317; baseline -0.002 -14"><span class='ocrx_word' id='word_1_193' title='bbox 525 2256 668 2304; x_wconf 89' lang='lat' dir='ltr'><strong>mata</strong></span> <span class='ocrx_word' id='word_1_194' title='bbox 704 2248 1026 2304; x_wconf 88' lang='lat' dir='ltr'><strong>cassabitur.</strong></span> <span class='ocrx_word' id='word_1_195' title='bbox 1056 2246 1242 2303; x_wconf 85' lang='lat' dir='ltr'><strong>Potest</strong></span> <span class='ocrx_word' id='word_1_196' title='bbox 1271 2254 1327 2302; x_wconf 90' lang='lat' dir='ltr'><strong>et</strong></span> <span class='ocrx_word' id='word_1_197' title='bbox 1362 2247 1475 2317; x_wconf 90' lang='lat' dir='ltr'><strong>ipse</strong></span> <span class='ocrx_word' id='word_1_198' title='bbox 1504 2260 1609 2301; x_wconf 91' lang='lat' dir='ltr'><strong>non</strong></span> <span class='ocrx_word' id='word_1_199' title='bbox 1642 2246 1758 2302; x_wconf 90' lang='lat' dir='ltr'><strong>sine</strong></span> <span class='ocrx_word' id='word_1_200' title='bbox 1784 2246 1995 2301; x_wconf 84' lang='lat' dir='ltr'><strong>ratione</strong></span> <span class='ocrx_word' id='word_1_201' title='bbox 2033 2245 2118 2300; x_wconf 87' lang='lat' dir='ltr'><strong>in-</strong></span> 
     </span>
    </p>
   </div>
   <div class='ocr_carea' id='block_1_21' title="bbox 529 2335 2116 2409">
    <p class='ocr_par' dir='ltr' id='par_1_21' title="bbox 529 2335 2116 2409">
     <span class='ocr_line' id='line_1_21' title="bbox 529 2335 2116 2409; baseline -0.003 -15"><span class='ocrx_word' id='word_1_202' title='bbox 529 2346 612 2394; x_wconf 89' lang='lat' dir='ltr'><strong>ter</strong></span> <span class='ocrx_word' id='word_1_203' title='bbox 637 2339 883 2393; x_wconf 89' lang='lat' dir='ltr'><strong>militiam</strong></span> <span class='ocrx_word' id='word_1_204' title='bbox 907 2335 1028 2393; x_wconf 78' lang='lat' dir='ltr'><strong>eteli</strong></span> <span class='ocrx_word' id='word_1_205' title='bbox 1054 2337 1320 2408; x_wconf 89' lang='lat' dir='ltr'><strong>deputari,</strong></span> <span class='ocrx_word' id='word_1_206' title='bbox 1343 2352 1444 2409; x_wconf 90' lang='lat' dir='ltr'><strong>pro</strong></span> <span class='ocrx_word' id='word_1_207' title='bbox 1467 2352 1533 2393; x_wconf 90' lang='lat' dir='ltr'><strong>eo</strong></span> <span class='ocrx_word' id='word_1_208' title='bbox 1557 2337 1699 2409; x_wconf 89' lang='lat' dir='ltr'><strong>quod</strong></span> <span class='ocrx_word' id='word_1_209' title='bbox 1726 2351 1783 2392; x_wconf 88' lang='lat' dir='ltr'><strong>se</strong></span> <span class='ocrx_word' id='word_1_210' title='bbox 1809 2353 1914 2392; x_wconf 89' lang='lat' dir='ltr'><strong>non</strong></span> <span class='ocrx_word' id='word_1_211' title='bbox 1942 2336 2116 2392; x_wconf 90' lang='lat' dir='ltr'><strong>solum</strong></span> 
     </span>
    </p>
   </div>
   <div class='ocr_carea' id='block_1_22' title="bbox 522 2429 2115 2502">
    <p class='ocr_par' dir='ltr' id='par_1_22' title="bbox 522 2429 2115 2502">
     <span class='ocr_line' id='line_1_22' title="bbox 522 2429 2115 2502; baseline -0.002 -16"><span class='ocrx_word' id='word_1_212' title='bbox 522 2446 684 2502; x_wconf 85' lang='lat' dir='ltr'><strong>super</strong></span> <span class='ocrx_word' id='word_1_213' title='bbox 727 2446 917 2487; x_wconf 88' lang='lat' dir='ltr'><strong>omnes</strong></span> <span class='ocrx_word' id='word_1_214' title='bbox 959 2429 1200 2502; x_wconf 86' lang='lat' dir='ltr'><strong>angelos,</strong></span> <span class='ocrx_word' id='word_1_215' title='bbox 1249 2444 1439 2484; x_wconf 91' lang='lat' dir='ltr'><strong>verum</strong></span> <span class='ocrx_word' id='word_1_216' title='bbox 1480 2430 1646 2485; x_wconf 89' lang='lat' dir='ltr'><strong>etiam</strong></span> <span class='ocrx_word' id='word_1_217' title='bbox 1695 2445 1858 2499; x_wconf 90' lang='lat' dir='ltr'><strong>super</strong></span> <span class='ocrx_word' id='word_1_218' title='bbox 1896 2444 2115 2484; x_wconf 91' lang='lat' dir='ltr'><strong>omnem</strong></span> 
     </span>
    </p>
   </div>
   <div class='ocr_carea' id='block_1_23' title="bbox 523 2517 2113 2591">
    <p class='ocr_par' dir='ltr' id='par_1_23' title="bbox 523 2517 2113 2591">
     <span class='ocr_line' id='line_1_23' title="bbox 523 2517 2113 2591; baseline -0.004 -14"><span class='ocrx_word' id='word_1_219' title='bbox 523 2521 721 2577; x_wconf 71' lang='lat' dir='ltr'><strong>divinae</strong></span> <span class='ocrx_word' id='word_1_220' title='bbox 755 2519 1056 2591; x_wconf 83' lang='lat' dir='ltr'><strong>majestatis</strong></span> <span class='ocrx_word' id='word_1_221' title='bbox 1101 2518 1477 2574; x_wconf 86' lang='lat' dir='ltr'><strong>celsitudinem</strong></span> <span class='ocrx_word' id='word_1_222' title='bbox 1523 2517 1765 2574; x_wconf 83' lang='lat' dir='ltr'><strong>exaltare</strong></span> <span class='ocrx_word' id='word_1_223' title='bbox 1802 2526 2113 2589; x_wconf 72' lang='lat' dir='ltr'><strong>praesumet.</strong></span> 
     </span>
    </p>
   </div>
   <div class='ocr_carea' id='block_1_24' title="bbox 532 2608 2119 2680">
    <p class='ocr_par' dir='ltr' id='par_1_24' title="bbox 532 2608 2119 2680">
     <span class='ocr_line' id='line_1_24' title="bbox 532 2608 2119 2680; baseline -0.003 -14"><span class='ocrx_word' id='word_1_224' title='bbox 532 2611 846 2667; x_wconf 65' lang='lat' dir='ltr'><strong>V-isitabitur</strong></span> <span class='ocrx_word' id='word_1_225' title='bbox 871 2618 925 2667; x_wconf 90' lang='lat' dir='ltr'><strong>et</strong></span> <span class='ocrx_word' id='word_1_226' title='bbox 962 2625 1125 2680; x_wconf 88' lang='lat' dir='ltr'><strong>super</strong></span> <span class='ocrx_word' id='word_1_227' title='bbox 1149 2624 1305 2680; x_wconf 83' lang='lat' dir='ltr'><strong>reges</strong></span> <span class='ocrx_word' id='word_1_228' title='bbox 1342 2618 1500 2664; x_wconf 64' lang='lat' dir='ltr'><strong>terra:</strong></span> <span class='ocrx_word' id='word_1_229' title='bbox 1526 2608 1619 2679; x_wconf 89' lang='lat' dir='ltr'><strong>qui</strong></span> <span class='ocrx_word' id='word_1_230' title='bbox 1650 2618 1775 2663; x_wconf 88' lang='lat' dir='ltr'><strong>sunt</strong></span> <span class='ocrx_word' id='word_1_231' title='bbox 1810 2624 1972 2678; x_wconf 90' lang='lat' dir='ltr'><strong>super</strong></span> <span class='ocrx_word' id='word_1_232' title='bbox 2008 2616 2119 2662; x_wconf 88' lang='lat' dir='ltr'><strong>ter-</strong></span> 
     </span>
    </p>
   </div>
   <div class='ocr_carea' id='block_1_25' title="bbox 478 2696 2116 2768">
    <p class='ocr_par' dir='ltr' id='par_1_25' title="bbox 478 2696 2116 2768">
     <span class='ocr_line' id='line_1_25' title="bbox 478 2696 2116 2768; baseline -0.004 -9"><span class='ocrx_word' id='word_1_233' title='bbox 478 2696 483 2701; x_wconf 59' lang='grc'><strong><em>’</em></strong></span> <span class='ocrx_word' id='word_1_234' title='bbox 529 2716 661 2768; x_wconf 85' lang='lat' dir='ltr'><strong>ram,</strong></span> <span class='ocrx_word' id='word_1_235' title='bbox 703 2703 985 2758; x_wconf 92' lang='lat' dir='ltr'><strong>ministros</strong></span> <span class='ocrx_word' id='word_1_236' title='bbox 1028 2700 1280 2757; x_wconf 83' lang='lat' dir='ltr'><strong>videlicet</strong></span> <span class='ocrx_word' id='word_1_237' title='bbox 1322 2699 1671 2763; x_wconf 85' lang='lat' dir='ltr'><strong>Antichristi,</strong></span> <span class='ocrx_word' id='word_1_238' title='bbox 1720 2707 1775 2754; x_wconf 89' lang='lat' dir='ltr'><strong>et</strong></span> <span class='ocrx_word' id='word_1_239' title='bbox 1821 2697 2116 2754; x_wconf 77' lang='lat' dir='ltr'><strong>factionum</strong></span> 
     </span>
    </p>
   </div>
   <div class='ocr_carea' id='block_1_26' title="bbox 524 2792 2116 2867">
    <p class='ocr_par' dir='ltr' id='par_1_26' title="bbox 524 2792 2116 2867">
     <span class='ocr_line' id='line_1_26' title="bbox 524 2792 2116 2867; baseline -0.002 -18"><span class='ocrx_word' id='word_1_240' title='bbox 524 2797 888 2867; x_wconf 84' lang='lat' dir='ltr'><strong>fraudumque</strong></span> <span class='ocrx_word' id='word_1_241' title='bbox 934 2793 1051 2863; x_wconf 86' lang='lat' dir='ltr'><strong>ejus</strong></span> <span class='ocrx_word' id='word_1_242' title='bbox 1088 2794 1327 2850; x_wconf 82' lang='lat' dir='ltr'><strong>fautores</strong></span> <span class='ocrx_word' id='word_1_243' title='bbox 1360 2804 1415 2850; x_wconf 91' lang='lat' dir='ltr'><strong>et</strong></span> <span class='ocrx_word' id='word_1_244' title='bbox 1458 2802 1859 2863; x_wconf 82' lang='lat' dir='ltr'><strong>cooperatores,</strong></span> <span class='ocrx_word' id='word_1_245' title='bbox 1891 2792 1985 2864; x_wconf 93' lang='lat' dir='ltr'><strong>qui</strong></span> <span class='ocrx_word' id='word_1_246' title='bbox 2030 2792 2116 2847; x_wconf 89' lang='lat' dir='ltr'><strong>in-</strong></span> 
     </span>
    </p>
   </div>
   <div class='ocr_carea' id='block_1_27' title="bbox 525 2883 2119 2954">
    <p class='ocr_par' dir='ltr' id='par_1_27' title="bbox 525 2883 2119 2954">
     <span class='ocr_line' id='line_1_27' title="bbox 525 2883 2119 2954; baseline -0.003 -15"><span class='ocrx_word' id='word_1_247' title='bbox 525 2885 696 2943; x_wconf 84' lang='lat' dir='ltr'><strong>firmis</strong></span> <span class='ocrx_word' id='word_1_248' title='bbox 733 2901 799 2941; x_wconf 92' lang='lat' dir='ltr'><strong>ac</strong></span> <span class='ocrx_word' id='word_1_249' title='bbox 837 2883 1067 2941; x_wconf 89' lang='lat' dir='ltr'><strong>terrenis</strong></span> <span class='ocrx_word' id='word_1_250' title='bbox 1106 2884 1378 2939; x_wconf 88' lang='lat' dir='ltr'><strong>mentibus</strong></span> <span class='ocrx_word' id='word_1_251' title='bbox 1425 2883 1591 2954; x_wconf 90' lang='lat' dir='ltr'><strong>impio</strong></span> <span class='ocrx_word' id='word_1_252' title='bbox 1632 2884 1980 2938; x_wconf 88' lang='lat' dir='ltr'><strong>dominantur</strong></span> <span class='ocrx_word' id='word_1_253' title='bbox 2018 2883 2119 2936; x_wconf 91' lang='lat' dir='ltr'><strong>im-</strong></span> 
     </span>
    </p>
   </div>
   <div class='ocr_carea' id='block_1_28' title="bbox 524 2973 2116 3049">
    <p class='ocr_par' dir='ltr' id='par_1_28' title="bbox 524 2973 2116 3049">
     <span class='ocr_line' id='line_1_28' title="bbox 524 2973 2116 3049; baseline -0.002 -17"><span class='ocrx_word' id='word_1_254' title='bbox 524 2978 674 3047; x_wconf 86' lang='lat' dir='ltr'><strong>perio</strong></span> <span class='ocrx_word' id='word_1_255' title='bbox 701 2994 715 3029; x_wconf 87' lang='lat'><strong>:</strong></span> <span class='ocrx_word' id='word_1_256' title='bbox 744 2992 882 3049; x_wconf 86' lang='lat' dir='ltr'><strong>quos</strong></span> <span class='ocrx_word' id='word_1_257' title='bbox 928 2975 1152 3031; x_wconf 91' lang='lat' dir='ltr'><strong>dubium</strong></span> <span class='ocrx_word' id='word_1_258' title='bbox 1203 2983 1420 3031; x_wconf 86' lang='lat' dir='ltr'><strong>nonest</strong></span> <span class='ocrx_word' id='word_1_259' title='bbox 1464 2991 1583 3031; x_wconf 87' lang='lat' dir='ltr'><strong>esse</strong></span> <span class='ocrx_word' id='word_1_260' title='bbox 1613 2975 1905 3045; x_wconf 89' lang='lat' dir='ltr'><strong>perituros.</strong></span> <span class='ocrx_word' id='word_1_261' title='bbox 1953 2973 2116 3029; x_wconf 80' lang='lat' dir='ltr'><strong>Juxta</strong></span> 
     </span>
    </p>
   </div>
   <div class='ocr_carea' id='block_1_29' title="bbox 527 3067 2121 3140">
    <p class='ocr_par' dir='ltr' id='par_1_29' title="bbox 527 3067 2121 3140">
     <span class='ocr_line' id='line_1_29' title="bbox 527 3067 2121 3140; baseline -0.001 -16"><span class='ocrx_word' id='word_1_262' title='bbox 527 3072 671 3140; x_wconf 81' lang='lat' dir='ltr'><strong>quod</strong></span> <span class='ocrx_word' id='word_1_263' title='bbox 702 3072 756 3126; x_wconf 92' lang='lat' dir='ltr'><strong>in</strong></span> <span class='ocrx_word' id='word_1_264' title='bbox 787 3069 1099 3125; x_wconf 90' lang='lat' dir='ltr'><strong>hominibus</strong></span> <span class='ocrx_word' id='word_1_265' title='bbox 1128 3069 1220 3137; x_wconf 88' lang='lat' dir='ltr'><strong>qui</strong></span> <span class='ocrx_word' id='word_1_266' title='bbox 1248 3077 1437 3123; x_wconf 89' lang='lat' dir='ltr'><strong>contra</strong></span> <span class='ocrx_word' id='word_1_267' title='bbox 1467 3067 1769 3122; x_wconf 90' lang='lat' dir='ltr'><strong>Ecclesiam</strong></span> <span class='ocrx_word' id='word_1_268' title='bbox 1798 3076 2121 3123; x_wconf 80' lang='lat' dir='ltr'><strong>exarserunt</strong></span> 
     </span>
    </p>
   </div>
   <div class='ocr_carea' id='block_1_30' title="bbox 523 3161 2120 3235">
    <p class='ocr_par' dir='ltr' id='par_1_30' title="bbox 523 3161 2120 3235">
     <span class='ocr_line' id='line_1_30' title="bbox 523 3161 2120 3235; baseline 0.002 -19"><span class='ocrx_word' id='word_1_269' title='bbox 523 3161 729 3217; x_wconf 88' lang='lat' dir='ltr'><strong>factum</strong></span> <span class='ocrx_word' id='word_1_270' title='bbox 765 3177 887 3217; x_wconf 91' lang='lat' dir='ltr'><strong>esse</strong></span> <span class='ocrx_word' id='word_1_271' title='bbox 918 3162 1267 3233; x_wconf 88' lang='lat' dir='ltr'><strong>dignoscitur.</strong></span> <span class='ocrx_word' id='word_1_272' title='bbox 1288 3162 1355 3217; x_wconf 87' lang='lat' dir='ltr'><strong>Et</strong></span> <span class='ocrx_word' id='word_1_273' title='bbox 1378 3163 1697 3229; x_wconf 91' lang='lat' dir='ltr'><strong>notandum,</strong></span> <span class='ocrx_word' id='word_1_274' title='bbox 1731 3163 1873 3235; x_wconf 89' lang='lat' dir='ltr'><strong>quod</strong></span> <span class='ocrx_word' id='word_1_275' title='bbox 1908 3179 2015 3219; x_wconf 90' lang='lat' dir='ltr'><strong>non</strong></span> <span class='ocrx_word' id='word_1_276' title='bbox 2043 3164 2120 3220; x_wconf 89' lang='lat' dir='ltr'><strong>ait</strong></span> 
     </span>
    </p>
   </div>
   <div class='ocr_carea' id='block_1_31' title="bbox 2217 1234 3778 1307">
    <p class='ocr_par' dir='ltr' id='par_1_31' title="bbox 2217 1234 3778 1307">
     <span class='ocr_line' id='line_1_31' title="bbox 2217 1234 3778 1307; baseline 0.004 -17"><span class='ocrx_word' id='word_1_277' title='bbox 2217 1242 2435 1290; x_wconf 86' lang='lat' dir='ltr'><strong>sanctos</strong></span> <span class='ocrx_word' id='word_1_278' title='bbox 2453 1252 2467 1289; x_wconf 88' lang='lat'><strong>:</strong></span> <span class='ocrx_word' id='word_1_279' title='bbox 2485 1234 2541 1289; x_wconf 88' lang='lat' dir='ltr'><strong>in</strong></span> <span class='ocrx_word' id='word_1_280' title='bbox 2554 1249 2782 1305; x_wconf 88' lang='lat' dir='ltr'><strong>quorum</strong></span> <span class='ocrx_word' id='word_1_281' title='bbox 2800 1243 3091 1305; x_wconf 85' lang='lat' dir='ltr'><strong>conspectu</strong></span> <span class='ocrx_word' id='word_1_282' title='bbox 3112 1234 3389 1290; x_wconf 87' lang='lat' dir='ltr'><strong>Dominus</strong></span> <span class='ocrx_word' id='word_1_283' title='bbox 3410 1236 3778 1307; x_wconf 71' lang='lat' dir='ltr'><strong>glorifieabitar.</strong></span> 
     </span>
    </p>
   </div>
   <div class='ocr_carea' id='block_1_32' title="bbox 2218 1324 3776 1398">
    <p class='ocr_par' dir='ltr' id='par_1_32' title="bbox 2218 1324 3776 1398">
     <span class='ocr_line' id='line_1_32' title="bbox 2218 1324 3776 1398; baseline 0.001 -18"><span class='ocrx_word' id='word_1_284' title='bbox 2218 1326 2435 1397; x_wconf 89' lang='lat' dir='ltr'><strong>quando</strong></span> <span class='ocrx_word' id='word_1_285' title='bbox 2488 1325 2646 1381; x_wconf 90' lang='lat' dir='ltr'><strong>ibunt</strong></span> <span class='ocrx_word' id='word_1_286' title='bbox 2691 1326 2841 1398; x_wconf 89' lang='lat' dir='ltr'><strong>impii</strong></span> <span class='ocrx_word' id='word_1_287' title='bbox 2890 1327 2945 1382; x_wconf 92' lang='lat' dir='ltr'><strong>in</strong></span> <span class='ocrx_word' id='word_1_288' title='bbox 2990 1324 3317 1398; x_wconf 89' lang='lat' dir='ltr'><strong>supplicium</strong></span> <span class='ocrx_word' id='word_1_289' title='bbox 3376 1336 3677 1392; x_wconf 62' lang='lat' dir='ltr'><strong>aeternum,</strong></span> <span class='ocrx_word' id='word_1_290' title='bbox 3717 1332 3776 1398; x_wconf 59' lang='lat' dir='ltr'><strong>ns;</strong></span> 
     </span>
    </p>
   </div>
   <div class='ocr_carea' id='block_1_33' title="bbox 2219 1417 3770 1491">
    <p class='ocr_par' dir='ltr' id='par_1_33' title="bbox 2219 1417 3770 1491">
     <span class='ocr_line' id='line_1_33' title="bbox 2219 1417 3770 1491; baseline 0.003 -18"><span class='ocrx_word' id='word_1_291' title='bbox 2219 1426 2401 1474; x_wconf 88' lang='lat' dir='ltr'><strong>autem</strong></span> <span class='ocrx_word' id='word_1_292' title='bbox 2449 1419 2504 1474; x_wconf 93' lang='lat' dir='ltr'><strong>in</strong></span> <span class='ocrx_word' id='word_1_293' title='bbox 2547 1420 2717 1475; x_wconf 87' lang='lat' dir='ltr'><strong>vitam</strong></span> <span class='ocrx_word' id='word_1_294' title='bbox 2746 1429 3002 1475; x_wconf 61' lang='lat' dir='ltr'><strong>(sternam</strong></span> <span class='ocrx_word' id='word_1_295' title='bbox 3034 1417 3250 1491; x_wconf 77' lang='lat' dir='ltr'><strong>(Matth.</strong></span> <span class='ocrx_word' id='word_1_296' title='bbox 3279 1419 3460 1490; x_wconf 79' lang='lat' dir='ltr'><strong>xxv).</strong></span> <span class='ocrx_word' id='word_1_297' title='bbox 3508 1419 3770 1477; x_wconf 61' lang='lat' dir='ltr'><strong>Gloriﬁcats</strong></span> 
     </span>
    </p>
   </div>
   <div class='ocr_carea' id='block_1_34' title="bbox 2219 1510 3767 1583">
    <p class='ocr_par' dir='ltr' id='par_1_34' title="bbox 2219 1510 3767 1583">
     <span class='ocr_line' id='line_1_34' title="bbox 2219 1510 3767 1583; baseline 0.001 -16"><span class='ocrx_word' id='word_1_298' title='bbox 2219 1521 2398 1568; x_wconf 84' lang='lat' dir='ltr'><strong>autem</strong></span> <span class='ocrx_word' id='word_1_299' title='bbox 2414 1513 2652 1579; x_wconf 89' lang='lat' dir='ltr'><strong>Domini,</strong></span> <span class='ocrx_word' id='word_1_300' title='bbox 2674 1529 2781 1568; x_wconf 92' lang='lat' dir='ltr'><strong>non</strong></span> <span class='ocrx_word' id='word_1_301' title='bbox 2807 1528 2871 1568; x_wconf 89' lang='lat' dir='ltr'><strong>ea</strong></span> <span class='ocrx_word' id='word_1_302' title='bbox 2898 1528 2999 1583; x_wconf 92' lang='lat' dir='ltr'><strong>qua</strong></span> <span class='ocrx_word' id='word_1_303' title='bbox 3027 1513 3235 1567; x_wconf 88' lang='lat' dir='ltr'><strong>cunctis</strong></span> <span class='ocrx_word' id='word_1_304' title='bbox 3257 1512 3315 1566; x_wconf 90' lang='lat' dir='ltr'><strong>in</strong></span> <span class='ocrx_word' id='word_1_305' title='bbox 3341 1510 3577 1581; x_wconf 88' lang='lat' dir='ltr'><strong>judicio</strong></span> <span class='ocrx_word' id='word_1_306' title='bbox 3600 1515 3767 1581; x_wconf 54' lang='lat' dir='ltr'><strong>etin}</strong></span> 
     </span>
    </p>
   </div>
   <div class='ocr_carea' id='block_1_35' title="bbox 2219 1604 3831 1678">
    <p class='ocr_par' dir='ltr' id='par_1_35' title="bbox 2219 1604 3831 1678">
     <span class='ocr_line' id='line_1_35' title="bbox 2219 1604 3831 1678; baseline 0 -16"><span class='ocrx_word' id='word_1_307' title='bbox 2219 1605 2320 1662; x_wconf 87' lang='lat' dir='ltr'><strong>stis</strong></span> <span class='ocrx_word' id='word_1_308' title='bbox 2354 1606 2636 1678; x_wconf 88' lang='lat' dir='ltr'><strong>apparebit</strong></span> <span class='ocrx_word' id='word_1_309' title='bbox 2664 1615 2749 1661; x_wconf 87' lang='lat' dir='ltr'><strong>est</strong></span> <span class='ocrx_word' id='word_1_310' title='bbox 2783 1604 3150 1676; x_wconf 86' lang='lat' dir='ltr'><strong>intelligenda,</strong></span> <span class='ocrx_word' id='word_1_311' title='bbox 3191 1605 3284 1660; x_wconf 89' lang='lat' dir='ltr'><strong>sed</strong></span> <span class='ocrx_word' id='word_1_312' title='bbox 3324 1604 3430 1659; x_wconf 88' lang='lat' dir='ltr'><strong>illa</strong></span> <span class='ocrx_word' id='word_1_313' title='bbox 3469 1621 3579 1675; x_wconf 84' lang='lat' dir='ltr'><strong>qua</strong></span> <span class='ocrx_word' id='word_1_314' title='bbox 3616 1607 3663 1661; x_wconf 85' lang='lat' dir='ltr'><strong>in</strong></span> <span class='ocrx_word' id='word_1_315' title='bbox 3686 1624 3762 1662; x_wconf 58' lang='lat' dir='ltr'><strong>ore</strong></span> <span class='ocrx_word' id='word_1_316' title='bbox 3830 1656 3831 1678; x_wconf 26' lang='lat'>1</span> 
     </span>
    </p>
   </div>
   <div class='ocr_carea' id='block_1_36' title="bbox 2221 1695 3755 1767">
    <p class='ocr_par' dir='ltr' id='par_1_36' title="bbox 2221 1695 3755 1767">
     <span class='ocr_line' id='line_1_36' title="bbox 2221 1695 3755 1767; baseline 0.001 -16"><span class='ocrx_word' id='word_1_317' title='bbox 2221 1705 2408 1767; x_wconf 89' lang='lat' dir='ltr'><strong>spectu</strong></span> <span class='ocrx_word' id='word_1_318' title='bbox 2447 1712 2634 1753; x_wconf 91' lang='lat' dir='ltr'><strong>senum</strong></span> <span class='ocrx_word' id='word_1_319' title='bbox 2668 1711 2891 1752; x_wconf 91' lang='lat' dir='ltr'><strong>suorum</strong></span> <span class='ocrx_word' id='word_1_320' title='bbox 2934 1697 3337 1763; x_wconf 87' lang='lat' dir='ltr'><strong>tantummodo,</strong></span> <span class='ocrx_word' id='word_1_321' title='bbox 3391 1695 3456 1750; x_wconf 90' lang='lat' dir='ltr'><strong>id</strong></span> <span class='ocrx_word' id='word_1_322' title='bbox 3487 1706 3592 1764; x_wconf 87' lang='lat' dir='ltr'><strong>est,</strong></span> <span class='ocrx_word' id='word_1_323' title='bbox 3626 1698 3755 1753; x_wconf 66' lang='lat' dir='ltr'><strong>electa-</strong></span> 
     </span>
    </p>
   </div>
   <div class='ocr_carea' id='block_1_37' title="bbox 2222 1787 2728 1846">
    <p class='ocr_par' dir='ltr' id='par_1_37' title="bbox 2222 1787 2728 1846">
     <span class='ocr_line' id='line_1_37' title="bbox 2222 1787 2728 1846; baseline -0.002 -2"><span class='ocrx_word' id='word_1_324' title='bbox 2222 1804 2341 1845; x_wconf 89' lang='lat' dir='ltr'><strong>rum</strong></span> <span class='ocrx_word' id='word_1_325' title='bbox 2379 1787 2728 1846; x_wconf 82' lang='lat' dir='ltr'><strong>revelabitur.</strong></span> 
     </span>
    </p>
   </div>
   <div class='ocr_carea' id='block_1_38' title="bbox 2785 1929 3254 1987">
    <p class='ocr_par' dir='ltr' id='par_1_38' title="bbox 2785 1929 3254 1987">
     <span class='ocr_line' id='line_1_38' title="bbox 2785 1929 3254 1987; baseline -0.002 0"><span class='ocrx_word' id='word_1_326' title='bbox 2785 1929 3013 1987; x_wconf 78' lang='lat' dir='ltr'><strong>CAPUT</strong></span> <span class='ocrx_word' id='word_1_327' title='bbox 3064 1929 3254 1987; x_wconf 66' lang='lat' dir='ltr'><strong>XXV.</strong></span> 
     </span>
    </p>
   </div>
   <div class='ocr_carea' id='block_1_39' title="bbox 2296 2064 3736 2139">
    <p class='ocr_par' dir='ltr' id='par_1_39' title="bbox 2296 2064 3736 2139">
     <span class='ocr_line' id='line_1_39' title="bbox 2296 2064 3736 2139; baseline 0.003 -21"><span class='ocrx_word' id='word_1_328' title='bbox 2296 2086 2314 2118; x_wconf 84' lang='grc'><strong>‹</strong></span> <span class='ocrx_word' id='word_1_329' title='bbox 2337 2064 2561 2122; x_wconf 91' lang='lat' dir='ltr'><strong>Domine</strong></span> <span class='ocrx_word' id='word_1_330' title='bbox 2586 2064 2732 2120; x_wconf 87' lang='lat' dir='ltr'><strong>Deus</strong></span> <span class='ocrx_word' id='word_1_331' title='bbox 2758 2080 2934 2131; x_wconf 90' lang='lat' dir='ltr'><strong>meus,</strong></span> <span class='ocrx_word' id='word_1_332' title='bbox 2961 2064 3211 2120; x_wconf 87' lang='lat' dir='ltr'><strong>exaltabo</strong></span> <span class='ocrx_word' id='word_1_333' title='bbox 3242 2075 3316 2121; x_wconf 88' lang='lat' dir='ltr'><strong>te.</strong></span> <span class='ocrx_word' id='word_1_334' title='bbox 3352 2086 3375 2117; x_wconf 70' lang='grc' dir='ltr'><strong>ι</strong></span> <span class='ocrx_word' id='word_1_335' title='bbox 3410 2065 3527 2122; x_wconf 73' lang='lat' dir='ltr'><strong>Vox</strong></span> <span class='ocrx_word' id='word_1_336' title='bbox 3554 2068 3736 2139; x_wconf 70' lang='lat' dir='ltr'><strong>propinet:</strong></span> 
     </span>
    </p>
   </div>
   <div class='ocr_carea' id='block_1_40' title="bbox 2218 2155 3732 2231">
    <p class='ocr_par' dir='ltr' id='par_1_40' title="bbox 2218 2155 3732 2231">
     <span class='ocr_line' id='line_1_40' title="bbox 2218 2155 3732 2231; baseline -0.001 -17"><span class='ocrx_word' id='word_1_337' title='bbox 2218 2158 2285 2214; x_wconf 90' lang='lat' dir='ltr'><strong>de</strong></span> <span class='ocrx_word' id='word_1_338' title='bbox 2315 2156 2401 2213; x_wconf 90' lang='lat' dir='ltr'><strong>die</strong></span> <span class='ocrx_word' id='word_1_339' title='bbox 2418 2155 2609 2225; x_wconf 90' lang='lat' dir='ltr'><strong>judicii</strong></span> <span class='ocrx_word' id='word_1_340' title='bbox 2638 2155 2898 2227; x_wconf 89' lang='lat' dir='ltr'><strong>loquens:</strong></span> <span class='ocrx_word' id='word_1_341' title='bbox 2924 2155 3186 2211; x_wconf 87' lang='lat' dir='ltr'><strong>Exaltaho</strong></span> <span class='ocrx_word' id='word_1_342' title='bbox 3212 2165 3289 2222; x_wconf 89' lang='lat' dir='ltr'><strong>te,</strong></span> <span class='ocrx_word' id='word_1_343' title='bbox 3327 2158 3396 2212; x_wconf 89' lang='lat' dir='ltr'><strong>id</strong></span> <span class='ocrx_word' id='word_1_344' title='bbox 3433 2166 3537 2223; x_wconf 88' lang='lat' dir='ltr'><strong>est,</strong></span> <span class='ocrx_word' id='word_1_345' title='bbox 3565 2174 3732 2231; x_wconf 62' lang='lat' dir='ltr'><strong>magna</strong></span> 
     </span>
    </p>
   </div>
   <div class='ocr_carea' id='block_1_41' title="bbox 2216 2246 3831 2321">
    <p class='ocr_par' dir='ltr' id='par_1_41' title="bbox 2216 2246 3831 2321">
     <span class='ocr_line' id='line_1_41' title="bbox 2216 2246 3831 2321; baseline 0.002 -17"><span class='ocrx_word' id='word_1_346' title='bbox 2216 2248 2524 2321; x_wconf 63' lang='lat' dir='ltr'><strong>praedicabo</strong></span> <span class='ocrx_word' id='word_1_347' title='bbox 2562 2256 2632 2303; x_wconf 89' lang='lat' dir='ltr'><strong>te.</strong></span> <span class='ocrx_word' id='word_1_348' title='bbox 2690 2266 2708 2300; x_wconf 84' lang='grc'><em>‹</em></span> <span class='ocrx_word' id='word_1_349' title='bbox 2749 2246 3059 2303; x_wconf 81' lang='lat' dir='ltr'><strong>Confitebor</strong></span> <span class='ocrx_word' id='word_1_350' title='bbox 3110 2248 3323 2303; x_wconf 91' lang='lat' dir='ltr'><strong>nomini</strong></span> <span class='ocrx_word' id='word_1_351' title='bbox 3396 2256 3510 2315; x_wconf 88' lang='lat' dir='ltr'><strong>tuo,</strong></span> <span class='ocrx_word' id='word_1_352' title='bbox 3548 2270 3566 2301; x_wconf 71' lang='grc' dir='ltr'><strong><em>ι</em></strong></span> <span class='ocrx_word' id='word_1_353' title='bbox 3604 2251 3725 2307; x_wconf 75' lang='lat' dir='ltr'><strong>idest</strong></span> <span class='ocrx_word' id='word_1_354' title='bbox 3830 2266 3831 2275; x_wconf 75' lang='lat'>‘</span> 
     </span>
    </p>
   </div>
   <div class='ocr_carea' id='block_1_42' title="bbox 2218 2326 3831 2411">
    <p class='ocr_par' dir='ltr' id='par_1_42' title="bbox 2218 2326 3831 2411">
     <span class='ocr_line' id='line_1_42' title="bbox 2218 2326 3831 2411; baseline 0.001 -18"><span class='ocrx_word' id='word_1_355' title='bbox 2218 2339 2424 2410; x_wconf 86' lang='lat' dir='ltr'><strong>gratias</strong></span> <span class='ocrx_word' id='word_1_356' title='bbox 2459 2354 2561 2410; x_wconf 89' lang='lat' dir='ltr'><strong>ago</strong></span> <span class='ocrx_word' id='word_1_357' title='bbox 2594 2337 2711 2393; x_wconf 86' lang='lat' dir='ltr'><strong>tibi.</strong></span> <span class='ocrx_word' id='word_1_358' title='bbox 2739 2335 2958 2393; x_wconf 89' lang='lat' dir='ltr'><strong>Gratias</strong></span> <span class='ocrx_word' id='word_1_359' title='bbox 2987 2337 3099 2411; x_wconf 87' lang='lat' dir='ltr'><strong>agit</strong></span> <span class='ocrx_word' id='word_1_360' title='bbox 3127 2337 3414 2409; x_wconf 82' lang='lat' dir='ltr'><strong>propheta</strong></span> <span class='ocrx_word' id='word_1_361' title='bbox 3441 2340 3713 2395; x_wconf 58' lang='lat' dir='ltr'><strong>Dominam.</strong></span> <span class='ocrx_word' id='word_1_362' title='bbox 3830 2326 3831 2335; x_wconf 40' lang='grc'><em>“</em></span> 
     </span>
    </p>
   </div>
   <div class='ocr_carea' id='block_1_43' title="bbox 2224 2427 3695 2501">
    <p class='ocr_par' dir='ltr' id='par_1_43' title="bbox 2224 2427 3695 2501">
     <span class='ocr_line' id='line_1_43' title="bbox 2224 2427 3695 2501; baseline -0.001 -18"><span class='ocrx_word' id='word_1_363' title='bbox 2224 2451 2243 2483; x_wconf 72' lang='grc' dir='ltr'><strong><em>ι</em></strong></span> <span class='ocrx_word' id='word_1_364' title='bbox 2288 2430 2415 2501; x_wconf 90' lang='lat' dir='ltr'><strong>quia</strong></span> <span class='ocrx_word' id='word_1_365' title='bbox 2456 2427 2587 2486; x_wconf 83' lang='lat' dir='ltr'><strong>fecit</strong></span> <span class='ocrx_word' id='word_1_366' title='bbox 2631 2429 2900 2485; x_wconf 89' lang='lat' dir='ltr'><strong>mirabilia</strong></span> <span class='ocrx_word' id='word_1_367' title='bbox 2940 2438 2996 2483; x_wconf 91' lang='lat' dir='ltr'><strong>et</strong></span> <span class='ocrx_word' id='word_1_368' title='bbox 3033 2429 3415 2501; x_wconf 79' lang='lat' dir='ltr'><strong>cogitationes</strong></span> <span class='ocrx_word' id='word_1_369' title='bbox 3468 2434 3629 2500; x_wconf 56' lang='lat' dir='ltr'><strong>amissas</strong></span> <span class='ocrx_word' id='word_1_370' title='bbox 3655 2430 3695 2481; x_wconf 71' lang='grc' dir='ltr'><strong><em>ἰο</em></strong></span> 
     </span>
    </p>
   </div>
   <div class='ocr_carea' id='block_1_44' title="bbox 2220 2516 3693 2591">
    <p class='ocr_par' dir='ltr' id='par_1_44' title="bbox 2220 2516 3693 2591">
     <span class='ocr_line' id='line_1_44' title="bbox 2220 2516 3693 2591; baseline -0.003 -16"><span class='ocrx_word' id='word_1_371' title='bbox 2220 2519 2384 2575; x_wconf 90' lang='lat' dir='ltr'><strong>deles.</strong></span> <span class='ocrx_word' id='word_1_372' title='bbox 2415 2521 2609 2575; x_wconf 84' lang='lat' dir='ltr'><strong>Amen.</strong></span> <span class='ocrx_word' id='word_1_373' title='bbox 2635 2539 2655 2573; x_wconf 75' lang='grc' dir='ltr'><strong><em>ι</em></strong></span> <span class='ocrx_word' id='word_1_374' title='bbox 2688 2516 2954 2574; x_wconf 85' lang='lat' dir='ltr'><strong>Mirabilia</strong></span> <span class='ocrx_word' id='word_1_375' title='bbox 2995 2518 3143 2586; x_wconf 88' lang='lat' dir='ltr'><strong>fecit,</strong></span> <span class='ocrx_word' id='word_1_376' title='bbox 3172 2521 3420 2591; x_wconf 83' lang='lat' dir='ltr'><strong>quando</strong></span> <span class='ocrx_word' id='word_1_377' title='bbox 3439 2520 3550 2589; x_wconf 69' lang='lat' dir='ltr'><strong>juais</strong></span> <span class='ocrx_word' id='word_1_378' title='bbox 3574 2531 3611 2572; x_wconf 78' lang='lat' dir='ltr'><strong>et</strong></span> <span class='ocrx_word' id='word_1_379' title='bbox 3630 2518 3693 2570; x_wconf 75' lang='lat' dir='ltr'><strong>im-</strong></span> 
     </span>
    </p>
   </div>
   <div class='ocr_carea' id='block_1_45' title="bbox 2218 2611 3704 2685">
    <p class='ocr_par' dir='ltr' id='par_1_45' title="bbox 2218 2611 3704 2685">
     <span class='ocr_line' id='line_1_45' title="bbox 2218 2611 3704 2685; baseline -0.001 -18"><span class='ocrx_word' id='word_1_380' title='bbox 2218 2612 2322 2685; x_wconf 90' lang='lat' dir='ltr'><strong>piis</strong></span> <span class='ocrx_word' id='word_1_381' title='bbox 2360 2611 2516 2681; x_wconf 83' lang='lat' dir='ltr'><strong>juxta</strong></span> <span class='ocrx_word' id='word_1_382' title='bbox 2557 2612 2703 2684; x_wconf 91' lang='lat' dir='ltr'><strong>quod</strong></span> <span class='ocrx_word' id='word_1_383' title='bbox 2742 2612 3112 2680; x_wconf 84' lang='lat' dir='ltr'><strong>merebantur,</strong></span> <span class='ocrx_word' id='word_1_384' title='bbox 3142 2613 3413 2669; x_wconf 86' lang='lat' dir='ltr'><strong>reddidit.</strong></span> <span class='ocrx_word' id='word_1_385' title='bbox 3460 2614 3704 2684; x_wconf 54' lang='lat' dir='ltr'><strong>agitationes</strong></span> 
     </span>
    </p>
   </div>
   <div class='ocr_carea' id='block_1_46' title="bbox 2220 2706 3709 2778">
    <p class='ocr_par' dir='ltr' id='par_1_46' title="bbox 2220 2706 3709 2778">
     <span class='ocr_line' id='line_1_46' title="bbox 2220 2706 3709 2778; baseline -0.002 -18"><span class='ocrx_word' id='word_1_386' title='bbox 2220 2707 2453 2777; x_wconf 72' lang='lat' dir='ltr'><strong>antiquae</strong></span> <span class='ocrx_word' id='word_1_387' title='bbox 2506 2715 2699 2773; x_wconf 88' lang='lat' dir='ltr'><strong>erant,</strong></span> <span class='ocrx_word' id='word_1_388' title='bbox 2760 2708 2887 2778; x_wconf 90' lang='lat' dir='ltr'><strong>quia</strong></span> <span class='ocrx_word' id='word_1_389' title='bbox 2942 2714 3067 2763; x_wconf 86' lang='lat' dir='ltr'><strong>ante</strong></span> <span class='ocrx_word' id='word_1_390' title='bbox 3117 2707 3316 2762; x_wconf 90' lang='lat' dir='ltr'><strong>mundi</strong></span> <span class='ocrx_word' id='word_1_391' title='bbox 3377 2706 3709 2763; x_wconf 68' lang='lat' dir='ltr'><strong>constitutin</strong></span> 
     </span>
    </p>
   </div>
   <div class='ocr_carea' id='block_1_47' title="bbox 2218 2795 3707 2868">
    <p class='ocr_par' dir='ltr' id='par_1_47' title="bbox 2218 2795 3707 2868">
     <span class='ocr_line' id='line_1_47' title="bbox 2218 2795 3707 2868; baseline -0.004 -16"><span class='ocrx_word' id='word_1_392' title='bbox 2218 2796 2625 2867; x_wconf 68' lang='lat' dir='ltr'><strong>praedestinavit</strong></span> <span class='ocrx_word' id='word_1_393' title='bbox 2671 2797 2875 2854; x_wconf 89' lang='lat' dir='ltr'><strong>electos</strong></span> <span class='ocrx_word' id='word_1_394' title='bbox 2923 2813 3072 2854; x_wconf 91' lang='lat' dir='ltr'><strong>suos.</strong></span> <span class='ocrx_word' id='word_1_395' title='bbox 3118 2796 3279 2853; x_wconf 88' lang='lat' dir='ltr'><strong>Sicut</strong></span> <span class='ocrx_word' id='word_1_396' title='bbox 3326 2799 3454 2854; x_wconf 86' lang='lat' dir='ltr'><strong>dicit</strong></span> <span class='ocrx_word' id='word_1_397' title='bbox 3486 2795 3707 2868; x_wconf 71' lang='lat' dir='ltr'><strong>Apostolus:</strong></span> 
     </span>
    </p>
   </div>
   <div class='ocr_carea' id='block_1_48' title="bbox 2226 2877 3715 2961">
    <p class='ocr_par' dir='ltr' id='par_1_48' title="bbox 2226 2877 3715 2961">
     <span class='ocr_line' id='line_1_48' title="bbox 2226 2877 3715 2961; baseline 0.003 -22"><span class='ocrx_word' id='word_1_398' title='bbox 2226 2906 2245 2939; x_wconf 69' lang='grc' dir='ltr'><strong>ο</strong></span> <span class='ocrx_word' id='word_1_399' title='bbox 2288 2886 2390 2956; x_wconf 91' lang='lat' dir='ltr'><strong>Qui</strong></span> <span class='ocrx_word' id='word_1_400' title='bbox 2422 2888 2585 2961; x_wconf 87' lang='lat' dir='ltr'><strong>elegit</strong></span> <span class='ocrx_word' id='word_1_401' title='bbox 2614 2877 2712 2945; x_wconf 84' lang='lat' dir='ltr'><strong>nos</strong></span> <span class='ocrx_word' id='word_1_402' title='bbox 2752 2889 2807 2944; x_wconf 94' lang='lat' dir='ltr'><strong>in</strong></span> <span class='ocrx_word' id='word_1_403' title='bbox 2836 2889 2953 2960; x_wconf 88' lang='lat' dir='ltr'><strong>ipso</strong></span> <span class='ocrx_word' id='word_1_404' title='bbox 2978 2897 3106 2945; x_wconf 89' lang='lat' dir='ltr'><strong>ante</strong></span> <span class='ocrx_word' id='word_1_405' title='bbox 3139 2890 3335 2946; x_wconf 87' lang='lat' dir='ltr'><strong>mundi</strong></span> <span class='ocrx_word' id='word_1_406' title='bbox 3374 2889 3715 2946; x_wconf 73' lang='lat' dir='ltr'><strong>constiuttiooea</strong></span> 
     </span>
    </p>
   </div>
   <div class='ocr_carea' id='block_1_49' title="bbox 2222 2977 2581 3050">
    <p class='ocr_par' dir='ltr' id='par_1_49' title="bbox 2222 2977 2581 3050">
     <span class='ocr_line' id='line_1_49' title="bbox 2222 2977 2581 3050; baseline 0 -19"><span class='ocrx_word' id='word_1_407' title='bbox 2222 2977 2439 3050; x_wconf 80' lang='lat' dir='ltr'><strong>(Ephes.</strong></span> <span class='ocrx_word' id='word_1_408' title='bbox 2470 2978 2533 3050; x_wconf 86' lang='grc' dir='ltr'><strong>ι).</strong></span> <span class='ocrx_word' id='word_1_409' title='bbox 2563 2998 2581 3031; x_wconf 73' lang='grc' dir='ltr'><strong>ι</strong></span> 
     </span>
    </p>
   </div>
   <div class='ocr_carea' id='block_1_50' title="bbox 2296 3068 3716 3141">
    <p class='ocr_par' dir='ltr' id='par_1_50' title="bbox 2296 3068 3716 3141">
     <span class='ocr_line' id='line_1_50' title="bbox 2296 3068 3716 3141; baseline 0 -18"><span class='ocrx_word' id='word_1_410' title='bbox 2296 3090 2315 3122; x_wconf 87' lang='grc'><strong>‹</strong></span> <span class='ocrx_word' id='word_1_411' title='bbox 2351 3068 2487 3138; x_wconf 91' lang='lat' dir='ltr'><strong>Quia</strong></span> <span class='ocrx_word' id='word_1_412' title='bbox 2530 3070 2758 3141; x_wconf 87' lang='lat' dir='ltr'><strong>posuisti</strong></span> <span class='ocrx_word' id='word_1_413' title='bbox 2795 3071 3071 3126; x_wconf 87' lang='lat' dir='ltr'><strong>civitatem</strong></span> <span class='ocrx_word' id='word_1_414' title='bbox 3111 3072 3165 3126; x_wconf 92' lang='lat' dir='ltr'><strong>in</strong></span> <span class='ocrx_word' id='word_1_415' title='bbox 3201 3072 3467 3127; x_wconf 87' lang='lat' dir='ltr'><strong>tumulum.</strong></span> <span class='ocrx_word' id='word_1_416' title='bbox 3493 3091 3511 3125; x_wconf 74' lang='grc' dir='ltr'><strong><em>ι</em></strong></span> <span class='ocrx_word' id='word_1_417' title='bbox 3546 3069 3716 3137; x_wconf 78' lang='lat' dir='ltr'><strong>Quidam</strong></span> 
     </span>
    </p>
   </div>
   <div class='ocr_carea' id='block_1_51' title="bbox 2222 3157 3717 3232">
    <p class='ocr_par' dir='ltr' id='par_1_51' title="bbox 2222 3157 3717 3232">
     <span class='ocr_line' id='line_1_51' title="bbox 2222 3157 3717 3232; baseline -0.002 -18"><span class='ocrx_word' id='word_1_418' title='bbox 2222 3160 2426 3214; x_wconf 88' lang='lat' dir='ltr'><strong>habent</strong></span> <span class='ocrx_word' id='word_1_419' title='bbox 2451 3161 2505 3213; x_wconf 90' lang='lat' dir='ltr'><strong>in</strong></span> <span class='ocrx_word' id='word_1_420' title='bbox 2533 3161 2846 3214; x_wconf 86' lang='lat' dir='ltr'><strong>tumultum.</strong></span> <span class='ocrx_word' id='word_1_421' title='bbox 2872 3159 2933 3215; x_wconf 88' lang='lat' dir='ltr'><strong>lu</strong></span> <span class='ocrx_word' id='word_1_422' title='bbox 2962 3160 3230 3216; x_wconf 90' lang='lat' dir='ltr'><strong>tumulum</strong></span> <span class='ocrx_word' id='word_1_423' title='bbox 3254 3164 3411 3232; x_wconf 78' lang='lat' dir='ltr'><strong>posita</strong></span> <span class='ocrx_word' id='word_1_424' title='bbox 3433 3168 3518 3221; x_wconf 83' lang='lat' dir='ltr'><strong>est,</strong></span> <span class='ocrx_word' id='word_1_425' title='bbox 3547 3157 3717 3228; x_wconf 77' lang='lat' dir='ltr'><strong>quando</strong></span> 
     </span>
    </p>
   </div>
   <div class='ocr_carea' id='block_1_52' title="bbox 527 3247 3707 3325">
    <p class='ocr_par' dir='ltr' id='par_1_52' title="bbox 527 3247 3707 3325">
     <span class='ocr_line' id='line_1_52' title="bbox 527 3247 3707 3325; baseline -0.003 -17"><span class='ocrx_word' id='word_1_426' title='bbox 527 3260 714 3325; x_wconf 85' lang='lat' dir='ltr'><strong>aperte</strong></span> <span class='ocrx_word' id='word_1_427' title='bbox 752 3268 766 3305; x_wconf 89' lang='lat'><strong>:</strong></span> <span class='ocrx_word' id='word_1_428' title='bbox 805 3251 980 3321; x_wconf 89' lang='lat' dir='ltr'><strong>Super</strong></span> <span class='ocrx_word' id='word_1_429' title='bbox 1005 3266 1194 3307; x_wconf 89' lang='lat' dir='ltr'><strong>omnes</strong></span> <span class='ocrx_word' id='word_1_430' title='bbox 1233 3266 1388 3324; x_wconf 85' lang='lat' dir='ltr'><strong>reges</strong></span> <span class='ocrx_word' id='word_1_431' title='bbox 1420 3260 1598 3308; x_wconf 73' lang='lat' dir='ltr'><strong>terrae.</strong></span> <span class='ocrx_word' id='word_1_432' title='bbox 1648 3252 1802 3308; x_wconf 92' lang='lat' dir='ltr'><strong>Sicut</strong></span> <span class='ocrx_word' id='word_1_433' title='bbox 1830 3270 1929 3308; x_wconf 91' lang='lat' dir='ltr'><strong>nec</strong></span> <span class='ocrx_word' id='word_1_434' title='bbox 1954 3269 2117 3325; x_wconf 85' lang='lat' dir='ltr'><strong>super</strong></span> <span class='ocrx_word' id='word_1_435' title='bbox 2149 3314 2187 3325; x_wconf 76' lang='lat'>_</span> <span class='ocrx_word' id='word_1_436' title='bbox 2221 3251 2496 3307; x_wconf 88' lang='lat' dir='ltr'><strong>destructa</strong></span> <span class='ocrx_word' id='word_1_437' title='bbox 2540 3261 2640 3306; x_wconf 90' lang='lat' dir='ltr'><strong>est.</strong></span> <span class='ocrx_word' id='word_1_438' title='bbox 2693 3250 2828 3305; x_wconf 80' lang='lat' dir='ltr'><strong>Nam</strong></span> <span class='ocrx_word' id='word_1_439' title='bbox 2887 3251 3082 3308; x_wconf 86' lang='lat' dir='ltr'><strong>civitas</strong></span> <span class='ocrx_word' id='word_1_440' title='bbox 3135 3255 3329 3323; x_wconf 81' lang='lat' dir='ltr'><strong>quando</strong></span> <span class='ocrx_word' id='word_1_441' title='bbox 3369 3250 3618 3306; x_wconf 68' lang='lat' dir='ltr'><strong>dash-uitur</strong></span> <span class='ocrx_word' id='word_1_442' title='bbox 3658 3247 3707 3301; x_wconf 80' lang='lat' dir='ltr'><strong>in</strong></span> 
     </span>
    </p>
   </div>
   <div class='ocr_carea' id='block_1_53' title="bbox 524 3314 3703 3418">
    <p class='ocr_par' dir='ltr' id='par_1_53' title="bbox 524 3314 3703 3418">
     <span class='ocr_line' id='line_1_53' title="bbox 524 3314 3703 3418; baseline -0.003 -18"><span class='ocrx_word' id='word_1_443' title='bbox 524 3314 739 3401; x_wconf 77' lang='lat' dir='ltr'><strong>omnem</strong></span> <span class='ocrx_word' id='word_1_444' title='bbox 770 3314 1019 3400; x_wconf 77' lang='lat' dir='ltr'><strong>militiam</strong></span> <span class='ocrx_word' id='word_1_445' title='bbox 1049 3344 1205 3411; x_wconf 65' lang='lat' dir='ltr'><strong>caeli;</strong></span> <span class='ocrx_word' id='word_1_446' title='bbox 1254 3314 1348 3400; x_wconf 64' lang='lat' dir='ltr'><strong>sed</strong></span> <span class='ocrx_word' id='word_1_447' title='bbox 1392 3344 1637 3401; x_wconf 91' lang='lat' dir='ltr'><strong>absolute</strong></span> <span class='ocrx_word' id='word_1_448' title='bbox 1671 3363 1683 3399; x_wconf 92' lang='lat'><strong>:</strong></span> <span class='ocrx_word' id='word_1_449' title='bbox 1721 3341 1975 3401; x_wconf 78' lang='lat' dir='ltr'><strong>Visitabit</strong></span> <span class='ocrx_word' id='word_1_450' title='bbox 2009 3314 2116 3418; x_wconf 44' lang='lat' dir='ltr'><strong>(-in-</strong></span> <span class='ocrx_word' id='word_1_451' title='bbox 2142 3314 2187 3378; x_wconf 66' lang='grc' dir='ltr'>Ο</span> <span class='ocrx_word' id='word_1_452' title='bbox 2220 3341 2486 3397; x_wconf 90' lang='lat' dir='ltr'><strong>tumulum</strong></span> <span class='ocrx_word' id='word_1_453' title='bbox 2518 3342 2798 3414; x_wconf 86' lang='lat' dir='ltr'><strong>redigitur.</strong></span> <span class='ocrx_word' id='word_1_454' title='bbox 2830 3361 2847 3394; x_wconf 77' lang='grc' dir='ltr'>ι</span> <span class='ocrx_word' id='word_1_455' title='bbox 2878 3342 3109 3397; x_wconf 91' lang='lat' dir='ltr'><strong>Domum</strong></span> <span class='ocrx_word' id='word_1_456' title='bbox 3142 3314 3418 3403; x_wconf 72' lang='lat' dir='ltr'><strong>alienorum,</strong></span> <span class='ocrx_word' id='word_1_457' title='bbox 3442 3358 3461 3393; x_wconf 72' lang='grc' dir='ltr'>ι</span> <span class='ocrx_word' id='word_1_458' title='bbox 3488 3336 3703 3394; x_wconf 81' lang='lat' dir='ltr'><strong>subaudis</strong></span> 
     </span>
    </p>
   </div>
   <div class='ocr_carea' id='block_1_54' title="bbox 525 3436 2116 3510">
    <p class='ocr_par' dir='ltr' id='par_1_54' title="bbox 525 3436 2116 3510">
     <span class='ocr_line' id='line_1_54' title="bbox 525 3436 2116 3510; baseline 0.003 -20"><span class='ocrx_word' id='word_1_459' title='bbox 525 3436 661 3510; x_wconf 92' lang='lat' dir='ltr'><strong>quit)</strong></span> <span class='ocrx_word' id='word_1_460' title='bbox 684 3436 947 3492; x_wconf 89' lang='lat' dir='ltr'><strong>Dominus</strong></span> <span class='ocrx_word' id='word_1_461' title='bbox 990 3452 1154 3507; x_wconf 90' lang='lat' dir='ltr'><strong>super</strong></span> <span class='ocrx_word' id='word_1_462' title='bbox 1192 3436 1441 3491; x_wconf 90' lang='lat' dir='ltr'><strong>militiam</strong></span> <span class='ocrx_word' id='word_1_463' title='bbox 1487 3436 1632 3503; x_wconf 63' lang='lat' dir='ltr'><strong>caeli,</strong></span> <span class='ocrx_word' id='word_1_464' title='bbox 1678 3444 1735 3493; x_wconf 91' lang='lat' dir='ltr'><strong>et</strong></span> <span class='ocrx_word' id='word_1_465' title='bbox 1760 3454 1922 3509; x_wconf 91' lang='lat' dir='ltr'><strong>super</strong></span> <span class='ocrx_word' id='word_1_466' title='bbox 1958 3453 2116 3510; x_wconf 80' lang='lat' dir='ltr'><strong>reges</strong></span> 
     </span>
    </p>
   </div>
   <div class='ocr_carea' id='block_1_55' title="bbox 525 3527 2118 3600">
    <p class='ocr_par' dir='ltr' id='par_1_55' title="bbox 525 3527 2118 3600">
     <span class='ocr_line' id='line_1_55' title="bbox 525 3527 2118 3600; baseline 0.002 -18"><span class='ocrx_word' id='word_1_467' title='bbox 525 3535 725 3582; x_wconf 60' lang='lat' dir='ltr'><strong>terra:</strong></span> <span class='ocrx_word' id='word_1_468' title='bbox 765 3527 893 3598; x_wconf 90' lang='lat' dir='ltr'><strong>quia</strong></span> <span class='ocrx_word' id='word_1_469' title='bbox 928 3542 1035 3582; x_wconf 92' lang='lat' dir='ltr'><strong>non</strong></span> <span class='ocrx_word' id='word_1_470' title='bbox 1073 3527 1139 3583; x_wconf 90' lang='lat' dir='ltr'><strong>de</strong></span> <span class='ocrx_word' id='word_1_471' title='bbox 1176 3527 1413 3597; x_wconf 89' lang='lat' dir='ltr'><strong>generali</strong></span> <span class='ocrx_word' id='word_1_472' title='bbox 1461 3529 1703 3583; x_wconf 90' lang='lat' dir='ltr'><strong>omnium</strong></span> <span class='ocrx_word' id='word_1_473' title='bbox 1750 3529 1845 3584; x_wconf 91' lang='lat' dir='ltr'><strong>sed</strong></span> <span class='ocrx_word' id='word_1_474' title='bbox 1891 3529 1958 3584; x_wconf 92' lang='lat' dir='ltr'><strong>de</strong></span> <span class='ocrx_word' id='word_1_475' title='bbox 1995 3545 2118 3600; x_wconf 87' lang='lat' dir='ltr'><strong>spe-</strong></span> 
     </span>
    </p>
   </div>
   <div class='ocr_carea' id='block_1_56' title="bbox 525 3622 2114 3696">
    <p class='ocr_par' dir='ltr' id='par_1_56' title="bbox 525 3622 2114 3696">
     <span class='ocr_line' id='line_1_56' title="bbox 525 3622 2114 3696; baseline 0.003 -19"><span class='ocrx_word' id='word_1_476' title='bbox 525 3622 646 3677; x_wconf 88' lang='lat' dir='ltr'><strong>ciali</strong></span> <span class='ocrx_word' id='word_1_477' title='bbox 674 3623 1032 3693; x_wconf 89' lang='lat' dir='ltr'><strong>quorumdam</strong></span> <span class='ocrx_word' id='word_1_478' title='bbox 1065 3622 1340 3677; x_wconf 91' lang='lat' dir='ltr'><strong>hominum</strong></span> <span class='ocrx_word' id='word_1_479' title='bbox 1356 3623 1790 3696; x_wconf 81' lang='lat' dir='ltr'><strong>angelorumque</strong></span> <span class='ocrx_word' id='word_1_480' title='bbox 1817 3623 2114 3681; x_wconf 89' lang='lat' dir='ltr'><strong>malorum-</strong></span> 
     </span>
    </p>
   </div>
   <div class='ocr_carea' id='block_1_57' title="bbox 524 3714 1557 3786">
    <p class='ocr_par' dir='ltr' id='par_1_57' title="bbox 524 3714 1557 3786">
     <span class='ocr_line' id='line_1_57' title="bbox 524 3714 1557 3786; baseline 0 -17"><span class='ocrx_word' id='word_1_481' title='bbox 524 3728 632 3785; x_wconf 88' lang='lat' dir='ltr'><strong>que</strong></span> <span class='ocrx_word' id='word_1_482' title='bbox 661 3715 960 3786; x_wconf 84' lang='lat' dir='ltr'><strong>dejectione</strong></span> <span class='ocrx_word' id='word_1_483' title='bbox 990 3714 1134 3769; x_wconf 91' lang='lat' dir='ltr'><strong>dicta</strong></span> <span class='ocrx_word' id='word_1_484' title='bbox 1164 3714 1557 3786; x_wconf 87' lang='lat' dir='ltr'><strong>intelliguntur.</strong></span> 
     </span>
    </p>
   </div>
   <div class='ocr_carea' id='block_1_58' title="bbox 599 3803 2117 3870">
    <p class='ocr_par' dir='ltr' id='par_1_58' title="bbox 599 3803 2117 3870">
     <span class='ocr_line' id='line_1_58' title="bbox 599 3803 2117 3870; baseline 0.002 -12"><span class='ocrx_word' id='word_1_485' title='bbox 599 3822 620 3857; x_wconf 75' lang='grc' dir='ltr'>ι</span> <span class='ocrx_word' id='word_1_486' title='bbox 662 3804 729 3860; x_wconf 83' lang='grc' dir='ltr'><strong>Ει</strong></span> <span class='ocrx_word' id='word_1_487' title='bbox 750 3804 1040 3861; x_wconf 88' lang='lat' dir='ltr'><strong>erubescet</strong></span> <span class='ocrx_word' id='word_1_488' title='bbox 1068 3803 1229 3870; x_wconf 89' lang='lat' dir='ltr'><strong>luna,</strong></span> <span class='ocrx_word' id='word_1_489' title='bbox 1257 3813 1313 3859; x_wconf 91' lang='lat' dir='ltr'><strong>et</strong></span> <span class='ocrx_word' id='word_1_490' title='bbox 1341 3803 1703 3860; x_wconf 89' lang='lat' dir='ltr'><strong>confundetur</strong></span> <span class='ocrx_word' id='word_1_491' title='bbox 1729 3804 1829 3861; x_wconf 91' lang='lat' dir='ltr'><strong>sol.</strong></span> <span class='ocrx_word' id='word_1_492' title='bbox 1861 3825 1879 3858; x_wconf 86' lang='grc'><strong>›</strong></span> <span class='ocrx_word' id='word_1_493' title='bbox 1916 3803 1983 3860; x_wconf 87' lang='lat' dir='ltr'><strong>Et</strong></span> <span class='ocrx_word' id='word_1_494' title='bbox 2014 3805 2117 3861; x_wconf 89' lang='lat' dir='ltr'><strong>hoc</strong></span> 
     </span>
    </p>
   </div>
   <div class='ocr_carea' id='block_1_59' title="bbox 522 3896 2116 3971">
    <p class='ocr_par' dir='ltr' id='par_1_59' title="bbox 522 3896 2116 3971">
     <span class='ocr_line' id='line_1_59' title="bbox 522 3896 2116 3971; baseline 0.001 -18"><span class='ocrx_word' id='word_1_495' title='bbox 522 3899 579 3954; x_wconf 90' lang='lat' dir='ltr'><strong>in</strong></span> <span class='ocrx_word' id='word_1_496' title='bbox 610 3896 853 3971; x_wconf 87' lang='lat' dir='ltr'><strong>tempore</strong></span> <span class='ocrx_word' id='word_1_497' title='bbox 883 3896 1214 3953; x_wconf 86' lang='lat' dir='ltr'><strong>visitationis</strong></span> <span class='ocrx_word' id='word_1_498' title='bbox 1249 3897 1628 3967; x_wconf 85' lang='lat' dir='ltr'><strong>complebitur,</strong></span> <span class='ocrx_word' id='word_1_499' title='bbox 1682 3898 1735 3953; x_wconf 90' lang='lat' dir='ltr'><strong>id</strong></span> <span class='ocrx_word' id='word_1_500' title='bbox 1779 3908 1881 3963; x_wconf 88' lang='lat' dir='ltr'><strong>est,</strong></span> <span class='ocrx_word' id='word_1_501' title='bbox 1930 3899 1984 3953; x_wconf 92' lang='lat' dir='ltr'><strong>in</strong></span> <span class='ocrx_word' id='word_1_502' title='bbox 2028 3899 2116 3954; x_wconf 91' lang='lat' dir='ltr'><strong>die</strong></span> 
     </span>
    </p>
   </div>
   <div class='ocr_carea' id='block_1_60' title="bbox 516 3988 2114 4061">
    <p class='ocr_par' dir='ltr' id='par_1_60' title="bbox 516 3988 2114 4061">
     <span class='ocr_line' id='line_1_60' title="bbox 516 3988 2114 4061; baseline 0.002 -19"><span class='ocrx_word' id='word_1_503' title='bbox 516 3989 728 4061; x_wconf 84' lang='lat' dir='ltr'><strong>judicii.</strong></span> <span class='ocrx_word' id='word_1_504' title='bbox 759 3988 1053 4043; x_wconf 83' lang='lat' dir='ltr'><strong>Erubescet</strong></span> <span class='ocrx_word' id='word_1_505' title='bbox 1083 3988 1231 4054; x_wconf 90' lang='lat' dir='ltr'><strong>luna,</strong></span> <span class='ocrx_word' id='word_1_506' title='bbox 1258 3989 1311 4043; x_wconf 91' lang='lat' dir='ltr'><strong>id</strong></span> <span class='ocrx_word' id='word_1_507' title='bbox 1342 3997 1445 4055; x_wconf 88' lang='lat' dir='ltr'><strong>est,</strong></span> <span class='ocrx_word' id='word_1_508' title='bbox 1472 3988 1732 4045; x_wconf 79' lang='lat' dir='ltr'><strong>tabescet.</strong></span> <span class='ocrx_word' id='word_1_509' title='bbox 1759 3988 2010 4061; x_wconf 88' lang='lat' dir='ltr'><strong>Nunquid</strong></span> <span class='ocrx_word' id='word_1_510' title='bbox 2040 3992 2114 4045; x_wconf 82' lang='lat' dir='ltr'><strong>ita</strong></span> 
     </span>
    </p>
   </div>
   <div class='ocr_carea' id='block_1_61' title="bbox 521 4077 2116 4145">
    <p class='ocr_par' dir='ltr' id='par_1_61' title="bbox 521 4077 2116 4145">
     <span class='ocr_line' id='line_1_61' title="bbox 521 4077 2116 4145; baseline 0.001 -8"><span class='ocrx_word' id='word_1_511' title='bbox 521 4082 807 4137; x_wconf 80' lang='lat' dir='ltr'><strong>erubescet</strong></span> <span class='ocrx_word' id='word_1_512' title='bbox 854 4080 1003 4145; x_wconf 90' lang='lat' dir='ltr'><strong>luna,</strong></span> <span class='ocrx_word' id='word_1_513' title='bbox 1045 4087 1101 4135; x_wconf 88' lang='lat' dir='ltr'><strong>et</strong></span> <span class='ocrx_word' id='word_1_514' title='bbox 1156 4077 1517 4137; x_wconf 87' lang='lat' dir='ltr'><strong>confundetur</strong></span> <span class='ocrx_word' id='word_1_515' title='bbox 1571 4080 1653 4135; x_wconf 92' lang='lat' dir='ltr'><strong>sol</strong></span> <span class='ocrx_word' id='word_1_516' title='bbox 1705 4088 1765 4135; x_wconf 89' lang='lat' dir='ltr'><strong>ut</strong></span> <span class='ocrx_word' id='word_1_517' title='bbox 1810 4080 2009 4136; x_wconf 87' lang='lat' dir='ltr'><strong>cadant</strong></span> <span class='ocrx_word' id='word_1_518' title='bbox 2049 4083 2116 4138; x_wconf 91' lang='lat' dir='ltr'><strong>de</strong></span> 
     </span>
    </p>
   </div>
   <div class='ocr_carea' id='block_1_62' title="bbox 524 4172 2115 4242">
    <p class='ocr_par' dir='ltr' id='par_1_62' title="bbox 524 4172 2115 4242">
     <span class='ocr_line' id='line_1_62' title="bbox 524 4172 2115 4242; baseline 0.001 -13"><span class='ocrx_word' id='word_1_519' title='bbox 524 4174 705 4229; x_wconf 72' lang='lat' dir='ltr'><strong>coelo?</strong></span> <span class='ocrx_word' id='word_1_520' title='bbox 750 4172 889 4228; x_wconf 87' lang='lat' dir='ltr'><strong>Non.</strong></span> <span class='ocrx_word' id='word_1_521' title='bbox 943 4173 1051 4227; x_wconf 92' lang='lat' dir='ltr'><strong>Sed</strong></span> <span class='ocrx_word' id='word_1_522' title='bbox 1093 4172 1326 4239; x_wconf 84' lang='lat' dir='ltr'><strong>qualiter</strong></span> <span class='ocrx_word' id='word_1_523' title='bbox 1353 4175 1458 4229; x_wconf 90' lang='lat' dir='ltr'><strong>hoc</strong></span> <span class='ocrx_word' id='word_1_524' title='bbox 1494 4172 1677 4242; x_wconf 88' lang='lat' dir='ltr'><strong>faciet,</strong></span> <span class='ocrx_word' id='word_1_525' title='bbox 1710 4174 1970 4231; x_wconf 87' lang='lat' dir='ltr'><strong>Dominus</strong></span> <span class='ocrx_word' id='word_1_526' title='bbox 1999 4193 2115 4231; x_wconf 87' lang='lat' dir='ltr'><strong>ma-</strong></span> 
     </span>
    </p>
   </div>
   <div class='ocr_carea' id='block_1_63' title="bbox 523 4262 2115 4339">
    <p class='ocr_par' dir='ltr' id='par_1_63' title="bbox 523 4262 2115 4339">
     <span class='ocr_line' id='line_1_63' title="bbox 523 4262 2115 4339; baseline 0.002 -17"><span class='ocrx_word' id='word_1_527' title='bbox 523 4266 746 4322; x_wconf 88' lang='lat' dir='ltr'><strong>nifestat</strong></span> <span class='ocrx_word' id='word_1_528' title='bbox 790 4281 914 4322; x_wconf 90' lang='lat' dir='ltr'><strong>cum</strong></span> <span class='ocrx_word' id='word_1_529' title='bbox 950 4265 1122 4322; x_wconf 87' lang='lat' dir='ltr'><strong>dicit:</strong></span> <span class='ocrx_word' id='word_1_530' title='bbox 1153 4284 1171 4317; x_wconf 76' lang='grc' dir='ltr'>ι</span> <span class='ocrx_word' id='word_1_531' title='bbox 1209 4262 1408 4321; x_wconf 90' lang='lat' dir='ltr'><strong>Statim</strong></span> <span class='ocrx_word' id='word_1_532' title='bbox 1451 4276 1629 4322; x_wconf 88' lang='lat' dir='ltr'><strong>autem</strong></span> <span class='ocrx_word' id='word_1_533' title='bbox 1658 4277 1780 4339; x_wconf 87' lang='lat' dir='ltr'><strong>post</strong></span> <span class='ocrx_word' id='word_1_534' title='bbox 1813 4269 2115 4325; x_wconf 89' lang='lat' dir='ltr'><strong>tribulatio-</strong></span> 
     </span>
    </p>
   </div>
   <div class='ocr_carea' id='block_1_64' title="bbox 523 4356 2113 4427">
    <p class='ocr_par' dir='ltr' id='par_1_64' title="bbox 523 4356 2113 4427">
     <span class='ocr_line' id='line_1_64' title="bbox 523 4356 2113 4427; baseline 0.003 -14"><span class='ocrx_word' id='word_1_535' title='bbox 523 4374 649 4414; x_wconf 90' lang='lat' dir='ltr'><strong>nem</strong></span> <span class='ocrx_word' id='word_1_536' title='bbox 694 4357 904 4413; x_wconf 89' lang='lat' dir='ltr'><strong>dierum</strong></span> <span class='ocrx_word' id='word_1_537' title='bbox 950 4356 1167 4414; x_wconf 91' lang='lat' dir='ltr'><strong>illorum</strong></span> <span class='ocrx_word' id='word_1_538' title='bbox 1212 4357 1292 4413; x_wconf 91' lang='lat' dir='ltr'><strong>sol</strong></span> <span class='ocrx_word' id='word_1_539' title='bbox 1321 4359 1724 4427; x_wconf 88' lang='lat' dir='ltr'><strong>obscurabitur,</strong></span> <span class='ocrx_word' id='word_1_540' title='bbox 1757 4369 1812 4417; x_wconf 91' lang='lat' dir='ltr'><strong>et</strong></span> <span class='ocrx_word' id='word_1_541' title='bbox 1844 4360 1970 4417; x_wconf 92' lang='lat' dir='ltr'><strong>luna</strong></span> <span class='ocrx_word' id='word_1_542' title='bbox 2004 4378 2113 4418; x_wconf 91' lang='lat' dir='ltr'><strong>non</strong></span> 
     </span>
    </p>
   </div>
   <div class='ocr_carea' id='block_1_65' title="bbox 524 4449 2114 4525">
    <p class='ocr_par' dir='ltr' id='par_1_65' title="bbox 524 4449 2114 4525">
     <span class='ocr_line' id='line_1_65' title="bbox 524 4449 2114 4525; baseline 0.003 -19"><span class='ocrx_word' id='word_1_543' title='bbox 524 4450 673 4506; x_wconf 91' lang='lat' dir='ltr'><strong>dabit</strong></span> <span class='ocrx_word' id='word_1_544' title='bbox 722 4450 901 4505; x_wconf 90' lang='lat' dir='ltr'><strong>lumen</strong></span> <span class='ocrx_word' id='word_1_545' title='bbox 945 4465 1102 4506; x_wconf 90' lang='lat' dir='ltr'><strong>suum</strong></span> <span class='ocrx_word' id='word_1_546' title='bbox 1132 4449 1348 4522; x_wconf 79' lang='lat' dir='ltr'><strong>(Matth.</strong></span> <span class='ocrx_word' id='word_1_547' title='bbox 1379 4468 1509 4507; x_wconf 78' lang='lat' dir='ltr'><strong>xxiv</strong></span> <span class='ocrx_word' id='word_1_548' title='bbox 1539 4469 1553 4519; x_wconf 89' lang='lat'><strong>;</strong></span> <span class='ocrx_word' id='word_1_549' title='bbox 1582 4452 1711 4507; x_wconf 89' lang='lat' dir='ltr'><strong>Luc.</strong></span> <span class='ocrx_word' id='word_1_550' title='bbox 1745 4454 1879 4525; x_wconf 80' lang='lat' dir='ltr'><strong>xxi).</strong></span> <span class='ocrx_word' id='word_1_551' title='bbox 1918 4475 1937 4508; x_wconf 74' lang='grc' dir='ltr'><strong><em>ι</em></strong></span> <span class='ocrx_word' id='word_1_552' title='bbox 1973 4455 2114 4510; x_wconf 92' lang='lat' dir='ltr'><strong>Dicit</strong></span> 
     </span>
    </p>
   </div>
   <div class='ocr_carea' id='block_1_66' title="bbox 523 4541 2114 4617">
    <p class='ocr_par' dir='ltr' id='par_1_66' title="bbox 523 4541 2114 4617">
     <span class='ocr_line' id='line_1_66' title="bbox 523 4541 2114 4617; baseline 0.004 -22"><span class='ocrx_word' id='word_1_553' title='bbox 523 4542 669 4596; x_wconf 88' lang='lat' dir='ltr'><strong>enim</strong></span> <span class='ocrx_word' id='word_1_554' title='bbox 727 4542 919 4597; x_wconf 85' lang='lat' dir='ltr'><strong>beatus</strong></span> <span class='ocrx_word' id='word_1_555' title='bbox 955 4541 1289 4612; x_wconf 81' lang='lat' dir='ltr'><strong>Augustinus</strong></span> <span class='ocrx_word' id='word_1_556' title='bbox 1334 4560 1347 4597; x_wconf 89' lang='lat'>:</span> <span class='ocrx_word' id='word_1_557' title='bbox 1392 4542 1529 4611; x_wconf 88' lang='lat' dir='ltr'><strong>Quia</strong></span> <span class='ocrx_word' id='word_1_558' title='bbox 1564 4560 1739 4615; x_wconf 88' lang='lat' dir='ltr'><strong>neque</strong></span> <span class='ocrx_word' id='word_1_559' title='bbox 1788 4546 1888 4611; x_wconf 92' lang='lat' dir='ltr'><strong>sol,</strong></span> <span class='ocrx_word' id='word_1_560' title='bbox 1939 4563 2114 4617; x_wconf 90' lang='lat' dir='ltr'><strong>neque</strong></span> 
     </span>
    </p>
   </div>
   <div class='ocr_carea' id='block_1_67' title="bbox 524 4632 2113 4703">
    <p class='ocr_par' dir='ltr' id='par_1_67' title="bbox 524 4632 2113 4703">
     <span class='ocr_line' id='line_1_67' title="bbox 524 4632 2113 4703; baseline 0.003 -16"><span class='ocrx_word' id='word_1_561' title='bbox 524 4633 669 4699; x_wconf 89' lang='lat' dir='ltr'><strong>luna,</strong></span> <span class='ocrx_word' id='word_1_562' title='bbox 696 4648 871 4703; x_wconf 89' lang='lat' dir='ltr'><strong>neque</strong></span> <span class='ocrx_word' id='word_1_563' title='bbox 897 4632 1068 4689; x_wconf 85' lang='lat' dir='ltr'><strong>stellae</strong></span> <span class='ocrx_word' id='word_1_564' title='bbox 1105 4633 1285 4689; x_wconf 89' lang='lat' dir='ltr'><strong>lumen</strong></span> <span class='ocrx_word' id='word_1_565' title='bbox 1320 4648 1481 4690; x_wconf 87' lang='lat' dir='ltr'><strong>suum</strong></span> <span class='ocrx_word' id='word_1_566' title='bbox 1508 4636 1758 4691; x_wconf 90' lang='lat' dir='ltr'><strong>amittent</strong></span> <span class='ocrx_word' id='word_1_567' title='bbox 1784 4654 1796 4690; x_wconf 93' lang='lat'>:</span> <span class='ocrx_word' id='word_1_568' title='bbox 1822 4653 1947 4693; x_wconf 90' lang='lat' dir='ltr'><strong>cum</strong></span> <span class='ocrx_word' id='word_1_569' title='bbox 1986 4637 2113 4692; x_wconf 88' lang='lat' dir='ltr'><strong>alibi</strong></span> 
     </span>
    </p>
   </div>
   <div class='ocr_carea' id='block_1_68' title="bbox 527 4726 2113 4798">
    <p class='ocr_par' dir='ltr' id='par_1_68' title="bbox 527 4726 2113 4798">
     <span class='ocr_line' id='line_1_68' title="bbox 527 4726 2113 4798; baseline 0.003 -17"><span class='ocrx_word' id='word_1_570' title='bbox 527 4727 669 4781; x_wconf 88' lang='lat' dir='ltr'><strong>idem</strong></span> <span class='ocrx_word' id='word_1_571' title='bbox 710 4727 974 4798; x_wconf 89' lang='lat' dir='ltr'><strong>propheta</strong></span> <span class='ocrx_word' id='word_1_572' title='bbox 1003 4726 1147 4782; x_wconf 87' lang='lat' dir='ltr'><strong>dicat</strong></span> <span class='ocrx_word' id='word_1_573' title='bbox 1181 4744 1193 4780; x_wconf 92' lang='lat'><strong>:</strong></span> <span class='ocrx_word' id='word_1_574' title='bbox 1235 4726 1343 4783; x_wconf 90' lang='lat' dir='ltr'><strong>erit</strong></span> <span class='ocrx_word' id='word_1_575' title='bbox 1374 4726 1466 4783; x_wconf 88' lang='lat' dir='ltr'><strong>lux</strong></span> <span class='ocrx_word' id='word_1_576' title='bbox 1506 4727 1647 4782; x_wconf 74' lang='lat' dir='ltr'><strong>luna:</strong></span> <span class='ocrx_word' id='word_1_577' title='bbox 1680 4729 1821 4784; x_wconf 89' lang='lat' dir='ltr'><strong>sicut</strong></span> <span class='ocrx_word' id='word_1_578' title='bbox 1856 4729 1949 4784; x_wconf 85' lang='lat' dir='ltr'><strong>lux</strong></span> <span class='ocrx_word' id='word_1_579' title='bbox 1984 4729 2113 4786; x_wconf 90' lang='lat' dir='ltr'><strong>solis</strong></span> 
     </span>
    </p>
   </div>
   <div class='ocr_carea' id='block_1_69' title="bbox 526 4816 2112 4889">
    <p class='ocr_par' dir='ltr' id='par_1_69' title="bbox 526 4816 2112 4889">
     <span class='ocr_line' id='line_1_69' title="bbox 526 4816 2112 4889; baseline 0.003 -16"><span class='ocrx_word' id='word_1_580' title='bbox 526 4817 945 4888; x_wconf 89' lang='lat' dir='ltr'><strong>septempliciter</strong></span> <span class='ocrx_word' id='word_1_581' title='bbox 988 4832 1004 4871; x_wconf 88' lang='lat'><strong>:</strong></span> <span class='ocrx_word' id='word_1_582' title='bbox 1048 4816 1188 4872; x_wconf 90' lang='lat' dir='ltr'><strong>sicut</strong></span> <span class='ocrx_word' id='word_1_583' title='bbox 1230 4817 1323 4873; x_wconf 81' lang='lat' dir='ltr'><strong>lux</strong></span> <span class='ocrx_word' id='word_1_584' title='bbox 1358 4826 1567 4889; x_wconf 88' lang='lat' dir='ltr'><strong>septem</strong></span> <span class='ocrx_word' id='word_1_585' title='bbox 1611 4819 1819 4874; x_wconf 91' lang='lat' dir='ltr'><strong>dierum</strong></span> <span class='ocrx_word' id='word_1_586' title='bbox 1862 4837 1875 4873; x_wconf 88' lang='lat'><strong>:</strong></span> <span class='ocrx_word' id='word_1_587' title='bbox 1918 4820 2013 4876; x_wconf 91' lang='lat' dir='ltr'><strong>sed</strong></span> <span class='ocrx_word' id='word_1_588' title='bbox 2043 4820 2112 4877; x_wconf 90' lang='lat' dir='ltr'><strong>ad</strong></span> 
     </span>
    </p>
   </div>
   <div class='ocr_carea' id='block_1_70' title="bbox 525 4909 2114 4981">
    <p class='ocr_par' dir='ltr' id='par_1_70' title="bbox 525 4909 2114 4981">
     <span class='ocr_line' id='line_1_70' title="bbox 525 4909 2114 4981; baseline 0.002 -15"><span class='ocrx_word' id='word_1_589' title='bbox 525 4909 985 4981; x_wconf 86' lang='lat' dir='ltr'><strong>comparationem</strong></span> <span class='ocrx_word' id='word_1_590' title='bbox 1022 4923 1166 4965; x_wconf 73' lang='lat' dir='ltr'><strong>vera:</strong></span> <span class='ocrx_word' id='word_1_591' title='bbox 1201 4909 1361 4978; x_wconf 89' lang='lat' dir='ltr'><strong>lucis,</strong></span> <span class='ocrx_word' id='word_1_592' title='bbox 1405 4925 1524 4981; x_wconf 70' lang='lat' dir='ltr'><strong>quae</strong></span> <span class='ocrx_word' id='word_1_593' title='bbox 1551 4921 1635 4966; x_wconf 87' lang='lat' dir='ltr'><strong>est</strong></span> <span class='ocrx_word' id='word_1_594' title='bbox 1674 4912 1944 4980; x_wconf 88' lang='lat' dir='ltr'><strong>Christus,</strong></span> <span class='ocrx_word' id='word_1_595' title='bbox 1972 4914 2114 4970; x_wconf 89' lang='lat' dir='ltr'><strong>sicut</strong></span> 
     </span>
    </p>
   </div>
   <div class='ocr_carea' id='block_1_71' title="bbox 525 5000 2112 5075">
    <p class='ocr_par' dir='ltr' id='par_1_71' title="bbox 525 5000 2112 5075">
     <span class='ocr_line' id='line_1_71' title="bbox 525 5000 2112 5075; baseline 0.002 -18"><span class='ocrx_word' id='word_1_596' title='bbox 525 5002 640 5072; x_wconf 90' lang='lat' dir='ltr'><strong>ipse</strong></span> <span class='ocrx_word' id='word_1_597' title='bbox 670 5001 846 5056; x_wconf 83' lang='lat' dir='ltr'><strong>dixit:</strong></span> <span class='ocrx_word' id='word_1_598' title='bbox 876 5020 894 5053; x_wconf 76' lang='grc' dir='ltr'>ι</span> <span class='ocrx_word' id='word_1_599' title='bbox 923 5000 1036 5072; x_wconf 82' lang='lat' dir='ltr'><strong>Ego</strong></span> <span class='ocrx_word' id='word_1_600' title='bbox 1076 5016 1197 5059; x_wconf 85' lang='lat' dir='ltr'><strong>sum</strong></span> <span class='ocrx_word' id='word_1_601' title='bbox 1243 5001 1336 5058; x_wconf 87' lang='lat' dir='ltr'><strong>lux</strong></span> <span class='ocrx_word' id='word_1_602' title='bbox 1375 5001 1560 5074; x_wconf 89' lang='lat' dir='ltr'><strong>mundi</strong></span> <span class='ocrx_word' id='word_1_603' title='bbox 1594 5001 1775 5075; x_wconf 84' lang='lat' dir='ltr'><strong>(Joan.</strong></span> <span class='ocrx_word' id='word_1_604' title='bbox 1799 5004 1939 5075; x_wconf 86' lang='lat' dir='ltr'><strong>vm).</strong></span> <span class='ocrx_word' id='word_1_605' title='bbox 1973 5025 1991 5058; x_wconf 74' lang='grc' dir='ltr'><strong><em>ι</em></strong></span> <span class='ocrx_word' id='word_1_606' title='bbox 2046 5005 2112 5060; x_wconf 89' lang='lat' dir='ltr'><strong>Et</strong></span> 
     </span>
    </p>
   </div>
   <div class='ocr_carea' id='block_1_72' title="bbox 524 5093 2109 5166">
    <p class='ocr_par' dir='ltr' id='par_1_72' title="bbox 524 5093 2109 5166">
     <span class='ocr_line' id='line_1_72' title="bbox 524 5093 2109 5166; baseline 0.002 -16"><span class='ocrx_word' id='word_1_607' title='bbox 524 5095 757 5151; x_wconf 85' lang='lat' dir='ltr'><strong>Joannes</strong></span> <span class='ocrx_word' id='word_1_608' title='bbox 778 5095 844 5151; x_wconf 90' lang='lat' dir='ltr'><strong>de</strong></span> <span class='ocrx_word' id='word_1_609' title='bbox 864 5109 930 5150; x_wconf 90' lang='lat' dir='ltr'><strong>eo</strong></span> <span class='ocrx_word' id='word_1_610' title='bbox 949 5109 994 5149; x_wconf 73' lang='grc' dir='ltr'><strong>εί</strong></span> <span class='ocrx_word' id='word_1_611' title='bbox 1023 5093 1155 5148; x_wconf 86' lang='lat' dir='ltr'><strong>Erat</strong></span> <span class='ocrx_word' id='word_1_612' title='bbox 1182 5094 1274 5149; x_wconf 81' lang='lat' dir='ltr'><strong>lux</strong></span> <span class='ocrx_word' id='word_1_613' title='bbox 1300 5110 1427 5149; x_wconf 88' lang='lat' dir='ltr'><strong>vera</strong></span> <span class='ocrx_word' id='word_1_614' title='bbox 1453 5110 1571 5166; x_wconf 82' lang='lat' dir='ltr'><strong>quae</strong></span> <span class='ocrx_word' id='word_1_615' title='bbox 1597 5094 1864 5150; x_wconf 89' lang='lat' dir='ltr'><strong>illuminat</strong></span> <span class='ocrx_word' id='word_1_616' title='bbox 1894 5112 2109 5154; x_wconf 89' lang='lat' dir='ltr'><strong>omnem</strong></span> 
     </span>
    </p>
   </div>
   <div class='ocr_carea' id='block_1_73' title="bbox 525 5187 2108 5262">
    <p class='ocr_par' dir='ltr' id='par_1_73' title="bbox 525 5187 2108 5262">
     <span class='ocr_line' id='line_1_73' title="bbox 525 5187 2108 5262; baseline 0.001 -18"><span class='ocrx_word' id='word_1_617' title='bbox 525 5188 801 5244; x_wconf 88' lang='lat' dir='ltr'><strong>hominem</strong></span> <span class='ocrx_word' id='word_1_618' title='bbox 826 5188 1133 5244; x_wconf 85' lang='lat' dir='ltr'><strong>venientem</strong></span> <span class='ocrx_word' id='word_1_619' title='bbox 1178 5187 1234 5243; x_wconf 90' lang='lat' dir='ltr'><strong>in</strong></span> <span class='ocrx_word' id='word_1_620' title='bbox 1275 5188 1419 5243; x_wconf 88' lang='lat' dir='ltr'><strong>hunc</strong></span> <span class='ocrx_word' id='word_1_621' title='bbox 1465 5189 1724 5242; x_wconf 89' lang='lat' dir='ltr'><strong>mundum</strong></span> <span class='ocrx_word' id='word_1_622' title='bbox 1764 5187 1945 5262; x_wconf 86' lang='lat' dir='ltr'><strong>(Joan.</strong></span> <span class='ocrx_word' id='word_1_623' title='bbox 1989 5190 2054 5260; x_wconf 83' lang='grc' dir='ltr'><strong>ι),</strong></span> <span class='ocrx_word' id='word_1_624' title='bbox 2090 5210 2108 5244; x_wconf 68' lang='grc' dir='ltr'><strong>ι</strong></span> 
     </span>
    </p>
   </div>
   <div class='ocr_carea' id='block_1_74' title="bbox 525 5277 2109 5337">
    <p class='ocr_par' dir='ltr' id='par_1_74' title="bbox 525 5277 2109 5337">
     <span class='ocr_line' id='line_1_74' title="bbox 525 5277 2109 5337; baseline 0.001 -3"><span class='ocrx_word' id='word_1_625' title='bbox 525 5279 709 5334; x_wconf 88' lang='lat' dir='ltr'><strong>omnia</strong></span> <span class='ocrx_word' id='word_1_626' title='bbox 762 5277 943 5333; x_wconf 90' lang='lat' dir='ltr'><strong>sidera</strong></span> <span class='ocrx_word' id='word_1_627' title='bbox 994 5286 1051 5333; x_wconf 89' lang='lat' dir='ltr'><strong>et</strong></span> <span class='ocrx_word' id='word_1_628' title='bbox 1112 5278 1318 5333; x_wconf 91' lang='lat' dir='ltr'><strong>lumina</strong></span> <span class='ocrx_word' id='word_1_629' title='bbox 1406 5277 1732 5333; x_wconf 89' lang='lat' dir='ltr'><strong>videbuntur</strong></span> <span class='ocrx_word' id='word_1_630' title='bbox 1808 5280 2109 5337; x_wconf 87' lang='lat' dir='ltr'><strong>obscurari.</strong></span> 
     </span>
    </p>
   </div>
   <div class='ocr_carea' id='block_1_75' title="bbox 525 5366 2114 5445">
    <p class='ocr_par' dir='ltr' id='par_1_75' title="bbox 525 5366 2114 5445">
     <span class='ocr_line' id='line_1_75' title="bbox 525 5366 2114 5445; baseline 0.003 -22"><span class='ocrx_word' id='word_1_631' title='bbox 525 5368 699 5438; x_wconf 79' lang='lat' dir='ltr'><strong>Quem</strong></span> <span class='ocrx_word' id='word_1_632' title='bbox 726 5368 870 5424; x_wconf 91' lang='lat' dir='ltr'><strong>enim</strong></span> <span class='ocrx_word' id='word_1_633' title='bbox 899 5366 1243 5438; x_wconf 90' lang='lat' dir='ltr'><strong>splendorem</strong></span> <span class='ocrx_word' id='word_1_634' title='bbox 1274 5377 1497 5439; x_wconf 83' lang='lat' dir='ltr'><strong>praestat</strong></span> <span class='ocrx_word' id='word_1_635' title='bbox 1540 5368 1719 5424; x_wconf 88' lang='lat' dir='ltr'><strong>lumen</strong></span> <span class='ocrx_word' id='word_1_636' title='bbox 1749 5372 1911 5432; x_wconf 81' lang='lat' dir='ltr'><strong>cerei.</strong></span> <span class='ocrx_word' id='word_1_637' title='bbox 1941 5370 1985 5426; x_wconf 86' lang='lat' dir='ltr'><strong>si</strong></span> <span class='ocrx_word' id='word_1_638' title='bbox 2016 5387 2114 5445; x_wconf 83' lang='lat' dir='ltr'><strong>po-</strong></span> 
     </span>
    </p>
   </div>
   <div class='ocr_carea' id='block_1_76' title="bbox 525 5458 2115 5530">
    <p class='ocr_par' dir='ltr' id='par_1_76' title="bbox 525 5458 2115 5530">
     <span class='ocr_line' id='line_1_76' title="bbox 525 5458 2115 5530; baseline -0.001 -12"><span class='ocrx_word' id='word_1_639' title='bbox 525 5462 689 5518; x_wconf 88' lang='lat' dir='ltr'><strong>situm</strong></span> <span class='ocrx_word' id='word_1_640' title='bbox 720 5459 884 5515; x_wconf 88' lang='lat' dir='ltr'><strong>fuerit</strong></span> <span class='ocrx_word' id='word_1_641' title='bbox 922 5459 977 5513; x_wconf 90' lang='lat' dir='ltr'><strong>in</strong></span> <span class='ocrx_word' id='word_1_642' title='bbox 1004 5459 1183 5515; x_wconf 89' lang='lat' dir='ltr'><strong>medio</strong></span> <span class='ocrx_word' id='word_1_643' title='bbox 1212 5458 1341 5514; x_wconf 83' lang='lat' dir='ltr'><strong>solis</strong></span> <span class='ocrx_word' id='word_1_644' title='bbox 1368 5459 1519 5513; x_wconf 82' lang='lat' dir='ltr'><strong>radio</strong></span> <span class='ocrx_word' id='word_1_645' title='bbox 1551 5500 1566 5525; x_wconf 95' lang='lat'><strong>,</strong></span> <span class='ocrx_word' id='word_1_646' title='bbox 1614 5468 1706 5513; x_wconf 89' lang='lat' dir='ltr'><strong>aut</strong></span> <span class='ocrx_word' id='word_1_647' title='bbox 1740 5461 1869 5530; x_wconf 90' lang='lat' dir='ltr'><strong>quid</strong></span> <span class='ocrx_word' id='word_1_648' title='bbox 1894 5461 2115 5518; x_wconf 89' lang='lat' dir='ltr'><strong>luminis</strong></span> 
     </span>
    </p>
   </div>
   <div class='ocr_carea' id='block_1_77' title="bbox 528 5550 2111 5631">
    <p class='ocr_par' dir='ltr' id='par_1_77' title="bbox 528 5550 2111 5631">
     <span class='ocr_line' id='line_1_77' title="bbox 528 5550 2111 5631; baseline 0 -21"><span class='ocrx_word' id='word_1_649' title='bbox 528 5561 687 5626; x_wconf 88' lang='lat' dir='ltr'><strong>auget</strong></span> <span class='ocrx_word' id='word_1_650' title='bbox 732 5551 1080 5608; x_wconf 86' lang='lat' dir='ltr'><strong>cernentibus</strong></span> <span class='ocrx_word' id='word_1_651' title='bbox 1115 5550 1287 5607; x_wconf 84' lang='lat' dir='ltr'><strong>illud?</strong></span> <span class='ocrx_word' id='word_1_652' title='bbox 1334 5550 1571 5606; x_wconf 85' lang='lat' dir='ltr'><strong>Nullum.</strong></span> <span class='ocrx_word' id='word_1_653' title='bbox 1618 5552 1716 5608; x_wconf 76' lang='lat' dir='ltr'><strong>Vel</strong></span> <span class='ocrx_word' id='word_1_654' title='bbox 1751 5552 1929 5608; x_wconf 87' lang='lat' dir='ltr'><strong>aliter.</strong></span> <span class='ocrx_word' id='word_1_655' title='bbox 2000 5555 2111 5631; x_wconf 48' lang='lat' dir='ltr'><strong>Re:</strong></span> 
     </span>
    </p>
   </div>
   <div class='ocr_carea' id='block_1_78' title="bbox 528 5641 2109 5717">
    <p class='ocr_par' dir='ltr' id='par_1_78' title="bbox 528 5641 2109 5717">
     <span class='ocr_line' id='line_1_78' title="bbox 528 5641 2109 5717; baseline 0 -15"><span class='ocrx_word' id='word_1_656' title='bbox 528 5646 714 5717; x_wconf 88' lang='lat' dir='ltr'><strong>probis</strong></span> <span class='ocrx_word' id='word_1_657' title='bbox 735 5646 881 5702; x_wconf 90' lang='lat' dir='ltr'><strong>enim</strong></span> <span class='ocrx_word' id='word_1_658' title='bbox 920 5644 1111 5715; x_wconf 90' lang='lat' dir='ltr'><strong>positis</strong></span> <span class='ocrx_word' id='word_1_659' title='bbox 1150 5643 1208 5699; x_wconf 87' lang='lat' dir='ltr'><strong>in</strong></span> <span class='ocrx_word' id='word_1_660' title='bbox 1234 5641 1586 5699; x_wconf 87' lang='lat' dir='ltr'><strong>inenarrabili</strong></span> <span class='ocrx_word' id='word_1_661' title='bbox 1618 5653 1762 5698; x_wconf 90' lang='lat' dir='ltr'><strong>metu</strong></span> <span class='ocrx_word' id='word_1_662' title='bbox 1803 5654 1855 5700; x_wconf 80' lang='lat' dir='ltr'><strong>et</strong></span> <span class='ocrx_word' id='word_1_663' title='bbox 1894 5647 2109 5716; x_wconf 88' lang='lat' dir='ltr'><strong>timore,</strong></span> 
     </span>
    </p>
   </div>
   <div class='ocr_carea' id='block_1_79' title="bbox 528 5734 2115 5809">
    <p class='ocr_par' dir='ltr' id='par_1_79' title="bbox 528 5734 2115 5809">
     <span class='ocr_line' id='line_1_79' title="bbox 528 5734 2115 5809; baseline -0.002 -12"><span class='ocrx_word' id='word_1_664' title='bbox 528 5740 710 5797; x_wconf 89' lang='lat' dir='ltr'><strong>omnia</strong></span> <span class='ocrx_word' id='word_1_665' title='bbox 730 5738 1057 5795; x_wconf 86' lang='lat' dir='ltr'><strong>videbuntur</strong></span> <span class='ocrx_word' id='word_1_666' title='bbox 1084 5735 1387 5792; x_wconf 87' lang='lat' dir='ltr'><strong>obscurari.</strong></span> <span class='ocrx_word' id='word_1_667' title='bbox 1428 5734 1582 5803; x_wconf 90' lang='lat' dir='ltr'><strong>Quod</strong></span> <span class='ocrx_word' id='word_1_668' title='bbox 1624 5746 1804 5792; x_wconf 85' lang='lat' dir='ltr'><strong>autem</strong></span> <span class='ocrx_word' id='word_1_669' title='bbox 1836 5736 2115 5809; x_wconf 88' lang='lat' dir='ltr'><strong>subjungit</strong></span> 
     </span>
    </p>
   </div>
   <div class='ocr_carea' id='block_1_80' title="bbox 531 5826 2114 5903">
    <p class='ocr_par' dir='ltr' id='par_1_80' title="bbox 531 5826 2114 5903">
     <span class='ocr_line' id='line_1_80' title="bbox 531 5826 2114 5903; baseline 0.001 -18"><span class='ocrx_word' id='word_1_670' title='bbox 531 5830 811 5903; x_wconf 78' lang='lat' dir='ltr'><strong>propheta,</strong></span> <span class='ocrx_word' id='word_1_671' title='bbox 856 5828 1011 5900; x_wconf 90' lang='lat' dir='ltr'><strong>quasi</strong></span> <span class='ocrx_word' id='word_1_672' title='bbox 1055 5828 1154 5884; x_wconf 91' lang='lat' dir='ltr'><strong>sub</strong></span> <span class='ocrx_word' id='word_1_673' title='bbox 1195 5827 1386 5885; x_wconf 88' lang='lat' dir='ltr'><strong>eodem</strong></span> <span class='ocrx_word' id='word_1_674' title='bbox 1436 5834 1585 5883; x_wconf 86' lang='lat' dir='ltr'><strong>textu</strong></span> <span class='ocrx_word' id='word_1_675' title='bbox 1637 5826 1693 5883; x_wconf 92' lang='lat' dir='ltr'><strong>in</strong></span> <span class='ocrx_word' id='word_1_676' title='bbox 1740 5827 1979 5884; x_wconf 88' lang='lat' dir='ltr'><strong>clausula</strong></span> <span class='ocrx_word' id='word_1_677' title='bbox 2032 5830 2114 5886; x_wconf 86' lang='lat' dir='ltr'><strong>di-</strong></span> 
     </span>
    </p>
   </div>
   <div class='ocr_carea' id='block_1_81' title="bbox 535 5918 2112 5992">
    <p class='ocr_par' dir='ltr' id='par_1_81' title="bbox 535 5918 2112 5992">
     <span class='ocr_line' id='line_1_81' title="bbox 535 5918 2112 5992; baseline -0.001 -13"><span class='ocrx_word' id='word_1_678' title='bbox 535 5936 666 5979; x_wconf 86' lang='lat' dir='ltr'><strong>cens</strong></span> <span class='ocrx_word' id='word_1_679' title='bbox 706 5936 720 5975; x_wconf 84' lang='lat'><strong>;</strong></span> <span class='ocrx_word' id='word_1_680' title='bbox 766 5939 784 5973; x_wconf 84' lang='grc'><strong>‹</strong></span> <span class='ocrx_word' id='word_1_681' title='bbox 819 5920 954 5978; x_wconf 85' lang='lat' dir='ltr'><strong>Cum</strong></span> <span class='ocrx_word' id='word_1_682' title='bbox 1001 5919 1308 5992; x_wconf 83' lang='lat' dir='ltr'><strong>regnaverit</strong></span> <span class='ocrx_word' id='word_1_683' title='bbox 1355 5918 1614 5976; x_wconf 83' lang='lat' dir='ltr'><strong>Dominus</strong></span> <span class='ocrx_word' id='word_1_684' title='bbox 1664 5921 1998 5977; x_wconf 85' lang='lat' dir='ltr'><strong>exercituum</strong></span> <span class='ocrx_word' id='word_1_685' title='bbox 2060 5924 2112 5977; x_wconf 90' lang='lat' dir='ltr'><strong>in</strong></span> 
     </span>
    </p>
   </div>
   <div class='ocr_carea' id='block_1_82' title="bbox 2218 3430 3714 3502">
    <p class='ocr_par' dir='ltr' id='par_1_82' title="bbox 2218 3430 3714 3502">
     <span class='ocr_line' id='line_1_82' title="bbox 2218 3430 3714 3502; baseline -0.006 -12"><span class='ocrx_word' id='word_1_686' title='bbox 2218 3434 2536 3502; x_wconf 83' lang='lat' dir='ltr'><strong>humiliasti,</strong></span> <span class='ocrx_word' id='word_1_687' title='bbox 2584 3450 2603 3487; x_wconf 72' lang='grc' dir='ltr'>ι</span> <span class='ocrx_word' id='word_1_688' title='bbox 2637 3444 2701 3491; x_wconf 87' lang='lat' dir='ltr'><strong>ut</strong></span> <span class='ocrx_word' id='word_1_689' title='bbox 2735 3452 2842 3491; x_wconf 90' lang='lat' dir='ltr'><strong>non</strong></span> <span class='ocrx_word' id='word_1_690' title='bbox 2877 3436 2946 3491; x_wconf 91' lang='lat' dir='ltr'><strong>sit</strong></span> <span class='ocrx_word' id='word_1_691' title='bbox 2979 3435 3175 3493; x_wconf 86' lang='lat' dir='ltr'><strong>civitas</strong></span> <span class='ocrx_word' id='word_1_692' title='bbox 3198 3445 3251 3492; x_wconf 88' lang='lat' dir='ltr'><strong>et</strong></span> <span class='ocrx_word' id='word_1_693' title='bbox 3276 3451 3375 3491; x_wconf 81' lang='lat' dir='ltr'><strong>non</strong></span> <span class='ocrx_word' id='word_1_694' title='bbox 3396 3432 3643 3490; x_wconf 63' lang='lat' dir='ltr'><strong>tdtﬁeetur</strong></span> <span class='ocrx_word' id='word_1_695' title='bbox 3668 3430 3714 3483; x_wconf 87' lang='lat' dir='ltr'><strong>in</strong></span> 
     </span>
    </p>
   </div>
   <div class='ocr_carea' id='block_1_83' title="bbox 2217 3518 3717 3599">
    <p class='ocr_par' dir='ltr' id='par_1_83' title="bbox 2217 3518 3717 3599">
     <span class='ocr_line' id='line_1_83' title="bbox 2217 3518 3717 3599; baseline -0.004 -16"><span class='ocrx_word' id='word_1_696' title='bbox 2217 3528 2629 3598; x_wconf 89' lang='lat' dir='ltr'><strong>sempiternum.</strong></span> <span class='ocrx_word' id='word_1_697' title='bbox 2668 3546 2688 3580; x_wconf 86' lang='grc'><strong>›</strong></span> <span class='ocrx_word' id='word_1_698' title='bbox 2728 3527 2898 3583; x_wconf 68' lang='lat' dir='ltr'><strong>Judmi</strong></span> <span class='ocrx_word' id='word_1_699' title='bbox 2935 3529 3099 3583; x_wconf 86' lang='lat' dir='ltr'><strong>alieni</strong></span> <span class='ocrx_word' id='word_1_700' title='bbox 3140 3529 3465 3599; x_wconf 86' lang='lat' dir='ltr'><strong>appellantur</strong></span> <span class='ocrx_word' id='word_1_701' title='bbox 3497 3524 3575 3596; x_wconf 85' lang='lat' dir='ltr'><strong>qui</strong></span> <span class='ocrx_word' id='word_1_702' title='bbox 3596 3518 3717 3577; x_wconf 83' lang='lat' dir='ltr'><strong>alieni</strong></span> 
     </span>
    </p>
   </div>
   <div class='ocr_carea' id='block_1_84' title="bbox 2218 3616 3713 3692">
    <p class='ocr_par' dir='ltr' id='par_1_84' title="bbox 2218 3616 3713 3692">
     <span class='ocr_line' id='line_1_84' title="bbox 2218 3616 3713 3692; baseline -0.003 -19"><span class='ocrx_word' id='word_1_703' title='bbox 2218 3627 2344 3673; x_wconf 91' lang='lat' dir='ltr'><strong>sunt</strong></span> <span class='ocrx_word' id='word_1_704' title='bbox 2377 3633 2406 3673; x_wconf 89' lang='lat' dir='ltr'><strong>a</strong></span> <span class='ocrx_word' id='word_1_705' title='bbox 2432 3619 2562 3685; x_wconf 90' lang='lat' dir='ltr'><strong>Deo,</strong></span> <span class='ocrx_word' id='word_1_706' title='bbox 2585 3629 2645 3673; x_wconf 90' lang='lat' dir='ltr'><strong>ut</strong></span> <span class='ocrx_word' id='word_1_707' title='bbox 2679 3622 2734 3673; x_wconf 88' lang='lat' dir='ltr'><strong>in</strong></span> <span class='ocrx_word' id='word_1_708' title='bbox 2755 3618 2973 3675; x_wconf 82' lang='lat' dir='ltr'><strong>Psalmo</strong></span> <span class='ocrx_word' id='word_1_709' title='bbox 2998 3620 3198 3692; x_wconf 79' lang='lat' dir='ltr'><strong>legitur</strong></span> <span class='ocrx_word' id='word_1_710' title='bbox 3224 3640 3238 3675; x_wconf 88' lang='lat'><strong>:</strong></span> <span class='ocrx_word' id='word_1_711' title='bbox 3269 3641 3286 3672; x_wconf 78' lang='grc' dir='ltr'>ι</span> <span class='ocrx_word' id='word_1_712' title='bbox 3318 3619 3437 3675; x_wconf 81' lang='lat' dir='ltr'><strong>Filii</strong></span> <span class='ocrx_word' id='word_1_713' title='bbox 3460 3616 3713 3672; x_wconf 78' lang='lat' dir='ltr'><strong>alicuimcn-</strong></span> 
     </span>
    </p>
   </div>
   <div class='ocr_carea' id='block_1_85' title="bbox 2219 3709 3713 3787">
    <p class='ocr_par' dir='ltr' id='par_1_85' title="bbox 2219 3709 3713 3787">
     <span class='ocr_line' id='line_1_85' title="bbox 2219 3709 3713 3787; baseline 0.001 -21"><span class='ocrx_word' id='word_1_714' title='bbox 2219 3711 2303 3766; x_wconf 90' lang='lat' dir='ltr'><strong>titi</strong></span> <span class='ocrx_word' id='word_1_715' title='bbox 2341 3722 2469 3768; x_wconf 84' lang='lat' dir='ltr'><strong>sunt</strong></span> <span class='ocrx_word' id='word_1_716' title='bbox 2508 3713 2643 3768; x_wconf 91' lang='lat' dir='ltr'><strong>mihi</strong></span> <span class='ocrx_word' id='word_1_717' title='bbox 2684 3710 2910 3784; x_wconf 81' lang='lat' dir='ltr'><strong>(Psalm.</strong></span> <span class='ocrx_word' id='word_1_718' title='bbox 2939 3715 3061 3787; x_wconf 83' lang='lat' dir='ltr'><strong>vn).</strong></span> <span class='ocrx_word' id='word_1_719' title='bbox 3093 3735 3113 3769; x_wconf 74' lang='grc' dir='ltr'><strong><em>ι</em></strong></span> <span class='ocrx_word' id='word_1_720' title='bbox 3156 3716 3223 3770; x_wconf 85' lang='lat' dir='ltr'><strong>Et</strong></span> <span class='ocrx_word' id='word_1_721' title='bbox 3254 3716 3308 3770; x_wconf 92' lang='lat' dir='ltr'><strong>in</strong></span> <span class='ocrx_word' id='word_1_722' title='bbox 3353 3713 3625 3785; x_wconf 79' lang='lat' dir='ltr'><strong>Evangelio.</strong></span> <span class='ocrx_word' id='word_1_723' title='bbox 3649 3709 3713 3763; x_wconf 58' lang='lat' dir='ltr'><strong>De</strong></span> 
     </span>
    </p>
   </div>
   <div class='ocr_carea' id='block_1_86' title="bbox 2218 3802 3705 3879">
    <p class='ocr_par' dir='ltr' id='par_1_86' title="bbox 2218 3802 3705 3879">
     <span class='ocr_line' id='line_1_86' title="bbox 2218 3802 3705 3879; baseline 0.001 -21"><span class='ocrx_word' id='word_1_724' title='bbox 2218 3804 2365 3860; x_wconf 91' lang='lat' dir='ltr'><strong>mino</strong></span> <span class='ocrx_word' id='word_1_725' title='bbox 2414 3804 2661 3859; x_wconf 88' lang='lat' dir='ltr'><strong>dicente:</strong></span> <span class='ocrx_word' id='word_1_726' title='bbox 2694 3824 2713 3856; x_wconf 87' lang='grc'><strong><em>‹</em></strong></span> <span class='ocrx_word' id='word_1_727' title='bbox 2750 3806 2856 3861; x_wconf 78' lang='lat' dir='ltr'><strong>Vos</strong></span> <span class='ocrx_word' id='word_1_728' title='bbox 2908 3822 2971 3861; x_wconf 87' lang='lat' dir='ltr'><strong>ex</strong></span> <span class='ocrx_word' id='word_1_729' title='bbox 3019 3816 3173 3879; x_wconf 86' lang='lat' dir='ltr'><strong>patre</strong></span> <span class='ocrx_word' id='word_1_730' title='bbox 3203 3808 3423 3863; x_wconf 87' lang='lat' dir='ltr'><strong>diabolo</strong></span> <span class='ocrx_word' id='word_1_731' title='bbox 3464 3808 3576 3863; x_wconf 89' lang='lat' dir='ltr'><strong>estis</strong></span> <span class='ocrx_word' id='word_1_732' title='bbox 3597 3802 3705 3875; x_wconf 67' lang='grc' dir='ltr'><strong>(Ιεειι</strong></span> 
     </span>
    </p>
   </div>
   <div class='ocr_carea' id='block_1_87' title="bbox 2218 3892 3706 3972">
    <p class='ocr_par' dir='ltr' id='par_1_87' title="bbox 2218 3892 3706 3972">
     <span class='ocr_line' id='line_1_87' title="bbox 2218 3892 3706 3972; baseline -0.003 -21"><span class='ocrx_word' id='word_1_733' title='bbox 2218 3897 2358 3969; x_wconf 88' lang='lat' dir='ltr'><strong>vm).</strong></span> <span class='ocrx_word' id='word_1_734' title='bbox 2383 3917 2401 3948; x_wconf 72' lang='grc' dir='ltr'><strong><em>ι</em></strong></span> <span class='ocrx_word' id='word_1_735' title='bbox 2423 3897 2575 3966; x_wconf 90' lang='lat' dir='ltr'><strong>Quod</strong></span> <span class='ocrx_word' id='word_1_736' title='bbox 2603 3906 2785 3953; x_wconf 89' lang='lat' dir='ltr'><strong>autem</strong></span> <span class='ocrx_word' id='word_1_737' title='bbox 2815 3900 2944 3954; x_wconf 86' lang='lat' dir='ltr'><strong>dicit</strong></span> <span class='ocrx_word' id='word_1_738' title='bbox 2970 3908 3028 3954; x_wconf 92' lang='lat' dir='ltr'><strong>ut</strong></span> <span class='ocrx_word' id='word_1_739' title='bbox 3060 3902 3113 3954; x_wconf 92' lang='lat' dir='ltr'><strong>in</strong></span> <span class='ocrx_word' id='word_1_740' title='bbox 3141 3902 3530 3972; x_wconf 86' lang='lat' dir='ltr'><strong>sempiternum</strong></span> <span class='ocrx_word' id='word_1_741' title='bbox 3550 3892 3706 3952; x_wconf 67' lang='lat' dir='ltr'><strong>nomi-</strong></span> 
     </span>
    </p>
   </div>
   <div class='ocr_carea' id='block_1_88' title="bbox 2218 3989 3713 4063">
    <p class='ocr_par' dir='ltr' id='par_1_88' title="bbox 2218 3989 3713 4063">
     <span class='ocr_line' id='line_1_88' title="bbox 2218 3989 3713 4063; baseline 0.003 -20"><span class='ocrx_word' id='word_1_742' title='bbox 2218 3989 2471 4056; x_wconf 84' lang='lat' dir='ltr'><strong>ﬁcentur,</strong></span> <span class='ocrx_word' id='word_1_743' title='bbox 2495 3990 2753 4045; x_wconf 70' lang='lat' dir='ltr'><strong>Subaudis</strong></span> <span class='ocrx_word' id='word_1_744' title='bbox 2794 3992 2935 4047; x_wconf 91' lang='lat' dir='ltr'><strong>sicut</strong></span> <span class='ocrx_word' id='word_1_745' title='bbox 2962 3994 3227 4063; x_wconf 85' lang='lat' dir='ltr'><strong>superius.</strong></span> <span class='ocrx_word' id='word_1_746' title='bbox 3260 3993 3409 4049; x_wconf 76' lang='lat' dir='ltr'><strong>Nam</strong></span> <span class='ocrx_word' id='word_1_747' title='bbox 3430 3995 3648 4049; x_wconf 60' lang='lat' dir='ltr'><strong>destructa</strong></span> <span class='ocrx_word' id='word_1_748' title='bbox 3665 3996 3713 4039; x_wconf 62' lang='grc' dir='ltr'>δι</span> 
     </span>
    </p>
   </div>
   <div class='ocr_carea' id='block_1_89' title="bbox 2218 4077 3717 4159">
    <p class='ocr_par' dir='ltr' id='par_1_89' title="bbox 2218 4077 3717 4159">
     <span class='ocr_line' id='line_1_89' title="bbox 2218 4077 3717 4159; baseline -0.001 -27"><span class='ocrx_word' id='word_1_749' title='bbox 2218 4093 2249 4133; x_wconf 86' lang='lat' dir='ltr'><strong>a</strong></span> <span class='ocrx_word' id='word_1_750' title='bbox 2275 4077 2774 4136; x_wconf 86' lang='lat' dir='ltr'><strong>Nabuchodonosor</strong></span> <span class='ocrx_word' id='word_1_751' title='bbox 2799 4081 2902 4151; x_wconf 85' lang='lat' dir='ltr'><strong>(IV</strong></span> <span class='ocrx_word' id='word_1_752' title='bbox 2937 4081 3062 4154; x_wconf 81' lang='lat' dir='ltr'><strong>Reg.</strong></span> <span class='ocrx_word' id='word_1_753' title='bbox 3094 4088 3251 4155; x_wconf 81' lang='lat' dir='ltr'><strong>xxv),</strong></span> <span class='ocrx_word' id='word_1_754' title='bbox 3280 4087 3384 4141; x_wconf 83' lang='lat' dir='ltr'><strong>sed</strong></span> <span class='ocrx_word' id='word_1_755' title='bbox 3409 4096 3574 4159; x_wconf 78' lang='lat' dir='ltr'><strong>postea</strong></span> <span class='ocrx_word' id='word_1_756' title='bbox 3602 4079 3717 4135; x_wconf 60' lang='lat' dir='ltr'><strong>rrad-</strong></span> 
     </span>
    </p>
   </div>
   <div class='ocr_carea' id='block_1_90' title="bbox 2218 4171 3714 4250">
    <p class='ocr_par' dir='ltr' id='par_1_90' title="bbox 2218 4171 3714 4250">
     <span class='ocr_line' id='line_1_90' title="bbox 2218 4171 3714 4250; baseline 0.002 -25"><span class='ocrx_word' id='word_1_757' title='bbox 2218 4171 2379 4226; x_wconf 86' lang='lat' dir='ltr'><strong>ﬂcata</strong></span> <span class='ocrx_word' id='word_1_758' title='bbox 2405 4180 2489 4227; x_wconf 91' lang='lat' dir='ltr'><strong>est</strong></span> <span class='ocrx_word' id='word_1_759' title='bbox 2509 4189 2539 4227; x_wconf 90' lang='lat' dir='ltr'><strong>a</strong></span> <span class='ocrx_word' id='word_1_760' title='bbox 2560 4171 2823 4228; x_wconf 82' lang='lat' dir='ltr'><strong>Nehemia</strong></span> <span class='ocrx_word' id='word_1_761' title='bbox 2846 4183 2900 4229; x_wconf 91' lang='lat' dir='ltr'><strong>et</strong></span> <span class='ocrx_word' id='word_1_762' title='bbox 2917 4172 3044 4230; x_wconf 84' lang='lat' dir='ltr'><strong>Jesu</strong></span> <span class='ocrx_word' id='word_1_763' title='bbox 3071 4175 3606 4250; x_wconf 85' lang='lat' dir='ltr'><strong>sacerdote_magno(l</strong></span> <span class='ocrx_word' id='word_1_764' title='bbox 3620 4171 3714 4226; x_wconf 72' lang='grc' dir='ltr'><strong>εεέτ.</strong></span> 
     </span>
    </p>
   </div>
   <div class='ocr_carea' id='block_1_91' title="bbox 2218 4261 3719 4334">
    <p class='ocr_par' dir='ltr' id='par_1_91' title="bbox 2218 4261 3719 4334">
     <span class='ocr_line' id='line_1_91' title="bbox 2218 4261 3719 4334; baseline 0.002 -19"><span class='ocrx_word' id='word_1_765' title='bbox 2218 4261 2279 4334; x_wconf 83' lang='grc' dir='ltr'><strong>ι).</strong></span> <span class='ocrx_word' id='word_1_766' title='bbox 2319 4261 2520 4317; x_wconf 85' lang='lat' dir='ltr'><strong>lterum</strong></span> <span class='ocrx_word' id='word_1_767' title='bbox 2567 4264 2842 4320; x_wconf 91' lang='lat' dir='ltr'><strong>destructa</strong></span> <span class='ocrx_word' id='word_1_768' title='bbox 2900 4274 2982 4321; x_wconf 90' lang='lat' dir='ltr'><strong>est</strong></span> <span class='ocrx_word' id='word_1_769' title='bbox 3026 4281 3055 4321; x_wconf 86' lang='lat' dir='ltr'><strong>a</strong></span> <span class='ocrx_word' id='word_1_770' title='bbox 3096 4266 3395 4334; x_wconf 86' lang='lat' dir='ltr'><strong>Romanis,</strong></span> <span class='ocrx_word' id='word_1_771' title='bbox 3443 4270 3531 4325; x_wconf 89' lang='lat' dir='ltr'><strong>sed</strong></span> <span class='ocrx_word' id='word_1_772' title='bbox 3566 4261 3719 4320; x_wconf 62' lang='grc' dir='ltr'><strong>ιι)Εῶ</strong></span> 
     </span>
    </p>
   </div>
   <div class='ocr_carea' id='block_1_92' title="bbox 2217 4354 3713 4430">
    <p class='ocr_par' dir='ltr' id='par_1_92' title="bbox 2217 4354 3713 4430">
     <span class='ocr_line' id='line_1_92' title="bbox 2217 4354 3713 4430; baseline 0.003 -21"><span class='ocrx_word' id='word_1_773' title='bbox 2217 4354 2492 4412; x_wconf 82' lang='lat' dir='ltr'><strong>Hadriano</strong></span> <span class='ocrx_word' id='word_1_774' title='bbox 2511 4359 2855 4428; x_wconf 88' lang='lat' dir='ltr'><strong>postmodum</strong></span> <span class='ocrx_word' id='word_1_775' title='bbox 2882 4368 3183 4415; x_wconf 84' lang='lat' dir='ltr'><strong>restaurata</strong></span> <span class='ocrx_word' id='word_1_776' title='bbox 3216 4379 3228 4414; x_wconf 92' lang='lat'><strong>:</strong></span> <span class='ocrx_word' id='word_1_777' title='bbox 3260 4377 3377 4418; x_wconf 87' lang='lat' dir='ltr'><strong>non</strong></span> <span class='ocrx_word' id='word_1_778' title='bbox 3404 4374 3571 4418; x_wconf 81' lang='lat' dir='ltr'><strong>tamen</strong></span> <span class='ocrx_word' id='word_1_779' title='bbox 3594 4364 3668 4430; x_wconf 65' lang='lat' dir='ltr'><strong>ipso</strong></span> <span class='ocrx_word' id='word_1_780' title='bbox 3686 4356 3713 4408; x_wconf 65' lang='lat' dir='ltr'><strong>is</strong></span> 
     </span>
    </p>
   </div>
   <div class='ocr_carea' id='block_1_93' title="bbox 2218 4448 3710 4521">
    <p class='ocr_par' dir='ltr' id='par_1_93' title="bbox 2218 4448 3710 4521">
     <span class='ocr_line' id='line_1_93' title="bbox 2218 4448 3710 4521; baseline 0.004 -20"><span class='ocrx_word' id='word_1_781' title='bbox 2218 4448 2336 4503; x_wconf 92' lang='lat' dir='ltr'><strong>loco</strong></span> <span class='ocrx_word' id='word_1_782' title='bbox 2370 4449 2463 4503; x_wconf 89' lang='lat' dir='ltr'><strong>ubi</strong></span> <span class='ocrx_word' id='word_1_783' title='bbox 2506 4450 2679 4519; x_wconf 88' lang='lat' dir='ltr'><strong>prius.</strong></span> <span class='ocrx_word' id='word_1_784' title='bbox 2736 4448 2803 4504; x_wconf 86' lang='lat' dir='ltr'><strong>Et</strong></span> <span class='ocrx_word' id='word_1_785' title='bbox 2840 4450 2967 4507; x_wconf 88' lang='lat' dir='ltr'><strong>licet</strong></span> <span class='ocrx_word' id='word_1_786' title='bbox 3014 4453 3342 4508; x_wconf 59' lang='lat' dir='ltr'><strong>remdi‘ﬁ‘cata</strong></span> <span class='ocrx_word' id='word_1_787' title='bbox 3400 4457 3495 4521; x_wconf 89' lang='lat' dir='ltr'><strong>sit,</strong></span> <span class='ocrx_word' id='word_1_788' title='bbox 3536 4448 3710 4507; x_wconf 57' lang='lat' dir='ltr'><strong>tamin</strong></span> 
     </span>
    </p>
   </div>
   <div class='ocr_carea' id='block_1_94' title="bbox 2216 4540 3713 4616">
    <p class='ocr_par' dir='ltr' id='par_1_94' title="bbox 2216 4540 3713 4616">
     <span class='ocr_line' id='line_1_94' title="bbox 2216 4540 3713 4616; baseline 0.008 -24"><span class='ocrx_word' id='word_1_789' title='bbox 2216 4540 2510 4609; x_wconf 85' lang='lat' dir='ltr'><strong>pristinum</strong></span> <span class='ocrx_word' id='word_1_790' title='bbox 2557 4548 2758 4596; x_wconf 90' lang='lat' dir='ltr'><strong>statum</strong></span> <span class='ocrx_word' id='word_1_791' title='bbox 2780 4550 2967 4613; x_wconf 82' lang='lat' dir='ltr'><strong>postea</strong></span> <span class='ocrx_word' id='word_1_792' title='bbox 3002 4559 3107 4600; x_wconf 94' lang='lat' dir='ltr'><strong>non</strong></span> <span class='ocrx_word' id='word_1_793' title='bbox 3156 4544 3280 4612; x_wconf 87' lang='lat' dir='ltr'><strong>fuit,</strong></span> <span class='ocrx_word' id='word_1_794' title='bbox 3310 4547 3464 4602; x_wconf 88' lang='lat' dir='ltr'><strong>sicut</strong></span> <span class='ocrx_word' id='word_1_795' title='bbox 3487 4542 3713 4616; x_wconf 42' lang='grc' dir='ltr'><strong>κωμικὴ</strong></span> 
     </span>
    </p>
   </div>
   <div class='ocr_carea' id='block_1_95' title="bbox 2219 4630 2926 4690">
    <p class='ocr_par' dir='ltr' id='par_1_95' title="bbox 2219 4630 2926 4690">
     <span class='ocr_line' id='line_1_95' title="bbox 2219 4630 2926 4690; baseline 0.01 -7"><span class='ocrx_word' id='word_1_796' title='bbox 2219 4630 2393 4685; x_wconf 86' lang='lat' dir='ltr'><strong>David</strong></span> <span class='ocrx_word' id='word_1_797' title='bbox 2423 4640 2478 4686; x_wconf 91' lang='lat' dir='ltr'><strong>et</strong></span> <span class='ocrx_word' id='word_1_798' title='bbox 2508 4630 2834 4690; x_wconf 89' lang='lat' dir='ltr'><strong>Salomonis.</strong></span> <span class='ocrx_word' id='word_1_799' title='bbox 2920 4638 2926 4645; x_wconf 79' lang='grc'><em>“</em></span> 
     </span>
    </p>
   </div>
   <div class='ocr_carea' id='block_1_96' title="bbox 2297 4721 3831 4804">
    <p class='ocr_par' dir='ltr' id='par_1_96' title="bbox 2297 4721 3831 4804">
     <span class='ocr_line' id='line_1_96' title="bbox 2297 4721 3831 4804; baseline 0.015 -30"><span class='ocrx_word' id='word_1_800' title='bbox 2297 4743 2314 4774; x_wconf 70' lang='grc' dir='ltr'><strong><em>ι</em></strong></span> <span class='ocrx_word' id='word_1_801' title='bbox 2343 4722 2518 4794; x_wconf 86' lang='lat' dir='ltr'><strong>Super</strong></span> <span class='ocrx_word' id='word_1_802' title='bbox 2545 4727 2668 4793; x_wconf 87' lang='lat' dir='ltr'><strong>hoc,</strong></span> <span class='ocrx_word' id='word_1_803' title='bbox 2702 4746 2721 4779; x_wconf 70' lang='grc' dir='ltr'><strong><em>ι</em></strong></span> <span class='ocrx_word' id='word_1_804' title='bbox 2774 4727 2828 4783; x_wconf 90' lang='lat' dir='ltr'><strong>id</strong></span> <span class='ocrx_word' id='word_1_805' title='bbox 2865 4737 2967 4794; x_wconf 89' lang='lat' dir='ltr'><strong>est,</strong></span> <span class='ocrx_word' id='word_1_806' title='bbox 3022 4739 3307 4801; x_wconf 87' lang='lat' dir='ltr'><strong>propterea</strong></span> <span class='ocrx_word' id='word_1_807' title='bbox 3342 4735 3485 4804; x_wconf 86' lang='lat' dir='ltr'><strong>quia</strong></span> <span class='ocrx_word' id='word_1_808' title='bbox 3537 4721 3725 4787; x_wconf 46' lang='lat' dir='ltr'><strong>reddi”</strong></span> <span class='ocrx_word' id='word_1_809' title='bbox 3830 4722 3831 4797; x_wconf 42' lang='grc' dir='ltr'><em>ἦ</em></span> 
     </span>
    </p>
   </div>
   <div class='ocr_carea' id='block_1_97' title="bbox 2220 4816 3728 4892">
    <p class='ocr_par' dir='ltr' id='par_1_97' title="bbox 2220 4816 3728 4892">
     <span class='ocr_line' id='line_1_97' title="bbox 2220 4816 3728 4892; baseline 0.001 -21"><span class='ocrx_word' id='word_1_810' title='bbox 2220 4816 2300 4871; x_wconf 88' lang='lat' dir='ltr'><strong>eis</strong></span> <span class='ocrx_word' id='word_1_811' title='bbox 2328 4818 2471 4887; x_wconf 86' lang='lat' dir='ltr'><strong>quod</strong></span> <span class='ocrx_word' id='word_1_812' title='bbox 2501 4820 2854 4884; x_wconf 85' lang='lat' dir='ltr'><strong>merebantur</strong></span> <span class='ocrx_word' id='word_1_813' title='bbox 2887 4820 3039 4892; x_wconf 89' lang='lat' dir='ltr'><strong>impii</strong></span> <span class='ocrx_word' id='word_1_814' title='bbox 3063 4820 3251 4880; x_wconf 67' lang='lat' dir='ltr'><strong>Judaei.</strong></span> <span class='ocrx_word' id='word_1_815' title='bbox 3290 4844 3308 4877; x_wconf 74' lang='grc' dir='ltr'><strong>ε</strong></span> <span class='ocrx_word' id='word_1_816' title='bbox 3335 4824 3600 4881; x_wconf 86' lang='lat' dir='ltr'><strong>Laudabit</strong></span> <span class='ocrx_word' id='word_1_817' title='bbox 3621 4828 3728 4886; x_wconf 63' lang='lat' dir='ltr'><strong>teptr</strong></span> 
     </span>
    </p>
   </div>
   <div class='ocr_carea' id='block_1_98' title="bbox 2219 4907 3731 4984">
    <p class='ocr_par' dir='ltr' id='par_1_98' title="bbox 2219 4907 3731 4984">
     <span class='ocr_line' id='line_1_98' title="bbox 2219 4907 3731 4984; baseline 0.011 -24"><span class='ocrx_word' id='word_1_818' title='bbox 2219 4907 2377 4977; x_wconf 90' lang='lat' dir='ltr'><strong>pulus</strong></span> <span class='ocrx_word' id='word_1_819' title='bbox 2412 4910 2694 4979; x_wconf 83' lang='lat' dir='ltr'><strong>gentilium</strong></span> <span class='ocrx_word' id='word_1_820' title='bbox 2735 4911 2912 4980; x_wconf 82' lang='lat' dir='ltr'><strong>fortis,</strong></span> <span class='ocrx_word' id='word_1_821' title='bbox 2944 4924 3002 4970; x_wconf 90' lang='lat' dir='ltr'><strong>et</strong></span> <span class='ocrx_word' id='word_1_822' title='bbox 3035 4916 3245 4984; x_wconf 85' lang='lat' dir='ltr'><strong>civitas,</strong></span> <span class='ocrx_word' id='word_1_823' title='bbox 3285 4936 3304 4969; x_wconf 74' lang='grc' dir='ltr'><strong><em>ι</em></strong></span> <span class='ocrx_word' id='word_1_824' title='bbox 3338 4918 3402 4973; x_wconf 84' lang='lat' dir='ltr'><strong>id</strong></span> <span class='ocrx_word' id='word_1_825' title='bbox 3430 4929 3534 4983; x_wconf 88' lang='lat' dir='ltr'><strong>est,</strong></span> <span class='ocrx_word' id='word_1_826' title='bbox 3567 4907 3731 4970; x_wconf 57' lang='grc' dir='ltr'><strong>Εἰ·άώ</strong></span> 
     </span>
    </p>
   </div>
   <div class='ocr_carea' id='block_1_99' title="bbox 2219 5003 3732 5071">
    <p class='ocr_par' dir='ltr' id='par_1_99' title="bbox 2219 5003 3732 5071">
     <span class='ocr_line' id='line_1_99' title="bbox 2219 5003 3732 5071; baseline 0.003 -15"><span class='ocrx_word' id='word_1_827' title='bbox 2219 5003 2457 5071; x_wconf 85' lang='lat' dir='ltr'><strong>gentium</strong></span> <span class='ocrx_word' id='word_1_828' title='bbox 2514 5021 2531 5053; x_wconf 84' lang='grc'><strong><em>‹</em></strong></span> <span class='ocrx_word' id='word_1_829' title='bbox 2568 5006 2912 5062; x_wconf 89' lang='lat' dir='ltr'><strong>robustarum</strong></span> <span class='ocrx_word' id='word_1_830' title='bbox 2963 5009 3174 5063; x_wconf 86' lang='lat' dir='ltr'><strong>timebit</strong></span> <span class='ocrx_word' id='word_1_831' title='bbox 3204 5018 3275 5065; x_wconf 90' lang='lat' dir='ltr'><strong>te.</strong></span> <span class='ocrx_word' id='word_1_832' title='bbox 3313 5028 3333 5062; x_wconf 74' lang='grc' dir='ltr'><strong><em>ι</em></strong></span> <span class='ocrx_word' id='word_1_833' title='bbox 3394 5010 3621 5069; x_wconf 86' lang='lat' dir='ltr'><strong>Gentiles</strong></span> <span class='ocrx_word' id='word_1_834' title='bbox 3641 5003 3732 5059; x_wconf 74' lang='lat' dir='ltr'><strong>enim</strong></span> 
     </span>
    </p>
   </div>
   <div class='ocr_carea' id='block_1_100' title="bbox 2219 5092 3734 5166">
    <p class='ocr_par' dir='ltr' id='par_1_100' title="bbox 2219 5092 3734 5166">
     <span class='ocr_line' id='line_1_100' title="bbox 2219 5092 3734 5166; baseline 0.009 -20"><span class='ocrx_word' id='word_1_835' title='bbox 2219 5092 2386 5148; x_wconf 84' lang='lat' dir='ltr'><strong>fortes</strong></span> <span class='ocrx_word' id='word_1_836' title='bbox 2414 5102 2468 5148; x_wconf 89' lang='lat' dir='ltr'><strong>et</strong></span> <span class='ocrx_word' id='word_1_837' title='bbox 2495 5097 2703 5152; x_wconf 86' lang='lat' dir='ltr'><strong>robusti</strong></span> <span class='ocrx_word' id='word_1_838' title='bbox 2742 5097 2961 5155; x_wconf 83' lang='lat' dir='ltr'><strong>fuerunt</strong></span> <span class='ocrx_word' id='word_1_839' title='bbox 2985 5102 3055 5157; x_wconf 89' lang='lat' dir='ltr'><strong>ad</strong></span> <span class='ocrx_word' id='word_1_840' title='bbox 3084 5101 3361 5157; x_wconf 85' lang='lat' dir='ltr'><strong>toleranda</strong></span> <span class='ocrx_word' id='word_1_841' title='bbox 3410 5108 3655 5158; x_wconf 66' lang='lat' dir='ltr'><strong>tormenta</strong></span> <span class='ocrx_word' id='word_1_842' title='bbox 3675 5104 3734 5166; x_wconf 72' lang='grc' dir='ltr'><strong><em>ΡΝ</em></strong></span> 
     </span>
    </p>
   </div>
   <div class='ocr_carea' id='block_1_101' title="bbox 2215 5183 2684 5244">
    <p class='ocr_par' dir='ltr' id='par_1_101' title="bbox 2215 5183 2684 5244">
     <span class='ocr_line' id='line_1_101' title="bbox 2215 5183 2684 5244; baseline 0.009 -4"><span class='ocrx_word' id='word_1_843' title='bbox 2215 5183 2416 5241; x_wconf 88' lang='lat' dir='ltr'><strong>Christi</strong></span> <span class='ocrx_word' id='word_1_844' title='bbox 2449 5188 2684 5244; x_wconf 89' lang='lat' dir='ltr'><strong>nomine.</strong></span> 
     </span>
    </p>
   </div>
   <div class='ocr_carea' id='block_1_102' title="bbox 2296 5277 3736 5359">
    <p class='ocr_par' dir='ltr' id='par_1_102' title="bbox 2296 5277 3736 5359">
     <span class='ocr_line' id='line_1_102' title="bbox 2296 5277 3736 5359; baseline 0.009 -31"><span class='ocrx_word' id='word_1_845' title='bbox 2296 5297 2313 5328; x_wconf 78' lang='grc' dir='ltr'>ι</span> <span class='ocrx_word' id='word_1_846' title='bbox 2347 5277 2482 5345; x_wconf 84' lang='lat' dir='ltr'><strong>Quia</strong></span> <span class='ocrx_word' id='word_1_847' title='bbox 2512 5280 2688 5337; x_wconf 89' lang='lat' dir='ltr'><strong>factus</strong></span> <span class='ocrx_word' id='word_1_848' title='bbox 2723 5297 2781 5340; x_wconf 88' lang='lat' dir='ltr'><strong>es</strong></span> <span class='ocrx_word' id='word_1_849' title='bbox 2812 5282 3072 5341; x_wconf 83' lang='lat' dir='ltr'><strong>fortitudo</strong></span> <span class='ocrx_word' id='word_1_850' title='bbox 3103 5292 3345 5359; x_wconf 88' lang='lat' dir='ltr'><strong>pauperi.</strong></span> <span class='ocrx_word' id='word_1_851' title='bbox 3381 5306 3405 5342; x_wconf 75' lang='grc' dir='ltr'><strong><em>ι</em></strong></span> <span class='ocrx_word' id='word_1_852' title='bbox 3442 5285 3633 5343; x_wconf 85' lang='lat' dir='ltr'><strong>Laudat</strong></span> <span class='ocrx_word' id='word_1_853' title='bbox 3655 5294 3736 5353; x_wconf 80' lang='lat' dir='ltr'><strong>pro-</strong></span> 
     </span>
    </p>
   </div>
   <div class='ocr_carea' id='block_1_103' title="bbox 2216 5370 3737 5451">
    <p class='ocr_par' dir='ltr' id='par_1_103' title="bbox 2216 5370 3737 5451">
     <span class='ocr_line' id='line_1_103' title="bbox 2216 5370 3737 5451; baseline 0.003 -27"><span class='ocrx_word' id='word_1_854' title='bbox 2216 5370 2378 5438; x_wconf 86' lang='lat' dir='ltr'><strong>pheta</strong></span> <span class='ocrx_word' id='word_1_855' title='bbox 2406 5372 2574 5427; x_wconf 91' lang='lat' dir='ltr'><strong>Deum</strong></span> <span class='ocrx_word' id='word_1_856' title='bbox 2598 5373 2840 5429; x_wconf 82' lang='lat' dir='ltr'><strong>Patrem.</strong></span> <span class='ocrx_word' id='word_1_857' title='bbox 2888 5375 3183 5448; x_wconf 84' lang='lat' dir='ltr'><strong>Pauperem</strong></span> <span class='ocrx_word' id='word_1_858' title='bbox 3230 5379 3471 5451; x_wconf 85' lang='lat' dir='ltr'><strong>appellat</strong></span> <span class='ocrx_word' id='word_1_859' title='bbox 3518 5375 3737 5433; x_wconf 73' lang='lat' dir='ltr'><strong>Dominum</strong></span> 
     </span>
    </p>
   </div>
   <div class='ocr_carea' id='block_1_104' title="bbox 2216 5458 3739 5541">
    <p class='ocr_par' dir='ltr' id='par_1_104' title="bbox 2216 5458 3739 5541">
     <span class='ocr_line' id='line_1_104' title="bbox 2216 5458 3739 5541; baseline 0.011 -27"><span class='ocrx_word' id='word_1_860' title='bbox 2216 5458 2420 5516; x_wconf 73' lang='lat' dir='ltr'><strong>Iesum.</strong></span> <span class='ocrx_word' id='word_1_861' title='bbox 2456 5481 2475 5513; x_wconf 76' lang='grc' dir='ltr'><strong><em>ι</em></strong></span> <span class='ocrx_word' id='word_1_862' title='bbox 2510 5462 2611 5531; x_wconf 92' lang='lat' dir='ltr'><strong>Qui</strong></span> <span class='ocrx_word' id='word_1_863' title='bbox 2642 5481 2763 5519; x_wconf 91' lang='lat' dir='ltr'><strong>cum</strong></span> <span class='ocrx_word' id='word_1_864' title='bbox 2793 5466 2942 5522; x_wconf 87' lang='lat' dir='ltr'><strong>dives</strong></span> <span class='ocrx_word' id='word_1_865' title='bbox 2975 5477 3138 5537; x_wconf 88' lang='lat' dir='ltr'><strong>esset,</strong></span> <span class='ocrx_word' id='word_1_866' title='bbox 3169 5480 3268 5539; x_wconf 88' lang='lat' dir='ltr'><strong>pro</strong></span> <span class='ocrx_word' id='word_1_867' title='bbox 3294 5470 3461 5525; x_wconf 83' lang='lat' dir='ltr'><strong>nobis</strong></span> <span class='ocrx_word' id='word_1_868' title='bbox 3486 5478 3667 5541; x_wconf 68' lang='lat' dir='ltr'><strong>pauper</strong></span> <span class='ocrx_word' id='word_1_869' title='bbox 3686 5458 3739 5512; x_wconf 69' lang='grc' dir='ltr'><strong>τ²⁶</strong></span> 
     </span>
    </p>
   </div>
   <div class='ocr_carea' id='block_1_105' title="bbox 2218 5555 3741 5631">
    <p class='ocr_par' dir='ltr' id='par_1_105' title="bbox 2218 5555 3741 5631">
     <span class='ocr_line' id='line_1_105' title="bbox 2218 5555 3741 5631; baseline 0 -21"><span class='ocrx_word' id='word_1_870' title='bbox 2218 5564 2337 5610; x_wconf 88' lang='lat' dir='ltr'><strong>ctus</strong></span> <span class='ocrx_word' id='word_1_871' title='bbox 2369 5566 2452 5610; x_wconf 91' lang='lat' dir='ltr'><strong>est</strong></span> <span class='ocrx_word' id='word_1_872' title='bbox 2483 5555 2569 5627; x_wconf 85' lang='lat' dir='ltr'><strong>(II</strong></span> <span class='ocrx_word' id='word_1_873' title='bbox 2593 5556 2715 5612; x_wconf 85' lang='lat' dir='ltr'><strong>Cor.</strong></span> <span class='ocrx_word' id='word_1_874' title='bbox 2746 5560 2886 5631; x_wconf 86' lang='lat' dir='ltr'><strong>vm).</strong></span> <span class='ocrx_word' id='word_1_875' title='bbox 2917 5579 2937 5613; x_wconf 73' lang='grc' dir='ltr'><strong>ι</strong></span> <span class='ocrx_word' id='word_1_876' title='bbox 2971 5561 3089 5631; x_wconf 87' lang='lat' dir='ltr'><strong>Ipse</strong></span> <span class='ocrx_word' id='word_1_877' title='bbox 3133 5564 3277 5619; x_wconf 90' lang='lat' dir='ltr'><strong>enim</strong></span> <span class='ocrx_word' id='word_1_878' title='bbox 3332 5564 3502 5620; x_wconf 83' lang='lat' dir='ltr'><strong>dicit:</strong></span> <span class='ocrx_word' id='word_1_879' title='bbox 3554 5580 3573 5613; x_wconf 74' lang='grc' dir='ltr'><strong><em>ι</em></strong></span> <span class='ocrx_word' id='word_1_880' title='bbox 3598 5555 3741 5625; x_wconf 76' lang='lat' dir='ltr'><strong>Vulpes</strong></span> 
     </span>
    </p>
   </div>
   <div class='ocr_carea' id='block_1_106' title="bbox 2218 5643 3744 5716">
    <p class='ocr_par' dir='ltr' id='par_1_106' title="bbox 2218 5643 3744 5716">
     <span class='ocr_line' id='line_1_106' title="bbox 2218 5643 3744 5716; baseline 0.002 -17"><span class='ocrx_word' id='word_1_881' title='bbox 2218 5643 2403 5702; x_wconf 69' lang='lat' dir='ltr'><strong>foVeas</strong></span> <span class='ocrx_word' id='word_1_882' title='bbox 2446 5647 2665 5716; x_wconf 87' lang='lat' dir='ltr'><strong>habent,</strong></span> <span class='ocrx_word' id='word_1_883' title='bbox 2698 5659 2753 5705; x_wconf 91' lang='lat' dir='ltr'><strong>et</strong></span> <span class='ocrx_word' id='word_1_884' title='bbox 2774 5651 3020 5708; x_wconf 87' lang='lat' dir='ltr'><strong>volucres</strong></span> <span class='ocrx_word' id='word_1_885' title='bbox 3041 5654 3162 5710; x_wconf 76' lang='lat' dir='ltr'><strong>eteli</strong></span> <span class='ocrx_word' id='word_1_886' title='bbox 3194 5655 3349 5711; x_wconf 86' lang='lat' dir='ltr'><strong>nidos</strong></span> <span class='ocrx_word' id='word_1_887' title='bbox 3374 5672 3389 5711; x_wconf 86' lang='lat'><strong>:</strong></span> <span class='ocrx_word' id='word_1_888' title='bbox 3414 5654 3584 5711; x_wconf 82' lang='lat' dir='ltr'><strong>Filius</strong></span> <span class='ocrx_word' id='word_1_889' title='bbox 3609 5658 3744 5705; x_wconf 66' lang='lat' dir='ltr'><strong>animi</strong></span> 
     </span>
    </p>
   </div>
   <div class='ocr_carea' id='block_1_107' title="bbox 2220 5738 3739 5820">
    <p class='ocr_par' dir='ltr' id='par_1_107' title="bbox 2220 5738 3739 5820">
     <span class='ocr_line' id='line_1_107' title="bbox 2220 5738 3739 5820; baseline 0.006 -24"><span class='ocrx_word' id='word_1_890' title='bbox 2220 5741 2456 5797; x_wconf 90' lang='lat' dir='ltr'><strong>hominis</strong></span> <span class='ocrx_word' id='word_1_891' title='bbox 2481 5756 2589 5797; x_wconf 88' lang='lat' dir='ltr'><strong>non</strong></span> <span class='ocrx_word' id='word_1_892' title='bbox 2613 5744 2798 5812; x_wconf 88' lang='lat' dir='ltr'><strong>habet,</strong></span> <span class='ocrx_word' id='word_1_893' title='bbox 2821 5746 2911 5801; x_wconf 91' lang='lat' dir='ltr'><strong>ubi</strong></span> <span class='ocrx_word' id='word_1_894' title='bbox 2936 5750 3100 5818; x_wconf 88' lang='lat' dir='ltr'><strong>caput</strong></span> <span class='ocrx_word' id='word_1_895' title='bbox 3121 5747 3350 5805; x_wconf 85' lang='lat' dir='ltr'><strong>reclinet</strong></span> <span class='ocrx_word' id='word_1_896' title='bbox 3373 5747 3585 5820; x_wconf 68' lang='lat' dir='ltr'><strong>(Matth.</strong></span> <span class='ocrx_word' id='word_1_897' title='bbox 3611 5738 3739 5805; x_wconf 72' lang='lat' dir='ltr'><strong>rull&#39;</strong></span> 
     </span>
    </p>
   </div>
   <div class='ocr_carea' id='block_1_108' title="bbox 2220 5833 3743 5913">
    <p class='ocr_par' dir='ltr' id='par_1_108' title="bbox 2220 5833 3743 5913">
     <span class='ocr_line' id='line_1_108' title="bbox 2220 5833 3743 5913; baseline 0.002 -26"><span class='ocrx_word' id='word_1_898' title='bbox 2220 5833 2396 5904; x_wconf 85' lang='lat' dir='ltr'><strong>Ipsum</strong></span> <span class='ocrx_word' id='word_1_899' title='bbox 2416 5835 2579 5889; x_wconf 91' lang='lat' dir='ltr'><strong>etiam</strong></span> <span class='ocrx_word' id='word_1_900' title='bbox 2613 5849 2887 5908; x_wconf 90' lang='lat' dir='ltr'><strong>nuncupat</strong></span> <span class='ocrx_word' id='word_1_901' title='bbox 2919 5854 3168 5909; x_wconf 89' lang='lat' dir='ltr'><strong>egenum.</strong></span> <span class='ocrx_word' id='word_1_902' title='bbox 3216 5861 3234 5895; x_wconf 75' lang='grc' dir='ltr'><strong>«ι</strong></span> <span class='ocrx_word' id='word_1_903' title='bbox 3271 5840 3403 5913; x_wconf 89' lang='lat' dir='ltr'><strong>Spes</strong></span> <span class='ocrx_word' id='word_1_904' title='bbox 3439 5855 3474 5895; x_wconf 85' lang='lat' dir='ltr'><strong>a</strong></span> <span class='ocrx_word' id='word_1_905' title='bbox 3500 5835 3743 5894; x_wconf 64' lang='lat' dir='ltr'><strong>turbine,‘</strong></span> 
     </span>
    </p>
   </div>
   <div class='ocr_carea' id='block_1_109' title="bbox 2216 5923 3747 6002">
    <p class='ocr_par' dir='ltr' id='par_1_109' title="bbox 2216 5923 3747 6002">
     <span class='ocr_line' id='line_1_109' title="bbox 2216 5923 3747 6002; baseline -0.003 -21"><span class='ocrx_word' id='word_1_906' title='bbox 2216 5927 2477 5983; x_wconf 72' lang='lat' dir='ltr'><strong>Subaudis</strong></span> <span class='ocrx_word' id='word_1_907' title='bbox 2528 5923 2675 5982; x_wconf 82' lang='lat' dir='ltr'><strong>fuisti</strong></span> <span class='ocrx_word' id='word_1_908' title='bbox 2716 5929 2788 5998; x_wconf 89' lang='lat' dir='ltr'><strong>ei,</strong></span> <span class='ocrx_word' id='word_1_909' title='bbox 2818 5930 2867 5984; x_wconf 91' lang='lat' dir='ltr'><strong>id</strong></span> <span class='ocrx_word' id='word_1_910' title='bbox 2915 5944 3014 6002; x_wconf 84' lang='lat' dir='ltr'><strong>cst,</strong></span> <span class='ocrx_word' id='word_1_911' title='bbox 3074 5933 3325 5992; x_wconf 86' lang='lat' dir='ltr'><strong>solatium</strong></span> <span class='ocrx_word' id='word_1_912' title='bbox 3372 5938 3400 5988; x_wconf 69' lang='lat' dir='ltr'><strong>a</strong></span> <span class='ocrx_word' id='word_1_913' title='bbox 3446 5925 3747 5987; x_wconf 72' lang='lat' dir='ltr'><strong>tﬁbulatio.:e</strong></span> 
     </span>
    </p>
   </div>
  </div>
