3918 6480
135 500 261 557 837
1212 530 1215 534 -
1256 485 1608 546 COMMENT.
1638 486 1705 542 IN
1741 484 1995 542 ISAIAM.
2034 518 2104 528 —
2130 486 2258 541 LIB.
2299 484 2362 543 il.
3307 480 3410 537 838

138 611 429 683 passionis
456 626 470 663 :
493 610 620 678 quia
666 615 719 661 te
745 614 1003 677 operante
1032 605 1338 675 passionem
1361 605 1617 660 sustinuit
1643 619 1735 673 pa-
1762 605 1813 663 A
1839 602 2012 672 ipsum
2041 602 2337 667 diabolum,
2367 601 2460 672 qui
2484 599 2696 655 vinculo
2725 613 2823 656 suo
2850 597 3198 667 colligaverat
3217 610 3406 650 omnes

140 705 381 759 tienter.
421 700 539 771 Ipse
568 699 711 753 enim
751 697 919 753 dicit:
952 695 1278 751 Potestatem
1307 696 1479 751 habeo
1506 692 1735 764 ponendi
1838 701 2046 761 gentes,
2075 700 2130 747 et
2158 691 2366 774 orditus
2390 698 2474 746 est
2498 691 2668 761 ipsam
2696 690 2875 754 telam,
2905 686 3122 742 trahens
3142 686 3320 741 omnia
3348 685 3404 740 in

141 795 401 849 animant
435 804 636 856 meam,
664 798 721 844 et
754 789 948 843 iterum
976 787 1225 843 sumendi
1260 800 1400 842 eam.
1454 804 1474 836 ι
1513 779 1737 840 Umbra-
1837 790 2067 837 mortem
2089 780 2352 849 corporis,
2384 790 2439 835 et
2473 781 2668 836 multos
2690 780 2742 833 in
2771 787 2994 834 mortem
3046 776 3259 833 animai.
3301 775 3408 844 Qui

138 883 342 938 culum
373 882 442 937 ab
471 889 626 945 testu,
658 898 676 929 ι
720 879 773 933 id
815 885 917 943 est,
948 877 1213 947 protectio
1254 876 1326 933 ab
1367 883 1501 931 testu
1549 874 1738 929 mortis
1837 888 1958 928 cum
1986 874 2038 931 in
2069 872 2154 931 die
2184 871 2349 926 fuerit
2386 881 2590 930 tractus
2619 873 2828 945 judicii,
2854 869 3229 927 absorbebitur
3260 877 3409 940 pote-

142 970 309 1027 fuisti
340 971 416 1037 ei,
463 978 523 1024 ut
570 969 728 1024 tertia
772 967 862 1023 die
899 975 1224 1036 resurgeret.
1278 985 1296 1017 ι
1328 964 1561 1035 Spiritus
1590 964 1735 1018 enim

139 1064 531 1127 robustorum,
556 1061 714 1132 quasi
743 1060 902 1115 turbo
946 1058 1225 1129 impellens
1250 1059 1534 1128 parietem.
1573 1077 1591 1109 ι
1629 1057 1738 1112 Ro-

141 1157 353 1212 bustos
370 1160 531 1210 vocat
548 1150 782 1214 Judaeos.
809 1150 1069 1220 parietem
1092 1148 1394 1203 Dominum.
1421 1146 1732 1212 Turbinem,

142 1248 418 1301 virtutem
455 1244 688 1300 illorum.
719 1242 871 1298 Sicut
897 1241 1041 1295 enim
1066 1240 1243 1309 paries
1279 1239 1538 1307 impulsus
1561 1253 1592 1291 a
1624 1247 1735 1293 tur-

142 1338 283 1393 bine
330 1334 623 1391 immobilis
693 1340 991 1403 permanet,
1049 1331 1129 1387 sic
1167 1331 1425 1397 Dominus
1476 1328 1736 1399 impulsus

145 1429 379 1498 quidem
405 1442 436 1482 a
464 1426 661 1481 Judais
695 1433 934 1494 tempore
958 1422 1247 1493 passionis,
1278 1422 1372 1478 sed
1409 1437 1515 1477 non
1543 1429 1733 1490 potuc-

148 1530 289 1576 runt
318 1520 396 1575 illi
425 1520 660 1575 victores
681 1516 959 1573 exsistere.
985 1515 1139 1571 Licet
1165 1514 1309 1569 enim
1337 1510 1733 1568 humanitatem

147 1611 587 1677 interfecissent,
621 1610 737 1678 ipse
766 1623 862 1677 per
904 1606 1238 1663 divinitatem
1285 1604 1394 1659 cito
1441 1604 1736 1659 resurrexit

145 1701 440 1756 vivificans
481 1701 648 1755 illam.
682 1698 943 1755 Dixerunt
978 1711 1246 1765 namque:
1277 1695 1522 1762 «Venite,
1551 1694 1734 1751 mitta-

148 1805 279 1845 mus
308 1790 510 1861 lignum
544 1790 598 1842 iu
634 1802 826 1858 panem
858 1785 994 1855 ejus,
1026 1805 1046 1837 ι
1096 1786 1151 1840 id
1180 1795 1284 1852 est,
1314 1785 1516 1856 lignqu
1557 1786 1734 1842 crucis

151 1878 210 1932 in
257 1893 481 1934 carnem
530 1877 691 1942 illius,
749 1895 767 1928 ι
804 1884 860 1931 et
907 1875 1194 1946 perdamus
1230 1876 1546 1931 memoriam
1591 1876 1734 1931 iUius

1841 972 1953 1020 stas
1982 963 2117 1034 ejus.

1912 1076 1930 1107 ι
1961 1056 2025 1111 Et
2055 1055 2261 1110 auferet
2286 1056 2545 1111 Dominus
2571 1054 2866 1127 lacrymam
2889 1048 2957 1109 ab
2986 1054 3131 1110 omni
3170 1052 3328 1117 facie,
3366 1072 3385 1105 ι

1835 1147 2090 1201 subaudis
2137 1145 2432 1201 electorum
2470 1161 2710 1201 suorum.
2751 1145 2808 1200 in
2846 1144 3098 1216 presenti
3139 1144 3402 1214 siquidem

1835 1237 2032 1292 saeculo
2055 1238 2227 1293 sancti
2254 1240 2309 1292 in
2341 1238 2592 1309 lacrymis
2616 1253 2673 1292 se
2692 1236 2960 1308 affligunt:
2986 1238 3103 1293 ideo
3124 1237 3177 1291 in
3205 1245 3404 1291 aeterna

1834 1327 2020 1396 requie
2044 1343 2232 1383 omnes
2262 1328 2500 1398 ploratus
2528 1334 2585 1382 et
2627 1327 2891 1398 lacrymas
2932 1328 3200 1383 amittent.
3254 1326 3407 1383 Unde

1833 1426 1888 1470 et
1914 1414 2149 1473 Joannes
2180 1418 2233 1472 in
2280 1417 2599 1489 Apocalypsi
2642 1432 2737 1472 sua
2769 1418 2933 1473 dicit:
2983 1438 3001 1470 ι
3035 1418 3103 1473 Ει
3138 1418 3408 1488 absterget

1834 1506 1976 1561 Deus
1989 1522 2206 1562 omnem
2222 1507 2513 1580 lacrymam
2539 1508 2786 1564 aboculis
2806 1523 2990 1563 eorum
3021 1508 3201 1580 (Apoc.
3229 1512 3395 1580 ιχι),›

1834 1608 1888 1653 ει
1917 1599 2144 1670 reliqua.
2173 1621 2191 1651 ‹
2220 1601 2287 1655 Ει
2310 1602 2654 1671 opprobrium
2676 1601 2853 1671 pepuli
2883 1602 2964 1656 sui
2998 1602 3225 1668 auferet,
3256 1623 3274 1654 ι
3300 1604 3405 1659 hoc

1834 1698 1918 1745 est
1947 1691 2260 1746 servitutem
2295 1702 2350 1746 et
2390 1692 2807 1774 dominationem
2834 1692 3051 1749 diaboli.
3093 1692 3274 1749 Genus
3300 1693 3405 1748 hu-

1834 1798 2054 1837 manum
2083 1794 2367 1854 postquam
2394 1786 2600 1856 primus
2622 1800 2818 1856 parens
2850 1797 3031 1843 noster
3058 1790 3319 1859 peccavit,
3349 1789 3405 1844 in

1834 1873 2085 1941 paradiso
2117 1873 2320 1943 lignum
2369 1874 2547 1930 vetita:
2588 1875 2796 1931 arboris
2822 1876 3127 1944 comedens,
3161 1877 3406 1934 servituti

151 1969 224 2025 de
255 1978 402 2026 terra
429 1969 566 2041 (lor.
592 1969 688 2041 ιι).
721 1990 739 2023 ι
792 1969 897 2025 Sed
943 1970 1083 2025 unde
1129 1970 1444 2027 memoriam
1476 1970 1615 2026 illius
1640 1986 1731 2026 εο.
1761 1951 1807 2010 Β
1835 1961 2033 2017 diaboli
2071 1963 2370 2033 subjectum
2393 1974 2477 2020 est
2496 1963 2649 2038 (Cen.
2676 1966 2779 2037 ιιι).
2807 1967 2875 2022 Et
2898 1967 3039 2023 istud
3059 1958 3404 2039 opprobrium

151 2062 270 2117 nati
311 2071 440 2121 sunt
470 2060 702 2125 auferre,
746 2076 843 2131 per
876 2061 981 2116 hoc
1014 2076 1212 2119 nomen
1245 2061 1362 2132 ejus
1392 2076 1488 2133 per
1516 2063 1732 2117 univer-

149 2168 277 2207 sum
316 2155 503 2209 orbem
534 2152 914 2209 dilataverunt.

231 2265 252 2297 ι
309 2245 461 2302 Sicut
511 2254 646 2302 aestu
693 2246 747 2300 in
797 2246 885 2301 siti
942 2245 1200 2301 tumultus
1265 2245 1582 2311 alienorum,
1618 2265 1637 2299 ι
1677 2245 1733 2301 id

146 2346 254 2402 est,
283 2337 590 2395 Iudaion
616 2337 928 2393 humiliabis
953 2357 973 2390 ι
1000 2346 1055 2393 et
1078 2337 1233 2407 quasi
1259 2336 1441 2393 calore
1466 2337 1567 2393 sub
1591 2337 1733 2393 nube

150 2437 398 2484 torrente
444 2428 793 2499 propaginem
844 2426 1061 2483 fortium
1124 2428 1433 2483 inarescere
1485 2426 1670 2484 facies.
1708 2446 1727 2479 ι

148 2520 300 2574 Duas
342 2518 773 2588 comparationes
817 2519 909 2573 dat
948 2517 1015 2573 de
1059 2519 1307 2588 passione
1329 2519 1558 2574 Domini.
1608 2519 1736 2588 Qui-

149 2613 278 2667 dam
309 2611 522 2667 codices
550 2610 753 2665 habent
784 2610 924 2665 sicut
946 2617 1111 2664 aestus
1138 2610 1191 2664 in
1222 2609 1332 2676 siti,
1360 2610 1503 2681 quod
1526 2610 1734 2667 duobus

149 2704 331 2761 modis
357 2712 535 2776 potest
567 2704 810 2777 intelligi.
853 2703 1005 2759 Sicut
1044 2705 1098 2759 in
1142 2704 1233 2759 siti
1266 2712 1322 2760 et
1361 2713 1497 2760 testu
1539 2703 1733 2758 tumul-

151 2808 243 2854 tus
288 2798 569 2853 hominum
600 2812 699 2868 pro
729 2795 1016 2852 afﬂictione
1045 2806 1313 2865 cessatur,
1341 2807 1395 2853 et
1425 2797 1566 2853 sicut
1612 2797 1725 2852 ina-

153 2880 376 2943 rescunt
413 2887 735 2959 propagines
759 2887 888 2942 vitis
919 2887 1018 2942 sub
1044 2887 1186 2945 nube
1214 2886 1341 2941 dum
1370 2885 1584 2943 fortiter
1618 2894 1731 2942 tor-

152 2985 239 3031 ret
269 2976 418 3031 calor
441 2976 588 3041 solis,
620 2976 759 3031 sicut
785 2974 967 3031 deficit
1001 2984 1056 3031 et
1078 2975 1177 3031 flos
1211 2977 1406 3031 cadens
1436 2994 1449 3030 :
1483 2977 1563 3031 sic
1589 2975 1730 3033 facta

151 3078 235 3125 est
266 3067 521 3124 fortitudo
545 3065 847 3124 Iudaeorum
893 3078 1079 3124 contra
1106 3068 1411 3123 Dominum.
1457 3067 1513 3122 Si
1551 3077 1729 3124 autem

153 3159 372 3231 legeris,
406 3159 545 3215 sicut
584 3167 744 3214 aestus
794 3158 849 3213 in
894 3158 1021 3213 siti:
1048 3158 1126 3213 sic
1160 3173 1396 3230 expones
1423 3172 1438 3212 :
1464 3157 1729 3225 Quemad-

156 3249 372 3304 modum
392 3256 555 3305 zestus
575 3248 824 3304 humiliat
852 3248 1125 3303 hominem
1156 3248 1391 3316 positum
1418 3247 1484 3300 ‘in
1509 3247 1620 3313 siti,
1650 3248 1729 3302 sic

156 3338 467 3395 defecerunt
498 3340 596 3392 illi.
1044 3384 1047 3389 ι

232 3448 250 3478 ‹
292 3429 361 3481 Et
389 3426 552 3480 faciet
580 3425 837 3479 Dominus
872 3425 1208 3480 exercituum
1244 3423 1496 3479 omnibus
1523 3425 1733 3495 populis

161 3520 213 3573 in
244 3524 425 3572 monte
460 3516 564 3571 hoc
602 3516 925 3571 convivium.
956 3535 975 3568 ι
1030 3514 1338 3570 Revertitur
1362 3517 1623 3586 propheta
1664 3516 1733 3572 ad

164 3610 302 3663 diem
331 3607 541 3680 judicii,
569 3615 624 3663 et
650 3606 815 3662 faciet
847 3608 901 3663 in
941 3608 1027 3663 die
1056 3607 1305 3664 videlicet
1331 3609 1541 3680 judicii.
1579 3609 1731 3677 Quod

165 3708 340 3754 autem
395 3699 523 3754 dicit
574 3699 825 3755 omnibus
849 3739 864 3765 ,
931 3698 1350 3770 synecdochicos
1391 3698 1649 3769 loquitur,
1700 3717 1730 3756 a

162 3800 314 3860 parte
356 3798 521 3845 totum
568 3804 794 3861 ponens.
853 3789 1114 3845 Omnibus
1157 3790 1302 3845 enim
1354 3791 1564 3862 populis
1602 3790 1732 3847 dicit

163 3880 407 3936 omnibus
447 3879 652 3946 electis,
702 3881 756 3934 in
803 3889 985 3935 monte
1033 3880 1156 3946 hoc,
1184 3881 1241 3937 id
1279 3890 1380 3946 est,
1410 3883 1465 3936 in
1493 3882 1729 3939 Ecclesia

164 3973 308 4043 regni
337 3973 594 4028 caelestis.
629 3972 725 4028 Vel
760 3973 816 4027 in
847 3981 1026 4029 monte
1054 3972 1177 4038 hoc,
1206 3973 1259 4027 id
1284 3983 1368 4029 est
1395 3988 1555 4045 super
1579 3991 1729 4030 mon-

165 4073 269 4119 tem
301 4062 525 4128 Oliveti,
574 4076 738 4133 super
782 4077 943 4133 quem
968 4063 1227 4118 Dominus
1252 4064 1433 4119 veniet
1459 4065 1512 4119 in
1563 4066 1726 4119 nube.

164 4154 274 4209 Non
311 4163 488 4209 tamen
519 4154 586 4208 ad
610 4163 786 4208 terras
813 4155 1119 4220 descendet,
1143 4154 1237 4210 sed
1278 4155 1332 4209 in
1366 4156 1543 4225 spatio
1570 4154 1729 4224 hujus

163 4249 304 4304 aeris
334 4247 563 4303 sedebit.
611 4247 679 4302 Et
709 4247 868 4318 quale
906 4248 1211 4304 convivium
1266 4249 1589 4319 praeparabit
1612 4249 1730 4304 eis?

169 4359 188 4392 ι
215 4339 521 4396 Convivium
575 4341 850 4410 pinguiora
879 4381 895 4406 ,
951 4347 1005 4394 et
1047 4339 1329 4394 vindemia:
1383 4340 1672 4395 defmcatae.
1704 4359 1722 4391 ι

112 4496 115 4499 Α
162 4433 283 4488 Ftex
312 4443 718 4505 purgamentum
747 4433 859 4487 vini
893 4442 996 4488 est.
1030 4432 1313 4488 Vindemia
1341 4430 1616 4498 defaecata,
1645 4440 1730 4487 est

163 4523 339 4578 viuum
364 4537 561 4593 purum
606 4523 722 4577 sine
745 4521 896 4577 faece.
938 4521 1492 4576 Animadvertendum
1515 4528 1601 4575 est
1627 4537 1726 4575 au-

1836 2060 1945 2107 tam
1993 2055 2182 2109 mortis
2213 2070 2372 2124 quam
2412 2056 2706 2122 servitutis,
2738 2057 3018 2127 dissipabit
3044 2059 3300 2113 Dominus
3350 2061 3405 2113 in

1835 2143 1922 2198 die
1940 2143 2151 2214 judicii,
2194 2147 2476 2201 retrudens
2505 2147 2656 2200 illum
2683 2148 2750 2202 de
2778 2147 3029 2204 claustris
3064 2148 3280 2214 inferni,
3312 2148 3404 2219 qui

1836 2234 2143 2291 dominatus
2172 2235 2348 2290 fuerat
2376 2238 2630 2293 universo
2656 2237 2793 2293 orbi.

1911 2342 1931 2375 ι
1975 2324 2040 2378 Et
2065 2325 2244 2380 dicent
2261 2324 2392 2395 justi
2425 2325 2478 2380 in
2510 2325 2596 2381 die
2625 2326 2738 2392 illa,
2775 2345 2793 2378 ι
2828 2326 2884 2382 id
2910 2328 3060 2382 estin
3086 2328 3172 2384 die
3190 2328 3402 2399 judicii:

1840 2439 1859 2472 ‹
1892 2419 2032 2475 Ecce
2047 2419 2189 2475 Deus
2217 2427 2418 2485 noster,
2456 2439 2474 2472 ι
2501 2434 2673 2489 usque
2704 2437 2722 2471 ι
2762 2421 3059 2490 requiescet
3083 2438 3275 2478 manus
3298 2422 3405 2480 Do-

1835 2510 1987 2576 mini,
2023 2530 2043 2563 ι
2082 2508 2132 2564 id
2164 2520 2246 2565 est
2287 2511 2525 2579 potentia
2575 2510 2868 2567 divinitatis
2916 2511 3030 2582 ejus
3079 2531 3097 2564 ι
3129 2512 3183 2566 in
3221 2521 3404 2570 monte

1835 2600 1957 2666 isto,
1990 2621 2009 2654 ι
2038 2602 2142 2657 hoc
2165 2609 2248 2656 est
2274 2602 2324 2655 in
2344 2601 2582 2657 Ecclesia
2601 2611 2655 2657 et
2680 2616 2846 2674 regno
2873 2604 3150 2659 caelorum.
3169 2603 3399 2660 Montem

1833 2690 2066 2761 appellat
2087 2690 2380 2747 Eeclesiam
2419 2690 2736 2760 electorum,
2764 2693 2857 2763 qui
2892 2708 3012 2750 cum
3052 2692 3280 2751 Domino
3314 2711 3402 2750 re-

1835 2788 2093 2857 gnabunt.

1911 2897 1930 2931 ‹
1982 2880 2051 2934 Et
2096 2880 2442 2936 triturabitur
2496 2879 2651 2938 Moab
2701 2882 2801 2938 sub
2846 2897 2931 2951 eo,
2980 2882 3120 2939 sicut
3157 2889 3405 2940 teruntur

1832 2968 2000 3039 paleae
2031 2969 2085 3024 in
2114 2969 2373 3040 plaustro.
2409 2990 2427 3023 ι
2485 2970 2600 3026 Vox
2652 2974 2930 3043 prophetae
2978 2973 3043 3029 de
3091 2974 3304 3030 diabolo
3353 2983 3408 3031 et

1831 3060 2167 3132 principibus
2193 3061 2354 3116 illius.
2384 3060 2662 3119 Triturare
2687 3073 2769 3119 est
2790 3070 2985 3121 terere.
3004 3063 3141 3121 Sunt
3159 3068 3405 3137 quaedam

1834 3152 2099 3222 regiones,
2126 3151 2181 3206 in
2205 3154 2401 3223 quibus
2430 3155 2582 3211 deest
2633 3154 2839 3221 fenum,
2871 3156 3201 3215 habitatores
3224 3169 3404 3215 autem

1836 3243 2045 3299 illarum
2100 3256 2429 3318 congregant
2484 3250 2744 3304 stramina
2808 3250 3022 3322 frugum
3079 3268 3297 3309 suarum
3349 3255 3403 3309 in

1835 3346 2046 3402 campo,
2072 3342 2127 3388 et
2148 3332 2421 3390 deducunt
2453 3336 2559 3391 huc
2611 3346 2770 3407 atque
2804 3339 2932 3395 illuc
2959 3341 3255 3410 plaustrum
3281 3359 3403 3398 cum

1836 3425 2063 3481 serratis
2093 3427 2227 3481 rotis
2258 3442 2422 3498 super
2446 3430 2728 3497 stramina,
2780 3432 3152 3489 comminuunt
3188 3433 3301 3501 illa,
3346 3444 3408 3491 ut

1834 3517 2085 3573 animalia
2118 3517 2289 3575 levius
2316 3534 2378 3575 ea
2411 3520 2686 3577 ruminare
2713 3524 2936 3592 possint.
2965 3523 3055 3579 Sic
3091 3534 3402 3582 conteretur

1836 3604 2090 3660 Hoabsub
2110 3622 2200 3668 eo,
2242 3606 2295 3662 id
2318 3616 2402 3663 est
2432 3611 2532 3664 sub
2562 3609 2776 3666 Christo
2807 3613 2860 3666 in
2895 3614 2979 3668 die
3006 3613 3213 3683 judicii.
3247 3615 3401 3673 Moab

1832 3694 1975 3751 illius
2004 3694 2104 3751 fuit
2128 3696 2269 3753 Leth
2300 3696 2450 3770 (Gen.
2483 3704 2596 3770 xix)
2617 3742 2632 3766 ,
2666 3717 2696 3755 a
2726 3714 2832 3773 quo
2860 3703 3104 3759 Moabitae
3137 3708 3399 3779 originem

1834 3797 2183 3858 sumpserunt
2207 3806 2222 3842 :
2252 3787 2575 3859 merumque
2604 3789 2727 3846 filiis
2757 3791 2918 3848 Israel
2945 3809 3157 3865 semper
3178 3793 3396 3852 infensi.

1830 3877 1965 3931 Nam
2008 3893 2127 3933 cum
2180 3879 2248 3934 de
2284 3877 2601 3950 Egyptiaca
2656 3881 2913 3938 servitute
2955 3883 3182 3938 Domino
3224 3892 3403 3955 prote-

1830 3977 1988 4039 gente
2030 3969 2262 4036 exirent,
2311 3977 2366 4025 et
2409 3972 2898 4041 appropinquarent
2938 3973 3141 4044 regioni
3166 3974 3397 4042 illorum,

1830 4060 1958 4115 fecit
1977 4075 2205 4130 peccare
2225 4077 2318 4118 eos
2345 4070 2534 4118 contra
2561 4064 2846 4120 Dominum
2870 4065 3059 4121 Balatu
3081 4078 3175 4123 rex
3199 4066 3400 4125 Moabi-

1833 4159 2028 4218 tarum,
2048 4153 2272 4209 consilio
2329 4154 2547 4210 Balaam
2597 4157 2789 4212 harioli
2838 4173 2969 4213 usus
3014 4156 3202 4231 (Nam.
3247 4160 3394 4233 xxv).

1828 4241 2060 4312 ideoque
2104 4238 2204 4313 per
2246 4243 2403 4301 Moab
2441 4247 2697 4303 debemus
2725 4249 2779 4303 in
2824 4250 2927 4304 hoc
2974 4249 3091 4305 loco
3134 4250 3401 4307 diabolum

1830 4332 2147 4403 intelligere,
2176 4334 2269 4403 qui
2302 4350 2513 4407 semper
2540 4338 2724 4404 Israel,
2753 4340 2806 4394 id
2835 4347 2918 4395 est
2945 4340 3150 4408 eiectis,
3178 4344 3269 4412 qui
3306 4359 3405 4413 per

1826 4424 1994 4479 Israel
2021 4424 2320 4495 signantur,
2346 4430 2655 4486 contrarius
2676 4432 2907 4487 exsistit.
2936 4432 2994 4486 In
3046 4432 3133 4488 die
3164 4450 3399 4505 namque

1829 4515 2058 4571 extremi
2086 4512 2270 4583 judicii
2295 4529 2607 4575 mutaretur
2628 4521 2890 4589 diabolus,
2915 4531 2969 4578 et
2985 4525 3257 4595 principes
3286 4524 3403 4594 ejus

166 4624 291 4681 ιεω,
326 4616 468 4685 quod
510 4615 682 4670 saucii
730 4615 782 4668 in
812 4613 902 4668 illa
930 4613 1264 4669 beatitudine
1292 4628 1468 4684 neque
1500 4614 1726 4669 mandu-
1751 4645 1803 4707 ι)
1829 4606 1930 4707 sub
1950 4606 2377 4707 Christo,hsicuti
2402 4619 2650 4667 teruntur
2670 4612 2837 4683 paleze
2874 4614 2928 4669 in
2968 4614 3243 4684 plaustris.
3280 4634 3297 4667 ι
3335 4617 3403 4671 Et

163 4708 360 4764 cahnat
390 4721 565 4777 neque
600 4704 804 4770 bibent,
846 4705 941 4760 sed
980 4704 1103 4761 ideo
1143 4703 1275 4761 dicit
1310 4705 1392 4760 eis
1420 4705 1726 4762 convivium
1754 4698 1795 4707 ⁷⁷
1829 4698 1975 4755 sicut
2006 4701 2246 4757 extendit
2293 4710 2486 4757 natans
2527 4704 2593 4759 ad
2631 4706 2944 4759 natandum.
2981 4724 3001 4758 ι
3027 4706 3103 4761 ita
3149 4708 3404 4766 extendet

163 4799 472 4871 praeparari,
499 4799 628 4868 quia
667 4797 920 4853 omnibus
949 4796 1157 4854 deliciis
1194 4806 1249 4853 et
1284 4798 1552 4855 suavitate
1582 4798 1729 4870 pleni

161 4900 339 4956 erunt,
362 4898 417 4945 et
437 4888 582 4945 nulla
613 4902 673 4944 re
703 4903 939 4958 unquam
974 4888 1305 4959 indigebunt.

241 5001 258 5034 ι
297 4982 362 5037 Et
396 4978 753 5052 praecipitauit
778 4980 1033 5035 Dominus
1062 4980 1119 5035 in
1155 4988 1339 5036 monte
1380 4981 1483 5036 isto
1533 4980 1727 5039 faciem

166 5072 354 5130 vinculi
382 5070 636 5142 colligati.
658 5089 680 5124 ι
706 5070 859 5138 Quod
879 5069 1110 5141 appellat
1129 5069 1421 5138 vinculum,
1450 5071 1553 5127 hoc
1579 5088 1726 5128 mor-

169 5171 290 5229 tem,
317 5162 418 5218 hoc
455 5162 632 5217 telam.
666 5160 952 5217 Vinculum
988 5162 1135 5216 enim
1174 5161 1366 5217 mortis
1392 5162 1533 5233 quod
1557 5179 1587 5217 a
1613 5163 1723 5234 pri-

167 5268 253 5310 mo
287 5261 504 5323 parente
548 5261 733 5308 nostro
770 5253 924 5323 quasi
970 5251 1074 5308 tela
1122 5252 1357 5309 orditum
1406 5261 1508 5319 est,
1563 5268 1725 5324 super

168 5357 318 5401 omne
340 5358 507 5415 genus
528 5344 820 5399 humanum
849 5344 1205 5415 pmcipitabit
1229 5344 1509 5411 Dominus,
1540 5345 1596 5401 id
1619 5354 1722 5414 est,

170 5436 398 5492 destruet
421 5434 475 5488 in
521 5433 608 5489 die
643 5431 866 5500 judicii:
895 5433 1123 5489 reddens
1146 5450 1335 5490 omnes
1373 5435 1722 5504 immortales,

171 5536 272 5583 tam
316 5524 515 5581 eiectos
554 5539 715 5595 quam
744 5523 1022 5597 reprobos.
1046 5523 1186 5581 Justi
1214 5526 1359 5581 enim
1394 5527 1725 5584 immortales

172 5618 388 5673 eruntin
416 5617 607 5687 gloria,
636 5625 694 5673 et
709 5616 859 5688 impii
878 5616 933 5671 in
953 5616 1244 5688 supplicio:
1271 5627 1327 5674 et
1344 5627 1526 5691 postea
1552 5635 1726 5690 neque

174 5721 309 5765 mors
327 5708 569 5778 corporis
596 5721 771 5777 neque
792 5707 983 5763 anima:
1012 5708 1137 5774 erit,
1162 5710 1302 5765 sicut
1335 5712 1465 5766 dicit
1491 5712 1722 5783 Aposto-

173 5797 276 5855 lus:
304 5818 322 5851 ι
353 5800 615 5870 Absorpta
655 5807 737 5856 est
766 5814 913 5856 mors
939 5800 997 5856 in
1032 5801 1259 5857 victoria
1285 5803 1485 5857 Christi
1515 5802 1568 5874 (1
1597 5802 1719 5857 Cor.

176 5888 274 5961 xv).
310 5911 328 5946 ι
368 5888 692 5947 Sicutetiam
721 5888 989 5946 vinculum
1013 5890 1203 5947 mortis
1224 5900 1278 5947 et
1303 5893 1465 5947 telam
1492 5894 1724 5964 appellat

1829 4791 2074 4848 diabolus
2111 4808 2305 4849 manus
2330 4809 2461 4849 suas
2502 4796 2602 4850 sub
2643 4810 2731 4861 eo,
2775 4796 2875 4851 hoc
2915 4805 3017 4867 est,
3042 4800 3142 4855 sub
3161 4799 3397 4856 Christo.

1828 4880 2052 4949 Quando
2080 4882 2279 4940 labitur
2318 4885 2513 4954 aliquis
2545 4886 2613 4941 de
2654 4888 3021 4958 superioribus
3048 4892 3115 4946 ad
3142 4892 3267 4957 ima,
3301 4908 3398 4947 ex-

1831 4974 2001 5030 tensis
2036 4975 2288 5031 manibus
2314 4977 2445 5043 ruit,
2473 4976 2632 5033 sicuti
2653 4977 2743 5047 qui
2766 4987 2934 5035 natat.

1904 5084 1923 5118 ι
1959 5067 2027 5122 Et
2050 5068 2357 5124 humiliabit
2382 5070 2640 5127 Dominus
2672 5070 2899 5142 gloriam
2936 5089 2955 5123 ι
2998 5071 3192 5127 diaboli
3222 5072 3275 5128 in
3313 5074 3400 5132 die

1822 5156 1912 5212 illa
1950 5175 1969 5209 ι
1998 5173 2119 5213 cum
2155 5159 2417 5227 allisione,
2446 5179 2468 5212 ι
2500 5161 2603 5218 hoc
2628 5171 2713 5218 est
2737 5162 3060 5219 contritione
3092 5180 3112 5214 ι
3139 5178 3397 5221 mnuum

1822 5248 1939 5319 ejus
1982 5268 2003 5301 ι
2048 5250 2103 5304 id
2152 5259 2237 5305 est
2292 5252 2658 5321 operationem
2703 5254 2838 5324 ejus.
2908 5271 2927 5306 ι
2969 5254 3039 5310 Et
3064 5256 3399 5313 munimenta

1824 5339 2134 5395 sublimium
2173 5357 2449 5398 murorum
2498 5355 2709 5400 tuorum
2747 5345 3049 5401 concident.
3079 5366 3099 5399 ι
3144 5347 3401 5417 Apostro-

1823 5431 1984 5502 pham
2016 5431 2147 5488 facit
2165 5436 2423 5504 propheta
2448 5437 2515 5492 ad
2542 5438 2716 5507 ipsum
2743 5438 3041 5509 principem
3071 5440 3394 5496 daemonum.

1830 5524 2158 5583 Munimenta
2197 5528 2413 5595 diaboli,
2458 5537 2585 5583 sunt
2609 5529 2870 5586 satellites
2894 5532 3028 5602 ejus.
3058 5530 3239 5587 Murus
3268 5546 3400 5589 vero

1828 5614 1970 5671 illius
2012 5618 2258 5675 homines
2284 5634 2541 5691 sequaces
2563 5618 2699 5688 ejus,
2732 5622 2824 5686 qui
2845 5637 2969 5677 eum
2992 5622 3185 5678 imitati
3226 5635 3394 5679 sunt:

1827 5708 2022 5778 quibus
2046 5710 2158 5781 ipse
2184 5711 2342 5782 quasi
2366 5725 2523 5766 muro
2548 5710 2779 5768 vallatus
2803 5723 2906 5770 est.
2938 5715 2994 5769 in
3022 5714 3109 5770 die
3130 5714 3318 5786 judicii
3342 5725 3398 5773 et

1830 5804 1942 5874 ipse
1986 5814 2045 5859 et
2087 5806 2320 5861 ministri
2356 5804 2492 5873 ejus,
2531 5820 2772 5877 quosque
2797 5808 2910 5878 ipse
2943 5808 3175 5879 decepit,
3216 5808 3397 5864 conci-

1827 5893 1955 5949 dent
1983 5894 2039 5949 in
2062 5894 2376 5951 barathrum
2395 5903 2612 5951 aeternae
2639 5895 3017 5955 damnationis.
