3918 6476
563 389 669 446 839

1114 503 1342 561 CAPUT
1399 504 1590 561 XXVI.

635 627 654 660 ‹
695 609 754 664 In
796 609 885 666 die
915 610 1006 666 illa
1035 615 1345 671 cantabitur
1381 616 1659 671 canticum
1700 616 1847 673 istud
1895 609 2148 673 interra

556 700 715 758 Juda.
734 721 752 755 ι
779 702 968 760 Potest
995 705 1097 761 hoc
1122 705 1313 762 referri
1341 716 1395 763 et
1419 709 1486 763 ad
1506 719 1830 780 praesentem
1852 709 2146 766 Eeclesiam

558 804 613 850 et
642 811 953 867 supernam,
982 815 1102 870 quae
1128 800 1181 854 in
1211 801 1296 855 die
1312 800 1504 870 judicii
1532 803 1912 872 eomplebitur.
1947 803 2145 859 Sancta

558 887 802 945 Ecclesia
832 890 991 946 modo
1018 892 1289 948 canticum
1311 909 1512 949 novum
1548 903 1755 961 cantat,
1787 895 1917 950 dum
1953 887 2160 949 nativi-'

558 989 727 1036 tatem
749 980 984 1048 Domini,
1012 983 1340 1054 passionem,
1375 987 1852 1055 resurrectionem,
1879 988 2146 1043 ascensio.

555 1089 789 1147 nemque
828 1075 943 1145 ejus
986 1078 1053 1132 ad
1099 1078 1266 1134 coelos
1305 1080 1574 1136 laudando
1622 1082 1901 1152 praedicat,
1937 1092 1991 1136 et
2020 1083 2143 1136 dum

554 1168 702 1223 canit
739 1168 942 1227 electos
973 1171 1140 1228 ccelos
1169 1183 1474 1242 penetrare.
1507 1174 1730 1230 Vetusta
1773 1178 1917 1231 enim
1950 1192 2037 1232 res
2064 1185 2147 1231 est

552 1258 800 1314 homines
827 1261 893 1316 ad
925 1261 1120 1317 inferni
1151 1263 1386 1319 claustra
1414 1265 1764 1331 descendere,
1790 1283 1928 1322 nova
1957 1276 2138 1322 autem

551 1351 723 1406 coalos
769 1360 1078 1422 penetrare.
1117 1375 1136 1406 ι
1175 1355 1316 1411 Urbs
1361 1356 1695 1413 fortitudinis
1745 1369 1930 1415 nostra
1977 1359 2140 1415 Sion:

553 1444 790 1501 salvator
831 1457 1062 1516 ponetur
1089 1447 1145 1502 in
1168 1464 1232 1502 ea
1272 1465 1460 1505 murus
1483 1458 1535 1504 et
1568 1452 1924 1507 antemnrale.
1968 1472 1984 1503 ι
2030 1451 2145 1507 Vox

547 1534 822 1604 iustorum
858 1539 971 1594 sive
1006 1540 1060 1594 in
1086 1542 1342 1610 praesenti
1395 1543 1641 1599 Ecclesia
1698 1546 1810 1599 sive
1856 1545 1909 1599 in
1943 1546 2144 1600 futura.

551 1628 712 1696 Urbs,
739 1629 793 1684 id
812 1643 897 1686 est
915 1635 1183 1702 protectio
1210 1644 1522 1691 sanctorum
1552 1637 1802 1694 Christus
1828 1649 1934 1707 est,
1953 1641 2045 1711 qui
2068 1641 2146 1697 cis

549 1720 922 1778 fortitudinem
964 1735 1186 1795 praeth
1226 1727 1366 1782 inter
1398 1728 1649 1795 adversa,
1692 1739 1748 1784 et
1777 1731 1892 1800 ipse
1920 1740 2003 1786 est
2028 1747 2147 1786 mu-

550 1827 645 1867 rus
668 1812 876 1869 illorum
901 1826 954 1871 et
980 1819 1338 1886 antemurale,
1360 1821 1451 1890 qui
1479 1837 1574 1877 eos
1601 1825 1777 1878 munit
1807 1835 1861 1879 et
1884 1825 2142 1881 defendit.

550 1901 649 1958 Vel
681 1906 844 1961 etiam
871 1911 1147 1980 prOphetae
1177 1912 1514 1967 antemurale
1548 1913 1790 1982 fuerunt,
1816 1925 1868 1971 et
1896 1917 2143 1974 Christus

545 2010 754 2052 murus.
791 1996 886 2053 Vel
909 1999 1104 2055 aliter:
1138 2001 1493 2058 Antemurale
1520 2013 1605 2060 est
1635 2005 1793 2070 fides,
1822 2024 2012 2064 murus
2042 2026 2140 2065 au-

545 2096 656 2142 tem
697 2091 961 2160 operatio.
1003 2093 1086 2148 Ab
1140 2095 1260 2163 ipso
1303 2095 1446 2150 enim
1494 2105 1549 2150 et
1588 2097 1727 2152 velle
1770 2109 1826 2154 et
1855 2116 2013 2171 posse
2039 2103 2140 2158 ha-

546 2177 758 2234 bemus.

627 2289 645 2320 ‹
693 2269 913 2342 Aperite
952 2284 1158 2344 portas.
1209 2298 1227 2329 ι
1280 2277 1397 2334 Vox
1424 2281 1519 2336 Dei
1565 2281 1632 2336 ad
1666 2283 1915 2353 angelos:
1948 2285 1992 2340 0
2039 2301 2139 2340 an-

546 2363 649 2435 geli
665 2365 792 2432 mei,
827 2367 1034 2437 aperite
1058 2378 1270 2441 portas,
1293 2372 1617 2428 subauditur
1632 2373 1862 2442 justitiae
1883 2386 1937 2430 et.
1953 2386 2139 2447 portas

548 2456 755 2526 gloria},
781 2468 841 2512 ut
870 2460 1205 2532 ingrediatur
1229 2477 1361 2533 gens
1382 2465 1553 2535 justa,
1574 2465 1628 2520 id
1649 2475 1732 2521 est
1760 2483 1949 2523 omnes
1979 2468 2137 2524 electi

547 2549 676 2614 mei,
698 2550 791 2621 qui
806 2553 1181 2608 custodierunt
1197 2556 1482 2611 veritatem
1499 2557 1800 2629 Evangelii.
1819 2559 1972 2615 Sicut
1984 2561 2136 2616 'enim

539 2650 708 2712 portae
731 2641 980 2710 iustitiae,
1012 2646 1086 2700 ita
1113 2647 1304 2703 mortis
1334 2657 1391 2704 et
1416 2649 1736 2719 iniquitatis.
1777 2652 1956 2708 Porta:
1977 2652 2139 2722 justi-

543 2732 632 2787 tite
685 2743 814 2789 sunt
855 2735 1014 2803 fides,
1048 2737 1309 2806 eharitas,
1340 2740 1640 2809 humilitas,
1680 2750 1997 2814 caeleraeque
2029 2745 2138 2799 vir-

538 2831 701 2881 tutes.
733 2826 910 2883 Portae
939 2845 1066 2885 vero
1090 2831 1284 2887 mortis
1312 2840 1368 2888 et
1406 2834 1712 2905 iniquitatis
1737 2847 1885 2905 sunt,
1928 2838 2134 2906 odium,

539 2917 788 2983 avaritia,
817 2927 872 2973 et
897 2928 1092 2975 caetera
1125 2921 1274 2976 vitia.

618 3024 637 3055 ι
669 3007 839 3062 Vetus
870 3024 1026 3071 error
1051 3010 1202 3077 abiit,
1235 3015 1478 3069 servabis
1523 3031 1735 3086 pacem.
1773 3039 1791 3069 ι
1843 3019 1959 3074 Vox
1997 3021 2135 3076 elec-

539 3102 738 3150 torum.
777 3096 940 3154 Vctus
964 3115 1119 3156 error
1144 3112 1247 3166 est,
1279 3105 1508 3162 adorare
1537 3107 1677 3162 idola
1717 3110 2048 3178 manufacta,
2082 3123 2136 3169 et

538 3197 846 3244 creaturam
869 3207 1184 3262 praeponere
1214 3198 1470 3252 creatori.
1499 3199 1690 3254 Dicent
1713 3217 1843 3274 ergo
1873 3205 2046 3258 sancti
2076 3204 2132 3260 in

538 3281 627 3336 die
648 3281 843 3352 judicii
872 3300 885 3336 :
937 3284 980 3340 Ο
1017 3285 1247 3343 Domine
1277 3289 1590 3362 redemptor
1614 3304 1822 3362 noster,
1859 3297 1975 3368 jam
2006 3300 2132 3370 quia

536 3381 690 3428 vetus
714 3389 868 3430 error
893 3374 1052 3446 longe
1082 3380 1304 3434 recessit
1336 3396 1366 3435 a
1396 3383 1571 3450 nobis,
1618 3392 1674 3439 et
1719 3386 1772 3440 in
1806 3394 1860 3440 te
1887 3391 2132 3458 speravi-

534 3481 680 3533 mus,
702 3467 946 3525 servabis
980 3483 1170 3539 pacem
1200 3483 1460 3529 aeternam
1502 3475 1680 3543 nobis,
1724 3486 1780 3532 et
1806 3483 2051 3550 corporis
2078 3490 2133 3538 et

539 3560 756 3615 animae.

614 3669 633 3702 ι
655 3651 927 3724 Sperastis
948 3655 1002 3710 in
1032 3655 1282 3725 Domino,
1323 3678 1342 3711 ι
1373 3674 1409 3715 o
1431 3661 1683 3718 sanctiet
1708 3662 1865 3720 electi
1881 3665 2124 3722 Domini:

539 3763 555 3795 ι
596 3746 652 3800 in
679 3747 890 3802 saeculis
918 3757 974 3804 et
1020 3749 1075 3804 in
1101 3759 1444 3822 perpetuum,
1504 3774 1523 3807 ι
1586 3757 1849 3813 subaudis
1888 3769 2124 3828 sperate.

537 3833 653 3891 Vox
688 3840 990 3908 prophetae.

610 3949 630 3980 ς
674 3929 809 3998 Quia
831 3933 1140 3990 incurvabit
1173 3937 1485 3995 habitantes
1518 3940 1574 3995 in
1599 3942 1817 3998 excelso
1875 3963 1894 3996 ι
1927 3944 2004 3998 De
2033 3943 2127 3999 Ju-

533 4020 663 4077 dteis
692 4025 851 4079 modo
882 4026 1123 4097 loquitur
1150 4031 1434 4100 propheta,
1460 4041 1516 4087 et
1543 4035 1610 4089 ad
1643 4051 1708 4090 ea
1729 4051 1851 4106 qua:
1873 4038 2126 4108 superius

530 4110 668 4167 dixit
695 4114 762 4169 de
782 4117 987 4172 sanctis
1004 4119 1258 4187 pertinet.
1295 4121 1520 4192 Sperate
1552 4124 1605 4179 in
1638 4125 1885 4184 Domino.
1914 4129 2125 4197 Quare?

537 4202 673 4270 Quia
705 4205 1030 4275 incurvabit,
1077 4212 1130 4267 id
1159 4222 1244 4267 est
1277 4214 1584 4272 humiliabit
1611 4216 1848 4286 Iudaeos,
1875 4223 1968 4292 qui
1998 4240 2125 4282 nos-

528 4295 632 4350 tris
659 4298 1139 4367 praadicationibus
1166 4307 1425 4361 contrarii
1451 4309 1798 4366 exstiterunt.

610 4410 627 4441 ι
669 4379 1020 4450 C'onculeabit
1062 4412 1205 4465 eam,
1247 4419 1264 4451 ι
1327 4402 1584 4458 subaudis
1629 4406 1928 4464 civitatem.
1967 4430 1985 4462 ‹
2018 4411 2123 4469 Pes

532 4489 805 4559 pauperis.
846 4509 864 4541 ι
898 4491 974 4546 De
999 4494 1308 4563 captivitate
1335 4505 1390 4552 et
1417 4497 1784 4556 destructione
1815 4502 2122 4578 Hierosoly-

527 4593 739 4635 morum
767 4582 1119 4652 temporibus.
1147 4585 1462 4656 Vcspasiani
1498 4590 1643 4646 facta
1689 4592 1930 4665 loquitur
1960 4601 2120 4653 modo

526 4673 791 4742 pmpheta
819 4691 832 4728 :
875 4675 1156 4746 alloquens
1177 4680 1448 4748 apostolos
1474 4691 1528 4738 et
1555 4683 1805 4743 doctores
1830 4689 2118 4758 primitiva:

526 4761 808 4819 Ecclesiae.
863 4767 920 4821 ln
953 4769 1272 4838 quibusdam
1294 4775 1570 4833 codicibus
1602 4781 1916 4838 continetur
1944 4801 1958 4836 :
1989 4799 2118 4840 con-

525 4854 894 4913 culeabiteam
917 4875 1012 4930 pes
1032 4864 1183 4934 pedis
1204 4868 1459 4936 pauperis
1481 4886 1493 4921 :
1513 4871 1656 4938 quod
1673 4872 2118 4932 manifestissime

523 4944 738 5001 videtur
768 4947 907 5004 falso
936 4951 1196 5022 scriptum
1225 4956 1464 5014 esse.Sie
1491 4959 1636 5015 enim
1669 4962 1876 5018 videtur
1897 4979 2115 5033 sonare,

523 5039 681 5125 quasi
722 5055 817 5111 pes
855 5042 1049 5099 habeat
1099 5045 1328 5104 alterum
1374 5052 1585 5122 pedem.
1629 5052 1926 5125 Paupcrem
1957 5067 2118 5114 vocat

525 5116 805 5188 Christum
837 5137 930 5206 qui
978 5153 1079 5209 pro
1113 5141 1270 5197 nobis
1299 5116 1507 5214 pauper
1533 5145 1708 5204 factus
1743 5116 1837 5205 est
1867 5150 1950 5221 (II
1983 5148 2108 5206 Cor.

523 5221 664 5292 vni).
699 5221 910 5296 Egenos
934 5243 1065 5285 vero
1085 5232 1358 5302 apostolos
1380 5236 1474 5304 qui
1506 5235 1719 5293 Domini
1745 5239 2109 5296 humilitatem

523 5313 720 5372 imitati
743 5328 888 5373 sunt.
922 5320 989 5375 Et
1012 5333 1096 5378 est
1119 5339 1309 5381 sensus
1338 5346 1349 5380 :
1385 5326 1737 5388 Conculcabit
1768 5332 2108 5390 Hierusalem

521 5419 639 5473 pes,
679 5407 781 5464 hoc
810 5419 893 5466 est
923 5414 1204 5471 transitus.
1239 5416 1402 5489 Cujus
1421 5435 1515 5489 pes
1538 5421 1650 5476 sive
1674 5425 1976 5480 transitus?
2006 5425 2107 5483 Pes

518 5503 795 5572 pauperis,
827 5505 1084 5564 subaudis
1121 5507 1342 5576 Christi,
1371 5520 1425 5566 et
1465 5529 1682 5585 gressus
1711 5517 1872 5572 etiam
1911 5534 2107 5590 egeno-

520 5603 640 5644 rum
688 5594 1071 5664 apostolorum.
1135 5597 1426 5672 Pr0pterea
1467 5618 1596 5675 ergo
1646 5607 1772 5675 quia
1816 5607 2103 5665 Dominum

519 5686 574 5733 et
616 5679 784 5736 Deum
827 5699 984 5739 suum
1016 5687 1515 5747 condemnaverunt
1547 5697 1734 5761 ntorti,
1760 5705 1816 5751 et
1842 5699 2104 5768 praedica-

521 5769 724 5826 tionem
754 5773 868 5845 ejus
904 5779 1374 5850 apostolorumque
1413 5783 1557 5840 illius
1597 5796 2062 5860 comtempserunt
2088 5833 2102 5858 ,

525 5873 553 5913 a
584 5859 841 5921 Romanis
868 5867 1168 5926 conculcati
1189 5881 1240 5926 et
1273 5873 1501 5931 desolati
1529 5886 1674 5934 sunt.

1045 385 1406 444 HAYMONIS
1448 386 1932 444 llALBERSTAT.
1975 386 2190 444 EPISC.
2229 388 2382 446 OPP.
2423 388 2606 447 PARS
2642 391 2686 446 1.
2728 420 2800 471 -_—
2833 392 3189 451 COMMENT.
3219 394 3389 453 BIBL.

2169 511 2220 570 Δ

3772 405 3856 458 ξω

2323 529 2342 560 ι
2389 508 2592 565 Semita
2636 509 2772 579 justi
2825 521 2975 568 recta
3025 523 3128 569 est.
3187 533 3208 567 ι
3250 513 3364 569 Vox
3407 514 3745 585 prophetae.
3769 519 3850 576 Per

2251 602 2499 670 semitam
2519 611 2574 658 et
2591 604 2781 660 callem
2809 621 2976 659 unum
3009 605 3420 676 intelligendum
3467 615 3594 671 est,
3639 608 3742 664 hoc
3766 625 3839 676 est,

2249 696 2556 766 evangeliea
2575 697 2840 752 doctrina.
2866 697 3070 752 Semita
3084 713 3239 768 ergo,
3256 700 3360 754 hoc
3377 708 3481 755 est
3508 699 3832 774 Evangeliam

2248 785 2451 842 Christi
2483 798 2692 844 rectum
2717 797 2822 856 est,
2847 790 2988 859 quod
3023 806 3053 845 a
3071 791 3301 846 veritate
3329 793 3613 860 procedit
3646 810 3758 863 quae
3779 811 3833 851 est

2247 875 2494 933 Christus
2513 878 2696 950 (Joan.
2725 879 2860 950 xxv).

2323 968 2421 1023 «In
2451 970 2642 1024 semita
2661 968 2990 1038 iudiciorum
3015 980 3250 1040 tuorum,
3294 975 3578 1040 Domine,
3613 981 3825 1035 sustinui—

2249 1076 2367 1116 mus
2393 1070 2466 1116 te.
2501 1081 2522 1115 ›
2550 1063 2668 1117 Vox
2693 1063 2987 1120 electorum
3019 1066 3072 1120 in
3102 1067 3190 1122 die
3214 1067 3441 1138 judicii.
3479 1067 3740 1126 Semitam
3763 1076 3818 1128 his

2247 1162 2404 1210 vocat
2432 1154 2808 1226 Evangelium,
2853 1157 2947 1212 ubi
2988 1159 3170 1212 omnia
3197 1159 3411 1229 judicia
3483 1171 3545 1215 et
3602 1177 3814 1234 precept:

2250 1256 2358 1302 tam
2407 1248 2620 1304 Veteris
2655 1247 2989 1305 Testamenti
3043 1266 3206 1321 quam
3240 1250 3380 1306 Novi
3431 1254 3777 1311 conducetur.

2324 1339 2565 1406 «fAnima
2607 1355 2726 1395 mea
2783 1341 3112 1396 desiderabit
3143 1351 3196 1397 te
3224 1345 3280 1398 in
3303 1353 3511 1409 nocte,
3547 1366 3568 1396 ι
3613 1347 3802 1403 idest

2249 1429 2630 1485 tribulatione:
2661 1445 2833 1501 usque
2890 1450 2908 1482 ‹
2948 1432 3188 1503 vigilabo
3241 1433 3310 1488 ad
3365 1445 3456 1489 te.
3492 1453 3512 1486 ι
3574 1436 3681 1492 Vox
3720 1455 3798 1508 pm-

2247 1520 2445 1589 phetae.
2474 1520 2616 1576 Dicit
2635 1521 2814 1575 enim:
2849 1522 3009 1578 Certe
3035 1533 3090 1578 et
3120 1525 3175 1578 in
3201 1534 3392 1591 nocte,
3430 1525 3547 1581 hoc
3571 1539 3653 1582 est
3674 1530 3716 1583 in
3740 1535 3795 1584 tri-

2248 1612 2562 1668 bulatione:
2602 1622 2658 1669 et
2698 1630 2877 1681 mane,
2900 1615 3004 1671 hoc
3038 1625 3142 1684 est,
3185 1617 3240 1671 in
3276 1619 3675 1690 prosperitate,
3701 1638 3789 1676 m-

2249 1719 2346 1776 per
2392 1705 2646 1777 vigilabo,
2697 1707 3011 1762 desiderans
3056 1717 3110 1764 te
3157 1708 3367 1765 videre.
3418 1711 3528 1766 Vel
3561 1712 3786 1768 aliterzik

2250 1814 2410 1854 mane
2436 1799 2667 1871 vigilabo
2693 1801 2761 1856 ad
2794 1809 2868 1868 te,
2898 1803 2999 1857 hoc
3019 1812 3103 1858 est
3165 1803 3220 1858 in
3251 1819 3438 1876 Opera
3481 1807 3780 1864 mandatam:-

2251 1902 2465 1950 tuornm
2492 1903 2651 1950 nocte
2677 1905 2732 1950 et
2761 1896 2847 1952 die
2874 1896 3083 1965 labem,
3127 1913 3354 1969 sperans
3392 1902 3669 1969 praemium
3701 1921 3720 1954 ξε
3750 1915 3775 1954 ις
3858 1949 3859 1966 η

2247 1987 2511 2058 recipere.
2559 2006 2579 2037 ‹
2619 1987 2754 2043 Cum
2785 1988 2980 2044 feceris
3006 1989 3214 2060 judicia
3253 1999 3348 2044 tua
3409 1992 3471 2046 in
3500 2001 3652 2056 terra,
3673 1993 3770 2060 juss-

2245 2080 2376 2134 tiam
2416 2081 2626 2136 discent
2661 2080 2995 2140 habitatores
3034 2085 3202 2140 orbis.
3240 2103 3260 2136 ι
3305 2085 3442 2141 Vox
3474 2090 3763 2159 prophetes

2243 2169 2442 2226 Judaais
2477 2190 2489 2224 :
2535 2172 2579 2228 Ο
2608 2173 2752 2228 Dens
2792 2182 2848 2229 et
2891 2175 3151 2231 immensa
3195 2175 3382 2245 pietas
3410 2220 3428 2244 ,
3463 2179 3670 2248 quandiu
3698 2198 3752 2233 is"

2243 2263 2379 2320 facis
2420 2261 2623 2332 judicia
2680 2275 2774 2322 tua
2824 2283 2991 2338 super
3028 2267 3373 2324 habitatores
3425 2273 3754 2332 orbis,nona:~

2243 2356 2522 2426 gnosceris
2567 2357 2636 2412 ab
2680 2357 3170 2429 impiis?Percute,
3215 2361 3413 2432 inquit
3440 2364 3745 2434 prophetam-

2241 2449 2378 2519 pios,
2409 2458 2465 2503 et
2496 2449 2708 2505 discent
2729 2459 2850 2505 tuas
2880 2451 3046 2520 leges.

2319 2581 2337 2612 ι
2383 2561 2737 2618 Misereamur
2775 2565 2958 2636 impio.
3001 2586 3019 2618 ι
3065 2566 3181 2621 Vox
3208 2569 3726 2639 prophetzeieimpiis.

2241 2663 2433 2725 estque
2445 2655 2885 2726 distinguendum
2911 2673 3008 2728 per
3025 2658 3303 2730 interrega
3314 2663 3517 2718 tionem
3539 2674 3579 2719 et
3592 2677 3735 2731 respon-

2242 2747 2470 2803 sionem.
2499 2747 2946 2806 DicitDominus:
2971 2749 3016 2806 Ο
3037 2752 3327 2823 pr0pheta,
3355 2754 3737 2811 misereamurim-

2238 2839 2348 2911 pio,
2382 2849 2440 2893 nt
2483 2848 2607 2910 agat
2653 2841 3046 2910 paenitentiam.
3087 2842 3157 2896 Et
3204 2846 3488 2914 propheta.
3543 2845 3641 2900 «Et
3678 2861 3737 2897 a3:

2241 2930 2450 2984 discent
2480 2929 2658 2987 facere
2687 2930 2991 3000 justitiam?
3024 2954 3042 2985 ι
3087 2933 3158 2987 Et
3202 2946 3289 2991 est
3336 2953 3551 2993 sensus:
3592 2938 3645 2992 Et
3675 2952 3742 2990 nes.

2239 3023 2496 3078 ostendes
2537 3025 2617 3079 eis
2658 3034 2808 3079 tuam
2846 3027 3166 3096 potentiam.
3199 3027 3361 3085 Certe
3388 3033 3530 3087 aliter
3549 3047 3638 3086 non
3661 3046 3741 3086 cre-

2240 3115 2391 3183 dent,
2431 3117 2534 3172 nisi
2563 3133 2656 3174 eos
2680 3117 3057 3190 ﬂagellaveris.
3100 3122 3421 3196 Addiditque
3443 3127 3669 3195 propheta
3692 3127 3744 3179 lo-

2241 3224 2443 3279 quens:
2483 3231 2500 3262 ‹
2536 3210 2596 3265 In
2624 3220 2769 3267 terra
2801 3223 3114 3268 sanctorum
3143 3215 3319 3287 iniqua
3342 3219 3499 3288 gessit.
3537 3237 3554 3268 ι
3587 3217 3741 3271 Since-

2243 3302 2497 3359 dochicos
2546 3318 2643 3374 per
2696 3321 2881 3371 unum,
2938 3323 3132 3363 omnes
3181 3309 3365 3380 reprobi
3395 3308 3729 3378 intelliguntur.

2242 3395 2467 3450 Terram
2517 3406 2830 3455 sanctorum
2872 3411 3032 3456 vocat
3087 3404 3364 3475 apostolos,
3399 3412 3646 3472 martyres,
3683 3409 3734 3456 et

2238 3502 2426 3543 omnes
2457 3499 2696 3558 sanctos,
2724 3494 2815 3564 qui
2837 3494 2905 3548 ab
2935 3494 3115 3566 impiis
3156 3499 3319 3551 multa
3349 3498 3571 3551 tulerunt.
3610 3497 3674 3550 Ac
3707 3494 3742 3549 si

2235 3581 2478 3637 diceret:
2514 3583 2636 3639 Ideo
2682 3600 2789 3641 non
2842 3587 3004 3644 debes
3049 3607 3278 3661 parcere
3323 3592 3418 3658 illi,
3446 3592 3556 3662 quia
3580 3599 3736 3646 sanctis

2234 3677 2483 3746 peremit.
2513 3677 2846 3734 Condolebat
2887 3682 3031 3736 enim
3059 3686 3326 3754 propheta
3361 3687 3475 3741 neci
3499 3695 3732 3740 sanctorum

2233 3787 2353 3842 quae
2405 3772 2586 3829 futura
2644 3787 2785 3841 erat,
2833 3786 2889 3832 et
2915 3779 3072 3848 quasi
3098 3781 3427 3836 causabatur
3450 3797 3561 3837 cum
3591 3780 3672 3844 illo,
3701 3791 3734 3831 tt:

2232 3866 2564 3924 interficeret
2592 3869 2826 3940 iniquos.
2873 3890 2893 3923 ι
2929 3872 2996 3927 Et
3042 3890 3150 3930 non
3184 3876 3393 3932 videbit
3442 3877 3630 3948 gloriam
3664 3873 3733 3925 De

2232 3958 2385 4013 mini.
2430 3978 2449 4011 ›
2497 3959 2610 4014 Vox
2640 3959 2762 4016 Filii
2798 3961 2894 4016 Dei
2929 3963 2996 4019 ad
3020 3967 3362 4037 prophetam.
3397 3967 3569 4023 Gloria
3588 3962 3732 4020 Deil’a-
3858 3958 3859 4042 ἦ

2231 4053 2331 4108 tris
2360 4062 2446 4107 est
2467 4053 2658 4120 Filius,
2688 4056 2776 4111 cui
2799 4056 2964 4112 Pater
2987 4073 3148 4114 omne
3163 4060 3441 4130 judicium
3466 4061 3596 4116 dedit
3617 4058 3735 4129 (Jan.

2228 4143 2306 4214 v).
2340 4143 2445 4198 Per
2470 4145 2950 4218 interrogationem
2975 4148 3262 4221 legendum
3290 4161 3402 4207 est.
3431 4153 3494 4207 Et
3509 4162 3580 4207 est
3596 4164 3735 4206 sensui

2229 4233 2416 4292 Melius
2443 4245 2609 4293 estut
2632 4238 2815 4293 videat
2841 4240 3067 4312 gloriam
3102 4242 3200 4297 Dei
3220 4240 3437 4308 Patris,
3452 4245 3505 4299 id
3529 4253 3691 4308 est,me
3708 4241 3736 4288 in

2228 4329 2314 4384 die
2336 4329 2548 4400 judicii,
2579 4338 2635 4384 et
2673 4331 2960 4388 erubescat
3007 4349 3170 4404 super
3194 4335 3356 4390 malis
3391 4337 3527 4392 suis.
3559 4331 3737 4402 Sed

2225 4422 2275 4477 ei
2304 4424 2582 4494 respondit
2603 4423 2902 4496 propheta?

2304 4557 2323 4588 ‹
2366 4537 2616 4605 Domine,
2644 4538 2916 4594 exaltetur
2945 4555 3137 4597 manus
3167 4549 3278 4607 tua,
3315 4560 3333 4593 ι
3362 4541 3433 4598 id
3461 4551 3544 4599 est
3579 4536 3735 4612 pater“!

2142 4636 2197 4696 1)
2225 4637 2316 4684 tua
2353 4632 2405 4686 in
2440 4632 2527 4687 die
2553 4632 2739 4703 judicii
2762 4649 2923 4706 super
2950 4634 3180 4706 impios:
3214 4656 3232 4688 α
3277 4645 3336 4692 et
3361 4654 3486 4694 non
3517 4639 3734 4694 videam

2222 4725 2481 4781 subaudis
2506 4725 2732 4797 gloriam
2756 4726 2850 4782 Dei
2878 4727 3078 4784 Patris.
3099 4729 3212 4785 Hoc
3237 4730 3588 4788 obsecrative
3607 4727 3742 4785 (litim

2221 4816 2563 4873 affirmative.
2611 4817 2731 4875 Non
2777 4820 2894 4876 vult
2938 4823 3242 4892 propheta,’
3265 4831 3325 4876 ut
3353 4824 3567 4896 impius
3588 4821 3743 4894 gloria

2220 4910 2435 4965 Domini
2487 4911 2542 4965 in
2585 4912 2672 4969 die
2709 4913 2902 4985 judicii
2927 4926 3136 4971 cernat.
3172 4935 3192 4968 ι
3239 4917 3488 4974 Videant
3514 4913 3748 4974 etcoan

2219 5003 2417 5059 dantur
2467 5005 2724 5073 zelantes,
2756 5027 2775 5060 ι
2819 5007 2873 5063 id
2917 5019 3021 5074 est,
3051 5010 3351 5066 invidentes
3408 5029 3433 5062 α
3474 5008 3640 5080 populi
3680 5011 3746 5056 »εἰ

2219 5097 2406 5153 hostes
2429 5107 2550 5154 tuos
2602 5099 2685 5154 vel
2737 5110 3046 5156 sanctorum
3088 5118 3334 5160 meorum
3374 5105 3609 5161 devoret
3641 5095 3746 5169 ignis

2218 5190 2336 5246 Vox
2352 5191 2446 5247 Dei
2470 5193 2538 5248 ad
2559 5195 2898 5265 prophetam.
2925 5195 2986 5250 Et
3013 5205 3096 5251 est
3118 5213 3328 5253 sensus:
3346 5198 3498 5255 Volo
3520 5208 3578 5254 ut
3595 5195 3750 5250 vitiant

2214 5298 2304 5340 me
2329 5285 2645 5354 exaltatum,
2675 5297 2730 5342 et
2755 5288 3177 5358 magnitudinem
3214 5291 3526 5348 electorum
3568 5296 3752 5347 memEl

2215 5377 2271 5432 in
2299 5377 2386 5434 die
2405 5378 2594 5448 judicii
2621 5395 2811 5436 omnes
2837 5381 3017 5451 populi
3038 5381 3132 5452 qui
3162 5383 3406 5439 invident
3438 5384 3623 5440 electis
3642 5376 3751 5435 meis.

2213 5477 2271 5523 et
2318 5469 2458 5540 ignis
2504 5471 2618 5524 sive
2643 5471 2978 5541 paenitentia:
3011 5473 3124 5528 sive
3165 5475 3432 5546 gehennae
3464 5477 3550 5532 vel
3591 5470 3752 5528 ardoris

2213 5560 2435 5616 devoret
2461 5570 2647 5630 postea
2669 5563 2854 5619 hostes
2893 5573 3037 5630 tuos,
3074 5573 3129 5620 et
3173 5576 3495 5624 sanctorum
3538 5577 3752 5623 meorum-

2211 5653 2280 5708 Et
2304 5655 2641 5712 exhilaratus
2670 5657 2852 5712 animo
2882 5660 3161 5728 propheta,
3194 5659 3364 5715 dixit:

2289 5811 2305 5840 ι
2341 5791 2586 5855 Domine,
2640 5791 2790 5847 dabis
2821 5807 3008 5863 pacem
3060 5795 3236 5849 nobis.
3272 5815 3287 5846 ι
3320 5795 3399 5851 Ac
3452 5797 3499 5850 si
3550 5795 3752 5849 diceret:

2210 5884 2344 5940 Cum
2382 5886 2483 5939 hoc
2521 5883 2715 5940 feceris
2748 5887 2966 5941 tradens
2997 5885 3190 5957 impios
3220 5889 3418 5954 morti,
3473 5899 3598 5943 tunc
3638 5881 3758 5939 dabis
