3918 6460
64 395 176 453 8H

1187 377 1540 441 COMMEN'I'.
1579 374 1647 430 IN
1686 374 1937 430 ISAIAM.
1972 407 2041 418 --
2073 377 2201 435 LIB.
2239 379 2306 436 Il.

3243 377 3351 435 842

65 523 272 583 pacem
299 506 478 565 nobis.
509 504 702 564 Omnia
728 503 871 560 enim
897 502 1049 565 bona
1073 511 1196 569 qua:
1231 508 1540 567 operamur,
1579 501 1672 546 tua
1697 492 1752 555 Α
1775 505 1960 583 arnore
1986 492 2100 556 Dei,
2129 501 2185 549 et
2215 501 2328 549 toto
2358 493 2559 549 mentis
2585 491 2780 549 ardore
2801 493 2858 548 in
2884 507 3007 549 eum
3043 493 3348 552 crederent.

67 597 464 655 misericordia
499 595 717 667 largiris
745 593 923 649 nobis.

151 710 174 742 ι
227 689 457 746 Domine
485 689 628 743 Deus
658 675 868 749 noster,
912 681 1271 754 possederunt
1322 693 1425 735 nos
1468 674 1675 734 domini

71 783 295 852 absque
327 787 400 845 te,
447 787 656 834 tantum
685 777 741 832 in
790 783 845 830 te
870 773 1222 830 recordemur
1249 769 1486 826 nominis
1516 768 1613 824 tui.
1647 786 1669 822 ι

71 873 200 930 Vox
233 874 512 944 propheta:
550 887 615 928 ex
659 884 894 941 persona
927 867 1140 923 Judaici
1183 864 1390 938 pepuli,
1429 863 1521 934 qui
1555 868 1678 934 post

70 966 398 1039 passionem
427 963 642 1020 Domini
666 961 733 1018 ad
765 960 926 1017 [idem
952 967 1237 1015 venerunt.
1271 956 1513 1020 Domine,
1552 969 1676 1026 pos-

72 1057 351 1112 sederunt
402 1070 502 1112 nos
550 1053 774 1118 domini,
825 1053 1098 1108 daemones
1140 1049 1392 1105 videlicet
1436 1063 1573 1118 quos
1621 1047 1675 1102 in

71 1149 247 1208 idolis
293 1149 662 1214 adoravimus,
703 1145 1142 1216 derelinquentes
1191 1151 1242 1198 te
1276 1142 1592 1199 Creatorem
1621 1146 1677 1194 et

72 1241 379 1298 Dominum
410 1249 676 1296 nostrum.
703 1239 936 1294 Tantum
963 1236 1018 1291 in
1047 1245 1100 1291 te
1124 1234 1476 1290 recordemur
1501 1231 1676 1288 nomi-

73 1331 168 1386 nis
203 1330 308 1386 tui.
356 1329 436 1385 Ac
457 1331 504 1386 si
535 1331 744 1386 diceret
771 1328 892 1385 aliis
925 1327 1107 1383 verbis
1133 1345 1145 1381 :
1173 1328 1376 1382 Tamen
1404 1327 1532 1381 licet
1551 1339 1678 1396 pec-

75 1421 398 1477 caverimus
415 1436 599 1476 coram
631 1430 684 1476 te
713 1421 1004 1476 adorantes
1029 1418 1194 1482 idola,
1217 1427 1275 1472 tu
1295 1416 1383 1472 fac
1407 1426 1468 1470 ut
1495 1416 1684 1474 credas

75 1531 210 1570 mus
262 1515 316 1570 in
367 1523 442 1582 te,
475 1523 531 1570 et
569 1513 719 1586 digni
765 1514 936 1570 simus
982 1511 1256 1567 recordari
1296 1509 1529 1564 nominis
1574 1509 1673 1573 tui,

75 1615 362 1677 quatenus
409 1623 440 1662 a
499 1615 556 1662 te
621 1607 714 1677 qui
769 1605 1021 1661 Christus
1071 1619 1132 1658 es
1181 1601 1465 1658 christiani
1514 1615 1677 1656 voce-

75 1713 232 1753 mur.

160 1811 181 1844 ι
234 1791 529 1849 Morientes
547 1807 656 1848 non
682 1793 890 1860 vivant,
916 1794 1159 1866 gigantes
1187 1808 1296 1849 non
1322 1790 1669 1863 resurgant.)

1782 600 1801 634 ‹
1832 581 2108 649 Saintes,»
2142 585 2245 639 hoc
2269 593 2372 650 est,
2399 585 2538 640 bona
2567 600 2731 656 opera
2767 603 2786 636 ‹
2817 599 2926 640 non
2957 584 3202 651 fecimus,
3231 587 3353 643 ideo

1777 685 1883 726 non
1911 673 2227 728 ceciderunt
2248 673 2580 740 habitantes,
2616 694 2633 726 ι
2669 674 2724 729 id
2759 683 2842 730 est
2871 684 3148 732 amatores
3173 686 3350 742 terrm,

1774 764 1866 834 qui
1902 780 2002 820 nos
2022 765 2335 834 opprimunt
2355 774 2411 821 et
2436 774 2856 837 persequuntur.
2887 766 2988 834 Qui
3029 778 3156 824 sunt
3200 755 3354 824 ama-

1775 863 1924 909 tores
1957 855 2148 910 terrae?
2179 854 2278 920 Qui
2303 865 2471 910 totam
2499 871 2649 926 spem
2674 872 2826 911 suam
2857 858 2911 911 in
2944 859 3172 913 terrenis
3195 860 3357 914 rebus

1773 953 1998 1015 ponunt,
2028 946 2325 1000 servientes
2355 946 2474 1017 plus
2501 948 2703 1002 mundo
2738 965 2901 1019 quam
2931 950 3059 1005 Deo.

1853 1055 1870 1086 ε
1921 1037 2116 1091 Vivent
2174 1039 2372 1092 mortui
2426 1039 2526 1105 tui,
2576 1060 2594 1092 ι
2659 1041 2758 1095 hoc
2809 1051 2913 1107 est,
2965 1051 3230 1113 martyres
3259 1044 3354 1098 tui.

1783 1145 1801 1178 ε
1833 1126 2108 1183 lnterfecti
2138 1128 2265 1193 mei,
2307 1148 2326 1180 ι
2362 1128 2520 1183 idest
2544 1130 2675 1184 socii
2708 1118 2814 1185 mei
2845 1149 2863 1181 ι
2899 1142 3211 1203 resurgent,
3247 1152 3266 1186 ι
3293 1135 3360 1187 ad

1775 1215 2062 1272 Dominum
2099 1219 2338 1288 loquitur
2366 1219 2656 1289 Propheta.
2694 1222 2960 1294 Martyres
2996 1225 3200 1281 Christi
3235 1238 3362 1282 sunt

1776 1308 1867 1378 qui
1897 1323 1994 1378 pro
2021 1310 2139 1381 ejus
2166 1311 2386 1366 nomine
2413 1310 2482 1364 ab
2507 1311 2686 1380 impiis
2706 1316 2970 1386 perempti
2996 1327 3138 1372 sunt.
3173 1317 3363 1374 Socios

1777 1408 1957 1453 autem
2011 1415 2138 1455 suos
2191 1410 2349 1455 vocat
2392 1416 2486 1456 eos
2523 1404 2785 1472 propheta
2831 1405 3019 1472 Isaias,
3071 1410 3195 1477 quia
3247 1411 3363 1481 ipse

1776 1504 1875 1560 pro
1903 1490 1998 1545 Dei
2028 1493 2245 1546 nomine
2275 1507 2426 1547 serra
2453 1493 2629 1563 lignea
2658 1503 2840 1550 sectus
2860 1506 2962 1550 est.
2993 1518 3010 1549 ‹
3039 1499 3360 1572 Exspergis-

1777 1584 1960 1638 cimini
1997 1592 2054 1638 et
2093 1583 2314 1640 laudate
2357 1587 2660 1652 Dominum,
2715 1589 2806 1658 qui
2858 1590 3113 1646 habitatis
3153 1593 3205 1646 in
3248 1594 3365 1662 pul-

1777 1691 1922 1732 vere.
1948 1697 1966 1729 ι
1985 1675 2248 1732 Hortatur
2266 1686 2320 1733 et
2339 1677 2608 1750 Propheta
2631 1692 2847 1737 sanctos
2873 1702 2885 1737 ε
2910 1682 2953 1738 Ο
2983 1700 3077 1740 vos
3099 1695 3367 1758 martyres

1780 1769 1973 1836 sancti,
2011 1771 2474 1841 expergiscimini,
2514 1773 2617 1828 hoc
2653 1782 2755 1840 est,
2787 1777 2992 1848 surgite
3015 1778 3081 1833 de
3103 1780 3367 1848 sepulcris

75 1883 206 1940 Non
248 1883 488 1954 loquitur
510 1884 782 1955 Propheta
810 1850 1045 1956 optando
1076 1886 1180 1940 illis
1206 1886 1371 1952 mala,
1406 1850 1508 1940 sed
1537 1901 1676 1956 pm,
1703 1850 1754 1912 B
1782 1863 1998 1928 vestris,
2036 1872 2095 1956 et
2130 1863 2347 1919 laudate
2383 1863 2666 1920 Dominum
2695 1885 2707 1920 :
2738 1867 2860 1936 quia
2914 1888 2932 1919 ι
2988 1885 3078 1925 ros
3102 1871 3238 1926 lucis
3279 1888 3368 1956 ros

77 1974 281 2030 videns
305 1989 426 2045 quae
447 1984 675 2030 ventura
707 1986 866 2032 erant
888 1992 1052 2048 super
1071 1977 1214 2043 illos,
1257 1978 1384 2033 talia
1423 1977 1680 2047 loqueba-

79 2075 200 2120 tur.
239 2065 534 2121 Morientes
578 2068 834 2123 subaudis
853 2069 1092 2139 peccatis
1123 2078 1179 2124 et
1213 2067 1521 2139 iniquitate,
1569 2082 1679 2122 non

77 2155 280 2210 vivant
317 2157 372 2211 in
415 2156 583 2227 gloria
622 2157 859 2228 quandiu
903 2159 958 2214 in
991 2159 1228 2230 peccatis
1259 2159 1676 2230 permanserint.

78 2244 375 2316 Gigantes,
406 2246 507 2302 hoc
541 2255 646 2313 est,
681 2250 898 2318 superbi
925 2258 981 2304 et
1004 2250 1097 2319 qui
1123 2249 1292 2304 fortes
1313 2258 1441 2304 sunt
1467 2250 1536 2304 ad
1559 2263 1680 2319 per-

76 2338 356 2408 petranda
385 2338 549 2404 mala,
574 2353 684 2393 non
709 2350 996 2411 resurgant
1017 2343 1085 2396 ad
1115 2341 1342 2412 gloriam
1380 2343 1436 2395 in
1478 2341 1566 2396 die
1588 2340 1680 2412 ju-

77 2428 237 2483 dicii.
267 2429 396 2482 Duae
422 2437 625 2484 mortes
647 2438 774 2484 sunt
799 2431 1042 2499 corporis
1069 2438 1125 2484 et
1155 2432 1367 2485 animae.
1395 2430 1539 2486 Mors
1559 2446 1681 2485 cor-

76 2519 240 2590 poris
263 2527 350 2576 est
373 2519 648 2576 exhalatio
675 2529 730 2576 et
764 2521 1016 2576 transitio
1056 2521 1270 2576 animae.
1310 2521 1454 2577 Mors
1486 2521 1680 2576 anima:

80 2619 172 2666 est
195 2617 507 2681 peccatum,
532 2620 588 2664 et
613 2612 944 2682 perpetratio
986 2611 1243 2668 sceleris:
1296 2612 1437 2668 sicut
1480 2612 1682 2667 dicitur

80 2701 145 2758 in
200 2701 362 2773 lege:
401 2719 420 2752 ‹
453 2701 648 2756 Anima
701 2717 822 2772 qua:
870 2702 1200 2773 peccaverit,
1252 2702 1369 2772 ipsa
1420 2702 1682 2758 morietur

81 2790 314 2863 (Emit.
347 2790 524 2864 xvm).
568 2810 588 2844 ι
633 2787 1241 2860 Sicutenimjustorum
1272 2792 1385 2846 vita
1412 2800 1498 2846 est
1520 2790 1679 2856 ﬁdes,

83 2885 341 2955 operatio
366 2885 532 2951 bona,
564 2883 783 2939 dilectio
803 2898 930 2954 erga
967 2883 1138 2938 Deum
1159 2891 1216 2938 et
1243 2883 1580 2954 proximum:
1607 2883 1681 2937 ita

80 2989 247 3032 mors
275 2975 565 3046 impiorum
617 2973 893 3044 superbia,
929 2973 1114 3028 odium
1145 2981 1201 3028 et
1234 2973 1480 3038 avaritia,
1523 2982 1681 3028 caete-

1781 1963 1922 2011 tuus.
1963 1975 1982 2006 ι
2017 1955 2412 2027 Apostropbam
2463 1957 2592 2014 facit
2636 1960 2905 2030 Propheta
2947 1964 3014 2018 ad
3051 1943 3359 2021 Dominum.

1781 2050 1980 2105 Rorem
2013 2051 2166 2121 ponit
2207 2067 2307 2121 pro
2350 2053 2740 2109 misericordia.
2795 2056 2904 2111 Res
2933 2056 3070 2112 lucis
3100 2075 3192 2115 ros
3223 2071 3368 2126 tuus,

1781 2141 1884 2195 hoc
1909 2148 2013 2205 est,
2045 2140 2418 2196 misericordia
2448 2152 2540 2197 tua
2590 2143 2900 2201 illuminans
2966 2155 3071 2213 est,
3112 2151 3202 2220 qui
3248 2151 3370 2205 illu-

1780 2231 1953 2286 minat
1981 2231 2142 2286 corda
2178 2231 2390 2287 illorum
2423 2250 2588 2304 super
2614 2251 2750 2306 quos
2781 2238 3094 2308 requiescit.
3123 2239 3369 2312 Magnam

1781 2325 2042 2379 virtutem
2058 2325 2266 2395 profert
2290 2341 2388 2396 pro
2421 2326 2663 2398 frugibus
2685 2337 2860 2384 terra}.
2879 2330 3170 2401 Projicitur
3189 2350 3375 2392 semen

1784 2413 1836 2468 in
1865 2423 2030 2480 terra,
2073 2423 2129 2470 et
2165 2415 2395 2472 humore
2443 2419 2584 2472 roris
2633 2422 2902 2476 excrescit
2939 2423 2995 2478 in
3028 2424 3274 2489 herbam,
3308 2444 3373 2484 ac

1784 2505 1979 2560 deinde
2032 2505 2164 2561 facit
2200 2523 2519 2564 excrescere
2561 2510 2615 2564 in
2645 2511 2900 2567 fructum.
2945 2513 3035 2570 Sic
3063 2525 3118 2571 et
3158 2519 3375 2576 miseri-

1783 2596 1968 2651 cordia
2000 2595 2094 2651 Dei
2125 2607 2353 2669 generat
2395 2599 2584 2666 iidem,
2613 2610 2669 2657 et
2699 2603 2871 2674 ipsam
2906 2604 3068 2662 ﬁdem
3108 2613 3378 2668 convertit

1785 2687 1852 2741 ad
1883 2690 2275 2759 Operationem.
2319 2709 2339 2743 ι
2379 2691 2446 2747 Ει
2477 2703 2679 2750 terram
2725 2697 3003 2768 gigantum
3036 2701 3290 2761 detrahes
3321 2707 3377 2762 in

1785 2781 2019 2835 ruinam.
2059 2801 2079 2835 ›
2125 2783 2351 2839 Terram
2376 2785 2654 2857 gigantum
2684 2788 2818 2843 dicit
2848 2805 3079 2862 corpora
3123 2803 3374 2855 terreno-

1785 2890 1904 2928 rum
1946 2875 2248 2944 hominum,
2272 2888 2326 2935 et
2355 2882 2731 2950 superborum.
2780 2884 3018 2957 Corpora
3060 2905 3191 2962 ergo
3213 2906 3377 2947 sanc-

1786 2979 1963 3024 torum
2008 2987 2130 3025 cum
2163 2973 2449 3029 animabus
2495 2975 2710 3030 illorum
2735 2979 3138 3037 transferentur
3187 2985 3240 3039 in
3290 2986 3378 3041 die

86 3081 269 3137 raque
302 3067 454 3122 vitia.
497 3086 516 3120 ι
547 3066 842 3138 Propterea
879 3066 1128 3122 visitabis
1153 3079 1267 3122 eos.
1304 3086 1325 3120 ι
1371 3066 1462 3121 Sic
1509 3066 1683 3136 loqui-
1778 3061 1968 3131 judicii
1989 3063 2055 3117 ad
2070 3072 2389 3136 perpetuam
2415 3069 2678 3139 requiem,
2696 3080 2752 3126 et
2774 3087 3000 3143 corpora
3021 3078 3374 3146 reproborum

85 3163 186 3210 tur
213 3154 485 3228 Propheta
513 3157 582 3212 de
625 3157 837 3222 futuro,
889 3156 1043 3226 quasi
1081 3155 1149 3212 de
1175 3156 1473 3226 praeterito.
1513 3156 1682 3226 Prop-
1708 3203 1754 3266 Ο
1787 3171 1910 3211 cum
1951 3158 2235 3214 animabus
2263 3159 2475 3214 illorum
2500 3161 2552 3215 in
2575 3172 2890 3234 perpetuam
2919 3167 3340 3227 damnationem.

87 3257 266 3316 terea,
291 3250 551 3306 subaudis
575 3249 701 3321 quia
728 3248 928 3305 mortui
950 3257 1078 3304 sunt
1123 3256 1366 3318 peccato,
1409 3257 1464 3301 et
1513 3248 1681 3303 fortes

90 3341 163 3397 ad
183 3344 521 3414 Operandum
547 3341 784 3396 malum:
812 3340 1060 3394 visitabis
1082 3354 1177 3393 eos
1201 3341 1256 3393 in
1283 3339 1372 3394 die
1405 3339 1595 3408 judicii
1631 3341 1685 3393 in

92 3433 304 3490 malum
349 3445 461 3486 non
511 3429 568 3483 in
596 3431 817 3495 bonum,
869 3436 926 3482 et
963 3437 1215 3484 conteres
1257 3444 1370 3493 eos,
1399 3437 1455 3482 et
1493 3430 1688 3497 perdes

91 3539 290 3583 eorum
330 3521 650 3578 memoriam
698 3521 765 3576 de
807 3536 976 3591 regno
1027 3529 1084 3576 et
1132 3521 1471 3576 beatitudine
1506 3520 1688 3590 justo-

95 3630 244 3672 rum.

177 3725 199 3758 ι
242 3704 535 3772 lndulsisti,
557 3705 808 3773 Domine,
841 3707 1009 3778 genti,
1044 3726 1061 3759 ι
1095 3722 1158 3763 ac
1193 3708 1238 3762 si
1262 3708 1504 3764 diceret:
1536 3707 1690 3779 Saepe

100 3796 372 3853 indulsisti
411 3796 512 3863 eis,
548 3808 603 3853 et
650 3798 902 3854 misertus
925 3814 985 3854 es
1016 3800 1117 3865 eis,
1156 3799 1416 3856 Domine:
1448 3801 1541 3857 sed
1568 3801 1689 3857 ideo

97 3904 208 3947 non
238 3899 366 3945 sunt
401 3890 648 3946 conversi
679 3892 746 3946 ad
777 3899 847 3948 te.
888 3891 1180 3962 «{Nunquid
1203 3893 1536 3964 gloriﬁcatus
1560 3910 1640 3960 es,
1663 3913 1683 3949 ι

100 3979 421 4037 subauditur
448 3981 518 4036 ab
551 3981 668 4036 eis?
704 3981 783 4037 Ac
813 3982 859 4036 si
887 3982 1096 4038 diceret
1125 3982 1479 4053 :Quanquam
1517 3995 1573 4039 tu
1609 3984 1690 4040 eis

100 4072 358 4128 misertus
393 4087 562 4139 esses,
606 4072 848 4143 nunquid
879 4072 1319 4143 gloriﬁcaverunt
1353 4075 1439 4130 te?
1477 4073 1592 4130 Non
1629 4091 1690 4132 es

101 4163 438 4237 gloriﬁcatus
473 4165 542 4220 ab
567 4165 667 4221 eis.
700 4183 719 4217 ι
757 4165 1031 4236 Elongasti
1057 4181 1248 4222 omnes
1288 4166 1546 4222 terminos
1575 4175 1687 4223 ter-

101 4270 203 4321 rae,
246 4273 265 4307 ι
300 4254 354 4310 id
380 4263 487 4321 est,
531 4255 774 4327 elongari
813 4254 1109 4326 permisisti
1154 4269 1343 4312 omnes
1384 4257 1688 4313 nationesa

102 4357 182 4416 te,
204 4357 263 4404 ut
287 4358 668 4420 permanerent
689 4349 743 4404 in
773 4364 960 4405 errore
990 4365 1108 4406 suo.

183 4465 201 4499 ι
244 4446 492 4513 Domine,
535 4446 592 4502 in
645 4447 895 4519 angustia
950 4447 1320 4518 requisierunt
1364 4455 1419 4502 te
1445 4465 1464 4498 ι
1496 4461 1595 4516 pro
1623 4460 1689 4502 eo

105 4540 249 4611 quod
293 4549 378 4596 est
408 4540 708 4611 requirent.
732 4541 801 4595 Et
820 4549 904 4596 est
927 4555 1154 4596 sensus:
1183 4541 1410 4596 Domine
1427 4581 1442 4606 ,
1467 4549 1690 4611 percute
1713 4567 1768 4629 Ι)

107 4632 249 4698 illos,
275 4641 335 4687 ut
373 4632 460 4688 vel
505 4633 561 4688 in
587 4633 832 4704 augustia
867 4634 1029 4704 positi
1061 4633 1342 4704 requirant
1371 4642 1462 4688 te:
1500 4643 1692 4704 quate-

106 4741 214 4783 nus
238 4725 330 4796 qui
349 4724 638 4781 noluerunt
657 4734 710 4780 te
730 4725 1008 4796 requirere
1029 4733 1275 4795 tempore
1297 4726 1690 4797 prosperitatis,

110 4817 390 4887 requirant
422 4825 666 4888 tempore
703 4818 966 4890 angustia:
1014 4826 1069 4873 et
1103 4818 1514 4889 persecutionis.
1567 4837 1586 4870 ι
1631 4819 1690 4875 In

113 4908 454 4965 tribulatione
477 4909 772 4965 murmuris
800 4910 1044 4966 doctrina
1085 4918 1176 4964 tua
1202 4910 1304 4974 eis,
1325 4929 1343 4962 ι
1373 4909 1694 4964 subauditur

115 4999 208 5057 sit.
256 5000 335 5054 Ac
383 5000 430 5054 si
477 5000 683 5055 diceret
711 5018 724 5054 :
755 5000 858 5067 Qui
903 5001 1174 5056 noluerint
1214 5000 1516 5056 doctrinam
1542 5009 1690 5054 tuam

116 5091 320 5147 discere
348 5098 588 5159 tempore
608 5091 777 5161 pacis,
809 5105 908 5161 per
930 5090 1336 5146 tribulationem
1367 5089 1522 5146 crudi
1556 5104 1651 5145 eos
1675 5107 1690 5144 :

117 5193 177 5240 et
200 5183 268 5240 sit
293 5184 540 5240 doctrina
565 5191 657 5237 tua
686 5183 774 5239 eis
799 5184 854 5238 in
885 5182 1278 5240 recordatione.
1317 5182 1398 5238 Ac
1449 5182 1530 5238 sic
1567 5199 1694 5253 per-

121 5283 242 5332 cute
261 5273 398 5339 illos,
445 5279 506 5328 ut
552 5288 664 5343 pra:
708 5274 902 5329 timore
939 5288 1044 5328 non
1087 5274 1311 5329 audiant
1341 5274 1410 5330 ad
1437 5281 1488 5329 te
1511 5272 1692 5343 palam

122 5365 383 5422 clamare:
411 5363 507 5419 sed
538 5365 695 5435 quasi
720 5365 822 5419 sub
852 5379 1145 5420 murmure.
1563 5405 1566 5408 .

199 5471 218 5505 ο
258 5451 614 5524 Concepimus
640 5461 694 5508 et
718 5453 1025 5523 peperimus
1051 5462 1322 5519 sanctum,
1361 5473 1379 5506 ι
1422 5453 1538 5512 Vox
1570 5473 1696 5529 pro-

125 5546 401 5620 phetarum
435 5544 492 5600 in
513 5558 746 5615 persona
777 5553 1088 5600 sanctorum
1109 5555 1434 5617 martyrum.
1463 5547 1578 5604 Non
1606 5565 1698 5620 pe-

125 5645 372 5714 pererunt
392 5635 469 5692 illi
494 5635 656 5707 positi
696 5635 752 5690 in
783 5650 955 5707 agone
983 5635 1121 5692 filios
1166 5637 1372 5702 carnis,
1400 5639 1496 5693 sed
1522 5638 1700 5708 Spiri-

131 5741 239 5786 tum
265 5728 454 5784 salutis
478 5737 540 5783 ut
560 5727 850 5783 illuminati
876 5737 932 5783 et
954 5727 1268 5783 inﬂammati
1295 5745 1323 5782 a
1352 5738 1543 5786 sancto
1578 5731 1701 5802 Spi-

137 5824 256 5891 ritu,
281 5838 385 5894 quo
405 5821 634 5893 amplius
666 5823 1061 5891 cruciarentur,
1091 5832 1147 5878 et
1189 5822 1420 5893 amplius
1444 5826 1700 5884 arderent

439 5915 692 5976 Pauor.
759 5913 982 5976 CXVI.

1864 3268 1882 3299 t
1927 3247 2105 3314 Vade,
2157 3251 2384 3321 p0pulus
2433 3267 2620 3319 meus,
2670 3256 2810 3310 intra
2844 3259 2896 3311 in
2927 3260 3174 3316 cubicula
3226 3274 3315 3318 tua
3349 3285 3368 3317 ι

1788 3351 1961 3406 usque
2015 3356 2033 3388 ‹
2078 3340 2250 3392 donec
2301 3349 2647 3408 pertranseat
2681 3345 2979 3416 indignatio
3011 3367 3151 3404 mea.
3183 3373 3200 3404 ι
3262 3353 3378 3409 Vox

1788 3425 1886 3481 Dei
1928 3427 2313 3498 omnipotentis
2339 3431 2404 3486 ad
2433 3441 2700 3504 martyres
2728 3453 2740 3488 :
2777 3434 2821 3492 Ο
2846 3449 3112 3511 martyres
3137 3445 3242 3500 mei
3269 3446 3379 3501 ela-

1789 3515 2016 3583 rissimi,
2033 3518 2229 3574 intrate
2258 3521 2505 3577 cubicula
2532 3533 2734 3590 vestra,
2759 3526 2812 3581 id
2834 3540 2939 3595 est,
2966 3533 3287 3602 requiescite
3319 3539 3371 3591 in

1788 3608 2055 3675 sepulcris
2094 3612 2310 3675 vestris,
2361 3623 2418 3668 et
2445 3614 2690 3672 claudite
2717 3633 2812 3673 ora
2842 3623 3238 3693 sepulcrorum,
3279 3630 3378 3684 do-

1789 3713 1894 3754 nec
1940 3701 2124 3756 veniat
2173 3703 2286 3758 dies
2330 3704 2545 3775 judicii,
2589 3715 2645 3761 et
2690 3717 2936 3766 transeat
2984 3715 3222 3770 vindicta
3263 3735 3382 3774 mea

1791 3791 2183 3861 superimpios,
2209 3796 2426 3864 quando
2457 3796 2678 3852 reddam
2697 3799 2990 3872 unicuique
3009 3814 3170 3875 prout
3192 3809 3380 3878 gessit.

1867 3900 1887 3934 ι
1933 3881 2075 3938 Ecce
2101 3884 2247 3939 enim
2279 3885 2541 3943 Dominus
2565 3889 2873 3960 egredietur
2911 3894 2977 3948 de
3017 3895 3136 3950 loco
3177 3912 3296 3963 suo,
3322 3907 3382 3954 ut

1789 3973 1994 4040 visitet,
2028 3994 2047 4027 ›
2094 3975 2147 4031 id
2174 3985 2257 4032 est
2285 3977 2542 4044 vindicet,
2589 3998 2608 4030 ε
2649 3981 2986 4051 iniquitatem
3025 3988 3378 4046 habitationis

1793 4073 1954 4122 terra:
1968 4073 2158 4121 contra
2180 4083 2325 4123 eum.
2351 4088 2370 4122 ι
2393 4069 2469 4123 De
2495 4071 2583 4127 die
2605 4071 2797 4140 judicii
2819 4075 3058 4146 loquitur
3083 4079 3376 4150 Propheta.

1791 4155 1932 4224 Quid
1950 4165 2034 4212 est
2050 4158 2200 4214 locus
2214 4160 2461 4216 Domini?
2479 4161 2666 4219 Nonne
2687 4166 2803 4236 ipse
2824 4167 2955 4223 dicit
2976 4170 3378 4239 perJeremiam

1791 4251 2115 4320 praphetam
2153 4271 2166 4306 :
2206 4272 2224 4305 ε
2253 4253 2461 4310 Caelum
2488 4268 2544 4311 et
2577 4267 2779 4314 terram
2801 4277 2901 4330 ego
2928 4264 3122 4334 impleo
3156 4269 3372 4339 (larem.

1793 4344 2026 4416 xxxm)?
2056 4364 2074 4398 ι
2103 4345 2280 4401 Locus
2329 4348 2542 4404 Domini
2569 4360 2651 4406 est
2683 4353 3056 4412 misericordia
3095 4369 3150 4414 et
3179 4362 3376 4431 pietas.

1793 4436 2020 4504 Quando
2045 4453 2177 4510 ergo
2204 4441 2320 4511 ipse
2346 4443 2548 4497 dicitur
2575 4444 2765 4500 ulcisci
2808 4463 2866 4502 se
2895 4449 2962 4504 de
2982 4449 3214 4509 inimicis
3243 4457 3380 4522 suis,

1792 4529 1849 4585 id
1876 4539 1961 4585 est
1999 4531 2214 4588 illorum
2246 4535 2402 4590 malis
2437 4537 2537 4592 hoc
2567 4541 3002 4607 promerentibus
3037 4562 3050 4597 :
3087 4554 3214 4600 tunc
3253 4548 3384 4603 dici-

1796 4631 1886 4677 tur
1913 4624 2064 4682 exire
2087 4627 2155 4682 de
2183 4626 2302 4684 loco
2327 4645 2443 4684 suo.
2478 4629 2592 4686 Non
2617 4633 2760 4702 quod
2800 4634 2890 4688 ille
2918 4637 3041 4691 loco
3072 4648 3377 4706 moveatur,

1795 4717 1925 4787 quia
1954 4719 2154 4789 ubique
2177 4730 2278 4776 est.
2307 4721 2676 4778 Habitatorem
2707 4733 2864 4781 terrm
2902 4737 3059 4782 vocat
3095 4732 3378 4800 superbos,

1796 4818 1854 4865 et
1879 4818 2094 4866 terrena
2116 4813 2410 4882 sapientes.
2461 4815 2520 4869 In
2547 4816 2634 4870 die
2665 4816 2854 4888 judicii
2879 4819 3139 4878 Dominus
3178 4825 3242 4879 de
3265 4825 3384 4881 loco

1797 4915 1896 4956 suo
1923 4901 2250 4971 egredietur,
2296 4905 2349 4960 id
2383 4915 2464 4960 est
2507 4907 2936 4965 misericordiam
2969 4929 3077 4968 non
3111 4915 3387 4984 impendet

1798 4993 2062 5062 reprobis,
2101 5002 2158 5048 ut
2184 4995 2422 5051 vindicet
2455 4997 2790 5066 iniquitatem
2837 5015 3024 5055 eorum
3057 5013 3243 5058 contra
3266 5021 3379 5061 eos.

1803 5101 1823 5134 ι
1868 5083 1934 5138 Ει
1978 5085 2237 5140 revelabit
2284 5084 2425 5141 terra
2457 5090 2771 5160 sanguinem
2821 5107 2999 5157 suum,
3029 5101 3085 5147 et
3114 5109 3218 5149 non
3257 5112 3382 5167 ope-

1798 5178 1904 5232 riet
1933 5177 2072 5233 ultra
2101 5179 2415 5236 interfectos
2445 5198 2590 5240 suos.
2626 5203 2645 5236 ι
2703 5185 2921 5240 Duobus
2956 5186 3132 5242 modis
3158 5189 3384 5264 intelligi

1797 5277 1996 5339 potest.
2027 5270 2083 5324 ln
2110 5269 2197 5324 die
2221 5271 2406 5341 judicii
2446 5282 2588 5329 terra
2631 5275 2948 5345 sanguinem
2975 5291 3154 5344 suum,
3200 5280 3250 5333 id
3277 5293 3381 5349 est,

1800 5360 2121 5432 sanguinem
2165 5371 2477 5418 sanctorum
2539 5375 2839 5436 martyrum
2911 5369 3171 5424 revelabit
3219 5388 3382 5440 quem

1805 5452 2079 5522 suscepit:
2114 5459 2168 5507 et
2193 5468 2298 5508 non
2331 5455 2534 5511 tenebit
2556 5455 2790 5525 amplius
2811 5471 3042 5528 corpora
3070 5460 3384 5520 interfecto-

1807 5561 1926 5600 rum
1949 5561 2190 5613 suorum,
2216 5547 2268 5602 id
2289 5558 2372 5605 est
2393 5559 2703 5605 sanctorum
2727 5561 3046 5625 martyrum.
3069 5555 3236 5610 Terra
3260 5574 3385 5614 san-

1807 5640 2022 5709 guinem
2043 5643 2302 5724 suscepit,
2321 5643 2460 5697 sicut
2479 5642 2612 5696 dicit
2629 5644 2888 5701 Dominus
2909 5647 2974 5700 ad
2993 5647 3126 5702 Cain
3153 5665 3165 5701 :
3187 5667 3205 5699 ‹
3231 5649 3386 5706 Male-

1807 5731 1950 5788 dicta
1981 5741 2122 5789 terra
2145 5735 2199 5789 in
2221 5749 2384 5806 opere
2407 5743 2518 5798 tuo,
2543 5750 2662 5805 qua:
2682 5738 2920 5808 suscepit
2939 5741 3256 5810 sanguinem
3280 5743 3386 5799 fra-

1810 5825 1908 5880 tris
1935 5826 2011 5881 tui
2033 5827 2097 5882 de
2119 5843 2280 5882 manu
2310 5835 2399 5882 tua
2421 5825 2572 5897 (Gen.
2601 5828 2696 5900 IV).
2737 5849 2754 5882 ›
2776 5828 2870 5885 Vel
2896 5830 3054 5885 aliter
3078 5851 3090 5885 :
3117 5833 3304 5902 Terra,
3330 5837 3382 5892 id

3024 5927 3103 5985 27
