3918 6458
614 376 725 433 843

1084 376 1441 434 ilAYMONlS
1479 370 1960 433 HALBHISTAT.
2001 374 2174 433 EPlS(

2276 331 2413 434 arpi
2452 372 2634 433 mas
2664 374 2814 432 1.-
2852 377 3204 436 COMMENT.
3246 381 3432 441 sua"
3818 392 3860 445 ss

617 488 1230 563 est,animaiiiﬁpiorum
1243 492 1883 563 revelabuntsangninem
1897 499 2205 548 sanctorum
2231 499 2285 559 Α
2308 490 2519 562 gnabor
2542 497 2736 547 contra
2766 497 2823 543 tae
2845 498 3068 560 propter
3093 492 3233 548 hoc?
3262 496 3448 562 «Quis
3494 497 3663 554 dabit
3700 518 3779 559 me
3809 514 3860 578 sp

618 592 923 654 martyrum
946 582 1000 638 in
1024 582 1111 638 ie
1134 581 1323 651 judicii
1351 596 1472 652 qua:
1505 581 1764 636 fuderunt
1789 581 1958 648 illum,
1982 590 2039 638 et
2063 583 2204 639 ultra
2308 597 2406 636 nas
2434 590 2490 635 ct
2515 597 2732 651 veprem
2772 583 2827 635 in
2854 583 3080 650 praelio?
3112 605 3133 637 ι
3180 586 3294 641 Vox
3324 587 3569 644 Domini
3595 595 3669 646 ad
3694 594 3859 657 ludant,

617 690 725 732 non
751 676 937 731 latebit
979 675 1154 731 scelus
1175 688 1383 729 eorum.
1411 673 1676 730 Omnibus
1720 674 1865 729 enim
1895 675 2205 731 hominibus
2290 672 2439 739 .Quis
2462 671 2618 726 dabit
2647 686 2754 737 me,
2787 671 2891 726 hoc
2912 683 3016 739 est,
3047 676 3173 744 quis
3206 692 3295 731 me
3334 678 3525 734 faciet
3554 684 3766 751 durum,
3788 707 3860 745 rm.

614 768 830 839 parebit
854 777 912 824 et
940 767 1214 837 cognitum
1235 766 1343 823 erit
1382 764 1439 820 in
1478 765 1568 821 die
1592 766 1707 832 illa,
1734 780 1894 837 quem
1918 767 2040 838 quis
2059 766 2203 822 occi-
2298 764 2478 821 delem
2507 773 2563 820 et
2588 780 2841 835 asperum
2863 768 2888 820 ἲ
2917 766 3015 822 Vel
3041 771 3164 838 quis
3193 772 3421 827 docebit
3457 790 3561 829 me
3589 792 3709 833 esse
3734 792 3856 851 qm.

619 860 781 916 derit.

1151 928 1379 985 CAPUT
1447 927 1655 986 XXVII.

689 1063 708 1095 ‹
752 1042 810 1096 In
838 1040 924 1096 die
950 1040 1062 1105 illa,
1100 1060 1119 1093 ι
1164 1042 1267 1097 hoc
1293 1050 1379 1098 est
1419 1043 1474 1097 in
1518 1042 1607 1097 die
1645 1041 1857 1112 judicii,
1891 1060 1909 1093 ι
1956 1042 2200 1099 visitabit

612 1131 896 1197 Dominus,
931 1150 949 1183 ι
994 1131 1136 1186 Deus
1179 1131 1346 1186 Pater
1399 1150 1418 1183 ‹
1464 1132 1518 1186 in
1547 1131 1724 1202 gladio
1748 1148 1847 1188 suo
1877 1135 2013 1189 duro
2037 1150 2199 1204 super

609 1225 905 1281 Leviatlian
941 1242 958 1277 ο
996 1238 1164 1293 usque
1196 1242 1215 1273 ‹
1252 1238 1306 1278 et
1354 1224 1569 1280 occidet
1602 1239 1801 1278 caech
1832 1224 1926 1293 qui
1973 1225 2026 1279 in
2057 1226 2193 1281 mari

604 1323 714 1370 est.
745 1332 763 1366 ι
808 1313 940 1380 Quis
987 1322 1071 1368 est
1115 1313 1325 1383 gladius
1371 1313 1489 1375 iste,
1540 1314 1595 1366 in
1630 1313 2025 1383 quojudicabit
2053 1314 2196 1370 Deus

606 1414 764 1475 pater
784 1406 838 1461 in
871 1406 958 1461 die
977 1406 1166 1477 judicii
1208 1405 1519 1459 universum
1547 1405 1770 1459 orbem?
1798 1404 2034 1460 Verbum
2061 1407 2153 1461 Dei
2178 1448 2193 1472 ,

608 1496 663 1553 id
685 1506 769 1553 est
796 1496 1059 1566 sapientia
1098 1496 1193 1549 Dei
1222 1494 1422 1559 Patris,
1451 1509 1547 1564 per
1574 1496 1717 1564 quod
1746 1495 1861 1564 ipse
1887 1496 2050 1549 Pater
2078 1510 2194 1549 om.

608 1593 698 1651 nia
729 1591 876 1646 fecit.
897 1591 974 1644 De
997 1589 1102 1644 isto
1127 1588 1302 1660 gladio
1317 1587 1603 1658 Apostolus
1627 1589 1791 1643 dicit:
1822 1608 1841 1638 ι
1871 1589 1936 1643 Et
1957 1589 2191 1659 gladium

607 1681 854 1751 spiritus,
886 1680 1029 1749 quod
1061 1689 1141 1733 est
1186 1678 1419 1733 Verbum
1467 1676 1561 1731 Dei
1606 1676 1823 1748 (Ephes.
1863 1677 1962 1749 γι).
2014 1697 2031 1729 ι
2087 1678 2192 1733 Iste

608 1773 819 1845 gladius
860 1772 1022 1843 justis
1051 1779 1106 1826 et
1128 1771 1331 1825 sanctis
1363 1770 1631 1825 innocuus
1654 1777 1761 1836 est,
1794 1770 1977 1841 impiis
2006 1779 2188 1826 autem

2302 871 2452 922 nimi,
2479 865 2537 913 et
2562 857 2840 928 insurgam
2866 858 2922 911 in
2951 859 3194 927 praelium
3226 870 3431 918 contra
3465 868 3615 920 vos?
3637 869 3740 940 Ego
3763 878 3849 928 mis

2292 958 2367 1003 et‘
2400 949 2944 1005 misericordissima
2986 952 3226 1007 existens
3255 995 3271 1018 ,
3325 964 3536 1010 vestra
3584 961 3772 1017 malitia
3803 985 3847 1022 ῃ

2300 1041 2573 1096 excitante
2600 1040 2809 1096 eﬂiciar
2832 1043 2986 1098 vobis
3021 1043 3209 1100 durus.
3246 1063 3265 1097 ι
3294 1047 3561 1104 Gradiar
3586 1069 3737 1125 super
3757 1077 3839 1119 ea,

2298 1134 2626 1188 succendam
2659 1147 2779 1189 eam
2809 1136 3033 1203 pariter,
3062 1154 3083 1186 ι
3116 1152 3223 1193 vox
3243 1137 3341 1194 Dei
3386 1142 3469 1195 ad
3511 1144 3719 1201 vineam
3742 1151 3822 1205 se:

2301 1219 2478 1293 Super
2514 1224 2725 1277 vineam
2770 1224 2925 1279 istam
2956 1240 3179 1296 pravam
3208 1230 3469 1299 gradiar,
3504 1241 3564 1287 et
3597 1244 3826 1297 saccat-

2296 1327 2440 1381 eam,
2472 1330 2537 1370 ac
2563 1315 2857 1370 destruam.

2377 1422 2397 1455 ι
2441 1403 2525 1457 An
2565 1405 2744 1474 potius
2788 1406 2983 1461 tenebo
3038 1406 3427 1467 fortitudinem
3480 1418 3730 1473 πτερω»
3762 1423 3815 1479 τοι

2296 1493 2394 1549 Dei
2434 1493 2634 1550 Patris.
2678 1495 2739 1550 In
2782 1496 3103 1566 quibusdam
3148 1502 3446 1560 codicibus
3492 1507 3751 1577 invenitur,
3776 1525 3813 1567 ιι

2294 1585 2447 1640 nebit
2485 1584 2862 1642 fortitudinem
2893 1603 3069 1644 meam
3097 1607 3110 1643 :
3136 1594 3229 1647 sed
3288 1597 3656 1653 mendacium
3685 1603 3739 1657 ibi
3761 1606 3806 1657 h-

2296 1676 2472 1731 betur.
2520 1678 2830 1735 Dubitative
2869 1681 3084 1737 videtur
3129 1683 3274 1754 loqui
3309 1686 3475 1744 Deus
3505 1690 3659 1747 Pater
3693 1697 3801 1749 istst

2296 1767 2438 1826 loco.
2489 1770 2599 1829 Sed
2637 1773 2909 1842 quomodo
2961 1782 3140 1845 potest
3183 1779 3493 1847 dubitare,
3555 1787 3679 1852 apud
3718 1803 3797 1857 an

606 1873 665 1919 et
698 1863 1076 1935 peccatoribus
1110 1872 1166 1916 et
1196 1861 1336 1932 patri
1362 1860 1574 1915 illorum
1607 1861 1842 1927 diabolo,
1877 1861 2046 1917 durus
2085 1864 2192 1918 erit
2218 1860 2268 1923 B
2290 1860 2478 1921 omnia
2518 1860 2634 1930 jam
2683 1862 2843 1918 facta
2875 1872 3040 1931 sunt,
3089 1874 3143 1921 et
3192 1868 3289 1938 qui
3343 1873 3550 1926 omnia
3595 1882 3779 1943 cognitu

602 1957 661 2012 in
682 1955 974 2027 diejudicii
992 1997 1007 2021 ,
1029 1956 1246 2026 quando
1262 1954 1431 2009 dicet:
1456 1973 1474 2005 ‹
1494 1954 1590 2019 lle,
1607 1954 1899 2021 maledicti,
1930 1956 1985 2010 in
2008 1956 2186 2027 ignem

603 2058 863 2105 :cternum
879 2047 1094 2119 (Matth.
1113 2049 1264 2117 xxv).
1288 2067 1306 2098 ι
1326 2047 1394 2101 Ει
1414 2056 1598 2116 aperte
1614 2048 1715 2102 iste
1729 2049 1939 2120 gladius
1960 2052 2184 2119 secabit,

602 2143 658 2197 id
684 2150 769 2197 est
789 2140 993 2195 dividet
1012 2141 1065 2195 in
1095 2141 1181 2195 die
1210 2139 1301 2194 illa
1324 2140 1501 2211 justus
1528 2141 1596 2195 ab
1624 2139 1859 2208 iniustis.
1885 2143 2185 2202 Leviathan

606 2234 995 2301 interpretatur
1025 2230 1442 2285 additamentum
1464 2247 1646 2287 serunt
1674 2232 1786 2287 sive
1824 2233 2181 2300 adversarius,

601 2322 871 2393 signiﬁcat
913 2322 1221 2388 diabolum,
1273 2323 1363 2392 qui
1424 2338 1638 2394 semper
1686 2326 1879 2380 nititur
1906 2327 2183 2383 adversari

599 2416 838 2471 lmmano
871 2415 1075 2486 generi.
1106 2414 1284 2481 Quare
1314 2415 1619 2485 appellatur
1642 2417 1938 2473 Leviathan
1956 2434 2183 2490 serpens

601 2508 773 2563 vectis
808 2516 863 2562 et
884 2508 1199 2562 tortuosus?
1226 2506 1363 2574 Quia
1395 2508 1448 2560 in
1479 2509 1802 2564 rectitudine
1831 2519 1941 2565 stat
1968 2527 2183 2582 semper

599 2601 997 2664 anfractuosus,
1028 2599 1305 2669 decipiens
1338 2614 1437 2654 sua
1477 2599 1775 2655 calliditate
1808 2603 2024 2657 multos.
2063 2604 2181 2673 Ipse

598 2691 904 2762 appellatur
928 2706 1103 2745 «aecus
1122 2692 1214 2760 qui
1235 2699 1291 2744 et
1309 2704 1534 2760 serpens
1563 2702 1616 2746 et
1648 2692 1967 2758 Leviathan,
2011 2696 2063 2749 id
2095 2704 2178 2750 est

592 2781 862 2838 diabolus.
895 2781 1099 2837 Ferunt
1139 2782 1306 2847 enim,
1350 2784 1475 2851 quia
1507 2783 1673 2838 draco
1720 2783 1775 2838 in
1814 2786 1966 2855 aquis
2001 2794 2175 2853 natat,

590 2884 653 2929 ut
678 2874 862 2945 piscis,
894 2874 950 2929 in
979 2882 1125 2929 terra
1146 2875 1306 2943 repit,
1341 2874 1393 2928 in
1426 2890 1554 2931 acre
1580 2876 1746 2932 volat.

671 2985 689 3016 ‹
736 2967 792 3021 In
842 2966 929 3022 die
974 2965 1089 3031 illa,
1128 2985 1146 3017 ι
1192 2966 1295 3020 hoc
1329 2976 1413 3021 est
1455 2968 1510 3021 in
1545 2966 1634 3021 die
1676 2968 1905 3037 judicii:
1958 2990 1976 3020 ‹
2017 2972 2175 3027 vinea

592 3055 731 3112 tueri
760 3055 1002 3111 cantabit
1037 3054 1106 3109 ei.
1145 3073 1164 3108 ι
1209 3053 1307 3109 Cui
1345 3056 1621 3115 cantabit?
1651 3056 1897 3113 Domino.
1940 3060 2055 3115 Non
2095 3071 2176 3116 ta-

596 3164 722 3204 men
750 3148 1021 3205 canticum
1067 3148 1288 3219 laetitiae,
1347 3149 1440 3204 sed
1488 3149 1690 3207 doloris
1710 3162 1764 3206 et
1790 3152 2040 3209 tristitiae.
2075 3156 2171 3211 Est

2290 1954 2442 2013 More
2464 1966 2650 2013 nostro
2675 1957 2934 2028 loquitur.
2957 1958 3239 2016 Fortitudo
3266 1962 3373 2016 Dei
3405 1964 3587 2021 Patris
3602 1968 3726 2023 Filias
3743 1984 3785 2023 PS.

2288 2049 2420 2119 quia
2458 2064 2555 2119 per
2594 2050 2768 2120 ipsum
2796 2050 2932 2106 fecit
2965 2053 3147 2111 omnia
3187 2054 3385 2125 (loca.
3426 2056 3490 2128 ι),
3518 2069 3571 2113 et
3600 2063 3779 2131 perimit

2289 2140 2523 2197 redemit
2551 2156 2720 2212 genus
2747 2143 3068 2208 humanum,
3094 2158 3190 2214 per
3224 2146 3427 2214 ipsum
3456 2151 3607 2205 etiam
3628 2154 3773 2206 dce-ei

2284 2233 2606 2303 omnigenas
2638 2241 2828 2303 gentes
2867 2234 3131 2304 iudicare.
3169 2235 3315 2291 Dicit
3356 2254 3503 2310 ergo
3537 2262 3550 2294 :
3579 2243 3776 2299 Paratus

2290 2323 2565 2379 incarnari
2612 2322 2983 2380 fortitudinem
3029 2340 3227 2391 meam,
3261 2329 3379 2384 hoc
3415 2342 3501 2386 est
3524 2334 3771 2390 ﬁlioeum

2285 2432 2386 2487 pro
2417 2418 2789 2488 redemptione
2816 2419 2981 2473 totius
3022 2422 3239 2490 generis
3264 2422 3556 2481 hominum.
3571 2429 3626 2481 Δρ
3637 2431 3754 2497 potius
3858 2418 3859 2465 Ψ

2286 2510 2484 2564 tenebo
2512 2509 2662 2564 illum
2694 2510 2761 2564 ad
2785 2511 2907 2565 me?
2936 2511 3142 2566 Mittam
3174 2513 3339 2568 illum
3366 2531 3592 2572 assumere
3610 2530 3751 2572 eam
3858 2509 3859 2571 ξ

2284 2614 2354 2655 ex
2380 2599 2610 2671 virgine,
2639 2601 2733 2670 qui
2769 2616 2864 2655 sua
2902 2601 3285 2659 incarnatione
3318 2606 3494 2664 faciat
3516 2610 3756 2680 patrnam.

2282 2690 2481 2747 Pacem
2527 2691 2695 2748 faciat
2741 2693 2895 2760 mihi,
2946 2694 3001 2750 id
3046 2706 3132 2752 est
3157 2698 3450 2757 hominem
3486 2704 3758 2773 quaesiuit!
3858 2690 3859 2693 ¹

2282 2796 2382 2852 per
2418 2783 2616 2853 ipsum,
2646 2785 2740 2854 qui
2780 2802 2812 2840 a
2847 2802 2981 2857 pace
3014 2803 3133 2844 mea
3172 2796 3411 2849 recessit
3446 2796 3749 2868 transgmdm

2282 2874 2455 2944 legem
2488 2890 2685 2943 meam,
2721 2894 2817 2933 sua
2848 2879 3227 2939 incarnatione
3264 2895 3322 2939 et
3349 2888 3581 2957 passione
3609 2892 3757 2941 ream
3858 2894 3859 2941 1

2281 2964 2437 3021 liabit
2474 2968 2624 3022 mihi.
2661 2968 2781 3039 lpse
2804 2986 3057 3040 namque,
3092 2974 3237 3029 sicut
3262 2978 3396 3033 dicit
3432 2980 3688 3050 Apostolus.
3712 2994 3761 3034 rr-

2281 3059 2595 3144 conciliavit
2622 3078 2722 3118 nos
2743 3063 2853 3119 Deo
2869 3064 3017 3121 Patri
3050 3067 3137 3138 (II
3156 3068 3283 3124 Cor.
3309 3072 3384 3144 ν).

2362 3169 2381 3201 ι
2417 3150 2518 3218 Qui
2559 3141 2942 3225 ingrediuntur
2978 3159 3185 3230 impetu
3233 3165 3297 3219 ad
3329 3141 3488 3229 imi,
3535 3166 3710 3221 durabit
3735 3176 3769 3220 ει

595 3240 867 3297 canticum
915 3238 1131 3304 lzctitiae,
1174 3248 1229 3293 et
1257 3248 1343 3293 est
1360 3240 1641 3295 canticum
1674 3242 1930 3297 tristitiae.
1974 3243 2172 3311 Moses,
2204 3220 2253 3288 α
2282 3220 2843 3314 germinabit'lsrael,
2892 3258 2951 3303 et
2998 3220 3291 3322 implebunt
3324 3255 3491 3308 eam
3526 3257 3654 3310 odiis
3696 3272 3769 3309 se-

594 3333 862 3397 Debbora,
907 3330 1078 3387 David
1130 3338 1185 3386 et
1230 3329 1487 3386 Salomon
1534 3340 1896 3389 cantaverunt
1946 3335 2174 3392 Domino

590 3423 864 3481 canticum
907 3422 1127 3478 laetitiae.
1157 3421 1420 3478 Jeremias
1461 3432 1643 3479 autem
1693 3427 1964 3482 canticum
2003 3428 2175 3484 tristi-

589 3517 701 3573 tiae.
726 3515 928 3572 Eodem
960 3515 1121 3571 modo
1143 3516 1387 3571 cantabit
1409 3517 1468 3569 in
1496 3516 1588 3571 die
1604 3516 1795 3587 judicii
1818 3519 1975 3573 vinea
2013 3520 2168 3585 meri,

586 3610 643 3665 id
668 3618 753 3665 est
781 3608 930 3679 plebs
969 3607 1281 3674 israelitica,
1325 3622 1444 3677 quae
1487 3609 1774 3663 Dominum
1814 3616 1870 3664 et
1921 3620 2171 3665 sanctum

584 3702 702 3772 ejus
724 3698 1017 3757 interfecit.
1032 3697 1239 3755 Merum
1262 3699 1450 3754 dicunt
1473 3699 1635 3768 graeci
1657 3714 1875 3769 purum.
1900 3699 1968 3756 Et
2000 3713 2172 3771 quare

584 3802 811 3851 vocatur
857 3793 961 3849 ista
987 3793 1144 3847 vinea
1172 3793 1355 3847 mem?
1385 3792 1524 3859 Quia
1569 3807 1713 3862 saepe
1747 3794 1884 3848 bibit
1908 3794 2172 3851 Dominus

584 3903 651 3943 ex
678 3901 744 3942 ea
772 3901 980 3942 uterum
1005 3884 1207 3948 vinum,
1249 3893 1306 3939 et
1331 3898 1475 3954 saepe
1495 3883 1723 3954 protulit
1747 3886 1934 3940 botros
1968 3894 2024 3942 et
2050 3886 2167 3956 pal-

582 3981 746 4033 mites
758 3975 1054 4045 jucundos,
1076 3974 1331 4029 videlicet
1352 3975 1405 4027 in
1428 3975 1709 4044 prophetis
1738 3984 1794 4029 et
1814 3976 2031 4047 regibus
2047 3976 2169 4045 jus-'-

584 4068 676 4123 tis.
708 4065 939 4133 Quando
969 4073 1147 4120 autem
1181 4065 1284 4118 hoc
1322 4065 1490 4120 Isaias
1534 4065 1703 4131 dixit,
1752 4082 1860 4122 non
1906 4078 2024 4123 erat
2054 4072 2166 4141 jam

581 4173 753 4218 mera.
783 4156 875 4212 sed
897 4170 994 4225 pro
1018 4155 1139 4209 uvis
1163 4154 1443 4210 labruscas
1462 4155 1788 4225 proferebat.
1817 4160 1985 4215 Vinea
2009 4164 2163 4229 meti,

583 4249 690 4304 hoc
725 4258 809 4302 est
859 4247 1017 4315 vinea
1077 4246 1250 4318 plebis
1294 4247 1604 4303 Israelitica:
1646 4251 1890 4305 cantabit
1940 4252 2168 4310 Domino

582 4340 639 4401 in
676 4339 763 4393 die
794 4338 983 4408 judicii
1033 4339 1305 4395 canticum
1362 4339 1619 4407 tristitiae,
1647 4342 1774 4412 quia
1798 4343 2163 4411 damnabitur,

581 4448 647 4488 eo
676 4432 821 4503 quod
858 4433 1116 4488 factorem
1162 4441 1216 4486 et
1264 4432 1664 4502 redemptorem
1700 4444 1948 4491 nostrum
1988 4438 2167 4495 crucis

578 4522 821 4595 patibulo
864 4522 1162 4593 suspendit.
1210 4522 1286 4579 De
1339 4522 1445 4579 illis
1489 4525 1633 4592 dico,
1672 4527 1765 4595 qui
1813 4536 1999 4598 postea
2052 4545 2162 4585 non

580 4622 709 4670 sunt
729 4613 978 4671 conversi
1011 4613 1079 4669 ad
1127 4613 1311 4669 fidem.

657 4723 677 4754 ι
708 4704 822 4774 Ego
850 4702 1110 4759 Dominus
1135 4704 1229 4773 qui
1262 4719 1420 4760 servo
1443 4719 1586 4771 eam,
1616 4715 1839 4776 repente
1863 4710 2161 4781 propinabo

577 4798 650 4855 ei.
683 4816 703 4848 ι
751 4797 867 4852 Vox
900 4796 1131 4852 Domini.
1173 4796 1253 4851 Ac
1299 4797 1346 4851 si
1394 4797 1602 4854 diceret
1638 4799 1758 4855 aliis
1786 4802 1966 4858 verbis
1999 4820 2013 4856 :
2050 4803 2161 4875 Ego

577 4890 674 4963 qui
734 4889 896 4945 modo
941 4890 1009 4945 ab
1053 4888 1362 4944 hominibus
1392 4891 1636 4948 adversis
1681 4907 1843 4949 servo
1893 4910 2033 4962 eam,
2078 4912 2165 4952 re-

575 4992 758 5056 pente,
799 4982 904 5038 hoc
930 4989 1014 5037 est
1057 4980 1114 5037 in
1155 4980 1243 5037 die
1282 4980 1494 5050 judicii,
1537 4985 1834 5055 propinabo
1881 4987 1930 5043 ei
1976 4997 2159 5059 potum

571 5086 794 5134 aeterna
836 5075 1236 5141 damnationis,
1310 5096 1328 5129 ι
1376 5092 1446 5133 ne
1497 5076 1636 5133 forte
1676 5080 1927 5137 visitetur
1969 5094 2158 5140 contra

573 5184 719 5237 eam,
755 5190 775 5224 ι
807 5169 987 5239 aliqua
1013 5169 1315 5227 calamitas.
1352 5190 1371 5223 ‹
1401 5170 1568 5228 Nocte
1593 5181 1650 5228 et
1672 5173 1759 5229 die
1786 5190 1945 5230 servo
1970 5193 2111 5245 eam,
2137 5200 2154 5232 ι

572 5259 628 5317 id
656 5259 820 5315 estin
852 5259 1125 5329 prosperis
1156 5268 1215 5317 et
1244 5260 1303 5319 in
1347 5261 1592 5318 adversis
1627 5279 1641 5315 :
1684 5264 1779 5320 sed
1815 5265 1904 5320 illa
1947 5281 2161 5339 semper

569 5358 795 5405 econtra
825 5363 990 5418 prona
1018 5358 1102 5407 est
1129 5349 1197 5407 ad
1220 5349 1536 5411 labentium.

648 5458 667 5491 ε
706 5439 1005 5510 Indignatio
1030 5454 1138 5499 non
1163 5450 1247 5497 est
1273 5442 1444 5498 mihi?
1480 5462 1499 5495 ι
1543 5443 1658 5498 Vox
1686 5442 1780 5498 Dei
1814 5446 2157 5516 omnipoten-

568 5530 666 5597 tis,
691 5540 747 5587 et
772 5530 1149 5601 legndumest
1178 5533 1279 5588 sub
1296 5534 1735 5605 interrogatione.
1766 5538 1847 5594 Ac
1876 5540 1921 5593 si
1950 5541 2159 5599 diceret

2278 3333 2447 3411 mine.
2487 3354 2506 3387 ι
2544 3337 2659 3392 Vox
2707 3340 3008 3409 prophetat.
3061 3343 3140 3399 De
3186 3344 3401 3416 apostolis
3438 3345 3627 3400 Christi.
3674 3345 3763 3412 Qui

2276 3432 2407 3478 sunt
2450 3424 2537 3480 isti
2588 3427 2679 3496 qui
2720 3428 3138 3499 ingrediuntur?
3183 3435 3590 3505 Apostoli,‘d\ci\.
3616 3434 3765 3490 Verba

2276 3530 2398 3586 qua:
2429 3519 2705 3588 propheta:
2733 3520 3032 3593 loquuntur
3052 3541 3084 3581 a
3113 3526 3316 3598 Spiritu
3340 3540 3513 3584 sancto
3529 3529 3759 3583 “luminati.

2275 3622 2389 3662 non
2434 3622 2722 3678 possumus
2770 3627 2869 3682 per
2914 3618 3095 3672 omnia
3146 3620 3215 3673 ad
3250 3630 3542 3676 contextum
3579 3621 3753 3676 orationi

2273 3709 2615 3768 convertam,
2668 3711 2848 3760 tamen
2899 3722 3094 3765 sensus
3140 3711 3241 3766 ibit
3287 3715 3611 3770 subtilissime
3649 3714 3759 3783 impi-

2272 3790 2539 3848 rentibus.
2576 3793 2781 3851 Sensus
2810 3797 2967 3854 istius
2996 3803 3250 3858 versiculi
3295 3806 3424 3861 talis
3452 3816 3529 3863 est
3559 3827 3571 3861 :
3602 3804 3760 3875 Apuani

2274 3881 2478 3939 Christi
2509 3900 2632 3940 cum
2668 3886 3065 3959 ingrediuntur,
3100 3894 3155 3949 id
3182 3904 3271 3949 est
3297 3912 3428 3953 cum
3470 3900 3654 3969 regresn
3682 3896 3760 3949 lae»

2270 3974 2383 4032 rint
2422 3976 2625 4047 impetu
2657 3982 2726 4035 ad
2750 3980 2940 4049 Iacob,
2980 3985 3032 4040 id
3060 3994 3148 4043 est
3176 3990 3431 4047 colenter
3452 3994 3529 4048 vel
3554 4010 3645 4048 cum
3669 3991 3759 4044 reb:

2269 4068 2460 4136 citate,
2490 4079 2618 4127 tunc
2648 4072 2863 4131 tlurebit
2908 4076 3075 4135 Israel
3116 4082 3245 4147 ﬁde,
3276 4094 3331 4139 et
3362 4086 3654 4157 geminabit
3683 4099 3757 4149 ore

2272 4161 2557 4229 rationm,
2587 4163 2642 4218 in
2670 4164 2777 4221 illis
2805 4167 2929 4223 dico
2956 4171 3050 4239 qui
3078 4174 3479 4241 praedicatione
3507 4177 3757 4249 apostolum

2271 4257 2341 4311 ad
2367 4257 2652 4313 Dominum
2679 4264 2930 4318 conversi
2960 4274 3104 4320 sunt.
3151 4266 3254 4338 Ipsi
3303 4272 3479 4327 etiam
3509 4270 3684 4343 προςίοῦ
3703 4268 3758 4321 ἱε-

2269 4348 2555 4419 plcverunt
2597 4350 2790 4406 faciem
2832 4355 2979 4410 orbis
3029 4358 3237 4413 semine
3264 4360 3759 4429 praedicationum

2269 4439 2534 4509 scriptum
2564 4450 2647 4497 est
2678 4484 2693 4498 .
2730 4461 2748 4494 ι
2785 4442 2845 4499 in
2882 4461 3100 4509 oinnem
3126 4458 3330 4507 terram
3374 4458 3550 4511 exivit
3580 4465 3759 4511 meo-
3858 4446 3859 4511 γ

2189 4565 2240 4651 ὁ
2270 4545 2393 4587 rum
2442 4529 2616 4602 (Psal.
2648 4536 2825 4608 xviii).
2862 4556 2882 4590 ι
2930 4538 3157 4605 Quando
3208 4544 3584 4615 immersi-unt
3624 4543 3759 4619 φεύ

2265 4625 2577 4681 universum
2628 4628 2819 4683 orbem
2870 4646 2967 4687 sua
3025 4636 3469 4705 przcdicatione?
3498 4644 3679 4712 Quando
3708 4654 3762 4693 ιε’

2263 4714 2473 4777 dientes
2508 4734 2541 4773 a
2586 4717 2815 4776 Domino
2858 4738 2874 4777 :
2918 4744 2939 4777 ‹
2970 4725 3174 4784 Euntes
3218 4731 3273 4785 in
3323 4739 3596 4793 mundum
3632 4735 3767 4791 unite?-

2263 4824 2384 4867 sum
2406 4810 2696 4878 praedicata
2716 4814 3068 4888 Evangelium
3089 4820 3283 4893 (Marc.
3310 4830 3463 4897 xw),
3490 4829 3681 4901 proiecti
3696 4832 3769 4880 snt
3858 4810 3859 4849 ἶ

2263 4901 2625 4970 praedicantes
2648 4907 2847 4976 ubique
2871 4910 3100 4967 Domino
3127 4929 3489 4985 cooperante.
3522 4940 3541 4973 ›

2344 5009 2364 5042 ε
2395 4991 2648 5062 Nunquid
2674 4995 2823 5065 juxta
2860 4999 3071 5070 plagam
3106 5006 3482 5072 percutientis
3514 5026 3571 5065 se
3597 5004 3773 5081 prmi?“

2266 5096 2413 5147 eum,
2447 5102 2466 5135 ι
2499 5084 2556 5138 id
2587 5094 2673 5141 est
2703 5088 2956 5159 populum
2976 5090 3319 5151 Iudaeorum?
3352 5120 3369 5150 ι
3410 5103 3527 5158 Aut
3555 5104 3670 5158 sicut
3690 5095 3775 5155 etd-

2264 5169 2345 5225 dit
2374 5172 2689 5231 interfectos
2715 5176 2853 5245 ejus,
2882 5182 2962 5237 sic
2995 5185 3210 5241 occisus
3232 5198 3339 5255 est,
3373 5209 3397 5243 ι
3436 5194 3719 5250 subauditur
3738 5186 3776 5239 ἑ

2264 5263 2368 5319 eo?
2395 5261 2513 5320 Vox
2541 5267 2817 5338 prophetiae
2848 5270 3080 5343 loquens
3106 5277 3174 5331 de
3206 5277 3341 5334 Filio
3367 5282 3499 5340 Dei.
3536 5286 3595 5340 Et
3618 5293 3777 5339 estsa-

2263 5368 2357 5408 sus
2382 5372 2396 5409 :
2421 5355 2672 5427 Nunquid
2711 5360 2791 5415 sic
2830 5366 3101 5431 percussit
3127 5367 3296 5425 Filius
3327 5373 3431 5430 Dei
3477 5378 3703 5449 populum
3724 5371 3782 5426 λθ·

2261 5445 2527 5512 daeorum,
2564 5451 2834 5517 quomodo
2872 5454 2989 5523 ipse
3031 5470 3321 5525 permissas
3369 5445 3571 5524 est'ah
3602 5466 3696 5523 eis?
3718 5464 3783 5517 lit
3858 5468 3859 5481 ³

2258 5535 2343 5639 sic
2389 5537 2664 5639 interfecit
2707 5557 2866 5612 eum,
2925 5552 3197 5616 quomodo
3250 5555 3537 5616 interfecit
3584 5570 3786 5629 martyres
3858 5624 3859 5639 ἶ

568 5619 693 5675 aliis
719 5619 1198 5691 verbis:Nunquid
1223 5625 1410 5681 nescio
1431 5624 1721 5695 indignari,
1754 5626 1800 5683 si
1827 5642 2157 5697 provocatus
2255 5629 2419 5700 eius?
2457 5631 2693 5689 Minime.
2738 5636 3318 5703 llligimmisericordes
3356 5653 3678 5708 exntiterunt

566 5709 726 5773 fuero
758 5726 789 5768 a
821 5714 904 5768 te?
935 5714 1013 5768 Tu
1052 5730 1266 5785 semper
1299 5718 1484 5789 inique
1513 5720 1628 5788 agis
1665 5727 1856 5774 contra
1897 5737 2003 5789 me,
2029 5741 2152 5782 cum
2254 5723 2409 5779 illum
2457 5724 2743 5783 illudentes
2768 5730 2850 5797 ei,
2880 5741 2936 5787 et
2965 5734 3296 5806 flagellantes
3339 5751 3397 5796 et
3440 5709 3787 5814 πυώδεεςηᾷ

566 5811 794 5858 econtra
838 5805 977 5862 bona
1026 5807 1120 5863 tibi
1172 5822 1386 5878 semper
1428 5808 1757 5880 impendam,
1785 5818 1839 5867 et
1868 5828 1973 5869 non
2010 5815 2147 5873 indi-

2253 5816 2372 5887 lpse
2415 5828 2593 5875 autem
2638 5838 2743 5879 non
2781 5827 2969 5883 eodem
3008 5841 3285 5889 momento
3328 5840 3604 5904 percussit
3638 5837 3790 5891 illoscl
