3918 6462
1156 365 1517 440 acnuam.
1555 366 1624 422 ιιι
1654 366 1913 431 manu.
1953 395 2025 411 .-
2058 365 2189 425 us.
2224 366 2293 425 ιι.

3193 367 3419 455 μς,

73 434 451 557 minabantur,
480 483 576 547 sed
607 496 707 559 per
734 482 1095 559 quadraginta
1131 434 1361 541 duorum
1397 496 1663 559 annorum
1693 486 1742 563 ᾼ
1768 488 1889 545 cata
1917 488 1999 535 est
2028 479 2096 535 ab
2127 478 2523 547 habitatoribus
2552 477 2687 538 suis.
2724 478 2795 537 Et
2819 477 2943 551 quia
2985 479 3231 552 superius

72 581 367 647 curricula,
413 580 726 643 dilationem
754 576 1088 649 poenitentice
1113 576 1387 632 concessit
1409 576 1511 639 eis,
1540 576 1665 647 qni-.

71 676 180 733 bus
224 673 552 745 poeniterent
597 670 738 727 mala
781 685 901 742 quae
948 676 1321 740 patraveruut,
1371 668 1666 725 occidendo

74 765 233 823 illum
258 772 316 820 et
342 762 635 834 discipulos
668 763 804 833 ejus.
836 759 945 815 Sed
973 759 1104 833 quid
1131 759 1264 816 dicit
1306 760 1374 815 de
1413 760 1517 815 illis
1536 759 1667 815 Pro-

69 858 243 930 pheta
275 856 511 921 Domini,
550 853 862 915 nolentibus
899 852 1141 911 converti
1170 851 1238 907 ad
1260 852 1667 924 paenitentiam?

152 969 172 1002 ι
219 949 281 1006 in
332 963 585 1004 mensura
633 954 829 1001 contra
876 960 1209 1001 mensuram.
1267 944 1400 1000 Cum
1454 943 1667 1014 abiecta

70 1042 245 1101 fuerit
285 1058 318 1099 a
344 1050 416 1107 te,
443 1040 712 1112 judicabis
752 1054 873 1103 eam
912 1038 1149 1110 plebem,
1176 1059 1196 1093 ι
1228 1038 1331 1095 hoc
1353 1047 1436 1092 est
1456 1039 1663 1094 dicere:

70 1136 271 1209 Qualia
309 1145 556 1208 egerunt,
590 1134 720 1193 talia
753 1134 1017 1204 recipient
1046 1149 1078 1195 a
1107 1134 1388 1191 Romanis.
1422 1134 1487 1189 Et
1511 1142 1668 1191 aeter-

70 1248 209 1289 num
253 1229 579 1302 supplicium
630 1228 687 1285 in
732 1228 949 1285 inferno
991 1228 1152 1284 modo
1197 1229 1499 1299 patiuntur,
1528 1237 1583 1283 et
1611 1230 1669 1284 in

71 1322 166 1379 die
193 1321 387 1392 iudicii
418 1320 704 1393 augebitur
727 1319 832 1375 illis
854 1333 1013 1389 poena
1051 1320 1329 1390 gehennae.
1358 1318 1667 1376 Notandum

22 1434 23 1449 ι
71 1411 227 1483 quod
261 1412 413 1478 ﬁcit,
449 1426 576 1467 cum
617 1409 826 1479 abiecta
866 1408 1033 1464 fuerit
1069 1425 1100 1464 a
1132 1418 1205 1475 te,
1242 1409 1461 1479 quando
1489 1409 1667 1478 potni-

72 1508 305 1563 tentiam
340 1506 515 1567 noluit
550 1521 712 1578 agere
741 1507 807 1561 de
842 1506 959 1561 suis
999 1505 1409 1575 iniquitatibus,
1451 1512 1509 1559 et
1534 1520 1668 1576 apo-

74 1597 250 1653 stolos
276 1595 393 1665 ejus
420 1596 624 1668 fugavit
653 1611 685 1650 a
713 1611 794 1660 se,
826 1595 1017 1650 nolens
1045 1595 1291 1664 recipere
1320 1595 1669 1665 praedicatio.

74 1702 204 1747 Item
256 1688 489 1744 illorum.
536 1708 555 1741 ‹
593 1687 882 1743 Meditatus
934 1695 1019 1741 est
1054 1686 1109 1740 in
1151 1686 1345 1756 spiritu
1394 1702 1493 1743 suo
1526 1690 1668 1744 duro

75 1797 181 1855 per
205 1783 347 1839 diem
364 1790 555 1847 astus,
590 1800 612 1835 ι
638 1795 744 1836 vox
765 1780 1063 1851 ρτοριδθιεε.
1088 1779 1191 1846 Qui
1210 1790 1300 1836 est
1339 1782 1668 1839 meditatus?

77 1873 229 1930 Datis
278 1873 625 1943 omnipotens
667 1870 783 1942 ipse
827 1879 913 1931 est
954 1869 1282 1937 meditatus,
1328 1872 1381 1926 id
1422 1881 1506 1927 est
1553 1874 1671 1944 ipse

80 1963 347 2036 cogitavit
378 1972 439 2019 et
480 1964 694 2019 locutus
739 1970 824 2018 est
864 1976 965 2035 per
1011 1964 1153 2020 diem
1202 1974 1366 2020 asstus
1398 1982 1411 2018 :
1447 1966 1549 2020 hoc
1584 1974 1672 2022 cst

82 2063 333 2127 tempore
396 2054 764 2111 tribulationis
830 2058 915 2112 vel
963 2071 1075 2111 sua:
1136 2055 1221 2109 vel
1250 2057 1667 2125 apostolorum,

80 2149 304 2219 quando
330 2145 645 2220 patiebatur
664 2147 736 2203 ab
754 2148 855 2203 eis.
888 2146 1028 2215 Quid
1052 2148 1367 2202 redditurus
1387 2157 1533 2203 esset
1556 2148 1672 2203 eis?

80 2236 347 2295 Videlicet
359 2247 689 2295 vastatorem
702 2237 1072 2295 Romanorum
1088 2238 1353 2294 missurus
1367 2253 1530 2309 super
1541 2252 1635 2294 eos
1648 2239 1673 2293 ’ἐ

160 2346 182 2382 ί
227 2328 438 2385 idcirco
475 2340 638 2399 super
688 2329 794 2383 hoc
842 2329 1145 2393 dimittetur
1190 2328 1450 2399 iniquitas
1489 2331 1673 2386 domui

76 2416 270 2475 Jacobi
297 2434 313 2471 :
337 2425 393 2474 et
419 2418 601 2473 omnis
623 2418 727 2472 iste
754 2417 964 2472 fructus
994 2426 1054 2471 ut
1083 2417 1365 2472 auferatur
1385 2427 1673 2488 peccatum

78 2509 221 2582 ejus,
259 2525 382 2566 cum
412 2508 655 2581 posuerit
689 2522 881 2564 omnes
907 2508 1114 2578 lapides
1141 2508 1329 2563 altaris
1366 2510 1509 2564 sicut
1533 2509 1673 2578 lapi-

81 2603 182 2660 des
209 2602 410 2658 cineris
432 2600 636 2656 allisos.
674 2617 695 2652 ι
729 2597 848 2655 Vox
889 2600 1185 2670 prophetae.
1234 2598 1458 2654 Poterat
1478 2599 1673 2668 aliquis

80 2694 272 2751 dicere
296 2711 310 2747 :
338 2693 479 2762 Quid
502 2690 827 2748 commeruit
851 2690 955 2745 iste
980 2690 1229 2760 populus,
1257 2689 1344 2744 vel
1367 2689 1497 2759 quid
1516 2688 1673 2759 longe

77 2795 211 2861 post
242 2786 701 2843 resurrectionem
731 2782 971 2848 Domini,
1014 2791 1077 2837 ut
1111 2782 1306 2852 aliquis
1351 2783 1562 2838 illorum
1605 2785 1675 2838 sit

81 2881 175 2936 cui
205 2880 348 2936 Deus
374 2877 645 2935 dimiserit
670 2882 956 2946 peccatum
991 2873 1130 2943 ejus,
1160 2874 1295 2930 dans
1319 2874 1371 2931 ei
1398 2890 1495 2929 cor
1529 2884 1588 2928 ut
1617 2875 1673 2929 in

80 2988 212 3031 eum
233 2972 523 3030 crederet?
552 2970 636 3024 Ad
663 2971 780 3026 hac
794 2967 1086 3038 respondet
1096 2966 1384 3036 Propheta.
1421 2984 1439 3016 ι
1466 2966 1673 3022 ldcirco

81 3081 255 3139 super
282 3066 405 3132 hoc,
454 3082 473 3116 ι
506 3062 563 3117 id
591 3070 675 3119 est
696 3069 920 3132 propter
944 3061 1067 3125 hoc,
1099 3078 1120 3111 ι
1157 3059 1458 3114 dimittetur
1492 3059 1673 3113 domui

81 3156 260 3217 Jacob
288 3157 543 3228 iniquitas
570 3154 711 3224 ejus,
741 3163 797 3209 et
824 3153 1005 3208 omnis
1032 3150 1242 3207 fructus
1267 3171 1287 3204 ι
1320 3151 1439 3221 ejus
1468 3150 1669 3206 malus:

85 3253 215 3324 quia
267 3249 496 3321 apostoli
524 3263 591 3304 ex
622 3247 839 3303 illorum
886 3245 1139 3317 prosapia
1187 3244 1455 3314 originem
1504 3244 1673 3298 duxe-

84 3352 236 3401 runt.
283 3342 411 3399 Haec
459 3356 491 3394 a
519 3340 748 3394 Domino
777 3343 1215 3406 promeruerunt,
1245 3342 1303 3387 ut
1336 3332 1533 3402 aliquis
1558 3333 1674 3387 illo.

1770 574 1851 629 xit
1890 572 2179 644 Propheta,
2211 573 2286 630 ibi
2316 581 2568 645 pascetur
2609 573 2832 639 vitulus,
2864 572 2919 628 id
2955 583 3041 629 est
3080 575 3134 630 in
3164 574 3350 661 vineaIt

1768 662 2004 721 servavit
2032 663 2404 734 metaphoram
2427 679 2549 719 cum
2568 662 2705 720 dixit
2724 681 2736 718 :
2758 664 2825 719 Et
2840 664 3118 721 devorabit
3150 684 3169 716 ‹
3206 681 3352 721 sum-

1770 752 1987 819 mitates
2017 751 2154 822 ejus.
2191 772 2210 806 ι

1845 864 1866 898 ι
1906 846 1966 901 ln
1999 846 2244 903 siccitate
2277 847 2472 905 messis
2518 847 2661 905 illius
2692 856 3041 909 conterentur
3071 846 3353 917 mulieres,

1772 940 2049 996 venientes
2089 948 2146 995 et
2173 938 2430 996 docentes
2465 954 2606 995 eam.
2639 959 2658 993 ι
2712 938 3077 1011 Metaphorice
3115 938 3355 1009 loquitur

1768 1031 2061 1102 Pr0pbeta,
2090 1044 2186 1099 per
2210 1045 2442 1085 messem
2468 1030 2554 1085 vel
2582 1030 2797 1086 vineam
2841 1029 3028 1085 volens
3067 1030 3355 1086 ostendere

1769 1123 1983 1195 plebem
2028 1121 2401 1178 Israeliticam.
2445 1121 2697 1178 Mulieres
2740 1122 2972 1193 appellat
2999 1122 3088 1177 hic
3117 1137 3349 1193 synago-

1771 1230 1868 1287 gas
1906 1214 2243 1269 diversarum
2296 1196 2978 1286 gentiumrAEgyptiorum,
3035 1213 3354 1270 Philistino-

1773 1318 1893 1363 rum
1927 1312 2375 1373 ceterarumque.
2423 1300 2673 1379 Quando.
2700 1312 2881 1363 autem
2930 1302 3228 1373 Jerusalem
3255 1303 3352 1359 de-

1772 1403 1977 1452 structa
2002 1403 2086 1452 est
2109 1411 2138 1448 a
2162 1394 2444 1458 Romanis,
2472 1403 2525 1450 et
2546 1394 2722 1450 omnis
2750 1395 2980 1467 pepulus
3020 1395 3140 1465 ejus
3174 1396 3356 1467 praeda

1770 1483 1874 1540 fuit
1903 1484 2153 1555 gentibus
2181 1499 2468 1555 synagoga:
2511 1483 2843 1538 diversarum
2872 1485 3116 1555 gentium
3144 1502 3264 1556 qua:
3302 1487 3359 1540 in

1771 1576 1999 1633 circuitu
2024 1576 2139 1645 ejus
2160 1583 2333 1639 erant,
2361 1584 2726 1631 convenerunt
2748 1576 2816 1635 ad
2846 1575 3011 1639 illam,
3033 1586 3087 1631 et
3112 1577 3357 1635 contritae

1772 1674 1899 1735 sunt
1944 1665 2128 1721 dolore
2168 1675 2224 1721 et
2262 1664 2429 1737 luctu,
2462 1680 2569 1718 non
2615 1666 2679 1720 de
2706 1666 2915 1725 Domini
2952 1666 3223 1736 passione,
3264 1665 3359 1721 sed

1772 1756 1838 1815 de
1868 1754 2217 1813 subversionc
2250 1763 2411 1811 tanta:
2443 1755 2695 1811 civitatis.
2728 1754 2827 1835 γει
2856 1756 3019 1837 etiam
3048 1755 3356 1813 Judteormn

1696 1843 1746 1907 Β
1770 1851 2056 1911 mulierum
2084 1849 2356 1919 sapientes
2382 1864 2503 1923 qum
2531 1849 2787 1918 dispersa:
2814 1858 2969 1905 erant
2996 1864 3092 1920 per
3120 1850 3360 1905 diversas

1770 1942 2042 2013 regiones,
2072 1955 2297 2012 quaeque
2333 1938 2506 1995 solitae
2534 1948 2691 2009 erant
2722 1938 2905 1999 venire
2937 1948 3060 2019 ante
3088 1938 3230 1992 illam
3266 1954 3360 1993 ca-

1770 2033 2093 2103 ptivitatem,
2133 2038 2187 2084 et
2224 2030 2418 2085 docere
2461 2044 2555 2085 eos
2598 2028 2833 2103 qualiter
2879 2043 2937 2083 se
2980 2038 3360 2101 prmpararent

1773 2130 1962 2180 contra
1991 2123 2176 2177 hostes
2208 2138 2221 2174 :
2252 2136 2375 2197 cum
2423 2120 2706 2175 audissent
2748 2135 2867 2179 eam
2918 2118 3153 2177 dirutam
3185 2127 3239 2173 et
3264 2134 3360 2175 ve-

1773 2216 1984 2273 nissent
2030 2214 2211 2271 videre
2256 2213 2610 2284 ignominiam
2651 2228 2871 2271 suorum
2911 2213 3361 2284 propinquorum,

1774 2307 2026 2379 contritae
2063 2313 2193 2361 sunt
2230 2312 2284 2359 et
2326 2304 2526 2359 attrita:
2576 2303 2760 2360 dolore
2792 2303 2979 2356 nimio.
3028 2301 3181 2359 Sicut
3217 2304 3359 2359 enim

1773 2393 2140 2459 verecundum
2168 2393 2269 2450 fuit
2308 2394 2439 2448 illud
2466 2394 2608 2465 quod
2638 2393 2885 2449 Delibera
2912 2392 3007 2448 ivit
3046 2395 3099 2450 in
3138 2394 3359 2461 bellum,

1776 2499 1832 2547 et
1879 2491 1984 2546 hoc
2032 2489 2175 2559 quod
2213 2487 2354 2544 0rda
2414 2488 2610 2544 mulier
2670 2488 2984 2563 imminente
3043 2491 3358 2567 captivitate

1778 2580 2154 2647 Chaldaeorum
2194 2580 2498 2636 tacentibus
2546 2580 2679 2636 viris
2714 2581 3084 2651 prophetavit,
3116 2583 3195 2638 sic
3226 2598 3364 2655 quo-

1776 2687 1883 2746 que
1916 2681 2074 2743 turpe
2120 2672 2404 2727 admodum
2450 2668 2573 2738 fuit,
2602 2672 2744 2743 quod
2785 2672 3043 2727 mulieres
3067 2672 3133 2726 ad
3165 2671 3363 2729 docen-

1777 2768 1906 2823 dum
1936 2765 2055 2821 illos
2083 2750 2719 2843 veniebant'imminente
2748 2764 3059 2837 captivitate
3092 2766 3364 2822 Romano—

1778 2847 1923 2914 rum.
1964 2857 2022 2912 In
2058 2857 2303 2917 siccitate
2337 2872 2467 2929 ergo
2501 2857 2825 2912 vastationis
2850 2855 3148 2915 Jerusalem
3177 2857 3365 2913 mulie-

1776 2962 1870 3007 res
1896 2963 2017 3018 quae
2048 2947 2223 3003 solita:
2249 2955 2402 3001 erant
2435 2947 2618 3003 venire
2655 2956 2708 3001 et
2745 2948 2939 3003 docere
2966 2963 3081 3014 eos,
3111 2932 3361 3004 contritae

1778 3049 1925 3109 sunt,
1955 3040 2201 3113 videntes
2231 3039 2584 3111 ignominiam
2626 3054 2867 3094 suorum.
2905 3057 2923 3088 ι
2958 3039 3074 3097 Non
3114 3048 3198 3097 est
3217 3038 3363 3094 enim

1778 3130 2008 3205 populus
2035 3131 2269 3202 sapiens,
2301 3138 2589 3202 propterea
2627 3146 2732 3185 non
2763 3130 3109 3185 miserebitur
3150 3130 3199 3185 ei
3221 3130 3365 3187 Deus

1700 3203 1747 3293 Cr
1780 3203 1872 3296 qui
1922 3225 2050 3281 fecit
2093 3241 2237 3280 eum.
2275 3244 2293 3277 ι
2349 3225 2490 3280 Ecce
2542 3224 2631 3280 hic
2680 3224 3015 3285 demonstrat
3065 3224 3363 3295 propheta.

1774 3332 1949 3387 quare
1995 3317 2250 3381 mulieres
2279 3315 2672 3387 conveniebant
2697 3331 2812 3381 eos,
2843 3315 3092 3370 videlicet
3122 3325 3182 3370 ut
3212 3317 3368 3372 doce-

86 3450 215 3493 mm
257 3434 563 3487 salvaretur
611 3442 718 3492 eo,
774 3428 919 3496 quod
960 3427 1064 3496 ipsi
1102 3426 1289 3480 omnia
1335 3423 1527 3485 suam
1580 3439 1677 3480 sua
1770 3418 1906 3473 gent
1942 3408 2064 3463 illos
2086 3408 2212 3477 quia
2240 3408 2399 3463 inscii
2441 3415 2627 3479 erant,
2656 3408 2883 3479 ideoque
2935 3408 3281 3491 incurrerunt
3309 3409 3363 3466 in

86 3523 481 3600 praedicatione
518 3536 616 3592 per
645 3520 960 3575 universum
988 3533 1127 3588 pene
1160 3520 1349 3574 orbem
1396 3518 1679 3573 destruu-

91 3624 255 3684 runt,
294 3624 351 3672 et
376 3612 819 3685 lapides-illorum
852 3611 1102 3666 altarium
1136 3611 1189 3665 in
1221 3609 1681 3677 cineresnredege-

93 3716 247 3765 runt.
263 3707 495 3776 ideoque
515 3704 645 3761 dicit
670 3703 980 3775 Propheta:
1009 3721 1029 3754 c
1058 3701 1192 3757 Cum
1212 3701 1459 3772 posueris
1484 3701 1680 3773 choros

94 3797 461 3870 apostolon
486 3807 680 3850 omnes
708 3793 916 3865 lapides
944 3792 1142 3847 altaris
1160 3790 1379 3847 diabolo
1403 3790 1679 3855 dedicatos

84 3889 243 3947 sicut
288 3888 520 3953 cineres,
558 3885 837 3943 niteretur
870 3892 1158 3955 meum:
1200 3883 1384 3949 domui
1434 3882 1622 3948 Jacob.
1654 3900 1675 3934 ι

96 3982 177 4039 De
221 3979 327 4036 illis
375 3978 496 4037 dico
543 3978 637 4049 qui
688 3977 948 4048 baptisati
1006 3984 1151 4039 sunt,
1183 3985 1238 4031 et
1272 3974 1432 4031 ﬁdem
1481 3981 1682 4039 sancta:

98 4074 385 4133 Trinitatis
404 4082 777 4143 susceperunt,
798 4072 866 4128 de
890 4071 1086 4141 quibus
1105 4071 1239 4126 dicit
1253 4070 1461 4127 Lucas:
1493 4086 1512 4121 ι
1543 4068 1680 4136 Quia

90 4164 448 4222 crediderunt
479 4178 588 4218 una
626 4162 715 4218 die
749 4163 850 4217 tria
876 4160 1041 4217 millia
1064 4201 1079 4227 ,
1118 4160 1287 4216 altera
1326 4160 1412 4216 die
1443 4159 1682 4230 quinque

95 4255 292 4319 millia,
322 4262 380 4309 et
403 4254 658 4325 deinceps
685 4253 851 4308 multa
873 4252 1040 4308 millia
1071 4251 1212 4324 (Act.
1241 4267 1281 4305 ιι
1303 4262 1351 4305 ει
1378 4251 1476 4317 1v).
1512 4268 1531 4301 ι
1565 4249 1681 4305 non

52 4342 71 4357 ⁸
98 4347 347 4415 Stabunt,
383 4366 403 4399 ι
444 4345 499 4401 id
538 4354 623 4402 est
657 4361 763 4401 non
793 4344 1208 4415 permanebunt,
1243 4361 1263 4395 ‹
1300 4343 1433 4399 Luci
1483 4351 1540 4398 et
1584 4342 1681 4397 de-

100 4437 289 4495 lubra:
320 4456 343 4490 ι
368 4437 679 4507 ubicunque
695 4436 924 4506 apostoli
954 4435 1410 4505 praedicaverunt.
1440 4432 1678 4499 Delubra

94 4536 233 4587 sum
258 4527 758 4598 templaidolorum.
788 4527 1115 4585 Luciautem
1142 4541 1367 4587 nemora
1398 4526 1491 4581 ubi
1527 4532 1683 4581 erant

100 4618 381 4685 adiﬁcata:
403 4632 512 4675 ara:
536 4618 861 4675 daemonum.

184 4730 203 4763 ι
229 4710 437 4771 Civitas
460 4710 670 4774 munita
699 4709 937 4767 desolata
965 4711 1088 4767 erit.
1119 4728 1140 4761 ι
1171 4709 1389 4765 Transit
1409 4708 1681 4779 Propheta

104 4803 177 4861 ad
203 4802 606 4861 subversionem
627 4801 928 4859 Jerusalem
952 4817 1074 4873 qum
1110 4801 1213 4858 fuit
1251 4811 1473 4874 peracta
1511 4818 1542 4857 a
1571 4802 1683 4859 Ro-

98 4896 301 4957 manis.
337 4894 623 4953 Civitatem
658 4895 924 4957 munitam
952 4896 1193 4967 appellat
1213 4895 1538 4964 Jerusalem,
1566 4912 1686 4967 quae

108 4988 379 5061 quondam
421 4984 523 5044 fuit
548 4987 760 5045 munita
796 4988 1041 5049 custodia
1075 4988 1389 5060 angelorum
1413 5001 1471 5044 et
1491 4988 1683 5045 muris.

116 5096 140 5135 ι
170 5077 423 5150 Speciosa
457 5098 477 5132 ι
526 5077 738 5145 civitas,
766 5094 888 5149 qua:
928 5078 1032 5137 fuit
1078 5081 1408 5151 temporibus
1438 5080 1607 5135 David
1633 5087 1692 5134 et

108 5169 421 5229 Salomonis
443 5208 462 5238 ,
514 5170 672 5241 plena
721 5170 872 5227 omni
917 5170 1178 5241 dignitate
1201 5209 1219 5237 ,
1287 5190 1307 5224 ς
1352 5170 1690 5241 relinquetur

112 5262 265 5335 quasi
290 5263 587 5327 desertum,
615 5268 674 5318 et
701 5262 1003 5321 dimittetur
1032 5276 1052 5315 ι
1097 5278 1131 5317 a
1162 5261 1296 5319 Deo.

191 5370 212 5405 ι
245 5351 326 5409 lbi
354 5359 608 5422 pascetur
631 5351 855 5425 ritulus,
876 5361 938 5410 et
974 5354 1048 5411 ibi
1077 5354 1384 5421 accubabit,
1414 5362 1471 5411 et
1498 5369 1691 5412 consu-

115 5453 229 5504 met
254 5443 594 5501 semitates
621 5441 760 5512 οδω.
790 5458 813 5496 ο
866 5444 1111 5503 Yitulum
1148 5446 1384 5517 appellat
1429 5446 1609 5507 Titum
1639 5455 1697 5505 et
1762 5474 1773 5481 -

117 5537 483 5595 Rutenorum
512 5535 836 5601 exercitum,
872 5551 1035 5605 quem
1066 5537 1121 5592 in
1150 5537 1359 5606 psalmo
1399 5538 1567 5595 David
1596 5554 1694 5595 vo-

116 5628 262 5687 cavit
305 5643 497 5699 aprum
539 5629 765 5689 dicens:
795 5646 819 5682 ι
850 5626 1097 5684 Vastavit
1129 5644 1250 5685 eam
1292 5645 1424 5701 aper
1452 5631 1524 5689 de
1561 5630 1696 5687 silva

125 5719 295 5793 (Paul.
336 5724 545 5796 anu).
574 5741 599 5776 ι
626 5721 801 5780 Sicuti
826 5722 984 5778 mirice
1013 5722 1340 5790 easiecatur,
1372 5724 1415 5778 si
1447 5722 1698 5794 palmites

125 5824 175 5871 et
207 5816 527 5886 propagines
566 5817 762 5873 exciere
798 5815 1003 5877 fuerint
1031 5834 1043 5870 :
1068 5816 1148 5872 sic
1181 5816 1271 5871 illa
1304 5816 1493 5873 civitas
1520 5816 1695 5873 exsic-

1781 3503 2187 3577 damuationem
2213 3503 2315 3561 sui.
2612 3568 2615 3573 ι

1859 3631 1879 3665 ι
1914 3614 1982 3668 Et
2009 3614 2115 3667 erit
2143 3613 2197 3667 in
2222 3613 2314 3669 die
2342 3613 2454 3679 illa,
2481 3633 2500 3666 ι
2534 3615 2641 3670 hoc
2666 3622 2751 3671 est
2777 3615 2835 3669 in
2868 3624 3108 3686 tempore
3130 3619 3362 3687 captivi-

1778 3702 1910 3757 tatis
1942 3702 2268 3771 Jerusalem,
2300 3721 2318 3754 ι
2353 3703 2621 3772 percutiet
2659 3703 2924 3760 Dominus
2952 3723 2971 3755 ι
2997 3721 3212 3763 omnem
3260 3716 3367 3764 ter-

1776 3808 1903 3849 ram
1929 3792 2267 3859 Judaorum,
2302 3814 2320 3845 ι
2357 3795 2425 3848 ah
2452 3794 2607 3851 alveo
2645 3794 2906 3861 (intumis,
2941 3817 2960 3849 ι
2989 3798 3094 3855 hoc
3134 3807 3252 3865 est,
3298 3802 3368 3859 ab

1776 3886 2060 3957 Euphrate
2105 3885 2323 3942 ﬂuuiine
2350 3907 2370 3938 ‹
2397 3902 2570 3956 usque
2600 3888 2668 3943 ad
2705 3896 3005 3945 torrentem
3052 3889 3307 3962 IEgypti,
3344 3912 3365 3946 ι

1774 3976 1839 4033 id
1864 3985 1949 4032 est
1974 3991 2150 4048 usque
2172 3977 2241 4032 ad
2265 3976 2465 4033 Nilum.
2489 3977 2679 4033 Melius
2698 3978 2929 4035 habetur
2952 3979 3008 4034 in
3029 3983 3371 4053 septuaginta

1772 4067 2201 4138 interpretibus,
2234 4068 2327 4139 qui
2363 4068 2548 4123 dicunt
2580 4068 2649 4123 ab
2679 4070 2953 4140 Euphrate
2985 4074 3249 4141 usquead
3276 4073 3372 4133 Ri-

1784 4175 2129 4218 nocoruram.
2156 4160 2255 4217 Est
2279 4161 2422 4217 enim
2468 4162 2616 4218 rivus
2654 4178 2765 4220 non
2808 4165 2942 4222 adeo
2984 4182 3242 4237 magnus,
3275 4170 3369 4239 qui

1784 4254 1977 4309 dividit
2028 4262 2229 4308 terram
2272 4254 2706 4324 repromissionis
2753 4263 2809 4311 et
2862 4256 3158 4328 Egyptum
3211 4275 3374 4331 super

1784 4360 1947 4415 quem
1978 4343 2313 4399 Rinocorura
2337 4345 2532 4399 civitas
2559 4345 2665 4401 sita
2684 4353 2791 4401 est.
2823 4345 2927 4412 Qui
2956 4364 3149 4405 versus
3180 4350 3256 4405 ita
3288 4359 3373 4415 est

1782 4435 2168 4504 intelligendus
2192 4436 2335 4506 quod
2368 4450 2403 4488 a
2432 4433 2559 4491 loco
2580 4435 2645 4491 in
2662 4450 2772 4505 quo
2796 4436 3084 4497 inchoati"
3108 4453 3280 4509 usque
3303 4441 3373 4497 ad

1783 4541 1910 4582 eum
1938 4528 2114 4583 locum
2141 4529 2233 4583 ubi
2260 4527 2603 4593 terminatur,
2618 4544 2661 4589 ιι
2678 4529 2943 4589 Romanis
2966 4532 3040 4588 sit
3063 4532 3372 4602 depraedata

1787 4619 1966 4677 omnis
2001 4621 2152 4690 regio
2175 4618 2513 4676 Judteorum.
2542 4638 2561 4672 ι
2597 4620 2667 4687 Et
2695 4623 3284 4694 uos-congregabimini
3318 4634 3376 4679 et

1788 4726 1979 4768 omnes
2009 4710 2103 4766 lilii
2128 4712 2312 4767 Israel.
2341 4732 2360 4767 ι
2395 4712 2513 4769 Vox
2538 4716 2817 4784 prophetae
2854 4718 2926 4772 ad
2970 4716 3091 4772 illos
3126 4718 3223 4787 qui
3251 4726 3375 4788 post

1791 4803 2163 4859 ascensionem
2191 4803 2406 4858 Domini
2442 4804 3145 4878 praedicantibus-apostolis
3172 4808 3241 4864 ad
3268 4808 3378 4865 Do-

1764 4894 2001 4955 nninum
2041 4893 2293 4951 conversi
2330 4902 2482 4957 sunt,
2514 4895 2581 4949 de
2617 4895 2816 4965 quibus
2844 4897 3043 4953 dicitur
3064 4898 3120 4953 in
3148 4897 3376 4954 Actibus

1788 4984 2160 5056 apostolorum
2197 4983 2338 5057 (Act.
2366 4999 2406 5040 ιι
2433 4992 2490 5041 et
2516 4985 2627 5058 tv),
2667 4987 2811 5056 quod
2850 5003 2957 5042 una
2997 4986 3087 5042 die
3132 4987 3380 5043 credide-

1799 5086 1925 5133 mnt
1945 5078 2048 5133 tria
2068 5076 2262 5143 millia,
2286 5085 2341 5133 et
2362 5084 2581 5134 caetera.
2602 5077 2709 5135 Pro
2720 5079 2993 5148 paucitate
3020 5085 3204 5135 autem
3218 5077 3371 5143 dicit,

1794 5182 1938 5223 unus
1973 5176 2030 5223 et
2076 5182 2237 5235 unus.
2276 5167 2689 5241 Cemparatione
2727 5170 2873 5227 enim
2916 5167 3129 5228 illorum
3178 5170 3272 5241 qui
3320 5169 3378 5229 in

1796 5262 2021 5333 perﬁdia
2064 5270 2120 5318 et
2162 5262 2482 5321 “delitam
2521 5269 2921 5330 remanserunt,
2954 5263 3114 5333 pauci
3155 5262 3377 5321 fuerunt

1800 5356 1877 5412 illi
1904 5371 2150 5411 numero.
3318 5402 3323 5409 ,

1872 5465 1892 5500 α
1912 5448 2123 5503 »Ειιθιὶι
2142 5447 2209 5505 in
2238 5448 2464 5516 tiestla,
2490 5466 2518 5503 ο
2540 5448 2704 5505 idat
2722 5456 2853 5519 post
2870 5445 3245 5505 asemionan
3270 5447 3380 5505 Do-

1760 5582 1765 5591 .
1797 5542 2069 5607 mist-vel
2092 5551 2215 5614 post
2238 5542 2645 5607 subversiouem
2669 5540 2850 5608 urbis,
2881 5559 2901 5594 ι
2933 5540 3218 5612 elangetnr
3251 5559 3271 5594 ι
3304 5541 3375 5599 ab

1792 5633 2056 5705 apostolis
2083 5651 2102 5685 ι
2130 5634 2187 5689 in
2216 5634 2349 5697 tuba
2373 5647 2590 5703 mgna,
2621 5649 2639 5683 ι
2668 5630 2726 5686 id
2755 5640 2840 5686 est
2859 5630 2916 5686 in
2944 5629 3188 5687 doctrin
3217 5642 3377 5689 evm-

1790 5724 1987 5797 Βθιίασ,
2019 5742 2043 5777 ι
2071 5732 2129 5781 et
2146 5723 2473 5782 convenient
2496 5742 2517 5774 ι
2540 5720 2770 5793 gentiles
2789 5719 2859 5776 ad
2881 5719 3064 5784 ﬁdem,
3091 5738 3109 5771 ι
3139 5720 3232 5789 qui
3256 5734 3379 5790 μοι»-

1800 5815 1903 5872 diti
1927 5814 2145 5873 fuerant
2167 5834 2185 5868 I
2210 5830 2309 5887 per
2322 5811 2685 5869 idololatrian:
2709 5830 2729 5864 ι
2751 5811 2824 5895 ειθᾴ
2838 5818 2987 5869 terra
3006 5810 3373 5891 Assyriorum,
