3918 6462
638 376 745 439 ⁸6⁸1

1089 376 1462 470 'IIAYMONIS
1500 377 1978 436 HALBERS'I‘A'I‘.
2019 379 2236 437 EPISC.
2274 383 2428 440 OPP.
2467 381 2648 439 PARS
2683 382 2729 438 I.
2769 412 2842 426 -
2873 383 3234 442 COMMENT.
3271 381 3452 440 BIBL.

3798 389 3842 447 ει

638 506 698 554 et
716 495 809 567 qni
835 495 992 568 ejecti
1022 505 1151 552 sunt
1172 512 1203 552 a
1233 499 1460 554 Domino
1487 500 1542 555 in
1572 509 1714 555 terra
1739 499 1985 573 Egypti,
2008 510 2062 557 et
2084 501 2215 557 ado—
2241 502 2295 564 Α
2321 501 2494 557 dines.
2526 500 2677 558 Sicut
2704 504 2865 560 turbo
2889 504 3280 575 constringitur
3305 519 3332 558 a
3356 503 3669 576 grandine,
3706 507 3790 564 hoc
3808 528 3842 567 εξ

2323 607 2354 647 a
2385 600 2725 663 tempestate,
2753 603 2809 650 et
2835 596 2978 650 sicut
3013 595 3082 650 ab
3117 596 3315 666 impetu
3339 611 3631 666 aquarum
3658 599 3841 659 inundu

2324 684 2455 739 tium
2487 685 2889 742 decurrentium
2927 703 3028 760 per
3064 698 3264 743 terram
3300 690 3557 760 planam,
3595 706 3764 749 omnes
3796 703 3842 754 ειί

635 592 836 647 rabunt
861 590 1146 646 Dominum
1178 591 1231 644 in
1266 599 1445 645 monte
1470 599 1660 646 sancto
1685 590 2020 657 Jerusalem,
2055 612 2073 644 ι
2117 591 2220 647 hoc

636 691 722 739 est
769 683 822 738 in
871 682 1133 739 Ecclesia.
1179 684 1245 738 Et
1270 685 1432 739 modo
1460 693 1544 740 est
1572 684 1701 739 illud
1729 693 1958 755 tempus.
1988 685 2071 740 Ab
2095 693 2218 739 ortu

636 775 783 830 enim
817 774 948 830 solis
976 790 1145 844 usque
1179 776 1245 830 ad
1284 789 1561 841 occasum,
1600 775 1850 830 laudatur
1879 790 2074 830 nomen
2116 775 2220 828 Do-

636 864 772 918 mini
807 863 1062 934 (Malach.
1090 863 1151 930 ι).
1185 862 1286 920 Hic
1318 865 1612 920 notandum
1659 873 1766 930 est,
1805 865 1929 934 quia
1960 880 2056 935 per
2085 865 2219 920 istas

637 954 771 1009 duas
800 962 986 1026 gentes
1010 970 1198 1010 omnes
1225 955 1585 1026 intelligenda
1628 964 1774 1023 sunt,
1818 971 1940 1027 qua
1979 963 2218 1011 ventura

635 1053 763 1100 sunt
782 1045 850 1100 ad
877 1044 1038 1101 fidem
1072 1044 1297 1102 Christi.

1162 1179 1391 1236 CAPUT
1430 1179 1667 1236 XXVIII.

707 1333 726 1367 ι
759 1313 852 1370 Va
881 1329 1096 1370 corona
1143 1315 1441 1386 superbia,
1486 1314 1655 1370 ebriis
1696 1314 1990 1385 Ephraim,
2018 1321 2073 1369 et
2096 1313 2215 1368 flori

632 1407 990 1472 decidenti,et
1018 1407 1204 1478 gloria
1227 1405 1605 1462 exsultationis
1628 1406 1762 1476 ejus.
1795 1425 1813 1457 ι
1851 1405 2110 1476 Superius
2137 1404 2216 1460 lo-

631 1507 792 1556 cutus
817 1507 902 1552 est
922 1497 1196 1568 Propheta
1223 1497 1290 1553 de
1317 1497 1402 1551 die
1421 1497 1632 1568 judicii,
1659 1507 1714 1551 et
1747 1497 1814 1551 de
1849 1495 2215 1551 destructione

629 1587 988 1653 Hierusalem,
1002 1596 1056 1642 et
1078 1587 1183 1643 fide
1206 1587 1468 1658 gentium.
1501 1586 1654 1643 Nunc
1682 1603 1813 1643 vero
1835 1586 2074 1656 loquitur
2100 1600 2214 1641 ser-

629 1695 721 1735 mo
749 1678 964 1734 divinus
1003 1687 1190 1736 contra
1225 1679 1409 1734 decem
1445 1679 1620 1734 tribus
1654 1693 1775 1750 qua
1803 1677 2214 1749 appellabantur

629 1771 913 1844 Eplrraim,
933 1771 1017 1827 vel
1043 1771 1113 1827 ab
1138 1769 1429 1827 Jeroboam
1457 1770 1570 1826 filio
1595 1768 1826 1834 Nabath,
1853 1769 1945 1840 qui
1984 1783 2212 1840 peccare

2319 775 2456 844 pula
2492 775 2626 832 levis
2677 779 2932 848 ponderis
2983 767 3320 835 auféruntnr.
3363 779 3470 835 Sic
3518 783 3590 836 ab
3632 784 3794 854 impetu

2320 866 2666 924 multitudine
2703 871 3051 941 Assyriorum
3091 871 3273 926 decem
3317 870 3509 927 tribus
3548 873 3797 932 devastata

2319 957 2651 1014 conculcata
2677 968 2732 1015 et
2759 961 2814 1014 in
2847 959 3216 1031 captivitatem
3243 961 3447 1016 ducta.

3817 805 3842 843 α

3813 897 3838 920 ε’

3815 921 3840 936 H

2394 1066 2412 1098 ι
2439 1047 2672 1103 Pedibus
2705 1069 2725 1101 ι
2751 1049 3100 1120 Assyriorum
3134 1068 3153 1102 ι
3181 1050 3607 1108 conculcabitur
3637 1069 3827 1118 corona:

2319 1137 2372 1193 id
2411 1138 2824 1194 est'multitudo
2852 1160 2870 1192 ι
2905 1139 3184 1211 Ephraim.
3210 1159 3230 1192 ι
3255 1139 3456 1196 Tanta
3503 1143 3827 1212 pulchritudirs

2317 1236 2376 1282 et
2420 1227 2703 1299 dignitatis
2758 1240 2916 1284 erant
2967 1230 3072 1286 illa
3114 1230 3300 1286 decem
3347 1231 3540 1287 tribus
3591 1242 3820 1306 temporibus

2316 1317 2486 1373 David
2515 1326 2570 1374 et
2605 1317 2942 1386 Salomonis,
2974 1329 3034 1375 ut
3069 1335 3264 1376 corona
3293 1328 3351 1376 et
3378 1324 3492 1377 flos
3519 1324 3816 1394 pulcherriea

2317 1421 2348 1460 a
2387 1406 2614 1463 Domino
2656 1418 2996 1466 vocarentur.
3029 1409 3125 1465 Illo
3170 1419 3354 1466 autem
3403 1419 3651 1482 tempore
3689 1419 3810 1484 quasi:

2313 1495 2482 1552 Isaias
2501 1497 2550 1551 ei
2580 1498 2682 1553 hoc
2710 1498 3058 1568 pradicebat,
3087 1500 3345 1556 omissam
3375 1500 3618 1557 habebat
3649 1505 3732 1573 jan
3755 1509 3808 1574 gs»

2314 1588 2451 1643 riam
2481 1588 2756 1659 dignitatis
2780 1607 2910 1658 sua,
2933 1593 3207 1649 adorando
3235 1593 3415 1649 idola.

2391 1694 2410 1730 α
2446 1677 2514 1733 Ει
2541 1679 2644 1734 erit
2678 1678 2777 1736 ﬂos
2818 1681 3100 1748 decidens,
3141 1701 3162 1734 ι
3199 1683 3306 1739 hoc
3343 1692 3443 1739 est
3484 1685 3796 1756 pulchritudrs

2316 1769 2480 1826 decor
2508 1790 2526 1822 ι
2560 1771 2745 1843 gloria
2773 1770 2891 1841 ejus
2923 1793 2942 1827 ι
2974 1788 3147 1845 usque
3172 1792 3192 1826 ι
3229 1774 3534 1830 devorabit
3559 1776 3684 1831 illud.
3706 1797 3718 1829 I
3742 1777 3791 1831 ia

627 1864 760 1922 fecit
809 1863 1004 1931 Israel,
1040 1864 1134 1934 qui
1183 1863 1393 1935 primus
1435 1878 1600 1934 super
1647 1862 1767 1916 illas
1810 1863 1995 1917 decem
2034 1861 2205 1917 tribus
2233 1871 2278 1931 Β
2306 1863 2604 1934 propheta.
2657 1861 2924 1920 Verticem
2954 1865 3108 1920 vallis
3144 1866 3374 1938 pinguis
3425 1867 3643 1938 appellat
3671 1869 3784 1922 dom

629 1959 959 2016 constitutus
982 1965 1066 2014 est
1091 1971 1186 2012 rex
1213 1973 1228 2010 :
1257 1955 1342 2010 vel
1385 1971 1416 2009 a
1453 1953 1616 2010 Josue
1644 1953 1756 2009 filio
1783 1951 1924 2018 Nun,
1951 1953 2042 2023 qui
2069 1951 2204 2008 Mosi

627 2047 894 2103 successit
915 2045 970 2100 in
991 2045 1234 2116 regimen
1267 2044 1469 2114 populi.
1498 2044 1620 2099 Ista
1642 2043 1786 2098 enim
1814 2043 1999 2098 decem
2035 2042 2207 2098 tribus

626 2137 877 2208 superba
901 2142 1079 2198 erant,
1110 2133 1444 2189 confidentes
1475 2135 1529 2189 in
1557 2134 1904 2190 multitudine
1947 2149 2065 2190 sua.
2095 2132 2206 2188 Ma-

619 2226 771 2298 jores
784 2241 1019 2297 namque
1041 2235 1098 2280 et
1120 2223 1375 2281 fortiores
1395 2225 1699 2281 existebant
1721 2227 1932 2282 duabus
1959 2226 2207 2282 tribubus

623 2319 761 2376 Juda
797 2328 852 2376 et
877 2319 1182 2391 Benjamin,
1215 2334 1445 2375 numero
1469 2330 1525 2375 et
1563 2321 1822 2392 potentia.
1857 2321 1925 2376 Et
1962 2321 2084 2376 ideo
2110 2337 2207 2377 vo-

626 2424 825 2470 cantur
845 2428 1044 2470 corona
1072 2413 1360 2484 superbia,
1384 2413 1510 2484 quia
1533 2413 1675 2470 sicut
1695 2421 1857 2486 caput
1883 2415 2024 2485 regis
2044 2429 2207 2470 orna-

629 2513 721 2562 tur
766 2505 1105 2571 diademate,
1150 2504 1238 2560 vel
1273 2519 1474 2561 corona
1499 2519 1566 2560 ex
1595 2520 1730 2561 auro
1767 2515 1824 2561 et
1868 2520 2205 2577 gemmarum

482 2611 489 2620 ·
603 2598 891 2661 ,νπὶοιδιο
915 2613 931 2652 :
957 2596 1031 2652 ita
1044 2595 1119 2652 illi
1134 2594 1402 2653 ornabant
1418 2611 1601 2667 regem
1622 2611 1778 2651 suum
1795 2596 2207 2653 circumstantes

626 2691 866 2762 undique
888 2689 986 2746 illi.
1014 2689 1298 2745 Multitudo
1326 2689 1472 2745 enim
1500 2689 1682 2761 populi
1725 2687 1893 2761 gloria
1930 2687 2071 2760 regis
2097 2695 2200 2743 cst.

621 2780 776 2838 Ebrii
801 2788 985 2836 autem
1028 2791 1288 2836 vocantur
1327 2795 1436 2835 non
1479 2779 1743 2837 ebrietate
1787 2780 2062 2850 corporis,
2109 2779 2204 2834 sed

621 2870 949 2935 idololatria,
980 2878 1036 2927 et
1057 2885 1247 2926 errore
1280 2878 1336 2926 et
1361 2869 1509 2926 cultu
1534 2869 1859 2925 damonum.
1887 2866 2013 2923 Flos
2040 2866 2207 2937 siqui-

622 2961 748 3020 dem
762 2963 1013 3019 decidens
1033 2961 1352 3032 appellatur,
1367 2962 1494 3032 quia
1511 2961 1620 3017 cito
1647 2960 1848 3016 decidit
1861 2958 2206 3031 pulchritudo

623 3071 690 3112 ac
716 3054 887 3126 gloria
914 3055 1296 3110 exsultationis
1324 3069 1514 3110 eorum
1549 3071 1562 3108 :
1595 3069 1660 3110 ac
1685 3063 1970 3125 propterea
2001 3052 2206 3109 audivit

624 3165 654 3204 a
684 3156 876 3206 sancto
900 3146 1144 3235 Spiritu:
1173 3165 1192 3199 ι
1230 3145 1324 3202 Va
1369 3161 1584 3202 corona
1617 3145 1883 3216 superbia
1921 3145 2198 3235 Ephraim,

2304 1951 2539 2016 Domini,
2573 1967 2693 2022 qua
2720 1953 2823 2007 sita
2856 1961 2974 2007 erat
3007 1968 3171 2024 super
3197 1955 3480 2008 verticem
3511 1955 3782 2010 vallisGetlte

2306 2041 2477 2107 mani,
2503 2043 2572 2097 ob
2598 2041 2901 2110 hujusmodi
2929 2059 3146 2098 causam
3169 2059 3338 2113 quam
3373 2047 3612 2115 superius
3633 2047 3772 2100 ditias

2305 2133 2408 2188 Dat
2440 2133 2848 2190 similitudinem
2876 2133 3174 2207 Propheta,
3201 2136 3460 2206 qualiter
3496 2139 3768 2209 dissipatam

2305 2226 2409 2282 illa
2450 2228 2636 2283 decem
2667 2227 2858 2283 tribus.
2902 2227 3078 2294 Sicut,
3115 2229 3312 2300 inquit,
3357 2231 3413 2286 si
3459 2232 3660 2286 inventus
3686 2231 3764 2285 {aeri

2306 2333 2555 2374 racemus
2593 2328 2720 2374 ante
2752 2319 3121 2376 maturitatem
3171 2322 3475 2388 autumni,
3502 2323 3572 2378 vel
3606 2323 3643 2376 in
3666 2322 3766 2388 alia:

2305 2410 2498 2466 arbore
2540 2408 2746 2466 fructus
2790 2419 2914 2465 ante
2955 2419 3216 2475 astatem,
3245 2412 3450 2466 statim
3479 2425 3530 2467 ut
3551 2408 3754 2480 murrea

2305 2501 2502 2572 aliquis
2524 2503 2959 2574 concupiscentia
2983 2503 3178 2558 ductus
3198 2503 3445 2558 devorat
3467 2504 3570 2558 illm
3585 2523 3593 2554 :
3607 2498 3743 2554 ἁδει-

2305 2593 2564 2649 nacherib
2589 2601 2644 2648 et
2665 2593 2938 2650 exercitus
2957 2594 3099 2649 illius
3118 2594 3450 2664 concupivit
3473 2591 3748 2664 gloriantem

2306 2686 2568 2752 tribuum,
2589 2698 2645 2742 et
2666 2687 2847 2742 omnia
2872 2689 3011 2742 bona
3040 2687 3530 2745 illorum'abstulit.

2384 2797 2402 2831 ι
2435 2778 2492 2835 In
2523 2779 2610 2834 die
2642 2779 2732 2834 illa
2762 2781 2867 2835 erit
2891 2779 3151 2836 Dominus
3177 2782 3515 2837 exercituum
3544 2775 3742 2844 comta?

2306 2869 2420 2935 ria,
2467 2877 2522 2924 et
2564 2878 2768 2925 sertum
2814 2870 3192 2927 exsultationis
3247 2871 3466 2927 residuo
3503 2869 3641 2942 populi
3668 2867 3742 2920 su.»

2306 2960 2433 3018 Dies
2461 2961 2550 3016 hic
2575 2961 2919 3032 accipiendus
2941 2972 3026 3019 est
3055 2979 3155 3033 pro
3183 2971 3443 3034 tempore.
3477 2963 3597 3030 Quod
3629 2970 3687 3015 est
3712 2972 3753 3010 αι

2307 3066 2439 3106 rona
2467 3060 2523 3106 et
2559 3060 2785 3107 sertum.
2828 3051 2934 3110 Sed
2963 3054 3149 3109 dicunt
3173 3055 3346 3128 aliqui
3379 3071 3586 3112 coronam
3616 3067 3700 3107 este
3721 3064 3756 3102 et

2307 3156 2441 3196 auro
2493 3149 2548 3197 et
2594 3142 2844 3212 gemmis,
2886 3151 3090 3199 sertum
3138 3153 3322 3200 autem
3365 3161 3423 3201 ex
3450 3137 3760 3208 ﬂoribus,qu

621 3238 742 3296 flori
770 3230 1060 3305 decidenti,
1089 3247 1148 3295 et
1167 3253 1248 3293 va
1265 3237 1431 3294 etiam
1459 3235 1644 3310 gloria
1667 3235 2042 3292 exsultationis
2061 3233 2199 3305 ejus,
2229 3241 2272 3305 (ζ
2304 3233 2481 3289 solent
2512 3234 2665 3304 pueri
2695 3233 2837 3291 ferre
2866 3250 3028 3306 super
3055 3237 3257 3309 capita.
3287 3232 3684 3304 Residoumpopuli
3699 3230 3760 3285 sui

621 3330 748 3404 quia
773 3329 1105 3386 desolabitur
1130 3337 1188 3385 et
1199 3328 1269 3384 ad
1282 3327 1510 3384 nihilum
1530 3325 1857 3382 deducetur:
1880 3343 1900 3378 ι
1927 3325 2029 3393 Qui
2046 3333 2204 3382 erant

590 3423 960 3496 _temporihus
1004 3421 1174 3478 David
1203 3430 1260 3478 et
1297 3419 1601 3477 Salomonis
1634 3418 1687 3474 in
1717 3418 1950 3482 vertice,
1983 3417 2088 3474 hoc
2119 3423 2205 3474 est

624 3516 679 3572 in
711 3514 930 3586 templo,
958 3515 1101 3586 quod
1120 3523 1241 3570 erat
1262 3520 1633 3569 constructum
1671 3525 1835 3580 super
1859 3509 2055 3565 vallem
2079 3508 2173 3580 pin

605 3608 942 3677 guissimam
967 3605 1338 3665 Gethsemani.
1367 3603 1715 3660 Gethsemani
1741 3602 1887 3657 enim
1923 3611 2006 3658 est
2042 3599 2198 3657 vallis

622 3699 998 3772 pinguissima,
1028 3697 1117 3752 ubi
1141 3696 1399 3751 Dominus
1434 3702 1592 3750 nocte
1618 3691 2040 3762 comprehensus
2066 3698 2153 3746 est
2178 3707 2194 3745 :

621 3811 788 3868 super
819 3809 984 3865 quam
1023 3793 1215 3848 vallem
1237 3806 1394 3847 mons
1415 3789 1545 3846 Sion
1569 3789 1682 3844 sive
1701 3784 2037 3842 Hierusalem
2069 3798 2198 3840 cou-

575 3874 585 3880 ’
620 3890 785 3946 sistit.
831 3886 1179 3944 Gethsemani
1223 3893 1400 3940 autem
1444 3884 1834 3953 interpretatur
1885 3879 2034 3935 uallis
2082 3879 2200 3950 piu-

620 3983 802 4054 guium
824 3981 937 4035 sive
963 3978 1356 4049 pinguedinum,
1385 3985 1602 4046 pr0pter
1631 3975 1932 4029 ubertatem
1959 3971 2197 4042 frugum,

621 4075 747 4144 quia
780 4070 1112 4126 fertilissima
1157 4075 1294 4122 erat.
1333 4066 1450 4121 Non
1485 4075 1667 4120 autem
1713 4064 1834 4118 ideo
1877 4063 2074 4117 dicitur
2107 4061 2199 4131 qui

621 4173 778 4219 erant
805 4163 857 4214 in
881 4160 1084 4215 vertice
1117 4158 1272 4212 vallis
1298 4156 1668 4220 Gethsemani,
1705 4154 1849 4224 quod
1886 4153 1958 4208 ibi
1997 4152 2072 4206 illi
2103 4153 2202 4207 ha-

624 4253 880 4313 bitarent,
907 4265 1078 4320 neque
1099 4247 1242 4304 enim
1266 4247 1319 4302 in
1341 4255 1544 4303 sortem
1564 4245 1776 4300 illorum
1797 4253 2036 4301 cesserat
2061 4262 2074 4298 :
2105 4244 2200 4299 sed

622 4344 744 4400 ideo
762 4343 888 4414 quia
917 4340 1248 4411 temporibus
1267 4337 1435 4393 David
1456 4344 1511 4393 et
1533 4337 1850 4398 Salomonis,
1879 4337 2094 4406 quando
2122 4335 2199 4390 illi

621 4434 704 4491 vel
725 4434 779 4490 in
799 4432 1182 4490 festivitatibus
1203 4429 1288 4486 vel
1309 4427 1644 4496 etiamjussu
1671 4428 1815 4499 regis
1840 4427 1908 4481 ad
1939 4425 2198 4481 Hierusa-

619 4523 724 4579 lem
755 4523 1072 4586 veniebant,
1101 4520 1175 4577 ibi
1220 4519 1609 4590 aliquantulum
1635 4516 2076 4581 demorabantur.
2103 4517 2199 4574 sed

2302 3325 2434 3382 dicit
2455 3326 2591 3383 duas
2618 3326 2792 3383 tribus
2813 3343 2934 3400 qua
2962 3344 3069 3383 non
3098 3329 3446 3385 suntducta.in
3461 3324 3750 3395 captivitatem

2303 3416 2373 3472 ab
2397 3418 2639 3490 Assyriis
2653 3419 2981 3490 temporibus
3005 3421 3273 3477 Ezechia.
3300 3412 3756 3483 t\n\lisi\lt,i'\nqritt,

2303 3511 2408 3567 hoc
2431 3519 2516 3567 est
2535 3511 2591 3567 in
2617 3511 2709 3568 illo
2754 3523 2996 3584 tempore
3030 3532 3049 3565 ι
3095 3528 3219 3569 cum
3247 3514 3412 3568 ducta
3437 3509 3600 3565 luerint
3632 3506 3756 3559 item

2303 3603 2478 3660 tribus
2523 3603 2594 3660 ab
2643 3603 2880 3677 Assyriis
2922 3605 2978 3661 in
3021 3605 3432 3676 captivitatem‘:
3468 3603 3552 3658 crit
3581 3597 3748 3653 Domina

2299 3693 2452 3750 Iuda
2476 3704 2533 3750 et
2561 3694 2839 3765 Benjamiu
2881 3711 3082 3752 corona
3127 3697 3372 3752 victoria
3407 3704 3456 3751 et
3486 3692 3747 3748 munimenta

2299 3787 2672 3859 protectionis,
2702 3797 2763 3843 ut
2796 3787 2992 3845 liberet
3017 3804 3114 3845 eos
3138 3789 3207 3845 de
3236 3805 3404 3846 manu
3435 3782 3749 3844 Seunachaibd

2376 3917 2396 3952 ι
2421 3900 2488 3956 Et
2509 3901 2732 3972 spiritus
2744 3901 2934 3972 judicii
2957 3903 3163 3958 sedenti
3188 3919 3358 3974 super
3373 3890 3753 3974 judicium.etlort'r

2301 3993 2431 4050 tudo
2461 3996 2856 4050 revertentibus
2897 3996 2963 4051 de
2991 3996 3133 4051 bello
3159 3998 3227 4051 ad
3259 4009 3491 4067 portam.
3521 4016 3538 4046 ι
3560 3984 3752 4063 lpsebum'r

2299 4101 2404 4140 nus
2427 4085 2533 4140 erit
2561 4087 2786 4156 spiritus
2807 4085 3014 4157 judicii.
3040 4086 3137 4143 Cui
3163 4087 3270 4142 erit
3295 4075 3752 4152 Dominus

2299 4178 2462 4232 dicii?
2493 4179 2737 4234 Ezechiae
2759 4181 2870 4250 regi
2897 4181 3105 4236 sedenti
3135 4195 3302 4250 super
3329 4169 3749 4249 judiciumilzechﬂ

2299 4284 2392 4323 rex
2422 4270 2563 4325 Illius
2585 4270 2788 4335 Achaz,
2819 4274 3067 4328 amabilis
3088 4273 3190 4328 fuit
3211 4275 3469 4338 Domino,
3490 4273 3592 4342 quia
3609 4265 3758 4351 βψω,

2300 4360 2508 4415 Domini
2527 4361 2674 4430 justo
2695 4364 2922 4420 docebat
2941 4374 2997 4420 et
3009 4365 3158 4434 juste
3171 4365 3483 4437 judicabat.
3505 4366 3674 4432 Ideoque
3689 4355 3751 4411 did

2296 4455 2563 4524 Propheta
2605 4457 2749 4526 quod
2778 4457 2894 4527 ipse
2921 4457 3182 4514 Dominus
3211 4459 3320 4513 erit
3352 4461 3406 4516 ei
3429 4458 3619 4530 spiritus
3638 4447 3751 4522 iudicii.

2300 4545 2355 4601 id
2381 4557 2466 4604 est
2490 4549 2775 4619 inspirabit
2810 4551 2859 4605 ei
2887 4551 3158 4621 quomodo
3187 4552 3272 4608 vel
3315 4547 3691 4624 quemadmodum
3707 4538 3751 4603 ἰδ’

617 4625 1049 4718 “‘.f.°"‘°e¥‘i““
1083 4608 1988 4718 "‘°ff'"‘.'3?.'llf‘_‘{f“-lfl_‘?'?_fit:
2017 4607 2202 4718 ἕ¹ἔὶίὲ¹ἓθ
2225 4621 2280 4682 D
2304 4640 2465 4706 dicet.
2498 4607 2626 4712 quia
2658 4643 2772 4714 ipse
2801 4607 3063 4701 Eze‘chias
3092 4662 3255 4718 super
3274 4607 3542 4716 iu‘dicium
3563 4636 3752 4699 κωςια

620 4703 763 4758 soliti
784 4711 940 4760 erant
961 4701 1123 4773 [igere
1149 4701 1315 4772 aliqui
1343 4699 1557 4756 illorum
1580 4714 1742 4754 causa
1777 4698 1991 4754 ludendi
2024 4706 2197 4755 tento-

622 4795 701 4848 ria
733 4809 854 4857 sua,
887 4793 1104 4848 interim
1127 4792 1253 4847 dum
1280 4792 1629 4846 morabantur
1651 4806 1774 4846 cum
1801 4806 1928 4862 rege
1949 4801 2197 4848 errantes

617 4899 648 4939 a
682 4885 825 4940 vino.
853 4883 1142 4940 Jeroboam
1172 4899 1268 4940 rex
1305 4883 1517 4938 illorum
1558 4881 1778 4938 miscuit
1803 4897 1868 4938 ac
1892 4882 2200 4954 propinavit

618 4977 697 5032 eis
725 4976 996 5046 potionem
1019 4990 1284 5040 amaram,
1310 4977 1524 5046 quando
1545 4973 1796 5031 conflavit
1814 4975 1948 5031 duos
1979 4974 2195 5042 vitulos,

618 5083 676 5126 et
704 5071 776 5126 illi
798 5073 1162 5127 adoraverunt
1187 5085 1283 5127 eos
1313 5070 1595 5126 dicentes:
1633 5088 1652 5122 ι
1695 5070 1788 5126 Isti
1828 5079 1954 5126 sunt
1991 5070 2064 5126 dii
2095 5070 2192 5136 tui,

617 5163 805 5226 Israel,
831 5164 924 5234 qui
950 5173 1000 5218 te
1018 5163 1402 5220 eduxeruntde
1419 5162 1679 5219 servitute
1705 5163 1945 5236 Aigvpti.
1967 5184 1984 5216 ι
2009 5164 2092 5219 Ab
2107 5163 2200 5220 illo

616 5251 884 5322 siquidem
908 5261 1152 5322 tempore
1175 5262 1497 5309 erraverunt
1528 5268 1561 5308 a
1589 5253 1740 5319 vino,
1760 5253 1863 5310 hoc
1886 5266 1970 5310 est
1991 5255 2060 5310 ab
2081 5254 2200 5312 ido-

588 5340 834 5403 ..lolatria
863 5351 920 5398 et
945 5357 1132 5399 errore
1159 5343 1483 5400 daemonum.

693 5452 715 5488 ‹
750 5434 1108 5492 Eccevalidus
1127 5443 1184 5491 et
1203 5435 1360 5493 fortis
1381 5436 1642 5494 Dominus
1669 5455 1690 5492 ι
1713 5453 1904 5510 usque.
1933 5438 2002 5495 Et
2024 5439 2191 5498 emis-

589 5543 802 5586 .sarum
850 5542 1016 5602 super
1049 5537 1252 5586 terram
1300 5531 1628 5601 spatiosam,
1662 5532 1767 5588 hoc
1808 5541 1893 5588 est
1935 5531 2193 5603 planam,

607 5618 730 5677 Vox
760 5621 1036 5692 propheta
1061 5630 1165 5677 est.
1194 5620 1526 5680 Grandinem
1573 5633 1631 5680 et
1666 5638 1836 5694 aquas
1872 5624 2196 5682 inundantes

592 5720 896 5784 comparat
931 5713 1192 5769 exercitui
1231 5712 1630 5778 Sennacherib,
1662 5716 1930 5772 turbinem
1967 5718 2113 5773 venti
2141 5725 2198 5774 et

565 5846 572 5850 .
618 5809 820 5872 terram
842 5803 1054 5878 plenam
1073 5803 1260 5879 decem
1287 5806 1553 5868 tribubus.
1586 5805 1653 5862 Et
1677 5808 1770 5862 dat
1790 5807 1923 5866 duas
1952 5809 2198 5866 similitu-

2302 4727 2665 4798 estjudicium
2691 4747 2902 4802 aquum
2929 4743 2984 4788 et
2999 4735 3204 4805 justum
3232 4736 3528 4793 desiderat.
3552 4733 3605 4789 Et
3623 4722 3758 4800 ire”?

2302 4819 2483 4875 minus
2506 4821 2613 4875 erit
2637 4820 2896 4877 fortitudo
2943 4825 3346 4880 revertentibus
3391 4828 3461 4882 de
3493 4824 3613 4881 bello
3636 4818 3678 4873 id
3695 4826 3760 4883 μετ’

2302 4918 2434 4966 tam.
2483 4910 2599 4967 Non
2646 4913 2876 4984 legimus
2916 4914 3028 4972 ullo
3073 4917 3128 4972 in
3167 4917 3304 4983 loco,
3357 4919 3625 4973 Ezechiam
3654 4907 3761 4965 Mi!

2301 5001 2478 5070 θείεεθ
2505 5011 2695 5058 contra
2721 5004 3014 5073 quamlibet
3053 5015 3288 5076 gentem.
3330 5007 3405 5063 Et
3447 5020 3600 5078 quare
3622 5000 3762 5057 diem:

2301 5091 2420 5149 Erit
2461 5094 2719 5150 Dominus
2747 5095 3007 5152 fortitudo
3035 5099 3438 5155 revertentibus
3465 5101 3530 5154 de
3556 5091 3691 5152 bello?
3711 5085 3763 5139 Βίε

2299 5185 2577 5240 sciendum
2604 5194 2710 5250 est,
2733 5187 2860 5255 quia
2888 5187 3031 5244 illius
3054 5189 3544 5246 belli-memoratur
3560 5184 3670 5257 quod
3690 5175 3767 5233 αὖ·

2297 5283 2386 5330 tus
2411 5283 2591 5329 actum
2613 5284 2716 5340 est,
2736 5277 2952 5346 quando
2971 5277 3230 5333 Dominus
3252 5279 3407 5334 misit
3429 5277 3651 5350 angelum
3668 5280 3769 5325 Si“

2296 5373 2352 5419 et
2377 5364 2649 5420 interfecit
2676 5366 2730 5420 in
2759 5368 2952 5424 castris
2990 5367 3332 5440 Assyriorum
3363 5379 3578 5425 centum
3603 5359 3773 5427 οάοὲἰβυ

2261 5493 2264 5496 ’
2296 5456 2535 5527 quinque
2566 5457 2733 5513 millia
2762 5457 2814 5530 (Ι
2828 5456 2871 5512 γ
2898 5458 3023 5531 Reg.
3047 5458 3185 5532 xix).
3219 5458 3393 5516 Judai
3417 5476 3546 5532 ergo
3568 5471 3666 5512 eum
3683 5447 3778 5500 vidi?

2298 5556 2419 5608 Sent
2459 5557 2664 5604 tantam
2703 5559 2938 5622 stragem
2962 5553 3199 5610 hostium
3229 5569 3456 5610 suorum
3484 5553 3593 5608 sine
3620 5545 3682 5601 sui
3700 5538 3780 5612 pm

2299 5636 2442 5703 culo,
2467 5638 2648 5695 ierunt
2665 5649 2721 5696 et
2739 5641 3072 5714 collegerunt
3095 5643 3294 5713 spolia,
3307 5652 3362 5698 et
3384 5641 3586 5699 reversi
3602 5644 3700 5694 sunt
3716 5640 3782 5682 ευ

2300 5728 2486 5785 latitia
2506 5740 2563 5783 et
2581 5732 2938 5790 exsultatione
2964 5733 3032 5788 ad
3056 5721 3244 5804 portas
3271 5732 3592 5790 Jerusalem.

2381 5838 2400 5870 ‹
2439 5820 2632 5876 Verum
2665 5823 2719 5878 hi
2741 5838 2954 5896 quoque
2981 5840 3092 5896 pra
3129 5826 3256 5883 vino
3298 5826 3631 5887 nescierunt,
3657 5827 3696 5872 ει
3726 5821 3787 5881 l‘“
