3918 6462
33 408 172 470 849

1234 404 1581 462 COMMENT.
1624 401 1691 459 IN
1726 400 1978 460 ISAIAM.
2019 402 2145 463 LIB.
2182 406 2245 463 ll.

33 525 369 581 ebrietate
398 532 741 581 erraverunt.
782 543 801 577 ι
825 523 1117 595 Propterea
1145 524 1271 593 quia
1296 521 1433 578 Juda
1461 532 1517 577 et
1543 520 1683 577 Ben—
1712 519 1766 579 Δ
1791 535 1919 577 rena
1960 532 2016 577 et
2055 534 2370 595 appetentes
2412 524 2673 582 caelestia.
2726 526 2887 584 Juxta
2925 528 3069 598 quod
3114 528 3371 600 praecepit

33 617 253 687 iamin
293 618 416 674 cito
454 617 791 688 pravaricati
829 624 958 671 sunt
994 613 1165 686 legem
1207 614 1422 669 Domini
1465 614 1604 669 sicut
1631 622 1687 668 et

37 712 194 767 alia:
224 712 438 767 decem
468 712 659 777 tribus,
688 726 809 781 qua:
832 708 1021 780 procul
1059 709 1233 766 ductae
1259 720 1386 764 sunt
1428 708 1481 764 in
1520 708 1687 779 capti-

35 803 345 866 vitatem,
398 818 501 858 nec
543 802 811 859 recordati
856 808 981 856 sunt
1030 801 1292 858 bonorum
1340 801 1553 857 Domini
1592 799 1685 871 qui

42 896 229 966 ipsos
255 896 527 951 liberavit
550 896 614 950 de
642 895 891 950 manibus
918 894 1279 960 inimicorum,
1304 893 1540 964 loquitur
1564 908 1686 948 con-

44 996 154 1041 tra
195 1003 309 1043 eos
341 989 606 1059 propheta
643 996 699 1042 et
730 987 863 1042 dicit
895 1003 908 1040 :
941 984 1141 1042 Verum
1171 987 1223 1041 hi
1253 1001 1485 1056 quoque,
1520 986 1573 1041 id
1603 992 1687 1041 est

41 1076 79 1133 J
90 1079 216 1133 uda
261 1088 327 1133 et
366 1078 651 1147 Beniamin
678 1094 790 1149 pra:
818 1078 944 1132 vino
969 1078 1294 1139 nescierunt,
1329 1078 1432 1132 hoc
1466 1084 1549 1132 est
1573 1091 1686 1146 pra:

46 1184 277 1224 errore
322 1185 437 1240 quo
462 1170 669 1241 decepti
706 1177 831 1224 sunt
859 1167 1167 1224 nescierunt
1186 1164 1500 1222 Creatorem
1528 1180 1685 1221 suum

50 1278 130 1317 ac
174 1262 573 1329 liberatorem,
598 1270 653 1318 et
678 1274 805 1334 prm'
828 1260 1120 1324 ebrietate,
1152 1260 1255 1314 hoc
1284 1269 1369 1315 est
1392 1275 1491 1329 pro
1516 1258 1686 1313 idolo-

54 1354 248 1410 latria
272 1396 288 1420 ,
337 1363 662 1411 erraverunt
702 1353 1013 1407 recedentes
1053 1366 1084 1405 a
1135 1350 1265 1406 Deo.
1306 1369 1322 1402 ι
1358 1349 1625 1406 Sacerdos
1660 1367 1679 1402 ι

57 1445 315 1514 iniquus
350 1464 369 1495 ‹
400 1453 456 1497 et
481 1446 739 1515 propheta
777 1463 794 1495 ι
828 1441 994 1497 falsus
1024 1462 1041 1493 ι
1075 1441 1387 1496 nescierunt
1418 1460 1437 1491 ι
1468 1439 1684 1496 Creato-

59 1551 192 1590 rem
222 1550 399 1589 suum
432 1552 450 1585 ι
484 1550 595 1605 pne
627 1533 909 1597 ebrietate,
943 1552 960 1584 ι
990 1532 1093 1587 hoc
1134 1540 1219 1586 est
1244 1546 1341 1601 pro
1382 1530 1526 1585 cultu
1575 1530 1684 1586 da:-

60 1641 317 1681 monum
345 1666 360 1688 ,
415 1625 612 1695 quibus
663 1623 991 1679 serviebant.
1030 1640 1048 1673 t
1084 1622 1151 1676 Et
1200 1622 1438 1693 absorpti
1484 1630 1611 1677 sunt
1652 1638 1685 1678 a

64 1719 233 1783 vino,
280 1737 299 1769 ι
320 1700 397 1771 id
424 1726 508 1771 est
529 1715 596 1770 ab
619 1730 804 1769 errore
841 1712 997 1768 falso.
1036 1732 1055 1764 ι
1086 1713 1421 1769 Erravetunt
1454 1734 1473 1767 ι
1507 1727 1685 1769 sacer-

68 1810 179 1863 dos
206 1816 283 1891 et_
304 1809 573 1878 propheta
604 1825 622 1858 ι
656 1806 711 1860 ἱιι
739 1806 1031 1872 ebrietate,
1062 1826 1079 1856 ι
1110 1806 1213 1860 hoc
1251 1814 1333 1862 est
1374 1807 1426 1861 in
1464 1806 1685 1863 idolola-

1790 611 2048 670 Dominus
2094 635 2107 670 ε
2155 638 2173 669 ι
2208 615 2387 685 Vade,
2429 618 2601 674 vende
2637 620 2817 675 omnia
2848 635 2968 691 qua
3005 622 3267 693 possides,
3312 631 3369 680 et

1788 719 2017 775 sequere
2054 722 2138 761 me
2168 707 2387 777 (Matth.
2424 709 2504 781 x).
2561 729 2579 763 ι
2611 709 2679 765 Ει
2717 710 2793 766 illi
2838 711 2969 767 tales
2998 712 3274 769 ambulant
3300 714 3370 770 do

1787 796 1987 851 virtute
2020 796 2075 851 in
2102 797 2382 865 virtutem,
2408 802 2579 856 donec
2612 801 2861 856 videatur
2883 803 3026 859 Deus
3045 805 3272 859 deorum
3309 803 3369 861 in

1790 886 1922 943 Sion
1959 887 2133 960 (Psal.
2172 890 2292 962 vm)
2324 906 2338 945 :
2365 900 2420 947 et
2446 900 2726 948 manentes
2755 893 2930 950 adhuc
2970 895 3023 950 in
3052 910 3215 951 carne
3242 909 3370 966 pos-

1789 989 1914 1037 sunt
1954 980 2133 1037 dicere
2162 997 2285 1037 cum
2321 983 2616 1055 Apostolo:
2651 1003 2671 1037 ι
2722 985 2917 1043 Nostra
2943 988 3282 1043 conversatio
3310 987 3368 1042 in

1789 1072 1941 1128 caalis
1967 1081 2051 1128 est
2087 1071 2307 1146 (Philip.
2347 1076 2450 1145 ιιι).
2489 1096 2507 1127 ι
2549 1076 2658 1134 Lac
2691 1080 2835 1149 sugit
2871 1080 3068 1152 aliquis
3096 1089 3364 1147 nostrum,

1788 1178 1910 1219 cum
1940 1164 2071 1219 dicit
2121 1182 2135 1220 :
2184 1185 2202 1217 ι
2248 1164 2413 1220 Pater
2437 1176 2621 1223 noster
2661 1170 2752 1238 qui
2779 1185 2838 1225 es
2866 1170 2920 1224 in
2950 1170 3104 1226 ctelis
3143 1169 3364 1240 (Matth.

1788 1254 1887 1325 vt).
1929 1275 1947 1309 ι
1976 1254 2160 1312 Solido
2180 1259 2301 1312 cibo
2322 1260 2559 1315 vescitur
2580 1260 2684 1325 ille,
2717 1263 2809 1332 qui
2837 1264 2985 1319 novit
3006 1265 3183 1319 dicere
3206 1264 3366 1320 sicuti

1788 1344 2070 1401 dicendum
2092 1355 2174 1402 est
2200 1366 2211 1401 :
2240 1366 2257 1399 ‹
2284 1346 2342 1403 ln
2358 1350 2623 1421 principio
2645 1360 2764 1406 erat
2783 1350 3019 1409 Verbum
3062 1352 3314 1426 (lauru),
3341 1370 3361 1406 ι

1787 1443 1841 1491 et
1866 1435 2093 1506 reliqua.

1862 1547 1881 1581 ‹
1919 1527 2055 1595 Quia
2085 1530 2280 1584 manda
2301 1532 2577 1599 remanda,
2609 1542 2860 1603 exspecta
2889 1544 3219 1605 reexspecta,
3249 1551 3368 1592 mo-

1786 1619 1964 1675 dicum
1993 1620 2088 1685 ibi,
2132 1622 2400 1677 modicum
2432 1625 2529 1680 ibi.
2581 1644 2598 1677 |
2645 1623 2995 1694 Omnipotens
3030 1626 3173 1681 Deus
3209 1628 3367 1697 cujus

1786 1710 2156 1765 misericordia
2186 1713 2367 1767 omnia
2397 1714 2724 1779 subsistunt,
2765 1734 2783 1763 ι
2827 1716 2917 1784 qui
2954 1731 3059 1771 non
3092 1718 3367 1773 desiderat

1787 1813 2013 1859 mortem
2043 1806 2369 1874 peccatoris,
2386 1807 2478 1860 sed
2500 1805 2614 1859 vult
2633 1814 2693 1861 ut
2713 1817 3061 1863 convertatur
3078 1824 3175 1879 per
3192 1810 3367 1880 ι)ωηὶ-

73 1900 213 1953 tria.
254 1889 283 1949 t
312 1896 638 1952 Nescierunt
671 1897 963 1960 videntem,
998 1914 1017 1948 ι
1054 1896 1108 1950 id
1137 1905 1220 1952 est
1246 1912 1353 1951 non
1380 1897 1685 1953 considera-
1710 1889 1759 1950 B
1788 1894 2013 1948 tentiam
2051 1903 2107 1949 et
2138 1895 2281 1949 vivat
2327 1894 2544 1966 (Ezech.
2595 1898 2773 1968 xvm),
2829 1918 2847 1951 ι
2898 1898 3226 1968 praedicebat
3267 1914 3367 1969 per

74 1999 298 2044 verunt
338 1990 485 2060 quod
507 1990 669 2054 Deus,
694 1990 783 2059 qui
815 1988 995 2044 omnia
1019 1990 1281 2045 absconsa
1311 1999 1558 2061 penetrat
1584 2006 1682 2047 suo

76 2082 321 2147 intuitu,
352 2092 603 2136 cerneret
628 2096 814 2136 eorum
837 2081 1189 2151 cogitationes
1212 2090 1267 2137 et
1291 2081 1452 2138 facta.
1485 2101 1503 2132 ι
1532 2082 1687 2152 igno-

78 2180 361 2225 raverunt
399 2172 695 2242 judicium,
745 2191 763 2223 ι
809 2171 1115 2227 nescientes
1159 2172 1362 2227 habere
1407 2171 1688 2227 discretio-

82 2278 217 2315 nem
260 2263 635 2333 interjustum
662 2272 715 2318 et
744 2263 987 2333 impium,
1024 2263 1169 2319 inter
1192 2270 1433 2319 sanctum
1466 2272 1523 2319 et
1562 2279 1688 2334 pro-

84 2354 309 2409 fanum.

169 2464 188 2496 ι
228 2444 439 2501 Omnes
469 2462 666 2501 mensae
708 2465 727 2498 ι
768 2445 979 2500 illorum
1012 2464 1031 2497 ‹
1076 2445 1293 2515 repletze
1317 2453 1442 2501 sunt
1479 2446 1687 2500 vomitu

88 2538 479 2607 sordiumque,
509 2538 581 2593 ita
613 2548 673 2591 ut
692 2553 799 2592 non
830 2545 977 2592 esset
1004 2536 1143 2591 ultra
1166 2536 1315 2592 locus
1351 2556 1369 2588 ι
1400 2538 1452 2591 in
1482 2538 1561 2592 eis
1583 2537 1689 2591 Do-

90 2631 267 2685 mino.
305 2628 582 2685 Vomitum
614 2639 669 2685 et
696 2630 881 2685 sordes
902 2630 1081 2700 posuit
1102 2644 1198 2698 pro
1225 2631 1370 2684 omni
1395 2629 1686 2685 immundi-

95 2724 174 2778 tia
230 2733 289 2779 et
338 2724 593 2796 spurcitia
636 2733 691 2780 et
739 2723 1006 2779 sordibus.
1057 2723 1134 2779 De
1175 2723 1281 2778 hoc
1328 2724 1460 2779 dicit
1498 2742 1510 2777 :
1552 2724 1688 2790 Quia

94 2825 395 2886 postquam
422 2815 635 2870 liberati
665 2823 790 2870 sunt
820 2831 850 2868 a
882 2813 1109 2869 Domino
1147 2813 1213 2869 de
1241 2814 1487 2868 manibus
1513 2813 1690 2867 inimi-

99 2922 294 2961 enrum
316 2946 331 2971 ,
377 2906 558 2960 statim
589 2905 834 2961 conversi
863 2912 991 2959 sunt
1015 2904 1082 2958 ad
1110 2919 1351 2958 errorem
1378 2904 1685 2974 pristinum,

102 3000 403 3054 adorantes
428 2996 565 3051 idola
595 2996 646 3049 in
682 2995 817 3051 lucis
846 3003 900 3050 et
925 2995 1235 3062 nemoribus
1265 2995 1479 3064 insuper
1506 3003 1560 3049 et
1593 3011 1686 3049 su-

104 3106 203 3162 per
237 3098 405 3153 teeta,
442 3098 497 3143 et
528 3102 715 3142 omnes
748 3086 897 3141 cibos
936 3086 1132 3156 quibus
1154 3085 1527 3151 vescebantur,
1574 3085 1686 3140 dte-

106 3182 360 3236 monibus
386 3179 809 3244 consecrabant,
842 3185 1141 3232 statuentes
1170 3191 1383 3232 mensas
1410 3185 1535 3230 ante
1564 3192 1686 3232 aras

1790 1986 2082 2056 prophetas
2119 2002 2246 2042 suos
2274 1988 2632 2057 captivitates,
2677 1998 2732 2044 et
2771 1990 2910 2045 mala
2952 2006 3071 2061 quae
3110 2007 3367 2063 passurus

1787 2084 1904 2131 erat
1930 2076 2018 2130 ille
2044 2076 2270 2145 populus
2298 2092 2329 2131 a
2359 2075 2853 2135 Nabuchodonosor
2878 2080 2962 2135 vel
2993 2096 3024 2135 a
3056 2081 3369 2138 Sennache-

1786 2169 1890 2232 rib,
1919 2177 1979 2222 ut
2015 2169 2453 2238 praetermitteret
2490 2185 2729 2237 errorem
2762 2187 2915 2227 suum
2948 2182 3269 2229 convertens
3306 2189 3368 2230 se

1787 2260 1856 2314 ad
1883 2259 2052 2314 illum.
2087 2258 2195 2314 Sed
2220 2258 2312 2313 ille
2341 2260 2433 2330 qui
2463 2275 2677 2331 semper
2702 2263 2848 2317 dura:
2883 2264 3110 2321 cervicis
3138 2266 3366 2332 exstitit,

1789 2352 2010 2408 irritans
2030 2350 2197 2406 Deum
2221 2353 2333 2407 suis
2355 2353 2607 2423 operibus
2629 2363 2910 2424 propterea
2937 2357 3063 2426 quia
3084 2358 3370 2427 captivitas

1786 2446 1965 2501 statim
2025 2453 2087 2499 ut
2134 2445 2216 2500 eis
2279 2446 2702 2502 annuntiabatur
2750 2464 2857 2503 non
2906 2449 3155 2505 veniebat
3206 2465 3372 2521 super

1788 2537 1907 2593 illos
1953 2552 1967 2590 :
2012 2536 2268 2592 dicebant
2318 2538 2387 2593 ad
2436 2540 2752 2609 prophetam
2798 2540 3091 2597 deridendo
3128 2556 3143 2595 :
3176 2540 3371 2597 Manda

1788 2628 2041 2686 remanda
2062 2670 2078 2695 ,
2108 2629 2161 2684 id
2202 2638 2285 2686 est
2326 2632 2558 2701 praecipe
2586 2647 2705 2701 quae
2742 2632 2922 2689 facere
2956 2634 3285 2699 debeamus,
3313 2643 3370 2690 et

1787 2719 1995 2775 minare
2022 2720 2178 2775 nobis
2208 2720 2345 2774 mala
2380 2735 2526 2775 :non
2561 2722 2741 2778 veniet
2779 2724 2923 2779 enim
2958 2739 3121 2794 super
3147 2739 3246 2780 nos
3281 2724 3372 2779 illo

1789 2810 1840 2865 in
1880 2818 2119 2881 tempore
2156 2811 2379 2865 malum.
2406 2810 2478 2867 At
2514 2821 2700 2868 contra
2734 2813 3000 2886 Propheta
3036 2834 3048 2869 :
3079 2816 3369 2886 Exspecta,

1787 2907 1842 2954 et
1872 2900 2068 2953 iterum
2112 2910 2447 2971 reexspecta,
2491 2910 2546 2956 et
2584 2903 2851 2957 modicum
2880 2904 2981 2969 ibi,
3016 2906 3273 2960 subaudis
3315 2906 3373 2961 in

1788 2990 1878 3046 illa
1903 2992 2306 3063 exspectatione
2332 3009 2590 3064 permane
2627 3015 2639 3048 :
2676 2997 2799 3065 quia
2828 2997 3053 3053 veniens
3076 3000 3255 3054 veniet
3276 3012 3370 3053 su-

1788 3099 1885 3154 per
1919 3091 1971 3138 te
2001 3083 2300 3138 calamitas.
2335 3085 2401 3139 Et
2429 3086 2558 3155 quid
2589 3087 2635 3141 si
2659 3086 2819 3142 modo
2845 3102 2950 3141 non
2986 3090 3235 3143 venerit?
3270 3090 3373 3144 Ve.

1787 3177 1902 3232 niet
1942 3175 2128 3246 procul
2175 3177 2338 3232 dubio
2384 3179 2726 3249 quandoque.
2777 3179 2857 3234 Illi
2902 3194 3034 3236 vero
3063 3184 3373 3237 econtrario

109 3272 343 3327 illorum.
377 3270 553 3326 Locus
576 3285 703 3341 ergo
726 3285 833 3324 non
861 3277 946 3323 est
971 3269 1219 3322 inventus
1246 3268 1299 3321 in
1328 3266 1407 3321 eis
1437 3267 1684 3333 Domino,
1713 3235 1759 3299 Ο
1789 3282 1896 3320 non
1925 3282 1983 3321 se
2017 3266 2357 3336 corrigebant
2382 3268 2447 3321 de
2478 3269 2590 3322 suis
2620 3268 2953 3325 facinoribus
2976 3279 3029 3326 et
3056 3272 3370 3337 sceleribus,

110 3364 238 3434 quia
262 3360 466 3429 repleta
495 3369 649 3413 erant
670 3358 833 3412 corda
856 3357 1069 3411 illorum
1090 3356 1214 3410 odio
1234 3365 1287 3410 et
1312 3357 1458 3409 omni
1496 3356 1689 3424 iniqui-

115 3464 246 3507 tate.
299 3449 452 3503 Sicut
493 3447 607 3517 ipse
651 3449 705 3501 in
746 3446 1037 3516 Evangelia
1073 3446 1203 3500 dicit
1243 3444 1379 3517 legis
1423 3445 1630 3502 doctori
1670 3465 1685 3501 :

124 3562 141 3594 ι
176 3541 376 3613 Vulpes
423 3539 607 3596 foveas
651 3539 854 3596 habent
886 3540 942 3594 in
986 3537 1146 3594 corde
1188 3555 1307 3607 suo,
1350 3550 1405 3596 et
1447 3540 1691 3598 volucres

122 3634 243 3690 cazli
275 3634 445 3689 nidos.
474 3632 643 3688 Filius
670 3640 848 3687 autem
871 3629 1106 3687 hominis
1131 3631 1237 3686 non
1269 3631 1460 3697 habet,
1488 3632 1578 3687 ubi
1607 3646 1693 3687 ca-

124 3738 216 3798 put
237 3728 460 3783 reclinet
485 3725 699 3798 (Matth.
732 3724 871 3795 vui).
911 3743 931 3777 ι

198 3840 214 3872 ι
249 3820 414 3888 Quem
443 3820 653 3875 docebit
682 3818 930 3883 scientia,
956 3827 1011 3873 et
1034 3832 1194 3889 quem
1210 3816 1507 3888 intelligere
1528 3817 1692 3874 faciet

127 3914 396 3969 auditum?
415 3912 725 3968 Ablactatus
764 3927 793 3966 a
821 3911 978 3977 lacte,
1013 3912 1233 3967 avulsus
1256 3912 1323 3967 ab
1349 3912 1625 3968 uberibus.
1666 3932 1686 3966 ι

131 4002 238 4059 Vox
270 4004 557 4074 prophetae.
592 4002 906 4057 Ablactatus
926 4002 1142 4068 dicitur,
1166 4003 1320 4071 quasi
1348 4018 1380 4058 a
1402 4002 1540 4058 lacte
1568 4002 1693 4059 abs-

132 4109 348 4164 tractus,
376 4100 466 4170 qui
498 4098 667 4154 solido
696 4100 816 4154 cibo
847 4098 1100 4154 vescitur.
1134 4097 1367 4152 Avulsus
1401 4095 1470 4150 ab
1507 4094 1690 4149 uberi-

132 4194 245 4258 bus,
276 4192 539 4262 repulsus,
558 4191 639 4247 vel
668 4199 963 4262 separatus.
990 4189 1130 4245 Dicit
1153 4205 1281 4261 ergo
1307 4187 1597 4258 Propheta,
1614 4185 1693 4242 los

54 4334 69 4345 .
135 4301 295 4355 quens
324 4284 388 4339 ad
420 4280 633 4339 Iudaeos
673 4301 685 4337 :
730 4282 898 4349 Quem
926 4297 993 4337 ex
1022 4282 1175 4335 vobis
1199 4280 1408 4336 docebit
1434 4280 1693 4334 Dominus

138 4375 421 4442 scientiam,
446 4383 499 4429 et
520 4389 677 4443 quem
711 4372 873 4427 faciet
902 4371 1198 4441 intelligere
1219 4371 1481 4434 auditum,
1511 4370 1563 4423 id
1587 4377 1691 4433 est,

1790 3359 1884 3413 sed
1939 3358 2051 3427 ipsa
2092 3358 2255 3411 verba
2307 3359 2585 3427 propheta
2638 3360 2922 3414 sumebant
2962 3363 3013 3416 ei
3056 3362 3298 3418 dicentes
3355 3381 3370 3417 :

1794 3465 1813 3498 ι
1846 3446 2034 3501 Manda
2048 3448 2329 3515 remanda,
2357 3458 2611 3518 exspecta
2630 3459 2964 3521 reexspecta,
2981 3454 3249 3509 modicum
3275 3455 3373 3524 ibi,

1792 3539 2061 3594 modicum
2076 3540 2168 3595 ibi.
2184 3559 2201 3591 ι
2220 3540 2299 3595 Ac
2318 3541 2363 3596 si
2382 3542 2757 3597 dicerentaliis
2777 3544 2957 3599 verbis
2983 3563 2995 3599 :
3019 3544 3215 3601 lterum
3236 3563 3375 3618 pra-

1791 3632 1910 3702 cipe
1938 3631 2066 3701 quid
2104 3631 2364 3688 faciamus
2384 3674 2399 3699 ,
2439 3643 2495 3689 et
2520 3644 2580 3689 ut
2605 3644 2978 3705 exspectemus
3005 3639 3374 3708 captivitatem

1793 3739 1859 3779 ac
1896 3724 2266 3794 praestolemur
2305 3726 2573 3781 modicum
2618 3726 2673 3781 in
2704 3727 2793 3781 illa
2823 3730 3225 3798 exspectatione
3268 3732 3376 3788 fre-

1792 3818 2045 3888 quentius
2082 3815 2212 3887 iube
2252 3826 2331 3873 tu.
2363 3819 2502 3873 Ante
2540 3819 2684 3873 enim
2731 3833 2920 3875 omnes
2958 3821 3271 3885 moriemur.
3315 3831 3374 3878 et

1794 3909 2148 3963 transibimus
2183 3909 2249 3964 de
2279 3908 2382 3965 hac
2417 3909 2527 3963 vita
2551 3909 2617 3963 ad
2648 3908 2833 3975 aliam,
2870 3926 3032 3980 quam
3065 3912 3165 3968 hoc
3192 3913 3375 3969 veniat

1794 3996 1935 4069 quod
1957 3999 2222 4068 praadicis.

1869 4107 1888 4140 ‹
1916 4088 1972 4142 In
2012 4088 2221 4158 loquela
2259 4090 2403 4144 enim
2435 4089 2562 4144 labii
2609 4098 2663 4144 et
2706 4088 2883 4161 lingua
2916 4091 3084 4146 altera
3124 4092 3375 4162 loquetur

1801 4184 2062 4239 Dominus
2089 4184 2156 4238 ad
2196 4184 2451 4255 populum
2491 4185 2676 4250 istum.
2712 4188 2796 4243 cui
2840 4187 2992 4242 dixit.
3034 4208 3053 4241 ι
3108 4188 3221 4244 Vox
3250 4206 3375 4260 pro-

1793 4274 1988 4343 phetae.
2022 4274 2277 4339 Quaenam
2313 4283 2395 4329 est
2420 4275 2504 4328 illa
2530 4274 2738 4345 loquela
2765 4277 2932 4332 altera
2957 4294 3063 4348 qua
3080 4280 3373 4349 loquetur?

1796 4364 1921 4420 Haec
1942 4373 2025 4420 est
2051 4377 2111 4420 ut
2132 4368 2313 4420 statim
2337 4375 2395 4421 ut
2418 4368 2777 4422 comminatus
2797 4367 2961 4423 fuerit
2981 4372 3369 4440 captivitatem,

140 4478 195 4523 ut
220 4484 328 4539 quae
370 4466 601 4520 audierit
642 4464 900 4535 intelligat
942 4479 1068 4517 vera
1098 4478 1237 4526 esse,
1278 4470 1334 4516 et
1359 4469 1539 4515 mente
1566 4460 1697 4515 reti-
1796 4458 2029 4511 adducat
2052 4456 2200 4512 illam
2230 4472 2389 4525 super
2416 4457 2536 4512 illos
2566 4475 2579 4510 :
2614 4471 2717 4511 non
2755 4458 2889 4513 dans
2905 4457 3017 4527 jam
3043 4460 3216 4515 locum
3247 4476 3368 4533 pce-

144 4574 264 4615 nens
303 4572 457 4627 opere
496 4555 801 4625 adimplcat.
850 4554 928 4608 Ac
961 4553 1005 4607 si
1050 4553 1253 4607 diceret
1283 4569 1296 4605 :
1323 4549 1439 4605 Non
1482 4549 1694 4605 docebit

143 4667 231 4705 vos
264 4650 345 4720 qui
370 4648 450 4703 lac
490 4647 711 4717 sugitis,
747 4645 799 4700 id
826 4653 938 4708 est,
979 4642 1258 4714 pueriliter
1284 4641 1464 4696 vivitis
1490 4650 1545 4695 et
1573 4640 1692 4694 sine

147 4757 291 4795 sensu
317 4740 464 4804 estis,
497 4752 660 4807 Opera
686 4735 974 4790 infantium
999 4733 1271 4788 imitantes
1306 4754 1318 4787 :
1343 4734 1434 4787 sed
1460 4732 1577 4787 illos
1598 4732 1690 4801 qui

144 4832 243 4902 jam
264 4832 658 4887 solidamentum
689 4828 811 4883 ﬁdei
835 4827 1123 4891 habent,et
1151 4826 1243 4897 qui
1265 4841 1369 4880 non
1384 4824 1497 4894 jam
1530 4826 1689 4892 lacte,

151 4926 234 4979 sed
257 4922 410 4977 solido
435 4921 554 4977 cibo
585 4928 873 4991 pascantur
902 4916 1088 4989 (Hebr.
1128 4917 1202 4988 v).
1233 4915 1369 4971 Sunt
1411 4916 1465 4970 in
1507 4924 1693 4972 sancta

152 5014 361 5069 Ecclesia
392 5013 480 5083 qui
518 5012 602 5067 lac
638 5011 813 5066 adhuc
848 5017 1077 5080 sugunt,
1109 5008 1211 5063 hoc
1250 5015 1350 5073 est,
1396 5006 1532 5062 levia
1557 5022 1693 5077 prae-

155 5115 291 5177 cepta
334 5106 641 5177 adimplent,
669 5118 775 5159 non
808 5102 1042 5157 valentes
1067 5100 1294 5156 solidum
1315 5099 1495 5154 cibum
1520 5114 1698 5155 sume-

158 5217 225 5264 re,
262 5201 305 5254 id
335 5210 411 5255 est
430 5242 444 5265 ,
467 5198 626 5254 fortia
650 5206 911 5269 prtccepla
943 5195 1218 5265 perlicere.
1250 5194 1325 5249 De
1346 5195 1539 5263 quibus
1566 5193 1697 5249 dicit

158 5296 321 5350 beatus
334 5292 519 5347 Petrus
536 5291 835 5361 apostolus:
858 5308 875 5340 ‹
897 5287 1061 5355 Quasi
1078 5286 1237 5342 modo
1250 5286 1415 5358 geniti
1437 5285 1693 5351 infantes,

161 5387 233 5441 lac
248 5385 584 5454 concupiscite
604 5383 651 5454 (l
671 5382 814 5437 Petr.
834 5381 916 5451 ιι).
948 5402 967 5433 ι
995 5382 1060 5435 Ει
1078 5380 1325 5451 egregius
1341 5379 1689 5449 praedicator:

168 5500 185 5534 ι
209 5480 451 5549 Tanquam
478 5476 714 5548 parvulis
736 5476 788 5529 in
812 5474 1025 5529 Christo
1055 5472 1137 5527 lac
1169 5471 1321 5527 vobis
1354 5480 1538 5541 potum
1572 5470 1694 5526 dedi

166 5586 256 5626 non
278 5585 459 5634 escam,
491 5589 509 5621 ι
540 5576 594 5623 et
617 5575 811 5623 czetera
848 5580 1019 5635 usque
1045 5564 1112 5618 ad
1138 5564 1189 5618 id
1212 5581 1230 5617 τ
1263 5580 1281 5614 ι
1319 5561 1506 5617 Adhuc
1549 5561 1693 5617 enim

166 5658 373 5716 carnales
420 5658 551 5713 estis
582 5656 650 5725 (1
682 5654 804 5711 Cor.
840 5656 961 5725 ιιι).
1005 5673 1025 5706 ι
1066 5652 1204 5708 Sunt
1249 5652 1411 5707 etiam
1454 5652 1696 5707 nonnulli

169 5750 245 5824 qui
264 5751 438 5806 solidos
472 5749 621 5805 cibos
650 5756 889 5809 sumunt,
922 5746 972 5800 id
1002 5754 1102 5809 est,
1133 5745 1224 5814 qui
1262 5744 1461 5813 majora
1498 5760 1696 5815 praece-

170 5852 244 5916 pta
271 5843 383 5914 legis
408 5852 461 5898 et
492 5838 762 5911 Evangelii
791 5835 1083 5908 adimplent
1101 5876 1115 5902 ,
1143 5845 1545 5892 contemnentes
1588 5846 1696 5891 ter-

1796 4548 2053 4603 uitentim.
2085 4548 2151 4602 Et
2174 4556 2256 4602 est
2282 4563 2472 4604 sensus
2514 4567 2525 4602 :
2568 4547 2859 4618 Propterea
2891 4551 3014 4620 quia
3051 4552 3375 4621 dcspcxistis

1798 4641 1959 4695 verba
1994 4640 2397 4710 prophetarum,
2441 4640 2699 4694 ducentes
2725 4641 2903 4695 omnia
2930 4657 3028 4712 pro
3058 4642 3224 4697 nihilo
3254 4656 3377 4713 qua:

1798 4733 1865 4788 ab
1906 4729 2011 4786 illis
2041 4730 2388 4793 dicebantur,
2428 4739 2482 4784 et
2518 4730 2729 4786 dixistis
2759 4746 2773 4786 :
2815 4731 2941 4788 litae
2970 4748 3089 4802 qua:
3129 4735 3217 4789 isti
3247 4750 3374 4805 pro-

1797 4824 2037 4894 phetant,
2086 4823 2139 4877 in
2178 4822 2418 4878 futurum
2458 4823 2674 4877 venient
2712 4832 2768 4877 ct
2806 4840 2911 4879 non
2957 4828 3242 4896 occupabit
3272 4842 3372 4884 nos

1798 4917 1999 4971 malum
2030 4936 2045 4972 :
2074 4930 2198 4972 ecce
2222 4931 2321 4988 ego
2341 4915 2529 4985 loquor
2555 4917 2607 4971 in
2629 4918 2795 4973 altera
2826 4919 3034 4990 loquela
3066 4923 3131 4976 ad
3155 4937 3268 4977 vos.
3301 4922 3373 4979 Et

1800 5008 1980 5063 statim
2004 5017 2064 5063 ut
2089 5007 2297 5072 dixem,
2324 5007 2505 5061 veniet
2525 5022 2686 5077 super
2708 5022 2804 5062 vos
2826 5008 3102 5066 tribulatio
3124 5019 3179 5064 et
3201 5012 3372 5082 capti-

1798 5100 1956 5155 vitas.
1988 5098 2103 5153 Non
2129 5097 2504 5169 prtenuntiabo
2527 5100 2680 5154 vobis
2706 5099 2932 5170 amplius
2957 5114 3055 5169 per
3077 5100 3370 5172 pmphetas

1797 5207 1966 5258 meos,
2003 5191 2131 5262 quid
2164 5191 2316 5246 vobis
2351 5192 2479 5247 mali
2519 5202 2803 5247 venturum
2830 5193 2901 5247 sit
2936 5211 2948 5246 :
2982 5208 3151 5265 usque
3196 5195 3372 5252 irruat

1796 5298 1958 5354 super
1987 5298 2083 5338 vos
2102 5291 2157 5339 et
2170 5283 2477 5352 capiamini.
2502 5283 2618 5339 Dixi
2643 5284 2785 5338 enim
2812 5284 2965 5339 vobis
2993 5303 3007 5339 :

1871 5394 1889 5426 ι
1923 5373 2049 5429 Haec
2075 5382 2160 5428 est
2180 5374 2392 5444 requies
2416 5389 2554 5439 mea,
2582 5371 2786 5427 reiicite
2807 5371 3029 5429 lassum.
3061 5394 3080 5427 ι
3107 5373 3219 5430 Vox
3246 5390 3373 5446 pro-

1795 5467 1987 5538 phetae.
2020 5465 2380 5537 Semetipsum
2411 5467 2542 5521 dicit
2560 5464 2935 5535 iniquitatibus
2963 5467 3175 5524 illorum
3196 5467 3371 5525 lassa-

1798 5556 2161 5625 tum.Quando
2171 5572 2359 5613 sumus
2375 5557 2539 5612 dediti
2549 5556 3366 5630 orationibus,jejuniis,vlgillls,

1795 5648 2170 5719 eleemosyois,
2215 5648 2533 5718 caeterisque
2564 5648 2720 5703 bouis
2749 5649 3003 5719 operibus
3028 5649 3365 5705 insistimus:

1796 5751 1924 5796 tunc
1973 5740 2245 5796 reﬁcimus
2290 5739 2597 5803 Dominum,
2648 5748 2702 5794 et
2750 5740 3091 5809 requiescere
3140 5738 3369 5796 facimus

1796 5848 1919 5891 eum
1948 5832 2001 5889 in
2026 5830 2451 5903 nobismetipsis.
2479 5828 2705 5898 Quando
2728 5845 2857 5887 vero
2879 5831 3117 5888 avaritiae
3132 5831 3369 5902 aliisun
