3918 6478
102 487 206 543 855

1389 470 1745 532 COMMENT.
1798 471 1865 528 IN
1901 470 2153 529 lSAlAM.
2190 498 2262 513 -—
2298 468 2428 526 LIB.
2467 466 2536 524 ll.

3253 458 3359 520 854

105 601 249 656 cidat
284 616 297 653 :
325 605 383 653 et
416 595 633 668 pallium
676 592 842 649 breve
880 599 1164 660 utrumque
1197 587 1414 660 operire
1436 604 1543 643 non
1575 602 1669 658 po-
1693 593 1747 657 Α
1773 591 1919 657 tatis,
1950 600 2010 645 ut
2035 589 2263 651 celerius
2283 589 2550 645 ducamur
2571 584 2626 641 in
2648 582 3122 655 depmdationem.
3160 601 3180 637 ι
3214 578 3358 641 Con-

106 700 226 747 test.
263 709 282 742 ι
318 686 437 761 Vox;
462 686 676 742 Domini
708 686 775 739 ad
798 681 1154 739 llierusalem.
1206 682 1273 735 Et
1296 688 1379 736 est
1407 680 1690 750 metapho:

105 782 218 836 rice
258 780 476 835 ductum
517 793 549 831 a
599 776 795 831 marito
819 781 874 829 et
910 774 1157 843 conjuge,
1205 772 1271 825 ad
1303 770 1471 824 Deum
1520 779 1574 822 et
1620 767 1689 823 ad

106 870 458 928 Hierusalem.
502 867 662 923 Verbi
702 860 905 936 gratia.
950 866 1007 921 Si
1048 865 1241 934 aliQuis
1288 863 1487 919 dixerit
1533 860 1689 917 uxori

106 981 223 1025 sua!
249 983 261 1018 :
293 961 338 1021 0
369 961 566 1033 cunqu
610 960 855 1023 adultera
875 1002 890 1026 ,
938 960 1083 1019 istud
1128 966 1361 1015 stratum
1389 962 1691 1033 angustum

104 1068 192 1117 est
219 1077 232 1112 :
261 1072 369 1115 non
398 1029 582 1127 polest
614 1069 813 1124 capere
843 1069 931 1109 me
969 1061 1026 1109 et
1052 1052 1203 1107 illum
1228 1066 1354 1107 cum
1385 1029 1496 1119 quo
1520 1045 1692 1101 violas

109 1152 259 1211 illud.
306 1152 372 1207 Et
402 1150 548 1209 istud
589 1149 813 1220 pallium
856 1147 1018 1203 breve
1045 1156 1126 1203 est
1161 1154 1217 1201 et
1243 1154 1563 1215 angustum,
1591 1152 1695 1197 nec

107 1244 255 1300 valet
289 1243 505 1312 operire
547 1257 632 1301 mo
676 1252 732 1305 et
769 1240 1090 1296 adulterum.
1136 1238 1205 1292 Et
1246 1246 1330 1293 est
1378 1249 1569 1293 sensus
1601 1251 1613 1288 :
1646 1232 1693 1289 0

108 1336 446 1393 Hierusalem
466 1375 482 1400 ,
508 1335 553 1390 si
581 1334 662 1388 vis
698 1332 895 1387 habere
927 1346 1012 1386 me
1037 1327 1320 1398 coniugem
1351 1335 1406 1384 et
1430 1332 1695 1396 protecto-

111 1444 251 1495 rem,
286 1441 507 1483 necesse
530 1434 612 1480 est
654 1431 714 1477 ut
742 1422 1124 1493 prmtermittas
1154 1421 1281 1475 deos
1310 1417 1514 1472 alienos
1552 1429 1567 1468 :
1598 1414 1694 1485 qui

112 1524 211 1585 tibi
241 1535 453 1591 semper
474 1520 527 1575 in
558 1518 769 1573 ruinam
789 1525 847 1575 et.
881 1515 1244 1570 calamitatem
1269 1519 1414 1568 sunt.
1451 1508 1568 1564 Non
1592 1522 1693 1578 po-

115 1614 250 1673 teris
274 1612 418 1667 enim
445 1618 733 1677 utrumque
764 1604 1058 1674 adimplere
1080 1643 1095 1671 ,
1125 1601 1374 1658 videlicet
1409 1600 1540 1655 deos
1567 1597 1694 1652 alie-

113 1722 213 1762 nos
244 1705 490 1769 adorare,
524 1711 582 1759 et
611 1716 698 1756 me
725 1708 1087 1770 protectorem
1116 1697 1318 1753 habere
1343 1714 1355 1749 :
1386 1709 1512 1750 cum
1540 1706 1695 1747 ama-

116 1796 321 1852 toribus
356 1794 664 1849 adulterare
705 1800 760 1845 et
802 1790 933 1845 mihi
981 1788 1212 1859 placere.
1260 1806 1278 1838 ι
1313 1784 1482 1841 Nemo
1519 1787 1734 1854 potest'

116 1886 327 1943 duobus
353 1884 587 1939 dominis
616 1881 819 1937 servire
852 1878 1064 1951 (Matth.
1088 1878 1186 1948 vl).
1220 1898 1237 1930 ι

1794 682 2214 738 summationem
2230 688 2286 735 et
2300 678 2763 747 abbreviationem
2785 675 2965 745 audivi
2983 690 3014 729 a
3026 674 3254 731 Domino
3264 688 3362 743 per

1789 773 2090 827 universam
2132 778 2352 824 terram.
2393 789 2409 821 ι
2443 769 2567 824 Ideo
2592 768 2745 823 vobis
2780 768 2883 821 ista
2909 765 3191 830 annuntio,
3229 778 3362 834 quo-

1790 863 1934 921 niam
1970 876 2001 915 a
2030 859 2259 915 Domino
2279 859 2459 916 audivi
2483 858 2939 915 abbreviationem
2968 863 3164 912 vestra!
3193 854 3364 924 capti-

1790 950 1974 1006 vitatis
1993 949 2402 1005 etcalamitatis.
2422 947 2538 1003 Non
2556 948 2700 1004 enim
2723 945 2998 1017 elongabit
3011 953 3070 999 ut
3089 959 3185 1001 vos
3208 952 3366 1014 puta-

1790 1043 1881 1107 tis,
1899 1043 2138 1097 dicentes
2153 1038 2757 1107 deridendo,exspecta,
2784 1045 3114 1107 reexspecta,
3152 1034 3366 1098 seditio,

1791 1136 1886 1192 sed
1914 1143 2133 1203 repente
2158 1132 2356 1197 veniet,
2385 1130 2428 1186 si
2462 1146 2571 1187 non
2602 1128 2813 1185 fueritis
2841 1126 3088 1183 conversi
3114 1126 3181 1181 ad
3201 1123 3372 1195 poeni-

1796 1226 2040 1284 tentiam.
2073 1224 2225 1290 Quod
2250 1231 2431 1277 autem
2461 1221 2593 1276 dicit
2622 1235 2783 1290 super
2805 1217 3110 1272 universam
3144 1223 3370 1280 terram,

1792 1320 1880 1375 vel
1919 1317 2225 1389 Specialiter
2270 1315 2377 1371 dici
2419 1321 2595 1385 potest
2638 1313 2709 1367 de
2736 1320 2880 1366 terra
2915 1309 3243 1374 Judreorum,
3286 1307 3374 1362 vel

1795 1413 1958 1469 etiam
1991 1409 2314 1485 generaliter
2337 1408 2404 1462 ad
2436 1407 2579 1461 diem
2600 1403 2789 1473 judicii
2807 1442 2823 1469 ,
2850 1401 3066 1472 quando
3090 1399 3378 1455 universus

1796 1506 1944 1562 orbis
1968 1521 1999 1559 a
2022 1503 2248 1560 Domino
2274 1499 2600 1557 visitabitur.

1874 1634 1894 1668 ι
1930 1615 2166 1670 Auribus
2188 1612 2452 1684 percipite
2480 1616 2535 1662 et
2561 1606 2744 1661 audite
2766 1618 2956 1660 vocem
2984 1616 3181 1657 meam.
3216 1618 3235 1651 ι
3262 1598 3383 1655 Vox

1796 1708 2071 1779 prophetae
2091 1705 2157 1759 ad
2183 1703 2391 1759 scribas
2414 1709 2472 1755 et
2508 1699 2825 1769 pharisaeus.

1879 1837 1897 1868 ι
1934 1815 2189 1886 Nunquid
2246 1822 2357 1868 tota
2408 1811 2563 1874 die,
2598 1826 2617 1860 ι
2669 1809 2773 1862 hoc
2820 1813 2904 1861 est
2956 1802 3102 1859 omni
3147 1808 3389 1870 tempore

1761 1892 1772 1973 ξ
1807 1932 1828 1965 ι
1873 1909 2047 1966 arabit
2072 1924 2265 1973 arans,
2308 1905 2459 1959 vhoc
2486 1911 2570 1958 est
2592 1899 2853 1972 agricola,
2891 1916 2911 1949 ι
2955 1904 3016 1951 ut
3036 1895 3269 1951 seminet
3304 1907 3389 1947 se-

194 1995 213 2029 ⁴
252 1974 406 2030 sum"
426 1975 572 2028 enim
595 1974 649 2027 in
674 1980 856 2026 mome
885 1972 1207 2027 diViSionum
1230 1968 1394 2024 sub“
1414 1966 1695 2061 Domiqys’
1723 1950 1774 2013 Β
2251 1950 2885 2061 ’Νὸιῖνρῖιῖοἶῗεέὲεξιξίιιίι-
2908 1997 3033 2042 tunc
3061 1983 3391 2057 proscindeto

120 2066 263 2123 sicut
311 2067 364 2121 in
404 2065 541 2120 valle
586 2080 705 2133 quae
743 2064 918 2119 estin
964 2062 1143 2119 Sabaa
1191 2061 1474 2114 irascetur.
1522 2077 1542 2109 ι
1582 2055 1701 2111 Vox

118 2161 399 2229 prephetae
428 2169 617 2213 contra
649 2155 1009 2211 Hierusalem.
1059 2151 1475 2208 Subauditiones
1514 2149 1622 2205 isto
1644 2148 1704 2203 in

118 2251 240 2306 loco
282 2250 604 2307 necessariae
647 2257 791 2309 sunt.
838 2266 857 2300 ι
893 2248 1046 2303 Sicut
1088 2247 1142 2300 in
1168 2252 1350 2300 monte
1381 2242 1707 2300 divisionum

119 2342 272 2399 Stetit
291 2341 567 2406 Dominus,
602 2360 622 2392 ι
650 2340 895 2395 dividens
919 2338 1221 2393 Philistaeos
1247 2343 1517 2407 pugnante
1538 2331 1707 2387 David

121 2433 173 2503 {I
208 2432 397 2488 Paral.
436 2435 545 2505 xw)
593 2452 605 2487 :
641 2433 721 2489 sic
771 2430 929 2487 stabit
977 2430 1236 2485 Dominus
1272 2434 1462 2483 contra
1500 2440 1618 2489 vos,
1672 2440 1708 2480 o

118 2524 256 2580 Juda
302 2532 361 2580 et
406 2522 703 2592 Beiijamin.
766 2523 971 2593 Regum
1018 2520 1241 2574 historia
1297 2524 1503 2580 narrat,
1563 2512 1708 2583 quod

120 2618 412 2684 Philisueis
445 2617 785 2689 congregatis
822 2617 876 2685 in
907 2631 1015 2669 uno
1044 2614 1222 2685 globo,
1260 2610 1573 2682 supervenit
1604 2608 1709 2664 illis

121 2708 315 2773 David,
357 2717 413 2764 et
431 2707 660 2763 Domino
685 2707 789 2764 sibi
817 2706 1135 2776 opitulante,
1164 2702 1349 2759 divisit
1375 2701 1496 2756 illos
1527 2700 1594 2754 ab
1626 2698 1708 2753 ala

126 2807 421 2855 terntrum.
461 2798 544 2853 Illi
570 2812 802 2867 namque
828 2797 920 2868 qui
949 2795 1147 2855 mortui
1197 2798 1577 2849 remanserunt
1625 2805 1712 2844 se-

119 2890 299 2961 juncti
332 2898 457 2945 sunt
480 2890 547 2947 ab
576 2889 682 2944 illis
705 2889 797 2958 qui
828 2903 925 2959 per
955 2887 1195 2942 diversas
1215 2882 1529 2939 solitudines
1554 2880 1711 2950 longe

125 2982 347 3052 lateque
375 2981 600 3051 dispersi
630 2989 787 3046 sunt,
812 2986 1170 3048 persequente
1196 2976 1315 3030 illos
1341 2973 1528 3028 David.
1560 2969 1714 3026 Unde

123 3080 353 3129 vocatus
394 3078 479 3126 est
512 3070 661 3127 locus
704 3069 792 3125 ille
818 3067 1244 3137 BaalPharasim
1278 3065 1413 3137 (los.
1454 3062 1531 3132 χ).
1579 3082 1596 3114 ι
1646 3061 1716 3116 Ει

124 3165 270 3221 sicut
304 3165 359 3219 in
401 3162 535 3217 valle
563 3177 685 3232 quae
717 3170 801 3219 est
835 3162 889 3216 in
926 3161 1101 3216 Sabaa
1144 3179 1163 3212 ι
1210 3158 1383 3213 iratus
1408 3163 1493 3212 est
1519 3162 1711 3210 contra

124 3258 467 3315 Chananaeos
504 3264 773 3325 pugnante
809 3252 970 3311 Iosue
1012 3253 1294 3323 adversum
1324 3262 1448 3311 eos,
1496 3243 1711 3314 quando

126 3350 194 3405 ad
236 3349 452 3417 jussum
508 3346 651 3400 illius
692 3345 875 3400 omnia
911 3346 1087 3398 sidera
1128 3343 1183 3395 in
1230 3340 1509 3396 cacumine
1552 3336 1716 3391 medii

127 3436 255 3496 caeli
287 3434 466 3504 spatio
501 3433 659 3487 unius
702 3433 807 3493 diei
846 3440 1123 3489 steterunt
1164 3449 1178 3485 :
1212 3430 1295 3487 sic
1335 3450 1353 3480 ι
1398 3430 1664 3484 irascetur
1698 3445 1716 3477 ι

130 3526 404 3581 Dominus
424 3537 587 3592 super
614 3521 952 3579 Hierusalem
985 3542 1003 3575 ι
1032 3532 1090 3577 ιιι
1117 3522 1282 3580 faciat
1307 3537 1441 3592 opus
1473 3518 1662 3576 suum?
1696 3537 1716 3571 ι

134 3616 326 3671 Potius
352 3621 436 3669 est
456 3610 842 3686 interrogative
870 3613 1176 3686 legendum,
1198 3628 1360 3684 quam
1385 3609 1720 3665 aliirmative.

136 3710 282 3765 Dicit
299 3706 599 3776 Propheta:
630 3726 648 3759 ι
675 3705 929 3777 Nunquid
945 3707 1064 3762 ideo
1082 3707 1347 3763 irascetur
1371 3702 1650 3766 Dominus,
1665 3705 1726 3755 ιιι

140 3798 448 3867 faciatopus
474 3796 669 3851 suum?
691 3817 711 3850 ι
745 3796 882 3852 Non.
904 3816 922 3849 ι
939 3796 1192 3851 Alienum
1214 3810 1349 3865 opus
1368 3792 1483 3861 ejus
1505 3790 1571 3846 ab
1586 3806 1669 3847 eo.
1698 3810 1718 3842 ι

136 3891 317 3961 Quare
357 3899 442 3945 est
467 3889 735 3944 alienum?
769 3888 904 3956 Quia
956 3904 1090 3960 opus
1119 3888 1215 3943 Dei
1264 3894 1348 3942 est
1388 3884 1635 3940 misereri
1671 3889 1729 3938 et

133 3963 387 4061 parcere,
417 3989 473 4035 et
493 3979 742 4035 omnibus
765 3978 1063 4033 subsidium
1088 3993 1197 4034 sua:
1218 3975 1604 4055 misericordia:
1625 3975 1727 4029 im-

142 4071 403 4144 pendere.
443 4071 669 4140 Quando
686 4086 814 4137 vero
838 4071 1087 4127 irritatus
1114 4069 1270 4133 malis
1295 4068 1575 4139 hominum
1597 4081 1723 4136 per-

141 4167 281 4227 Cutit
303 4166 424 4221 illos
450 4173 505 4221 et
531 4164 811 4223 ulciscitur
832 4179 893 4219 se
923 4162 990 4218 de
1014 4162 1113 4226 eis,
1142 4176 1277 4233 opus
1299 4159 1533 4216 crudelis
1553 4157 1727 4214 homi-

141 4259 228 4313 nis
264 4266 320 4314 et
355 4256 567 4329 tyranni
597 4264 679 4311 est
705 4254 839 4309 illud
872 4253 1012 4323 quod
1053 4253 1164 4323 agit
1196 4267 1211 4307 :
1245 4260 1299 4307 et
1336 4251 1459 4307 ideo
1493 4249 1731 4304 alienum

140 4355 227 4405 est
272 4347 341 4403 ab
378 4361 444 4402 eo
481 4346 625 4417 quod
658 4354 930 4416 operatur,
976 4352 1037 4399 ut
1072 4350 1328 4414 operetur
1364 4357 1500 4413 opus
1537 4339 1727 4398 suum?

146 4438 203 4496 Si
226 4438 389 4511 igitur
407 4436 788 4509 interrogative
800 4438 1259 4508 pronuntiandum
1283 4444 1368 4491 est
1388 4453 1401 4489 :
1438 4453 1456 4486 ι
1477 4432 1729 4503 Nunquid

145 4532 266 4588 ideo
286 4531 548 4588 irascetur
563 4540 751 4589 contra
766 4531 983 4602 impios,
994 4538 1053 4584 ut
1066 4534 1320 4601 operetur
1334 4543 1471 4599 opus
1483 4525 1677 4582 suum?
1701 4545 1722 4579 ι

147 4622 387 4678 Minime.
427 4640 446 4673 ι
478 4621 833 4692 Peregrinum
857 4629 944 4676 est
968 4621 1115 4675 enim
1139 4634 1275 4689 opus
1300 4618 1445 4688 quod
1472 4624 1732 4688 operatur

148 4714 218 4768 ab
249 4728 333 4768 eo.
382 4732 400 4764 ι
435 4711 638 4782 Nempe
677 4712 837 4768 sicuti
878 4711 1131 4776 diximus,
1177 4702 1393 4781 quando
1436 4709 1733 4765 vindictam

150 4809 347 4879 accipit
378 4824 446 4864 ex
475 4809 588 4864 suis
615 4806 1107 4878 contemptoribus,
1154 4804 1283 4860 saevi
1310 4810 1365 4859 et
1398 4802 1609 4858 cruenti
1636 4802 1734 4858 ho-

150 4902 316 4957 minis
344 4899 578 4956 ollicium
606 4907 885 4970 operatur.
916 4898 1112 4957 Beatus
1145 4895 1442 4968 Gregorius
1468 4894 1625 4950 aliter
1648 4893 1735 4951 di-

151 4993 226 5049 cit
259 5011 272 5046 :
300 4992 428 5048 Ideo
449 4991 596 5047 venit
616 4991 874 5059 Dominus
899 4990 952 5045 in
976 4988 1256 5055 mundum,
1288 4995 1351 5041 ut
1370 4984 1581 5043 faceret
1598 5000 1734 5056 opus

153 5100 328 5150 suum,
359 5085 465 5139 hoc
497 5091 583 5139 est
620 5091 682 5139 ut
705 5083 994 5143 redimeret
1018 5096 1185 5153 genus
1216 5081 1523 5135 humanum
1549 5076 1616 5133 de
1637 5092 1735 5147 po-

158 5185 346 5235 testate
363 5178 582 5246 diaboli,
617 5187 672 5234 et
697 5177 1047 5235 misereretur
1074 5174 1214 5245 ejus,
1249 5173 1343 5230 sed
1371 5171 1604 5228 alienum
1629 5170 1734 5226 fuit

156 5282 289 5345 opus
309 5265 429 5335 ejus
444 5269 512 5322 ab
534 5283 621 5333 eo,
643 5268 900 5338 quianon
931 5264 1247 5322 conveniret
1265 5263 1464 5321 Deitati
1493 5270 1553 5317 ut
1573 5275 1734 5335 spue-

158 5368 326 5423 retur,
348 5356 710 5429 ﬂagellaretur
727 5400 742 5426 ,
771 5359 1197 5429 cruciﬁgeretur.

235 5469 254 5503 ι
275 5450 342 5506 Ει
354 5465 499 5506 nunc
511 5449 676 5505 nolite
702 5449 945 5515 illudere,
962 5465 1032 5505 ne
1052 5449 1194 5504 forte
1208 5447 1667 5518 constringantur.
1706 5464 1726 5497 ι

159 5541 420 5605 Hortatur
454 5541 724 5612 Propheta
767 5540 888 5596 illos
923 5541 1018 5611 qui
1047 5540 1211 5599 verba
1256 5539 1399 5599 illius
1428 5540 1480 5593 in
1511 5538 1736 5594 derisio—

162 5648 282 5695 nctu
302 5642 669 5705 sumpserunt,
691 5632 936 5688 dicentes
966 5648 979 5685 :
1013 5629 1228 5694 hianda,
1255 5629 1532 5693 remanda,
1549 5638 1606 5684 et
1629 5644 1737 5685 cae-

162 5731 278 5785 tera
304 5740 427 5797 qua:
460 5724 533 5779 ibi
553 5723 826 5788 dicuntur,
853 5728 1122 5792 quatenus
1150 5719 1537 5789 conquiescant
1560 5728 1615 5775 et
1646 5720 1738 5774 de-

164 5818 361 5873 sistant
407 5815 651 5881 illudere,
697 5828 766 5869 ne
800 5812 939 5869 forte
977 5810 1207 5867 vinculis
1230 5818 1576 5880 peccatorum
1616 5826 1740 5866 suo-

165 5907 599 6001 rumconstt'icti,
610 5898 1047 5980 constringuntur
1067 5904 1229 5965 etiam
1258 5901 1485 5961 vinculis
1514 5903 1738 5975 captivi-

1742 3306 1792 3370 Β

1806 2096 1909 2150 hoc
1930 2101 2013 2149 est
2034 2100 2319 2159 antequam
2339 2096 2549 2156 tempus
2572 2080 2943 2139 seminationis
2964 2077 3234 2141 adveniat,
3266 2089 3389 2129 ara-

1807 2180 1887 2241 bit
1918 2183 2066 2238 illam
2098 2192 2298 2235 terram
2342 2193 2447 2232 una
2474 2178 2594 2232 vice
2620 2176 2702 2231 vel
2731 2173 2971 2238 duabus,
3013 2178 3073 2225 ut
3097 2183 3219 2225 cum
3262 2176 3395 2222 tem-

1808 2290 1908 2348 pus
1939 2272 2240 2331 seminandi
2277 2270 2516 2335 venerit,
2542 2275 2841 2338 prmparata
2872 2266 2981 2327 sit;
3015 2283 3033 2316 ι
3061 2269 3116 2318 ει
3143 2259 3325 2325 faciet,
3366 2278 3386 2311 ›

1811 2366 1864 2423 id
1896 2375 1980 2421 est
2018 2361 2393 2421 circumfodiet
2426 2362 2647 2415 humum
2676 2373 2828 2412 suam
2869 2362 3067 2410 rastro.
3097 2353 3213 2406 Hoc
3242 2348 3386 2419 quod

1813 2446 2039 2513 carruca
2077 2463 2131 2510 et
2162 2468 2385 2508 vomere
2413 2456 2521 2506 non
2548 2457 2729 2520 potest
2756 2448 2929 2504 scindi
2961 2453 3185 2517 propter
3226 2456 3396 2511 angu-

1813 2549 2099 2605 stationem
2149 2545 2272 2609 loci,
2318 2541 2408 2598 ubi
2459 2556 2562 2597 non
2589 2548 2766 2611 potest
2805 2552 3031 2594 carruca
3071 2533 3230 2598 verti,
3262 2530 3396 2585 illud

1815 2643 1980 2698 etiam
2027 2649 2270 2709 tempore
2323 2634 2425 2691 sibi
2464 2649 2704 2705 congruo
2754 2628 3097 2687 circumfodit
3143 2624 3396 2682 fossorio.

1821 2754 1839 2785 ι
1872 2732 2061 2788 Nonne
2104 2745 2225 2785 cum
2269 2726 2634 2805 adaequaverit
2665 2724 2853 2779 faciem
2894 2722 3029 2794 ejus,
3080 2738 3099 2771 ›
3148 2719 3253 2773 hoc
3297 2724 3402 2782 est,

1817 2842 1941 2883 cum
1961 2823 2223 2894 aequalem
2247 2817 2542 2875 reddiderit
2569 2828 2623 2872 et
2644 2815 2931 2871 emollierit
2958 2814 3102 2868 illam
3138 2828 3157 2862 ι
3185 2816 3352 2875 seret,
3377 2826 3397 2860 ι

1817 2920 1923 2974 hoc
1945 2926 2031 2972 est
2060 2911 2351 2970 seminabit
2378 2930 2396 2961 ι
2428 2908 2540 2981 gith
2562 2918 2616 2963 et
2639 2908 2910 2979 cyminum
2939 2902 3190 2974 sparget?
3226 2920 3244 2953 ι
3278 2898 3408 2955 Gith

1818 3023 1986 3081 genus
2030 3014 2115 3062 est
2160 3000 2485 3074 leguminis,
2543 3007 2707 3053 tanta:
2752 2994 3137 3068 magnitudinis
3194 2990 3400 3046 habens

1818 3116 1985 3173 grana
2013 3106 2071 3152 ut
2101 3096 2409 3167 cyminum,
2439 3092 2533 3147 sed
2568 3091 2739 3161 nigra,
2770 3097 2825 3144 et
2859 3087 2995 3143 solet
3024 3086 3150 3158 poni
3180 3084 3235 3139 in
3263 3096 3404 3154 pane

1818 3200 2041 3260 propter
2070 3184 2454 3243 dulcorationis
2488 3197 2757 3254 saporem.

1898 3323 1916 3354 ι
1953 3303 2019 3357 Ει
2066 3307 2231 3371 ponet
2281 3297 2519 3352 triticum
2562 3311 2658 3366 per
2706 3292 2946 3348 ordinem
2974 3332 2990 3357 ,
3028 3308 3048 3342 ι
3088 3287 3405 3346 subauditur

1825 3390 2068 3449 locorum
2120 3404 2363 3445 suorum.
2430 3386 2566 3454 Quia
2624 3400 2731 3439 non
2787 3384 2967 3439 omnia
3022 3376 3191 3452 spatia
3249 3387 3408 3434 terra:

1825 3483 2106 3557 aequaliter
2153 3479 2485 3537 conveniunt
2537 3477 2847 3535 seminibus.
2913 3494 2932 3527 ι
2995 3470 3062 3528 Et
3088 3464 3285 3529 viciam
3343 3472 3403 3527 in

1827 3572 2026 3631 ﬁnibus
2065 3572 2178 3629 suis
2209 3579 2447 3644 sparget,
2497 3590 2515 3624 ι
2563 3571 2691 3642 quia
2733 3570 2788 3624 in
2819 3567 3152 3640 marginibus
3190 3578 3412 3636 campo-

1827 3681 1974 3730 rum,
2005 3663 2057 3717 in
2082 3662 2311 3717 circuitu
2335 3658 2527 3715 messis
2556 3657 2855 3715 seminatur
2885 3655 3043 3710 vicia.
3426 3649 3429 3653 ’

1836 3842 1841 3853 ⁸
1906 3796 1924 3829 ι
1965 3776 2031 3831 Ει
2064 3775 2276 3830 erudiet
2309 3773 2458 3828 illum
2485 3770 2778 3843 agricolam
2808 3770 2863 3825 in
2886 3766 3112 3837 judicio,
3143 3787 3162 3821 ι
3196 3768 3301 3824 hoc
3327 3773 3415 3823 est

1829 3867 1887 3927 in
1910 3865 2253 3922 discretione.
2279 3862 2500 3919 Scilicet
2530 3860 2674 3916 Deus
2703 3875 2835 3915 suus
2864 3858 3075 3915 docebit
3102 3857 3273 3924 illum,
3301 3871 3413 3928 quo

1828 3965 2075 4037 tempore
2104 3953 2298 4010 debeat
2342 3967 2501 4007 arare
2536 3960 2590 4007 et
2618 3948 2988 4020 proscindere,
3020 3956 3076 4005 et
3119 3948 3210 4004 ubi
3254 3946 3419 4004 semi-

1829 4036 1966 4101 nare
2005 4044 2247 4099 triticum
2285 4050 2341 4098 et
2385 4042 2476 4097 ubi
2521 4041 2747 4106 milium,
2787 4048 2841 4096 et
2867 4039 3101 4110 quando.
3134 4037 3303 4093 Media
3335 4036 3419 4093 di-

1830 4138 2050 4217 stinctio
2092 4134 2339 4207 ponenda
2384 4142 2468 4189 est
2508 4133 2597 4189 illo
2647 4134 2701 4189 in
2741 4133 2879 4199 loco,
2934 4131 3026 4187 ubi
3077 4130 3276 4186 dicitur
3305 4147 3320 4184 :
3350 4129 3421 4185 Et

1829 4220 2045 4288 erudiet
2070 4228 2219 4284 illum
2256 4228 2312 4283 in
2335 4225 2561 4295 judicio.
2602 4227 2670 4282 Et
2715 4224 3168 4297 subiungendum,
3215 4242 3235 4277 ι
3271 4224 3418 4281 Deus

1831 4336 1964 4378 suus
1991 4319 2208 4377 docebit
2234 4317 2403 4375 illum.
2429 4338 2448 4371 ι
2479 4317 2611 4384 Quis
2637 4316 2851 4372 erudiet
2874 4315 3021 4370 illum
3038 4314 3062 4368 Ἰ
3082 4315 3227 4371 Deus
3256 4330 3414 4370 suus.

1833 4410 2273 4471 Subaudiendum
2312 4418 2398 4467 est
2435 4409 2579 4466 enim
2606 4408 2679 4463 ibi
2719 4407 2895 4473 Deus,
2926 4414 2988 4461 ut
3020 4406 3093 4462 sit
3120 4416 3176 4461 et
3203 4405 3425 4461 erudiet

1832 4505 1982 4561 illum
2000 4506 2141 4561 Deus
2160 4518 2313 4559 suus.
2326 4500 2461 4558 Cum
2484 4509 2663 4555 autem
2682 4498 2894 4554 venerit
2921 4508 3129 4568 tempus
3148 4495 3429 4553 collectio-.

1834 4596 1919 4651 nis
1950 4613 1969 4647 ι
2001 4608 2177 4665 neque
2215 4592 2328 4664 gith
2361 4589 2703 4646 triturabitur
2722 4589 2913 4656 serris,
2948 4608 2968 4643 ι
3005 4589 3108 4643 hoc
3140 4594 3225 4641 est
3257 4580 3423 4642 exon;

1754 4660 1813 4725 D
1836 4688 2021 4754 tietur,
2084 4660 2108 4739 ξ
2156 4660 2331 4755 neque
2363 4698 2526 4755 super
2563 4682 2836 4755 cyminum
2887 4689 3004 4737 rota
3037 4678 3263 4750 plaustri
3306 4677 3417 4734 cir-

1835 4782 2080 4848 cumibit,
2108 4780 2202 4837 sed
2230 4780 2286 4835 in
2313 4778 2485 4849 virga,
2509 4796 2528 4830 ι
2558 4777 2662 4834 hoc
2687 4785 2790 4843 est,
2822 4775 2876 4831 in
2905 4773 3115 4847 ﬂagello
3135 4781 3191 4828 et
3227 4771 3423 4828 baculo

1843 4892 1862 4927 ι
1900 4871 2261 4929 excutientur.
2304 4888 2326 4923 ›
2363 4866 2501 4925 Sunt
2535 4867 2781 4938 quadam
2812 4867 3082 4937 regiones,
3129 4863 3187 4919 in
3224 4862 3424 4933 quibus

1834 4980 1936 5038 pro
1973 4963 2194 5035 penuria
2250 4958 2363 5016 feni
2404 4965 2737 5031 congregant
2768 4957 3012 5038 triticum
3047 4955 3103 5010 in
3138 4967 3305 5009 unum
3342 4950 3423 5007 lo-

1837 5036 1980 5123 cum,
2021 5064 2076 5113 et
2106 5056 2371 5112 inducunt
2409 5068 2571 5125 super
2599 5036 2841 5122 plaustra
2869 5063 2993 5105 cum
3032 5044 3168 5101 rotis
3202 5042 3423 5098 ferratis

1841 5156 1896 5205 et
1927 5147 2198 5205 excutitur
2237 5130 2511 5212 triticum;
2564 5150 2620 5197 et
2655 5140 2919 5198 stramina
2947 5136 3110 5193 etiam
3154 5134 3210 5190 in
3236 5133 3423 5206 paleas

1832 5240 2176 5309 rediguntur,
2209 5244 2271 5290 ut
2292 5235 2546 5291 animalia
2571 5234 2763 5289 melius
2790 5246 2855 5287 ea
2877 5234 3112 5286 sumant.

1872 5410 1879 5417 ,
1918 5372 1937 5406 ι
1980 5352 2142 5408 Panis
2176 5358 2359 5407 autem
2389 5347 2807 5410 comminuetur,
2843 5361 2863 5395 ι
2902 5338 3255 5405 subauditur,
3288 5335 3426 5394 rotis

1839 5442 2061 5499 ferratis
2086 5449 2144 5497 et
2168 5440 2429 5512 plaustro.
2469 5437 2670 5494 Panem
2703 5433 2937 5506 appellat
2970 5430 3243 5495 triticum,
3284 5428 3424 5484 hor-

1842 5537 2025 5603 deum,
2065 5543 2121 5591 et
2161 5547 2323 5588 omne
2344 5531 2483 5587 unde
2511 5529 2667 5601 panis
2686 5527 2765 5583 ﬁt.
2801 5547 2820 5580 c
2859 5525 3060 5582 Verum
3087 5521 3270 5579 nonin
3297 5533 3425 5590 per-

1839 5636 2062 5700 petuum
2099 5625 2360 5680 triturans
2393 5641 2412 5676 ι
2458 5621 2762 5692 plaustrum
2800 5638 2819 5671 ι
2877 5614 3156 5673 triturabit
3200 5611 3353 5667 illum
3396 5626 3420 5662 ι

1840 5696 2060 5790 panem,
2090 5716 2194 5773 hoc
2223 5724 2306 5772 est
2340 5715 2600 5777 triticum,
2636 5730 2654 5764 ι
2683 5725 2860 5780 neque
2882 5707 3098 5765 vexabit
3133 5718 3279 5767 eum,
3314 5719 3335 5755 ι
3368 5696 3429 5757 id
3456 5738 3461 5749 .

1843 5817 1951 5877 est,
1972 5823 2169 5880 panem
2199 5825 2218 5860 ι
2255 5804 2663 5877 rotaplaustri,
2691 5817 2795 5861 nec
2816 5800 3033 5872 ungulis
3065 5797 3178 5857 suis
3204 5790 3430 5853 commi-

1844 5890 1978 5971 nuet
2019 5916 2164 5965 eum.
2225 5920 2246 5955 ι
2298 5897 2432 5966 Quis
2464 5911 2576 5956 non
2617 5894 2949 5954 comminuet
2991 5890 3168 5963 ipsum
3200 5880 3452 5979 panem‘l‘
