3918 6494
532 501 636 558 855
663 478 666 482 ’

1028 476 1387 548 HAYMONIS
1426 450 1906 540 HALBERSTAT.
1949 477 2163 537 EPISC.
2205 472 2580 552 eversas
2619 477 2754 533 1.-
2778 474 3134 533 COMMENT.
3175 472 3345 530 BIBL.
3736 472 3816 527 sas.

530 618 836 672 Plaustrum
860 611 943 667 vel
968 619 1117 676 rota;
1127 608 1240 678 jam
1264 611 1647 664 excussus-est.
1676 600 1916 672 Ungulas
1928 597 2108 671 posuit
2132 599 2184 660 Α
2209 594 2276 650 Et
2315 594 2418 649 hoc
2449 609 2480 648 a
2509 592 2739 648 Domino
2767 591 2877 647 Deo
2906 589 3076 646 exivit
3103 599 3164 644 ut
3203 588 3279 643 ita
3309 587 3674 658 disponeret
3697 599 3818 645 actas

531 725 632 781 pro
661 706 974 778 summitate
1002 716 1277 758 serrarum
1300 705 1562 754 rotarum.

610 903 628 934 ι
659 884 725 938 Et
744 885 848 938 hoc
879 901 897 934 ι
922 879 1202 935 consilium
1231 896 1250 929 ε
1277 891 1306 930 a
1329 875 1559 931 Domino
1581 873 1690 928 Deo
1709 869 2062 931 exercituum,
2087 885 2107 919 ι

538 983 610 1031 et'
640 975 762 1048 vult
787 973 1133 1036 subauditur,
1170 979 1228 1024 ut
1263 967 1430 1023 sciret
1461 963 1697 1037 agricola
1727 977 1833 1033 quo
1874 968 2115 1028 tempore

464 1061 466 1064 ’
535 1067 769 1121 sulcaret
817 1077 1050 1128 terram,
1105 1069 1160 1117 et
1203 1075 1311 1130 quo
1359 1059 1521 1114 etiam
1569 1055 1838 1110 seminare
1873 1051 2112 1105 deberet.

534 1157 659 1210 Haec
678 1157 830 1227 juxta
862 1155 1094 1208 litteram
1142 1152 1405 1214 diximus,
1435 1146 1703 1218 quomodo
1729 1143 1870 1198 Deus
1904 1140 2116 1212 agrico-

533 1247 638 1300 lam
669 1246 882 1300 erudiat
911 1254 970 1299 ut
997 1259 1104 1297 non
1148 1257 1362 1311 semper
1400 1243 1508 1293 un'o
1534 1237 1830 1304 eodemque
1876 1241 2118 1301 tempore

533 1340 692 1393 unius
713 1338 936 1393 cultura:
959 1336 1108 1407 operi
1131 1335 1345 1389 insistat
1370 1346 1386 1384 :
1414 1330 1506 1386 sed
1528 1328 1820 1399 praevideat
1849 1324 1979 1395 quid
2011 1335 2119 1376 uno

532 1430 619 1484 vel
650 1430 780 1499 quid
809 1429 916 1483 alio
948 1437 1192 1496 tempore
1239 1432 1511 1493 operetur.
1547 1420 1750 1474 lterum
1789 1430 1919 1470 vero
1964 1428 2120 1483 repe-

534 1523 692 1576 tenda
725 1531 807 1577 est
847 1522 947 1576 ista
978 1518 1246 1574 sententia
1290 1532 1319 1570 a
1360 1513 1553 1582 capite,
1587 1519 1641 1566 et
1670 1505 2120 1564 considerandum

535 1611 664 1682 quid
677 1611 1031 1680 spiritualiter
1042 1607 1324 1662 enucleare
1344 1603 1490 1658 velit.
1503 1621 1520 1653 ι
1539 1600 1774 1655 Auribus
1792 1594 2068 1667 percipite.
2095 1610 2114 1643 ι

536 1703 618 1757 Ad
645 1702 854 1756 scribas
881 1710 935 1757 et
962 1701 1257 1771 pbarismos
1287 1697 1529 1767 loquitur
1551 1693 1844 1764 Propheta,
1868 1703 2004 1760 quos
2031 1702 2122 1742 su-

534 1794 721 1864 perius
750 1793 994 1848 illusores
1024 1791 1330 1862 appellavit.
1356 1786 1608 1858 Nunquid
1639 1793 1750 1839 tota
1773 1784 1882 1846 die,
1913 1781 2015 1835 hoc
2038 1786 2122 1834 est

533 1889 682 1944 omni
707 1895 975 1957 tempore,
1014 1885 1189 1940 arabit
1217 1899 1379 1940 arans
1409 1890 1470 1936 ut
1496 1878 1674 1936 serat?
1711 1877 1854 1931 Deus
1879 1873 2125 1943 omnipo-

2214 685 2514 752 hominum,
2547 691 2602 740 et
2626 680 2999 754 magniﬁcaret
3011 679 3286 750 justitiam
3310 694 3519 736 suam.

2780 818 3008 878 CAPUT
3043 817 3238 875 XXIX.

2292 977 2311 1010 ‹
2326 955 2440 1022 Vae,
2455 955 2626 1020 Ariel,
2645 954 2816 1021 Ariel,
2832 954 3022 1010 civitas
3039 967 3201 1024 quam
3222 948 3597 1022 expugnavit
3619 947 3796 1004 David.

2215 1047 2526 1119 Plangentis
2545 1045 2740 1102 aﬂ‘ectu
2760 1045 3000 1117 loquitur
3017 1043 3160 1099 Deus
3176 1041 3558 1112 omnipotens
3575 1038 3643 1094 ad
3660 1039 3794 1096 Hiera

2217 1137 2406 1195 salem.
2437 1137 2568 1193 Tale
2600 1137 2731 1208 quid
2757 1146 2813 1192 et
2835 1137 2890 1191 in
2917 1135 3204 1206 Evangelio
3224 1135 3367 1206 egit,
3395 1133 3790 1204 quandovidee

2219 1232 2491 1288 civitatem
2521 1230 2668 1285 ﬂevit
2693 1245 2857 1301 super
2886 1229 3055 1295 illam,
3078 1229 3302 1284 dicens:
3334 1244 3362 1279 ι
3395 1225 3552 1294 Quia
3578 1225 3625 1281 si
3643 1240 3782 1296 ψ

2217 1323 2392 1378 visses
2409 1330 2465 1376 et
2479 1332 2532 1376 tu
2549 1320 2701 1394 (Luc.
2717 1321 2858 1391 xix).
2870 1341 2888 1373 ι
2907 1319 3021 1375 Non
3036 1327 3326 1390 propterea
3340 1323 3598 1372 vocatur
3614 1330 3645 1368 ³
3661 1316 3778 1370 [³0εὲ

2219 1431 2290 1470 no
2315 1414 2648 1470 Hierusalem
2677 1413 2852 1479 Ariel,
2880 1414 3025 1484 quod
3047 1411 3344 1482 aliquando
3377 1409 3503 1464 hoc
3525 1409 3773 1464 norner

2219 1508 2425 1571 buerit,
2463 1508 2556 1563 sed
2592 1515 2812 1577 propter
2843 1505 3354 1576 interpretationem
3390 1501 3656 1557 nominis.
3677 1501 3770 1554 ΜΞ

2221 1601 2486 1672 siquidem
2526 1601 2917 1670 interpretatur
2961 1598 3045 1653 leo
3087 1596 3203 1652 Dei.
3234 1595 3306 1651 Et
3347 1593 3689 1650 Hierusalem
3717 1593 3765 1647 leo

2221 1691 2318 1747 Dei
2359 1691 2562 1747 idcirco
2609 1689 2930 1761 appellatur,
2961 1689 3087 1758 quia
3128 1685 3450 1741 fortissima
3491 1693 3548 1740 et
3579 1686 3759 1755 potentis

2222 1783 2359 1840 sima
2384 1799 2594 1854 semper
2617 1782 2842 1838 exstitit.
2877 1779 3011 1835 Nam
3033 1787 3198 1834 tanta:
3226 1777 3360 1832 forti
3370 1776 3588 1831 tudinis
3612 1775 3688 1830 fuit
3703 1791 3757 1828 as-

2225 1882 2444 1943 tequam
2473 1881 2759 1943 caperetur
2793 1886 2826 1925 a
2851 1869 3024 1924 David
3044 1909 3061 1934 ,
3092 1878 3152 1924 ut
3181 1867 3258 1922 illi
3289 1865 3544 1922 εἰει»υηί
3567 1868 3644 1937 qui
3665 1867 3749 1919 im

533 1989 672 2042 tens,
699 1979 821 2048 pius
850 1987 905 2032 et
935 1973 1434 2041 misericors,varie
1467 1969 1732 2041 disposuit
1758 1980 1920 2022 omne
1947 1979 2117 2036 genus
2148 1965 2195 2026 Β
2224 1964 2534 2018 residebant
2552 1963 2849 2020 deridenda
2869 1962 3114 2017 dicerent
3134 1960 3203 2015 ad
3223 1959 3416 2016 David
3441 1979 3456 2013 :
3487 1978 3507 2010 ‹
3535 1959 3743 2017 Τωιιδι,

533 2073 815 2127 hominum
855 2079 912 2124 et
954 2068 1179 2123 affectus
1233 2081 1443 2121 eorum.
1489 2063 1723 2132 Ideoque
1776 2066 2123 2128 comparatur

536 2165 642 2220 isto
675 2165 727 2218 in
763 2163 884 2218 loco
911 2161 1184 2234 agricolze,
1215 2161 1306 2231 qui
1333 2174 1430 2230 per
1463 2157 1676 2212 diversa
1705 2162 1946 2223 tempora
1973 2150 2125 2205 varie

539 2263 846 2318 exercetur,
876 2261 930 2310 et
955 2270 1022 2308 ex
1047 2262 1192 2308 terra
1218 2266 1380 2321 quam
1410 2247 1596 2305 incolit
1623 2245 1832 2300 fructus
1854 2241 2126 2297 desiderat

539 2345 798 2415 recipere.
842 2344 910 2400 Ut
938 2344 1078 2398 Deus
1112 2343 1455 2412 omnipotens
1501 2335 1791 2407 aliquando
1825 2329 2127 2404 proscindit

542 2441 768 2497 terram,
802 2434 906 2489 hoc
931 2441 1015 2488 est
1042 2434 1398 2494 habitatores,
1429 2426 1737 2500 pestilentia
1766 2437 2081 2494 percussam
2105 2433 2121 2473 :

539 2524 828 2594 aliquando
852 2525 1141 2579 miseretur
1176 2531 1230 2576 et
1269 2520 1464 2592 parcit,
1495 2517 1786 2588 aliquando
1828 2513 1957 2569 facit
1996 2527 2126 2567 cou-

536 2623 836 2685 temptores
874 2629 1000 2669 suos
1031 2613 1262 2684 migrare
1298 2613 1353 2666 in
1385 2610 1786 2680 captivitatem,
1834 2603 2125 2674 aliquando

540 2710 606 2764 de
636 2710 953 2780 captivitate
981 2715 1214 2764 revocat.
1252 2707 1322 2761 Et
1357 2706 1462 2760 hoc
1492 2704 1613 2759 ideo
1639 2703 1750 2774 agit
1792 2709 1852 2755 ut
1893 2712 2122 2754 conver-

542 2811 728 2856 tantur
754 2802 821 2857 ad
847 2801 1247 2872 penitentiam,
1273 2806 1330 2854 et
1355 2797 1567 2853 fructus
1606 2797 1760 2850 bonae
1795 2789 2126 2862 operationis

540 2907 605 2948 ex
653 2894 731 2950 eis
778 2893 1021 2963 recipiat.
1059 2890 1176 2948 Non
1213 2890 1326 2945 vult
1358 2889 1502 2944 enim
1533 2897 1761 2942 mortem
1803 2881 2123 2956 peccatoris,

539 2985 633 3041 sed
661 2993 719 3039 ut
748 2993 1098 3040 convertatur
1136 2991 1192 3038 et
1222 2982 1369 3037 vivat
1390 2980 1602 3053 (Ezech.
1633 2977 1810 3048 xvm).
1839 2975 2039 3046 Pergit,
2071 2981 2127 3028 et

536 3089 636 3145 per
664 3075 937 3145 cyminum
961 3075 1105 3145 quod
1131 3075 1185 3128 in
1218 3073 1368 3144 virga
1397 3071 1694 3136 excutitur,
1719 3083 1909 3124 omnes
1935 3075 2124 3136 gentes

541 3179 828 3235 possumus
855 3164 1178 3235 intelligere,
1212 3177 1334 3233 quae
1355 3159 1721 3232 cognitionem
1747 3157 1842 3212 Dei
1869 3172 1976 3211 non
2000 3168 2124 3225 per-

540 3262 839 3324 ceperunt,
883 3268 1003 3323 qua:
1043 3253 1098 3307 in
1144 3252 1319 3324 virga,
1356 3253 1460 3307 hoc
1498 3257 1582 3306 est
1620 3250 1674 3304 in
1719 3247 1895 3318 poenis
1924 3243 2124 3300 inferni

2227 2055 2496 2124 inquiunt,
2523 2055 2736 2119 civitas,
2762 2062 2872 2109 uta
2899 2052 3166 2108 debilibus
3187 2051 3473 2116 arcearis,
3494 2060 3546 2106 et
3567 2066 3650 2106 non
3667 2066 3738 2120 pet-

2225 2147 2458 2203 mitteris
2486 2147 2631 2203 intus
2673 2147 2897 2201 introire
2946 2145 3050 2200 nisi
3091 2159 3268 2200 cacas
3311 2152 3376 2200 et
3420 2143 3617 2199 claudos
3640 2152 3736 2195 ante:

2225 2242 2462 2312 expellas
2502 2239 2624 2313 (III
2671 2239 2799 2310 Reg.
2833 2238 2908 2312 v).
2946 2257 2965 2290 ι
3001 2237 3155 2294 Unde
3200 2237 3394 2292 exivit
3439 2236 3730 2307 provu'bi:

2225 2330 2411 2388 Caacus
2439 2339 2494 2386 et
2523 2331 2748 2386 claudus
2773 2345 2878 2385 non
2901 2329 3203 2385 introibunt
3231 2329 3294 2383 in
3329 2328 3579 2398 templum.
3599 2325 3724 2380 Postea

2225 2434 2404 2480 autem
2429 2440 2590 2494 quam
2616 2433 2771 2495 capta
2793 2431 2878 2479 est
2902 2422 2969 2477 ab
2990 2423 3102 2489 illo,
3123 2422 3305 2476 multo
3329 2421 3496 2492 magis
3507 2416 3701 2491 permit:

2227 2519 2492 2575 curricula
2526 2535 2789 2574 annorum
2807 2561 2822 2585 ,
2853 2519 3166 2575 fortitudine
3195 2525 3535 2588 pugnator-II
3557 2522 3594 2566 et
3619 2525 3697 2563 amo

2225 2610 2342 2666 bitu
2383 2626 2694 2673 murorum,
2727 2610 2949 2680 insuper
3001 2618 3058 2666 et
3103 2607 3470 2662 multitudine
3507 2603 3710 2659 divisam

2227 2710 2385 2756 aucta
2424 2710 2480 2756 et
2523 2701 2875 2772 multiplicata
2901 2707 3005 2757 est.
3037 2699 3274 2754 Maxime
3305 2691 3715 2767 temporibosSalo-

2227 2796 2425 2861 monis,
2460 2795 2675 2866 quando
2709 2793 2966 2865 templum
2997 2792 3129 2847 illud
3167 2789 3594 2863 gloriosissimum
3616 2781 3705 2839 ὦ

2226 2898 2406 2945 catum
2436 2899 2542 2954 est,
2578 2897 2632 2943 et
2661 2895 2811 2941 tanta
2847 2885 2950 2940 fuit
2983 2883 3140 2955 copia
3175 2883 3395 2954 argenti
3423 2891 3473 2935 et
3494 2878 3592 2934 auri
3622 2877 3662 2930 in
3681 2889 3713 2926 υ

2229 2989 2287 3035 ut
2315 2981 2571 3052 lapidum.
2604 2979 2836 3049 Ideoque
2879 2976 3124 3047 praedicit
3166 2974 3219 3030 ei
3265 2989 3346 3028 va:
3384 2967 3719 3031 imminere,bat

2227 3081 2310 3127 est
2335 3081 2647 3142 perpetuam
2677 3069 3099 3132 damnationem,
3136 3067 3264 3136 quia
3299 3065 3463 3120 omnis
3490 3061 3630 3133 gloria
3661 3057 3721 3112 illa

2229 3173 2282 3219 et
2310 3163 2612 3219 sublimitas
2637 3160 2930 3218 auferenda
2951 3169 3070 3216 erat
3094 3166 3317 3230 propter
3334 3164 3527 3228 peccata
3549 3152 3720 3206 illorum

2230 3273 2258 3312 a
2289 3255 2554 3312 Chaldaeis
2579 3263 2634 3311 et
2661 3253 2943 3320 Romanis,
2978 3251 3124 3309 sicut
3161 3251 3216 3305 in
3249 3244 3628 3316 subsequattibus
3651 3240 3717 3293 ri-

537 3345 896 3400 excutientur.
931 3344 1033 3398 Per
1063 3343 1304 3398 triticum
1332 3351 1388 3398 et
1408 3343 1669 3398 hordeum
1693 3340 1834 3394 unde
1855 3337 2010 3409 panis
2041 3335 2122 3404 ﬁt,
2151 3329 2197 3393 C
2230 3347 2496 3402 debimus.

535 3435 751 3492 Judazos
780 3438 871 3508 qui
903 3438 1266 3509 cognitionem
1287 3437 1383 3492 Dei
1406 3443 1764 3507 perceperunt
1789 3433 1842 3487 in
1869 3432 2005 3501 lege,
2030 3430 2126 3486 sed

537 3529 830 3584 noluerunt
857 3543 976 3582 eam
1009 3529 1304 3599 adimplere
1336 3549 1348 3583 :
1376 3535 1432 3584 et
1460 3529 1581 3584 ideo
1610 3525 1819 3596 majora
1855 3532 2127 3580 tormenta

540 3619 820 3686 sufferent,
846 3636 1005 3690 quam
1033 3619 1109 3675 illi
1141 3621 1234 3691 qui
1269 3621 1500 3676 necdum
1532 3620 1702 3675 Deum
1730 3625 2116 3688 cognoverunt.

551 3711 642 3766 Vel
674 3712 830 3767 aliter
857 3731 869 3766 :
894 3728 991 3784 per
1015 3713 1252 3768 triticum
1279 3722 1334 3768 et
1360 3712 1620 3768 hordeum
1643 3711 1897 3782 praalatos
1925 3718 2126 3766 sancta:

540 3800 798 3858 Ecclesiae
835 3813 889 3858 et
926 3804 1198 3875 principes
1229 3805 1385 3861 istius
1425 3805 1629 3870 saeculi,
1669 3803 1761 3874 qui
1805 3803 2125 3872 semetipsos

539 3897 833 3962 custodire,
867 3905 923 3952 et
949 3897 1084 3953 alios
1117 3899 1280 3954 etiam
1324 3899 1388 3954 ad
1430 3899 1624 3969 gaudia
1662 3913 1910 3968 supernae
1934 3896 2125 3967 patriae

539 4003 796 4045 revocare
823 3991 1034 4046 debent.
1066 3991 1180 4057 lsti,
1224 3991 1350 4046 dum
1397 4006 1454 4046 se
1482 3991 1605 4046 totis
1649 3991 1854 4046 viribus
1894 3991 2125 4046 terrenis

538 4082 707 4139 lucris
731 4085 1028 4154 implicant,
1057 4094 1112 4138 et
1141 4099 1240 4138 suo
1261 4084 1404 4138 malo
1432 4083 1679 4153 exemplo
1707 4085 1976 4154 subjectos
1996 4099 2124 4140 suos

432 4204 436 4208 -
538 4189 569 4227 a
611 4176 698 4228 via
740 4161 1000 4228 veritatis
1035 4175 1252 4228 deviare
1301 4173 1526 4240 faciunt,
1580 4175 1770 4246 procul
1811 4176 1975 4230 dubio
2015 4177 2122 4234 nisi

532 4263 912 4334 paenitentiam
953 4262 1248 4333 perlectam
1280 4274 1406 4318 ante
1429 4274 1729 4320 extremum
1755 4263 1944 4334 judicii
1977 4267 2120 4323 diem

535 4353 765 4423 egerint,
806 4354 1052 4409 tradendi
1082 4361 1206 4409 sunt
1233 4355 1410 4424 poenis
1436 4354 1632 4411 inferni
1660 4375 1672 4410 :
1704 4357 1830 4426 quia
1872 4366 2122 4426 potentes

534 4453 785 4514 potenter
811 4453 1074 4500 tormenta
1102 4446 1378 4516 patientur
1408 4446 1557 4519 (Sap.
1587 4449 1685 4519 v1).
1717 4447 1818 4504 Per
1843 4450 2120 4520 cyminum

533 4547 714 4593 autem
752 4545 805 4593 et
846 4537 962 4608 gith
997 4539 1284 4607 populares
1312 4547 1367 4593 et
1405 4539 1675 4609 simplices
1716 4540 1918 4610 quique
1964 4539 2121 4594 intel-

531 4631 791 4702 liguntur,
829 4633 920 4701 qui
971 4631 1130 4685 ﬁdem
1168 4642 1371 4687 sanctae
1399 4631 1677 4686 Trinitatis
1706 4639 1762 4686 et
1789 4632 2116 4702 baptismum

2305 3458 2324 3489 ι
2359 3438 2589 3494 Additus
2610 3446 2696 3494 est
2721 3451 2894 3493 annus
2920 3437 2988 3492 ad
3023 3451 3246 3501 annum,
3274 3428 3584 3489 solistumum
3607 3436 3715 3479 evo-

2228 3531 2355 3588 luta:
2381 3539 2524 3586 sunt.
2557 3549 2576 3583 ι
2609 3530 2735 3587 ideo
2763 3530 2898 3586 dixit
2923 3547 2938 3586 :
2964 3527 3060 3586 Va
3099 3529 3230 3595 tibi,
3261 3525 3436 3591 Ariel,
3457 3519 3667 3594 quiahoc
3685 3514 3720 3570 ἀ

2227 3625 2470 3680 futurum
2505 3633 2646 3679 erat.
2680 3623 2748 3678 Et
2786 3622 3025 3694 loquitur
3067 3624 3135 3678 de
3173 3621 3357 3676 futuro
3383 3615 3520 3690 quasi
3546 3614 3601 3668 de
3625 3623 3718 3681 Ρη·

2228 3720 2408 3775 terito.
2437 3718 2626 3774 Annus
2669 3733 2811 3774 anno
2853 3718 3068 3774 additus
3113 3728 3217 3783 est,
3257 3716 3388 3786 quia
3418 3710 3597 3785 quando
3621 3703 3717 3759 ducti

2228 3818 2355 3865 sunt
2388 3810 2442 3866 in
2472 3810 2840 3880 captivitatem
2871 3825 2902 3863 a
2929 3808 3456 3872 Nabuchodonosor,
3482 3799 3714 3861 nonolat-

2225 3901 2359 3957 bant
2387 3901 2675 3967 sacriﬁcia,
2701 3901 2825 3971 quia
2848 3902 3030 3957 deerat
3054 3900 3342 3970 templum;
3366 3909 3430 3955 et
3448 3892 3712 3954 summa

2227 3990 2734 4058 tabernaculorum,
2781 3999 2838 4046 et
2877 3991 3091 4061 paschae
3130 3991 3364 4046 evoluta:
3413 3987 3640 4054 sunt,hoc
3665 3985 3716 4033 δι

2225 4084 2521 4154 perierunt.
2571 4083 2638 4138 Et
2683 4083 2825 4139 sicut
2867 4082 2969 4139 fuit
3011 4084 3219 4155 primus
3259 4099 3449 4139 annus
3489 4071 3718 4150 captivitati!

2225 4190 2395 4245 usque
2423 4175 2508 4230 his
2536 4176 2808 4242 omnibus,
2834 4175 2914 4233 sic
2942 4174 3044 4230 fuit
3084 4183 3142 4231 et
3184 4177 3551 4247 subsequens,
3573 4169 3718 4234 idem!

2226 4267 2438 4322 additus
2475 4266 2672 4322 dicitur
2715 4282 2838 4323 esse
2877 4283 3050 4322 annus
3092 4267 3158 4323 ad
3200 4283 3439 4324 annum.
3482 4263 3602 4320 Dicit
3632 4257 3718 4314 eli!

2221 4358 2414 4414 beatus
2452 4357 2831 4430 Hieronymus,
2867 4359 2997 4428 quia
3037 4359 3140 4414 hoc
3177 4367 3261 4414 est
3298 4359 3508 4413 mirum
3532 4353 3717 4426 quod!"

2223 4449 2520 4520 eodemque
2554 4459 2796 4520 tempore
2820 4459 2875 4506 et
2897 4450 3090 4505 civitas
3132 4451 3447 4517 destructa,
3477 4459 3531 4504 et
3552 4441 3715 4511 tamen

2221 4555 2541 4597 succensum
2568 4549 2623 4596 et
2648 4542 2877 4612 populus
2903 4542 3096 4597 ductus
3119 4549 3204 4597 est
3232 4543 3284 4595 in
3319 4529 3716 4612 captivitatemi!

2222 4630 2314 4686 illo
2362 4640 2606 4702 tempore
2667 4631 2883 4711 quando
2924 4630 3180 4687 Sedecias
3220 4632 3627 4701 comprehensus
3651 4628 3718 4676 est:

534 4723 961 4792 regenerationis
1002 4722 1140 4778 male
1184 4723 1412 4777 vivendo
1453 4731 1828 4792 corrumpunt,
1871 4723 1963 4792 qui
2007 4723 2114 4778 nisi
2143 4693 2196 4755 D
2222 4722 2301 4778 sic
2322 4723 2488 4778 etiam
2516 4731 2572 4777 et
2597 4722 2651 4776 in
2682 4709 2915 4778 adventu
2943 4723 3312 4779 Romanorum
3337 4733 3523 4780 actum
3541 4729 3623 4776 es.

531 4812 786 4882 lacrymis
817 4822 870 4866 et
913 4814 1228 4881 poenitentia
1259 4814 1424 4868 abluti
1457 4812 1680 4879 fuerint,
1711 4812 1961 4868 tradendi
1989 4821 2118 4869 sunt

532 4903 811 4974 suppliciis
824 4903 1304 4975 gehennaeNerum
1319 4920 1423 4959 non
1438 4905 1492 4959 in
1511 4913 1833 4974 perpetuum
1845 4903 2116 4974 triturabi-

532 5007 622 5051 tur
651 4997 825 5068 panis,
863 5013 1036 5066 neque
1061 4997 1332 5068 cyminum
1377 4998 1524 5068 virga
1566 4997 1889 5052 excutietur.
1921 4995 1979 5050 In
2010 4997 2114 5052 hoc

527 5090 648 5143 loco
669 5089 1089 5145 consolationem
1115 5089 1205 5144 dat
1225 5090 1615 5158 peccatoribus.
1641 5088 1947 5145 Misericors
1965 5089 2113 5144 enim

528 5180 789 5234 Dominus
820 5189 1082 5235 creaturae
1106 5195 1217 5236 suae
1246 5180 1298 5234 in
1329 5180 1413 5234 die
1437 5179 1626 5249 judicii
1656 5181 2036 5236 miserebitur:
2066 5180 2114 5236 si

529 5274 583 5326 in
615 5273 719 5326 isto
761 5273 958 5327 saeculo
1001 5273 1378 5342 pmnitentiam
1425 5280 1552 5326 ante
1586 5273 2109 5342 praeoccupationem

527 5365 719 5418 mortis
748 5364 938 5434 egerit.
972 5363 1120 5418 Multi
1144 5378 1374 5433 namque
1398 5370 1524 5417 sunt
1549 5363 1602 5417 in
1630 5363 1753 5434 igne
1773 5365 2108 5434 purgatorio,

525 5455 617 5523 qui
653 5454 1029 5523 paenitentiam
1066 5454 1154 5509 hic
1188 5455 1579 5510 inchoaveruut
1609 5473 1620 5506 :
1654 5455 1747 5508 sed
1783 5456 2110 5525 surripiente

523 5548 717 5601 mortis
764 5547 993 5602 articulo
1025 5563 1130 5602 non
1176 5548 1243 5602 ad
1284 5545 1532 5602 ell'ectum
1577 5547 1969 5618 perduxerunt,
2011 5549 2104 5618 qui

525 5637 756 5691 Domino
788 5637 1048 5708 largiente
1062 5638 1134 5691 --in
1171 5639 1256 5691 die
1291 5637 1476 5705 judicii
1506 5637 1872 5692 salvabuntur.
1907 5636 2104 5692 Notan-

2299 4836 2317 4868 ‹
2352 4816 2420 4870 Et
2458 4816 2876 4872 circumvallabo
2913 4817 3082 4883 Ariel,
3120 4838 3140 4871 ι
3170 4818 3273 4872 hoc
3298 4829 3392 4874 est
3434 4813 3726 4874 Hierusalem!

2227 4927 2247 4960 ‹
2279 4917 2334 4963 et
2352 4908 2456 4963 erit
2481 4908 2654 4964 tristis
2675 4918 2730 4963 et
2757 4924 3011 4965 maerens.
3035 4929 3056 4962 ι
3080 4909 3434 4966 Circumdata
3462 4906 3618 4965 hostili
3633 4913 3730 4958 exer-

2221 5000 2332 5054 citu
2374 4999 2792 5056 Chaldaeorum:
2827 5001 2968 5056 sicut
3014 5001 3271 5056 Dominus
3314 5004 3490 5057 etiam
3530 5015 3612 5070 per
3639 4993 3730 5048 kre-

2220 5093 2385 5147 miam
2422 5091 2708 5160 praedixit:
2742 5091 2882 5147 Ecce
2926 5107 3026 5165 ego
3071 5094 3424 5164 congregabo
3464 5102 3650 5148 veteres
3675 5096 3731 5137 α)-

2219 5182 2504 5254 gnationes
2554 5196 2844 5253 regnorum
2891 5182 3180 5253 aquilonis,
3208 5183 3343 5238 dicit
3401 5182 3668 5239 Dominus,
3700 5177 3734 5225 εί

2215 5281 2419 5345 ponent
2439 5275 2594 5329 sedes
2619 5288 2745 5329 suas
2773 5289 2935 5344 super
2953 5283 3137 5344 portas
3158 5275 3520 5330 Ilierusalem.
3549 5272 3627 5328 Sic
3640 5264 3735 5322 uti!

2217 5365 2419 5422 factum
2451 5373 2554 5421 est.
2579 5365 2716 5421 Nam
2740 5367 2956 5436 quando
2991 5366 3247 5422 Sedecias
3289 5376 3346 5421 et
3373 5367 3632 5438 principes
3650 5368 3735 5413 call

2214 5470 2282 5510 eo
2303 5470 2400 5525 per
2419 5455 2690 5526 quoddam
2713 5456 2960 5512 foramen
2986 5457 3127 5512 muri
3158 5455 3452 5526 fugerunt,
3477 5466 3532 5511 et
3555 5456 3738 5517 conpl?

2214 5545 2368 5600 hensi
2409 5552 2535 5600 sunt
2579 5546 2647 5601 ab
2686 5546 2928 5616 equitatu
2959 5544 3462 5602 Nabuchodonosor
3498 5546 3550 5600 in
3587 5533 3739 5604 campi

2210 5635 2580 5700 Jericuntinis,
2623 5637 2896 5708 principes
2923 5637 3296 5693 Chaldaeorum
3341 5646 3532 5707 portas
3553 5635 3651 5706 jam
3676 5623 3742 5682 ὼ·

524 5729 650 5782 dum
684 5741 864 5784 autem
903 5730 1028 5800 quia
1051 5746 1157 5785 non
1183 5731 1248 5785 de
1275 5731 1454 5801 impiis
1481 5731 1740 5796 dicimus,
1767 5731 1860 5800 qui
1890 5731 1944 5785 in
1987 5733 2103 5803 ipsa
2208 5728 2442 5783 tinentes
2464 5770 2479 5795 ,
2507 5729 2662 5785 sedes
2685 5745 2815 5812 suas
2841 5729 3234 5785 collocaverant
3259 5730 3511 5801 desuper.
3546 5745 3564 5777 ι
3592 5715 3741 5779 Etet“

521 5817 802 5886 impietate
832 5822 1166 5878 transierunt
1193 5821 1261 5876 ab
1286 5822 1390 5877 bac
1437 5822 1558 5878 luce
1589 5841 1602 5874 :
1634 5822 1730 5877 sed
1771 5823 1839 5878 de
1880 5823 1965 5880 his
2005 5825 2100 5896 qui
2204 5825 2338 5882 mibi
2366 5825 2518 5895 quasi
2544 5824 2717 5893 Ariel,
2745 5836 2798 5882 et
2822 5825 3168 5882 circumdabo
3195 5827 3349 5895 quasi
3376 5823 3548 5879 feram
3574 5821 3625 5875 in
3651 5814 3733 5869 cir-

521 5918 645 5980 post
689 5910 889 5983 ﬂagitia
919 5922 1136 5982 peracta
1170 5913 1236 5970 ad
1265 5914 1638 5984 penitentiam
1665 5917 1914 5974 conversi
1949 5927 2095 5975 sunt.
2205 5918 2354 5974 cuitu
2382 5925 2490 5971 tuo.
2525 5937 2542 5970 ι
2573 5916 2685 5975 Hoc
2705 5919 2774 5976 ad
2805 5927 3018 5990 tempus
3049 5916 3414 5975 Romanorum
3440 5900 3742 5988 μαῖαι-ει
