3918 6458
110 469 232 527 857

1202 456 1554 517 COMMEN'I‘.
1598 454 1661 510 IN
1700 452 1954 511 lSAIAM.
1994 486 2063 497 —
2103 452 2228 512 LIB.
2266 448 2330 512 Il.

3286 456 3393 515 858

110 586 235 641 erit
263 583 398 641 mihi
427 584 581 653 quasi
611 580 792 647 Ariel,
837 589 893 634 et
939 573 1284 633 circumdabo
1317 572 1474 644 quasi
1521 571 1711 627 feram.
1740 572 1795 634 Α
1821 570 1923 625 hoc
1952 578 2036 626 est
2060 571 2261 641 impetu
2293 587 2508 642 magno,
2540 581 2596 628 et
2624 572 2778 644 quasi
2815 580 3105 643 tempestas
3129 572 3394 629 venerunt

108 677 204 734 Ac
254 679 301 733 si
352 677 558 731 diceret
605 675 726 729 aliis
770 672 952 727 verbis
984 687 995 722 :
1030 669 1164 725 Cum
1193 666 1407 722 venerit
1440 663 1721 735 Vespasia-

114 783 230 823 nus
275 775 332 821 et
367 765 521 820 Titus
567 761 857 831 constipati
903 760 1073 815 milite
1117 758 1397 818 Romano,
1438 754 1545 809 eris
1588 752 1719 806 mihi

112 857 289 928 quasi
320 855 468 909 Ariel
498 872 510 907 :
545 855 648 908 hoc
674 860 756 907 est
788 866 983 905 nomen
1015 847 1390 902 tantummodo
1431 843 1718 915 pristinum

97 935 391 1010 .ltabebis,
419 944 513 999 sed
556 942 704 998 omni
752 941 1012 1013 dignitate
1057 945 1113 993 et
1153 938 1323 1009 gloria
1354 936 1560 1006 privata
1589 934 1717 997 eris,

114 1040 325 1107 quibus
351 1034 683 1105 temporibus
707 1033 905 1102 priscis
929 1029 1173 1086 floruisti.
1196 1027 1481 1097 Templum
1503 1026 1719 1094 quidem

112 1130 355 1185 habebis
388 1138 443 1184 et
468 1128 779 1183 sacerdotes
805 1125 959 1195 quasi
992 1122 1327 1191 temporibus
1373 1117 1679 1173 Salomonis
1701 1156 1716 1180 ,

114 1219 221 1273 sed
248 1234 351 1273 nec
379 1216 635 1289 templum
664 1215 799 1269 tanti
829 1213 1067 1277 decoris,
1100 1226 1200 1268 nec
1228 1210 1537 1265 sacerdotes
1557 1215 1721 1261 tanta:

115 1309 428 1379 dignitatis.
472 1305 821 1362 Solummodo
862 1318 1058 1359 nomen
1089 1300 1353 1356 retinebis
1380 1306 1440 1353 ut
1469 1297 1723 1351 Hierusa-

115 1398 232 1454 lem
273 1398 519 1463 voceris,
569 1398 664 1452 sed
708 1395 918 1451 caeteris
960 1390 1119 1448 rebus
1161 1391 1440 1461 prioribus
1487 1386 1717 1442 carebis.

117 1488 287 1556 Quod
308 1497 491 1544 autem
514 1487 686 1554 addit,
701 1494 756 1541 et
781 1484 1130 1540 circumdabo
1157 1481 1309 1552 quasi
1340 1479 1512 1533 feram
1541 1479 1595 1532 in
1617 1478 1723 1533 cir-

117 1582 281 1638 cuitu
323 1589 439 1647 tuo,
492 1578 753 1635 convenit
784 1576 853 1631 ad
884 1575 1037 1639 illud,
1069 1573 1212 1643 quod
1236 1571 1365 1626 dicit
1392 1571 1444 1623 in
1478 1570 1722 1641 Evange-

117 1673 233 1728 lio:
275 1692 293 1724 ι
338 1672 404 1727 Et
440 1670 856 1727 circumdabunt
887 1674 944 1723 te
973 1666 1178 1721 inimici
1205 1666 1279 1719 tui
1310 1663 1473 1729 vallo,
1505 1682 1522 1713 ›
1560 1663 1610 1716 id
1637 1671 1723 1717 est

118 1765 431 1820 munitione
476 1762 562 1817 vel
606 1761 921 1823 obsidione,
960 1778 978 1810 ς
1009 1765 1067 1811 ut
1106 1771 1345 1827 nequeas
1390 1754 1623 1825 effugere
1655 1754 1723 1811 de

120 1858 382 1911 manibus
410 1855 624 1910 illorum
649 1852 800 1924 (Luc.
828 1850 961 1923 nx).
994 1870 1013 1903 ι

1819 676 1981 732 super
2028 662 2165 727 illos,
2209 679 2238 716 a
2281 679 2509 732 quorum
2549 664 2895 718 multitudine
2933 671 3077 718 terra
3113 662 3396 718 videbatur

1818 751 2039 807 moveri.
2078 753 2179 822 Ipsi
2209 754 2460 809 viderunt
2485 752 2730 810 ﬂammas
2768 755 2908 824 ignis
2945 771 3064 825 quae
3095 754 3391 810 succende-

1820 852 1945 896 runt
1968 842 2224 913 templum
2251 853 2305 899 et
2326 844 2620 910 civitatem,
2646 854 2703 901 et
2734 846 2914 901 omnia
2945 854 3397 918 consumpserunt

1820 932 1959 989 sicut
1987 934 2150 988 ardor
2177 934 2335 1004 ignis.

1896 1043 1914 1076 ι
1944 1025 2011 1079 Et
2047 1026 2150 1080 erit
2177 1026 2318 1081 sicut
2356 1028 2623 1082 somnium
2654 1028 2879 1083 visionis
2907 1037 3187 1085 nocturnae
3213 1026 3395 1082 multi-

1821 1114 1951 1169 tudo
1993 1114 2231 1170 omnium
2279 1116 2551 1186 gentium,
2599 1133 2719 1189 quae
2769 1119 3159 1173 dimicaverunt
3207 1124 3393 1172 contra

1818 1208 1984 1263 Ariel.
2020 1226 2037 1259 ι
2064 1208 2457 1279 Apostropham
2509 1209 2637 1266 facit
2675 1210 2944 1282 Propheta
2990 1211 3057 1267 ad
3104 1211 3390 1275 Romanos,

1820 1300 1910 1369 qui
1931 1299 2227 1356 Jerusalem
2251 1303 2650 1357 destruxerunt.
2672 1303 2803 1359 Cum
2830 1305 2997 1370 enim,
3022 1304 3249 1360 Domino
3274 1319 3396 1373 per-

1820 1392 2085 1458 mittente,
2125 1392 2397 1448 civitatem
2424 1394 2715 1463 cepissent,
2744 1404 2798 1450 et
2826 1396 3080 1467 templum
3102 1410 3397 1465 omnesque

1822 1482 2037 1537 divitias
2056 1491 2164 1537 tam
2197 1484 2574 1539 thesaurorum
2596 1485 2806 1540 Domini
2828 1502 2985 1556 quam
3009 1488 3170 1541 etiam
3192 1486 3395 1556 populi,

1821 1582 1875 1627 et
1903 1589 1971 1629 ex
1999 1575 2079 1629 eis
2106 1574 2415 1646 locupletati
2457 1587 2670 1641 essent,
2713 1594 2818 1633 non
2866 1578 3129 1633 dederunt
3170 1578 3396 1631 Domino

1822 1665 2022 1735 gratias
2068 1667 2160 1734 qui
2206 1666 2309 1721 hoc
2352 1667 2434 1722 eis
2476 1670 2771 1733 concessit,
2817 1669 2911 1725 sed
2959 1668 3399 1741 glorificaverunt

1822 1755 1950 1811 deos
1973 1770 2101 1811 suos
2124 1758 2278 1826 quasi
2305 1757 2518 1814 illorum
2544 1760 2740 1814 virtute
2761 1761 3009 1831 protecti,
3036 1761 3189 1815 ditati
3215 1768 3397 1817 essent

1822 1848 1991 1917 copiis
2037 1846 2361 1904 Iudaeorum.
2416 1850 2483 1904 Et
2534 1852 2733 1906 idcirco
2782 1851 3018 1921 loquitur
3066 1860 3252 1906 contra
3304 1865 3397 1906 eos

203 1965 223 1999 ι
259 1947 660 2010 Humiliaberis,
684 1965 701 1997 ι
722 1960 846 2001 cum
874 1944 989 1999 haec
1007 1943 1252 1997 venerint
1281 1940 1398 2007 tibi,
1432 1959 1451 1992 ‹
1480 1940 1545 1994 de
1571 1948 1716 1993 terra
1743 1926 1792 1985 Β
1819 1938 2107 2010 Pr0pheta,
2128 1942 2271 2010 quod
2299 1942 2407 1997 cito
2441 1943 2715 1997 transituri
2744 1952 2798 1998 et
2823 1944 3069 1998 morituri
3088 1946 3233 2010 'sunt,
3260 1942 3397 1999 'dans

121 2042 390 2111 loqueris,
430 2060 447 2092 ι
480 2056 587 2095 non
631 2038 699 2094 de
741 2038 1054 2093 coelestibus
1099 2036 1280 2090 rebus.
1305 2034 1385 2088 Ac
1426 2033 1471 2087 si
1509 2031 1717 2086 diceret

121 2132 250 2186 aliis
280 2132 460 2186 verbis
490 2148 502 2185 :
533 2130 662 2197 Quae
688 2137 813 2183 ante
845 2127 1003 2183 solita
1029 2142 1151 2181 eras
1196 2123 1441 2195 proferre
1484 2122 1716 2194 prophe-

121 2228 230 2285 tas,
269 2220 361 2289 qui
407 2235 531 2274 cum
580 2219 807 2273 Domino
850 2218 1206 2286 loquebantur
1228 2224 1281 2270 et
1314 2216 1379 2269 de
1407 2214 1713 2269 coelestibus

116 2310 493 2380 disputabant,
534 2321 821 2381 postquam
853 2311 1101 2363 venerint
1126 2306 1369 2371 Romani,
1393 2304 1503 2373 jam
1526 2316 1713 2375 postea

116 2402 355 2457 desistes
386 2404 528 2473 loqui
555 2403 701 2457 aliud
730 2402 1097 2457 nisi-terrena.
1123 2420 1140 2452 ι
1169 2401 1236 2455 Ει
1256 2401 1322 2455 de
1345 2400 1509 2453 humo
1536 2398 1713 2451 audie-

115 2503 211 2547 tur
238 2493 511 2563 eloquium
540 2502 712 2548 tuum.
756 2512 775 2545 ι
808 2491 911 2547 Per
935 2492 1039 2546 hoc
1069 2490 1238 2545 voluit
1269 2488 1549 2552 Dominus,
1582 2488 1713 2541 dicit

113 2580 322 2637 beatus
343 2582 726 2655 Hieronymus,
753 2583 1040 2638 ostendere
1069 2596 1254 2651 magos
1281 2580 1493 2633 futuros
1523 2593 1586 2632 ex
1620 2578 1710 2633 illo

112 2673 342 2743 populo,
370 2674 510 2729 sicut
538 2681 726 2743 postea
752 2672 949 2727 multos
980 2672 1284 2725 audivimus
1307 2671 1496 2734 fuisse,
1522 2680 1581 2724 ut
1610 2669 1710 2724 fuit

115 2762 314 2821 Simon
342 2781 551 2837 magus.
585 2764 827 2820 Fuerunt
853 2763 995 2834 magi
1027 2764 1116 2832 qui
1148 2778 1243 2833 per
1267 2762 1705 2833 nigromantiam,

114 2872 247 2928 qua:
285 2857 483 2911 dicitur
520 2866 856 2912 mortuorum
878 2854 1159 2920 excitatio,
1190 2854 1399 2909 animas
1427 2855 1495 2909 ab
1524 2853 1711 2909 inferis

115 2952 448 3016 evocabant,
479 2958 533 3006 et
563 2950 883 3004 emittebant
909 2948 1288 3003 subtilissimas
1308 2962 1489 3013 voces,
1522 2946 1710 3016 przedi-

118 3051 315 3097 centes
360 3042 464 3097 hoc
503 3042 643 3097 unde
682 3041 1100 3112 requirebantur
1125 3057 1154 3094 a
1187 3042 1377 3111 magis.
1411 3040 1553 3095 Idem
1584 3047 1708 3094 sunt

118 3141 178 3188 et
206 3134 491 3205 pythones,
523 3134 616 3203 qui
647 3132 971 3203 ventriloqui
995 3132 1354 3203 appellantur,
1386 3148 1451 3187 eo
1480 3132 1621 3202 quod
1650 3132 1706 3185 in

117 3232 312 3281 ventre
342 3226 577 3281 habeant
606 3225 895 3280 diabolum.
935 3225 1071 3280 Nam
1111 3226 1189 3280 sic
1230 3224 1358 3279 fecit
1387 3226 1704 3294 pythonissa

1819 2048 1883 2087 ex
1912 2032 2015 2088 hoc
2044 2042 2155 2088 tres
2184 2034 2580 2090 similitudines.
2634 2035 2807 2101 Sicut,
2848 2036 3057 2105 inquit,
3105 2036 3393 2101 somnium,

1815 2124 1920 2179 hoc
1943 2132 2025 2179 est
2057 2125 2195 2179 visio
2224 2142 2344 2195 qua:
2390 2127 2621 2191 videtur,
2655 2126 2869 2196 quando
2904 2127 3051 2181 videt
3091 2127 3396 2197 aliquis.ar-

1815 2215 1975 2270 bores
1999 2226 2051 2271 et
2073 2226 2283 2272 montes
2308 2218 2554 2282 transire,
2574 2220 2753 2273 statim
2779 2228 2835 2273 ut
2854 2219 3207 2289 evigilaverit,
3223 2235 3394 2273 vacua

1817 2316 1898 2361 est
1932 2308 2110 2361 anima
2141 2309 2259 2378 ejus
2293 2326 2305 2360 :
2336 2310 2412 2363 sic
2443 2310 2551 2364 cito
2571 2310 2887 2364 transibunt
2913 2319 3101 2378 gentes
3124 2310 3392 2365 Romano-

1815 2414 1935 2452 rum
1978 2414 2098 2467 qua:
2139 2398 2533 2455 dimicaverunt
2558 2411 2744 2455 contra
2769 2399 3129 2467 Hierusalem,
3162 2416 3227 2455 eo
3253 2400 3395 2469 quod

1815 2506 1920 2545 non
1966 2500 2196 2561 egerunt
2239 2494 2444 2563 gratias
2488 2493 2596 2548 Deo
2624 2493 2714 2562 qui
2744 2494 2889 2548 dedit
2925 2494 3003 2548 eis
3048 2494 3227 2547 omnia
3255 2492 3393 2547 bona

1812 2580 2141 2647 Judzeorum,
2176 2585 2269 2639 sed
2296 2584 2495 2639 virtute
2523 2584 2799 2639 numinum
2829 2600 3048 2641 suorum
3071 2592 3395 2656 putaverunt

1814 2688 1871 2727 se
1903 2675 2003 2729 hoc
2030 2673 2244 2730 fecisse.

1889 2782 1906 2814 ‹
1936 2763 2337 2836 Obstupescite,
2375 2786 2393 2819 ι
2423 2782 2454 2821 o
2480 2768 2673 2821 scribce
2700 2766 3052 2833 etPharisaei,
3082 2783 3100 2817 ι
3137 2776 3192 2821 et
3216 2765 3393 2819 admi-

1813 2856 2025 2918 ramini,
2062 2876 2080 2909 ι
2116 2857 2388 2911 miseriam
2411 2866 2677 2923 vestram;
2724 2876 2742 2909 ι
2786 2857 3058 2921 fluctuate,
3100 2878 3118 2911 ι
3152 2859 3255 2913 hoc
3286 2866 3390 2919 est,

1814 2948 2040 3003 titubate
2078 2966 2096 2999 ι
2130 2958 2184 3004 et
2210 2949 2476 3015 vacillate,
2516 2970 2535 3002 »
2568 2950 2621 3005 id
2645 2958 2726 3005 est
2750 2951 2856 3005 huc
2884 2950 3115 3020 illucque
3143 2964 3239 3005 vos
3268 2965 3392 3005 ver-

1811 3040 1927 3095 tite.
1952 3040 2149 3094 lterum
2181 3040 2419 3109 loquitur
2448 3056 2626 3097 sermo
2653 3041 2866 3095 divinus
2890 3051 3078 3096 contra
3100 3042 3303 3096 scribas
3337 3048 3393 3095 et

1810 3132 2135 3187 Pharisaaos.
2176 3150 2194 3182 σ
2233 3130 2582 3187 Inebriamtni
2611 3140 2665 3186 et
2693 3147 2799 3187 non
2827 3147 2858 3185 a
2884 3132 3029 3197 vino,
3058 3150 3077 3182 ι
3104 3131 3199 3186 sed
3239 3146 3269 3183 a
3297 3130 3392 3184 do-

1810 3225 1922 3280 lore
1948 3228 2127 3281 cordis
2162 3234 2217 3280 et
2246 3226 2571 3280 contritione
2598 3226 2862 3294 corporis,
2888 3224 3142 3293 quoniam
3173 3223 3393 3277 venient

120 3331 244 3386 quae
272 3326 389 3371 erat
414 3318 469 3370 in
505 3316 708 3380 Endor,
743 3330 863 3384 quae
893 3323 1118 3383 precatu
1144 3312 1322 3367 Saulis
1348 3314 1578 3382 impulsa
1609 3312 1708 3367 Sa-
1734 3306 1780 3369 C
1811 3333 1973 3387 super
2002 3334 2098 3373 vos
2120 3318 2277 3371 mala.
2314 3336 2334 3369 ι
2369 3317 2653 3372 Movemini
2673 3326 2732 3372 et
2755 3332 2861 3371 non
2887 3318 2955 3372 ad
2982 3316 3330 3381 ebrietatem,
3365 3335 3385 3368 ο

123 3408 358 3462 muelem
395 3407 463 3459 ab
509 3404 699 3460 inferis
725 3405 971 3460 evocavit
994 3404 1045 3475 (I
1076 3403 1200 3475 Reg.
1235 3404 1447 3473 xxvm).
1488 3425 1506 3455 ι
1546 3404 1613 3457 Ει
1639 3402 1707 3457 de
1807 3408 1909 3463 hoc
1934 3416 2019 3463 est
2041 3410 2184 3479 ag'te
2211 3407 2607 3477 paenitentiam,
2647 3414 2706 3461 ut
2726 3406 2947 3477 possitis
2966 3407 3201 3462 evadere
3240 3406 3387 3461 cala-

125 3501 294 3554 humo
344 3497 653 3552 mussitabit
701 3497 974 3567 eloquium
1023 3505 1226 3551 tuum:
1278 3516 1297 3549 ι
1344 3496 1576 3566 idipsum
1624 3502 1707 3550 est
1805 3501 2009 3555 mitatis
2028 3500 2366 3571 periculum:
2400 3520 2420 3554 ‹
2452 3500 2705 3571 quoniam
2746 3499 2965 3556 miscuit
3004 3497 3265 3555 Dominus
3294 3511 3390 3551 vo-

126 3590 272 3661 quod
306 3592 554 3660 superius
576 3590 779 3645 dictum
806 3597 913 3645 est.

205 3700 225 3733 ε
257 3682 323 3736 Ει
350 3682 488 3746 erit,
527 3700 545 3733 ι
575 3696 607 3735 o
644 3680 814 3745 Ariel,
853 3699 871 3732 ι
903 3678 1191 3734 multitudo
1218 3677 1595 3733 ventilantium
1630 3683 1702 3742 te,

126 3776 269 3832 sicut
305 3776 483 3846 pulvis
511 3776 715 3841 tenuis,
747 3783 803 3830 et
845 3775 986 3829 sicut
1032 3772 1209 3827 favilla
1256 3771 1641 3843 pertransiens.
1680 3788 1700 3822 ι

126 3866 525 3922 Multitudinem
555 3866 923 3922 Romanorum
950 3882 1071 3935 qua:
1092 3865 1241 3920 venit
1266 3880 1426 3934 super
1450 3862 1706 3917 Hierusa-

126 3956 233 4013 lem
274 3966 553 4028 comparat
594 3957 803 4027 pulveri
861 3956 1174 4011 tenuissimo
1222 3964 1274 4011 et
1320 3954 1543 4021 favillae,
1598 3968 1707 4008 non

126 4059 345 4119 propter
368 4050 689 4119 parvitatem
712 4058 768 4103 et
790 4049 1156 4104 modicitatem
1177 4048 1282 4114 sui,
1305 4048 1397 4103 sed
1421 4056 1708 4119 propterea

126 4139 252 4207 quia
288 4139 696 4194 innumerabilis
750 4139 961 4194 exstitit
1004 4140 1144 4194 sicut
1190 4138 1365 4209 pulvis
1413 4147 1589 4193 terrae.
1640 4137 1710 4193 Et

127 4228 270 4283 sicut
294 4229 580 4285 multitudo
610 4229 821 4293 favillae,
854 4245 971 4300 quae
1006 4231 1134 4285 dum
1160 4230 1538 4300 pertransierit
1560 4239 1708 4284 mota

127 4334 161 4373 a
196 4328 374 4384 vento,
402 4322 707 4376 enumerari
737 4337 843 4376 non
870 4331 1066 4392 potest.

203 4428 222 4461 ι
256 4410 479 4481 Eritque
528 4422 749 4482 repente
768 4454 782 4479 ,
818 4434 837 4466 ι
862 4414 916 4469 id
946 4423 1031 4469 est
1058 4415 1341 4471 confestim
1371 4433 1390 4465 c
1419 4430 1449 4468 a
1477 4414 1708 4470 Domino

128 4501 465 4557 exercituum
506 4524 526 4556 ι
563 4504 653 4558 illa
689 4505 991 4574 captivitas.
1031 4523 1049 4555 ι
1084 4505 1151 4560 Et
1176 4506 1479 4560 visitabitur
1511 4506 1705 4559 Ilieru-

130 4592 296 4649 salem
330 4614 349 4646 ι
384 4595 469 4650 vel
508 4612 539 4649 a
584 4598 809 4652 Domino
852 4598 919 4651 de
962 4597 1119 4664 ccelo,
1156 4598 1239 4653 vel
1272 4599 1435 4653 etiam
1466 4598 1556 4652 illo
1582 4614 1703 4668 per-

1805 3592 1890 3647 bis
1930 3592 2179 3661 spiritum
2224 3592 2456 3663 soporis,
2494 3611 2512 3643 ›
2544 3592 2647 3647 hoc
2674 3600 2758 3647 est
2783 3590 3159 3646 alienationem
3190 3589 3388 3645 mentis

1805 3692 2025 3753 prapter
2047 3692 2226 3739 vestra
2253 3682 2661 3737 innumerabilia
2690 3682 2912 3738 scelera.
3042 3759 3051 3767 ἢ

1884 3792 1902 3825 ι
1933 3774 2156 3830 Claudet
2173 3774 2359 3830 oculos
2388 3781 2618 3839 vestros,
2658 3793 2676 3825 ι
2710 3782 2769 3827 ut
2806 3773 3048 3829 videntes
3075 3771 3218 3828 dicta
3255 3771 3388 3843 legis

1805 3876 1860 3924 et
1878 3867 2263 3938 prophetarum
2294 3882 2401 3922 non
2429 3866 2757 3937 intelligatis.
2793 3883 2812 3916 ι
2848 3864 3147 3935 Prophetas
3176 3870 3386 3918 vestros

1806 3954 1898 4023 qui
1927 3953 2110 4008 vident
2153 3955 2387 4009 visiones
2411 3953 2639 4023 operiet,
2669 3972 2687 4004 ι
2716 3953 2769 4007 id
2797 3962 2879 4007 est
2907 3950 3198 4007 abscondet
3226 3965 3257 4003 a
3287 3964 3385 4004 vo-

1806 4045 1911 4111 bis,
1950 4063 1968 4096 (
2012 4054 2069 4100 et
2116 4046 2388 4115 principes
2443 4054 2671 4108 vestros,
2715 4063 2733 4095 ι
2770 4044 2823 4097 in
2874 4042 3068 4112 quibus
3115 4039 3386 4096 confiditis

1812 4155 1832 4189 ι
1866 4137 2091 4207 operiet,
2129 4156 2147 4189 ι
2186 4138 2238 4191 id
2260 4144 2344 4191 est
2367 4134 2517 4191 tollet
2541 4150 2570 4189 a
2593 4135 2744 4189 vobis
2773 4142 2830 4188 et
2867 4131 3093 4187 auferet.
3132 4151 3149 4182 ι
3186 4131 3251 4184 Et
3280 4130 3387 4184 erit

1807 4230 1959 4283 vobis
1982 4229 2119 4283 visio
2144 4228 2404 4293 omnium,
2442 4248 2460 4280 ι
2493 4227 2545 4281 id
2572 4236 2654 4281 est
2696 4224 2975 4298 propin-tia
3030 4223 3270 4279 omnium
3320 4221 3385 4276 li-

1806 4320 2028 4377 brorum
2064 4338 2082 4370 ‹
2116 4320 2268 4388 quasi
2292 4320 2523 4390 signata,
2559 4338 2578 4370 ι
2624 4318 2678 4372 id
2726 4327 2825 4380 est,
2856 4317 3083 4387 sigillata
3131 4319 3219 4369 sit.
3260 4334 3279 4367 σ
3321 4314 3387 4370 Et

1807 4426 1930 4466 cum
1967 4410 2177 4465 dederit
2212 4410 2407 4464 librum
2435 4408 2527 4479 qui
2556 4407 2971 4479 apprehenderit
2996 4407 3143 4462 illum
3191 4404 3383 4462 scienti

1806 4502 2034 4568 litteras,
2068 4522 2087 4555 ι
2119 4502 2172 4556 id
2223 4508 2308 4557 est
2353 4500 2544 4555 scribae
2584 4508 2638 4554 et
2689 4499 2974 4569 pharisazo,
2998 4498 3081 4552 vel
3123 4498 3253 4568 legis
3290 4498 3384 4551 do-

1805 4594 1960 4657 ctori,
1990 4612 2009 4644 ι
2037 4592 2180 4647 dicet
2207 4610 2219 4645 :
2245 4592 2499 4663 Signatus
2520 4599 2601 4645 est
2622 4589 2780 4655 liber,
2802 4610 2819 4642 ο
2846 4590 2899 4645 id
2923 4599 3007 4645 est
3028 4590 3254 4644 obscura
3278 4597 3381 4655 est,

129 4686 371 4741 mittente
401 4706 419 4738 ε
456 4688 511 4741 in
549 4690 784 4744 tonitruo
819 4699 875 4744 et
910 4659 1271 4745 commotione
1297 4704 1507 4759 magna.
1549 4659 1702 4744 »Ἰίο-
1726 4659 1780 4720 D
1803 4696 1858 4741 et
1885 4684 2115 4740 diilicilis
2149 4684 2281 4738 mihi
2311 4659 2427 4751 ejus
2452 4681 2820 4753 intelligentia.
2861 4702 2879 4734 ι
2916 4681 2983 4736 Et
3022 4697 3140 4736 cum
3188 4683 3382 4738 iterum

129 4778 270 4831 mani
328 4794 515 4849 pacem
570 4782 806 4837 habuere
856 4798 977 4837 cum
1027 4782 1270 4849 Iudaeis,
1325 4784 1418 4838 sed
1466 4784 1575 4839 cito
1637 4799 1703 4841 ac

130 4877 349 4937 repente
372 4870 645 4939 diruptum
672 4881 756 4926 est
784 4882 1023 4941 pactum,
1052 4872 1177 4943 quia
1205 4870 1374 4928 Judaei
1414 4873 1703 4928 noluerunt

127 4958 332 5015 solvere
374 4962 594 5016 tributa.
644 4963 796 5018 Tunc
840 4980 967 5020 vero
1011 4966 1303 5034 imperator
1332 4964 1699 5022 Romanorum

130 5051 272 5105 misit
301 5053 435 5107 duos
469 5056 742 5125 principes
770 5072 897 5113 suos
922 5056 1314 5127 Vespasianum
1338 5067 1391 5113 et
1411 5056 1612 5125 Titum,
1641 5067 1701 5114 ut

130 5143 367 5200 delerent
394 5148 685 5203 civitatem.
738 5148 890 5216 Quod
925 5160 1105 5204 autem
1148 5151 1363 5221 dicitur,
1392 5151 1701 5207 visitabitur

132 5233 185 5287 in
212 5235 446 5291 tonitruo
470 5246 523 5292 et
555 5238 769 5293 ﬂamma
798 5238 1101 5306 devoranli,
1158 5241 1438 5311 dupliciter
1475 5242 1701 5313 intelligi

130 5334 317 5395 potest.
359 5325 495 5382 Nam
541 5340 829 5398 antequam
868 5331 1095 5386 Romani
1135 5332 1201 5386 ad
1240 5332 1514 5387 civitatem
1553 5333 1699 5388 veni-

132 5430 277 5484 rent,
317 5420 459 5476 facta
488 5431 613 5477 sunt
649 5424 884 5479 tonitrua
921 5425 1135 5482 caslitus
1160 5434 1215 5482 et
1249 5437 1619 5493 terraemotus,
1642 5435 1699 5482 et

129 5524 285 5566 voces
303 5513 466 5567 etiam
494 5514 689 5570 auditae
726 5524 853 5570 sunt
875 5516 928 5569 in
967 5532 1112 5583 aere,
1142 5526 1510 5587 tempestates,
1538 5531 1592 5576 et
1617 5522 1698 5577 in-

131 5615 288 5669 super
325 5603 465 5673 ignis
513 5605 807 5667 devorans,
854 5605 908 5661 id
954 5615 1037 5661 est
1087 5606 1292 5677 fulgura
1339 5613 1695 5679 percutientia

132 5690 368 5748 homines
392 5712 403 5747 :
425 5704 484 5749 ut
506 5698 879 5751 ostenderetur
900 5711 1005 5751 non
1028 5696 1198 5751 solum
1225 5699 1487 5766 homines,
1512 5718 1695 5758 verum

131 5784 285 5837 etiam
328 5787 510 5841 omnia
556 5787 820 5842 elementa
868 5798 1057 5843 contra
1092 5789 1209 5844 illos
1246 5807 1365 5847 esse
1403 5802 1690 5849 commota.

128 5871 310 5932 Potest
333 5878 498 5935 etiam
528 5877 720 5937 referri
745 5880 815 5937 ad
844 5878 1137 5951 Romanos,
1172 5884 1409 5955 quicum
1437 5884 1693 5956 tonitruo,

1805 4778 2023 4834 dabitur
2043 4776 2305 4831 nescienti
2329 4775 2555 4837 litteras,
2593 4795 2612 4826 ι
2647 4774 2697 4827 id
2725 4782 2808 4830 est
2832 4774 3038 4845 vulgari
3069 4774 3263 4844 popqu
3290 4772 3380 4844 qui

1804 4882 2079 4936 nunquam
2109 4865 2323 4921 litteras
2348 4864 2534 4919 didicit
2558 4864 2642 4917 vel
2666 4862 2828 4918 alicui
2857 4862 3062 4935 gentili,
3096 4882 3113 4914 ι
3160 4879 3379 4933 respon-

1802 4960 1949 5015 debit
1969 4978 1982 5014 :
2005 4960 2196 5030 Ignoro
2225 4958 2452 5013 litteras.
2481 4976 2499 5010 ι
2534 4956 2686 5024 Quod
2716 4972 2823 5012 non
2854 4966 2935 5012 est
2958 4956 3293 5012 solummodo
3314 4956 3380 5011 de

1801 5073 1908 5111 uno
1934 5056 2072 5111 libro
2108 5055 2443 5111 Psalmorum
2494 5053 2917 5123 intelligendum,
2967 5050 3104 5104 sicut
3158 5048 3378 5116 quidam

1802 5160 2107 5215 senserunt,
2137 5150 2232 5204 sed
2274 5149 2340 5204 de
2382 5148 2529 5203 omni
2574 5146 2759 5202 Veteri
2811 5144 3176 5198 Testamento.
3226 5139 3378 5206 Quod

1805 5252 1932 5297 tunc
1962 5242 2238 5312 impletum
2262 5252 2345 5295 est
2368 5240 2584 5311 quando
2610 5237 2915 5293 amiserunt
2934 5232 3294 5289 sacerdOtium
3324 5240 3379 5287 et

1800 5336 2137 5408 dignitatem,
2151 5344 2205 5389 et
2233 5336 2423 5391 civitas
2443 5336 2720 5389 destructa
2740 5338 2845 5396 est,
2870 5338 2926 5386 et
2946 5328 3203 5399 templum
3225 5340 3379 5383 ever-

1800 5444 1918 5483 sum
1949 5444 1979 5482 a
2017 5428 2351 5499 principibus
2377 5426 2764 5481 Romanorum.

1876 5541 1893 5573 ι
1934 5522 1999 5575 Et
2014 5522 2151 5575 dixit
2172 5522 2431 5576 Dominus
2450 5535 2463 5574 :
2482 5521 2559 5574 Eo
2588 5519 2729 5589 quod
2751 5518 3164 5589 appropinquat,
3201 5534 3219 5566 ι
3245 5513 3373 5569 sub-

1799 5613 1971 5675 audis,
1998 5613 2153 5679 mihi,
2202 5632 2220 5664 ‹
2264 5611 2491 5683 populus
2538 5612 2639 5666 iste
2688 5625 2783 5667 ore
2831 5625 2948 5673 suo,
2996 5616 3049 5663 et
3088 5606 3242 5660 labiis
3286 5620 3373 5659 me

1798 5704 2081 5775 glorificat,
2124 5719 2219 5759 cor
2242 5714 2420 5759 autem
2461 5720 2648 5759 eorum
2678 5704 2834 5775 longe
2874 5711 2958 5757 est
3002 5716 3032 5755 a
3077 5714 3183 5754 me.
3215 5716 3233 5748 ι
3264 5697 3371 5766 Ap-

1798 5796 2161 5865 pmpinquare
2193 5795 2411 5865 quidem
2454 5796 2735 5850 videbatur
2776 5793 3002 5864 populus
3047 5788 3210 5846 Israel
3261 5787 3372 5843 Deo

1799 5901 1899 5944 suo
1928 5902 2051 5967 cum
2084 5886 2230 5957 ldola
2255 5902 2365 5945 non
2392 5886 2626 5955 colebat,
2645 5895 2703 5943 et
2724 5882 3061 5960 gloriﬁcabat
3089 5880 3242 5939 illum
3276 5892 3371 5939 so-
