3918 6492
539 452 645 511 869

1022 448 1378 506 HAYMONIS
1417 443 1895 502 HALBERSTAT.
1938 443 2152 499 EPlSC.
2195 442 2346 499 OPP.
2383 442 2563 499 PARS
2599 444 2639 498 Ι.
2685 472 2755 485 -—
2789 446 3141 503 COMMENT.
3181 443 3352 499 BIBL.
3772 440 3851 495 ἐξά

542 562 814 618 Iummodo
834 559 1033 619 labiis:
1063 561 1159 616 sed
1187 560 1347 615 corde
1373 557 1727 627 elongabatur
1773 555 1842 610 ab
1879 570 1965 620 eo,
1995 555 2122 625 quia
2149 560 2199 621 Α
2226 564 2469 611 vertetur
2496 557 2736 615 Libanus
2766 561 2820 614 in
2846 558 3120 627 Chermel,
3150 567 3203 612 et
3225 555 3525 614 Chermel
3554 554 3622 608 in
3677 554 3847 610 saltat.

540 654 616 709 ita
635 653 849 710 colebat
875 653 1043 711 Deum
1058 653 1299 718 Patrem,
1312 660 1373 707 ut
1396 651 1451 705 in
1468 650 1662 705 Filium
1679 649 1797 719 ejus
1813 664 1919 703 non
1933 647 2115 703 crede-

541 753 645 801 ret.
662 744 735 801 Et
747 744 892 802 sicut
904 745 1161 800 Dominus
1180 744 1311 799 dicit
1331 743 1384 797 in
1406 740 1726 812 Evangelio:
1745 739 1846 807 Qui
1872 755 1982 795 non
1999 754 2115 795 cre-

540 833 623 891 dit
646 835 703 890 in
726 833 925 891 Filium
943 848 1074 900 ,nec
1088 833 1326 891 creditei
1343 833 1434 901 qui
1459 831 1609 888 misit
1634 830 1785 886 illum
1807 828 1986 901 (Joan.
2006 831 2112 899 ιιι).

542 924 821 993 Quomodo
834 939 963 997 ergo
972 931 1151 994 potest
1167 939 1198 977 a
1220 923 1329 978 Deo
1343 921 1579 990 elongari
1591 961 1604 985 ,
1619 920 1711 990 qui
1727 918 1923 988 ubique
1941 927 2048 985 est,
2062 925 2118 973 et

541 1016 726 1081 omnia
748 1016 951 1086 implet,
976 1016 1119 1071 sicut
1143 1015 1259 1085 ipse
1287 1014 1419 1069 dicit
1447 1028 1464 1068 :
1492 1012 1701 1069 leum
1722 1020 1778 1066 et
1799 1020 1996 1067 terram
2017 1025 2117 1083 ego

542 1107 774 1176 impleo?
797 1106 1012 1180 (larem.
1034 1106 1252 1178 χχχιιι.)
1298 1104 1403 1161 Sed
1434 1106 1651 1175 quando
1669 1106 1812 1160 bona
1832 1118 2119 1175 operamur

543 1198 825 1269 implentes
844 1199 1191 1255 dilectionem
1221 1197 1319 1252 Dei
1340 1206 1397 1252 et
1421 1197 1673 1268 proximi,
1697 1205 1823 1252 tunc
1851 1195 2119 1266 proxima-

542 1305 662 1345 mus
691 1290 869 1347 Deoet
897 1291 1015 1361 ipse
1038 1290 1429 1360 appropinquat
1448 1288 1756 1358 nobis,quia
1783 1287 2039 1357 templum
2066 1287 2121 1341 in

541 1381 698 1435 nobis
718 1380 794 1436 illi
824 1395 1210 1451 pracparamus,
1233 1387 1287 1433 et
1321 1379 1436 1449 ipse
1483 1377 1847 1433 habitaculum
1877 1394 2034 1433 suum
2066 1377 2121 1431 in

542 1474 697 1530 nobis
732 1474 881 1531 facit.
912 1474 1046 1529 Cum
1083 1488 1211 1528 vero
1236 1471 1376 1527 male
1397 1472 1608 1541 agimus
1627 1471 1994 1527 deservieutes
2016 1469 2122 1525 for-

542 1566 821 1630 nicationi,
849 1564 1134 1629 adulterio,
1167 1564 1252 1618 vel
1300 1563 1421 1618 aliis
1459 1563 1625 1627 vitiis,
1657 1564 1940 1632 elongatur
1960 1578 1990 1616 a
2020 1578 2120 1617 no—

540 1653 626 1710 bis
651 1656 794 1711 Deus
812 1694 828 1720 ,
850 1655 982 1724 quia
1014 1669 1119 1710 non
1160 1653 1368 1709 habitat
1410 1654 1465 1709 in
1511 1669 1739 1722 corpore
1764 1653 1975 1708 subdito
1994 1668 2121 1722 pec-

543 1750 679 1804 catis
706 1748 856 1820 (Sep.
897 1763 949 1815 ι,
986 1747 1178 1804 Matth.
1206 1763 1296 1814 xv,
1326 1745 1497 1804 Marc.
1520 1747 1641 1817 vn).
1679 1765 1696 1800 ι
1732 1746 1801 1801 Et
1829 1748 2121 1805 timuerunt

544 1857 650 1905 me,
685 1861 703 1894 ι
738 1842 791 1898 id
820 1850 902 1897 est
927 1842 1209 1899 coluerunt
1246 1861 1263 1893 ι
1301 1843 1554 1898 mandato
1598 1841 1856 1905 hominis,
1892 1860 1911 1892 ι
1950 1841 2005 1895 id
2038 1847 2122 1896 est

2216 648 2591 718 reputabitur?
2651 670 2670 703 ι
2721 649 2986 706 Modicum
3034 659 3245 720 tempus
3284 649 3449 703 dixit
3514 662 3600 702 ex
3651 663 3719 703 eo
3756 666 3838 720 qu:

2213 738 2379 797 Isaias
2404 741 2509 796 ista
2539 742 2892 812 praedicabat,
2927 759 3097 812 usque
3142 743 3211 796 ad
3260 742 3517 797 Domini
3585 746 3834 795 ascensis.

2212 845 2357 885 nem.
2383 830 2577 887 Omnia
2596 832 2741 887 enim
2762 842 3000 903 tempora
3019 841 3072 887 et
3093 834 3289 888 saecula
3322 831 3671 888 azternitati
3692 841 3827 888 omm-

2213 923 2450 991 potentis
2476 923 2572 979 Dei
2612 934 2947 993 comparata,
2979 924 3161 979 brevia
3201 934 3257 978 et
3299 916 3565 979 modica
3611 926 3825 979 viderier

2216 1028 2356 1080 esse,
2385 1014 2513 1084 quia
2536 1014 2696 1069 ﬁnem
2723 1015 2941 1070 habent.
2971 1015 3062 1069 Dei
3093 1026 3269 1071 autem
3293 1016 3655 1081 :cternitas,
3684 1033 3815 1086 neque

2218 1103 2373 1158 initio
2402 1103 2706 1172 inchoatur,
2731 1121 2907 1175 neque
2939 1107 3045 1161 line
3073 1107 3375 1162 clauditur.
3410 1107 3682 1160 Libanus
3702 1125 3813 1161 nec.

2219 1206 2303 1253 est
2324 1198 2377 1251 in
2398 1198 2673 1267 provincia
2696 1198 2992 1263 Phoenicis,
3010 1209 3064 1254 et
3090 1204 3526 1270 interpretatur
3571 1200 3803 1254 deuiam.

2221 1288 2472 1345 Cbermel
2496 1305 2624 1344 vero
2649 1290 2899 1346 similiter
2927 1306 3083 1346 mons
3107 1300 3191 1346 est
3218 1291 3270 1345 in
3302 1290 3589 1345 conﬁnio
3622 1294 3799 1359 fugisse

2220 1378 2518 1435 Palaestina:
2547 1390 2603 1436 et
2630 1382 2926 1449 Phoenicis,
2950 1382 3203 1450 adjaceus
3244 1382 3495 1436 civitati
3542 1380 3796 1435 Thalem-.3!-
3850 1454 3851 1457 η

2222 1473 2321 1539 dte,
2342 1483 2399 1529 et
2417 1475 2804 1546 interpretatur
2845 1477 3062 1531 scientia
3088 1477 3571 1531 circumcisionis.
3618 1477 3703 1531 Est
3734 1496 3791 1531 εε-
3850 1492 3851 1503 ‘

2222 1575 2332 1622 tem
2379 1576 2434 1623 et
2486 1569 2626 1625 alius
2656 1570 2708 1624 in
2741 1580 2882 1625 terra
2912 1571 3362 1641 repromissionis
3398 1585 3583 1624 mons
3612 1568 3786 1637 ejuslrs
3849 1564 3851 1641 ἢ

2222 1659 2472 1723 nominis,
2503 1660 2644 1716 unde
2687 1660 2790 1715 fuit
2835 1659 3003 1716 Nabal
3037 1661 3393 1716 Carmelites.
3432 1660 3555 1715 Sed
3586 1664 3781 1731 quoties

2223 1747 2452 1805 dicimus
2475 1749 2802 1815 Carmelum,
2840 1750 3052 1806 Hebraei
3110 1752 3304 1806 dicunt
3355 1751 3658 1805 Chermel.
3699 1751 3777 1803 lia;

2223 1840 2414 1896 beatus
2440 1841 2797 1915 Hieronymus
2832 1844 2936 1899 isto
2961 1846 3015 1900 in
3043 1844 3161 1900 loco
3191 1865 3204 1898 :
3244 1846 3659 1914 Respondeant
3681 1849 3767 1899 navit:

541 1946 641 2001 pro
655 1930 906 1987 mandato
921 1933 1002 1989 vel
1020 1931 1307 1987 traditione
1322 1931 1620 1987 scribarum
1633 1928 2119 1987 etharisaeorum.
2149 1929 2203 1991 Β
2228 1948 2372 1987 nunc
2396 1933 2470 1987 illi
2498 1934 2587 2003 qui
2616 1937 2870 2006 mysteria
2914 1936 3218 2009 divinarum
3279 1935 3355 1993 Sc
3367 1936 3698 2008 ripturaruni
3721 1954 3766 1988 sx.-

544 2020 749 2079 Scribae
773 2030 829 2078 et
869 2022 1127 2078 Pharisaei
1152 2022 1627 2092 praetermittentes
1664 2029 1929 2091 praecepta
1968 2019 2119 2090 legis,

544 2111 864 2166 traditiones
892 2127 1019 2166 suas
1046 2111 1480 2181 superponebant
1514 2111 1781 2165 mandatis
1820 2109 1937 2164 Dei.
1970 2108 2124 2164 Unde

544 2211 594 2258 et
624 2202 884 2259 Dominus
902 2202 1032 2259 dicit
1052 2203 1169 2259 eis:
1197 2222 1216 2255 ι
1247 2203 1335 2258 Va:
1357 2203 1527 2269 vobis,
1552 2202 1745 2258 scriba:
1771 2209 1825 2255 ct
1842 2200 2120 2265 Phariscei,

544 2294 635 2362 qui
665 2294 1080 2362 pratermittitis
1113 2294 1382 2363 mandata.
1410 2293 1505 2348 Dei
1547 2301 1767 2363 propter
1806 2291 2125 2346 traditiones

548 2396 759 2444 vestras
785 2406 797 2442 :
821 2409 840 2441 ι
864 2387 957 2458 qui
978 2387 1186 2443 dicitis:
1210 2406 1227 2439 ι
1253 2386 1441 2443 Munus
1469 2387 1826 2457 quodcunque
1851 2395 2020 2440 estex
2038 2397 2126 2439 me

555 2480 649 2535 tibi
677 2479 938 2551 proderit.
975 2498 994 2531 ι
1018 2479 1086 2533 Et
1133 2480 1315 2534 miseri
1344 2478 1510 2534 Judaei
1556 2479 1734 2548 potius
1765 2478 2127 2548 sequebantur

545 2570 797 2627 mandata
821 2569 1033 2629 illorum
1054 2585 1216 2639 quam
1236 2569 1355 2624 Dei.
1371 2568 1495 2623 ldeo
1515 2588 1532 2620 ι
1553 2570 1679 2638 quia
1694 2567 2126 2636 suamjustitiam

545 2667 849 2714 statuerunt
877 2657 1056 2730 (Rom.
1086 2660 1161 2729 x),
1193 2666 1247 2713 et
1266 2658 1487 2729 justitia:
1516 2672 1648 2712 mea:
1676 2674 1781 2712 non
1823 2665 1949 2712 sunt
2001 2656 2126 2712 sub-

540 2749 693 2819 iecti,
742 2763 869 2805 ecce
908 2763 1009 2820 ego
1051 2749 1266 2814 addam,
1292 2756 1354 2802 ut
1389 2748 1803 2803 admirationem
1842 2744 2060 2802 faciam.
2100 2766 2119 2797 ι

546 2839 675 2907 Quae
699 2839 798 2896 fuit
829 2840 921 2897 illa
948 2840 1268 2897 admiratio?
1295 2839 1415 2910 Ipse
1442 2839 1684 2910 exponit.

625 2970 645 3003 ε
677 2953 880 3009 Peribit
906 2953 1050 3009 enim
1080 2953 1342 3023 sapientia
1372 2956 1421 3006 'a
1462 2952 1815 3023 sapientibus,
1853 2950 1960 3005 »ιιι
1984 2957 2065 3006 est
2092 2964 2125 3004 a

564 3042 759 3096 scribis
779 3050 834 3096 et
864 3041 1171 3098 Pharisaais.
1199 3041 1315 3097 Non
1345 3042 1502 3107 dixit,
1530 3043 1726 3111 peribit
1757 3041 2019 3109 sapientia
2058 3040 2125 3095 ab

548 3132 799 3186 omnibus
822 3132 1162 3199 hominibus,
1192 3132 1287 3187 sed
1315 3147 1343 3186 a
1373 3132 1565 3187 scribis
1592 3139 1650 3186 et
1694 3130 2001 3195 Pharisaeis,
2031 3129 2125 3199 qui

548 3221 652 3277 sibi
710 3222 985 3292 sapientes
1034 3237 1154 3278 esse
1209 3223 1529 3278 videbantur
1574 3237 1698 3278 eum
1746 3230 1928 3277 essent
1972 3220 2122 3276 stulti

549 3313 596 3388 (ι
614 3313 736 3370 Cor.
764 3286 868 3387 in).
897 3315 1068 3383 Quam
1094 3323 1225 3372 tunc
1245 3314 1412 3372 Judaei
1433 3314 1801 3385 perdiderunt,
1823 3315 2041 3384 quando
2068 3321 2124 3370 et
2150 3286 2209 3350 δ»

549 3412 755 3461 terram
782 3406 888 3462 sibi
914 3407 1119 3473 datam,
1146 3414 1204 3461 et
1244 3406 1517 3465 civitatem
1558 3421 1624 3462 ac
1669 3406 1949 3475 templum,
1999 3421 2121 3461 om-

547 3512 783 3568 nemque
808 3498 1149 3570 dignitatem,
1191 3499 1523 3568 temporibus
1574 3499 1940 3558 Romanorum
1989 3499 2124 3555 ami-

550 3596 760 3645 serunt.

630 3697 648 3731 ι
685 3679 775 3734 Vae
793 3679 885 3751 qui
906 3681 1157 3751 proftntdi
1177 3683 1307 3739 estis
1330 3684 1492 3740 corde
1516 3694 1623 3741 uta
1639 3683 1867 3741 Domino
1896 3685 2125 3741 abscon-

553 3771 691 3828 datis
715 3772 1017 3828 consilium.
1056 3794 1079 3828 ι
1145 3774 1347 3831 Contra
1393 3776 1601 3832 scribas
1621 3785 1676 3832 et
1720 3776 2023 3834 Pharisaeos
2059 3792 2124 3833 ac

554 3862 823 3933 principes
847 3862 1158 3921 Iuda:on
1187 3866 1424 3937 loquitur
1452 3867 1731 3923 Dominus.
1760 3867 1839 3923 llli
1889 3878 2127 3937 namque

553 3952 687 4010 foris
712 3970 809 4026 per
831 3956 1156 4028 hypocrisin
1182 3957 1507 4013 simulabant
1528 3974 1587 4014 se
1613 3967 1830 4014 sanctos
1875 3967 1933 4013 et
1970 3959 2126 4014 inno-

551 4052 737 4101 centes
763 4061 1041 4113 esse,”
1065 4048 1119 4102 in
1142 4049 1400 4111 tenebris,
1426 4049 1530 4103 hoc
1560 4058 1643 4104 est
1668 4050 1905 4117 inlnocte
1927 4048 2011 4103 vel
2026 4051 2126 4106 sub

553 4136 815 4205 conclavi,
846 4139 1014 4194 multa
1044 4139 1183 4193 mala
1232 4154 1398 4209 opera
1441 4139 1818 4210 adimplerent.
1870 4141 2128 4197 Dicebant

555 4229 700 4284 enim
725 4227 798 4283 illi
830 4245 847 4283 :
878 4249 909 4282 ι·
936 4228 1069 4297 Quis
1104 4232 1306 4301 poterit
1348 4246 1674 4303 cognoscere
1703 4233 2030 4290 voluntatem
2074 4244 2129 4291 et

552 4320 921 4390 operationem
940 4323 1220 4380 nostram?
1244 4343 1265 4377 ι
1294 4321 1387 4380 Sic
1407 4325 1543 4380 dixit
1560 4334 1715 4395 pater
1734 4336 1919 4383 noster
1930 4327 2128 4395 Adam,

555 4413 771 4484 quando
813 4413 943 4470 fecit
968 4430 1035 4472 ex
1087 4414 1231 4472 foliis
1275 4417 1413 4475 ﬁcus
1463 4419 1797 4490 perizomata
1842 4429 2131 4492 postquam

555 4505 729 4576 aperti
758 4514 884 4563 sunt
904 4509 1046 4564 oculi
1074 4507 1210 4579 ejus,
1237 4511 1505 4581 gustando
1534 4514 1601 4569 de
1629 4514 1776 4585 ligno
1800 4517 1991 4581 vetito,
2032 4515 2129 4570 ab-

551 4598 870 4670 sconditque
892 4614 952 4656 se
972 4601 1072 4658 sub
1091 4601 1286 4658 arbore
1308 4604 1550 4659 scientim
1579 4606 1707 4661 boni
1753 4616 1809 4663 et
1853 4608 2001 4674 mali,
2030 4623 2130 4678 pu-

2223 2026 2342 2081 lunt
2383 2027 2652 2096 recipere,
2682 2030 2775 2082 sed
2807 2030 3047 2084 contenti
3089 2039 3214 2084 sunt
3274 2040 3515 2085 tantum
3558 2036 3754 2101 superne

2224 2116 2441 2172 litterali
2464 2118 2814 2173 historialitcr
2827 2122 3005 2174 omnia
3024 2121 3410 2191 requirentes.
3434 2122 3647 2187 Quando
3669 2139 3749 2174 me:

2223 2205 2461 2260 Libauus
2490 2208 2738 2261 transivit
2763 2209 2816 2263 in
2846 2208 3112 2274 Chermcl,
3155 2217 3214 2263 et
3243 2211 3470 2264 iterum
3497 2210 3705 2265 Cnet-mel
3723 2212 3749 2261 ἐι

2225 2300 2524 2355 Libanum?
2549 2302 2770 2357 Deﬁciet
2793 2303 2936 2357 enim
2960 2318 3151 2357 sensus
3196 2312 3257 2357 et
3306 2305 3567 2374 cogitatio
3602 2304 3752 2356 illorum

2226 2389 2279 2443 in
2300 2389 2403 2443 hoc
2430 2389 2566 2446 loco.
2603 2390 2706 2445 Per
2734 2391 2996 2447 Libanum
3022 2408 3257 2462 namque
3292 2395 3403 2464 qui
3452 2395 3746 2463 ἰηιιτφηιειιαι·

2225 2480 2508 2546 dealbatio,
2560 2483 2932 2553 signiﬁcantur
2973 2485 3201 2556 gentiles
3256 2503 3273 2539 :
3335 2488 3443 2556 qui
3482 2486 3649 2540 dealiuti
3691 2495 3731 2538 et

2225 2574 2471 2629 mundati
2511 2586 2636 2629 sunt
2684 2592 2780 2645 per
2824 2578 3269 2645 praedicationem
3330 2579 3665 2649 apostolorum,
3698 2587 3736 2631 et

2226 2669 2473 2724 conversi
2504 2678 2629 2724 sunt
2657 2669 2710 2724 in
2738 2669 3006 2734 Chermel,
3033 2672 3133 2726 hoc
3171 2680 3262 2727 est
3312 2674 3376 2728 in
3424 2689 3587 2727 veram
3619 2672 3734 2725 scies-

2227 2761 2354 2819 tiam
2382 2761 2830 2827 circumcisionis,
2862 2779 2982 2833 quae
3010 2765 3372 2820 circumcisio
3412 2765 3654 2820 verissima
3685 2772 3724 2815 ar

2225 2853 2650 2923 regenerationis
2692 2864 2748 2908 et
2792 2855 3165 2910 recreationis.
3225 2855 3338 2911 Per
3389 2855 3615 2911 Cbermcl
3654 2870 3720 2906 “Si

2224 2943 2315 3011 qui
2339 2943 2743 3012 interpretatur,
2774 2953 2834 2999 ut
2859 2946 3061 3001 dictum
3090 2954 3190 3011 est,
3217 2948 3441 3001 scientia
3458 2944 3731 3000 circumcisis-

2226 3035 2324 3099 m's,
2355 3033 2526 3090 Judaei
2572 3037 2974 3107 exprimuntur,
3000 3037 3430 3107 qui’carnaliter
3468 3053 3521 3092 se
3562 3037 3732 3090 circum-

2226 3124 2476 3180 cidcbant
2495 3134 2551 3179 et
2575 3140 2682 3180 non
2711 3127 2766 3181 in
2796 3135 2996 3191 mente,
3034 3108 3270 3197 ideoque
3313 3127 3522 3198 reputau'
3553 3133 3661 3179 sunt
3690 3125 3732 3177 in

2226 3214 2442 3281 saltum,
2474 3216 2578 3270 hoc
2600 3226 2686 3271 est
2744 3216 2797 3272 in
2849 3218 3053 3289 sylvam
3099 3217 3467 3273 infructuosam.
3517 3208 3717 3269 Gentiles

2227 3326 2461 3380 namque
2481 3320 2609 3369 ante
2630 3313 3067 3382 praedicationem
3095 3313 3420 3383 apostolon
3445 3304 3703 3363 infructuosi

2226 3411 2397 3467 erant,
2436 3403 2561 3472 quia
2588 3402 2716 3458 licet
2740 3402 2982 3458 facerent
3020 3402 3259 3468 fructus,
3294 3413 3449 3456 tanta
3491 3397 3629 3452 amari
3667 3403 3716 3449 et

2226 3495 2375 3552 acidi
2397 3504 2575 3550 erant.
2605 3495 2736 3551 Post
2772 3496 3148 3552 ascensionem
3186 3505 3367 3552 autem
3415 3490 3611 3552 Domini.
3632 3502 3727 3543 tum

2225 3586 2396 3643 Judaei
2420 3588 2853 3658 przedicationem
2881 3588 3251 3657 apostolorum
3275 3589 3575 3658 sprevissent
3598 3589 3643 3636 et
3663 3594 3729 3631 vc-

2226 3678 2441 3737 uissent
2474 3679 2543 3733 ad
2569 3686 2776 3750 gentes,
2805 3694 3100 3735 conversus
3126 3689 3210 3734 est
3250 3677 3485 3732 Libanus
3535 3674 3581 3727 in
3604 3669 3727 3725 Cher-

2226 3769 2357 3834 mel,
2382 3778 2437 3824 et
2467 3768 2717 3826 Chermcl
2740 3771 2795 3824 in
2826 3771 3043 3835 saltum,
3078 3769 3127 3824 id
3150 3776 3233 3825 est
3274 3768 3501 3840 gentiles
3539 3763 3611 3834 qui
3645 3768 3724 3813 ante

2228 3870 2384 3917 erant
2404 3862 2593 3925 cauda,
2623 3862 2872 3918 conversi
2896 3871 3024 3917 sunt
3053 3863 3107 3916 in
3135 3871 3319 3932 caput,
3336 3871 3396 3916 et
3420 3859 3573 3917 Ιιιᾱξεὶ
3598 3856 3720 3910 incau-

2228 3952 2350 4007 dam
2386 3954 2615 4023 reputati
2641 3963 2785 4020 sunt,
2826 3954 2918 4023 qui
2947 3953 3219 4024 quondam
3262 3952 3494 4007 fuerunt
3529 3949 3575 4002 in
3608 3954 3718 4013 caput.

2232 4062 2253 4101 ι
2282 4044 2350 4099 Ει
2377 4045 2483 4100 erit
2515 4045 2567 4099 in
2600 4044 2686 4099 die
2709 4045 2822 4112 illa,
2858 4066 2878 4099 ι
2924 4045 3027 4101 hoc
3052 4053 3135 4100 est
3176 4045 3231 4099 in
3268 4045 3364 4099 illo
3398 4052 3729 4113 temporecum

2226 4136 2540 4208 praedicatio
2567 4137 2841 4208 Evangelii
2873 4137 2939 4192 ad
2967 4145 3156 4208 gentes
3197 4136 3506 4202 transierit,
3536 4152 3554 4185 ‹
3588 4128 3731 4185 audient

2229 4230 2375 4291 surdi
2404 4229 2569 4284 verba
2600 4230 2743 4294 libri,
2778 4250 2797 4282 ι
2828 4230 3045 4300 signati,
3078 4248 3095 4281 ‹
3132 4238 3186 4283 et
3237 4229 3307 4283 de
3350 4229 3583 4284 tenebris
3602 4219 3733 4278 etob-

2229 4320 2352 4390 gine
2400 4320 2544 4375 oculi
2565 4336 2831 4376 caecorum
2856 4321 3134 4376 videbunt.
3160 4338 3177 4372 ι
3213 4318 3473 4376 Gentiles
3498 4318 3578 4389 qui
3600 4314 3732 4370 Dein

2228 4413 2548 4484 guitionem,
2578 4423 2737 4470 antea
2760 4430 2867 4470 non
2895 4423 3268 4487 perceperant,
3304 4424 3361 4470 et
3397 4414 3626 4472 tenebris
3643 4410 3729 4478 uer

2229 4503 2422 4558 rantize
2457 4512 2510 4558 et
2534 4504 2761 4575 caligine
2783 4513 3126 4575 peccatorum
3148 4505 3323 4576 pressi
3351 4514 3542 4571 erant,
3562 4502 3728 4558 habentes

2228 4594 2415 4650 oculos
2443 4596 2624 4650 cordis
2652 4595 2993 4651 ohcmcatos:
3030 4596 3085 4651 in
3122 4596 3209 4651 die
3258 4595 3376 4662 illa,
3408 4598 3525 4653 hoc
3571 4602 3734 4656 estita

555 4698 753 4748 tansse
781 4707 887 4748 non
925 4690 1094 4750 videri
1118 4711 1150 4750 a
1176 4696 1305 4752 Deo,
1357 4695 1449 4753 Sic
1492 4697 1624 4753 Cain
1676 4699 1892 4769 quando
1944 4658 2082 4755 άῑχξι
2108 4713 2127 4751 ε
2151 4658 2206 4721 D
2231 4700 2528 4741 conversus
2556 4686 2718 4743 fuerit
2740 4687 3000 4755 Libanus,
3034 4686 3088 4742 id
3116 4698 3197 4744 cst
3231 4689 3520 4755 Chermel,
3550 4698 3598 4744 et
3633 4684 3735 4739 ΕΜ·

555 4780 663 4813 ιιι-η
688 4796 857 4813 ..ι-η..-
885 4792 938 4813 ,ιο
982 4784 1238 4813 nmmum...
1312 4795 1362 4813 ,ιι
1422 4802 1448 4813 ..
1502 4787 1636 4813 ρ...ε,.
1687 4796 1773 4813 ι---
1831 4790 2132 4813 damma..-
2229 4778 2335 4813 τηοι
2361 4780 2413 4813 in
2442 4780 2631 4813 callum
2672 4788 2947 4813 νηηιηιιιιιρ
3001 4780 3298 4813 .‘nmllirmnr
3350 4784 3523 4813 νημιυι
3571 4777 3664 4813 libri
3696 4772 3739 4813 ςῑ.

554 4780 664 4838 Ero
688 4796 859 4851 vagus
883 4792 941 4839 et
982 4784 1261 4858 profugus,
1310 4795 1365 4842 et
1421 4802 1453 4843 a
1502 4787 1638 4844 facie
1687 4796 1778 4843 tua
1831 4790 2132 4859 abscondar

556 4868 713 4942 (Gen.
781 4888 842 4927 ιιι
879 4882 930 4929 et
962 4876 1069 4947 tv).
1109 4873 1371 4931 Similiter
1419 4878 1505 4933 δον
1538 4880 1869 4949 sapientibus
1911 4887 1967 4934 et
2005 4879 2127 4949 phi-

553 4961 795 5033 losophis
815 4963 974 5021 istius
1000 4965 1200 5033 saeuit,
1225 4974 1385 5037 atque
1411 4967 1681 5026 bteretieis
1716 4979 1799 5025 est
1821 4969 2126 5040 intelligen-

553 5053 702 5108 dum.

628 5164 649 5197 ο
683 5145 942 5205 Perversa
964 5160 1053 5206 est
1077 5149 1201 5206 haec
1212 5158 1396 5207 vestra
1415 5152 1684 5224 cogitatio,
1702 5152 1857 5222 quasi
1878 5153 1926 5209 si
1951 5152 2127 5213 lutum

554 5237 703 5294 dicat
730 5237 921 5296 factori
946 5255 1084 5298 suo:
1114 5242 1239 5299 Non
1258 5243 1435 5299 fecisti
1461 5260 1567 5300 inet
1602 5264 1623 5297 )
1658 5242 1811 5300 Sicut
1852 5244 1996 5299 enim
2038 5244 2124 5299 lu-

553 5338 691 5399 tum,
723 5333 773 5389 si
792 5342 978 5405 posset:
996 5335 1142 5407 loqui
1160 5345 1219 5393 et
1233 5338 1437 5393 diceret
1455 5345 1641 5392 contra
1663 5335 1925 5393 factorem
1942 5352 2122 5404 suum,

558 5439 661 5480 non
688 5426 796 5482 scis
823 5427 962 5483 bene
986 5427 1212 5498 ﬁngere,
1228 5429 1311 5486 sic
1349 5436 1407 5484 et
1438 5428 1653 5484 illorum
1699 5431 1864 5485 verba
1910 5437 2124 5484 sonant.

554 5516 742 5573 Omnis
768 5519 947 5574 enim
964 5518 1211 5578 Creatori
1255 5538 1353 5578 suo
1376 5530 1625 5577 creatura
1651 5523 1868 5592 cognita
1895 5530 1999 5587 est,
2026 5537 2127 5577 nec

556 5616 732 5679 potest
755 5608 955 5679 aliquid
993 5613 1233 5683 cogitare
1251 5613 1335 5669 vel
1360 5612 1558 5677 facere,
1591 5621 1650 5667 ut
1677 5613 1791 5683 ipse
1812 5612 1993 5667 omnia
2022 5627 2129 5667 non

448 5748 453 5753 .
557 5698 754 5755 videat.
778 5700 936 5771 Apud
960 5717 1079 5758 eum
1109 5719 1218 5760 non
1244 5713 1327 5759 est
1362 5720 1490 5770 nox,
1542 5719 1647 5759 non
1694 5713 1819 5758 sunt
1871 5704 2127 5770 tenebrae,

555 5790 655 5845 sed
676 5791 856 5845 omnia
879 5794 1019 5848 nuda
1046 5804 1102 5850 et
1127 5803 1311 5865 aperta
1346 5803 1473 5850 sunt
1497 5794 1667 5850 oculis
1695 5793 1831 5863 ejus.

566 5906 575 5911 -
631 5882 1654 5949 «Memumﬁmctbrevi
1700 5896 1942 5960 tempore
1997 5904 2128 5947 con-

2229 4778 2336 4843 mel
2361 4780 2415 4835 in
2442 4780 2635 4834 saltum
2672 4788 2972 4849 reputatus,
3001 4780 3303 4849 intelligent
3350 4784 3527 4838 verba
3571 4777 3667 4833 libri
3696 4772 3739 4826 si

2229 4870 2398 4940 gnati,
2428 4870 2533 4924 hoc
2565 4878 2649 4923 est
2695 4868 2861 4925 Vetus
2896 4870 3303 4926 Testamentum
3336 4883 3400 4927 et
3431 4859 3743 4935 Novumuml

2229 4961 2424 5023 scribis
2444 4969 2499 5015 et
2518 4960 2807 5017 Pharisaeis
2836 4962 3108 5035 signatum
3143 4963 3261 5028 fuit,
3296 4973 3358 5018 et
3398 4966 3639 5021 videbunt
3672 4969 3743 5025 my-

2230 5053 2393 5115 steria
2421 5064 2475 5110 et
2497 5070 2695 5111 arcana
2724 5056 3029 5111 divinorum
3059 5056 3430 5126 eloquiorum.

2303 5167 2322 5199 ί
2349 5148 2417 5203 Et
2440 5149 2639 5205 addent
2660 5149 2815 5205 mites
2838 5151 2893 5204 in
2924 5151 3151 5206 Domino
3178 5150 3432 5206 lmtitiam
3450 5192 3466 5217 ,
3485 5160 3541 5206 et
3554 5156 3746 5219 polluti?5

2226 5238 2474 5296 homines
2500 5239 2554 5294 in
2581 5252 2767 5296 sancto
2794 5241 2961 5297 Israel
2987 5242 3356 5296 exsultahunt.
3400 5263 3418 5292 ι
3452 5242 3603 5297 blites
3622 5230 3748 5305 apud“

2227 5330 2411 5386 lantur
2438 5333 2688 5402 apostoli,
2719 5334 2783 5388 de
2812 5334 3009 5403 quibus
3026 5335 3193 5389 etiam
3222 5333 3498 5391 Dominus
3538 5333 3588 5389 in
3628 5328 3748 5383 Evan-

2228 5423 2367 5493 gelio
2397 5424 2566 5480 dicit:
2603 5443 2621 5477 ‹
2641 5424 2791 5481 Beati
2828 5427 3008 5492 mites,
3040 5427 3295 5496 quoniam
3322 5427 3431 5497 ipsi
3464 5421 3753 5497 possidebunt

2229 5526 2431 5575 terram
2457 5518 2669 5590 (Matth.
2694 5519 2769 5589 v).
2796 5539 2813 5571 ι
2842 5519 2972 5574 Cum
3001 5520 3263 5576 vidissent
3281 5510 3751 5592 ergoapostolimul-

2231 5609 2516 5665 titudinem
2538 5611 2775 5680 gentium
2791 5611 2858 5665 ad
2884 5610 3042 5665 ﬁdem
3062 5611 3262 5667 Christi
3286 5627 3598 5673 occurrere,
3612 5616 3753 5672 magna

2228 5699 2413 5757 laatitia
2442 5702 2623 5755 addita
2650 5710 2734 5756 est
2762 5701 2884 5755 illis.
2917 5700 3193 5772 Pauperes
3236 5703 3404 5759 etiam
3457 5696 3665 5771 apostoli
3699 5688 3753 5743 di.

2228 5802 2442 5859 cuntur,
2475 5793 2726 5863 quoniam
2752 5793 2854 5863 ipsi
2880 5792 3103 5849 fuerunt
3131 5808 3401 5866 pauperes
3428 5792 3638 5864 spiritu.
3664 5784 3754 5838 Pos-

2230 5900 2415 5953 sumus
2446 5900 2576 5944 vero
2600 5893 2657 5944 et
2680 5900 2781 5945 nos
2807 5886 3036 5961 gentiles
3055 5890 3325 5961 pauperes
3349 5880 3620 5960 appellari.
3654 5872 3754 5932 Mi
