3918 6466
91 455 207 511 86!

1199 444 1552 512 COMMENT.
1604 451 1669 508 IN
1708 450 1962 510 ISAIAM.
2000 488 2070 498 —
2113 457 2344 515 LIB.‘II.

3264 466 3383 524 862-

92 578 296 639 patres
324 562 493 624 nostri
521 582 787 641 pauperes
814 570 1159 635 exstiterunt,
1186 569 1309 639 quia
1348 584 1456 624 non
1485 566 1690 622 habue-
1718 568 1772 630 Α
1795 579 1987 623 cerunt
2011 570 2286 628 Abraham
2312 582 2367 630 et
2388 573 2533 629 Arari
2562 572 2616 630 in
2641 574 2839 647 ignem,
2867 578 2959 648 qui
2986 578 3164 652 lingua
3185 596 3373 639 eorum

95 670 241 717 runt
266 661 481 717 divitias
509 661 836 734 Spirituales,
876 669 931 716 et
958 661 1284 733 pinguedine
1307 662 1421 731 spei
1459 670 1513 715 et
1555 658 1690 712 dile-

93 753 307 810 ctionis
336 764 584 826 expertes
611 763 943 809 manserunt.
968 753 1104 809 Cum
1143 765 1323 809 autem
1356 752 1550 809 ebriati
1579 749 1695 806 fue-

96 845 222 899 rint
253 846 409 915 aquis
431 842 805 916 spiritualibus
835 842 901 900 de
929 842 1075 899 fonte
1105 842 1425 910 Salvatoris,
1458 840 1694 897 exsulta-

95 938 248 993 ιιδιιιιῑ
274 938 326 991 in
349 946 540 993 sancto
565 935 750 992 Israel.

189 1046 208 1080 ι
250 1028 513 1096 Quoniam
542 1028 741 1085 defecit
782 1028 872 1099 qui
910 1029 1259 1101 praevalebat,
1290 1032 1698 1084 consummatus

62 1130 200 1178 rest
232 1120 435 1175 illusor.
472 1142 490 1173 ι
518 1120 658 1176 Ante
685 1121 973 1175 adventum
1002 1118 1380 1190 Redemptoris
1401 1117 1571 1173 nostri
1592 1117 1702 1171 dia-

106 1210 273 1266 bolus
292 1208 619 1281 prmvalebat
644 1226 805 1282 super
830 1226 1014 1267 omnes
1052 1217 1238 1283 gentes
1256 1251 1270 1274 ,
1309 1209 1433 1280 quia
1463 1208 1577 1277 ipse
1607 1221 1701 1261 eas

104 1317 215 1357 suo
253 1303 491 1358 dominio
517 1303 831 1375 subjugatas
856 1303 1081 1358 habuit:
1130 1305 1299 1357 donec
1326 1302 1471 1356 venit
1510 1300 1703 1355 fortior

114 1390 209 1450 illo
256 1392 512 1447 Dominus
540 1392 695 1447 Iesus
726 1392 819 1463 qui
850 1393 1097 1446 universa
1138 1391 1253 1462 ejus
1283 1390 1532 1457 abstulit,
1566 1389 1701 1443 sicut

112 1483 172 1536 in
210 1483 499 1555 Evangelio
526 1484 759 1555 legitur:
789 1503 807 1535 ι
840 1500 965 1539 eum
989 1495 1166 1539 autem
1192 1482 1489 1538 fortiorillo
1515 1495 1703 1550 super-

110 1578 345 1643 venerit,
377 1580 624 1635 universa
650 1596 799 1635 arma
825 1579 941 1648 ejus
969 1577 1199 1640 auferet,
1232 1575 1285 1629 in
1316 1575 1509 1645 quibus
1538 1571 1705 1626 confi-

113 1667 279 1723 debat
297 1666 448 1740 (Luc.
474 1670 575 1740 χι).
600 1690 617 1721 ι
639 1670 764 1724 Ideo
779 1668 922 1724 enim
939 1665 1286 1739 praevalebat,
1309 1663 1433 1735 quia
1455 1662 1705 1732 princeps

114 1756 276 1812 istius
298 1760 479 1814 mundi
509 1770 641 1813 erat.
677 1759 829 1813 Sicut
857 1758 1114 1823 Dominus
1136 1757 1299 1813 dixit:
1336 1775 1352 1806 ι
1382 1754 1544 1811 Venit
1561 1754 1705 1808 enim

115 1845 371 1914 princeps
394 1847 578 1900 mundi
609 1847 789 1917 hujus,
815 1856 869 1902 et
896 1847 951 1901 in
980 1862 1065 1902 me
1092 1862 1199 1901 non
1226 1847 1389 1901 habet
1414 1844 1704 1913 quidquam

1796 673 1860 710 ur
1890 659 2225 729 appellatur:
2258 679 2324 719 eo
2347 665 2489 734 quod
2516 664 2721 721 nollent
2740 667 2914 723 colere
2938 666 3105 724 illum.
3134 669 3377 730 Mortuus

1796 760 1879 806 est
1906 762 2085 808 autem
2132 754 2205 809 ibi
2248 756 2390 811 Aran
2439 768 2563 813 ante
2610 757 2824 814 Tharan
2867 770 3073 830 patrem
3111 778 3289 829 suum,
3319 770 3378 820 et

1796 843 2069 899 Abraham
2095 842 2290 901 illaesus
2311 848 2477 904 exivit
2497 851 2564 905 ab
2589 865 2654 905 eo
2682 849 2833 919 (Gen.
2862 852 2956 922 ιιι).
2986 851 3136 908 Unde
3167 862 3221 909 et
3248 854 3380 911 dicit

1799 934 1846 987 ei
1873 935 2131 990 Dominus
2158 954 2170 989 :
2209 957 2225 987 ι
2260 937 2373 1008 Ego
2396 939 2536 993 Deus
2574 941 2665 1010 qui
2694 940 2851 996 eduxi
2875 950 2925 996 te
2956 941 3022 997 de
3050 943 3181 998 urbe
3207 943 3372 999 Chal-

1801 1026 2056 1081 daeorum.
2081 1046 2098 1078 ι
2128 1048 2143 1078 ‹
2167 1025 2282 1081 Non
2308 1028 2464 1084 modo
2491 1029 2848 1086 confundetur
2875 1029 3059 1097 Iacob,
3080 1048 3187 1087 non
3218 1034 3380 1090 modo

1800 1117 1981 1173 vultus
2020 1116 2136 1186 ejus
2163 1120 2479 1174 erubescet:
2533 1120 2626 1176 sed
2665 1137 2787 1176 cum
2834 1122 3031 1177 viderit
3074 1121 3211 1177 filios
3256 1136 3384 1179 suos

1803 1223 1966 1280 opera
1998 1224 2251 1265 manuum
2278 1227 2518 1266 mearum
2550 1213 2603 1266 in
2644 1213 2822 1269 medio
2864 1215 2945 1269 sui
2985 1214 3386 1272 sanctificantes

1804 1317 2000 1356 nomen
2029 1316 2228 1357 meum.
2263 1321 2281 1352 ι
2314 1302 2581 1371 Loquitur
2620 1301 2882 1361 Dominus
2916 1306 3256 1375 omnipotens
3289 1320 3388 1377 per

1804 1391 1997 1447 Isaiam
2023 1393 2365 1463 prophetam,
2395 1402 2451 1449 et
2477 1393 2605 1448 dicit
2632 1412 2643 1447 :
2687 1394 2802 1448 Non
2846 1396 3003 1451 modo
3030 1397 3151 1461 hoc,
3178 1396 3280 1451 hoc
3304 1405 3389 1452 est

1808 1486 1910 1540 isto
1942 1486 1995 1539 in
2025 1494 2296 1555 tempore,
2325 1486 2605 1541 erubescet
2631 1486 2830 1553 Iacob,
2862 1488 2914 1541 id
2943 1496 3026 1543 est
3051 1490 3385 1544 verecunda-

1805 1578 1984 1645 bitur,
2026 1586 2083 1633 et
2120 1577 2322 1633 dolebit
2368 1595 2529 1650 super
2562 1580 2875 1650 iniquitates
2917 1596 3084 1635 suas:
3126 1583 3219 1637 sed
3265 1598 3389 1638 cum

1808 1669 1948 1724 ﬁlios
1979 1684 2134 1736 suos,
2179 1670 2448 1740 apostolos
2492 1671 2702 1726 scilicet
2731 1688 2897 1736 meos,
2932 1687 3093 1743 Opera
3132 1688 3390 1729 manuum

1810 1778 2086 1828 mearum,
2133 1778 2267 1833 quos
2298 1778 2396 1833 ego
2432 1764 2612 1817 creavi
2658 1772 2712 1818 et
2754 1765 3037 1833 reparavi,
3084 1776 3138 1819 et
3182 1763 3393 1820 erudivi

1811 1853 2035 1907 scientia
2059 1853 2356 1923 spirituali:
2391 1854 2444 1907 in
2476 1855 2651 1910 medio
2676 1856 2758 1910 sui
2788 1855 3021 1911 viderint
3050 1855 3396 1911 sanctiﬁcan-

117 1932 317 2003 (Joan.
351 1936 496 2005 xiv).
540 1959 557 1989 ι
602 1937 668 1992 Et
694 1956 705 1993 :
738 1957 755 1989 ι
786 1938 939 1993 Nunc
966 1939 1218 2009 princeps
1239 1938 1425 1993 mundi
1460 1936 1704 2006 cjicietur
1730 1944 1779 2005 Β
1809 1952 1887 1998 tes
1916 1960 2113 1999 nomen
2139 1960 2338 1999 meum.
2380 1943 2673 2015 Postquam
2720 1948 2863 2002 enim
2904 1948 3164 2003 Dominus
3194 1963 3257 2002 ac
3285 1947 3394 2003 Re-

121 2019 291 2078 foras.
316 2044 334 2075 ι
354 2023 472 2094 Ipse
498 2026 660 2080 etiam
690 2027 991 2097 appellatur
1020 2027 1511 2097 illusor,quiomne
1540 2041 1709 2097 genus

117 2110 400 2167 hominum
442 2112 728 2181 illudehat,
773 2126 829 2172 et
868 2118 1157 2172 seducebat
1201 2117 1269 2171 ad
1316 2131 1556 2172 errorem
1604 2115 1705 2171 sui.

124 2216 145 2255 ι
185 2202 399 2259 Succisi
428 2214 553 2260 sunt
577 2222 763 2263 omnes
791 2210 881 2279 qui
918 2209 1213 2280 vigilabant
1255 2224 1415 2281 super
1451 2207 1709 2278 iniquita-

127 2301 259 2359 tem,
292 2297 381 2366 qui
412 2313 637 2368 peccare
666 2298 932 2356 faciebant
958 2302 1205 2357 homines
1244 2303 1298 2356 in
1333 2303 1519 2357 verbo.
1557 2322 1574 2353 ι
1606 2302 1711 2372 Ipsi

122 2384 219 2453 qui
271 2389 467 2443 succisi
514 2399 639 2444 sunt
664 2409 699 2443 εη
728 2392 972 2461 discipuli
1011 2394 1268 2464 principis
1298 2395 1483 2450 mundi
1513 2396 1711 2451 intelli-

119 2486 342 2545 guntur,
376 2478 645 2535 daemones
669 2482 939 2548 videlicet,
966 2485 1056 2553 qui
1084 2484 1377 2554 vigilabant
1404 2501 1616 2555 semper
1643 2485 1710 2539 ad

118 2564 347 2620 malum.
381 2566 533 2625 Tunc
574 2568 649 2624 illi
696 2556 894 2628 succisi
938 2582 1061 2628 sunt
1092 2575 1182 2643 qui
1214 2589 1438 2643 peccare
1470 2574 1714 2631 fecerunt

119 2655 375 2712 homines
412 2659 467 2713 in
506 2661 692 2724 verbo,
738 2662 842 2718 hoc
885 2674 989 2729 est,
1021 2662 1233 2720 Iudaeos
1261 2667 1478 2735 quando
1506 2681 1714 2722 veneno

117 2745 427 2818 iniquitatis
457 2750 670 2807 illorum
695 2754 855 2808 corde
879 2756 1153 2812 obcaecato
1176 2757 1427 2811 dixerunt
1452 2758 1708 2813 Domino:

126 2855 149 2890 ι
184 2838 244 2893 In
270 2838 571 2897 Beelzebub
588 2845 830 2915 principe
844 2846 1231 2902 dmmoniorum
1261 2849 1413 2919 cjicis
1449 2849 1715 2906 daemonia

121 2927 282 3000 (Luc.
298 2932 395 3004 χι).
414 2953 431 2986 ι
456 2934 523 2988 Et
551 2953 563 2989 :
596 2957 613 2987 ι
630 2934 917 3008 Crucifige,
935 2941 1189 3011 crucifige
1203 2956 1325 2995 cum
1352 2960 1363 2995 :
1389 2961 1407 2992 ›
1428 2950 1482 2996 et
1497 2941 1603 2995 alia
1616 2942 1718 2996 hu-

60 3088 67 3093 ,
112 3021 380 3091 jusmodi.
434 3043 454 3076 ι
503 3024 566 3081 Et
597 3038 912 3098 arguentem
944 3032 996 3085 in
1035 3044 1189 3102 porta
1218 3034 1651 3104 supplantabant.
1689 3053 1709 3084 ι

120 3111 260 3178 Quis
289 3123 372 3169 est
402 3114 503 3171 iste
533 3119 625 3187 qui
672 3118 722 3173 in
754 3130 906 3188 porta
934 3122 1422 3191 supplantahatur?
1454 3123 1714 3179 Dominus

119 3201 305 3269 Iesus,
349 3204 434 3261 vel
475 3208 635 3262 etiam
679 3210 873 3280 aliquis
918 3213 1300 3282 prophetarum
1335 3216 1426 3284 qui
1470 3217 1524 3270 in
1558 3223 1714 3286 porta

1814 2036 2059 2106 demptor
2084 2037 2303 2091 humani
2334 2039 2546 2108 generis
2577 2058 2595 2090 ι
2620 2040 2832 2094 devicto
2848 2040 3038 2095 mortis
3062 2041 3290 2111 imperio
3312 2055 3398 2096 re-

1814 2126 2049 2180 surrexit
2075 2135 2129 2180 et
2149 2127 2474 2181 ascenditad
2488 2127 2766 2183 dexteram
2796 2129 2888 2184 Dei
2912 2129 3110 2193 Patris,
3137 2149 3156 2181 ι
3184 2129 3398 2186 decimo

1815 2218 2148 2272 ascensionis
2174 2232 2284 2272 sua:
2321 2218 2407 2272 die
2441 2237 2458 2270 ι
2495 2219 2640 2273 misit
2673 2220 2930 2289 Spiritum
2958 2229 3204 2276 sanctum
3233 2236 3400 2291 super

1814 2307 2083 2376 apostolos
2122 2306 2175 2360 in
2222 2306 2415 2378 linguis
2456 2308 2644 2377 igneis,
2691 2318 2745 2363 et
2772 2318 3055 2378 cmperunt
3095 2309 3237 2378 loqui
3284 2324 3399 2363 ma-

1815 2397 1988 2467 gnalia
2014 2398 2108 2452 Dei
2137 2398 2273 2467 (Act.
2304 2398 2386 2467 ιι).
2415 2418 2433 2450 ι
2458 2397 2750 2453 Audientes
2774 2399 2874 2454 hoc
2898 2398 3065 2454 Iudaei
3096 2400 3186 2470 qui
3215 2399 3401 2455 Domi-

1814 2503 1942 2540 num
1975 2488 2133 2541 morti
2160 2487 2514 2551 tradiderant,
2551 2487 2885 2542 erubuerunt
2908 2488 2972 2543 de
3002 2489 3235 2559 peccatis
3261 2488 3397 2555 suis,

1815 2577 1956 2647 quod
1980 2576 2263 2631 Dominum
2291 2593 2355 2633 ac
2380 2577 2549 2631 Deum
2577 2594 2732 2633 suum
2758 2579 3127 2643 damnassent,
3154 2573 3209 2633 et
3234 2578 3401 2649 paeni.

1817 2669 1983 2722 tentia
2026 2669 2171 2723 ducti
2193 2669 2444 2724 dixerunt
2473 2669 2539 2723 ad
2558 2668 2827 2738 apostolos
2852 2688 2863 2723 :
2897 2688 2915 2719 ι
2945 2669 3082 2735 Quid
3116 2667 3397 2736 faciemus,

1816 2762 1919 2816 viri
1936 2763 2166 2818 fratres?
2186 2762 2279 2817 iEt
2294 2762 2488 2818 Petrus
2501 2764 2569 2817 ad
2582 2762 2731 2817 illos:
2754 2782 2770 2812 ι
2784 2762 3187 2840 Paenitentiam,
3202 2763 3400 2833 inquit,

1819 2856 1980 2927 agite,
2011 2865 2063 2911 et
2083 2857 2388 2926 baptizetur
2412 2857 2465 2910 in
2489 2856 2704 2911 nomine
2728 2856 2938 2910 Domini
2963 2855 3090 2911 Jesu
3115 2857 3403 2926 unusquis-

1818 2959 1922 3014 que
1937 2954 2195 3001 vestrum.
2218 2967 2236 2998 ι
2261 2946 2649 3016 lmpletumque
2662 2955 2747 3001 est
2772 2946 2899 3001 illud
2913 2946 3056 3016 quod
3070 2946 3157 3001 hic
3170 2945 3367 3001 dicitur
3381 2963 3398 3003 :

1823 3055 1842 3088 ι
1872 3035 2005 3092 Cum
2036 3037 2282 3093 videritis
2308 3038 2449 3093 filios
2476 3046 2688 3093 vestros
2718 3037 2988 3108 apostolos
3011 3052 3157 3093 meos
3184 3037 3404 3094 effectos

1818 3128 2218 3183 sanctificantes
2240 3143 2436 3184 nomen
2460 3143 2660 3195 meum,
2676 3128 3005 3184 erubescetis
3025 3128 3090 3184 de
3111 3126 3403 3183 sceleribus

1818 3222 2033 3286 vestris,
2056 3221 2521 3276 etconfundemini
2536 3236 2698 3290 super
2715 3220 2913 3276 vestris
2928 3221 3222 3275 erroribus.
3239 3239 3258 3271 ι
3293 3237 3311 3271 ‹
3335 3219 3404 3276 Et

124 3298 482 3353 annuntiabat
526 3300 721 3370 populo
746 3344 759 3365 ,
818 3312 1084 3371 quatenus
1129 3320 1295 3374 agens
1338 3305 1712 3375 paenitentiam
1742 3298 1787 3363 C
1818 3311 2231 3367 sanctificabunt
2269 3331 2287 3363 ›
2337 3311 2564 3380 apostoli
2606 3310 2808 3365 Christi
2854 3324 3047 3365 nomen
3098 3329 3117 3361 ι
3154 3318 3403 3365 sanctum

122 3394 537 3442 converteretur
566 3391 629 3443 ad
658 3390 779 3444 ﬁdei
805 3395 1169 3460 operationem
1195 3414 1208 3448 :
1244 3403 1423 3450 tamen
1448 3413 1551 3453 non
1583 3415 1713 3470 sup-

125 3476 477 3547 plantabatur
501 3479 613 3545 ille,
639 3483 762 3550 quia
787 3483 966 3553 justus
994 3502 1059 3540 ex
1083 3486 1185 3541 fide
1210 3489 1397 3545 vivens
1424 3492 1714 3550 immobilis

128 3566 483 3636 permanebat
530 3566 714 3638 (Rom.
772 3574 847 3643 ι).
901 3594 917 3624 ι
967 3575 1035 3630 Et
1063 3577 1470 3635 declinaverunt
1512 3582 1714 3639 frustra

123 3653 353 3722 justum.
391 3673 410 3706 ι
446 3655 503 3709 In
535 3656 855 3726 quibusdam
885 3663 1159 3720 codicibus
1196 3669 1462 3738 reperitur
1487 3688 1519 3723 a
1540 3671 1711 3741 justo,

131 3747 229 3801 sed
251 3748 436 3802 beatus
458 3747 819 3822 Hieronymus
848 3773 866 3806 ι
881 3754 1087 3823 justum
1109 3778 1126 3809 ι
1155 3760 1375 3830 exponit
1397 3761 1582 3817 dicens
1606 3764 1709 3818 ita:

129 3835 398 3903 Quantum
430 3838 483 3893 in
524 3839 654 3911 ipsis
681 3843 1012 3901 daemonibus
1038 3845 1174 3914 fuit,
1222 3851 1492 3907 declinare
1532 3854 1715 3909 conati

127 3936 252 3983 sunt
272 3929 473 3999 justum
498 3947 525 3986 a
544 3932 776 4003 justitia,
795 3940 886 3992 sed
911 3938 1131 4007 frustra,
1151 3942 1275 4012 quia
1300 3943 1552 4000 fundatus
1574 3954 1707 4001 erat.

128 4018 422 4095 Possumus
442 4024 605 4078 etiam
631 4027 730 4081 hoc
752 4028 956 4085 referre
985 4033 1049 4086 ad
1074 4032 1280 4090 scribas
1308 4044 1361 4090 et
1393 4036 1710 4106 pharis:eos,

128 4111 220 4180 qui
251 4126 465 4182 semper
496 4114 792 4186 vigilabant
817 4121 883 4175 ad
913 4121 1277 4192 iniquitatem,
1300 4135 1354 4181 et
1376 4128 1463 4198 qui
1486 4144 1711 4199 peccare

128 4200 399 4258 faciebant
436 4206 682 4264 homines
715 4210 985 4282 simplices
1014 4215 1069 4271 in
1097 4218 1294 4285 verbo,
1322 4220 1538 4290 quando
1568 4222 1713 4277 dice-

130 4296 258 4351 bant
280 4297 345 4352 de
365 4297 591 4357 Domino
610 4300 735 4358 Iesu
759 4304 990 4372 Christo,
1019 4325 1124 4365 nou
1153 4325 1273 4367 esse
1300 4312 1448 4366 illum
1471 4314 1562 4383 qui
1587 4330 1711 4385 pro-

130 4387 324 4446 missus
352 4400 469 4447 erat
495 4393 549 4448 iu
579 4394 696 4467 lege
722 4406 777 4453 et
808 4402 1103 4470 prophetis.
1134 4402 1268 4459 Nam
1301 4403 1374 4459 illi
1396 4422 1517 4460 eum
1549 4422 1711 4473 cona-

130 4480 325 4536 bantur
348 4483 694 4555 supplantare
716 4530 729 4555 ,
762 4493 978 4560 quando
1023 4494 1304 4549 consilium
1337 4495 1541 4550 inibant
1569 4496 1711 4568 'qua-

130 4574 253 4630 Ii'ter
270 4587 524 4646 caperent
551 4596 674 4635 eum
716 4583 767 4636 in
810 4598 1059 4641 sermone
1106 4587 1326 4661 (Matth.
1373 4590 1537 4663 χχιι).
1570 4590 1706 4647 Huic

1816 3400 2004 3467 Iacob,
2031 3410 2086 3456 et
2117 3401 2283 3456 Deum
2306 3400 2468 3456 Israel
2490 3398 2877 3470 praedicabunt.
2909 3420 2927 3453 ι
2957 3398 3072 3454 Vox
3099 3400 3395 3470 prophetae.

1818 3493 2049 3550 Sanctus
2069 3493 2235 3549 Iacob
2257 3495 2310 3549 in
2335 3495 2454 3551 Ioco
2474 3496 2577 3551 isto
2596 3495 2845 3553 Christus
2868 3505 2969 3563 est,
2988 3496 3081 3568 qui
3102 3498 3167 3553 de
3193 3497 3402 3553 semine

1816 3594 1870 3640 et
1896 3586 2193 3657 propagine
2232 3586 2376 3642 illius
2414 3586 2663 3642 eﬂloruit.
2702 3587 2845 3644 Deus
2874 3600 3053 3644 autem
3082 3588 3267 3654 Israel,
3299 3589 3404 3645 Do-

1815 3679 1993 3733 minus
2024 3677 2180 3733 Iesus
2200 3695 2321 3733 cum
2349 3677 2512 3734 Patre
2537 3688 2592 3734 et
2615 3678 2822 3749 Spiritu
2852 3687 3039 3735 sancto
3064 3680 3398 3750 intelligitur.

1890 3789 1908 3822 ι
1944 3769 2010 3824 Ει
2038 3770 2245 3825 discent
2272 3771 2324 3824 in
2350 3771 2436 3825 die
2462 3769 2549 3825 illa
2572 3781 2817 3826 errantes
2844 3771 3033 3840 spiritu
3069 3769 3403 3825 intellectum

1813 3871 1868 3917 et
1909 3861 2284 3918 mussitatores
2311 3862 2519 3919 discent
2557 3862 2750 3935 legem.
2791 3882 2810 3915 ι
2847 3862 3105 3917 Errantes
3130 3859 3401 3931 appellam-

1813 3962 1901 4009 tur
1925 3953 2117 4019 Iudmi,
2149 3970 2180 4009 a
2210 3953 2346 4009 falso
2374 3970 2561 4011 errore
2592 3955 2819 4019 seducti,
2848 3955 2940 4025 qui
2972 3952 3109 4010 idola
3142 3952 3402 4008 adorare-

1812 4054 1941 4100 runt
1968 4045 2278 4102 recedentes
2316 4063 2346 4101 a
2392 4046 2502 4101 Deo
2536 4062 2685 4103 vero.
2728 4046 2833 4117 Ipsi
2872 4053 3133 4101 vocantur
3170 4052 3223 4099 et
3250 4059 3401 4100 mus-

1812 4136 2085 4201 sitatores,
2110 4136 2361 4205 quoniam
2392 4150 2607 4206 semper
2626 4144 3053 4191 murmuratores
3077 4133 3400 4189 exstiterunt

1809 4236 1866 4281 et
1893 4227 2288 4292 mussitatores,
2314 4238 2423 4281 tam
2454 4227 2507 4283 in
2539 4242 2719 4283 eremo
2742 4244 2901 4298 quam
2922 4227 3088 4283 etiam
3115 4234 3400 4299 postquam

1811 4317 2107 4373 introducti
2131 4326 2257 4374 sunt
2281 4319 2335 4373 in
2361 4327 2558 4374 terram
2588 4318 2838 4374 omnibus
2868 4317 3163 4374 meliorem.

2390 4474 2617 4534 CAPUT
2652 4474 2823 4530 XXX.

1888 4606 1905 4638 ι
1947 4587 2057 4653 Vae,
2084 4587 2178 4642 filii
2209 4587 2536 4655 desertores,
2573 4588 2703 4643 dicit
2732 4588 3007 4643 Dominus.
3040 4608 3058 4641 ι
3092 4588 3204 4654 Vae,
3233 4585 3396 4643 sicuti

132 4678 258 4722 vero
286 4666 467 4723 sensui
510 4670 760 4740 congruit
801 4680 1089 4746 utrumque
1103 4652 1125 4741 ,‘
1165 4695 1184 4727 ι
1220 4686 1274 4732 et
1303 4652 1708 4736 declinaverunt
1730 4652 1784 4712 D
1814 4678 2061 4748 superius
2082 4679 2193 4749 jam
2227 4678 2477 4744 diximus,
2511 4678 2788 4733 interitum
2820 4678 3139 4749 perditionis
3162 4685 3216 4733 et
3240 4691 3390 4732 mor-

132 4753 330 4811 frustra
354 4755 592 4827 justum,
628 4781 647 4814 ι
692 4762 777 4817 vel
823 4780 851 4817 a
886 4765 1050 4835 justo.
1096 4766 1315 4822 Frustra
1363 4771 1538 4825 conati
1588 4780 1713 4825 sunt

134 4846 322 4903 scriba:
360 4856 415 4905 et
449 4847 705 4907 Pharisaei
732 4854 999 4910 declinare
1027 4856 1257 4924 iustum,
1291 4860 1415 4931 quia
1443 4876 1546 4915 non
1574 4877 1713 4931 pm:-

137 4937 434 4996 valuerunt.
468 4941 563 4997 Vel
592 4944 752 4997 etiam
788 4946 1002 5015 quando
1028 4948 1314 5003 dixerunt:
1349 4970 1367 5002 ι
1401 4949 1519 5006 Non
1549 4951 1712 5007 hahe-

137 5048 254 5089 mus
281 5048 461 5108 regem
492 5037 593 5092 nisi
625 5037 888 5094 Caesarem
927 5039 1107 5113 (Joan.
1140 5043 1227 5113 ιι),
1271 5064 1289 5095 ›
1324 5043 1523 5099 frustra
1551 5046 1713 5100 decli—

138 5136 398 5182 naverunt
425 5142 457 5182 a
479 5125 647 5197 justo,
683 5130 787 5187 hoc
811 5141 913 5198 est,
953 5134 1115 5189 stulte
1143 5146 1370 5207 egerunt
1399 5140 1713 5196 recedentes

137 5214 333 5285 a‘VIta,
376 5227 431 5273 et
474 5220 732 5292 eligentes
766 5232 1014 5279 mortem.
1056 5224 1344 5296 Postquam
1377 5228 1517 5283 idem
1562 5228 1709 5297 fecit,

139 5308 258 5377 quia
282 5309 604 5378 praevalebat
628 5313 893 5382 diabolus,
926 5325 981 5371 et
1007 5318 1199 5373 succisi
1225 5327 1349 5374 sunt
1380 5329 1487 5374 tam
1511 5321 1712 5377 daemo-

141 5414 233 5454 nes
260 5400 489 5456 ministri
519 5401 662 5458 illius
696 5420 856 5474 quam
888 5410 1077 5464 scriba:
1104 5418 1157 5465 et
1184 5410 1466 5479 Pharisaei,
1494 5413 1733 5485 addide-g

143 5488 263 5547 runt
308 5493 468 5549 mites
506 5492 780 5551 laetitiam:
820 5504 873 5553 et
913 5512 1176 5571 pauperes
1218 5503 1443 5572 spiritu,
1486 5504 1711 5575 gentiles

142 5584 544 5644 exSultaverunt
573 5590 622 5644 in
656 5590 904 5647 Domino.

217 5694 235 5729 ι
271 5678 496 5750 Propter
517 5681 631 5737 haec
662 5683 791 5737 dicit
822 5682 1078 5739 Dominus
1102 5685 1167 5738 ad
1190 5686 1402 5741 domum
1433 5686 1597 5743 Iacob
1621 5691 1709 5759 qui

147 5772 367 5829 rbdemit
418 5772 708 5828 Abraham.
785 5793 802 5825 ι
853 5773 1130 5842 Quomodo
1178 5778 1405 5833 redemit
1457 5780 1713 5835 Dominus

147 5861 452 5922 Abraham?
467 5863 719 5936 Legimus
744 5865 798 5922 iu
824 5864 1063 5925 historiis
1085 5886 1096 5922 :
1126 5867 1261 5937 Quia
1286 5868 1520 5927 Chaldaei
1543 5871 1715 5947 proje-

1815 4768 1886 4825 tis
1908 4770 2195 4838 significat.
2216 4771 2530 4825 Descrtores
2552 4786 2784 4840 namque
2801 4769 2971 4826 Iudici
2996 4777 3393 4841 nuncupantur,

1815 4852 1906 4932 qui
1939 4860 2339 4929 dereliquerunt
2374 4861 2545 4932 legem
2589 4860 2799 4915 Domini
2834 4870 2885 4916 et
2917 4860 3240 4932 transgressi
3268 4865 3396 4915 sunt

1812 4964 2026 5024 pactum
2066 4952 2201 5022 ejus.
2244 4951 2396 5008 Nunc
2431 4954 2673 5023 praedicit
2696 4952 2862 5009 ISaias
2888 4952 3096 5024 Spiritu
3119 4959 3306 5007 sancto
3336 4967 3395 5007 e-

1814 5046 2024 5101 briatus
2045 5045 2325 5100 historiam
2347 5060 2464 5115 qua:
2490 5046 2816 5116 temporibus
2835 5042 3082 5101 Ieremia:
3107 5042 3395 5114 adimpleta

1816 5146 1927 5203 est,
1956 5136 2170 5205 quando
2198 5133 2693 5191 Nabuchodonosor
2726 5148 2821 5189 rex
2849 5132 3222 5189 Chaldaeorum
3250 5132 3399 5189 venit

1814 5228 1868 5283 in
1919 5224 2287 5290 Hierusalem,
2334 5233 2388 5280 et
2433 5224 2587 5280 duxit
2620 5222 2897 5280 Sedeciam
2934 5222 3185 5277 orbatum
3229 5221 3406 5279 oculis

1815 5316 2152 5383 filiorumque
2193 5322 2384 5381 morte,
2432 5324 2487 5371 et
2528 5328 2741 5369 omnem
2772 5312 3024 5383 populum
3069 5320 3227 5368 terra:
3260 5324 3399 5383 pene

1812 5411 2136 5483 captivavit,
2184 5408 2404 5479 reliquis
2432 5409 2521 5478 qui
2553 5407 2924 5462 remanserunt
2947 5400 3195 5477 praefecit
3223 5405 3405 5462 Codo-

1813 5503 1939 5571 1iam
1970 5501 2061 5570 qui
2088 5509 2206 5554 erat
2234 5499 2300 5554 de
2332 5501 2537 5555 semine
2563 5498 2729 5568 regio.
2781 5494 2940 5552 Venit
2988 5506 3164 5551 autem
3204 5490 3399 5552 Ismael

1812 5602 1868 5651 et
1894 5593 1983 5649 alii
2013 5593 2113 5647 viri
2148 5607 2378 5661 nequam
2419 5606 2539 5646 cum
2581 5606 2667 5656 eo,
2698 5599 2754 5645 et
2803 5590 3190 5645 interfecerunt
3217 5588 3397 5644 Godo-

1812 5686 1960 5752 liam,
1995 5686 2191 5740 invidia
2231 5686 2373 5741 ducti
2412 5693 2599 5739 contra
2634 5698 2779 5739 eum.
2827 5682 2977 5738 Tunc
3004 5680 3171 5735 nimio
3204 5681 3396 5737 timore

1813 5778 2091 5850 perterriti
2114 5793 2301 5832 omnes
2324 5777 2413 5844 qui
2445 5785 2833 5839 remanserunt,
2870 5781 3132 5830 venerunt
3160 5774 3226 5828 ad
3253 5771 3399 5829 Iere—

1817 5870 1980 5927 miam
2012 5869 2370 5943 dixeruntque
2398 5868 2487 5927 ei:
2527 5867 2635 5928 Ora
2668 5884 2769 5944 pro
2813 5868 2971 5928 nobis
3003 5866 3073 5927 ad
3109 5862 3410 5943 Dominum
