3918 6458
591 402 701 462 863

1075 401 1426 460 HAYMONIS
1462 400 1938 458 HALBERSTAT.
1982 395 2195 456 EPISC.
2236 398 2386 456 OPP.
2426 398 2606 455 PARS
2642 399 2688 454 l.
2719 401 2806 441 '—
2833 398 3189 467 COMMENT.
3228 399 3407 456 BIBL.

3779 409 3848 463 εει

595 519 782 580 Deum,
823 525 877 572 et
911 515 997 570 die
1041 517 1170 586 quid
1198 532 1357 587 agere
1387 515 1694 570 debeamus.
1741 513 1998 569 Sciebant
2024 511 2170 568 enim
2196 515 2247 575 Α
2273 510 2420 567 Onus
2450 527 2578 566 vero
2599 512 2969 582 jumentorum
2996 512 3178 566 Austri
3209 512 3322 568 ideo
3365 511 3628 579 dicitur,
3658 519 3771 585 quia
3800 525 3842 575 ad

595 612 719 681 quia
744 624 841 680 pro
868 606 1239 664 interiectione
1258 607 1493 662 Godolia:
1519 621 1676 676 quem
1697 612 2050 676 proposuerat
2069 602 2174 658 illis

593 701 1107 764 Nabuchodonosor,
1140 699 1277 753 mala
1309 698 1517 768 passuri
1545 681 1717 751 erant.
1748 697 1964 751 Decimo
1992 704 2170 749 autem

595 795 682 851 die
705 802 987 865 postquam
1025 792 1093 846 illi
1128 791 1413 846 Jeremiam
1453 789 1856 852 consuluerunt,
1885 786 2060 842 factus
2090 793 2173 841 est

594 900 774 941 sermo
800 884 1007 940 Domini
1030 883 1096 937 ad
1130 883 1277 938 illum
1294 883 1477 937 dicens
1500 901 1512 934 :
1541 901 1558 933 ι
1576 881 1689 946 Dic
1717 879 1938 950 reliquis
1965 880 2053 948 qui
2084 893 2171 933 re-

595 984 910 1032 manserunt
940 993 952 1029 :
988 974 1197 1031 Manete
1239 975 1293 1028 in
1332 972 1449 1027 loco
1490 972 1627 1036 isto,
1666 980 1720 1025 et
1743 979 2020 1042 protegam
2050 983 2166 1034 vos,

593 1070 801 1137 eritque
825 1068 976 1121 vobis
1001 1068 1156 1121 bene.
1184 1087 1200 1117 ι
1221 1065 1463 1134 Cumque
1488 1064 1748 1120 Jeremias
1764 1065 1879 1118 lucc
1900 1065 2061 1118 verba
2089 1063 2169 1118 eis

592 1158 878 1223 retulisset,
896 1157 1236 1212 dixeruntilli
1262 1175 1273 1209 :
1296 1175 1314 1206 ι
1335 1154 1450 1209 Νοη
1477 1154 1814 1209 manebimus
1842 1154 1950 1219 hic,
1981 1153 2074 1208 sed
2099 1151 2168 1208 ad

590 1249 882 1321 Egyptum
912 1249 1209 1320 fugienius,
1243 1263 1310 1302 ne
1346 1246 1484 1302 forte
1512 1246 1806 1300 moriamur
1832 1245 1935 1300 isto
1962 1246 2015 1299 in
2049 1244 2168 1298 loco

591 1340 858 1396 interfecti
877 1357 905 1395 a
922 1339 1236 1396 Chaldaeis.»
1262 1357 1279 1389 ι
1303 1336 1375 1391 Ut
1394 1337 1645 1391 faceretis
1665 1335 1967 1398 consilium,
1983 1343 2039 1388 et
2059 1349 2165 1388 non

589 1447 655 1486 ex
688 1448 811 1486 me:
850 1441 906 1486 et
939 1429 1253 1486 ordiremini
1298 1428 1490 1491 telam,
1535 1437 1588 1480 et
1629 1442 1732 1480 non
1779 1440 1874 1494 per
1918 1425 2166 1493 spiritum

590 1505 790 1576 meum.
830 1542 847 1572 ι
886 1520 1180 1576 Consilium
1212 1529 1266 1574 et
1295 1520 1454 1573 telam
1479 1518 1636 1572 orditi
1673 1527 1798 1571 sunt
1833 1517 2035 1586 absque
2071 1531 2166 1569 vo-

589 1610 791 1664 luntate
830 1609 1041 1664 Domini
1062 1651 1076 1674 ,
1108 1609 1320 1679 quando
1349 1608 1599 1664 dixerunt
1625 1627 1636 1660 :
1671 1607 1856 1663 Melius
1882 1616 1965 1663 est
1994 1615 2054 1661 ut
2082 1606 2165 1660 fu-

589 1701 798 1771 giamus
824 1701 876 1755 in
903 1699 1032 1770 IEgy
1045 1708 1192 1770 ptum
1221 1707 1275 1755 et
1294 1701 1364 1755 ibi
1396 1699 1682 1763 salvemur,
1707 1714 1866 1767 quam
1889 1697 1976 1752 hic
1998 1698 2165 1753 inter—
2205 1733 2214 1742 κ

588 1791 673 1846 ﬁci
682 1807 834 1846 amur
861 1809 890 1846 a
921 1791 1201 1847 Cbaldwis.

2275 601 2565 656 australem
2592 601 2803 674 plagam
2835 601 3154 656 habitabant
3187 601 3311 671 ipsa:
3340 602 3570 656 tribus.
3607 621 3626 654 ι
3659 602 3714 658 In
3739 615 3836 664 tem

2274 692 2636 748 tribulationis
2669 703 2724 747 et
2770 693 3049 763 angustiae.
3102 711 3121 743 ι
3173 690 3340 746 Terra
3401 693 3772 752 tribulationis
3802 712 3835 756 et

2273 783 2551 854 angustiae,
2582 782 2807 838 latitudo
2835 783 2977 837 illius
3002 783 3170 837 eremi
3203 783 3536 854 appellatur
3554 824 3571 848 ,
3601 801 3697 855 per
3718 805 3829 858 qua:

2270 874 2584 941 Johannan,
2623 875 2764 930 ﬁlius
2809 875 3023 939 Careze,
3063 875 3261 946 aliique
3287 876 3476 932 duces
3532 878 3824 950 reliquiarum

2271 967 2692 1022 transduxerunt
2738 968 2790 1021 in
2834 966 3128 1038 Egyptum
3171 968 3316 1039 ipsas
3362 969 3652 1039 reliquias
3692 984 3821 1028 metu

2267 1067 2593 1128 praeceptum
2630 1059 2862 1113 Domini.
2894 1059 2990 1115 Vel
3013 1060 3126 1138 ipsa
3154 1068 3300 1115 terra
3323 1061 3388 1114 in
3416 1077 3538 1132 qua
3559 1064 3699 1118 ducti
3720 1079 3814 1128 sunt,

2269 1149 2448 1205 amicti
2477 1153 2714 1208 miseriis
2752 1151 2953 1208 multis.
2993 1145 3145 1219 Quod
3175 1163 3360 1208 autem
3395 1154 3545 1209 dicit
3579 1173 3599 1206 ι
3635 1155 3812 1212 laruae

2267 1240 2371 1296 leo.
2413 1262 2432 1294 ι
2464 1241 2569 1297 Per
2593 1242 2814 1298 leaenam
2837 1242 3175 1299 Hierusalem
3204 1255 3289 1300 est
3319 1243 3680 1316 intelligenda
3703 1259 3804 1318 etp

2265 1333 2423 1404 pulus
2453 1334 2586 1405 ejus.
2624 1335 2692 1390 Et
2721 1349 2818 1406 per
2861 1335 3070 1390 leonem
3113 1334 3415 1391 Jobannan
3449 1335 3652 1406 aliique
3674 1340 3799 1406 primi

2263 1440 2379 1494 pes.
2429 1425 2715 1482 Permanet
2762 1427 2814 1480 in
2858 1426 3174 1496 metaphora
3213 1441 3342 1482 cum
3394 1427 3541 1482 dicit
3571 1445 3590 1477 ι
3618 1430 3790 1486 excisi

2265 1516 2521 1573 subaudis
2545 1517 2839 1587 jumentis,
2873 1517 2925 1572 id
2953 1529 3054 1580 est,
3084 1532 3150 1572 ex
3175 1516 3353 1572 leaena
3379 1527 3443 1572 et
3474 1519 3635 1572 leone
3655 1531 3790 1573 natae:

2270 1625 2288 1657 ε
2322 1607 2526 1677 vipera,
2550 1615 2605 1661 et
2633 1608 2848 1679 regulus
2873 1608 3081 1673 volans,
3121 1628 3138 1660 ι
3172 1608 3273 1663 hoc
3305 1617 3406 1664 est
3443 1610 3558 1664 cito
3587 1613 3783 1665 transitis.

2264 1701 2397 1768 Quis
2423 1703 2625 1756 audivit
2652 1701 3021 1770 hujuscemodi
3048 1719 3162 1758 rem
3185 1744 3200 1766 ,
3238 1711 3303 1756 ut
3335 1717 3411 1757 ex
3443 1702 3610 1757 leaena
3635 1705 3782 1758 etiam:

2267 1793 2504 1848 oriretur
2529 1794 2707 1862 vipera
2731 1803 2785 1848 et
2810 1794 3044 1865 regulus.
3079 1794 3236 1849 Juxta
3260 1795 3566 1850 historiam
3594 1799 3706 1851 enim
3721 1814 3773 1852 te:

663 1907 681 1939 ‹
717 1887 819 1955 Qui
851 1888 1136 1943 ambulatis
1163 1897 1223 1941 ut
1248 1884 1586 1942 descendatis
1619 1885 1672 1939 in
1695 1884 2007 1956 Egyptum,
2030 1893 2083 1940 et
2102 1899 2164 1940 os
2190 1872 2238 1933 Β
2265 1892 2390 1938 sunt
2432 1884 2586 1938 ﬁrma
2634 1886 2843 1940 ratione
2893 1889 3140 1942 tenenda.
3191 1887 3458 1942 Diximus
3504 1905 3703 1959 namque
3724 1906 3771 1958 pa

590 1996 767 2034 meum
803 1997 906 2034 non
937 1981 1326 2052 interrogastis.
1360 1999 1377 2032 ι
1410 1979 1543 2034 Cum
1573 1979 1703 2033 dicit
1732 1978 1822 2048 qui
1853 1978 2162 2043 ambulatis,

587 2069 820 2139 loquitur
848 2072 914 2126 de
941 2070 1118 2126 futuro
1149 2071 1300 2140 quasi
1337 2071 1404 2124 de
1443 2069 1714 2139 praesenti.
1761 2069 1893 2123 Nam
1933 2071 2000 2123 ab
2027 2069 2164 2125 Isaia

587 2159 678 2228 qui
709 2159 810 2215 hoc
839 2161 1085 2230 praedixit
1114 2177 1283 2230 usque
1311 2160 1376 2214 ad
1400 2158 1686 2213 Jeremiam
1724 2157 1874 2227 cujus
1905 2161 2164 2229 tempori-

587 2250 690 2305 bus
719 2252 1066 2321 adimpletum
1096 2259 1209 2316 est,
1235 2263 1448 2306 centum
1487 2251 1873 2319 quinquaginta
1901 2251 2025 2304 anni
2051 2251 2165 2305 fue-

582 2350 725 2396 runt.
757 2360 776 2393 r
813 2341 885 2397 Os
915 2359 1111 2407 meum,
1150 2363 1168 2394 ι
1211 2342 1400 2412 inquit,
1437 2342 1538 2395 hoc
1567 2351 1650 2395 est
1687 2341 1997 2396 Jeremiam.
2029 2341 2162 2395 Pro-

580 2431 755 2501 pheta:
795 2447 1024 2501 namque
1052 2447 1113 2486 os
1143 2431 1354 2485 Domini
1383 2429 1735 2500 appellantur,
1767 2431 1891 2500 quia
1920 2445 2015 2501 per
2041 2431 2160 2485 illo-

583 2537 704 2574 rum
733 2537 825 2576 ora
853 2521 1192 2592 omnipotens
1227 2519 1368 2575 Deus
1393 2521 1772 2591 mysteriorum
1798 2502 1996 2575 arcana
2025 2537 2162 2590 prae-

580 2615 747 2670 dicit:
791 2615 942 2670 Unde
969 2615 1144 2669 solent
1187 2614 1460 2684 pr0phetae
1486 2614 1562 2667 ita
1597 2613 1778 2669 dicere
1807 2631 1819 2666 :
1853 2633 1871 2666 α
1904 2613 1976 2669 Os
2015 2615 2160 2670 enim

580 2705 789 2761 Domini
820 2707 1056 2762 locutum
1086 2715 1186 2762 est.
1222 2726 1242 2758 ι

655 2819 673 2852 ι
696 2801 764 2856 Ει
785 2802 889 2857 erit
903 2803 1054 2857 vobis
1074 2801 1330 2857 fortitudo
1346 2799 1644 2856 Pharaonis
1659 2801 1710 2855 in
1730 2799 2118 2856 confusionem.
2132 2819 2150 2851 ι

579 2891 791 2949 Pharao
818 2909 1013 2948 nomen
1052 2895 1326 2965 dignitatis
1353 2903 1437 2950 est
1474 2895 1612 2964 apud
1655 2893 1976 2964 Egyptios:
2018 2893 2158 2948 sicut

583 2985 722 3052 apud
757 2983 1029 3039 Romanos
1057 2996 1116 3038 ut
1135 2985 1362 3055 Augusti
1392 2994 1445 3038 et
1471 2983 1711 3039 Casares
1738 2985 2154 3054 appellarentur.

576 3074 670 3131 llle
697 3077 839 3131 enim
879 3076 1088 3131 Pharao
1132 3079 1283 3148 cujus
1324 3078 1652 3148 temporibus
1690 3078 1778 3132 isti
1805 3078 2159 3149 confugerunt

576 3167 630 3222 in
661 3165 977 3239 IEgyptum,
1007 3168 1112 3224 alio
1133 3168 1349 3223 nomine
1377 3166 1540 3223 Vafre
1563 3168 1916 3234 vocitabatur,
1939 3169 2077 3223 sicut
2100 3175 2182 3224 et-

576 3259 789 3316 Pharao
819 3259 1054 3316 Necbao.

649 3373 667 3405 (
705 3353 882 3410 lerant
913 3354 1056 3409 enim
1089 3353 1360 3423 principes
1405 3354 1484 3408 tui
1523 3353 1576 3409 in
1616 3353 1854 3425 Taphnis
1887 3361 1942 3411 et
1975 3355 2148 3410 nuntii

572 3442 652 3496 tui
678 3456 847 3510 usque
874 3443 941 3496 ad
965 3442 1108 3497 Anes
1137 3441 1394 3514 [Thanes]
1421 3454 1800 3512 pervenerunt.
1845 3464 1864 3497 ›
1903 3444 2006 3499 lste
2030 3459 2152 3499 ver-

571 3531 774 3586 siculus
805 3532 1005 3588 ironice
1027 3541 1110 3588 est
1136 3533 1412 3605 legendus.
1432 3535 1510 3588 Ac
1533 3534 1576 3589 si
1597 3534 1834 3590 diceret:
1857 3535 2150 3591 Recessisti

571 3622 694 3678 ideo
745 3638 774 3677 a
822 3639 909 3678 me
955 3632 1014 3678 ut
1058 3623 1167 3680 ires
1211 3625 1265 3679 in
1301 3623 1561 3695 Taphnis,
1605 3625 1733 3696 quid
1771 3625 1867 3681 tibi
1913 3626 2149 3695 profuit?

572 3711 810 3783 Taphnis
831 3713 1020 3769 civitas
1041 3725 1123 3770 est
1153 3713 1346 3786 regalis
1372 3714 1610 3785 zEgypti,
1643 3716 1695 3768 in
1727 3730 1830 3786 qua
1863 3717 2004 3787 magi
2026 3733 2148 3771 con-

573 3815 655 3860 tra
686 3804 865 3862 Mosen
906 3808 1059 3878 signa
1101 3806 1365 3864 fecerunt.
1393 3807 1537 3864 Anes
1572 3809 1735 3863 etiam
1761 3810 1952 3866 civitas
1979 3819 2062 3866 est
2091 3810 2147 3865 in

570 3895 768 3951 ﬁnibus
795 3895 1190 3968 IEgyptiorum.

643 4006 662 4038 ‹
685 3987 883 4043 Omnes
907 3988 1112 4044 confusi
1130 3998 1254 4044 sunt
1277 4005 1438 4061 super
1458 3993 1655 4062 populo
1676 3994 1768 4063 qui
1791 3993 1870 4048 eis
1888 3995 2146 4064 prodesse

568 4094 675 4132 non
701 4079 893 4148 potuit.
930 4100 948 4131 ι
979 4079 1120 4135 Dicit
1149 4079 1339 4136 beatus
1375 4069 1758 4154 Hieronymus,
1777 4085 1903 4154 quia
1932 4086 2145 4154 quando

568 4169 643 4222 illi
673 4170 851 4222 ierunt
875 4170 926 4223 in
953 4169 1245 4241 Egyptum
1268 4171 1334 4225 ad
1363 4171 1637 4228 civitatem
1660 4173 1894 4244 Taphnis
1925 4189 2146 4245 speran-

567 4268 649 4315 tes
672 4261 878 4331 protegi
907 4277 938 4317 a
967 4261 1275 4320 fortitudine
1304 4261 1601 4321 Pbaraonis
1629 4307 1644 4331 ,
1679 4267 1775 4321 ivit
1795 4268 1998 4337 pariter
2022 4283 2143 4324 cum

566 4349 646 4404 eis
673 4347 953 4405 Jeremias.
985 4350 1376 4423 Accipiensque
1414 4371 1636 4426 magnos
1664 4355 1865 4425 lapides
1890 4372 2142 4426 compor-

566 4439 698 4492 tavit
713 4438 832 4493 illos
846 4455 1007 4509 super
1029 4449 1238 4510 portam
1261 4443 1516 4508 civitatis,
1539 4455 1594 4499 et
1621 4445 1756 4499 dixit
1783 4465 1796 4499 :
1824 4464 1841 4497 ‹
1864 4446 1990 4502 Πωε
2012 4447 2142 4504 dicit

567 4531 863 4586 Dominus:
903 4531 1041 4586 Ecce
1075 4547 1175 4603 ego
1216 4535 1475 4590 adducam
1510 4535 2000 4594 Nabuchodonosor
2028 4555 2142 4595 ser-

565 4639 687 4679 vum
717 4640 914 4689 meum,
942 4633 996 4679 et
1026 4634 1186 4694 ponet
1208 4628 1386 4682 sedem
1413 4644 1565 4684 suam
1593 4644 1754 4699 super
1783 4631 1882 4685 bos
1912 4631 2137 4701 lapides,

563 4724 620 4771 et
647 4715 1070 4787 compiehendet
1097 4731 1192 4773 vos
1217 4721 1421 4788 pariter
1445 4736 1566 4777 cum
1598 4721 1848 4776 omnibus
1875 4721 2140 4793 [Egyptiis

562 4805 617 4859 in
645 4803 840 4874 quibus
862 4807 1050 4863 conﬁsi
1079 4811 1228 4877 estis,
1260 4820 1312 4866 et
1343 4811 1589 4881 peribitis
1625 4809 1768 4866 fame
1787 4852 1802 4876 ,
1830 4812 2140 4882 captivitate

561 4893 729 4959 dura,
783 4904 837 4950 et
881 4897 1094 4968 gladio:
1138 4915 1203 4955 eo
1241 4903 1383 4971 quod
1428 4902 1674 4956 noluistis
1719 4903 1906 4957 audire
1955 4918 2137 4958 vocem

561 5002 760 5053 meam,
798 4997 857 5042 ut
890 4990 1207 5048 babitarelis
1235 4993 1288 5047 in
1320 5003 1462 5048 terra
1493 5004 1690 5050 vestra.
1731 5014 1750 5048 ι

636 5096 655 5129 ‹
690 5078 836 5134 Onus
869 5079 1238 5148 jumentorum
1284 5084 1487 5140 Austri.
1523 5105 1542 5139 ι
1573 5085 1702 5142 Post
1749 5086 1936 5142 decem
1967 5102 2133 5144 onera

559 5167 895 5224 diversarum
916 5175 1177 5244 gentium,
1206 5177 1488 5232 undecimo
1513 5176 1630 5232 loco
1651 5194 1786 5233 onus
1806 5177 2133 5248 reliquarum

560 5262 785 5318 duarum
815 5265 1046 5320 tribuum
1076 5269 1312 5337 ponitur,
1341 5269 1394 5323 id
1420 5279 1503 5325 est
1533 5271 1704 5325 tribus
1730 5269 1881 5326 inda:
1909 5279 1966 5326 et
1992 5271 2132 5325 Beu-

554 5358 722 5429 jamin
776 5378 788 5413 :
821 5375 939 5429 qum
967 5372 1343 5418 remanserunt
1375 5363 1536 5418 ducto
1579 5363 1800 5420 Sedecia
1838 5375 1892 5419 et
1932 5364 2132 5434 princi-

559 5451 715 5520 pibus
748 5451 929 5521 populi
959 5453 1012 5506 in
1039 5451 1383 5524 Babylonem.
1413 5455 1513 5522 Qui
1546 5455 1664 5509 ideo
1681 5457 1923 5525 jumenta
1953 5457 2021 5511 ob
2046 5455 2132 5511 sui

560 5542 1029 5597 insensibilitatem
1053 5545 1415 5614 appellantur,
1460 5547 1582 5617 quia
1613 5545 1875 5616 ﬂagellum
1904 5547 1997 5602 Dei
2029 5548 2131 5603 sibi

559 5632 767 5686 instans
809 5648 914 5688 non
959 5633 1360 5691 declinaverunt
1403 5655 1497 5709 per
1539 5639 1928 5708 paenitentiam.
1983 5639 2134 5695 Unde

560 5720 612 5774 in
640 5721 842 5790 psalmo
868 5724 1062 5794 legitur
1090 5745 1102 5779 :
1145 5727 1313 5783 Homo
1341 5744 1461 5783 cum
1487 5731 1538 5784 in
1563 5730 1766 5784 honore
1794 5740 1955 5796 esset,
1981 5748 2132 5786 com-

499 5842 506 5848 -
560 5823 775 5880 paratus
821 5823 902 5869 est
941 5813 1200 5884 jumentis
1247 5818 1626 5890 insipientibus
1675 5819 1857 5893 (Psal.
1909 5821 2130 5896 xum).

2266 1976 2490 2031 lezenam
2516 1984 2570 2031 et
2593 1976 2802 2031 leonem
2829 1976 3118 2046 signiﬁcari
3145 1976 3502 2032 Hierusalem
3526 1988 3574 2032 et
3593 1981 3767 2051 principe

2265 2063 2402 2132 ejus,
2435 2075 2712 2121 servantes
2742 2067 3137 2136 metaphoram.
3177 2066 3284 2120 Per
3317 2067 3566 2138 viperam
3602 2080 3644 2123 et
3674 2087 3762 2139 res}

2265 2157 2374 2213 lum
2405 2158 2541 2213 ﬁlios
2587 2158 2801 2213 illorum
2831 2158 3086 2226 intelligi,
3127 2159 3220 2228 qui
3271 2162 3449 2229 quasi
3491 2177 3551 2214 ex
3584 2165 3759 2216 remus

2263 2253 2577 2320 parentibus
2617 2252 2884 2322 procreati
2922 2253 3174 2306 virulenti
3227 2267 3615 2318 remanserunt,
3639 2258 3754 2309 eicite

2263 2341 2590 2395 transierunt
2621 2340 2760 2395 sicut
2789 2350 2844 2394 et
2871 2353 3053 2410 patres
3078 2355 3287 2396 eorum.
3341 2343 3434 2398 De
3471 2345 3569 2398 istis
3588 2344 3744 2397 uuln».

2263 2431 2441 2485 minus
2472 2430 2524 2484 in
2564 2431 2896 2500 Evangelii»:
2942 2450 2961 2482 α
2991 2429 3285 2486 Generatio
3301 2433 3720 2503 viperamfluu.

2263 2538 2335 2576 xu
2354 2523 2390 2589 ).
2409 2523 2760 2592 Etgeneratio
2777 2523 2937 2578 mala.
2964 2543 2986 2576 ι
3012 2523 3078 2577 Et
3094 2523 3270 2578 Moses
3296 2543 3310 2577 :
3340 2545 3362 2576 ι
3390 2525 3722 2591 Gencntioprm

2262 2621 2422 2682 atque
2451 2627 2705 2682 perversa
2735 2613 3120 2684 (Deut.xxxn).
3148 2634 3167 2666 ι
3191 2635 3208 2666 ε
3234 2615 3531 2671 Portantes
3549 2631 3651 2684 super
3664 2614 3728 2666 ha-

2261 2721 2439 2760 meros
2460 2704 2827 2774 jumentorum
2865 2707 3081 2762 divitias
3124 2723 3280 2764 suas.
3318 2729 3339 2763 »
3381 2711 3484 2782 Ipsi
3513 2723 3732 2781 patrem

2260 2796 2373 2852 suis
2401 2795 2525 2850 ﬁliis
2552 2806 2904 2867 portaverunt
2935 2799 3150 2855 divitias
3179 2816 3316 2856 suas
3346 2803 3724 2856 ettbesaurossas

2259 2902 2422 2957 super
2443 2887 2686 2956 jumenta
2712 2897 2766 2943 et
2791 2870 2953 2958 super
2977 2890 3213 2946 camelos
3230 2931 3247 2955 ,
3293 2891 3542 2964 fugientes
3562 2891 3616 2944 ad
3632 2904 3729 2959 pop:

2259 2970 2368 3032 lum
2399 2978 2776 3051 Egyptiorum
2800 2981 2892 3051 qui
2915 2981 2991 3036 eis
3017 2996 3125 3036 non
3152 2982 3403 3052 profuit:
3436 2985 3536 3055 quia
3566 2981 3734 3036 veniam

2258 3068 2770 3135 Nabuchodonosor,
2810 3071 2950 3125 sicut
2985 3070 3096 3141 jam
3123 3072 3330 3127 dictum
3356 3083 3450 3139 est,
3468 3072 3634 3143 pariter
3653 3084 3735 3124 cun

2259 3156 2528 3229 Egyptiis
2556 3158 2610 3212 in
2639 3159 2834 3228 quibus
2863 3159 3231 3222 conﬁdebant,
3267 3161 3422 3226 fame,
3459 3160 3732 3228 captivitate,

2256 3249 2433 3319 gladio
2464 3249 2693 3319 periere.
2731 3248 2996 3320 Egyptus
3035 3251 3184 3306 enim
3214 3250 3382 3306 frustra
3403 3258 3446 3303 et
3473 3250 3603 3301 inane
3619 3260 3724 3314 pm-

2252 3341 2399 3396 misit
2429 3340 2686 3396 auxilium
2717 3351 2978 3412 praestare
3010 3341 3135 3409 illis,
3182 3343 3401 3412 quoniam
3427 3349 3472 3395 et
3492 3339 3571 3409 ipsi
3597 3335 3712 3390 simi-

2252 3431 2376 3486 liter
2410 3433 2554 3500 capti
2587 3440 2711 3487 sunt
2755 3448 2786 3486 a
2829 3431 3114 3489 Chaldaeis.
3162 3453 3181 3485 ‹
3215 3433 3338 3489 Ideo
3366 3454 3384 3486 ι
3412 3430 3610 3487 subaudis
3625 3428 3726 3497 quia

2257 3542 2276 3576 ‹
2313 3523 2581 3596 Ᾱέςγριιιε
2623 3525 2820 3580 frustra
2844 3526 3206 3582 auxiliabatur
3224 3528 3275 3582 ei
3299 3547 3314 3582 :
3337 3520 3732 3592 clamavisuperhia

2250 3623 2458 3669 tantum
2483 3623 2585 3681 est,
2620 3636 2637 3668 ι
2673 3617 2930 3672 subaudis
2956 3617 3009 3672 in
3039 3617 3278 3690 Egypto
3315 3628 3373 3674 et
3406 3619 3453 3673 in
3470 3615 3654 3687 potentia
3674 3628 3731 3665 reo

2249 3707 2358 3778 gni,
2398 3715 2453 3763 et
2486 3722 2592 3762 non
2637 3706 2898 3762 fortitudo
2933 3708 3077 3763 belli.
3120 3728 3138 3760 ι
3177 3709 3444 3777 Quiesce,
3473 3729 3488 3761 ι
3525 3706 3569 3762 id
3595 3711 3655 3759 e51
3678 3702 3732 3754 hic

2245 3786 2408 3854 inane
2445 3801 2500 3854 in
2551 3811 2696 3855 terra
2742 3809 2854 3855 tua.
2906 3801 3020 3856 Vox
3069 3801 3165 3858 Dei
3195 3801 3566 3874 omnipotentis
3585 3800 3632 3852 ad
3651 3795 3729 3850 reli-

2247 3891 2420 3960 quias.
2457 3891 2524 3946 Et
2561 3891 2665 3946 hoc
2705 3893 2850 3961 quod
2895 3892 3230 3962 temporibus
3270 3889 3721 3960 Jeremiaeimplﬂll

2245 3991 2327 4038 est
2348 4024 2362 4047 ,
2395 3990 2634 4052 tempore
2667 3983 2817 4038 Isaiae
2843 3984 3170 4052 pradicitur.

2320 4091 2338 4124 ‹
2362 4071 2513 4128 Nune
2544 4073 2819 4144 ingressus
2843 4074 3018 4130 scribe
3044 4075 3124 4130 eis
3157 4089 3327 4145 super
3349 4076 3559 4131 buxum.
3577 4092 3592 4124 ι
3611 4065 3730 4135 Loqu-

2247 4171 2332 4218 tur
2359 4163 2619 4219 Dominus
2641 4166 2707 4218 ad
2736 4163 3024 4219 Jeremiam
3051 4179 3065 4218 :
3105 4163 3150 4220 O
3185 4163 3458 4232 Ieremia,
3483 4181 3586 4221 cum
3607 4163 3731 4230 iugre

2243 4269 2336 4309 sus
2357 4254 2523 4310 fueris
2557 4255 2610 4309 in
2647 4255 2935 4327 Egyptum
2969 4271 3090 4312 cum
3117 4256 3222 4322 eis,
3253 4257 3445 4313 scribe
3473 4249 3731 4325 diligentem

2242 4345 2386 4400 buxo
2413 4353 2466 4399 et
2490 4345 2541 4398 in
2568 4345 2705 4400 libro
2731 4347 2835 4402 hoc
2862 4347 3004 4416 quod
3038 4347 3118 4402 eis
3153 4349 3422 4418 praedixi,
3465 4358 3520 4404 ut
3551 4363 3633 4402 non
3653 4344 3731 4396 irai

2242 4435 2297 4490 in
2324 4433 2648 4506 .‘Egyptum,
2678 4437 2775 4492 sed
2809 4447 3092 4494 manerent
3139 4439 3192 4493 in
3234 4439 3358 4496 loco
3404 4441 3526 4496 isto.
3557 4439 3610 4492 Et
3633 4444 3728 4503 qur!

2241 4528 2494 4597 prazeipio
2521 4528 2617 4583 tibi
2647 4528 2886 4585 scribere
2929 4531 3113 4586 istud?
3159 4529 3228 4586 Ut
3271 4533 3727 4603 cognoscantomaes

2242 4619 2333 4688 qui
2359 4619 2589 4690 legerint
2617 4633 2678 4674 ea
2715 4636 2803 4677 me
2829 4621 2935 4677 illis
2959 4623 3097 4678 bona
3117 4623 3461 4694 permisisse,
3486 4632 3538 4678 et
3564 4621 3734 4675 Μαίων

2244 4720 2324 4765 tra
2351 4726 2438 4766 me
2462 4711 2601 4766 mala
2628 4711 2820 4780 egisse.
2857 4731 2874 4763 ι
2905 4711 2974 4767 Et
2995 4714 3101 4767 erit
3133 4732 3152 4766 ι
3184 4713 3289 4768 illis
3315 4715 3583 4785 scriptura
3608 4728 3621 4760 ι
3647 4706 3738 4761 illi?

2241 4803 2553 4858 stimonium
2592 4805 2646 4860 in
2687 4805 2774 4861 die
2818 4806 3143 4872 novissimo,
3178 4825 3197 4858 ι
3245 4805 3299 4860 id
3347 4817 3439 4862 est
3488 4807 3541 4860 in
3582 4807 3741 4867 tempore

2241 4892 2400 4962 hujus
2436 4896 2913 4952 consummationis
2937 4912 3062 4952 cum
3091 4898 3301 4952 venerit
3328 4893 3741 4954 Nabuchodonos“

2241 5001 2403 5056 super
2442 4986 2735 5058 IEgyptum
2758 5030 2772 5054 ,
2817 4999 2872 5043 et
2907 4990 3380 5060 comprehenderit
3407 5001 3516 5046 tam
3543 4979 3744 5056 Exi?“

2239 5089 2400 5146 quam
2430 5077 2550 5134 illos
2579 5080 2670 5148 qui
2700 5079 2764 5134 ad
2795 5095 2980 5134 eorum
3008 5081 3269 5135 auxilium
3304 5081 3658 5152 confugerant.
3681 5092 3692 5119 ι
3715 5073 3746 5117 ⁸

2241 5184 2408 5238 usque
2439 5171 2492 5224 in
2526 5180 2787 5226 aiternum
2819 5172 3132 5228 memoriale
3166 5173 3273 5229 erit
3298 5174 3556 5229 omnibus
3580 5189 3597 5222 ι
3631 5167 3748 5234 let”

2239 5261 2382 5318 tibus
2408 5264 2518 5319 sive
2547 5264 2905 5321 audientibus.

2311 5381 2330 5413 ι
2364 5363 2596 5434 Populus
2621 5365 2764 5419 enim
2801 5366 2866 5420 ad
2895 5365 3228 5422 iracundiam
3258 5381 3561 5438 provocans
3594 5367 3686 5418 est.
3716 5358 3752 5407 α

2237 5452 2331 5507 ﬁlii
2359 5455 2664 5510 mendaces.
2687 5453 2942 5511 Judaicus
2959 5457 3187 5526 populus
3209 5473 3315 5512 non
3335 5457 3512 5511 solum
3535 5455 3584 5508 in
3602 5456 3751 5506 eremi

2235 5547 2328 5602 sed
2362 5549 2525 5602 etiam
2569 5549 2618 5602 in
2662 5556 2805 5601 terra
2833 5548 2935 5602 sibi
2963 5548 3082 5602 data
3120 5564 3151 5602 a
3193 5548 3442 5612 Domino,
3491 5553 3681 5612 semper
3707 5530 3752 5585 ad

2234 5638 2564 5692 iracundiam
2595 5637 2888 5692 Dominum'
2905 5653 3198 5708 provocare
3240 5649 3460 5710 paratus
3502 5636 3615 5690 luit.
3651 5627 3754 5682 lle!!-

2235 5732 2339 5784 dax
2363 5730 2505 5784 enim
2531 5729 2653 5794 fuit,
2680 5730 2894 5798 quando
2910 5731 3043 5784 dixit
3067 5748 3080 5783 :
3101 5751 3118 5780 ι
3140 5730 3332 5785 Omnia
3358 5746 3476 5800 qum
3502 5723 3754 5782 locum“!!!t

2233 5822 2511 5889 Dominus,
2543 5820 2801 5878 faciemus
2817 5821 3014 5892 (Exod.
3049 5822 3217 5892 xxiv).
3239 5841 3256 5874 ι
3278 5822 3348 5878 Et
3375 5822 3554 5878 statim
3576 5822 3757 5872 conte?
