3918 6464
135 407 261 467 865
1211 394 1565 456 COMMENT.
1604 392 1673 451 IN
1710 392 1966 451 ISAIAM.
1999 425 2069 436 —-
2102 394 2229 452 LIB.
2269 396 2333 452 11.
2714 407 2747 413 ⁷·
2885 408 2895 424 ’
3306 402 3411 460 866

128 532 242 575 sus
278 515 348 572 ad
391 514 777 580 idololatriam,
824 512 951 569 fecit
983 511 1087 569 sibi
1132 509 1362 566 vitulum
1411 522 1635 563 aureum
1682 513 1739 561 et
1763 518 1810 578 Α
1840 506 1907 560 ad
1935 521 2103 576 equos
2142 527 2159 559 ι
2193 508 2569 579 Egyptiorum
2598 528 2616 561 ι
2639 509 2924 582 fugiemus.
2955 510 3118 569 Ideo:
3148 512 3273 585 quia
3298 515 3410 571 haec

131 607 402 663 adoravit
429 622 549 661 eum
578 606 671 674 qui
700 605 751 660 ei
776 603 877 659 fuit
901 603 957 657 in
986 603 1218 657 ruinam.
1247 600 1337 655 Isti
1364 598 1528 653 etiam
1553 595 1736 651 Domi-
1835 597 2068 663 dixistis,
2103 608 2247 653 certe
2279 620 2296 651 ι
2330 598 2565 671 fugietis,
2591 604 2685 656 sed
2707 602 3002 659 velociores
3023 612 3183 660 erunt
3213 624 3231 657 ι
3259 604 3411 661 Chal-

129 714 283 754 num
308 697 376 752 ad
400 696 729 751 iracundiam
752 700 1180 765 provocaverunt
1200 700 1255 747 et
1276 690 1559 744 mendaces
1577 686 1735 741 exsti-
1834 695 1935 749 dmi
1981 714 1999 746 ι
2043 696 2135 765 qui
2164 707 2563 766 persequuntur
2596 714 2693 754 vos
2726 718 2744 751 ι
2790 714 3019 769 quorum
3062 716 3252 757 manus
3278 700 3411 756 οπο.

131 797 373 844 terunt:
406 787 620 857 quando
647 782 1447 843 venientesdixeruntJeremiae
1475 796 1528 833 ε(
1566 778 1736 833 Cadat
1833 804 1959 859 gere
1993 804 2099 843 non
2142 791 2408 859 poteritis,
2463 810 2481 843 ς
2517 791 2659 846 Mille
2688 793 2934 847 homines
2965 811 2982 843 ι
3027 791 3406 864 Εεγριίοι-ιιιῃ

127 879 329 933 oratio
356 888 537 933 nostra
565 878 706 949 apud
745 886 827 943 te,
871 885 925 932 et
960 891 1055 931 ora
1103 889 1200 945 pro
1245 874 1401 929 nobis
1447 871 1721 927 Dominum

1834 881 1887 937 in
1914 881 2109 950 quibus
2138 881 2409 937 confiditis
2438 882 2642 954 fugient
2668 903 2686 935 ι
2713 898 2744 937 a
2772 883 2910 939 facie
2939 884 3099 938 unius
3128 904 3146 937 ι
3174 883 3407 940 Chaldaei

128 972 325 1029 Deum
372 981 555 1039 tuum,
590 982 651 1029 ut
690 973 834 1028 dicat
872 973 1029 1028 nobis
1074 972 1201 1043 quid
1244 984 1402 1041 agere
1444 970 1734 1024 debeamus
1831 982 1885 1029 et
1911 974 2147 1043 quinque
2169 974 2335 1029 millia
2358 991 2424 1030 ex
2449 976 2601 1031 vobis
2628 976 2831 1046 fugient
2863 995 2881 1028 ‹
2913 976 3096 1032 al‘acie
3123 977 3361 1046 quinque
3382 994 3401 1029 ι

129 1063 577 1137 Heumann)»
596 1062 729 1118 Cum
753 1064 897 1119 enim
917 1078 1096 1119 sermo
1116 1061 1327 1117 Domini
1349 1060 1525 1114 lactus
1543 1058 1734 1113 fuisset
1832 1063 2200 1120 Chaldteorum
2230 1084 2243 1119 :
2290 1084 2309 1117 ι
2339 1066 2509 1121 donec
2537 1066 2918 1137 relinquamini
2954 1067 3107 1138 quasi
3146 1066 3320 1121 malus
3350 1066 3405 1121 in

133 1156 366 1213 decimo
392 1155 481 1212 die
507 1156 575 1211 ad
601 1155 893 1211 Jeremiam
922 1156 1127 1220 dicens,
1159 1154 1244 1209 dic
1286 1152 1508 1222 reliquis
1534 1152 1625 1222 qui
1650 1166 1734 1207 re-
1830 1158 2034 1214 vertice
2062 1159 2279 1213 montis.
2316 1177 2334 1211 ι
2369 1158 2438 1213 Et
2464 1168 2546 1215 est
2583 1173 2773 1216 sensus
2798 1177 2811 1213 :
2855 1158 3005 1214 Sicut
3032 1168 3155 1231 post
3183 1158 3407 1213 naufra-

130 1254 489 1312 ῐῐιθηεθΐυηῑν
517 1256 731 1302 manem
764 1246 853 1301 hic
872 1253 927 1301 el
951 1247 1089 1301 bene
1109 1244 1260 1299 VObiS
1281 1244 1385 1299 erit
1412 1261 1424 1296 ε
1456 1242 1530 1296 illi
1554 1240 1733 1295 DOlﬂi-
1831 1249 1975 1319 gium
2006 1247 2176 1303 malus
2206 1250 2374 1313 navis,
2398 1265 2518 1303 cum
2540 1250 2746 1319 positus
2774 1248 2937 1304 fuerit
2957 1250 3010 1304 in
3030 1249 3233 1304 vertice
3255 1264 3407 1304 mon-

134 1352 281 1392 num
333 1337 400 1392 ad
448 1336 780 1392 iracundiam
830 1343 1260 1407 provocaverunt
1298 1334 1575 1389 dicentes:
1616 1330 1732 1386 Non
1830 1342 1930 1404 iis,
1964 1340 2045 1395 vel
2074 1356 2231 1410 super
2255 1340 2478 1405 collem,
2508 1340 2562 1394 in
2605 1341 2815 1411 signum
2855 1349 2939 1396 est
2980 1339 3167 1395 fracta:
3206 1339 3402 1394 navis:

134 1428 491 1483 manebimus
523 1427 630 1492 hic,
663 1427 755 1482 sed
779 1426 833 1481 in
857 1424 1150 1499 Egyptum
1184 1425 1473 1495 fugiemus.

1830 1433 1907 1488 sic
1933 1432 2024 1503 qui
2056 1433 2377 1487 remanserit
2402 1448 2469 1487 ex
2496 1432 2649 1487 vobis
2680 1432 2733 1486 in
2760 1432 2972 1503 signum
2995 1432 3100 1486 erit
3126 1430 3408 1486 immanis-

223 1540 243 1573 ι
283 1520 387 1589 Qui
424 1522 607 1576 dicunt
646 1521 979 1585 videntibus,
1016 1539 1036 1572 ι
1080 1519 1135 1574 id
1164 1527 1248 1572 est
1274 1516 1550 1587 prophetis
1578 1514 1731 1572 Jere-
1829 1527 1979 1580 simae
2001 1524 2319 1579 vastationis
2348 1524 2529 1593 templi
2557 1532 2614 1580 et
2640 1524 2894 1579 civitatis.

137 1613 291 1677 mite,
324 1620 378 1668 et
407 1613 617 1667 Baruch
637 1653 652 1677 ,
690 1620 745 1667 et
789 1610 919 1667 Olda
950 1629 970 1661 σ
1002 1610 1167 1665 nolite
1202 1629 1221 1661 ›
1253 1609 1409 1664 nobis
1439 1626 1457 1660 ι
1490 1608 1674 1665 videre
1706 1627 1724 1661 ι

134 1719 429 1775 prospera.
464 1704 723 1759 Videntes
771 1701 1109 1773 appellantur
1151 1700 1429 1771 propheta:
1474 1713 1539 1754 eo
1586 1697 1730 1769 quod

136 1795 332 1851 futura
381 1796 731 1866 praevideant.
781 1793 1041 1849 Dicebant
1087 1792 1232 1849 enim
1281 1791 1358 1845 illi
1409 1792 1725 1862 pr0pbetis:

1905 1638 1923 1670 ι
1954 1618 2245 1689 Propterea
2268 1627 2546 1689 exspectat
2570 1618 2845 1683 Dominus,
2884 1626 2944 1672 ut
2966 1618 3292 1673 misereatur
3315 1632 3407 1673 ve-

1828 1710 1945 1767 stri.
1985 1730 2003 1761 ι
2034 1710 2113 1765 Ac
2138 1709 2183 1765 si
2215 1709 2457 1764 diceret:
2499 1708 2634 1776 Quia
2680 1709 2780 1763 ista
2816 1723 2976 1778 supra
3017 1709 3160 1763 dicta
3189 1709 3407 1764 venient

1830 1816 1991 1871 super
2008 1816 2104 1856 vos
2125 1818 2142 1850 ι
2164 1799 2267 1854 nisi
2298 1798 2518 1869 egeritis
2543 1797 2935 1868 paenitentiam.
2962 1817 2980 1849 ι
3001 1796 3407 1867 ExspectatDo-

136 1884 326 1939 Νοιίίθ
353 1865 507 1940 "Coms
538 1883 858 1938 θηηυηίίπθ
900 1882 1122 1939 Verbum
1168 1882 1376 1937 Βοωίηί
1396 1923 1412 1948 ο
1451 1883 1577 1953 quia
1620 1898 1728 1938 non
1754 1865 1803 1927 Β
1830 1865 2008 1948 minus
2033 1892 2207 1947 adhuc
2228 1865 2449 1961 propter
2484 1865 2608 1955 hoc,
2634 1898 2692 1943 ut
2717 1890 3037 1943 misereatur
3064 1865 3264 1953 vestri,
3302 1906 3320 1939 ι
3350 1895 3407 1944 et

138 1976 433 2032 audiemus
458 1975 606 2030 illud.
635 1975 789 2043 Quod
814 1984 995 2031 autem
1029 1975 1160 2031 dicit
1191 1993 1210 2025 ι
1237 1982 1292 2029 et
1320 1974 1721 2045 aspicientibus,

1829 1983 1950 2037 ideo
1976 1981 2319 2046 exaltabitur,
2349 2000 2367 2033 ›
2395 1980 2449 2035 id
2483 1988 2567 2035 est
2599 1979 2653 2034 iu
2677 1978 3042 2035 misericordia
3064 1994 3157 2034 sua
3182 1994 3406 2049 magnus

136 2066 316 2122 nolite
342 2067 585 2139 aspicere
607 2067 761 2122 nobis
786 2083 850 2123 ea
879 2082 998 2137 qua:
1027 2075 1175 2122 recta
1201 2074 1345 2131 sunt,
1377 2086 1397 2119 ι
1426 2066 1480 2121 id
1509 2074 1592 2123 est
1611 2082 1730 2136 qua:
1828 2076 2192 2147 dignoscetur,
2219 2074 2343 2144 quia
2372 2074 2535 2139 Deus,
2576 2073 2627 2126 id
2661 2081 2741 2127 est
2783 2072 3030 2127 Christus
3067 2070 3253 2140 judicii
3299 2072 3405 2127 Do-

138 2157 412 2213 Dominus
430 2159 583 2228 jubet
606 2166 667 2213 ut
690 2159 777 2214 hic
804 2167 1040 2224 stemus,
1078 2158 1307 2228 idipsum
1339 2166 1441 2214 est.
1473 2178 1491 2211 ι
1526 2158 1729 2230 Loqui—
1828 2165 2029 2230 minus,
2058 2182 2075 2214 ι
2105 2164 2358 2233 quoniam
2384 2163 2546 2217 Pater
2573 2178 2681 2218 non
2706 2162 2915 2231 judicat
2942 2163 3044 2219 nisi
3078 2178 3175 2233 per
3209 2162 3403 2218 Filium

136 2249 280 2304 mini
304 2250 479 2315 nobis,
507 2269 527 2301 ι
554 2265 587 2305 o
611 2249 845 2305 Jeremia
872 2260 927 2305 et
947 2250 1159 2305 Baruch
1186 2258 1241 2305 et
1270 2249 1426 2315 Olda,
1460 2268 1478 2301 ι
1506 2250 1727 2321 placen-
1829 2254 2009 2327 (Joan.
2035 2255 2089 2326 v)
2115 2272 2127 2307 :
2155 2272 2219 2325 )_(
2255 2253 2406 2309 Beati
2433 2269 2622 2309 omnes
2649 2254 2738 2323 qui
2776 2263 3090 2324 exspectant
3118 2269 3264 2320 eum,
3300 2274 3319 2306 ι
3346 2255 3401 2310 in

138 2340 242 2405 tia,
266 2358 286 2391 ι
313 2340 520 2395 scilicet
539 2349 797 2396 uteamus
817 2341 873 2395 in
892 2340 1206 2413 zEgyptum,
1224 2350 1278 2396 et
1292 2355 1455 2410 opere
1475 2340 1730 2411 adimple-
1826 2361 1922 2417 spe
1952 2346 2157 2402 scilicet
2186 2346 2380 2400 futura:
2400 2345 2602 2417 gloriae.

133 2431 341 2487 bimus.
398 2450 417 2483 ι
460 2430 651 2488 Videte
685 2431 840 2487 nobis
866 2448 1081 2489 errores
1100 2474 1117 2499 ,
1154 2453 1175 2486 ι
1210 2434 1267 2488 id
1307 2442 1391 2489 est
1429 2434 1590 2490 sinite
1627 2448 1727 2490 nos
1902 2458 1921 2491 ι
1947 2438 2181 2509 Populus
2203 2438 2347 2493 enim
2369 2436 2496 2493 Sion
2521 2437 2789 2493 habitabit
2815 2436 2868 2492 in
2889 2435 3205 2493 Jerusalem.
3237 2457 3256 2490 ι
3283 2438 3401 2494 Vox

136 2542 355 2584 errare.
1823 2529 2119 2598 prophetze.
2146 2527 2314 2583 Judzei
2337 2528 2576 2583 referunt
2596 2529 2698 2583 hoc
2718 2528 2785 2583 ad
2804 2528 2934 2583 illud
2956 2536 3165 2598 tempus
3186 2530 3401 2599 quando

214 2640 235 2673 ι
272 2620 496 2677 Auferte
518 2635 551 2675 a
578 2634 666 2676 me
699 2621 839 2676 viam
857 2660 873 2686 ,
909 2640 927 2672 ι
966 2621 1069 2675 hoc
1095 2628 1179 2676 est
1210 2620 1509 2692 permittite
1549 2626 1610 2675 ut
1638 2636 1727 2676 re-
1824 2626 1946 2688 post
1971 2618 2308 2688 septuaginta
2340 2633 2510 2673 annos
2540 2618 2887 2690 captivitatis,
2917 2635 2947 2673 a
2972 2618 3098 2675 Jesu
3125 2621 3403 2677 sacerdote

131 2713 298 2767 cedat
318 2728 349 2767 a
371 2713 528 2768 nobis
546 2713 837 2779 rectitudo,
857 2732 876 2765 ‹
897 2722 951 2767 et
970 2712 1237 2768 declinate
1257 2727 1289 2767 a
1310 2726 1398 2768 me
1416 2712 1717 2779 semitam:
1825 2722 2022 2778 magno
2048 2716 2103 2761 et
2127 2705 2421 2762 Zorobabel
2453 2708 2661 2762 reducti
2706 2718 2832 2765 sunt
2869 2709 2923 2762 in
2961 2708 3321 2775 Hierusalem,
3345 2716 3402 2765 et

132 2805 193 2863 id
219 2812 327 2871 est,
356 2804 527 2860 tollite
562 2819 593 2859 a
624 2820 711 2860 me
737 2804 1040 2860 veritatem.
1088 2823 1108 2857 ι
1138 2803 1327 2859 Cesset
1354 2819 1386 2858 a
1414 2802 1549 2859 facie
1568 2843 1584 2870 ,
1614 2824 1633 2856 ι
1670 2803 1723 2859 id
1823 2798 2024 2855 ﬂebant
2051 2800 2192 2856 bona
2219 2816 2338 2871 quae
2364 2807 2488 2854 ante
2516 2801 2833 2856 habuerant.
2875 2801 2982 2857 Sed
3011 2803 3203 2859 melius
3228 2813 3314 2860 est
3341 2811 3403 2859 ut

134 2903 226 2950 est
251 2909 282 2949 a
307 2894 591 2965 praesentia
629 2913 648 2945 ι
684 2901 867 2949 nostra
895 2902 1116 2949 sanctus
1136 2893 1301 2950 Israel
1326 2912 1340 2948 :
1376 2913 1395 2945 ι
1427 2894 1580 2964 cujus
1608 2909 1723 2949 mo-
1823 2888 2095 2945 referatur
2122 2891 2189 2946 ad
2217 2890 2513 2946 Ecclesiam
2542 2892 2858 2947 electorum.
2899 2891 3027 2947 Sion
3054 2893 3205 2965 (qua:
3234 2895 3401 2951 inter-

132 2987 252 3042 nita
282 3001 424 3058 saepe
460 2986 721 3042 nuntiatis
760 2985 1037 3042 dicentes:
1090 2985 1218 3041 Haec
1266 2986 1396 3041 dicit
1438 2985 1718 3041 Dominus.
1819 2988 2064 3051 pretatur
2109 2979 2426 3052 speculatio)
2470 2981 2742 3051 signiﬁcat
2780 2991 3021 3037 sanctam
3065 2983 3397 3047 Ecclesiam,

140 3094 162 3127 ι
209 3075 506 3146 Propterea
552 3094 572 3128 ι
628 3075 756 3146 quia
813 3075 1145 3146 reprobastis
1207 3074 1411 3142 Deum,
1480 3075 1720 3134 dicentes
1818 3087 1939 3141 quae
1971 3072 2025 3127 in
2068 3081 2215 3128 terra
2250 3087 2484 3142 corpore
2527 3074 2737 3143 posita,
2779 3083 2957 3130 mente
3001 3076 3396 3146 contemplatur

133 3177 321 3224 cesset
347 3184 378 3223 a
408 3168 547 3224 facie
573 3178 758 3225 nostra
782 3178 1003 3225 sanctus
1028 3168 1214 3225 Israel.
1251 3188 1269 3221 ι
1306 3168 1432 3225 Haac
1459 3170 1589 3224 dicit
1614 3169 1719 3223 Do-
1763 3232 1787 3235 ;
1821 3163 2132 3230 Dominum,
2174 3164 2359 3220 dicens
2406 3180 2529 3220 cum
2562 3164 2855 3235 Apostolo:
2894 3166 3010 3223 Mea
3059 3170 3400 3225 conversatio

136 3262 350 3317 minus:
375 3260 481 3316 Pro
520 3274 585 3316 eo
618 3261 760 3330 quod
798 3261 1129 3330 reprobastis
1151 3260 1375 3314 verbum
1405 3260 1510 3314 hoc
1538 3268 1597 3313 ut
1626 3261 1721 3314 ha-
1746 3232 1793 3294 (ἶ
1825 3254 1879 3307 in
1906 3255 2061 3310 cmlis
2088 3263 2170 3311 est
2195 3254 2415 3326 (Philip.
2444 3257 2548 3325 ιιι).
2586 3232 2919 3313 Hierusalem
2950 3268 3129 3313 autem
3154 3259 3297 3329 (qua:
3324 3261 3402 3316 in-

134 3349 384 3404 bitaretis
407 3349 460 3402 in
484 3356 627 3401 terra
657 3356 860 3411 vestra,
879 3356 935 3402 et
952 3348 1211 3418 sperastis
1240 3347 1293 3400 in
1319 3347 1663 3414 calumniam,
1697 3366 1716 3399 ι
1820 3353 2146 3418 terpretalur
2170 3347 2296 3399 visio
2318 3346 2483 3415 pacis)
2515 3347 2782 3416 significat
2808 3347 3085 3403 caelestem
3110 3350 3401 3405 beatitudi-

138 3440 244 3493 boc
274 3444 357 3491 est
381 3435 435 3488 in
464 3435 831 3503 deceptionem
857 3452 870 3488 :
917 3453 936 3487 ι
967 3444 1023 3491 et
1047 3435 1220 3490 innixi
1241 3435 1374 3491 estis
1394 3450 1556 3507 super
1581 3451 1669 3501 eo,
1697 3455 1717 3488 ι
1820 3454 1965 3504 nem,
1994 3438 2048 3492 in
2079 3452 2184 3507 qua
2213 3438 2267 3493 hi
2296 3438 2387 3508 qui
2418 3446 2544 3493 sunt
2571 3438 2729 3492 modo
2757 3438 2810 3493 in
2850 3436 3010 3505 Sion,
3038 3439 3142 3494 hoc
3162 3449 3247 3495 est
3276 3454 3398 3495 cor-

141 3528 247 3582 hoc
275 3534 359 3581 est
397 3539 549 3596 spem
574 3526 829 3595 posuistis
860 3543 878 3577 ‹
909 3526 965 3581 in
990 3526 1251 3593 tumultu,
1291 3546 1311 3580 ι
1350 3527 1404 3582 id
1428 3534 1512 3581 est
1540 3527 1597 3581 in
1626 3542 1720 3582 su-

142 3617 328 3688 perbia
353 3614 593 3687 Egypti.

221 3725 240 3758 ι
282 3705 572 3775 Propterea
620 3705 726 3760 erit
770 3705 923 3762 vobis
962 3705 1225 3776 iniquitas
1252 3707 1420 3773 haec,
1470 3725 1489 3760 ι
1541 3705 1594 3761 id
1642 3715 1725 3763 est

148 3798 503 3870 transgressio
535 3799 743 3870 peccati
780 3817 798 3851 ‹
837 3799 977 3855 sicut
1006 3800 1257 3871 irruptio,
1288 3819 1308 3852 ι
1333 3800 1387 3856 id
1408 3808 1493 3856 est
1521 3799 1723 3855 obmis-

146 3893 228 3948 sio
254 3911 272 3943 ι
306 3893 525 3947 cadens.
564 3910 583 3943 ι
614 3891 684 3946 Ει
716 3898 800 3947 est
840 3908 1051 3949 sensus.
1084 3892 1237 3949 Sicut
1262 3909 1449 3948 murus
1478 3892 1723 3949 sublimis

146 3999 271 4039 casu
301 3998 466 4038 ruens
494 3990 615 4052 post
646 3980 861 4051 longam
894 3984 1349 4038 intermissionem
1392 3984 1526 4037 dure
1567 3997 1721 4053 repa-

148 4084 313 4139 ratur,
344 4083 399 4129 et
426 4074 567 4130 sicut
590 4074 635 4129 si
661 4089 757 4130 vas
785 4075 946 4130 ﬁctile
974 4076 1190 4145 penitus
1214 4075 1285 4129 sit
1307 4074 1719 4143 comminutum,

149 4183 251 4224 non
281 4176 525 4223 remanet
560 4183 629 4223 ex
670 4183 735 4222 eo
771 4184 897 4238 pars
923 4168 975 4222 in
1007 4184 1112 4239 qua
1159 4177 1252 4222 aut
1294 4168 1434 4238 ignis
1460 4177 1553 4222 aut
1580 4182 1721 4237 aqua

148 4257 259 4313 tolli
289 4258 498 4328 possit:
532 4257 611 4313 sic
639 4258 748 4314 cito
778 4257 1133 4313 conteremini
1164 4272 1258 4311 vos
1281 4272 1312 4311 a
1335 4256 1631 4321 Chaldaeis,
1666 4265 1721 4312 et

148 4369 255 4408 non
286 4353 638 4409 remanebunt
679 4368 746 4408 ex
775 4351 929 4408 vobis
966 4352 1059 4424 qui
1106 4352 1217 4423 apti
1240 4352 1351 4407 sint
1392 4351 1462 4407 ad
1504 4351 1721 4422 aliquod

146 4462 300 4520 Opus.

1818 3530 1936 3601 pori
1966 3529 2219 3585 Ecclesiae
2247 3529 2457 3593 sociati,
2481 3536 2604 3599 post
2633 3528 2813 3584 ﬁnitos
2841 3526 2999 3597 hujus
3022 3529 3146 3584 vita:
3185 3528 3400 3585 labores

1820 3621 2145 3677 laetabuntur
2168 3635 2380 3691 semper
2409 3635 2533 3675 cum
2562 3620 2692 3685 Deo,
2716 3627 3003 3690 sequentes
3029 3621 3237 3690 Agnum
3263 3634 3398 3700 quo-

1822 3727 2049 3781 cumque
2076 3712 2217 3767 ierit.
2253 3731 2270 3763 ι
2292 3710 2517 3766 Plorans
2546 3725 2721 3780 neque
2746 3711 3004 3780 plorabis.
3027 3729 3046 3763 ι
3079 3710 3230 3765 Licet
3251 3711 3398 3766 enim

1824 3806 2039 3876 lugeant
2066 3804 2159 3859 ﬁlii
2198 3803 2452 3858 Ecclesiae
2478 3803 2713 3873 quandiu
2744 3802 2797 3856 in
2823 3802 3012 3869 exsilio
3043 3803 3201 3872 hujus
3241 3816 3397 3872 pere-

1821 3897 2140 3968 grinationis
2167 3910 2221 3952 et
2245 3910 2562 3950 aerumnosa:
2605 3894 2729 3948 vitae
2773 3894 2998 3963 degent,
3027 3902 3248 3964 propter
3274 3910 3400 3963 pec-

1819 4000 1939 4046 cata
1977 4005 2072 4045 sua
2103 3997 2159 4044 et
2184 3988 2410 4042 aliorum
2430 4026 2445 4051 ,
2480 3985 2565 4040 vel
2603 3984 2728 4055 quia
2772 3984 3092 4040 differuntur
3120 4000 3151 4037 a
3186 3999 3351 4055 regno
3378 4024 3394 4051 ,

1818 4082 1958 4138 sicut
1986 4080 2244 4135 Dominus
2273 4058 2432 4132 dicit:
2471 4094 2489 4127 t
2526 4075 2751 4130 Mundus
2775 4074 3059 4144 gaudebit,
3090 4089 3186 4128 vos
3214 4082 3396 4129 autem

1819 4170 2277 4229 contristabimini
2312 4168 2493 4239 (Joan.
2525 4172 2674 4238 XVI):
2708 4186 2727 4218 ›
2762 4174 2937 4220 tamen
2960 4165 3213 4220 lmtantur
3234 4166 3397 4221 corde

1818 4265 1888 4320 ob
1912 4262 2403 4318 remunerationem
2426 4274 2545 4330 quae
2570 4267 2655 4315 est
2679 4259 2732 4313 in
2761 4274 2874 4328 spe.
2904 4257 3035 4313 Cum
3065 4268 3243 4313 autem
3271 4258 3394 4312 ﬁni—

1820 4366 1932 4412 tum
1946 4354 2234 4410 habuerint
2247 4368 2464 4409 cursum
2482 4351 2641 4420 hujus
2657 4367 2930 4416 aerumnae,
2947 4352 3164 4407 tristitia
3181 4353 3393 4408 illorum

1819 4455 2061 4502 vertetur
2088 4446 2140 4500 in
2171 4445 2421 4516 gaudium
2440 4484 2454 4507 ,
2479 4443 2729 4512 quoniam
2757 4440 2966 4497 auferet
2995 4441 3252 4498 Dominus
3280 4458 3395 4497 om-

226 4558 245 4592 t
277 4538 411 4607 Quia
442 4540 545 4595 hoc
575 4539 708 4597 dicit
742 4548 964 4596 sanctus
986 4538 1151 4593 lsrael
1179 4556 1193 4591 :
1217 4537 1274 4593 Si
1306 4538 1654 4593 revertamini
1693 4556 1713 4592 ι
1744 4579 1799 4641 D
1821 4555 1945 4596 nem
1969 4540 2262 4610 lacrymam
2288 4538 2356 4592 ab
2384 4536 2556 4592 oculis
2580 4550 2765 4590 eorum
2786 4535 2978 4606 (Apoc.
2993 4535 3076 4605 ιι).
3098 4554 3115 4586 ι
3138 4535 3396 4591 Miserans

153 4631 218 4686 ab
242 4632 520 4702 iniquitate
543 4641 600 4685 ut
629 4633 799 4702 agatis
826 4630 1197 4701 paenitentiam
1228 4648 1247 4681 ι
1283 4638 1339 4684 et
1362 4630 1654 4699 quiescatis
1692 4650 1713 4684 ι

154 4724 206 4779 in
234 4723 349 4776 loco
378 4721 499 4786 isto,
534 4739 553 4772 ι
586 4722 718 4777 salvi
747 4722 900 4776 eritis
934 4740 953 4774 ι
997 4736 1027 4775 a
1056 4720 1216 4775 malo.
1242 4719 1501 4775 Hortatur
1540 4736 1719 4776 sermo

154 4816 355 4871 divinus
378 4814 533 4885 longe
556 4823 681 4868 ante
705 4813 956 4884 populum
981 4812 1334 4883 reliquiarum
1357 4827 1519 4883 quam
1542 4812 1722 4868 veniat

155 4909 230 4964 eis
254 4906 528 4963 calamitas
554 4906 621 4961 ad
649 4906 1048 4976 paenitentiam,
1091 4914 1151 4959 ut
1190 4905 1473 4974 resipiscat
1507 4904 1575 4959 ab
1600 4920 1718 4959 om-

158 4999 305 5054 nibus
332 4997 625 5053 sceleribus
655 4996 768 5051 suis
793 5005 848 5052 et
870 4996 1113 5066 quiescat
1137 4995 1191 5050 in
1221 5003 1362 5049 terra
1384 5010 1501 5060 sua,
1527 5004 1585 5049 ut
1603 5010 1722 5065 pos-

158 5093 226 5149 sit
246 5091 459 5157 salvari,
488 5106 643 5146 versa
674 5091 751 5145 ira
784 5088 994 5145 Domini
1025 5090 1093 5143 ad
1120 5088 1569 5143 misericordiam.
1599 5087 1719 5143 Dixi

156 5181 299 5239 vobis
321 5202 339 5235 ‹
377 5184 429 5237 in
458 5183 672 5239 silentio
708 5204 726 5237 ›
766 5183 1028 5254 quiescite
1052 5182 1157 5245 hic,
1192 5199 1212 5233 ι
1246 5190 1303 5236 et
1326 5181 1379 5235 in
1408 5196 1503 5251 spe
1530 5200 1550 5235 ι
1586 5196 1721 5236 mea:

132 5258 512 5347 ’protectionis,
542 5293 562 5326 ι
596 5276 701 5331 erit
730 5274 1013 5337 fortitudo,
1046 5293 1066 5326 ι
1109 5272 1161 5329 id
1189 5280 1270 5329 est
1298 5272 1541 5329 defensio
1577 5292 1596 5325 ι
1627 5287 1721 5327 ve-

159 5374 281 5424 stra.
312 5384 328 5418 ι
358 5365 438 5421 Ac
478 5367 523 5422 si
564 5368 769 5421 diceret
788 5368 907 5422 aliis
932 5367 1139 5422 verbis:
1167 5366 1368 5420 Habete
1391 5364 1641 5420 ﬁduciam
1667 5373 1722 5420 et

159 5475 297 5532 spem
342 5460 553 5516 ﬁrmam
583 5461 635 5517 in
664 5474 783 5525 me,
828 5470 882 5514 et
909 5459 1146 5513 liberabo
1174 5474 1268 5513 vos
1305 5473 1411 5512 non
1454 5458 1506 5511 in
1534 5473 1720 5526 super-

160 5553 241 5611 bia
281 5552 687 5626 Egyptiorum,
737 5552 832 5607 sed
877 5551 933 5604 in
981 5549 1294 5605 fortitudine
1341 5548 1721 5604 misericordia

163 5661 304 5711 mete,
326 5666 344 5698 ι
376 5655 430 5703 et
446 5646 691 5702 noluistis
724 5665 742 5696 ι
770 5644 955 5700 audire
981 5658 1084 5709 me,
1116 5644 1170 5698 id
1190 5652 1271 5699 est
1291 5643 1512 5699 obedire
1538 5642 1719 5698 verbis

163 5740 305 5805 meis,
334 5749 593 5811 ponentes
623 5724 869 5794 ﬁduciam
896 5738 949 5791 in
977 5736 1169 5791 umbra
1200 5735 1435 5808 Egypti.

236 5854 251 5886 ι
281 5834 341 5891 Et
372 5833 599 5896 dixistis,
631 5847 967 5907 nequaquam
1004 5849 1022 5883 ι
1055 5831 1142 5888 hic
1167 5830 1541 5887 manebimus:
1578 5848 1595 5880 ‹
1626 5827 1721 5885 sed

1823 4632 2166 4686 miserebitur
2194 4631 2289 4685 tui.
2323 4649 2341 4681 ι
2373 4628 2467 4684 His
2490 4629 2670 4683 verbis
2700 4628 2982 4683 multitudo
3009 4628 3395 4684 misericordia:

1821 4723 2020 4781 Christi
2065 4721 2397 4786 ostenditur,
2446 4729 2499 4775 et
2542 4720 2673 4775 dicit
2716 4720 2818 4775 hoc
2863 4719 3131 4788 Pr0pheta
3173 4727 3396 4788 propter

1821 4812 2285 4872 conﬁrmationem
2309 4811 2595 4865 sermonis.
2620 4809 2869 4877 Quotidie
2887 4810 3032 4865 enim
3058 4809 3201 4864 Deus
3218 4810 3395 4864 omni-

1821 4913 2011 4975 potens
2057 4902 2348 4957 miseretur
2401 4899 2692 4955 electorum
2743 4914 3003 4965 suorum,
3058 4901 3273 4970 quando
3324 4900 3392 4956 ab

1822 4994 2077 5049 :erumnis
2103 4992 2261 5062 hujus
2283 4992 2407 5045 vita:
2436 5006 2530 5046 eos
2558 4991 2770 5057 liberat,
2797 4999 2853 5045 et
2872 4991 2939 5045 ad
2970 4991 3159 5059 gaudia
3205 4998 3393 5061 patria.

1821 5085 2056 5143 ctelestis
2084 5083 2368 5154 pervenire
2396 5081 2546 5137 facit.
2574 5082 2680 5139 Sed
2704 5081 2912 5152 plenius
2957 5089 3079 5151 post
3117 5080 3258 5134 diem
3298 5078 3392 5148 ju-

1824 5180 1948 5236 dicii
1974 5179 2088 5233 hac
2116 5176 2391 5231 miseratio
2425 5176 2534 5242 ﬁet,
2558 5191 2683 5231 cum
2721 5174 2951 5243 receptis
2976 5173 3294 5243 corporibus
3335 5172 3391 5227 in

1823 5285 2049 5340 corpore
2090 5276 2144 5323 et
2188 5268 2365 5322 anima
2393 5266 2881 5321 remunerabuntur
2910 5265 2962 5319 in
2993 5266 3185 5320 saecula
3217 5280 3390 5320 saecu-

1823 5361 2014 5416 lorum.
2052 5380 2069 5413 t
2101 5360 2181 5414 Ad
2235 5374 2421 5415 vocem
2463 5357 2717 5413 clamoris
2762 5358 2859 5422 tui,
2904 5377 2921 5409 ι
2953 5357 3004 5412 id
3042 5367 3142 5422 est,
3168 5372 3389 5427 precum

1825 5461 2061 5514 tuarum,
2099 5468 2117 5502 ι
2154 5451 2335 5505 statim
2364 5458 2424 5503 ut
2444 5448 2693 5511 audierit,
2717 5468 2734 5499 ι
2760 5446 2861 5503 hoc
2893 5458 2975 5503 est
3006 5456 3063 5501 ut
3092 5447 3393 5515 susceperit

1822 5552 1949 5597 vota
1983 5550 2113 5596 tua:
2156 5559 2174 5592 ς
2213 5537 2559 5611 respondebit
2592 5538 2687 5591 tibi
2733 5556 2751 5587 ι
2799 5520 3099 5593 obtinuisse
3151 5537 3385 5590 veniam.

1823 5633 2086 5704 Loquitur
2109 5631 2375 5702 Propheta
2406 5630 2473 5685 ad
2496 5627 2747 5699 populum
2778 5645 2791 5681 :
2824 5628 2877 5681 in
2908 5628 3011 5683 ﬁde
3038 5625 3239 5683 Christi
3269 5640 3387 5680 ma-

1823 5738 2061 5786 nentem.
2091 5726 2136 5783 Ο
2181 5726 2373 5797 popule
2416 5724 2743 5787 Christiane,
2785 5737 2906 5777 cum
2956 5718 3275 5774 clamaveris
3322 5715 3390 5772 ad

1822 5825 1993 5880 Deum
2018 5822 2202 5879 statim
2222 5821 2474 5877 exaudiet
2489 5828 2563 5885 te,
2591 5829 2645 5875 et
2658 5819 2801 5876 dicet
2829 5836 2842 5872 :
2867 5818 3005 5875 Ecce
3025 5816 3236 5873 adsum.
3252 5810 3390 5873 Mul-
