3918 6504
538 423 656 482 ατ

1032 418 1392 478 HAYMONIS
1428 416 1908 475 HALBERSTAT.
1949 412 2167 472 Εριεα.
2194 408 2353 469 OPP.
2390 406 2573 465 PARS
2602 404 2647 462 ῐ.
2677 434 2749 449 —-
2773 404 3129 464 COMMENT.
3167 404 3351 462 BlBL.
3762 401 3824 461 ιε

546 548 636 597 tos
664 534 950 593 crederm
964 530 1204 606 legimus
1242 528 1507 588 clamasse
1528 532 1597 586 ad
1627 530 1938 594 Dominum,
1961 537 2015 583 et
2044 535 2127 582 ta-
2155 532 2206 591 Α
2229 533 2285 580 et
2327 538 2427 593 ego
2470 530 2717 577 revertar
2765 522 2835 577 ad
2869 536 2967 577 vos
2997 520 3180 594 (Zach.
3206 520 3275 591 ι),
3304 524 3383 574 et
3412 515 3766 572 revertimini
3784 521 3824 574 ad

548 646 675 688 men
697 642 805 685 non
830 628 1014 697 statim
1034 626 1318 683 exauditos
1340 639 1482 681 esse.
1515 622 1703 680 Oravit
1721 624 1912 678 beatus
1932 621 2131 677 Paulus

548 733 619 780 ut
643 722 921 779 auferetur
964 720 1033 773 ab
1062 732 1128 773 eo
1158 717 1382 787 spiritus
1412 716 1631 771 Satanae
1670 714 1773 787 (ΙΙ
1817 712 1940 771 Cor.
1986 728 2061 767 xn
2088 712 2129 785 ),

549 817 647 874 sed
673 824 859 879 tanien
880 828 989 867 non
1013 809 1268 865 obtinuit.
1294 808 1364 863 Et
1392 822 1561 878 quare
1587 806 1726 862 hoc?
1755 805 1833 861 Ne
1862 805 2133 873 magnitu-

552 911 680 966 dine
706 905 1097 964 revelationum
1120 903 1490 959 extolleretur.
1522 900 1649 956 ldeo
1674 899 1839 955 etiam
1866 899 2003 954 solet
2025 895 2132 951 dif-

548 1001 685 1057 ferri
728 1007 911 1055 nostra
966 992 1281 1067 postulatio,
1320 1001 1381 1048 ut
1413 992 1695 1064 puerilium
1754 990 1984 1061 amplius
2035 1002 2134 1059 pro

544 1088 953 1162 perseverantia
978 1086 1277 1157 capiamus.

631 1198 652 1234 ι
679 1174 748 1237 Et
767 1178 916 1235 dabit
936 1176 1089 1233 vobis
1111 1175 1375 1231 Dominus
1393 1185 1590 1243 penem
1616 1176 1828 1226 arctum
1859 1176 1917 1224 et
1940 1180 2135 1238 aquam

548 1275 792 1331 brevem.
825 1289 845 1323 ι
887 1270 1083 1324 Dicunt
1109 1265 1342 1331 Hebraei,
1375 1263 1503 1335 quia
1532 1262 1748 1332 quando
1774 1261 1979 1331 egressi
2007 1265 2137 1317 sunt

548 1362 622 1418 de
643 1360 982 1432 captivitate,
1005 1371 1201 1427 panem
1230 1362 1444 1409 arctum
1465 1362 1520 1408 et
1544 1366 1740 1422 aquam
1772 1351 2014 1415 brevem,
2032 1349 2134 1404 hoc

544 1462 639 1510 est
662 1452 901 1523 inopiam
932 1448 1041 1504 cibi
1066 1455 1124 1503 et
1142 1457 1322 1517 potus,
1355 1444 1692 1507 habuerunt,
1733 1440 1976 1496 volentes
2034 1439 2137 1493 hoc

553 1546 760 1604 referre
806 1545 873 1600 ad
910 1558 989 1598 se.
1021 1539 1131 1595 Sed
1158 1538 1292 1595 dicit
1331 1537 1521 1591 beatus
1563 1534 1921 1604 Hieronymus
1962 1531 2139 1601 potius

544 1638 900 1696 refaendum
926 1648 1047 1690 esse
1078 1630 1145 1686 ad
1167 1629 1443 1702 populum,
1469 1628 1524 1683 in
1576 1626 1787 1682 unitate
1828 1623 1950 1680 ﬁdei
2003 1638 2138 1678 con-

546 1739 855 1804 gregatum.
885 1727 994 1783 Per
1019 1739 1210 1796 panem
1230 1736 1361 1794 ergo
1386 1728 1443 1776 et
1465 1734 1661 1790 aquam
1691 1716 2014 1787 intelligitur
2036 1715 2139 1771 isto

552 1821 760 1877 inloco
785 1818 1027 1875 doctrina
1056 1812 1391 1885 evangelica,
1417 1825 1539 1882 quae
1577 1815 1730 1864 arcta
1773 1814 1859 1863 est
1900 1805 1970 1861 ad
1996 1820 2140 1861 com-

552 1911 894 1983 parationem
926 1908 1079 1979 legis.
1109 1904 1248 1973 Quid
1292 1903 1437 1959 enim
1479 1900 1703 1966 arctius,
1727 1914 1890 1970 quam
1918 1898 1974 1952 in
2006 1897 2137 1952 duo-
2162 1891 2211 1955 B
2228 1894 2443 1950 dextris
2463 1904 2590 1953 sunt
2608 1896 3034 1954 novitDominns
3057 1897 3241 1970 (Prov.
3266 1898 3384 1969 sv).
3422 1919 3445 1953 ι
3477 1898 3581 1955 Sed
3602 1900 3754 1970 ipsam

550 2004 659 2059 bus
685 2000 952 2056 mandatis
978 1997 1151 2068 legero
1178 2002 1236 2050 et
1262 1993 1553 2065 prophetas
1581 1989 1912 2046 consistere?
1950 1986 2136 2043 Domi-

548 2104 658 2147 nus
688 2090 819 2145 dicit
846 2090 903 2143 in
942 2084 1283 2155 Evangelio:
1328 2102 1348 2133 ι
1378 2081 1579 2153 Diliges
1624 2079 1912 2135 Dominum
1967 2078 2137 2134 Deum

558 2190 713 2236 tuum
745 2196 811 2236 ex
839 2186 953 2234 toto
980 2176 1144 2233 corde
1186 2183 1303 2239 tuo,
1353 2182 1409 2229 et
1455 2173 1759 2244 proximum
1807 2180 1960 2227 tuum
1998 2170 2140 2226 sicut

558 2274 788 2343 teipsum
810 2269 1029 2341 (Matth.
1070 2265 1227 2338 χιιι).
1269 2285 1290 2321 ι
1325 2265 1392 2320 Et
1415 2264 1663 2319 addidit:
1702 2262 1758 2317 lu
1809 2263 1895 2317 his
1932 2262 2141 2316 duobus

555 2361 827 2418 mandatis
856 2368 967 2414 tota
988 2358 1071 2414 lex
1096 2355 1294 2427 pendet
1318 2365 1374 2412 et
1410 2355 1688 2427 prophetae
1718 2353 1930 2425 (Ibid.).
1954 2351 2142 2407 Scien-

557 2455 684 2511 dum
702 2459 971 2522 pratterea
992 2449 1122 2519 quia
1148 2456 1337 2505 sancta
1362 2445 1641 2516 Scriptura
1664 2445 1953 2515 aliquando
1985 2443 2141 2498 nobis

555 2555 643 2604 est
663 2545 843 2618 panis,
871 2541 1162 2613 aliquando
1190 2555 1351 2611 aqua.
1379 2539 1491 2594 Illis
1515 2539 1662 2594 enim
1700 2536 1755 2592 in
1798 2536 1937 2592 locis
1983 2534 2141 2606 panis

555 2646 664 2703 est,
694 2634 789 2691 ubi
824 2631 1098 2704 prefuiida
1124 2640 1179 2686 et
1200 2629 1413 2686 occulta
1438 2638 1566 2685 sunt
1585 2628 1843 2699 mysteria
1889 2642 2010 2697 quae
2034 2642 2142 2685 non

556 2727 720 2785 facile
746 2741 777 2782 a
804 2724 962 2781 nobis
980 2721 1376 2793 inteliguntur,
1396 2721 1494 2776 sed
1518 2719 1671 2790 quasi
1696 2718 2002 2775 mandendo
2030 2718 2143 2788 glu-

557 2819 792 2882 tinatur,
816 2824 877 2872 ut
910 2822 995 2871 est
1022 2813 1156 2868 illud
1188 2826 1207 2866 :
1240 2829 1264 2864 ι
1300 2811 1358 2866 In
1408 2810 1677 2882 principio
1728 2816 1851 2864 erat
1906 2809 2142 2864 Verbum

558 2907 743 2980 (lenit.
773 2906 838 2979 ι).
879 2925 900 2957 ι
929 2904 1083 2974 Aqua
1110 2917 1242 2959 vero
1265 2910 1368 2968 est,
1401 2917 1524 2958 cum
1554 2900 1715 2958 facile
1730 2901 1962 2972 capitur,
1982 2900 2145 2956 sicuti

560 3009 645 3063 est
693 2997 1007 3067 superﬁcies
1034 2994 1306 3061 litterulis,
1334 2994 1420 3049 vel
1448 3003 1639 3064 aperta
1664 2993 1952 3065 mysteria,
1973 3000 2034 3048 ut
2057 3001 2142 3053 est

558 3089 691 3144 illud
720 3107 736 3143 :
766 3107 786 3139 l
818 3085 980 3143 Pater
1006 3093 1191 3141 noeter
1210 3084 1386 3154 quies
1408 3083 1465 3139 in
1492 3083 1664 3139 uelis.
1694 3102 1721 3136 ιι
1978 3084 1983 3089 ’

639 3198 660 3231 ι
684 3179 752 3237 Ει
775 3192 884 3236 non
907 3176 1068 3234 faciet
1088 3174 1307 3232 evolare
1323 3190 1355 3230 a
1376 3183 1433 3231 te
1456 3174 1597 3231 ultra
1614 3175 1894 3231 doctorem
1918 3182 2093 3229 tuum.
2112 3192 2134 3227 ι

2210 618 2386 673 'mein
2412 622 2523 670 toto
2539 614 2703 669 corde
2721 618 2934 668 vestro:
2960 633 2979 665 ι
2998 620 3059 667 ιιι
3089 612 3173 666 his
3198 609 3715 667 admonitionibus
3738 610 3823 667 ﬁeri

2234 708 2512 763 anteriora
2532 715 2800 775 petamus.
2837 724 2855 756 ι
2894 704 3021 759 Haec
3041 712 3126 760 est
3146 705 3251 769 via,
3290 721 3319 755 ι
3356 702 3427 757 id
3462 710 3584 766 est,
3617 703 3731 757 ﬁdei
3764 722 3815 758 re

2232 798 2441 853 ctitudo
2484 811 2603 867 quae
2654 805 2738 851 est
2790 794 3040 851 Christus
3084 813 3103 846 ι
3145 793 3455 850 ambulate
3488 793 3554 847 in
3584 806 3668 847 ω.
3697 812 3714 846 ι
3742 794 3811 851 ἵεις

2232 888 2436 944 Christi
2470 888 2538 942 ad
2558 887 2860 949 credentes,
2894 887 3122 940 hortans
3156 885 3279 941 illos
3328 893 3415 941 ut
3456 883 3743 954 pmﬁciaat
3770 890 3807 940 ἐς

2232 983 2433 1037 virtute
2455 982 2511 1036 in
2539 983 2817 1037 virtutem.
2846 979 2973 1035 llzec
3007 990 3091 1035 est
3109 980 3215 1045 via,
3242 981 3301 1035 id
3339 986 3475 1044 est,
3505 977 3802 1051 Chﬁstusqn

2234 1075 2374 1129 dixit
2392 1075 2447 1130 in
2469 1073 2792 1145 Evangelio:
2818 1094 2841 1124 4
2869 1074 2980 1145 Ego
3009 1089 3126 1129 sum
3156 1074 3246 1128 via
3269 1081 3335 1128 et
3364 1074 3600 1128 veritas
3623 1084 3674 1129 et
3692 1077 3797 1129 γίιιι

2236 1165 2374 1233 Quid
2395 1174 2478 1221 est
2496 1166 2773 1222 annbulare
2800 1165 2853 1220 in
2875 1167 2986 1231 via,
3010 1166 3115 1221 nisi
3138 1165 3456 1221 Christum
3478 1164 3796 1236 imitariﬂpg

2232 1274 2471 1330 namque
2503 1259 2639 1314 dixit
2666 1277 2679 1313 :
2713 1278 2733 1311 ι
2767 1258 2831 1314 Si
2850 1260 2934 1315 vis
2960 1258 3233 1330 perfectus
3281 1273 3456 1325 esse,
3504 1259 3660 1323 vade,
3682 1262 3787 1316 vtes

2235 1350 2419 1405 omnia
2444 1365 2564 1420 quae
2587 1350 2773 1415 habes,
2801 1358 2858 1405 et
2885 1365 3111 1421 sequere
3139 1366 3226 1405 me
3256 1349 3516 1422 (Hann.
3542 1351 3673 1420 xu).
3700 1370 3717 1401 ι
3740 1353 3775 1407 Β

2240 1440 2332 1509 qui
2360 1440 2492 1494 mihi
2521 1441 2795 1495 ministrat
2826 1442 2914 1495 me
2942 1448 3223 1510 sequatur,
3252 1441 3313 1496 id
3346 1450 3447 1496 est
3480 1456 3575 1495 me
3601 1441 3777 1496 imitere.

2314 1549 2335 1582 ι
2370 1530 2555 1601 Neque
2577 1531 2645 1585 ad
2667 1532 2943 1587 dexteram
2971 1548 3146 1603 neque
3166 1533 3234 1588 ad
3256 1533 3576 1588 sinistram
3616 1534 3774 1587 dudm-

2234 1622 2327 1677 tis.
2366 1640 2384 1674 ι
2419 1622 2697 1689 Quomodo
2746 1631 2926 1693 potest
2975 1623 3168 1694 aliquis
3224 1624 3305 1679 ad
3361 1624 3768 1680 ἀπίει-ιιωῶ

2236 1714 2405 1769 nare?
2436 1714 2688 1785 Nunquid
2727 1715 2773 1769 si
2800 1730 2898 1786 per
2925 1715 3202 1770 dexteram
3247 1715 3543 1780 ambulat,
3582 1732 3672 1771 non
3704 1734 3767 1787 gn

2239 1801 2386 1857 ditur
2424 1804 2605 1861 recte?
2636 1803 2889 1861 Salomon
2918 1820 3155 1876 namque
3179 1806 3331 1862 dixit
3365 1823 3386 1861 :
3430 1825 3454 1859 ι
3488 1808 3610 1863 Via:
3642 1825 3755 1879 qm
3818 1801 3824 1933 1

2239 1894 2442 1933 dnvlpin
2463 1904 2588 1933 nlui
2608 1897 2755 1933 must
2772 1896 3032 1933 nmntmm
3057 1897 3221 1933 (Du...
3266 1898 3359 1933 ..Α
3422 1919 3444 1933 .
3478 1898 3581 1933 ω
3602 1900 3754 1933 an“;

2238 1984 2442 2041 inloco
2474 1988 2712 2043 ostendit
2746 2004 2759 2042 :
2791 1989 2919 2057 quid
2959 1990 3026 2044 sit
3070 1988 3370 2045 declinare
3426 1992 3497 2047 ad
3539 1993 3744 2054 dextans.
3818 1984 3824 2057 ὅ

2239 2089 2365 2131 cum
2390 2076 2538 2131 dicit.
2573 2077 2747 2133 Nesis
2784 2079 3013 2134 multum
3060 2082 3312 2150 sapiens,
3363 2097 3544 2154 neque
3586 2088 3644 2139 sis
3674 2088 3742 2139 ne

2230 2172 2355 2222 tum
2372 2166 2552 2235 justus
2586 2167 2811 2241 (Ecclea.
2839 2170 2936 2242 vi).
2968 2170 3163 2227 Omnia
3196 2174 3369 2228 enim
3424 2188 3541 2229 cum
3583 2192 3738 2232 nam

2234 2256 2383 2312 bona
2408 2266 2551 2314 sunt.
2582 2258 2663 2317 Ad
2685 2260 2960 2315 dexteram
2987 2277 3117 2335 ergo
3144 2264 3429 2329 declinet,
3444 2268 3529 2336 qui
3552 2268 3736 2322 classis-

2228 2354 2387 2407 ctam
2415 2350 2788 2421 religiosorum
2811 2355 3287 2412 conversationem
3326 2358 3720 2429 prmtmditsmi-

2240 2447 2431 2495 ἥκω.
2484 2440 2577 2495 Sic
2617 2442 2800 2511 itaque
2841 2443 3000 2499 debet
3040 2450 3439 2519 unusquisque
3476 2450 3702 2519 Ῑιςιιςιμβιι

2242 2547 2388 2599 rere,
2417 2540 2479 2588 ut
2514 2533 2581 2588 de
2606 2533 2699 2588 illo
2736 2535 3006 2591 veraciter
3040 2538 3213 2607 possit
3258 2540 3408 2605 dici,
3454 2541 3553 2610 quid
3576 2542 3617 2593 ὰ
3639 2540 3705 2593 ιιι

2234 2627 2429 2682 charis
2462 2636 2519 2683 et
2547 2627 2825 2685 Elimlicth
2848 2629 3048 2684 dictum
3074 2639 3159 2686 est
3186 2631 3360 2701 (Luc.
3400 2632 3442 2706 ι)
3466 2653 3479 2687 :
3509 2634 3714 2687 «haue
3774 2638 3784 2649 '

2242 2724 2353 2774 tem
2392 2716 2526 2785 justi
2564 2718 2727 2773 ambo
2764 2727 2893 2772 ante
2928 2718 3120 2784 Deum,
3146 2720 3472 2778 incedentes
3494 2724 3539 2777 in
3564 2722 3714 2777 unde

2240 2807 2515 2865 mandatis
2542 2808 2783 2875 Domini,
2806 2810 2926 2865 sine
2948 2810 3191 2880 querela,
3237 2831 3259 2864 ι
3290 2813 3403 2869 hoc
3421 2822 3495 2870 est
3512 2815 3601 2869 sine
3617 2828 3703 2882 ηιξ
3822 2814 3823 2851 ἕ

2242 2898 2528 2955 hensicne.
2580 2898 2666 2955 Ad
2716 2901 2994 2957 sinistram
3036 2912 3222 2959 autem
3276 2906 3530 2962 declinare
3568 2906 3715 2961 aut
3822 2884 3823 2961 1

2241 2988 2389 3048 boue
2412 2989 2635 3047 deviare
2669 2991 2738 3045 ad
2760 2992 2983 3048 malum.
3007 2992 3154 3049 Nihil
3181 3010 3319 3068 ergo
3339 2998 3506 3053 melius
3524 3005 3717 3064 estquia

2240 3081 2395 3151 regia
2427 3081 2513 3136 via
2547 3082 2916 3152 gradiendum.
2966 3102 2986 3136 ι
3036 3084 3108 3140 Ει
3162 3088 3521 3143 contaminahis
3558 3086 3721 3141 laminas

2242 3172 2574 3242 sculptilium
2618 3175 2836 3243 argenti
2862 3174 2962 3231 tui.
3000 3195 3019 3229 ι
3064 3176 3330 3248 Loquitur
3373 3194 3519 3234 sermo
3552 3178 3717 3232 didm

562 3274 764 3330 Doctor
783 3277 970 3327 uoster
988 3268 1246 3327 Christus
1270 3277 1373 3334 est,
1400 3269 1491 3337 qui
1532 3281 1633 3324 nos
1680 3267 1838 3323 docet
1881 3267 2140 3323 intrinse—
2167 3258 2212 3325 C
2242 3266 2493 3336 gentibus
2508 3265 2577 3320 ad
2600 3264 2760 3325 ﬁdem
2780 3268 3144 3335 venientibus,
3166 3268 3539 3341 quidololatric
3554 3267 3706 3321 dedite

559 3380 657 3423 cus
674 3361 903 3435 (ϐυ-εει).
936 3360 1051 3418 Nisi
1070 3361 1333 3419 Dominus
1357 3377 1451 3418 cor
1478 3360 1830 3418 ilhistraverit
1849 3360 2141 3427 audientis,

558 3454 614 3511 in
654 3468 853 3513 vanum
881 3450 1094 3515 laborat
1121 3450 1304 3522 lingua
1340 3451 1600 3507 docentis.
1644 3449 1762 3506 Non
1814 3450 1977 3506 faciet
2014 3465 2143 3521 ergo

558 3543 797 3608 evolare,
818 3542 927 3599 hoc
953 3548 1035 3598 est
1055 3540 1308 3597 recedere
1333 3555 1365 3594 a
1393 3547 1448 3595 te
1470 3542 1615 3598 Deus
1650 3540 1833 3607 Pater,
1873 3554 1907 3595 ο
1947 3540 2143 3612 popqu

558 3634 884 3708 Christiane,
920 3632 1064 3691 ultus
1096 3633 1376 3705 doctorem
1403 3639 1576 3697 tuum,
1598 3631 1703 3702 .qui
1744 3638 1969 3702 propter
2005 3646 2138 3701 pec-5

559 3731 747 3783 «tum
760 3721 1020 3780 Ecclesiae
1045 3736 1154 3777 non
1184 3721 1453 3777 abstrahit
1469 3721 1639 3779 ﬁlium
1660 3721 1731 3777 ab
1766 3735 1831 3776 ea
1860 3734 1960 3791 per
1986 3736 2142 3792 com-

560 3831 783 3875 munem
807 3829 1135 3871 consensum
1165 3814 1447 3883 utriusque
1488 3828 1732 3884 personae
1772 3813 2016 3878 Deitatis,
2047 3812 2143 3870 sed

561 3907 724 3964 docet
764 3921 866 3977 per
905 3905 1179 3962 internum
1228 3905 1636 3975 inspirationem
1675 3923 1690 3960 :
1742 3906 1887 3975 quod
1934 3906 2144 3976 plenius

558 3996 894 4068 implebitur,
932 3994 1151 4066 quando
1201 3994 1307 4050 erit
1366 3994 1509 4049 Deus
1558 3995 1741 4050 omnia
1788 3996 1841 4051 in
1891 3996 2145 4055 omnibus

563 4086 616 4159 (Ι
645 4085 768 4141 Cor.
795 4085 910 4156 xv),
935 4092 992 4140 et
1035 4099 1160 4140 cum
1207 4082 1300 4139 illo
1347 4084 1465 4140 sine
1513 4083 1619 4140 ﬁne
1663 4086 1982 4155 regnahunt.
2019 4104 2040 4138 ι
2075 4080 2144 4144 Et

558 4186 721 4237 erunt
744 4177 887 4233 oculi
916 4177 1019 4242 tui,
1052 4194 1074 4227 ι
1104 4177 1213 4231 hoc
1248 4184 1334 4233 est
1360 4175 1503 4232 oculi
1542 4177 1739 4232 mentis
1762 4185 1868 4235 tuae
1898 4196 1919 4231 ι
1955 4179 2143 4235 viden-

560 4274 1057 4338 tesprzeceptorem
1076 4273 1249 4339 tuum.
1304 4285 1327 4327 ι
1380 4267 1556 4336 ipsum
1603 4265 1789 4328 Jesum
1840 4268 2138 4329 Christum.

558 4359 721 4419 Modo
747 4359 993 4419 Ecclesia
1040 4372 1142 4431 per
1184 4356 1385 4419 mentis
1441 4359 1950 4431 contemplationem
1995 4364 2143 4422 videt

558 4452 730 4511 Deum
749 4454 806 4508 in
833 4468 949 4524 spe,
987 4460 1117 4511 tunc
1140 4462 1321 4510 autem
1342 4453 1546 4510 videbit
1569 4454 1625 4509 in
1646 4454 1905 4525 idipsum.

636 4573 656 4606 ι
685 4553 759 4610 Et
786 4561 1074 4609 ain-essu:
1092 4553 1320 4608 audient
1352 4567 1540 4609 vocem
1585 4565 1711 4624 post
1763 4562 1977 4626 tergum
2024 4568 2140 4611 mo-

558 4646 759 4702 nentis.
794 4664 815 4698 ι
849 4644 1078 4712 Quando
1102 4643 1449 4713 omnipotens
1480 4643 1623 4699 Deus
1667 4646 1904 4715 primum
1962 4647 2138 4701 homi-
2166 4630 2220 4693 Ι)
2244 4648 2409 4705 elesia
2434 4648 2503 4704 de
2529 4650 2781 4721 gentibus
2803 4664 3144 4725 congregata,
3174 4656 3405 4712 dabitur
3450 4655 3596 4727 gratia
3627 4646 3717 4703 ea}?

558 4750 686 4791 nem
714 4736 955 4791 condidit
978 4750 1011 4790 a
1031 4750 1140 4806 quo
1165 4750 1353 4792 omnes
1389 4736 1652 4806 originem
1699 4736 1977 4801 ducimus,
2021 4751 2144 4793 san-

557 4836 707 4885 ctum
728 4828 1043 4899 iustumque
1066 4841 1292 4898 corpore
1332 4838 1387 4883 et
1427 4829 1629 4895 anima,
1678 4830 1732 4884 in
1779 4829 1974 4886 faciem
2021 4831 2141 4902 ejus

555 4918 873 4976 locutusest
908 4918 1093 4975 dicens
1126 4936 1141 4973 :
1169 4932 1202 4971 ι’
1222 4918 1466 4975 Crescite
1498 4928 1553 4976 et
1578 4920 2025 4991 multiplicamini,
2083 4930 2141 4977 et

555 5010 763 5083 replete
793 5018 996 5077 terram
1024 5008 1176 5080 (Gen.
1206 5025 1249 5075 ι,
1280 5010 1386 5082 ιιι).
1422 5029 1444 5063 ι
1474 5009 1612 5066 Cum
1640 5018 1819 5066 autem
1860 5020 2143 5082 peccasset

524 5102 826 5176 ggustando
882 5103 951 5159 de
1004 5103 1130 5159 cibo
1182 5102 1288 5165 sibi
1342 5103 1657 5169 interdicto,
1708 5105 1864 5174 quasi
1916 5105 2140 5161 dorsum

556 5196 775 5252 Christo
816 5195 1071 5265 opposuit
1114 5212 1133 5249 :
1172 5194 1305 5265 quia
1344 5202 1567 5265 propter
1614 5203 1894 5265 peccatum
1921 5211 2079 5252 suum
2109 5210 2141 5251 a

557 5287 735 5359 primo
763 5293 908 5342 stata
931 5286 1212 5357 dignitatis
1230 5287 1406 5342 ruisse
1430 5287 1681 5353 senovit,
1710 5297 1767 5345 et
1785 5287 1897 5358 jam
1940 5303 2052 5346 non
2087 5290 2145 5344 in

555 5377 715 5443 facie,
744 5377 841 5435 sed
865 5386 988 5447 post
1015 5385 1225 5448 tergum
1251 5378 1459 5432 audivit
1486 5378 1771 5435 Dominum
1811 5381 2083 5437 dicentem
2124 5398 2138 5435 :

564 5486 589 5522 ι
623 5468 910 5553 Maledicta
938 5476 1085 5523 terra
1117 5468 1169 5523 in
1184 5484 1361 5538 .opere
1383 5477 1498 5524 tuo.
1532 5488 1551 5523 ι
1584 5470 1643 5525 In
1679 5473 1833 5544 cujus
1876 5488 2008 5529 casu
2043 5489 2144 5531 nos

558 5579 746 5623 omnes
771 5573 922 5621 rctro
948 5564 1181 5630 ivlmus,
1210 5565 1335 5635 quia
1364 5575 1624 5635 peccator
1666 5576 1721 5623 et
1772 5578 2145 5641 transgressor

557 5656 933 5712 mandatorum
964 5655 1081 5722 Dei,
1110 5664 1424 5727 peccatores
1463 5667 1518 5714 et
1548 5669 1978 5732 transgressores
2003 5662 2141 5718 ﬁlios

557 5748 762 5817 genuit.
790 5746 898 5802 Sed
926 5747 1126 5803 dicitur
1150 5747 1310 5805 nobis
1328 5763 1359 5802 a
1389 5748 1608 5811 Christo
1640 5767 1654 5805 :
1692 5769 1715 5803 ι
1756 5753 2135 5807 Pcenitentiam

555 5838 703 5911 agite
726 5838 941 5909 (lauit.
970 5842 1077 5914 Iv):
1114 5863 1133 5896 ι
1161 5851 1218 5898 et
1243 5844 1441 5898 iterum
1466 5861 1480 5895 :
1506 5861 1526 5895 ι
1545 5842 1935 5901 Convertimini
1962 5845 2028 5900 ad
2046 5859 2147 5900 me

2244 3366 2424 3423 erant,
2465 3358 2713 3429 iacentes
2759 3359 2817 3413 in
2868 3359 3158 3419 volutabra
3205 3362 3438 3416 vitiosam.
3468 3358 3509 3413 0
3552 3354 3701 3427 ptpule

2245 3452 2570 3518 Christiane,
2594 3466 2719 3507 cum
2769 3454 3018 3508 venerint
3061 3454 3291 3526 apostoli
3329 3454 3420 3508 mei
3443 3450 3715 3522 punicantes

2245 3544 2397 3614 regni
2423 3545 2665 3610 verbum;
2697 3547 3094 3603 contaminabis
3125 3557 3208 3614 tu,
3235 3550 3341 3604 hoc
3375 3555 3447 3604 est
3470 3540 3715 3601 contamina-

2244 3643 2354 3691 tam
2376 3635 2628 3705 projicies
2652 3650 2870 3691 omnem
2891 3679 2905 3703 ,
2926 3639 3134 3695 scilicet
3159 3640 3613 3703 idololatrian,tam
3627 3630 3714 3688 soul-

2242 3729 2379 3800 ptile
2393 3742 2559 3799 quam
2586 3725 2856 3786 conﬂatile
2880 3744 2945 3785 ex
2976 3722 3111 3788 auro
3131 3734 3218 3789 vel
3262 3741 3504 3806 argento,
3533 3744 3622 3786 cum
3656 3740 3712 3778 re-

2243 3822 2420 3878 stibus
2438 3864 2452 3888 ,
2480 3823 2533 3878 id
2562 3832 2647 3878 est
2670 3838 2793 3879 cum
2815 3826 3067 3883 omnibus
3088 3832 3436 3887 ornamentis
3455 3832 3501 3885 in
3521 3824 3710 3882 lucumlu-

2244 3915 2529 3980 mundum,
2551 3923 2609 3969 et
2627 3915 2903 3988 disperges
2922 3918 3234 3974 minutatim
3268 3921 3418 3976 sicut
3440 3913 3704 3975 inmunditiam

2243 4012 2594 4060 menstruatze
2620 4007 2885 4063 mulieris.
2931 4027 2951 4059 ι
2988 4008 3257 4080 Egredere
3288 4021 3351 4068 et
3382 4013 3515 4069 dices
3540 4009 3590 4065 ei.
3612 4027 3624 4059 ι
3646 4002 3709 4056 lu

2242 4094 2340 4152 Dei
2368 4097 2775 4167 omnipotentis.
2804 4099 2850 4155 0
2896 4101 3035 4157 Isaia
3072 4103 3157 4159 vel
3184 4103 3433 4162 Ieremia
3459 4102 3664 4177 egredere.
3686 4106 3714 4150 εί

2240 4189 2331 4247 dic
2352 4191 2547 4262 populo
2570 4193 2900 4251 Christiano.

2318 4303 2337 4335 ι
2368 4283 2437 4338 Et
2468 4284 2686 4340 dabitur
2718 4287 2902 4356 pluvia
2926 4288 3118 4345 semini
3157 4299 3271 4357 tuo,
3314 4292 3595 4361 ubicunque
3623 4281 3713 4341 seci-

2239 4375 2459 4432 naverls
2492 4377 2569 4430 in!
2597 4385 2763 4459 terra.
2798 4397 2819 4430 ι
2847 4378 3114 4451 Propheta
3157 4381 3415 4453 loquitur
3454 4387 3512 4439 de
3548 4377 3711 4453 gentile.

2238 4462 2483 4521 Pluviam
2507 4466 2741 4536 appellat
2757 4469 2989 4539 gratiam
3013 4471 3185 4527 sancti
3206 4472 3472 4542 Spiritus.
3490 4471 3710 4526 Sensum

2238 4560 2464 4614 verbum
2490 4561 2767 4616 doctrinm.
2798 4559 2877 4619 Ac
2894 4564 2940 4618 si
2964 4552 3174 4621 diceret
3212 4565 3338 4622 aliis
3379 4567 3550 4624 verbis
3579 4560 3639 4618 :0
3661 4557 3713 4610 ἱεο

2245 4741 2348 4796 stis
2376 4741 2632 4796 doctrinae
2661 4751 2784 4809 tum,
2816 4756 2875 4797 ut
2902 4738 3225 4816 ubicunque,
3249 4748 3301 4802 id
3335 4758 3430 4804 est
3459 4750 3508 4804 in
3527 4754 3719 4817 quarum

2246 4844 2356 4901 que
2384 4839 2602 4902 gentem
2629 4834 3067 4904 praedicationem
3097 4846 3244 4894 tuam
3287 4839 3578 4903 infuderls,
3603 4835 3725 4891 enim

2247 4918 2485 4976 fructum
2511 4923 2678 5001 bona:
2697 4926 3049 4994 operationis.
3085 4946 3105 4979 ι
3136 4927 3203 4984 Et
3225 4931 3389 4999 panis
3435 4932 3615 5003 frugum
3636 4934 3724 4979 tam

2248 5012 2354 5068 erit
2378 5014 2685 5070 uberrimus
2728 5025 2785 5071 et
2820 5018 3054 5090 pinguis.
3094 5040 3112 5073 ι
3147 5020 3309 5078 Panis
3349 5033 3535 5081 noster
3571 5016 3727 5075 Cluile

2248 5114 2334 5159 est
2356 5105 2450 5174 qui
2478 5104 2649 5160 dicit:
2682 5124 2703 5158 ‹
2738 5106 2850 5177 Ego
2876 5123 2994 5163 sum
3047 5112 3203 5181 panis
3240 5113 3404 5170 vivus
3457 5114 3608 5187 (Joaa.
3630 5105 3724 5177 τη.»

2247 5194 2495 5251 Chr-ishis
2512 5211 2662 5267 ergo,
2674 5199 2773 5267 qui
2800 5199 3155 5256 liruCtiﬁcatur
3176 5203 3229 5258 in
3255 5205 3513 5261 cordibus
3531 5203 3729 5258 electam

2246 5302 2345 5359 per
2372 5289 2529 5344 ﬁdem
2560 5299 2615 5343 et
2642 5289 3006 5359 dilectionem,
3038 5294 3345 5350 uberrimus
3392 5307 3511 5361 est,
3549 5291 3645 5365 quia
3675 5295 3732 5357 ρει

2248 5381 2697 5452 quadripartitum
2728 5383 2914 5439 orbem
2946 5385 3191 5441 doctrina
3224 5386 3368 5443 illius
3396 5376 3731 5447 coruscatutlin

2248 5473 2469 5528 nomine
2496 5472 2613 5541 ejus
2640 5473 2894 5530 Ecclesia:
2920 5483 3048 5531 sunt
3073 5474 3329 5542 fundatas,
3358 5494 3483 5549 qua
3518 5470 3733 5532 ubertim

2248 5564 2458 5620 ﬂuctus
2483 5566 2748 5622 bonorum
2780 5582 3001 5638 operum
3030 5567 3335 5638 proferunt.
3370 5571 3489 5641 ipse
3514 5570 3646 5626 etiam
3675 5573 3733 5630 β’

2246 5656 2352 5723 nis,
2372 5658 2424 5712 id
2450 5666 2537 5713 est
2562 5657 2813 5715 Christus
2831 5659 3046 5729 pinguis
3064 5669 3167 5725 est,
3184 5662 3309 5730 quia
3339 5664 3499 5719 corda
3526 5660 3735 5716 electorum

2244 5764 2466 5805 suorum
2502 5750 2674 5819 gratia
2703 5759 2760 5804 et
2784 5751 3109 5821 pinguedine
3130 5750 3372 5823 Spiritus
3414 5752 3568 5809 sancti
3603 5740 3733 5802 rel'n‘iL

2245 5858 2267 5896 ι
2300 5843 2561 5899 Pascetur
2589 5843 2641 5897 in
2666 5844 3009 5912 possessione
3028 5852 3141 5911 tua,
3171 5864 3191 5897 ι
3217 5860 3253 5907 o_
3277 5847 3469 5918 populo
3491 5835 3734 5901 Christiani,
