3918 6488
103 383 247 443 869

1094 385 1448 449 COMMENT.
1485 386 1554 445 ΙΝ
1584 382 1843 447 lSAlAM.
1886 413 1951 425 —
2000 384 2132 443 LIB.
2171 386 2238 444 ll.

3297 388 3404 457 στι

108 501 185 555 in
228 501 326 557 die
361 500 452 557 illo
488 514 657 571 agnus
684 499 938 571 spatiose.
978 499 1255 557 Possessio
1290 499 1718 557 Christianorum
1748 502 1801 567 Α
1823 496 1913 550 illo
1949 498 2199 553 examine
2237 514 2361 555 cum
2405 498 2606 557 fuerint
2645 515 2836 562 omnes
2874 502 3092 574 reprobi
3133 517 3240 561 una
3275 519 3402 566 cum

109 590 388 645 Ecclesia
415 600 517 654 est,
543 591 632 647 ubi
663 592 900 661 pascitur
920 606 1120 660 agnus,
1146 591 1200 646 id
1228 600 1313 645 est
1331 590 1555 659 quilibet
1576 591 1723 647 mitis

111 682 393 738 doctrina
435 683 737 739 divinorum
779 684 1132 753 eloquiorum.
1175 682 1327 751 Quod
1367 692 1546 739 autem
1592 685 1725 743 dicit

120 793 146 827 ε
196 775 259 829 in
295 774 386 830 die
414 774 523 830 illo.
562 795 582 827 ι
610 775 692 830 Ad
724 776 826 832 hoc
846 777 1077 846 pertinet
1104 777 1247 847 quod
1275 778 1519 847 superius
1563 778 1721 843 dixit,

115 864 367 933 quando
406 864 632 934 populus
666 865 879 935 gentilis
909 866 1048 920 idola
1084 874 1138 920 et
1176 866 1461 923 simulacra
1505 863 1721 923 confre-

114 956 236 1027 git.
275 975 294 1007 ι
330 955 493 1011 Tauri
520 957 595 1011 tui
624 965 679 1011 et
699 957 829 1025 pulli
850 960 1126 1017 asinorum
1145 968 1355 1019 tuorum
1372 957 1727 1017 commixtum;

118 1046 349 1117 migma
386 1047 671 1103 comedent
698 1048 839 1105 sicut
863 1048 916 1102 in
948 1063 1098 1110 area,
1122 1058 1182 1103 ut
1202 1048 1516 1103 ventilatum
1560 1056 1662 1103 est.
1695 1066 1716 1101 ι

121 1136 367 1193 Scimus
398 1138 520 1205 quia
574 1138 711 1192 tauri
763 1139 1016 1207 gregibus
1058 1140 1309 1194 ducatum
1352 1148 1630 1209 praestant,
1669 1147 1729 1197 et:

56 1255 67 1263 ο
122 1229 267 1286 ideo
296 1244 407 1287 nun
432 1229 735 1299 incongrue
752 1245 850 1299 per
875 1230 996 1287 illos
1020 1231 1371 1302 designantur
1400 1231 1723 1300 apostoli,et

120 1320 357 1391 praelati
377 1329 577 1376 sanctae
613 1320 866 1377 Ecclesia:
910 1322 999 1390 qui
1048 1322 1097 1375 ei
1145 1322 1399 1377 ducatum
1446 1322 1721 1391 praebent,

123 1417 381 1487 qualiter
412 1419 496 1475 vel
523 1434 620 1488 per
638 1434 756 1488 quae
786 1418 1062 1474 ambulare
1091 1419 1306 1474 debeat.
1343 1418 1400 1471 ln
1433 1414 1723 1487 Evangelia

124 1509 377 1581 legimus
405 1508 616 1580 (Matth.
644 1510 779 1581 xxx),
806 1511 933 1580 quia
976 1509 1201 1564 tendens
1240 1508 1495 1562 Dominus
1531 1505 1720 1560 Hiero-

126 1600 429 1672 solymam,
454 1603 507 1657 in
535 1603 793 1656 comitatu
823 1618 922 1657 suo
958 1602 1148 1657 habuit
1176 1602 1387 1656 asinam
1415 1608 1471 1654 et
1497 1598 1721 1669 pullum.

129 1692 204 1747 Et
233 1708 338 1761 per
362 1694 570 1748 asinam
611 1694 957 1764 intelligimus
1002 1693 1256 1764 populum
1300 1692 1602 1756 Judaicum,
1631 1704 1726 1759 per

132 1782 351 1853 pullum
399 1793 580 1837 autem
619 1783 871 1852 gentilem
920 1784 1012 1853 qui
1059 1784 1349 1839 dissolutus
1387 1793 1444 1839 et
1490 1783 1725 1837 lascivus

1820 587 2035 643 diabolo
2073 589 2126 642 in
2164 590 2378 646 inferno
2415 591 2654 648 conclusi
2699 612 2711 646 :
2755 593 3002 653 sustollet
3043 610 3105 651 se
3141 594 3404 659 Dominus

1818 676 1973 731 Iesus
2006 679 2211 747 pariter
2251 695 2373 738 cum
2418 696 2645 753 corpore
2684 698 2782 740 suo
2834 684 3008 756 (quod
3048 695 3179 741 sunt
3211 701 3403 745 omnes

1819 767 2011 840 electi)
2045 769 2098 822 in
2129 770 2348 837 coelum,
2388 782 2445 828 et
2475 783 2603 829 tunc
2635 774 2905 834 mutuabit
2931 775 3032 835 sibi
3062 774 3193 832 luna
3219 776 3403 848 splen-

1821 860 2007 921 dorem
2054 860 2216 928 solis,
2268 871 2321 919 et
2365 865 2443 920 sol
2493 866 2911 936 septempliciter
2955 867 3158 933 clarius
3201 869 3405 937 lucebit

1819 963 1980 1017 quam
2024 950 2184 1017 modo
2221 965 2236 1005 :
2268 952 2408 1009 sicut
2460 953 2551 1008 lux
2596 964 2803 1026 septem
2849 957 3058 1025 dierum
3082 998 3100 1027 ,
3141 958 3248 1016 hoc
3277 969 3400 1029 est,

1820 1038 2210 1110 multipliciter,
2245 1041 2572 1114 reeipietque
2602 1044 2782 1102 lumen
2805 1054 2861 1105 et
2883 1046 3218 1119 splmdorem
3241 1065 3402 1120 quem

1820 1131 2006 1187 amisit
2040 1139 2299 1202 peccante
2338 1134 2513 1204 primo
2556 1136 2794 1195 homine.
2836 1136 2984 1209 Dicit
3026 1140 3169 1205 enim
3212 1141 3404 1196 beatus

1820 1220 2058 1277 Isidorus
2088 1222 2141 1276 in
2171 1222 2311 1289 libro
2338 1232 2729 1285 creaturarum.
2770 1226 2925 1303 Quod
2958 1242 3132 1300 neque
3158 1229 3274 1297 sol,
3308 1247 3406 1287 ne-

1823 1326 1928 1385 que
1960 1311 2086 1365 luna
2114 1312 2186 1366 ad
2216 1326 2466 1369 occasum
2503 1324 2729 1370 ventura
2770 1317 2881 1373 sint
2927 1327 3117 1387 postea
3156 1337 3170 1373 :
3215 1321 3309 1376 sed
3347 1320 3404 1375 in

1821 1402 1928 1461 hoc
1954 1402 2074 1458 loco
2102 1418 2209 1474 quo
2237 1412 2418 1460 creata
2444 1413 2572 1461 sunt
2601 1406 2721 1461 sine
2744 1406 2853 1463 ﬁne
2881 1410 3198 1469 manebunt.
3236 1408 3401 1466 Juxta

1822 1494 1952 1550 illud
1988 1494 2242 1552 Habacuc
2271 1513 2331 1551 ιιι
2357 1516 2370 1550 :
2404 1516 2423 1549 ι
2452 1496 2545 1552 Sol
2570 1506 2625 1553 et
2654 1498 2778 1555 luna
2806 1507 3074 1557 steterunt
3108 1502 3166 1557 in
3194 1502 3403 1558 habita—

1824 1589 1945 1644 culo
1971 1604 2090 1655 suo,
2129 1609 2147 1641 ι
2180 1605 2280 1660 pro
2306 1606 2372 1649 eo
2410 1591 2552 1661 quod
2588 1600 2673 1647 est
2696 1594 2938 1652 stabunt.
2978 1593 3043 1650 Et
3071 1610 3238 1667 quare
3266 1597 3404 1653 hoc?

1823 1679 1902 1737 Ne
1921 1680 2170 1737 claritate
2198 1682 2329 1737 solis
2360 1683 2471 1737 sive
2492 1683 2632 1739 lunae
2651 1684 2725 1739 illi
2746 1685 2840 1755 qui
2862 1686 3003 1756 apud
3024 1684 3225 1743 inferos
3246 1697 3406 1743 erunt

1823 1773 2193 1844 perfruantur.
2241 1775 2319 1829 De
2368 1776 2471 1832 hoc
2518 1776 2682 1832 etiam
2732 1785 2913 1844 statu,
2963 1778 3094 1834 dicit
3146 1780 3407 1852 propheta

131 1852 359 1925 exstitit
393 1873 667 1941 sequendo
695 1872 855 1927 idola.
886 1852 1122 1943 Ideoque
1140 1890 1247 1929 non
1280 1874 1722 1929 inconvenienter
1750 1852 1801 1925 Β
1828 1866 2043 1935 quidam
2065 1885 2078 1923 ε
2100 1885 2117 1916 ι
2142 1864 2257 1921 Non
2277 1866 2487 1927 occidet
2509 1866 2605 1922 tibi
2623 1866 2763 1922 ultra
2779 1865 2859 1923 $01
2888 1867 3324 1940 luu8(1n[ra.u)
3343 1889 3357 1922 ί
3378 1889 3399 1922 ι

134 1961 247 2015 isto
271 1962 327 2015 in
362 1961 480 2016 loco
502 1977 598 2031 per
630 1962 802 2031 pullos
840 1964 933 2018 ﬁlii
978 1963 1189 2017 illorum
1234 1964 1641 2034 intelliguntur,
1667 1964 1723 2018 in

134 2052 352 2106 unitate
392 2052 512 2107 ﬁdei
544 2053 794 2123 c0pulati.
846 2054 1040 2124 Migtna
1088 2062 1172 2110 est
1215 2055 1475 2109 hordeum
1521 2056 1724 2124 pariter

133 2157 265 2196 cum
290 2143 461 2212 palea.
496 2142 598 2197 Per
620 2144 799 2212 paleas
825 2145 1137 2214 superficies
1179 2144 1425 2199 litteralis
1467 2144 1722 2216 intelligi-

135 2240 253 2285 tur.
271 2233 543 2289 llordcum
570 2245 750 2289 autem
778 2235 1188 2307 intelligentiam
1217 2236 1529 2291 interiorem
1560 2236 1724 2306 signi-

133 2321 289 2377 ﬁcat.
336 2322 499 2379 Tauri
528 2340 656 2394 ergo
677 2334 732 2380 ct
756 2326 910 2396 pulli,
933 2328 1037 2389 hoc
1060 2336 1142 2382 est
1163 2327 1371 2397 praelati
1402 2335 1457 2381 ct
1494 2326 1723 2397 subjecti

130 2413 190 2467 in
223 2423 413 2467 sancta
440 2414 678 2469 Ecclesia
706 2417 1016 2482 coadunati,
1041 2418 1236 2487 migma
1266 2418 1573 2483 comedunt,
1596 2419 1722 2488 quia

129 2519 198 2571 ea
228 2520 352 2575 qum
390 2506 744 2576 Spiritualiter
791 2506 1137 2581 intelligenda
1176 2518 1338 2581 ,sunt,
1372 2510 1721 2580 spiritualitet‘

133 2594 481 2667 intelligunt,
511 2604 567 2650 et
603 2612 721 2666 qua:
749 2596 1103 2657 bistorialiter
1143 2599 1408 2657 historiali
1437 2616 1597 2656 sensu
1626 2617 1718 2657 ca-

130 2695 317 2763 piunt.
349 2686 480 2754 Quae
502 2703 629 2742 vero
657 2689 872 2759 utrique
908 2690 1089 2747 sensui
1135 2692 1480 2757 conveniunt,
1510 2702 1720 2748 utrum-

131 2792 245 2848 que
269 2788 448 2833 mente
470 2780 708 2849 capiunt,
726 2779 863 2835 sicut
884 2780 938 2835 in
963 2795 1109 2848 area,
1136 2782 1240 2837 hoc
1259 2790 1342 2838 est
1361 2783 1414 2837 in
1439 2782 1719 2853 Scriptura

132 2871 472 2927 nominetur.

217 2982 235 3013 ι
276 2962 343 3016 Et
375 2970 534 3017 erunt
585 2978 745 3033 super
784 2978 998 3019 omnem
1043 2973 1277 3021 montem
1334 2966 1610 3022 excelsum
1664 2977 1721 3023 et

134 3068 307 3124 super
335 3054 523 3109 collem
546 3056 645 3109 rivi
667 3071 927 3128 aquarum
955 3057 1309 3122 currentium,
1341 3057 1398 3113 in
1446 3059 1531 3114 die
1558 3059 1718 3114 inter—

134 3145 394 3207 t'cctjonis
428 3148 716 3203 multorum
738 3189 753 3213 ,
792 3164 913 3204 cum
967 3148 1264 3204 ceciderint
1304 3158 1502 3207 turres.
1538 3170 1558 3204 ι
1590 3149 1718 3206 Haec

1826 1957 1978 2025 Quod
2007 1967 2187 2015 autem
2226 1958 2376 2025 dicit,
2408 1978 2429 2010 ι
2461 1959 2515 2013 in
2562 1958 2648 2023 die
2673 1973 2781 2029 qua
2810 1958 3115 2030 alligaverit
3150 1960 3407 2017 Dominus

1825 2048 2019 2105 vulnus
2054 2047 2235 2119 populi
2276 2049 2357 2104 sui
2389 2066 2403 2103 :
2434 2068 2453 2101 ι
2486 2048 2742 2120 populum
2771 2064 2925 2105 suum
2955 2049 3191 2123 appellat
3216 2065 3407 2113 omnes

1826 2138 2026 2193 electos
2067 2155 2097 2192 a
2143 2140 2317 2208 primo
2362 2139 2579 2194 homine
2617 2154 2787 2210 usque
2832 2138 2900 2193 ad
2940 2139 3291 2197 novissimum
3321 2138 3409 2209 ju-

1826 2237 1971 2286 stum
1999 2230 2090 2300 qui
2119 2231 2423 2285 nasciturus
2451 2238 2533 2286 est
2560 2231 2615 2285 in
2645 2231 2730 2286 die
2748 2229 2963 2301 judicii.
2992 2230 3199 2288 Vulnus
3221 2239 3273 2288 et
3298 2232 3409 2303 pla-

1826 2338 1947 2391 gam
1978 2322 2212 2392 appellat
2240 2322 2621 2378 mortalitatem
2646 2330 2702 2376 et
2723 2323 2934 2381 ruinam
2960 2339 3123 2394 quam
3148 2332 3409 2403 peccante

1823 2414 2000 2483 primo
2027 2422 2254 2482 parente
2285 2414 2641 2479 attraximus,
2675 2413 2889 2483 quando
2916 2413 3246 2485 perdidimus
3274 2414 3409 2473 imae

1825 2502 2005 2571 ginem
2048 2511 2105 2558 et
2151 2502 2557 2559 similitudinem
2590 2503 2712 2558 Dei.
2752 2503 2835 2559 Ad
2875 2503 3164 2575 imaginem
3209 2506 3407 2581 quippe

1824 2593 1921 2653 Dei
1953 2592 2128 2648 factus
2152 2603 2235 2651 est
2264 2595 2441 2658 homo,
2473 2594 2598 2664 quia
2632 2602 2854 2663 sanctus
2892 2603 2948 2655 et
2982 2593 3164 2663 justus
3193 2606 3407 2657 creatus

1824 2692 1908 2739 est
1938 2682 2089 2755 (Cen.
2117 2683 2156 2756 ι)
2191 2701 2203 2738 :
2245 2699 2406 2758 quam
2442 2684 2732 2756 imaginem
2758 2684 3004 2759 praecipit
3035 2684 3192 2740 nobis
3228 2684 3408 2739 Domi-

1825 2792 1928 2843 nus
1956 2783 2161 2845 tepere,
2182 2791 2311 2845 cum
2339 2775 2509 2835 dicit:
2545 2793 2563 2826 ί
2592 2774 2780 2835 Sancti
2806 2783 2998 2842 estote,
3027 2777 3151 2849 quia
3186 2785 3408 2837 sanctus

1824 2878 1879 2925 ct
1906 2883 2005 2939 ego
2044 2883 2163 2931 sum
2192 2867 2378 2940 (Lavit.
2406 2866 2505 2939 ιι).
2540 2887 2559 2920 ι
2597 2866 3018 2927 Similitudinem
3041 2883 3169 2925 vero
3192 2869 3405 2936 habuit,

1824 2959 1950 3030 quia
1988 2958 2313 3014 immortalis
2341 2958 2590 3017 conditus
2625 2967 2730 3015 est.
2779 2959 2891 3016 Hoc
2936 2959 3129 3017 vulnus
3172 2970 3225 3015 et
3268 2952 3409 3039 hanc

1822 3050 2037 3120 plagam
2061 3049 2115 3103 in
2146 3050 2233 3104 die
2256 3050 2447 3120 judicii
2474 3049 2732 3105 Dominus
2753 3051 2809 3113 in
2832 3051 3019 3109 electis
3039 3051 3152 3108 suis
3173 3052 3405 3125 sanabit,

1824 3143 2039 3211 quando
2070 3141 2228 3198 faciet
2266 3158 2358 3199 eos
2385 3143 2720 3205 immortales
2745 3154 2801 3200 et
2826 3144 3266 3219 incorruptibiles
3293 3162 3407 3203 cor-

136 3240 308 3295 verba
336 3240 403 3294 ad
429 3239 571 3296 diem
591 3240 782 3312 judicii
807 3243 1078 3312 pertinere
1107 3244 1379 3299 videntur.
1433 3243 1537 3298 Per
1567 3261 1716 3300 mon—
1745 3224 1797 3299 ες
1822 3248 1974 3301 Ρονθν
2014 3241 2071 3289 οἱ
2101 3233 2467 3290 immumbues
2490 3234 2544 3289 in
2572 3236 2775 3309 anima.-

141 3339 222 3399 tcs
248 3340 305 3386 et
333 3330 495 3385 colles
520 3331 889 3402 intelliguntur
917 3335 1109 3396 sancti,
1137 3342 1355 3403 propter
1379 3334 1720 3391 altitudinem

138 3423 405 3476 virtutum
444 3438 457 3470 :
490 3420 573 3472 vel
617 3422 953 3489 expositores
997 3423 1300 3477 divinorum
1357 3423 1721 3493 eloquiorum,

143 3508 657 3587 sicutAugustinus,
688 3510 1048 3583 Hieronymus
1072 3522 1127 3566 et
1158 3512 1370 3583 reliqui.
1421 3514 1543 3569 Rivi
1590 3530 1716 3570 cur-

144 3599 377 3656 rentium
403 3607 528 3654 sunt
549 3599 793 3654 doctrina
815 3602 1111 3673 spiritualjs
1134 3603 1425 3675 Evangelii.
1446 3605 1571 3661 Dies
1588 3621 1720 3661 vero

147 3690 549 3753 interfectionis,
597 3691 715 3747 dies
748 3692 938 3763 judicii
989 3694 1329 3764 intelligitur.
1388 3695 1493 3751 Per
1538 3705 1718 3752 turres

146 3782 386 3849 diabolus
411 3790 466 3838 et
492 3798 682 3838 onmes
707 3784 924 3853 superbi
954 3793 1009 3839 et
1038 3793 1286 3856 potentes
1320 3785 1475 3841 istius
1511 3786 1714 3843 saeculi.

145 3874 203 3931 In
229 3875 313 3929 die
334 3890 462 3948 ergo
481 3874 692 3945 judicii,
718 3877 932 3944 quando
957 3892 1149 3933 omnes
1172 3876 1324 3946 impii
1354 3877 1631 3947 peribunt,
1664 3885 1720 3932 et

145 3964 537 4023 lnterlicientur
582 3964 757 4035 gladio
808 3966 956 4020 verbi
1008 3966 1106 4020 Dei
1160 3980 1347 4023 omnes
1398 3968 1635 4037 reprobi,
1663 3976 1718 4022 et

143 4054 439 4129 ceciderint
467 4054 568 4125 ipsi
598 4056 884 4118 daemones,
907 4056 999 4127 qui
1029 4058 1279 4115 muniunt
1307 4058 1467 4113 modo
1499 4074 1627 4113 suos
1655 4066 1717 4113 ut

140 4153 338 4208 turres,
369 4159 465 4213 per
503 4144 666 4205 colles
696 4153 750 4199 et
787 4156 998 4201 montes
1022 4147 1125 4202 rivi
1156 4148 1484 4219 discurrent,
1506 4150 1633 4222 quia
1662 4158 1718 4207 et

143 4236 277 4291 bona
304 4252 465 4308 opera
496 4248 806 4294 sanctorum
835 4242 1195 4310 apparebunt,
1210 4256 1337 4312 qua:
1380 4258 1478 4313 per
1522 4242 1714 4299 obser-

142 4330 373 4383 vantiam
410 4332 779 4385 mandatorum
810 4332 907 4386 Dei
935 4333 1311 4403 impleverunt,
1351 4343 1408 4389 et.
1450 4349 1588 4405 pene
1616 4351 1716 4407 per

145 4436 328 4481 Omnes
354 4431 541 4494 gentes
564 4424 813 4481 doctrina
846 4423 1123 4495 Evangelii
1152 4441 1272 4496 qua:
1304 4426 1466 4481 modo
1509 4426 1565 4480 in
1608 4426 1714 4480 illis

144 4527 251 4571 non
274 4511 432 4577 lucet,
453 4515 919 4585 appropinquante
939 4514 1027 4570 die
1039 4512 1253 4583 judicii,
1273 4513 1427 4570 Helia
1452 4523 1507 4570 et
1526 4514 1714 4573 Enoch

154 4605 591 4676 praadicantibus,
616 4605 868 4662 clarebit.

223 4714 240 4747 ι
264 4696 326 4750 Ει
348 4696 453 4751 erit
474 4695 564 4749 lux
588 4695 726 4751 luna:
754 4696 893 4751 sicut
931 4696 1021 4775 lux
1048 4696 1196 4763 solis,
1232 4706 1288 4752 et
1310 4696 1403 4754 lux
1433 4697 1560 4755 solis
1589 4714 1713 4771 sep-

147 4785 459 4855 templicitcr
486 4785 625 4841 sicut
666 4784 756 4839 lux
807 4796 1013 4857 septem
1044 4788 1275 4854 dierum,
1304 4789 1359 4843 in
1386 4789 1473 4845 die
1501 4805 1607 4862 qua
1637 4789 1715 4845 al-

150 4874 383 4946 ligaverit
407 4875 683 4940 Dominus,
714 4894 735 4927 »
766 4876 869 4933 hoc
893 4886 995 4945 est,
1022 4880 1311 4943 sanaverit,
1344 4897 1362 4930 ‹
1391 4880 1580 4936 vulnus
1612 4896 1711 4953 po-

150 4967 255 5039 puli
282 4968 382 5031 sui,
411 4976 465 5022 et
490 4983 841 5037 percussuras
868 4968 1037 5039 plaga:
1062 4970 1177 5040 ejus
1207 4972 1498 5027 sanaverit.
1533 4992 1553 5026 ι
1580 4972 1714 5030 Post

155 5056 282 5111 diem
305 5055 490 5126 judicii
517 5057 621 5112 erit
644 5058 807 5121 istud,
838 5074 960 5113 cum
996 5059 1157 5115 fuerit
1197 5062 1392 5118 etelum
1428 5079 1625 5120 novum
1656 5073 1714 5123 et

155 5157 284 5204 terra
308 5166 463 5217 nova,
494 5150 637 5220 quod
664 5166 694 5204 a
721 5149 988 5221 Propheta
1015 5152 1325 5221 praedicitur
1357 5153 1706 5224 implendum.

156 5241 330 5298 Omnia
357 5243 497 5297 enim
526 5258 645 5312 quae
681 5242 822 5299 Deus
857 5244 1197 5315 omnipotens
1225 5260 1323 5317 per
1346 5248 1579 5317 spatium
1615 5262 1710 5304 sex

157 5333 347 5389 dierum
375 5341 627 5403 operatus
646 5344 751 5399 est,
787 5344 1008 5405 propter
1044 5336 1318 5405 hominem
1360 5336 1502 5409 facta
1545 5348 1707 5407 sunt:
1754 5332 1759 5335 ’

158 5427 211 5483 in
233 5427 371 5496 cujus
410 5424 557 5496 lapsu
597 5426 778 5480 omnia
816 5427 1078 5483 elementa
1120 5430 1500 5485 detrimentum
1547 5432 1709 5487 susti-

159 5526 390 5575 nuerunt.
440 5515 575 5571 Nam
620 5524 764 5571 terra
805 5528 962 5573 antea
1008 5520 1191 5590 Spinas
1235 5529 1289 5575 ct
1332 5522 1558 5579 tribulos
1603 5540 1713 5581 non

158 5606 457 5682 proferebat.
487 5607 596 5662 Aer
620 5608 721 5663 iste
750 5623 855 5663 non
878 5616 1039 5663 tanta:
1059 5611 1434 5667 crassitudinis
1457 5622 1593 5679 erat,
1618 5613 1712 5670 sed

160 5717 327 5775 purus.
362 5699 453 5757 Sic
480 5701 559 5756 sol
585 5709 639 5757 et
666 5700 790 5757 luna
819 5710 874 5759 et
898 5703 1075 5757 sidera
1118 5704 1499 5763 detrimentum
1528 5709 1607 5763 sui
1634 5709 1714 5763 lu-

163 5793 305 5853 minis
330 5795 715 5851 sustinuerunt.
745 5793 802 5849 In
830 5795 915 5851 die
944 5805 1122 5869 autem
1146 5796 1333 5873 judicii
1358 5800 1713 5857 determinato

1896 3340 1914 3372 ι
1942 3321 2081 3377 Ecce
2104 3338 2298 3377 nomen
2326 3322 2540 3383 Domini
2562 3326 2710 3381 venit
2732 3326 2798 3383 de
2818 3326 3147 3413 longinquo,
3178 3348 3197 3383 ι
3236 3329 3288 3386 id
3326 3339 3411 3401 est

1819 3412 1987 3469 Filius
2005 3411 2181 3469 Patris
2205 3413 2345 3468 Deus
2368 3429 2526 3469 verus
2545 3413 2702 3493 Iesus
2725 3415 2972 3475 Christus
3068 3421 3286 3479 nomine
3306 3420 3409 3476 Pa-

1821 3506 1919 3561 tris
1947 3507 2116 3572 venit,
2146 3507 2271 3577 quia
2314 3508 2456 3565 Deus
2502 3525 2671 3589 vera;
2708 3520 2794 3571 est
2832 3512 2976 3569 sicut
3014 3512 3197 3570 Pater.
3232 3514 3406 3571 Unum

1820 3596 2016 3666 quippe
2051 3611 2246 3651 nomen
2282 3606 2364 3651 est
2392 3597 2569 3657 Patris
2597 3608 2651 3654 et
2676 3598 2799 3655 Filii
2836 3610 2890 3657 et
2932 3601 3168 3672 Spiritus
3210 3605 3407 3675 sancti,

1815 3686 1973 3757 juxta
2012 3689 2153 3757 quod
2179 3689 2293 3758 ipse
2311 3688 2599 3761 Apostolus
2620 3688 2792 3747 dicit:
2826 3712 2846 3744 ί
2874 3693 2975 3761 Ite,
2992 3696 3181 3753 docete
3217 3711 3410 3765 omnes

1820 3787 2009 3849 gentes
2029 3776 2244 3849 (Matth.
2265 3778 2481 3852 xxvtn).
2514 3799 2533 3832 ι
2565 3779 2682 3837 Non
2705 3781 2837 3837 dicit
2863 3782 2918 3838 in
2947 3783 3273 3850 nominibus,
3314 3786 3409 3843 sed

1820 3867 1875 3943 in
1904 3867 2121 3922 nomine
2151 3884 2259 3922 uno
2291 3869 2433 3938 quod
2464 3879 2548 3923 est
2576 3869 2755 3926 Deus:
2784 3872 2876 3942 qui
2918 3872 3046 3928 licet
3085 3872 3298 3928 trinitas
3336 3874 3410 3930 sit

1819 3958 1874 4013 in
1903 3959 2169 4028 personis,
2203 3959 2383 4013 unitas
2422 3966 2598 4017 tamen
2638 3969 2720 4016 est
2763 3961 2816 4016 in
2853 3961 3081 4025 Deitate.
3122 3961 3282 4028 Ecce,
3327 3962 3410 4017 in-

1818 4051 1954 4120 quit,
2000 4049 2169 4105 Filius
2205 4051 2301 4105 Dei
2337 4066 2499 4106 verus
2534 4052 2683 4108 venit
2711 4052 2778 4108 de
2814 4052 3129 4135 longinquo,
3178 4054 3280 4109 hoc
3326 4061 3411 4111 est

1817 4142 1978 4215 longo
2005 4151 2128 4214 post
2156 4152 2399 4213 tempore
2423 4145 2605 4213 veniet
2634 4147 2702 4201 ad
2732 4146 3096 4217 damnandum
3125 4146 3406 4219 reprobus,

1816 4247 1871 4307 et
1908 4238 2365 4293 remunerandum
2401 4238 2623 4295 electos.
2654 4236 2807 4296 Unde
2841 4248 2895 4295 et
2931 4240 3219 4305 subditur:
3262 4258 3282 4292 ι
3308 4240 3411 4296 Ar-

1817 4330 1950 4385 dens
1977 4328 2131 4385 furor
2167 4328 2284 4400 ejus
2320 4339 2375 4385 et
2406 4331 2589 4403 gravis
2620 4332 2691 4407 ad
2721 4332 3046 4409 portandum
3076 4352 3096 4389 υ
3141 4333 3406 4405 reprobis,

1815 4419 2070 4491 Nunquid
2098 4422 2239 4477 Deus
2276 4422 2440 4478 irasci
2464 4421 2679 4493 potest?
2715 4422 2856 4497 Ergo
2892 4438 2960 4497 ne
2985 4422 3264 4503 mutabilis
3290 4423 3410 4481 est?

1813 4510 1972 4566 Absit
1995 4511 2099 4567 hoc
2127 4526 2158 4566 a
2184 4511 2439 4568 cordibus
2462 4511 2779 4587 electorum,
2814 4510 2965 4569 Tunc
2991 4513 3141 4575 enim
3160 4512 3408 4584 omnipo-

1740 4594 1797 4661 Β
1824 4612 1942 4660 tens
1969 4602 2153 4660 furere
2178 4604 2397 4673 dicitur,
2427 4618 2577 4659 more
2605 4612 2791 4661 nostro
2819 4603 3074 4679 loquente
3097 4602 3404 4683 Scriptura,

1822 4697 2039 4767 quando
2086 4694 2344 4752 ultionem
2394 4703 2450 4750 et
2493 4695 2785 4751 vindictam
2830 4695 3025 4766 accipit
3063 4694 3128 4750 de
3155 4694 3407 4751 'inimicis

1821 4784 1955 4841 suis.
1990 4783 2123 4840 Nam
2155 4786 2209 4839 in
2241 4785 2327 4839 die
2349 4782 2540 4852 judicii
2569 4783 2750 4857 gravis
2778 4792 2833 4838 et
2860 4784 3220 4854 importabilis
3248 4800 3383 4857 appa

1820 4876 1962 4931 rebit
1986 4875 2251 4949 reprobis,
2273 4874 2437 4944 justis
2467 4882 2647 4929 autem
2677 4873 2907 4930 blandus
2931 4884 2987 4930 et
3007 4876 3151 4946 pius.
3191 4894 3209 4925 ι
3236 4874 3404 4930 Labia

1820 4966 1958 5045 ejus,
1989 4989 2007 5022 ι
2029 4954 2134 5024 hoc
2157 4975 2263 5033 est,
2282 4967 2402 5022 Filii
2426 4967 2521 5023 Dei
2541 4984 2559 5017 ι
2583 4965 2786 5037 repleta
2807 4974 2967 5023 erunt
2993 4967 3359 5038 indignatione
3379 4985 3397 5017 ν

1820 5077 1943 5129 cum
1972 5062 2116 5117 dicet
2145 5061 2424 5132 reprobis:
2461 5080 2479 5113 ι
2518 5060 2754 5143 Esurivi,
2780 5071 2833 5116 et
2874 5074 2985 5117 non
3010 5056 3233 5121 dedistis
3270 5057 3401 5137 mihi

1817 5152 2142 5209 manducare
2165 5151 2379 5227 (Matth.
2409 5154 2560 5227 xxv).
2597 5172 2614 5206 ι
2655 5173 2673 5206 ‹
2699 5152 2905 5223 Lingua
2936 5150 3054 5224 ejus
3079 5150 3237 5222 quasi
3262 5150 3403 5223 ignis

1817 5244 2107 5313 devorans,
2137 5263 2156 5297 ι
2185 5243 2289 5301 erit
2316 5260 2438 5301 cum
2469 5245 2610 5302 dicet
2635 5263 2648 5297 :
2677 5242 2773 5317 Ite,
2801 5241 3093 5308 maledicti,
3135 5240 3191 5296 in
3221 5241 3400 5313 ignem

1817 5345 2100 5390 aeternum.
2143 5333 2422 5392 Sententia
2461 5337 2605 5392 enim
2644 5333 2731 5397 illa
2768 5331 2978 5406 gladius
3025 5341 3216 5389 acutus
3261 5334 3398 5403 erit,

1818 5422 1942 5501 quia
1970 5428 2261 5484 interﬁciat
2285 5444 2475 5486 omnes
2506 5428 2723 5498 iniquos
2748 5440 2869 5482 cum
2898 5433 3120 5481 auctore
3153 5440 3250 5481 suo
3280 5415 3406 5481 dia;

1811 5512 1955 5588 bolo,
1971 5521 2112 5576 sicut
2136 5521 2422 5594 Apostolus
2442 5520 2572 5576 dicit
2594 5534 2609 5573 :
2640 5537 2659 5571 ι
2681 5517 2750 5576 Et
2767 5516 2973 5592 gladius
2995 5516 3239 5589 spiritus,
3255 5513 3400 5589 quod

1812 5621 1898 5666 est
1928 5612 2148 5668 verbum
2195 5612 2289 5669 Dei
2324 5611 2541 5684 (Ep/tes.
2570 5608 2667 5683 v1).
2701 5628 2720 5663 ι

1893 5732 1911 5764 ι
1942 5712 2178 5784 Spiritus
2199 5713 2315 5784 ejus
2337 5711 2486 5767 velut
2510 5719 2724 5767 torrens
2745 5708 3033 5767 inundans.
3066 5727 3087 5763 ι
3115 5705 3269 5763 Sicut
3290 5707 3395 5764 im-

1813 5814 1972 5879 petus
2009 5820 2269 5877 aquarum
2317 5803 2694 5860 inundantium
2730 5818 2850 5860 cum
2893 5800 3200 5875 pervenerit
3258 5818 3277 5854 ‹
3304 5815 3396 5857 us-
