3918 6456
147 459 254 513 873

1273 459 1621 518 COMMENT.
1660 460 1725 517 ιΝ
1764 460 2017 517 18ΑΙΑΜ.
2049 460 2265 517 -—LlB.
2307 460 2364 515 ll.

3303 460 3407 518 874

145 584 253 639 est,
293 589 481 629 omnes
528 550 871 646 peccatores,
923 594 941 626 ι
985 574 1171 630 Flatus
1202 574 1436 640 Domini,
1487 594 1507 628 ι
1544 575 1599 630 id
1644 581 1728 629 est
1752 581 1804 641 Α
1829 575 2109 641 auxilium,
2132 574 2400 644 simulque
2419 587 2607 629 omnes
2632 581 3034 638 consumentur,
3059 592 3076 625 ο
3096 582 3152 629 et
3172 572 3407 645 Aigyptii

144 662 372 731 spiritus
422 662 635 719 Domini
686 682 705 715 ι
738 665 878 719 sicut
926 670 1139 720 torrens
1187 664 1460 735 sulphuris
1504 678 1729 719 succen-

144 753 282 810 dens
311 770 455 823 eam,
484 775 503 808 ι
544 756 800 813 subaudis
832 757 1153 828 gehennam.
1179 754 1417 826 Sulphur
1449 765 1606 811 teme
1632 772 1730 827 pu-

145 852 325 900 torem
376 860 656 913 emanans,
707 855 763 902 et
803 846 1051 903 ardorem
1080 861 1367 920 generans.
1395 845 1521 903 Haec
1550 845 1730 902 omnia

141 946 310 996 erunt
331 938 509 1012 impiis
528 941 582 995 in
604 940 833 997 inferno.
860 940 978 997 Erit
998 941 1073 997 ibi
1096 942 1236 1013 ignis
1259 940 1728 1012 inexstinguibilis,

141 1039 199 1087 et
236 1031 374 1088 fetor
400 1041 455 1088 et
497 1042 659 1105 putor
706 1034 1081 1102 intolerabilis,
1117 1043 1173 1092 et
1220 1035 1605 1092 cruciabuntur
1647 1033 1731 1088 in-

140 1124 620 1196 comprehensibili
655 1124 917 1181 cruciatu.

456 1214 463 1219 ’
720 1214 947 1272 CAPUT
986 1213 1178 1271 XXXI.

222 1328 243 1360 ι
274 1307 366 1365 Vae
392 1310 484 1380 qui
511 1307 844 1367 descendunt
885 1306 941 1361 in
988 1305 1283 1377 Egyptum
1334 1306 1402 1361 ad
1447 1304 1726 1372 auxilium,

142 1399 199 1455 in
226 1401 381 1471 equis
409 1400 802 1473 Egyptiorum.
827 1419 847 1452 ι
882 1397 1155 1454 Hactenus
1203 1397 1271 1453 de
1319 1396 1489 1469 gloria
1532 1396 1730 1453 electo-

146 1506 290 1557 rum,
336 1498 391 1546 et
432 1505 595 1561 ptena
627 1489 979 1561 reproborum
1027 1487 1235 1542 locutus
1261 1495 1385 1541 est:
1434 1501 1578 1540 nunc
1603 1500 1731 1540 vero

146 1582 437 1637 revertitur
465 1581 661 1636 iterum
690 1579 763 1634 ad
810 1577 1069 1648 reliquias
1100 1590 1220 1646 qua:
1253 1582 1633 1631 remanserunt
1676 1575 1730 1629 in

147 1681 292 1728 terra
325 1672 485 1739 Juda,
538 1672 697 1728 ducto
744 1668 970 1725 Sedecia
1000 1676 1055 1723 et
1102 1666 1353 1723 omnibus
1400 1666 1732 1737 principibus

143 1763 200 1818 in
226 1764 572 1837 Babylonem,
602 1762 670 1818 de
698 1761 892 1831 quibus
917 1760 1031 1831 jam
1078 1758 1325 1830 superius
1357 1758 1527 1813 multa
1573 1756 1728 1812 dixit.

146 1854 255 1909 Sed
285 1857 387 1910 hoc
423 1855 588 1909 distat
639 1853 778 1907 inter
820 1851 953 1906 illud
1004 1850 1147 1921 quod
1194 1850 1441 1920 superius
1471 1849 1627 1913 dixit,
1676 1858 1731 1903 ct

1834 676 1889 722 et
1909 664 2080 722 ιιιόωί
2101 668 2193 737 qui
2216 669 2271 722 in
2300 667 2381 723 eis
2407 666 2678 723 habebant
2707 667 2979 722 fiduciam.

1908 776 1926 810 ι
1955 756 2092 824 Quia
2131 758 2248 813 lucc
2291 758 2423 813 dicit
2466 758 2726 815 Dominus
2772 759 2838 813 ad
2868 773 2972 814 me.
3009 777 3028 811 ι
3071 757 3308 816 Locutus
3327 768 3413 815 est

1832 845 2079 916 superius
2116 846 2183 901 de
2206 846 2453 916 reliquiis
2490 863 2611 917 qua:
2640 848 2821 903 ierunt
2847 848 2903 903 in
2937 846 3250 920 Egyptum,
3278 864 3408 905 con-

1832 934 2060 991 fidentes
2085 934 2139 990 in
2165 935 2480 991 fortitudine
2502 936 2831 993 Pharaonis:
2860 954 3003 992 nunc
3023 953 3151 993 vero
3176 938 3412 1009 loquitur

1832 1028 1898 1085 de
1929 1029 2035 1086 illis
2073 1030 2164 1100 qui
2210 1030 2358 1086 ducti
2401 1041 2527 1087 sunt
2554 1034 2608 1087 in
2649 1032 2974 1103 Babylonem
3006 1049 3127 1088 cum
3184 1033 3409 1089 Sedccia

1832 1132 1960 1188 rege
1993 1119 2129 1174 Juda
2173 1128 2229 1174 et
2273 1120 2606 1192 principibus
2635 1122 2781 1192 ejus;
2810 1123 2902 1179 sed
2927 1132 3049 1194 post
3076 1126 3408 1194 septuaginta

1831 1228 2023 1280 annos,
2045 1213 2271 1270 Domino
2290 1214 2607 1283 miserante,
2632 1218 2833 1273 reversi
2857 1227 2981 1272 sunt
3002 1217 3055 1271 in
3075 1218 3410 1272 Hierusalem

1831 1306 1931 1361 sub
1957 1304 2084 1362 Jesu
2114 1306 2395 1363 sacerdote
2417 1322 2635 1379 magno,
2685 1319 2740 1364 et
2767 1308 3086 1376 Zorobabel,
3115 1320 3170 1364 et
3213 1308 3408 1375 Esdra,

1832 1393 2061 1466 aliisque
2082 1395 2435 1467 principibus.
2467 1397 2534 1452 Et
2558 1399 2823 1469 promittit
2842 1400 2922 1456 eis
2941 1400 3099 1465 bona,
3124 1402 3256 1456 dans
3280 1402 3413 1454 duas

1831 1486 2213 1543 similitudines
2246 1490 2517 1559 quomodo
2550 1507 2581 1545 a
2609 1489 2839 1546 Domino
2868 1490 2978 1545 illic
3001 1493 3233 1562 protecti
3266 1502 3411 1557 sunt,

1829 1585 1887 1632 et
1912 1576 2045 1632 dicit
2087 1595 2101 1630 :
2139 1596 2157 1628 ί
2197 1576 2475 1644 Quomodo
2499 1580 2546 1633 si
2574 1580 2752 1652 rugiat
2781 1580 2867 1636 leo
2897 1590 2953 1635 et
2982 1580 3192 1635 catulus
3242 1581 3413 1636 leonis

1832 1683 1994 1739 super
2015 1668 2251 1740 praedam
2275 1685 2426 1725 suam
2447 1685 2462 1724 :
2499 1690 2518 1723 ι
2544 1680 2600 1726 et
2622 1682 2838 1728 caetera.
2864 1672 3016 1730 Sicut
3035 1672 3121 1728 leo
3145 1674 3412 1739 esuriens,

1832 1762 1878 1817 si
1913 1769 2101 1817 cernat
2127 1776 2347 1833 gregem
2378 1762 2561 1818 ovium
2590 1764 2763 1818 currit
2793 1772 2849 1819 et
2876 1764 3231 1836 apprehendit
3275 1766 3415 1820 arie-

1833 1862 1975 1919 tem;
2029 1870 2155 1910 cum
2192 1854 2494 1910 occurrerit
2532 1854 2583 1909 ei
2628 1854 2919 1911 multitudo
2954 1865 3257 1927 pastorum,
3306 1872 3413 1911 non

145 1943 289 1998 istud
314 1945 457 2014 quod
483 1943 641 1998 modo
676 1941 929 2011 loquitur.
966 1939 1101 2007 Quia
1150 1939 1259 1995 illic
1295 1939 1618 2011 praemonuit
1662 1939 1729 1994 il-
1758 1958 1807 2020 Β
1834 1953 2073 2000 terretur
2111 1962 2142 2000 a
2190 1961 2324 2000 voce
2369 1945 2606 2002 illorum.
2647 1946 2922 2003 conlidens
2972 1947 3173 2003 virtute
3215 1948 3410 2002 virium

144 2033 245 2100 los,
276 2049 346 2090 ne
373 2036 514 2090 irent
536 2034 590 2090 in
622 2032 947 2104 Egyptuma
966 2031 1060 2087 sed
1082 2040 1363 2087 manerent
1385 2031 1441 2085 in
1466 2039 1610 2086 terra
1640 2029 1731 2085 Ju-

141 2129 227 2194 da,
259 2138 319 2184 et
362 2128 500 2185 bene
527 2126 607 2184 eis
655 2135 835 2182 esset:
880 2126 969 2181 hic
1005 2140 1137 2180 vero
1162 2125 1254 2197 qui
1307 2133 1496 2180 contra
1546 2123 1734 2178 volun-

144 2228 314 2276 tatem
344 2227 734 2291 prmceptorum
766 2217 976 2273 Domini
1024 2218 1226 2283 ierunt,
1266 2218 1529 2273 habentes
1559 2215 1731 2285 magis

143 2310 398 2365 fiduciam
436 2311 492 2365 in
538 2309 772 2383 [Egypto
802 2327 965 2381 quam
1010 2311 1066 2364 in
1099 2310 1349 2375 Domino,
1382 2309 1621 2364 minatur
1650 2308 1731 2363 eis

142 2404 283 2459 mala
323 2413 377 2460 et
404 2404 571 2460 dicit:
608 2423 625 2455 ι
664 2405 753 2459 Va:
792 2405 884 2474 qui
932 2404 1265 2459 descendunt
1311 2403 1367 2456 in
1414 2401 1725 2473 Egyptum,

141 2511 426 2573 Sperantes
454 2503 508 2557 in
536 2501 690 2572 equis
716 2500 1073 2572 Egyptorum
1097 2508 1167 2561 et,
1192 2498 1492 2570 quadrigis,
1534 2507 1589 2553 et
1618 2497 1727 2551 Do-

145 2598 351 2652 minum
372 2612 478 2652 non
502 2595 887 2667 requisierunt,
907 2614 924 2646 ι
947 2597 1161 2665 quando
1177 2594 1429 2649 dixerunt
1450 2592 1518 2648 ad
1540 2591 1729 2648 Hiere-

144 2687 310 2743 miam
331 2706 343 2742 :
365 2706 382 2740 ‹
402 2688 571 2744 Cadat
607 2688 781 2744 oratio
814 2696 999 2743 nostra
1027 2688 1083 2742 in
1104 2695 1394 2756 conspectu
1415 2694 1526 2751 tuo,
1550 2694 1604 2739 et
1631 2700 1727 2739 ora

142 2794 242 2850 pro
287 2780 443 2836 nobis
483 2780 769 2836 Dominum
811 2779 940 2851 quid
968 2792 1130 2848 agere
1160 2778 1473 2834 debeamus.
1508 2776 1724 2848 (Jerem.

143 2870 279 2943 xui)
318 2890 337 2922 ι
372 2871 755 2942 chuisiernnt
781 2871 999 2941 quidem
1037 2870 1241 2937 verbis,
1281 2869 1375 2925 sed
1408 2884 1517 2923 non
1541 2868 1722 2923 corde.

143 2963 278 3019 Cum
327 2964 473 3018 enim
502 2962 711 3018 decimo
745 2963 852 3029 die,
888 2962 1027 3017 sicut
1047 2960 1161 3031 jam
1192 2961 1440 3032 superius
1466 2960 1723 3026 diximus,

144 3071 323 3112 sermo
352 3054 564 3110 Domini
610 3054 787 3111 factus
822 3065 965 3111 esset
1012 3055 1081 3109 ad
1129 3052 1498 3109 Hieremiam:
1550 3050 1722 3119 Vade,

144 3147 411 3218 inquiens,
454 3155 510 3203 et
552 3145 640 3202 dic
684 3147 811 3202 filiis
838 3145 1223 3217 reliquiarum:
1253 3152 1468 3200 manete
1516 3144 1574 3199 in
1602 3144 1724 3201 loco

144 3241 247 3296 isto
289 3248 344 3296 et
385 3255 483 3310 ego
531 3247 811 3311 protegam
834 3254 968 3294 vos:
1017 3237 1410 3307 responderunt
1439 3234 1556 3289 illi:
1606 3234 1722 3289 Non

1834 2055 2086 2106 suarum;
2115 2050 2171 2096 et
2208 2040 2347 2095 sicut
2373 2055 2519 2107 aves,
2543 2048 2604 2095 ut
2634 2039 2929 2097 defendant
2954 2039 3118 2096 fcetus
3138 2056 3282 2107 suos,
3316 2056 3413 2096 vo-

1834 2130 1996 2186 litant
2020 2147 2182 2202 super
2207 2131 2392 2198 nidos;
2428 2140 2485 2186 et
2512 2131 2626 2187 sive
2658 2132 2931 2187 hominem
2977 2146 3074 2187 seu
3110 2143 3415 2203 serpentem

1832 2222 2065 2278 viderint
2110 2238 2344 2293 avesque
2380 2224 2514 2278 alias
2541 2224 2798 2280 accedere
2824 2225 2892 2279 ad
2934 2223 3107 2295 pullos
3144 2240 3288 2290 suos,
3313 2242 3415 2295 pu-
3518 2236 3535 2244 ‘

1831 2322 1999 2385 gnant
2023 2321 2198 2371 rostro
2237 2323 2293 2371 et
2325 2314 2611 2387 unguibus,
2651 2315 2830 2370 oblita:
2870 2315 3254 2371 imbecillitatis
3278 2333 3411 2381 suae,

1832 2416 1888 2464 et
1913 2408 1959 2462 si
2010 2407 2154 2463 aliud
2200 2423 2307 2463 non
2342 2416 2568 2480 possunt
2603 2407 2845 2464 dolorem
2876 2409 3111 2478 pectoris
3138 2412 3414 2481 congemi-

1832 2510 1967 2556 nant
1995 2501 2211 2572 garrula
2257 2516 2428 2568 voce;
2465 2520 2484 2553 ι
2532 2502 2612 2557 sic
2656 2502 2943 2558 descendet
2969 2502 3228 2557 Dominus
3254 2518 3410 2558 exer~

1831 2594 2061 2660 cituum,
2119 2603 2179 2650 ut
2228 2595 2503 2666 praelietur
2526 2607 2689 2666 super
2724 2605 2962 2651 montem
2999 2594 3126 2650 Sion
3152 2603 3209 2650 et
3254 2610 3415 2665 super

1830 2687 2024 2743 collem
2052 2688 2189 2759 ejus,
2231 2695 2287 2742 et
2312 2695 2557 2759 proteget
2587 2687 2733 2743 illam
2758 2695 3045 2757 protegens
3077 2697 3133 2743 ct
3154 2687 3410 2752 liberans,

1832 2778 2105 2834 transiens
2151 2788 2207 2833 et
2258 2778 2491 2836 salvans.
2522 2799 2543 2831 ι
2591 2778 2897 2834 Notandum
2942 2779 3087 2850 quod
3131 2794 3239 2833 non
3282 2780 3416 2848 dicit

1830 2876 2017 2924 contra
2045 2877 2282 2924 montem
2329 2868 2483 2935 Sion,
2525 2869 2621 2924 sed
2648 2883 2811 2939 super
2834 2877 3071 2924 montem
3113 2868 3242 2923 Sion
3267 2878 3416 2925 stans

1827 2962 2088 3032 pugnabit
2134 2969 2325 3016 contra
2354 2960 2603 3016 inimicos
2628 2959 2764 3029 ejus.
2805 2960 2897 3015 Sic
2924 2960 3051 3016 fecit
3082 2962 3411 3032 temporibus

1828 3054 1935 3108 illis
1974 3070 2096 3108 cun:
2131 3053 2456 3108 Samaritani
2487 3052 2769 3109 voluerunt
2804 3053 3065 3123 impedire
3100 3064 3290 3108 utnon
3322 3070 3411 3109 re-

1827 3148 2188 3204 tedilicaretur
2214 3147 2494 3218 templum,
2519 3155 2575 3204 et
2604 3146 2936 3218 temporibus
2961 3146 3411 3212 Machabmorum,

1830 3241 2045 3310 quando
2065 3240 2252 3310 paucis
2274 3240 2522 3296 fidelibus
2543 3239 2726 3294 multa:
2748 3240 2986 3295 victoria:
3008 3256 3038 3295 a
3058 3240 3285 3297 Domino
3301 3242 3416 3299 col-

142 3334 437 3397 faciemus,
460 3334 555 3388 sed
581 3333 650 3387 ad
675 3331 969 3402 Egyptum
1013 3330 1298 3399 fugiemus.
1337 3327 1570 3395 Ideoque
1594 3326 1728 3381 dicit
1754 3316 1798 3379 C
1829 3332 1952 3387 latae
1974 3341 2118 3387 sunt.
2154 3332 2414 3387 Dominus
2444 3332 2585 3387 leoni
2612 3342 2981 3403 comparatur,
3021 3336 3149 3406 quia
3175 3337 3290 3406 ipse
3330 3351 3414 3394 est

145 3441 252 3480 non
302 3422 687 3492 requisierunt,
711 3422 804 3491 qui
832 3420 959 3476 licet
1001 3420 1343 3489 requirerent
1384 3417 1573 3484 verbo,
1612 3431 1722 3474 non

147 3513 513 3586 requisierunt
536 3513 701 3570 corde
728 3529 883 3585 puro.

220 3624 241 3657 ι
274 3605 391 3676 lpse
417 3613 600 3661 autem
626 3604 861 3675 sapiens,
900 3624 919 3656 ›
950 3604 1007 3660 id
1047 3612 1151 3669 est,
1185 3603 1330 3659 Deus
1380 3602 1726 3672 omnipotens

148 3714 305 3770 quem
332 3707 756 3769 aspernaverunt
786 3716 804 3749 ι
838 3695 1059 3754 adduxit
1083 3716 1102 3748 ι
1137 3711 1298 3767 super
1319 3710 1414 3751 eos
1455 3713 1474 3747 ι
1502 3694 1724 3760 malum,

147 3799 202 3848 et
232 3790 396 3847 verba
422 3805 518 3847 sua
554 3810 574 3844 ι
613 3805 732 3860 qua
758 3789 971 3846 locutus
997 3798 1082 3845 est
1108 3804 1205 3861 per
1244 3804 1307 3844 os
1330 3787 1482 3844 lsaiae
1505 3796 1561 3843 et
1598 3786 1726 3841 Hie-

146 3884 328 3940 remiae
357 3903 377 3936 ι
406 3899 513 3940 non
536 3882 774 3949 abstulit,
805 3901 825 3935 ι
855 3881 949 3937 sed
995 3881 1218 3937 adduxit
1241 3896 1404 3952 super
1432 3894 1526 3935 eos
1549 3876 1728 3933 Nabu-

145 3968 508 4046 chodonosor,
536 3978 677 4035 sicut
718 3977 1002 4049 sequentia
1026 3975 1315 4032 docebunt.
1349 3997 1367 4027 ι
1401 3975 1470 4030 Et
1499 3988 1728 4029 consur-

144 4079 235 4143 get
259 4091 279 4126 ι
322 4071 378 4126 in
423 4071 504 4126 ira
551 4069 752 4125 furoris
795 4069 879 4126 sui
912 4088 931 4122 ι
966 4076 1153 4125 contra
1202 4067 1417 4123 domum
1469 4065 1728 4135 pessimo-

146 4179 287 4219 rum.
320 4182 340 4216 ι
380 4161 494 4219 Hoc
520 4171 627 4229 est,
671 4170 862 4218 contra
914 4160 1035 4216 illos
1078 4160 1171 4230 qui
1199 4159 1252 4214 in
1300 4156 1595 4231 {Egyptum
1645 4154 1731 4210 fu-

147 4263 365 4327 gerunt,
397 4272 417 4306 ‹
453 4262 508 4310 et
553 4262 743 4311 contra
793 4251 1054 4307 auxilium
1089 4250 1429 4322 operantium
1475 4247 1731 4318 iniquita-

149 4356 254 4404 tem
278 4387 294 4413 ,
328 4366 347 4399 ι
382 4347 488 4404 hoc
530 4354 635 4413 est,
662 4353 849 4402 contra
878 4344 1175 4416 Egyptios,
1220 4344 1315 4414 qui
1338 4343 1419 4399 eis
1469 4341 1729 4397 auxilium

146 4441 324 4498 conati
353 4448 478 4497 sunt
499 4447 774 4511 prastare.

219 4553 242 4588 ι
269 4534 554 4606 Egyptius
586 4554 605 4586 ι
649 4548 765 4599 rex,
819 4532 1024 4588 scilicet
1062 4530 1276 4587 Pharao
1303 4528 1486 4595 Vafre.
1519 4528 1604 4585 vel
1631 4544 1730 4599 po-

147 4627 304 4699 pulus
325 4627 490 4690 illius,
513 4644 533 4677 ι
555 4626 718 4681 homo
745 4632 830 4680 est
856 4634 912 4679 et
939 4638 1047 4679 non
1068 4624 1232 4690 Deus,
1248 4631 1305 4677 et
1316 4622 1440 4692 equi
1469 4636 1681 4687 eorum,
1704 4638 1725 4671 ι

146 4722 201 4777 in
237 4720 435 4791 quibus
481 4717 556 4773 illi
583 4717 944 4782 confidebant,
989 4734 1009 4768 ‹
1052 4730 1180 4771 caro
1227 4722 1284 4770 et
1318 4729 1426 4769 non
1480 4713 1724 4784 spiritus.

144 4809 211 4868 Et
239 4811 500 4868 Dominus
551 4808 830 4865 inclinavit
874 4823 1093 4863 manum
1146 4822 1321 4863 suam.
1362 4825 1382 4858 ι
1419 4803 1729 4860 Secundum

145 4905 520 4975 metaphoram
548 4901 752 4972 aurigae
776 4901 1031 4973 loquitur.
1065 4900 1221 4957 Sicut
1250 4900 1437 4971 auriga
1471 4898 1567 4970 qui
1593 4898 1733 4970 regit

146 5008 367 5050 currum
390 4993 474 5050 vel
496 4993 814 5064 quadrigam
840 5033 856 5060 ,
891 4991 1106 5064 quando
1126 4992 1242 5047 vult
1267 5000 1329 5047 ut
1350 4991 1475 5061 equi
1504 4990 1734 5047 celerius

146 5094 370 5142 currant
393 5084 621 5142 remittit
647 5084 915 5151 habenas;
941 5084 1021 5140 sic
1043 5084 1186 5140 Deus
1211 5084 1555 5154 omnipotens
1595 5082 1732 5137 iram

147 5183 204 5231 et
227 5175 520 5232 vindictam
546 5190 700 5230 suam
733 5176 844 5231 cito
890 5174 1115 5230 adduxit
1163 5189 1326 5245 super
1362 5173 1646 5246 Egyptios
1671 5181 1727 5228 et

148 5265 270 5325 illos
291 5268 386 5337 qui
413 5267 481 5322 ad
504 5281 598 5322 eos
624 5264 995 5338 confugerant.
1035 5265 1175 5321 Nam
1205 5267 1438 5322 diximus
1476 5266 1726 5337 superius

150 5357 415 5428 quomodo
444 5355 745 5413 Hieremias
772 5358 1025 5428 praedixit
1065 5358 1147 5414 eis
1189 5358 1334 5429 quod
1369 5357 1728 5413 Nabuchodo-

150 5463 312 5506 nosor
333 5465 494 5520 super
516 5447 822 5521 Egyptios,
845 5458 902 5505 et
923 5466 1087 5523 super
1126 5450 1247 5507 illos
1267 5451 1359 5521 qui
1381 5450 1638 5521 fugerant
1656 5450 1726 5506 ad

150 5540 410 5597 auxilium
453 5555 640 5597 eorum
670 5539 915 5607 venerit;
970 5550 1027 5597 et
1074 5542 1343 5611 quomodo
1389 5556 1581 5598 omnes
1631 5548 1726 5596 aut

152 5629 347 5702 gladio,
396 5641 488 5688 aut
532 5629 695 5698 fame,
745 5642 837 5687 aut
884 5632 1196 5703 captivitate
1245 5632 1385 5689 male
1409 5634 1725 5705 perdiderit.

157 5741 177 5776 ι
202 5725 272 5781 Et
292 5734 507 5782 corruet
537 5745 557 5779 ι
592 5722 784 5797 inquit,
834 5744 855 5777 ι
886 5725 1172 5782 auxiliator
1204 5745 1224 5780 ι
1250 5725 1534 5800 Δίκγριίιιε
1557 5742 1591 5782 a
1618 5726 1727 5781 for-

154 5815 378 5873 titudine
411 5817 920 5883 Nabuchodonosor,
953 5838 972 5869 ‹
1004 5828 1061 5874 et
1100 5818 1258 5875 cadet
1285 5839 1302 5871 ι
1336 5818 1566 5890 populus
1594 5818 1722 5875 reli-

154 5911 398 5980 quiarum
447 5912 538 5980 qui
578 5912 642 5966 ad
683 5925 803 5966 cum
843 5909 1110 5983 confugit,
1165 5930 1183 5964 ι
1236 5915 1318 5967 cui
1366 5911 1723 5983 git-testabatur

589 6006 857 6065 l'.t't'ttnt..
906 6005 1124 6066 (ΖΧΥΙ.

1824 3424 1910 3480 leo
1951 3423 2282 3479 fortissimus
2307 3423 2398 3492 qui
2429 3424 2587 3477 tertia
2612 3423 2700 3487 die
2743 3424 3000 3491 surrexit,
3046 3426 3115 3481 de
3145 3443 3252 3497 quo
3283 3429 3415 3485 dicit

1718 3576 1729 3583 ,
1824 3514 2411 3587 JoannesEvangelista
2433 3515 2487 3570 in
2499 3515 2817 3588 Apocalypsi
2834 3533 2931 3573 sua
2947 3516 3099 3590 (Cap.
3121 3520 3207 3592 v):
3231 3539 3249 3573 ί
3272 3522 3412 3577 Ecce

1824 3609 1956 3664 vicit
1975 3608 2061 3664 leo
2081 3609 2147 3665 de
2182 3608 2324 3663 tribu
2344 3605 2502 3663 Juda.
2531 3628 2549 3661 ι
2572 3608 2680 3664 Aut
2705 3610 2870 3663 etiam
2891 3611 3243 3678 assimilatur,
3268 3614 3410 3670 sicut
3442 3632 3447 3636 ·

1827 3701 1944 3771 ipse
1963 3700 2100 3756 dixit
2118 3700 2174 3754 in
2193 3699 2483 3770 Evangelia
2503 3718 2516 3752 :
2536 3698 2897 3768 Hierusalem,
2910 3700 3270 3770 Hierusalem,
3287 3721 3407 3775 qua:

1828 3789 2031 3846 occidis
2059 3790 2349 3861 prophetas
2368 3790 2461 3860 qui
2490 3789 2557 3845 ad
2584 3799 2636 3846 te
2663 3791 2814 3847 missi
2842 3800 3004 3848 sunt:
3033 3811 3052 3845 ι
3075 3794 3293 3860 Quoties
3316 3810 3409 3850 vo—

1828 3882 1903 3937 lui
1915 3898 2244 3954 congregare
2264 3882 2403 3939 filios
2416 3892 2535 3938 tuos
2554 3884 3005 3953 quemadmodum
3020 3885 3216 3957 gallina
3233 3887 3408 3957 pullos

1829 3992 1976 4040 suos,
1999 3975 2093 4031 sed
2112 3975 2330 4031 noluisti
2353 3974 2568 4046 (Matth.
2591 3975 2803 4046 χιιιι).›
2824 3975 2892 4031 Et
2915 3977 2969 4031 in
2991 3976 3409 4035 Deuteronomio

1831 4069 1985 4141 (Cap.
2009 4067 2185 4139 xxxn)
2208 4087 2220 4123 :
2250 4088 2268 4120 ‹
2291 4067 2443 4124 Sicut
2457 4068 2637 4139 aquila
2659 4083 2961 4140 provocans
2980 4070 3157 4142 pullos
3176 4087 3326 4138 suos,
3352 4082 3408 4128 et

1829 4161 2073 4218 extendit
2090 4160 2205 4217 alas
2227 4176 2375 4229 suas,
2397 4168 2453 4217 et
2471 4161 2709 4233 portavit
2723 4176 2868 4230 eos,»
2893 4171 3197 4235 caeteraque
3216 4164 3405 4236 hujus-

1831 4255 1976 4310 modi
2011 4253 2347 4324 quamplura.

1909 4366 1926 4397 ‹
1960 4344 2370 4412 Convertimini,
2402 4363 2422 4397 ›
2475 4344 2573 4399 ﬁlii
2607 4343 2793 4411 Israel,
2831 4362 2850 4396 ι
2895 4344 3037 4400 sicut
3083 4345 3140 4399 in
3189 4346 3410 4416 profun-

1832 4439 1959 4495 dum
1985 4456 2005 4490 ι
2055 4436 2340 4501 malorum,
2395 4454 2415 4487 ι
2447 4437 2813 4492 recesseratis.
2844 4456 2863 4488 ι
2914 4436 3150 4494 Locutus
3190 4448 3273 4493 est
3302 4427 3412 4509 'pa-

1834 4543 2057 4599 rumper
2085 4527 2333 4598 superius
2365 4526 2434 4581 de
2458 4525 2563 4582 illis
2590 4526 2684 4597 qui
2710 4528 2911 4582 reversi
2937 4537 3062 4583 sunt
3088 4528 3156 4583 de
3183 4530 3412 4599 captivi-

1837 4632 1948 4679 tate
1972 4621 2072 4678 sub
2103 4621 2231 4677 Jesu
2260 4619 2541 4675 sacerdote
2559 4635 2773 4691 magno.
2798 4620 2996 4676 lterum
3025 4622 3314 4676 revertitur
3343 4623 3411 4676 ad

1835 4724 2077 4786 tempora
2107 4712 2372 4769 Ezechiae.
2398 4711 2686 4783 Prophetia
2725 4713 2869 4767 enim
2918 4729 3025 4769 non
3053 4721 3233 4768 servat
3269 4714 3415 4769 ordi-

1832 4823 1958 4863 nem
2007 4804 2286 4875 temporis,
2336 4818 2512 4873 neque
2558 4803 2816 4858 historiae.
2866 4802 3171 4873 Antequam
3207 4803 3414 4859 Senna-

1831 4900 2021 4956 cherib
2064 4914 2186 4954 cum
2232 4896 2472 4966 Assyriis
2513 4904 2788 4951 revertens
2833 4895 2899 4952 de
2945 4896 3177 4969 Egypto
3203 4897 3413 4951 veniret

1834 4989 2196 5056 Hierusalem,
2245 4986 2567 5059 praemonuit
2610 4987 2871 5058 propheta
2921 4986 3122 5042 tribum
3171 4985 3305 5042 Juda
3357 4997 3414 5043 et

1835 5081 2132 5153 Beniamin,
2190 5088 2250 5134 ut
2298 5086 2747 5135 converterentur
2790 5079 2859 5132 ad
2912 5076 3081 5130 Deum
3118 5091 3297 5143 suum,
3351 5088 3412 5134 ut

1831 5174 1974 5230 sicut
2006 5174 2061 5228 in
2098 5169 2425 5241 profundum
2470 5168 2732 5226 malorum
2770 5177 3128 5235 recesserant,
3156 5169 3235 5226 sic
3275 5185 3408 5226 con-

1831 5272 2175 5321 verterentur
2207 5264 2276 5318 ad
2324 5262 2612 5319 Dominum
2662 5262 2717 5316 in
2766 5258 3090 5331 profundum
3139 5260 3407 5319 bonorum

1834 5368 1946 5416 toto
1971 5357 2168 5415 mentis
2187 5355 2399 5423 affectu,
2434 5371 2501 5414 ne
2522 5355 2864 5411 traderentur
2888 5354 2945 5410 in
2970 5355 3220 5411 manibus
3244 5355 3412 5428 Assy—

1831 5451 2055 5509 riorum.

1908 5560 1927 5597 ι
1957 5541 2018 5599 ιιι
2045 5541 2132 5599 die
2156 5543 2302 5598 enim
2331 5541 2422 5597 illa
2447 5539 2662 5612 abijciet
2697 5538 2783 5594 vir
2810 5537 2953 5595 idola
2981 5537 3191 5611 argenti
3218 5538 3323 5603 sui,
3355 5545 3413 5594 et

1830 5636 1973 5694 idola
2001 5636 2117 5692 auri
2164 5635 2270 5702 sui,
2300 5651 2421 5706 quae
2462 5634 2709 5690 fecerunt
2728 5631 2880 5689 vobis
2910 5647 3104 5688 manus
3130 5639 3324 5685 vestrae
3351 5628 3409 5684 in

1827 5733 2127 5798 peccatum.
2156 5745 2177 5778 ι
2210 5724 2337 5781 Hac
2362 5725 2522 5781 verba
2566 5723 2800 5796 Spiritus
2827 5723 3000 5779 sancti
3021 5735 3126 5776 non
3140 5719 3298 5789 juxta
3320 5718 3408 5773 hi-

1825 5821 2083 5886 storiam,
2115 5818 2210 5875 sed
2236 5817 2613 5889 spiritualiter,
2642 5827 2767 5873 sunt
2796 5813 3156 5887 intelligenda.
3198 5812 3255 5868 Si
3278 5827 3409 5869 con-

1826 5912 1968 5968 versi
1997 5908 2231 5977 fueritis,
2258 5924 2290 5965 0
2319 5906 2413 5963 ﬁlii
2441 5905 2576 5964 Juda
2597 5916 2651 5963 ct
2688 5906 2988 5979 Beniamin,
3027 5904 3092 5959 ad
3122 5901 3408 5961 Dominum

2853 6001 2931 6062 23
