3918 6480
517 426 623 483 875
980 419 1333 481 H'AYMONIS
1371 410 1847 478 HALBERSTAT.
1890 418 2103 474 EPISC.

2206 414 2301 472 PP.
2345 414 2525 472 PARS
2566 416 2606 471 l.
2634 446 2704 479 :—-
2741 414 3093 472 ΟΟΜΜΕΝἸ.
3136 412 3308 471 BIBL.
3698 412 3786 469 876

519 544 689 600 Deum
740 550 1001 606 vestrum,
1054 550 1108 596 et
1153 539 1455 610 abjeceritis
1500 537 1638 592 idola
1697 543 1876 590 vestra
1928 549 2090 589 aurea
2121 541 2167 598 Α
2196 532 2528 602 temporibus
2556 531 2819 586 Ezechim.
2850 530 2985 585 Nam
3018 546 3141 586 cum
3166 537 3309 585 esset
3330 530 3560 599 justus,
3590 538 3651 582 et
3672 529 3783 583 libe-

521 640 576 687 et
624 638 895 702 argentea,
948 644 1068 700 qua:
1114 628 1315 683 fecistis
1360 627 1511 681 vobis
1558 624 1625 679 ad
1667 631 1948 695 peccatum
2001 638 2094 676 ve—
2196 629 2514 676 rassetcum
2547 621 2805 675 Dominus
2848 621 2913 675 de
2960 619 3208 676 manibus
3246 619 3637 691 Assyriorum,
3677 636 3781 675 con-

522 729 712 777 strum.

597 830 613 861 ‹
649 808 819 865 Cadet
863 808 1032 863 Assur
1079 808 1132 860 in
1183 804 1361 878 gladio
1391 820 1498 860 non
1535 803 1660 868 viri,
1691 821 1709 854 ι
1741 802 1845 856 hoc
1881 808 1963 855 est
1996 799 2096 853 As-

523 900 702 972 syrius
747 898 992 970 populus,
1038 915 1056 947 ι
1105 904 1159 951 et
1205 895 1411 967 gladius
1461 910 1567 949 non
1616 892 1852 948 hominis
1885 889 2097 945 vorabit

523 1007 668 1046 eum.
702 1010 721 1042 ι
754 988 979 1055 Quando
1010 984 1381 1041 Sennacherib
1407 1000 1529 1039 cum
1556 982 1754 1054 populo
1800 996 1898 1037 suo
1932 983 2097 1052 Assy-

523 1084 726 1138 riorum
747 1080 893 1135 venit
914 1087 1099 1135 contra
1123 1077 1406 1132 Ezechiam
1430 1085 1483 1130 ct
1506 1074 1754 1146 populum
1778 1073 1917 1142 ejus,
1941 1080 2099 1127 nocte

2197 711 2361 766 vertit
2386 711 2639 781 populum
2668 709 2820 766 Iuda“:
2851 726 2882 765 a
2927 710 3106 776 malis,
3152 711 3205 765 in
3237 710 3443 780 quibus
3486 720 3651 779 pater
3686 711 3777 779 ejus

2196 802 2324 857 fecit
2362 800 2631 857 declinare
2683 798 2876 855 Iudam
2920 810 2974 854 et
3028 798 3307 870 Benjamin
3354 814 3389 853 a
3438 800 3538 851 via
3594 799 3775 855 Domini

2198 892 2284 965 (Il
2312 892 2699 967 Paral.xxtx).
2750 893 2820 948 Et
2866 909 2971 949 non
3025 892 3195 948 solum
3248 892 3373 946 illos
3431 894 3704 947 convertit
3725 896 3770 947 ad

2198 988 2359 1042 ritum
2414 987 2530 1052 Dei,
2577 987 2669 1058 qui
2718 987 2818 1041 sub
2862 984 2977 1054 ejus
3027 987 3286 1058 regimine
3312 985 3627 1055 degebant,
3655 985 3769 1038 vide.-

2199 1077 2326 1133 licet
2370 1077 2562 1133 Judam
2588 1085 2644 1131 et
2688 1076 3005 1148 Benjamin:
3037 1092 3221 1131 verum
3252 1077 3430 1131 etiam
3473 1091 3580 1146 per
3624 1076 3767 1131 Eccle

522 1187 809 1245 percussus
835 1177 940 1235 est,
978 1169 1193 1240 quando
1219 1166 1501 1222 interfecta
1536 1175 1661 1220 sunt
1690 1174 1906 1219 centum
1954 1171 2098 1217 octo-
2198 1169 2309 1225 sias
2335 1183 2462 1224 suas
2492 1169 2768 1224 revocavit
2809 1168 2932 1223 illos
2976 1168 3070 1240 qui
3115 1176 3511 1224 remanserant
3539 1167 3597 1222 in
3622 1167 3762 1223 decu

521 1265 668 1336 ginta
697 1264 934 1334 quinque
963 1260 1128 1315 millia
1173 1274 1242 1314 ex
1268 1260 1349 1315 eis
1383 1256 1488 1329 (IV
1514 1256 1640 1327 Reg.
1670 1257 1807 1328 χιχ),
1856 1274 1874 1306 ι
1918 1264 1972 1309 et
2018 1253 2100 1308 fu-
2203 1260 2392 1314 tribus.

522 1357 632 1427 giet
659 1376 677 1407 ι
714 1355 827 1425 ipse
849 1349 1219 1452 sequacherib
1245 1367 1263 1399 ι
1290 1364 1395 1403 non
1435 1364 1465 1449 a
1513 1347 1651 1402 facie
1681 1346 1861 1450 .gladii
1890 1366 1908 1398 ι
1945 1346 2040 1448 sed
2068 1362 2098 1400 a
2756 1394 2984 1452 CAPUT
3034 1394 3249 1452 xm

524 1394 632 1427 5....
659 1394 677 1407 .
714 1394 827 1425 ...σν
850 1394 1217 1409 sanun“..-
1249 1394 1263 1399 -
1290 1394 1395 1403 ..νη
1436 1394 1465 1402 _
1513 1394 1651 1402 η---
1701 1394 1861 1418 πη--
1890 1394 1903 1398 -
1946 1394 2040 1400 --_
2069 1394 2098 1400 _

524 1447 718 1501 timore
751 1442 985 1509 Domini,
1015 1460 1034 1492 ‹
1068 1449 1122 1495 et
1145 1440 1373 1510 juvenes
1401 1438 1519 1507 ejus
1549 1458 1567 1490 ι
1603 1438 1696 1508 qui
1741 1436 2102 1492 remanserint
2756 1394 2984 1452 CAPUT
3034 1394 3249 1452 xm

529 1553 546 1585 ι
577 1533 865 1607 vectigales
893 1539 1088 1589 erunt:
1127 1549 1147 1581 ι
1179 1530 1283 1584 hoc
1306 1536 1389 1583 est
1412 1528 1674 1583 tributarii
1705 1526 1869 1581 Medis
1893 1536 1948 1581 et
1973 1524 2104 1581 Per-
2278 1554 2296 1585 ι
2323 1532 2463 1589 Ecce
2494 1532 2549 1587 in
2589 1528 2799 1604 justitia
2856 1532 3101 1604 regnabit
3132 1574 3147 1597 ,
3200 1540 3257 1588 et
3299 1531 3597 1607 principes
3622 1534 3667 1588 in
3700 1534 3754 1602 ja-
3840 1524 3841 1527 “

526 1629 618 1682 sis.
647 1598 781 1681 Illud
807 1623 953 1679 enim
979 1620 1329 1676 fortissimum
1376 1633 1596 1685 regnum
1630 1617 1973 1689 Assyriorum
2010 1614 2104 1669 de—
2206 1626 2346 1681 dicio
2372 1598 2664 1696 ριιωειουῇι,
2697 1643 2716 1674 ι
2746 1621 2821 1677 De
2862 1598 3090 1677 Domino
3113 1631 3168 1678 et
3194 1598 3618 1694 apoetoliSO‘ejns
3636 1598 3749 1691 loqu.

527 1726 788 1773 structum
833 1723 916 1770 est
940 1730 971 1768 a
1000 1712 1509 1775 Nabuchodonosor,
1554 1718 1607 1764 et
1653 1717 1837 1779 postea
1876 1722 1905 1761 a
1937 1705 2105 1761 Medis
2207 1726 2294 1773 ml.
2316 1716 2476 1772 modo
2515 1730 2694 1771 sermo
2717 1715 3085 1786 propheticus.
3114 1714 3385 1770 Dominus
3426 1716 3544 1785 ipse
3568 1717 3615 1769 in
3638 1718 3745 1784 ius“.

525 1822 580 1864 et
604 1807 783 1863 Persis
807 1815 918 1863 tam
955 1805 1299 1878 Assyriorum
1329 1818 1491 1874 quam
1526 1802 1688 1855 etiam
1723 1799 2100 1854 Chaldaeorum
2208 1811 2283 1864 tia
2320 1817 2540 1880 regnat,
2588 1808 2713 1879 quia
2752 1807 2867 1877 ipse
2915 1807 3073 1862 docet
3122 1822 3221 1862 nos
3250 1808 3549 1877 quomodo
3584 1806 3741 1876 justect

528 1902 626 1956 διώ
654 1900 813 1955 Dario
842 1906 897 1953 et
926 1897 1089 1970 Tyro,
1126 1895 1219 1967 qui
1246 1893 1532 1948 Belthasar
1558 1891 1966 1947 interfecerunt.
2130 1886 2179 1946 Β
2207 1910 2353 1959 recte
2386 1903 2651 1957 vivamus,
2684 1898 2819 1954 Nam
2844 1899 2958 1970 ipse
2998 1908 3081 1954 est
3110 1915 3228 1965 rex,
3267 1900 3366 1969 qui
3409 1901 3551 1971 regi;
3597 1912 3738 1955 ωεηχει

604 2013 621 2044 ι
655 1992 721 2047 Et
765 1990 1021 2047 fortitudo
1062 1987 1197 2057 ejus,
1228 2007 1248 2040 ›
1281 1986 1386 2041 hoc
1435 1991 1518 2039 est
1563 1982 1849 2036 multitudo
1893 1978 2102 2035 Senna-

2206 1994 2502 2049 electorum
2528 2006 2771 2048 suorum.
2804 1989 2922 2060 Ipse
2949 1997 3029 2044 est
3054 2005 3169 2053 rex,
3198 1988 3294 2059 qui
3327 1989 3565 2043 daturus
3590 1999 3655 2044 est
3674 1990 3737 2043 clr-

528 2084 713 2140 cherib
750 2104 767 2134 ‹
810 2099 839 2137 a
890 2089 1129 2137 torrente
1171 2099 1191 2132 ι
1250 2075 1426 2148 angeli
1468 2095 1487 2127 ι
1526 2074 1793 2138 transibit,
1840 2084 1895 2128 et
1943 2087 2104 2143 pave-

527 2179 663 2233 bunt
682 2173 949 2245 fugientes
968 2173 1241 2244 principes
1264 2169 1399 2240 ejus.
1432 2190 1451 2223 ι
1481 2167 1641 2236 Nam,
1672 2178 1730 2223 ut
1764 2167 1974 2223 Hebraei
2002 2176 2107 2221 tra-

528 2265 664 2320 dunt
692 2265 831 2321 sicut
876 2279 1037 2334 supra
1088 2270 1565 2318 commemoratum
1598 2269 1698 2323 est,
1746 2275 1853 2314 non
1888 2274 2102 2315 reman-

531 2363 717 2412 serunt
738 2373 805 2411 ex
833 2356 978 2411 omni
1019 2354 1107 2409 illa
1136 2354 1478 2409 multitudine
1509 2352 1612 2406 nisi
1642 2352 1853 2415 decem,
1889 2351 1981 2420 qui
2016 2365 2104 2403 re-

529 2449 669 2504 versi
720 2455 846 2503 sunt
893 2463 1013 2503 cum
1048 2445 1433 2501 Sennacherib.
1483 2461 1501 2495 α
1539 2442 1685 2497 Dixit
1733 2441 2033 2496 Dominus:
2084 2460 2100 2490 ι

529 2541 663 2609 Quia
703 2539 976 2611 periturus
1012 2547 1095 2593 est
1126 2533 1496 2593 Sennacherib
1531 2544 1588 2589 et
1632 2531 1857 2604 populus
1891 2530 2028 2599 ejus,
2061 2529 2106 2585 si

530 2632 775 2688 conversi
803 2630 1013 2686 fueritis
1041 2630 1107 2683 ad
1141 2628 1290 2683 illum
1317 2648 1334 2679 ι
1365 2628 1517 2698 cujus
1565 2625 1704 2696 ignis
1734 2632 1816 2679 est
1853 2625 1908 2676 in
1950 2621 2103 2685 Sion,

2207 2087 2311 2142 ctis
2340 2087 2451 2141 suis
2473 2100 2697 2156 regnum
2725 2082 2901 2138 Patris
2932 2083 2983 2136 in
3008 2081 3093 2136 die
3111 2079 3307 2150 judicii
3326 2122 3342 2145 ,
3373 2081 3595 2136 dicens:
3619 2080 3733 2135 Petti

2206 2179 2316 2250 pite
2357 2193 2599 2248 regnum,
2647 2176 2791 2245 quod
2831 2174 2984 2229 vobis
3034 2183 3284 2243 paratum
3344 2182 3440 2227 est
3485 2172 3548 2226 ab
3589 2174 3732 2243 origine

2207 2269 2391 2324 mundi
2425 2268 2638 2340 (Matth.
2669 2265 2817 2338 xxv).
2842 2266 2899 2321 ln
2933 2264 3140 2335 justitia
3171 2264 3353 2319 etiam
3388 2265 3606 2337 regnabit
3623 2266 3723 2319 Clui-

2207 2370 2344 2424 stus,
2378 2359 2503 2428 quia
2542 2371 2833 2427 personam
2857 2354 3082 2424 alicujus
3103 2355 3363 2409 hominis
3387 2356 3445 2409 in
3479 2356 3710 2422 judicium

2208 2449 2439 2518 accipiet
2463 2449 2514 2501 in
2561 2446 2797 2502 secundo
2841 2447 3098 2510 adventu,
3140 2445 3307 2500 sicuti
3379 2460 3482 2500 nec
3516 2447 3687 2513 ian-3m.

2208 2539 2373 2611 Cujus
2399 2539 2671 2610 principes
2692 2537 3032 2609 appellantur
3075 2534 3339 2607 apostoli,
3376 2536 3613 2605 quidem:
3632 2547 3690 2586 τε»

2210 2635 2370 2688 ritate
2404 2640 2459 2686 et
2482 2632 2691 2702 justitia
2724 2629 2987 2699 judicium
3034 2628 3501 2698 praedicaverunt.
3535 2624 3702 2695 ipsosi-

531 2733 586 2778 et
614 2720 858 2776 caminus
877 2718 991 2787 ejus
1016 2719 1067 2773 in
1094 2717 1454 2773 Hierusalem.
1487 2737 1504 2769 ι
1538 2717 1811 2784 Quantum
1849 2714 1916 2768 ad
1958 2712 2103 2767 litte-

530 2828 647 2866 ram
678 2810 935 2881 pertinet,
961 2809 1097 2881 ignis
1125 2816 1181 2863 et
1209 2808 1453 2863 caminus
1476 2805 1686 2861 Domini
1713 2804 1813 2859 fuit
1835 2804 1886 2857 in
1910 2802 2104 2857 Hieru-

530 2903 729 2970 salem,
770 2902 896 2972 quia
939 2902 1012 2957 ibi
1041 2910 1157 2955 crat
1188 2901 1441 2970 templum
1486 2900 1538 2953 in
1569 2915 1677 2969 quo
1727 2905 1880 2953 erant
1919 2896 2108 2951 altaria

533 2999 585 3051 in
626 3011 855 3066 quorum
885 3010 992 3049 uno
1040 2996 1178 3065 ignis
1228 3002 1517 3064 perpetuus
1562 2992 1921 3055 nutriebatur,
1968 2999 2021 3043 et
2055 2990 2107 3043 in

535 3090 706 3143 altero
760 3087 1074 3143 holocausta
1117 3086 1357 3155 quotidie
1399 3084 1874 3141 comburebantur.
1930 3080 2108 3148 Quan-
2210 3088 2409 3159 populo
2440 3086 2779 3142 credentium
2829 3083 3074 3154 loquitur
3123 3082 3302 3147 modo,
3350 3082 3495 3152 quia
3536 3078 3716 3133 Domino

536 3190 649 3236 tum
686 3194 813 3233 vero
844 3178 911 3232 ad
937 3177 1183 3233 altiorem
1221 3175 1545 3230 intellectum
1571 3175 1791 3239 attinet;
1824 3188 1922 3243 per
1956 3171 2105 3237 Sion,
2211 3177 2512 3248 protegitur
2544 3184 2600 3231 et
2627 3175 2934 3231 defenditur
2956 3175 3025 3229 ab
3053 3173 3272 3229 incursu
3305 3175 3577 3232 manum,
3600 3169 3711 3222 dans

534 3286 652 3341 quae
681 3270 1064 3339 interpretatur
1114 3266 1389 3336 speculum
1431 3264 1544 3320 sive
1566 3264 1879 3334 speculatio,
1919 3263 2110 3318 intelli-
2135 3264 2180 3327 C
2213 3272 2338 3325 inde
2368 3279 2477 3325 tres
2498 3269 2915 3325 similitudines:
2947 3267 3121 3331 Sicut,
3163 3267 3389 3337 inquiens,
3412 3262 3695 3333 quiabscoa-

533 3362 679 3433 gitur
706 3368 893 3414 sancta
939 3356 1179 3413 Ecclesia
1205 3357 1271 3411 de
1324 3354 1573 3428 gentibus
1616 3356 1684 3409 ad
1722 3354 1879 3410 fidem
1910 3352 2111 3410 Christi
2214 3363 2294 3417 dit
2333 3378 2391 3417 se
2418 3362 2473 3416 in
2507 3361 2665 3416 domo
2711 3369 2932 3431 propter
2972 3367 3192 3414 ventum
3231 3356 3429 3410 validum
3454 3361 3689 3421 ettempe-

532 3450 867 3514 coadunata;
918 3447 1253 3503 Hierusalem
1280 3489 1294 3513 ,
1356 3462 1477 3518 qua:
1532 3449 1924 3516 interpretatur
1975 3446 2110 3503 visio
2216 3460 2409 3509 statem
2440 3452 2662 3507 nimiam
2685 3460 2739 3507 et
2774 3451 3105 3521 requiescit;
3150 3459 3205 3505 et
3227 3450 3356 3504 sicut
3373 3448 3452 3517 qui
3471 3445 3709 3508 sinum

532 3544 701 3615 pacis,
749 3540 1025 3597 cmiestem
1071 3541 1302 3610 patriam
1357 3539 1641 3611 significat.
1693 3541 1796 3595 Per
1835 3543 2014 3611 ignem
2059 3548 2112 3596 et
2217 3544 2485 3599 invenerit
2527 3544 2673 3598 rivos
2712 3557 2975 3612 aquarum
3007 3542 3144 3597 bibit
3163 3550 3218 3596 et
3247 3537 3545 3594 refocillatur
3576 3534 3718 3588 anim

498 3632 505 3639 ’
534 3635 831 3700 caminum,
862 3633 1176 3705 intelligitur
1199 3634 1362 3689 ardor
1380 3634 1580 3688 amoris
1605 3643 1652 3687 et
1682 3634 1980 3689 dilectionis
2006 3649 2112 3705 quo
2218 3635 2391 3702 illius;
2414 3645 2469 3692 et
2494 3636 2631 3691 sicut
2659 3636 2749 3707 qui
2781 3634 3019 3689 ambulat
3042 3649 3142 3705 per
3163 3635 3434 3689 desertum
3459 3638 3619 3684 urente
3639 3626 3722 3681 sole

542 3727 737 3783 ardent
764 3735 819 3783 et
846 3724 1074 3799 ﬂagrant
1101 3741 1289 3782 omnes
1319 3725 1478 3780 electi
1517 3740 1642 3796 erga
1669 3724 1835 3779 Deum
1857 3734 1911 3778 et
1933 3724 2114 3794 proxi-
2216 3746 2337 3786 cum
2365 3728 2631 3784 invenerit
2654 3729 2804 3784 mira:
2825 3728 3209 3799 magnitudinis
3230 3736 3463 3799 petram,
3483 3723 3719 3780 subunbn

542 3835 707 3885 mum,
741 3829 850 3873 tam
892 3818 945 3872 in
994 3817 1245 3888 priesenti
1290 3818 1485 3873 saeculo
1535 3817 1834 3882 constituti,
1864 3832 2025 3886 quam
2058 3816 2104 3869 in

2217 3823 2361 3879 illius
2387 3821 2691 3893 protegitur
2717 3839 2745 3875 a
2775 3822 2956 3876 calore
3003 3821 3170 3876 nimio
3195 3839 3208 3874 :
3265 3820 3347 3876 sic
3370 3820 3478 3876 erit
3503 3817 3583 3887 qui
3603 3812 3719 3869 ardi-

538 3926 767 3981 superna
798 3908 1150 3965 Hierusalem.
1192 3908 1345 3977 Quod
1383 3909 1526 3963 enim
1550 3923 1647 3980 per
1693 3909 1868 3979 ignem
1917 3906 2115 3978 signiﬂ-
2218 3916 2356 3971 derit
2378 3921 2651 3985 protectus
2676 3928 2707 3967 a
2732 3930 2857 3985 rege
2877 3914 3104 3969 Domino
3144 3914 3258 3969 Deo
3279 3922 3337 3968 et
3362 3907 3711 3984 quingentum

537 4009 690 4055 cetur
717 4000 939 4054 dilectio
972 3999 1066 4053 Dei
1116 4007 1171 4053 et
1210 3998 1461 4068 proximi,
1514 3998 1824 4053 manifestat
1854 3995 2114 4053 Dominus
2218 4008 2407 4061 umbra
2438 4016 2637 4061 sancta:
2660 4005 2931 4060 Ecclesia},

537 4107 659 4146 cum
687 4092 857 4147 dicit:
888 4109 907 4141 ι
930 4090 1111 4161 Ignem
1152 4090 1280 4144 veni
1325 4090 1539 4144 mittere
1564 4091 1616 4143 in
1647 4099 1868 4153 terram,
1904 4098 1956 4144 et
1984 4089 2113 4159 quid

538 4185 660 4239 volo
684 4184 790 4238 nisi
812 4192 871 4237 ut
896 4182 1124 4236 ardeat?
1145 4201 1163 4233 ι
1191 4180 1341 4253 (Luc.
1370 4182 1492 4254 xu.)
1510 4180 1613 4237 Sed
1638 4181 2111 4247 considerandum,

538 4277 661 4347 quia
686 4276 753 4331 ad
780 4274 1238 4345 comparationem
1269 4274 1466 4328 camini
1506 4274 1641 4345 ignis
1690 4288 1889 4344 parvus
1938 4281 2118 4344 potest

536 4384 674 4432 esse,
702 4377 757 4423 et
779 4375 1037 4438 quantum
1064 4374 1146 4421 cst
1168 4365 1308 4420 inter
1330 4364 1506 4436 ignem
1526 4378 1747 4434 parvum
1768 4374 1823 4421 et
1843 4366 2113 4420 caminum
2222 4374 2338 4429 loco
2360 4372 2604 4443 apostoli.
2631 4372 2734 4443 Ipsi
2766 4372 2909 4427 enim
2932 4371 3222 4427 audierunt
3246 4385 3276 4424 a
3300 4371 3573 4427 Domino:
3597 4388 3612 4419 ι
3635 4361 3728 4421 lani

538 4460 861 4523 maximum,
895 4463 1099 4511 tantum
1156 4457 1377 4510 interest
1415 4463 1470 4509 et
1512 4455 1678 4511 multo
1703 4455 1932 4525 amplius
1975 4456 2117 4510 inter
2220 4466 2362 4521 oculi
2383 4466 2676 4535 quividcnt
2698 4480 2819 4536 qua;
2839 4464 3159 4529 νοενίάειίς,
3183 4471 3241 4519 et
3255 4477 3436 4521 aures
3454 4461 3725 4536 qua,“

538 4567 772 4607 amorem
810 4558 864 4606 et
910 4548 1177 4605 fervorem
1220 4548 1521 4603 dilectionis
1569 4547 1663 4603 Dei
1713 4563 1873 4617 quem
1912 4548 2117 4604 habent
2139 4611 2188 4628 ﬁ
2220 4571 2340 4628 qua;
2357 4572 2455 4612 vos
2475 4557 2673 4612 auditis
2697 4555 2911 4626 (Matth.
2939 4553 3081 4627 xm),
3105 4573 3127 4607 ι
3149 4563 3203 4610 et
3231 4564 3465 4611 caetera.
3497 4556 3620 4611 Nam
3642 4545 3729 4619 φά

540 4643 697 4698 modo
724 4642 959 4698 electi'in
987 4641 1235 4711 praesenti
1265 4639 1482 4704 saeculo,
1514 4647 1569 4694 et
1613 4611 1763 4694 illum
1801 4654 1962 4710 quem
2012 4642 2104 4695 ba-

2217 4611 2491 4722 prophette
2538 4611 2922 4720 pnedi‘xerunt,
2961 4656 3016 4704 et
3036 4611 3104 4703 lin
3154 4647 3460 4718 aenigmate
3505 4664 3569 4704 ac

537 4736 665 4790 bent
694 4736 865 4790 sancti
911 4732 1023 4805 jam
1070 4733 1339 4803 conjuncti
1387 4732 1613 4787 Domino
1660 4732 1713 4785 in
1762 4732 1920 4787 caelo.
1970 4732 2117 4787 Dixit
2216 4743 2468 4799 viderunt
2505 4756 2519 4795 ε
2551 4740 2639 4795 isti
2681 4747 2736 4794 et
2785 4738 2957 4794 oculis
3003 4738 3248 4809 corporis
3289 4748 3356 4793 ea
3387 4739 3572 4795 oculis
3608 4733 3744 4791 matis

539 4839 667 4897 ergo
684 4825 943 4880 Dominus
966 4822 1117 4892 cujus
1147 4824 1285 4896 ignis
1305 4833 1406 4889 est,
1429 4823 1483 4879 id
1507 4832 1591 4878 est
1614 4822 1791 4877 fervor
1813 4823 2115 4879 dilectionis
2214 4834 2483 4889 videt-unt.
2524 4830 2695 4885 Aures
2744 4829 2910 4884 etiam
2956 4836 3181 4899 possunt
3224 4826 3503 4899 appellari
3534 4822 3747 4899 ψωῆ

538 4919 590 4975 in
620 4916 857 4975 Ecclesia
884 4919 1059 4990 posita
1090 4917 1264 4972 adhuc
1307 4918 1357 4971 in
1387 4926 1550 4980 terra,
1599 4924 1655 4972 et
1682 4915 1837 4986 cujus
1867 4918 2111 4972 caminus
2213 4925 2313 4979 viri
2339 4932 2393 4978 et
2422 4923 2724 4985 credentes,
2756 4919 2849 4992 qui
2874 4919 3107 4975 libenter
3150 4918 3317 4974 verba
3360 4920 3587 4975 Domini
3619 4928 3751 4974 ςιιεω·

537 5022 640 5078 est,
678 5011 730 5066 id
762 5018 845 5066 est
866 5010 1141 5081 plenitudo
1171 5009 1473 5064 dilectionis
1498 5010 1553 5063 in
1602 5009 1808 5064 caelesti
1856 5008 2110 5063 Hierusa-
2209 5023 2420 5086 perunt.
2439 5013 2697 5068 Dominus
2719 5011 2863 5067 enim
2881 5010 3014 5067 dicit
3043 5011 3101 5066 in
3117 5009 3457 5079 Evangelia:
3478 5028 3502 5063 ι
3522 5009 3619 5077 Qui
3638 5006 3754 5061 habet

540 5106 668 5170 lem,
694 5105 781 5160 cui
805 5104 984 5159 dicere
1025 5103 1204 5159 facere
1228 5112 1347 5156 cst:
1377 5102 1502 5171 quia
1536 5102 1578 5156 si
1606 5100 1942 5172 projeceritis
1966 5100 2106 5156 idola
2216 5119 2375 5159 aures
2396 5101 2669 5168 audiendi,
2692 5103 2875 5158 audiat
2895 5100 3048 5165 (Luc.
3071 5102 3245 5172 ηιι).ι
3275 5095 3756 5157 Similiteretlw-

541 5204 737 5262 vestra,
771 5195 916 5250 illum
946 5195 1138 5249 vestris
1158 5194 1315 5249 bonis
1337 5192 1589 5263 operibus
1616 5193 1975 5263 placaveritis,
1998 5193 2112 5262 ipse
2215 5214 2311 5253 nes
2360 5197 2414 5251 in
2462 5196 2781 5267 Apocalypsi
2829 5194 2981 5267 (Cap.
3009 5210 3047 5248 ιι
3079 5201 3135 5249 et
3163 5192 3248 5263 ιιι)
3302 5207 3409 5248 sua
3466 5194 3683 5264 loquem
3711 5184 3755 5238 ad

538 5287 798 5359 pugnabit
821 5302 920 5357 pro
940 5287 1115 5351 vobis,
1138 5294 1192 5339 et
1212 5286 1366 5340 cadet
1391 5284 1558 5339 Assur
1578 5285 1631 5338 in
1655 5283 1830 5355 gladio
1857 5298 1960 5338 non
1986 5284 2108 5348 viri,
2211 5298 2416 5360 septem
2442 5289 2713 5345 ecclesias,

541 5379 635 5434 sed
668 5377 1013 5433 devorabitur
1040 5378 1106 5430 ab
1135 5377 1256 5446 igne
1283 5376 1506 5432 ccelesti.
1532 5375 1726 5431 Dicunt
1752 5376 1912 5431 etiam
1944 5375 2107 5444 aliqui
2289 5401 2308 5435 ι
2346 5381 2455 5437 Cor
2492 5381 2782 5437 stultorum
2829 5378 3096 5449 intelliget
3141 5376 3435 5432 scientiam
3456 5417 3473 5442 ,
3534 5384 3593 5431 et
3622 5373 3762 5439 lissi!

541 5471 817 5527 doctorum
844 5468 948 5522 alio
972 5468 1129 5521 modo
1164 5468 1305 5523 istud
1334 5468 1475 5537 quod
1503 5467 1703 5521 dicitur
1729 5484 1741 5520 :
1765 5467 1821 5521 In
1852 5466 1940 5521 die
1964 5467 2108 5521 enim
2213 5475 2495 5531 balnei-um
2518 5474 2774 5530 velociter
2798 5472 3049 5541 loquetur
3072 5478 3130 5525 et
3151 5469 3331 5539 plane.
3361 5486 3382 5521 ι
3420 5466 3594 5524 Stulti
3619 5460 3766 5535 and-

541 5561 629 5616 illa
650 5560 897 5633 projiciet
921 5559 1006 5613 vir
1031 5558 1169 5613 idola
1205 5559 1410 5628 argenti
1447 5558 1553 5624 sui,
1581 5558 1682 5612 hoc
1707 5571 1790 5613 e5t
1827 5572 1947 5613 cum
1973 5557 2114 5612 ceci-
2216 5565 2467 5620 labantur
2512 5565 2605 5636 qui
2649 5579 2756 5620 non
2786 5560 3058 5618 habebant
3095 5568 3223 5615 ante
3265 5558 3572 5614 adventum
3597 5547 3773 5611 Denisi

540 5656 685 5712 derit
726 5654 899 5712 Assur
927 5653 980 5709 in
1012 5653 1190 5726 gladio
1221 5668 1326 5708 non
1377 5654 1629 5716 hominis,
1672 5662 1726 5707 et
1763 5653 1993 5725 fugerint
2020 5668 2116 5723 pa-
2216 5659 2499 5714 scientiam
2537 5672 2713 5728 neque
2741 5655 2922 5721 ﬁdem,
2947 5654 3028 5709 uti
3061 5652 3283 5708 fuerunt
3309 5650 3575 5724 apostoli.
3611 5643 3775 5702 Bm

542 5759 731 5807 ventes
752 5749 1022 5823 principes
1064 5747 1202 5817 ejus,
1242 5746 1458 5818 abjiciet
1480 5748 1565 5802 vir
1606 5747 1742 5801 idola
1774 5748 1980 5818 argenti
2010 5749 2114 5814 sui,
2217 5761 2300 5806 est
2335 5749 2428 5819 qui
2457 5763 2560 5805 non
2590 5757 2770 5819 potest
2793 5747 3040 5818 expedite
3069 5746 3236 5817 loqui,
3272 5742 3356 5801 vel
3378 5745 3484 5814 qui
3514 5738 3778 5799 nontam

544 5851 603 5901 et
642 5850 984 5900 convertatur
1022 5842 1088 5896 ad
1121 5840 1425 5897 Dominum.
1476 5839 1588 5895 Hoc
1638 5839 1981 5910 adimpletum
2034 5849 2118 5896 est
2216 5838 2513 5912 perfectam
2538 5839 2717 5895 fidem.
2761 5838 2865 5893 Sed
2891 5836 3020 5908 quid
3047 5835 3180 5893 fecit
3206 5834 3477 5893 Dominus
3503 5833 3719 5889 veniens
3742 5826 3782 5876 il

2210 2724 2346 2779 ritus
2368 2721 2572 2792 judicio
2601 2737 2697 2792 per
2737 2720 2950 2775 illorum
2983 2719 3439 2789 praedicationem
3486 2718 3637 2787 repleta
3661 2724 3712 2768 ω

2210 2760 2346 2779 ...ιη
2368 2760 2572 2792 ,μων-υ
2601 2760 2687 2792 γυ.
2738 2760 2950 2775 ...υ......
2986 2760 3438 2789 ν.υ.,ι..ν....ν..ν...
3486 2760 3637 2787 ηπ...
3663 2760 3712 2768 .-

2209 2813 2386 2868 omnis
2416 2821 2561 2866 terra
2598 2810 2827 2866 scientia
2880 2808 3088 2863 Domini
3128 2805 3307 2879 (Psal.
3343 2812 3513 2877 xviri),
3541 2822 3617 2860 nec
3651 2805 3708 2874 ips
3851 2760 3853 2847 4

2211 2904 2377 2959 etiam
2417 2900 2724 2972 iudicantes
2754 2913 3044 2970 personam
3070 2898 3303 2967 alicujus
3330 2899 3588 2968 accipient.

2288 3016 2305 3048 ι
2345 2996 2412 3052 Et
2440 2996 2546 3051 erit
2593 2996 2679 3049 vir
2728 2995 2869 3049 sicut
2894 2992 2984 3062 qui
3014 2992 3368 3046 absconditur
3403 3007 3432 3044 a
3460 2998 3643 3044 vento.»
3667 2985 3715 3039 De

2295 4116 2313 4149 ε
2341 4097 2457 4153 Non
2501 4096 2809 4167 caligabunt
2857 4095 2997 4152 oculi
3043 4096 3364 4162 videntium,
3427 4104 3484 4151 et
3523 4104 3728 4149 ama:

2220 4189 2501 4253 dientium,
2539 4208 2556 4238 ι
2613 4187 2887 4243 Christum
2942 4205 2960 4239 ε
3010 4186 3298 4259 diligenter
3331 4185 3727 4243 auscultabunt!

2220 4278 2423 4334 monita
2444 4278 2578 4348 ejus.
2600 4278 2857 4335 Videntes
2878 4286 2931 4334 et
2951 4277 3231 4333 audientes
3250 4278 3595 4349 appellantur
3614 4272 3731 4329 'stoil
