3918 6476
143 388 264 449 877

1250 386 1599 448 COMMENT.
1641 388 1707 442 ΙΝ
1747 386 2222 443 lSAIAM.—LIB.
2264 386 2328 443 ll.

3321 383 3428 443 878

143 503 420 561 mundum
443 500 954 581 perOincarnationis
975 501 1297 571 mysterium
1320 478 1349 554 ’ἶ
1372 499 1598 555 Voeavit
1618 498 1747 553 stul-
1774 505 1825 562 Α
1850 500 1941 569 qui
1991 500 2144 555 nobis
2169 500 2469 569 promissus
2493 506 2580 553 est
2604 496 2657 552 in
2687 498 2804 571 lege
2850 506 2906 554 et
2929 499 3228 570 prophetis.
3271 499 3429 556 Chri-

145 604 268 665 tos,
300 595 499 652 inscios
523 602 576 651 et
602 592 928 658 i‘llitteratos,
953 599 1005 646 et
1020 592 1110 661 qui
1132 590 1312 646 lumen
1325 606 1466 646 vera:
1489 591 1610 645 ﬁdei
1635 606 1739 643 non

144 688 465 755 habebant;
491 686 718 757 replevit
743 686 862 741 illos
890 701 987 740 sua
1017 686 1302 755 sapientia,
1327 693 1382 739 et
1404 700 1501 754 per
1532 683 1653 737 illos
1679 682 1745 736 ad

145 781 393 837 nihilqu
415 780 618 851 redegit
639 778 911 850 sapientes
930 776 1088 847 hujus
1107 777 1308 832 saeculi.
1338 777 1581 831 «Inﬁrma
1602 775 1743 830 enim

143 873 347 929 mundi
371 872 533 940 elegit
559 871 721 937 Deus,
750 881 810 925 ut
836 866 1191 924 confunderet
1209 867 1371 923 fortia
1404 866 1456 938 (I
1479 866 1601 921 Cor.
1631 865 1694 937 ι).
1720 885 1740 919 ι

143 965 345 1023 Potest
393 975 449 1022 et
476 981 573 1041 per
601 980 696 1021 cor
727 965 1017 1020 stultorum
1045 962 1275 1034 populus
1319 961 1534 1033 gentilis
1584 959 1747 1013 intel-

143 1056 273 1125 ligi,
313 1058 403 1128 qui
430 1066 550 1114 erat
596 1057 817 1121 stultus,
845 1055 1055 1110 alienus
1078 1054 1289 1110 scilicet
1311 1071 1339 1107 a
1383 1052 1599 1107 Christo
1621 1058 1748 1105 ante

141 1149 597 1221 praedicationem
624 1146 1009 1219 apostolorum.
1043 1143 1174 1199 Post
1213 1142 1585 1198 ascensionem
1616 1153 1746 1209 ergo

145 1224 278 1296 Filii
304 1241 397 1295 Dei
418 1242 483 1294 ad
506 1240 693 1304 cmlos,
715 1238 961 1293 doctrina
987 1245 1043 1292 et
1065 1232 1745 1305 miraculisapostolorum,

145 1336 220 1392 de
244 1334 474 1390 stultitia
502 1333 767 1389 idolorum
802 1329 1051 1385 conversi
1085 1336 1210 1383 sunt
1246 1327 1314 1382 ad
1339 1342 1521 1382 veram
1563 1325 1741 1380 scien-

145 1428 313 1491 tiam,
338 1436 393 1482 et
438 1426 634 1496 linguae
662 1421 1064 1477 incredulorum
1095 1419 1186 1488 qui
1215 1435 1321 1473 non
1371 1424 1633 1472 noverant
1661 1415 1746 1470 di—

146 1535 304 1581 cere,
330 1516 504 1572 Credo
534 1516 586 1569 in
638 1515 804 1571 Deum
842 1530 854 1565 :
884 1510 997 1581 jam
1050 1510 1211 1565 tidem
1246 1509 1512 1564 habentes
1540 1515 1746 1562 rectam

147 1614 440 1678 cmperunt
464 1604 687 1661 laudare
732 1604 902 1658 Deum
944 1600 1123 1673 plane,
1173 1599 1277 1654 hoc
1325 1609 1408 1655 est
1451 1599 1745 1669 tranquilla

148 1707 356 1756 nnente.

232 1811 251 1843 ι
284 1790 403 1855 Non
436 1786 721 1844 vocabitur
744 1783 884 1839 ultra
925 1782 1013 1837 hic
1039 1782 1130 1854 qui
1174 1780 1432 1851 insipiens
1476 1789 1560 1836 est
1598 1780 1746 1851 prin-

1849 601 1963 647 stus
1996 608 2116 647 cum
2153 592 2385 656 venerit,
2440 607 2600 647 nemo
2640 592 2745 647 scit
2790 593 2936 648 unde
2984 593 3057 648 sit
3104 593 3287 664 (loan.
3324 595 3425 668 rx).

1848 680 2132 737 Mendaces
2179 684 2517 738 mendacium
2560 683 2938 752 loquebantur,
2968 685 3095 754 quia
3123 701 3154 740 a
3193 686 3425 752 diabolo,

1846 775 1940 845 qui
1972 774 2202 828 mendax
2230 783 2316 829 est
2349 782 2407 829 et
2442 776 2496 830 in
2546 773 2775 830 veritate
2814 789 2919 829 non
2958 775 3126 840 stetit,
3151 776 3296 831 docti
3318 775 3434 832 fue-

1848 874 1972 920 rant
1993 864 2174 933 (Joan.
2203 868 2341 938 vni).

1927 970 1946 1003 ί
1981 951 2328 1008 Fraudulenti
2357 969 2485 1009 vasa
2510 955 2747 1026 pessima
2790 962 2938 1011 sunt.
2965 973 2986 1007 ι
3039 954 3433 1013 Fraudulentos

1848 1044 2084 1115 appellat
2108 1046 2315 1101 scribas
2332 1054 2388 1101 et
2408 1045 2730 1113 Pharismos,
2756 1047 2901 1102 sicut
2919 1055 2976 1103 et
2999 1050 3268 1119 superius.
3293 1048 3434 1105 Vasa
3512 1064 3517 1067 ‘

1851 1145 2033 1190 autem
2057 1137 2222 1192 corda
2248 1136 2485 1203 illorum,
2518 1137 2601 1193 vel
2634 1138 2799 1194 etiam
2829 1136 3195 1206 subiectorum
3223 1154 3430 1205 eorum,

1848 1245 2079 1301 quorum
2102 1232 2266 1287 corda
2292 1230 2395 1301 ipsi
2423 1246 2522 1287 sua
2544 1231 2790 1288 doctrina
2815 1247 2983 1303 prava
3011 1241 3067 1287 et
3092 1230 3435 1287 fraudulenta

1848 1320 2108 1376 fecerant.
2154 1322 2234 1377 Ex
2263 1321 2423 1377 malis
2448 1323 2593 1376 enim
2637 1325 2958 1392 parentibus
3008 1323 3135 1379 mali
3164 1323 3260 1379 ﬁlii
3306 1339 3435 1380 nas-

1849 1421 2064 1478 cuntur,
2094 1421 2150 1468 et
2193 1428 2261 1469 ex
2291 1414 2543 1484 pessimis
2586 1415 2864 1485 magistris
2910 1415 3133 1486 pessimi
3164 1415 3434 1486 discipuli.

1848 1504 1985 1561 Nam
2007 1507 2148 1561 sicut
2170 1507 2355 1576 vipera
2381 1506 2620 1576 viperam
2646 1506 2789 1577 parit
2812 1524 2825 1560 :
2857 1508 2935 1562 sic
2962 1509 3154 1563 scribat
3180 1516 3235 1562 et
3254 1508 3441 1563 Phari-

1851 1599 1942 1653 saei
1972 1598 2239 1668 pessimus
2282 1598 2576 1668 discipulos
2617 1601 2867 1654 docuere.
2901 1598 2979 1655 De
3000 1600 3196 1669 quibus
3219 1609 3276 1654 et
3303 1601 3437 1656 dici-

1850 1697 1976 1743 tur:
2009 1707 2028 1740 ‹
2060 1688 2342 1743 Cenimina
2367 1689 2700 1758 viperarum.
2735 1689 2833 1744 Et:
2868 1689 3160 1746 Generatio
3203 1691 3343 1746 mala
3383 1700 3440 1748 et

1851 1778 2094 1834 adultera
2117 1778 2330 1850 (Matth.
2356 1795 2437 1845 ni,
2462 1796 2562 1846 xn,
2583 1795 2673 1835 xvr
2699 1788 2754 1835 et
2773 1783 2954 1851 χχιιι).
2977 1801 2997 1834 ι
3025 1801 3043 1834 ε
3070 1782 3188 1852 Ipse
3210 1782 3380 1849 enim,
3412 1801 3434 1835 ι

150 1897 308 1952 ceps,
335 1893 511 1950 neque
531 1874 907 1930 fraudulentus
930 1871 1289 1944 appellabitur
1319 1870 1510 1940 major.
1544 1891 1561 1924 ι
1606 1870 1741 1926 lnsi-
1768 1875 1816 1937 B
1844 1871 2098 1927 subaudis
2122 1870 2257 1925 ordo
2278 1872 2580 1926 scribarum
2602 1880 2659 1926 et
2685 1871 3103 1939 Pharisaeorum,
3130 1892 3150 1924 ι
3180 1874 3368 1944 iniqua
3386 1882 3442 1930 et

148 1973 367 2045 pientes
404 1977 564 2024 vocat
607 1967 955 2038 philosophos
1008 1967 1258 2021 humanae
1303 1965 1602 2034 sapientiae,
1652 1960 1744 2035 qui

148 2064 522 2136 principatum
572 2059 893 2115 videbantur
942 2059 1143 2112 habere
1198 2057 1251 2110 in
1286 2054 1523 2127 populis,
1557 2062 1614 2109 ut
1647 2055 1747 2110 fuit

149 2154 332 2218 Plato,
381 2149 724 2216 Aristoteles,
780 2149 979 2220 aliique
1029 2147 1431 2220 quamplurimi,
1488 2146 1579 2216 qui
1628 2153 1749 2216 post

149 2243 358 2301 Christi
409 2242 827 2314 prmdicamenta
862 2241 1009 2296 stulti
1048 2248 1171 2294 sunt
1206 2239 1459 2310 reputati,
1484 2239 1608 2308 quia
1632 2254 1748 2293 om-

146 2352 279 2392 nem
304 2336 517 2391 illorum
546 2334 864 2404 sapientiam
885 2332 1085 2388 Christi
1118 2332 1451 2387 transcendit
1478 2331 1741 2386 doctrina.

149 2426 221 2482 Et
251 2426 376 2480 ideo
400 2424 617 2479 illorum
650 2424 825 2478 inanis
851 2423 1095 2478 doctrina
1146 2423 1310 2477 stulta
1364 2431 1610 2493 reputata
1641 2432 1747 2488 est,

148 2519 295 2574 sicut
341 2517 588 2589 egregius
629 2515 947 2586 pnndicator
996 2515 1171 2569 dicit:
1209 2533 1226 2565 ι
1263 2513 1537 2586 Sapientia
1592 2512 1750 2583 hujus

147 2609 359 2674 mundi,
376 2608 605 2664 stultitia
618 2608 856 2677 estapud
883 2607 1051 2661 Deum
1069 2605 1117 2677 (Ι
1138 2605 1262 2660 Cor.
1280 2605 1386 2677 Ill).
1411 2626 1428 2656 ι
1448 2604 1543 2659 Et:
1567 2624 1583 2656 ι
1606 2603 1751 2659 Stul-

150 2715 265 2760 tam
294 2702 424 2758 fecit
446 2703 589 2757 Deus
612 2700 929 2772 sapientiam
942 2700 1100 2769 hujus
1122 2699 1326 2753 mundi.
1352 2719 1370 2750 ι
1397 2699 1600 2755 Christi
1622 2714 1751 2753 vero

150 2794 420 2866 sapientia
452 2791 631 2859 ﬂoret,
659 2808 780 2862 quae
819 2794 981 2846 corda
1015 2790 1189 2845 reﬁcit
1215 2791 1473 2846 ﬁdelium.
1514 2791 1752 2845 Fraudu-

147 2889 333 2944 lentus
354 2886 654 2958 appellatur
697 2885 875 2940 scriba
922 2892 976 2939 et
1004 2883 1330 2949 Pharisaeus,
1377 2884 1502 2955 quia
1533 2882 1751 2941 frauda-

146 2979 285 3035 bant
317 2978 489 3051 legem
531 2977 729 3033 Cliristi
779 2976 1114 3046 simplicibus
1144 2977 1211 3030 ob
1250 2990 1377 3031 suas
1408 2976 1748 3031 traditiones.

150 3079 209 3127 et
239 3071 401 3126 etiam
448 3078 637 3126 contra
688 3070 864 3139 ipsum
914 3068 1201 3123 Domimun
1260 3067 1585 3122 fraudulenti
1632 3068 1749 3123 exi-

150 3169 378 3215 stentes.
395 3159 486 3215 Isti
509 3160 675 3224 enim,
696 3159 1118 3230 postadventum
1148 3157 1381 3223 Domini,
1400 3172 1574 3227 neque
1598 3158 1750 3228 prin-

1845 1961 1981 2018 falsa
2020 1962 2387 2028 concinnavit,
2427 1982 2446 2015 ι
2495 1964 2601 2019 hoc
2622 1972 2707 2018 est
2734 1965 3063 2035 prieparavit
3092 1974 3150 2020 et
3175 1966 3438 2038 cogitavit

1851 2073 1870 2106 ι
1906 2054 1973 2108 ad
1998 2054 2303 2123 perdendos
2330 2055 2491 2110 mites
2524 2056 2579 2109 in
2614 2071 2868 2112 sermone
2893 2058 3180 2112 mendacii.
3219 2078 3239 2109 ι
3285 2058 3443 2130 Cogi-

1847 2143 2082 2198 tationes
2109 2158 2393 2214 perversas
2424 2145 2798 2217 cogitaverunt
2832 2148 2898 2202 ad
2920 2150 3227 2219 perdendos
3261 2148 3440 2215 mites,

1846 2234 1902 2291 id
1930 2245 2017 2291 est
2041 2235 2315 2307 simplices
2337 2251 2579 2307 quosque
2600 2241 2818 2309 quando
2845 2241 3102 2297 dixerunt
3116 2240 3440 2299 Nicodemo:

1854 2344 1873 2376 ι
1894 2324 2151 2381 Scrutare
2173 2327 2456 2398 diligenter
2469 2327 2810 2398 Scripturas,
2833 2339 2890 2385 et
2911 2330 3119 2386 videbis
3131 2331 3259 2401 quia
3284 2348 3317 2386 a
3336 2332 3418 2388 Ga
3499 2336 3517 2349 '

1848 2419 1985 2476 lilaia
1999 2420 2247 2476 Christ
2259 2437 2366 2476 non
2379 2430 2564 2494 surget
2580 2420 2632 2493 (J
2641 2439 2762 2476 oan.
2782 2422 2900 2494 vn).
2915 2442 2933 2474 ι
2954 2420 3219 2480 Similiter
3229 2424 3441 2494 quando

1850 2512 2103 2568 dicebant
2129 2527 2275 2569 caeco
2294 2529 2326 2567 a
2354 2515 2583 2569 Domino
2606 2513 2908 2569 illuminato
2924 2533 2938 2568 :
2956 2516 3030 2570 Da
3052 2515 3283 2587 gloriam
3305 2517 3436 2584 Deo,

1851 2603 1905 2659 id
1933 2613 2018 2659 est
2060 2618 2197 2676 nega
2223 2605 2365 2675 quod
2389 2605 2678 2675 accepisti,
2706 2614 2762 2660 et
2785 2605 2893 2662 noli
2922 2606 3106 2662 dicere
3135 2607 3263 2677 quia
3286 2605 3442 2663 Iesus

1852 2702 1906 2750 te
1926 2695 2269 2763 illuminavit,
2301 2697 2395 2752 sed
2424 2697 2567 2752 Deus
2598 2695 2764 2753 Pater
2794 2697 2976 2769 (Joau.
2997 2698 3098 2772 ix).
3129 2700 3254 2757 ideo
3296 2703 3441 2758 enim

1852 2804 1947 2845 eos
1972 2789 2086 2845 suis
2110 2790 2262 2846 falsis
2275 2790 2614 2845 documentis
2634 2790 2974 2847 imbuebant:
3005 2801 3064 2847 ut
3085 2807 3118 2847 a
3135 2807 3267 2849 vera
3288 2792 3421 2849 Chri

1852 2880 1923 2936 sti
1974 2881 2364 2951 praedicatione
2416 2880 2820 2938 subtraherent.
2874 2902 2893 2935 ι
2943 2882 3079 2939 Cum
3130 2884 3439 2955 loqueretur

1851 2988 2073 3044 pauper,
2100 2993 2119 3026 ι
2148 2974 2202 3029 id
2222 2979 2309 3029 est
2328 2971 2598 3041 Christus,
2626 2992 2645 3026 ς
2665 2974 2931 3045 judicium
2960 2994 2980 3027 ι
3012 2977 3118 3031 hoc
3145 2985 3229 3032 est
3247 2976 3426 3032 discre
3518 2971 3527 2978 ’

1852 3065 2077 3131 tionem,
2103 3064 2363 3121 subaudis
2392 3066 2794 3134 redarguebant
2819 3082 2965 3122 eum.
3007 3066 3309 3139 Pauperem
3345 3085 3436 3123 au-

1857 3165 1962 3212 tem
1988 3166 2147 3214 vocat
2169 3173 2314 3222 eum,
2338 3157 2487 3227 quia,
2511 3172 2635 3213 cum
2657 3158 2809 3215 dives
2828 3167 2996 3225 esset,
3017 3175 3117 3231 pro
3140 3159 3296 3216 nobis
3316 3176 3421 3231 pan

152 3251 303 3321 cipes
332 3250 507 3305 vocati
542 3258 670 3305 sunt
703 3249 757 3303 in
791 3258 978 3303 sancta
1008 3247 1268 3312 Ecclesia,
1298 3262 1471 3316 neque
1492 3247 1747 3317 majores,
1777 3245 1822 3307 C
1853 3265 1951 3318 per
1971 3249 2148 3305 factus
2163 3259 2268 3314 est,
2293 3258 2358 3304 ut
2384 3265 2486 3305 nos
2514 3266 2612 3305 sua
2631 3260 2951 3321 paupertate
2982 3253 3186 3308 ditaret
3205 3253 3293 3325 (II
3315 3254 3439 3308 Cor.

154 3356 274 3411 quae
324 3352 514 3395 Sancta
564 3338 805 3393 Ecclesia
856 3353 965 3391 non
1014 3337 1218 3406 recepit
1280 3337 1333 3389 in
1392 3337 1596 3390 unitate
1642 3337 1743 3403 sui,

155 3434 251 3489 sed
278 3432 534 3495 victores,
570 3429 665 3484 sed
688 3428 938 3484 fundatas
970 3430 1024 3483 in
1054 3431 1306 3494 veritate,
1332 3444 1451 3499 qua:
1478 3440 1560 3484 est
1588 3427 1746 3484 Chri—

157 3534 296 3580 stus.

1848 3340 1989 3406 vni).
2015 3336 2285 3393 Iudicium
2306 3338 2649 3407 loquebatur,
2671 3341 2887 3409 quando
2907 3342 3124 3399 dicebat
3154 3362 3168 3397 :
3200 3362 3219 3394 ι
3248 3343 3307 3398 Si
3332 3359 3437 3399 non

1849 3428 1991 3484 facio
2017 3444 2181 3500 opera
2208 3429 2388 3485 Patris
2428 3431 2557 3496 mei,
2605 3431 2773 3487 nolite
2811 3434 3035 3489 credere
3073 3435 3206 3491 mihi
3251 3435 3433 3507 (Joan.

1846 3524 1927 3593 x).
1960 3545 1978 3577 ι
2020 3542 2040 3576 ‹
2066 3524 2329 3594 Princeps
2374 3539 2534 3590 vero,
2567 3545 2589 3579 ι
2638 3526 2695 3581 id
2741 3535 2825 3582 est
2863 3525 3141 3593 Christus,
3188 3544 3291 3584 «ea
3319 3544 3438 3601 quae

236 3635 254 3668 ι
289 3615 498 3672 Stultus
525 3616 669 3672 enim
706 3614 854 3671 fatua
892 3615 1149 3685 loquitur,
1179 3623 1235 3670 et
1285 3630 1381 3671 cor
1423 3614 1540 3685 ejus
1582 3615 1748 3672 faciet
1848 3618 2009 3688 digna
2037 3619 2278 3689 principe
2312 3628 2465 3686 sunt,
2492 3619 2783 3690 cogitabit,
2815 3629 2874 3675 et
2921 3621 3036 3691 ipse
3074 3637 3236 3693 super
3270 3625 3436 3681 duces

161 3712 517 3781 iniquitatem.
560 3730 578 3763 ι
629 3708 837 3765 Stultus
873 3709 1069 3765 iterum
1117 3706 1423 3778 appellatur
1467 3708 1643 3763 scriba
1692 3715 1748 3763 et
1847 3718 2030 3772 stabit,
2107 3735 2125 3769 ι
2177 3716 2437 3772 Dominus
2483 3715 2641 3772 Jews
2687 3732 2751 3772 ea
2802 3732 2923 3787 qua:
2975 3733 3041 3773 eo
3079 3718 3241 3790 digna
3278 3710 3435 3776 erant

160 3802 480 3860 Pliarisieus.
500 3803 669 3858 Fatua
690 3803 834 3859 enim
860 3802 1023 3858 locuti
1049 3812 1194 3867 sunt,
1219 3803 1436 3872 quando
1459 3804 1741 3858 dixerunt:
1845 3808 2168 3878 loquebatur
2200 3817 2258 3863 et
2297 3808 2596 3880 cogitabat,
2642 3825 2762 3866 enm
2799 3810 3004 3865 diceret
3040 3829 3053 3864 :
3093 3810 3205 3882 Ego
3247 3828 3277 3867 a
3324 3812 3433 3868 Deo

164 3899 545 3955 i'Daemonium
589 3897 776 3965 habes,
824 3906 877 3953 et
902 3898 954 3952 in
978 3897 1277 3953 Beelzebub
1301 3896 1453 3966 cjicis
1481 3898 1745 3953 daemonia
1844 3898 2087 3971 processi
2136 3904 2190 3954 et
2228 3899 2371 3964 veni,
2418 3914 2518 3969 ego
2564 3907 2616 3954 et
2664 3899 2825 3954 Pater
2874 3916 3037 3955 unum
3067 3915 3274 3957 sumus.
3314 3902 3431 3957 Et:

161 3989 340 4063 (Ioan.
369 4006 463 4044 vni
487 4007 502 4058 ;
527 3989 657 4043 Luc.
685 3990 783 4060 xi).
820 4009 837 4040 ι
863 3989 970 4045 Cor
994 4004 1179 4044 eorum
1212 3990 1552 4059 iniquitatem
1592 3990 1740 4056 fecit,
1845 3989 1961 4046 Non
1988 4005 2107 4046 sum
2138 3991 2338 4046 missus
2365 3990 2468 4046 nisi
2495 3991 2562 4045 ad
2597 4005 2727 4045 oves
2766 4006 2887 4062 quae
2922 3991 3204 4061 perierunt
3237 3994 3431 4052 domus

163 4098 283 4139 cum
326 4081 581 4137 dixerunt
615 4100 627 4135 :
658 4099 676 4133 ι
706 4080 821 4137 Non
860 4091 944 4137 est
982 4082 1070 4137 hic
1097 4083 1258 4137 homo
1283 4100 1311 4137 a
1338 4083 1449 4139 Deo
1483 4085 1576 4155 qui
1622 4086 1744 4140 sab-
1844 4084 2032 4139 lsrael.
2069 4083 2246 4138 Duces
2273 4090 2536 4137 vocantur
2563 4083 2808 4152 apostoli,
2858 4083 2985 4153 quia
3034 4084 3135 4154 ipsi
3173 4085 3429 4143 ducatum

160 4177 344 4233 batum
374 4192 481 4230 non
512 4175 745 4231 custodit
768 4174 949 4248 (Joan.
982 4175 1079 4247 ix).
1111 4195 1129 4228 ι
1166 4193 1183 4226 ι
1216 4175 1283 4232 Ut
1310 4175 1549 4245 proferat
1577 4176 1744 4231 simu—
1844 4176 2190 4247 praebuerunt
2224 4174 2496 4231 universis
2535 4175 2916 4239 credentibus,
2956 4175 3022 4230 de
3058 4190 3289 4246 quorum
3321 4193 3433 4234 uno

161 4268 441 4335 lationem,
471 4277 527 4324 et
574 4268 823 4339 loquatur
848 4268 916 4323 ad
956 4269 1241 4323 Dominum
1288 4266 1682 4325 fraudulenter.
1717 4289 1735 4321 ι
1842 4263 2086 4336 loquitur
2112 4264 2440 4321 Psalmista:
2482 4283 2503 4316 ι
2533 4265 2611 4320 Tu
2658 4281 2789 4322 vero
2814 4267 2977 4322 homo
3019 4268 3293 4325 unanimis
3322 4269 3429 4326 dux

170 4361 526 4417 Simulatores
549 4361 623 4416 illi
649 4370 823 4427 erant,
853 4363 979 4432 quia
1009 4361 1366 4417 ostendebant
1409 4379 1467 4417 se
1495 4378 1615 4439 esse
1654 4363 1742 4433 ju-
1845 4370 1999 4411 meus
2024 4364 2080 4410 et
2108 4363 2266 4411 notus
2297 4370 2450 4411 meus
2479 4353 2653 4427 (Psal.
2682 4355 2814 4423 Liv).
2841 4375 2861 4407 ι

161 4464 292 4521 stos,
324 4470 445 4510 cum
476 4464 658 4510 essent
680 4454 821 4525 pleni
849 4454 1154 4525 iniquitate,
1181 4454 1376 4523 quibus
1401 4464 1454 4509 et
1480 4456 1739 4512 Dominus
1919 4468 1938 4500 ί
1969 4447 2222 4504 Mulieres
2244 4449 2533 4518 οριιιεηυιε,
2562 4451 2768 4520 surgite
2796 4457 2850 4504 ει
2875 4450 3077 4507 avdite.
3110 4472 3130 4505 ι
3164 4452 3433 4524 Loquitur

162 4547 322 4603 dixit:
345 4544 466 4601 «Vae
480 4546 854 4611 VOlliS,SCI'lll$
868 4546 1286 4611 etPharisaei,et
1305 4547 1623 4616 hypocritae,
1646 4549 1734 4618 qui
1770 4606 1816 4618 _
1843 4542 2104 4612 propheta
2130 4541 2197 4595 ad
2223 4540 2476 4596 mulieres
2497 4538 2805 4596 «Ῐυάωοῐυηι
2826 4582 2841 4606 .
2866 4557 2988 4611 quae
3018 4543 3194 4598 ducta!
3223 4554 3351 4600 sunt
3375 4547 3429 4601 in

124 4637 364 4711 'similes
384 4636 518 4691 estis
536 4606 796 4707 sepulcris
816 4606 1552 4694 dealliatis.rFramlulenter
1579 4606 1741 4695 locuti
1770 4606 2226 4709 Dpraedationem
2272 4652 2302 4691 a
2346 4635 2605 4690 Romanis
2650 4636 2703 4689 in
2750 4635 2935 4691 ultima
2979 4637 3324 4707 captivitate,
3376 4649 3433 4694 et

163 4738 305 4795 sunt,
326 4729 540 4798 quando
561 4728 811 4799 dixerunt
832 4745 845 4781 :
878 4747 895 4779 ι
915 4727 1165 4801 Magister
1188 4728 1408 4795 scimus,
1433 4731 1558 4799 quia
1578 4746 1741 4787 verax
1845 4734 2090 4806 praecipit
2111 4742 2168 4788 ut
2188 4733 2477 4804 diligenter
2497 4730 2801 4787 auscultent
2824 4731 2985 4787 verba
3013 4731 3175 4788 illius.
3208 4733 3312 4788 Per
3330 4733 3431 4789 has

164 4834 299 4891 es,et
313 4826 451 4879 viain
469 4825 560 4878 Dei
581 4824 631 4877 in
647 4824 871 4878 veritate
886 4824 1305 4895 doces,»usque:
1329 4825 1742 4883 «Licetcensum
1846 4823 2133 4890 mulieres,
2165 4824 2424 4879 debemus
2459 4821 2756 4890 intelligere
2798 4825 3098 4894 synagogas
3120 4820 3427 4879 Iudaeorum

167 4916 279 4970 dari
304 4914 523 4977 Caesari,
547 4932 614 4968 an
642 4914 782 4969 non?
802 4932 819 4965 ι
847 4913 1059 4986 (Matth.
1086 4916 1242 4985 xxii.)
1266 4915 1371 4971 Sed
1399 4919 1528 4987 quid
1554 4919 1743 4975 audie-

1852 4913 1932 4969 vel
1973 4915 2179 4969 urbes:
2220 4913 2305 4969 vel
2349 4913 2509 4967 etiam
2551 4921 2825 4968 matronas
2866 4913 3079 4969 nobiles
3115 4923 3171 4968 et
3208 4915 3425 4981 divites,

168 5014 291 5061 runt
313 5020 344 5058 a
368 5004 627 5060 Domino?
648 5004 785 5071 Quid
805 5021 889 5059 me
912 5004 1127 5075 (inquit)
1154 5006 1390 5072 tentatis,
1417 5008 1746 5078 hypocritaz?
1849 5020 1968 5074 qure
1991 5005 2110 5059 ideo
2130 5004 2399 5075 opulentae
2427 5003 2701 5068 dicuntur,
2726 5003 2851 5072 quia
2875 5003 3284 5058 abundaverunt
3304 5019 3429 5075 ope-

175 5117 194 5149 ‹
220 5098 285 5152 Ει
328 5110 549 5150 vacuam
586 5115 604 5146 ι
640 5096 743 5150 hoc
787 5104 872 5151 est
899 5095 1127 5149 alienam
1174 5112 1204 5151 a
1254 5111 1391 5167 pane
1443 5099 1592 5153 verbi
1641 5098 1735 5154 Dei
1839 5096 2008 5150 ribus.
2050 5095 2116 5149 Et
2140 5095 2270 5165 quid
2297 5094 2429 5149 dicit
2456 5094 2574 5149 eis?
2602 5093 2647 5150 Ο
2684 5093 2961 5159 mulieres,
3000 5107 3121 5162 qua;
3153 5094 3423 5163 quondam

177 5209 196 5243 ‹
227 5189 386 5246 faciet
429 5190 700 5254 animam,
740 5208 759 5242 ι
813 5190 865 5245 id
911 5198 994 5244 est
1036 5198 1272 5245 mentem
1325 5209 1343 5241 ι
1384 5191 1671 5248 esurientis
1714 5212 1731 5244 ι
1839 5186 2016 5242 fuistis
2037 5186 2325 5256 opulentae,
2358 5201 2502 5242 nunc
2523 5194 2703 5241 autem
2734 5186 2958 5256 captiva:
2984 5186 3261 5251 tenemini,
3300 5201 3425 5240 sur--

172 5284 254 5339 ille
278 5283 448 5339 scriba
479 5294 533 5336 et
554 5282 859 5338 Pharisaeus
884 5302 896 5336 :
936 5302 952 5333 ι
983 5290 1037 5337 et
1057 5291 1266 5351 potum,
1306 5304 1324 5335 ι
1357 5283 1408 5338 id
1437 5293 1540 5349 est,
1572 5280 1755 5340 scien-'
1841 5280 1969 5351 gite.
2002 5278 2211 5334 Jacenti
2241 5279 2327 5334 vel
2357 5279 2564 5335 sedenti
2591 5279 2812 5342 dicitur,
2849 5293 3024 5348 surge.
3051 5278 3119 5333 Et
3142 5278 3247 5333 illas
3270 5278 3421 5349 jace-

172 5373 293 5429 tiam
328 5392 346 5424 ι
377 5370 604 5426 auferet.
644 5391 663 5422 ι
691 5372 921 5441 Populus
946 5387 1176 5441 namque
1200 5371 1504 5429 Iudaeorum
1530 5372 1743 5429 volebat
1843 5372 1971 5426 bant
2000 5372 2053 5425 in
2080 5372 2363 5428 volutabro
2389 5373 2666 5437 vitiorum,
2705 5380 2983 5442 torpentes
3008 5388 3037 5426 a
3067 5374 3209 5427 bono
3235 5387 3417 5443 opere.

172 5481 204 5521 a
227 5466 448 5521 Domino
493 5464 771 5533 percipere
813 5479 1007 5533 panem
1038 5465 1369 5534 spiritualem
1416 5474 1471 5520 et
1518 5481 1736 5537 aquam,
1843 5466 1909 5521 Et
1930 5466 2057 5535 quid
2082 5475 2164 5521 est
2193 5466 2373 5522 dicere
2400 5466 2639 5537 Surgite,
2664 5466 2769 5520 nisi
2797 5484 2815 5517 ι
2851 5465 3423 5537 agitejpoznitentiam?

172 5559 270 5616 hoc
288 5566 373 5614 est
406 5556 703 5612 doctrinam
747 5556 1058 5621 salutarem,
1090 5557 1182 5612 sed
1212 5572 1241 5610 a
1274 5559 1467 5614 scribis
1490 5570 1546 5614 et
1591 5559 1735 5615 Pha-
1842 5558 2054 5630 (Matth.
2087 5559 2183 5631 ιν.)
2216 5581 2234 5613 ι
2274 5580 2292 5611 ι
2324 5560 2389 5614 Et
2416 5560 2596 5614 audite
2625 5573 2808 5614 vocem
2840 5574 3032 5623 meam,
3070 5578 3088 5611 ι
3119 5559 3172 5613 id
3199 5568 3283 5612 est
3303 5573 3425 5613 cor-

172 5650 337 5707 risaiis
358 5648 763 5721 prohibebatur.
807 5647 1071 5702 Dicebant
1099 5648 1174 5703 illi
1219 5650 1486 5717 doctores,
1515 5667 1618 5707 non
1642 5652 1737 5708 do-
1844 5655 1908 5711 de
1944 5656 2243 5728 intelligite,
2267 5665 2320 5710 et
2346 5655 2690 5710 conscendite
2718 5654 2785 5709 de
2810 5653 2954 5707 vitiis
2985 5653 3050 5705 ad
3076 5654 3326 5715 virtutes,
3354 5651 3421 5704 de

176 5754 345 5801 ctores
369 5742 461 5799 sed
487 5742 669 5812 potius
695 5741 1034 5798 seductores:
1068 5740 1178 5797 Cur
1200 5744 1439 5813 recipitis
1480 5746 1738 5815 praedica-
1843 5745 2070 5801 terrenis
2118 5746 2185 5800 ad
2233 5745 2490 5801 coelestia.
2535 5743 2682 5798 Filiae
2742 5758 2861 5812 quae
2913 5742 3184 5810 quondam
3244 5740 3421 5796 fuistis

98 5883 105 5889 .
178 5838 373 5896 tionem
401 5835 583 5907 hujus,
618 5821 671 5893 et
710 5850 807 5892 cur
828 5835 1048 5892 creditis
1077 5835 1129 5891 in
1160 5834 1352 5891 illum?
1382 5836 1494 5894 Non
1524 5848 1607 5894 est
1637 5838 1740 5895 iste
1845 5836 2176 5894 confidentes
2204 5836 2256 5892 in
2284 5836 2479 5891 vestris
2522 5835 2741 5900 divitiis,
2767 5832 3029 5904 percipite
3068 5832 3291 5888 auribus
3311 5832 3419 5889 elo-
