3918 6474
238 492 342 549 881

1312 477 1660 534 COMMENT.
1701 476 1767 531 IN
1808 475 2057 531 ISAMII.
2102 510 2167 519 οτ-
2209 479 2332 534 LIB.
2374 477 2435 532 II.

3391 479 3497 536 882

244 606 430 678 (loan.
456 606 529 675 γ).
556 601 800 658 Christus
821 615 948 670 ergo
973 599 1024 652 in
1056 595 1340 652 solitudine
1362 593 1589 657 habitat,
1615 592 1716 646 hoc
1739 600 1822 644 est
1849 595 1899 650 Α
1928 589 2166 644 Ecclesia
2200 592 2252 644 in
2285 590 2372 644 illo
2421 598 2621 652 manet,
2657 589 2870 658 quatidu
2911 589 3016 643 erit
3056 588 3196 644 Deus
3235 588 3412 646 omnia
3443 589 3498 646 in

241 699 302 753 in
332 695 585 752 cordibus
622 691 901 764 gentilium
935 703 1034 759 per
1073 686 1233 741 ﬁdem
1273 693 1327 739 et
1366 683 1729 747 dilectionem,
1768 688 1822 734 et

240 789 361 859 ipse
387 785 482 857 qui
511 791 594 840 est
616 781 825 854 justitia
853 789 907 835 et
928 779 1131 834 veritas
1158 777 1308 832 sedet
1335 775 1388 830 in
1417 771 1686 834 Chermel,
1720 771 1822 824 hoc

235 885 327 935 est
354 877 408 933 in
437 873 850 946 congregatione
881 870 1116 926 ﬁdelium
1139 908 1154 933 ,
1195 867 1288 938 qui
1321 881 1502 920 veram
1534 862 1820 920 circumci-

239 973 450 1029 sionem
478 969 694 1026 habent.
733 967 825 1023 Sic
850 969 994 1022 enim
1029 964 1160 1020 dicit
1181 961 1505 1034 Apostolus:
1541 957 1822 1028 Templum

239 1064 339 1119 Dei
374 1072 621 1119 sanctum
662 1069 746 1116 est
782 1059 927 1130 quod
959 1059 1092 1113 estis
1119 1072 1214 1112 vos
1247 1054 1298 1126 (ι
1335 1053 1456 1108 Cor.
1495 1068 1578 1116 ιιι,
1614 1051 1701 1121 6);
1724 1058 1776 1102 ει
1806 1068 1818 1102 :

239 1155 500 1210 Habitare
548 1152 823 1209 Christum
871 1165 966 1221 per
1013 1147 1171 1202 ﬁdem
1223 1146 1277 1200 in
1327 1142 1579 1198 cordibus
1626 1138 1823 1193 vestris

238 1245 457 1317 (Ephes.
487 1243 603 1317 ιιι);
643 1251 699 1298 ει
738 1243 851 1312 ipse
874 1239 1132 1295 Dominus
1158 1256 1170 1291 :
1201 1235 1301 1302 Qui
1329 1241 1508 1288 manet
1534 1233 1588 1286 in
1615 1246 1734 1296 me,
1770 1236 1825 1284 et

237 1353 342 1408 ego
375 1338 428 1392 in
466 1351 531 1391 eo
556 1334 738 1407 (Joan.
763 1333 888 1404 xv);
929 1340 984 1386 ει
1023 1347 1122 1402 per
1160 1327 1475 1400 prophetam
1511 1345 1523 1379 :
1553 1323 1824 1378 Inhabita-

236 1429 310 1484 bo
342 1430 395 1484 in
426 1429 530 1484 illis
554 1437 608 1483 et
631 1424 971 1482 inambulabo
999 1422 1182 1496 (Leuit.
1216 1421 1386 1492 XXVI).
1427 1439 1444 1471 ι
1475 1419 1541 1472 Ει
1565 1419 1667 1472 erit
1691 1433 1824 1486 opus

231 1523 464 1594 iustitiae
489 1537 612 1591 pax,
647 1540 666 1573 ι
711 1520 761 1574 id
805 1527 889 1575 est
928 1516 1153 1581 Christi,
1186 1514 1278 1584 qui
1311 1513 1482 1568 dixit:
1515 1511 1707 1566 Pacem
1741 1526 1826 1565 re-

239 1613 426 1686 linquo
447 1615 618 1679 vobis,
642 1629 828 1684 pacem
857 1626 1034 1666 meam
1059 1611 1128 1665 do
1150 1608 1303 1663 vobis
1338 1605 1518 1678 (Joan.
1539 1605 1650 1674 xiv)
1684 1622 1696 1657 :
1725 1617 1826 1674 pro

236 1723 306 1764 eo
333 1708 475 1778 quod
501 1715 584 1762 est
611 1707 772 1759 dabo.
812 1703 948 1770 Quia
997 1702 1064 1756 ad
1103 1701 1206 1756 hoc
1254 1699 1430 1761 venit,
1473 1707 1529 1751 ut
1566 1695 1822 1750 mundum

237 1814 338 1868 per
362 1811 519 1852 suum
549 1793 861 1865 sanguinem
895 1791 1206 1862 paciﬁcaret
1232 1789 1342 1844 Deo
1366 1787 1531 1842 Patri.
1563 1805 1580 1835 ι
1619 1785 1685 1839 Ει
1708 1783 1824 1838 cul-

240 1899 330 1944 tus
345 1888 568 1956 iustitiae
597 1886 891 1942 silentium.
924 1904 942 1938 ι
978 1883 1188 1948 Cultus,
1219 1883 1318 1938 hoc
1339 1891 1424 1937 est
1454 1879 1641 1947 religio
1663 1876 1824 1931 Chri-

1925 679 2174 734 omnibus
2197 679 2247 747 (Ι
2286 679 2408 733 Cor.
2440 680 2550 752 xv).

2000 790 2017 819 ι
2046 769 2262 826 Crando
2310 780 2486 826 autem
2516 792 2533 822 ι
2568 771 2673 826 erit
2701 791 2717 822 ι
2757 773 2809 826 in
2840 773 3188 828 descensione
3222 772 3412 836 saltus,
3443 780 3501 826 et

1924 861 2226 915 humilitate
2257 862 2629 916 humiliabitur
2670 862 2880 918 civitas.
2921 884 2940 917 ι
2988 863 3196 919 Saltum
3226 871 3386 920 vocat
3403 864 3495 935 ju-

1925 953 2137 1007 daicum
2187 953 2461 1022 populum,
2491 954 2584 1023 qui
2613 954 2664 1008 in
2710 953 3078 1011 inﬁdelitatem
3105 956 3343 1026 gentium
3368 970 3500 1010 con-

1925 1060 2114 1099 versus
2154 1054 2254 1098 est.
2308 1044 2420 1098 Hoc
2463 1046 2628 1099 etiam
2686 1046 2959 1116 impletum
3001 1055 3081 1100 est
3146 1053 3200 1102 et
3247 1047 3501 1117 impletur

1925 1137 2162 1206 quotidie
2183 1177 2197 1201 ,
2225 1136 2292 1190 ad
2316 1145 2619 1192 extremum
2664 1136 2829 1192 etiam
2861 1138 2912 1192 in
2935 1137 3020 1192 die
3043 1138 3228 1208 judicii
3257 1138 3502 1208 implebi-

1927 1239 2031 1283 tur.
2064 1227 2300 1293 Grando,
2324 1230 2426 1284 hoc
2451 1239 2536 1284 est
2563 1239 2852 1300 tempestas
2883 1232 3245 1287 tribulationis
3269 1241 3323 1286 et
3349 1233 3500 1288 cala-

1925 1320 2128 1374 mitatis
2171 1335 2331 1389 super
2369 1319 2579 1376 Judzeos
2605 1323 2750 1376 venit
2787 1341 2802 1376 :
2836 1325 3051 1394 quando
3080 1322 3346 1378 interfecti
3378 1329 3505 1376 sunt

1927 1427 1955 1466 a
1987 1413 2263 1478 Romanis,
2292 1422 2346 1467 et
2394 1414 2589 1469 civitas
2634 1429 2696 1468 ac
2743 1415 2996 1485 templum
3031 1414 3240 1469 illorum
3272 1427 3502 1468 succen-

1927 1518 2044 1558 sum
2086 1513 2196 1564 est.
2252 1505 2460 1574 ipsique
2514 1517 2894 1564 remanserunt
2939 1523 3003 1562 ac
3045 1522 3142 1576 per
3192 1507 3500 1560 universum

1927 1595 2110 1651 mundi
2153 1597 2412 1650 ambitum
2449 1598 2694 1652 distracti
2723 1607 2867 1653 sunt.
2903 1598 3060 1652 Modo
3102 1600 3264 1652 etiam
3297 1597 3504 1667 grando

1929 1687 2268 1740 miseriarum
2307 1703 2467 1757 super
2507 1689 2627 1742 illos
2655 1698 2759 1752 est,
2795 1690 2920 1758 quia
2948 1691 3003 1744 in
3025 1689 3337 1744 servitutem
3370 1703 3505 1757 gen-

1929 1777 2061 1831 tium
2099 1778 2303 1832 redacti
2331 1787 2477 1833 sunt.
2500 1779 2566 1833 Et
2592 1780 2735 1848 quod
2760 1781 2976 1850 gravius
2998 1787 3082 1833 est
3104 1820 3118 1844 ,
3152 1777 3313 1832 alieni
3333 1793 3361 1831 a
3394 1777 3505 1831 Deo

1894 1865 1896 1868 ’
1928 1867 2247 1932 existentes,
2273 1869 2512 1937 quotidie
2540 1869 2856 1924 miserrima)
2879 1869 3092 1922 illorum
3119 1868 3310 1922 anima:
3336 1883 3366 1922 a
3393 1868 3507 1922 dia-

239 1950 501 2045 sti,'ﬁdes
527 1989 610 2036 est
637 1988 693 2035 et
717 1978 957 2049 operatio
985 1992 1089 2032 non
1121 1976 1264 2032 ﬁcta.
1299 1974 1451 2042 Quod
1474 1980 1653 2027 autem
1692 1970 1824 2024 dicit
1849 1950 1897 2011 Β
1924 1956 2058 2049 δοιοᾲ
2079 1959 2439 2049 οὓυλῑίῖίληιιινο
2485 1959 2542 2012 ιη
2572 1959 2657 2013 (ΠΟ
2691 1968 2867 2013 autem
2892 1957 3104 2027 Ῑυάίείίι
3130 1974 3296 2049 διινθιῖ
3319 1973 3507 2049 omnes

240 2073 418 2130 cultus
447 2073 672 2144 jnstitiae
700 2073 804 2127 erit
836 2070 1139 2133 silentium,
1182 2067 1414 2123 ostendit
1443 2065 1567 2135 quia
1597 2062 1826 2135 gentiles

237 2165 332 2234 qui
366 2165 532 2219 Deum
563 2164 763 2232 ubique
798 2169 1116 2234 praesentem
1154 2174 1273 2215 esse
1305 2157 1577 2220 sentiunt,
1620 2168 1728 2208 non
1769 2151 1824 2206 in

237 2259 580 2337 multiloquio
603 2261 831 2315 credunt
854 2273 912 2312 se
935 2255 1200 2320 exaudiri,
1229 2254 1369 2309 sicut
1389 2251 1579 2308 scriba;
1599 2258 1653 2304 et
1676 2248 1822 2302 Pha-

237 2350 379 2406 risaei
399 2392 414 2416 ,
445 2352 537 2420 qui
566 2359 749 2406 amant
785 2351 840 2404 in
873 2349 1086 2420 angulis
1113 2347 1414 2418 platearum
1443 2353 1499 2398 et
1526 2344 1578 2397 in
1610 2355 1825 2412 compe-

240 2439 309 2496 tis
342 2455 524 2506 orare,
568 2448 630 2495 ut
671 2441 958 2495 videantur
997 2440 1065 2493 ab
1109 2437 1414 2494 hominibus
1450 2433 1676 2507 (Matth.
1712 2431 1820 2505 vt).

243 2552 261 2584 ‹
289 2531 357 2587 Ει
395 2533 658 2589 securitas
698 2547 868 2603 usque
913 2532 967 2586 in
1014 2530 1421 2601 sempiternum.
1456 2546 1474 2580 ι
1516 2527 1582 2580 Ει
1619 2525 1709 2579 ubi
1741 2531 1824 2580 est

237 2625 342 2680 ista
371 2626 668 2681 securitas?
697 2627 752 2680 In
781 2625 1041 2691 Ecclesia,
1070 2626 1171 2680 hoc
1195 2631 1278 2678 est
1319 2623 1373 2677 in
1407 2621 1824 2692 congregatione

236 2716 497 2772 ﬁdelium.
526 2717 712 2773 Sancti
740 2718 883 2771 enim
915 2717 1040 2772 licet
1064 2716 1380 2787 plerumque
1409 2715 1635 2769 adversa
1668 2713 1823 2768 istius

238 2807 421 2865 saeculi
451 2807 714 2874 tolerent,
743 2817 923 2862 tamen
963 2807 1016 2861 in
1058 2807 1343 2861 securitate
1371 2804 1647 2869 habitant,
1687 2802 1822 2857 certi

238 2902 308 2957 de
327 2915 422 2972 spe
441 2910 658 2957 aeterna:
678 2899 1151 2956 remunerationis.
1177 2898 1310 2966 Quia
1337 2905 1619 2953 manentes
1644 2897 1822 2951 adhuc

238 2994 296 3049 in
335 3009 518 3061 carne,
565 2994 807 3050 coelestia
851 3001 1030 3048 mente
1065 2994 1178 3063 jam
1227 2992 1532 3063 possident,
1582 2992 1822 3046 dicentes

239 3101 364 3140 cum
385 3085 660 3155 Apostolo.
687 3104 706 3138 ‹
729 3084 925 3140 Nostra
945 3083 1287 3140 conversatio
1308 3084 1363 3138 in
1384 3081 1537 3139 cmlis
1562 3091 1646 3137 est
1668 3079 1820 3151 (Phi-

237 3177 330 3249 lip.
364 3178 440 3249 ν).
473 3199 490 3230 ι

315 3375 335 3407 ι
368 3356 439 3408 Ει
467 3355 672 3409 sedebit
702 3354 929 3422 populus
952 3367 1102 3408 meus
1131 3353 1184 3407 in
1213 3320 1612 3422 pulchritudine
1641 3350 1814 3420 pacis,

241 3453 296 3499 et
332 3445 386 3498 in
423 3444 784 3500 tabernaculis
825 3444 1052 3508 fiducize,
1076 3445 1208 3498 etin
1251 3444 1437 3514 requie
1479 3442 1753 3512 opulenta.
1792 3461 1811 3494 ι

241 3535 499 3608 Populum
529 3538 661 3593 dicit
700 3537 806 3592 isto
843 3538 896 3592 in
933 3537 1050 3594 loco
1072 3552 1179 3592 non
1205 3535 1491 3592 Judaicum
1521 3537 1615 3592 sed
1648 3537 1821 3608 genti-

244 3625 366 3691 lem,
388 3626 480 3696 qui
508 3626 666 3682 modo
691 3626 842 3682 sedet
874 3627 926 3682 in
952 3627 1194 3684 Ecclesia
1215 3627 1306 3682 ubi
1330 3637 1412 3682 est
1436 3627 1669 3681 maxima
1696 3625 1816 3696 pul-

243 3719 488 3776 chritudo
535 3721 588 3774 in
625 3721 820 3776 decore
853 3720 998 3786 ﬁdei,
1036 3731 1088 3776 et
1121 3721 1358 3790 dignitas
1395 3729 1450 3776 et
1472 3737 1574 3790 pax
1605 3735 1820 3790 unaque

242 3811 546 3868 concordia.
594 3811 835 3868 Ecclesia
862 3828 1096 3882 namque
1123 3813 1175 3867 in
1216 3813 1616 3885 pulchritudine
1643 3815 1818 3880 sedet,

241 3902 448 3958 habens
494 3902 791 3974 episcopos,
824 3906 1191 3977 presbyteros,
1241 3905 1453 3970 levitas,
1486 3913 1820 3975 caeterosque

243 3997 440 4066 gradus
485 3997 680 4068 quibus
722 3999 1058 4065 adornatur;
1100 4007 1156 4054 et
1193 3999 1414 4068 insuper
1445 4007 1556 4053 tres
1602 3999 1820 4054 ordines

242 4090 584 4161 prmlatorum
624 4091 890 4160 virginum
925 4102 982 4148 et
1017 4091 1443 4162 coniugatorum.
1483 4091 1586 4148 Ista
1610 4100 1694 4147 est
1717 4092 1820 4148 cla-

243 4181 454 4237 rissima
515 4181 876 4256 pulchritudo.
948 4182 1014 4236 Et
1059 4182 1114 4236 in
1166 4182 1528 4237 tabernaculis
1586 4181 1814 4238 ﬁduciae.

246 4270 440 4327 Sancta
469 4269 726 4336 Ecclesia,
760 4287 880 4326 cum
916 4272 988 4327 sit
1017 4288 1121 4326 una
1144 4271 1198 4327 in
1245 4272 1368 4336 lide,
1394 4271 1448 4325 in
1472 4271 1813 4342 baptismate,

243 4375 417 4422 tamen
447 4363 636 4421 diffusa
677 4372 760 4419 est
785 4379 882 4436 per
901 4373 1134 4435 quatuor
1167 4364 1324 4420 istius
1358 4365 1544 4418 mundi
1575 4365 1817 4430 climata,

243 4455 489 4512 habitans
531 4455 586 4509 in
608 4454 968 4509 tabernaculis
1007 4454 1236 4509 ﬁduciae.
1263 4453 1330 4508 Et
1352 4453 1623 4523 quomodo
1648 4455 1701 4507 in
1740 4463 1820 4508 ta-

242 4546 543 4603 bernaculis
572 4546 816 4602 ﬁduciae?
840 4545 976 4612 Quia
1003 4546 1056 4599 in
1082 4545 1302 4600 Christo
1322 4545 1544 4599 fundata
1567 4554 1671 4610 est,
1696 4546 1820 4616 quia

244 4647 324 4696 est
350 4638 485 4708 lapis
506 4637 779 4707 angularis
803 4635 1018 4709 (Ep/tes.
1053 4637 1138 4706 ιι),
1163 4651 1230 4691 ex
1261 4635 1468 4690 duobus
1495 4636 1706 4707 pepulis
1730 4652 1820 4690 ρος

244 4705 428 4802 pulans
471 4705 771 4785 sibi—unam
798 4705 1113 4784 Ecclesiam.
1140 4725 1238 4783 Vel
1265 4727 1432 4782 etiam
1469 4705 1524 4782 in
1568 4705 1818 4783 taberna-
1843 4705 1896 4766 Ῐ)

244 4823 375 4879 culis
397 4821 607 4878 ﬁduciae
648 4822 857 4876 habitat
880 4829 1061 4877 mente
1099 4834 1207 4874 non
1232 4833 1492 4890 corpore,
1531 4819 1597 4875 de
1621 4819 1816 4890 quibus

244 4915 376 4971 dixit
397 4913 678 4980 Dominus,
707 4932 724 4964 ι
754 4912 813 4967 In
837 4913 995 4968 domo
1022 4911 1203 4966 Patris
1222 4901 1330 4966 mei
1351 4911 1662 4967 mansiones
1684 4913 1816 4967 mul-

245 5016 310 5063 ta:
335 5016 460 5063 sunt
504 5005 686 5081 (Joan.
713 5007 847 5074 xiv).
882 5026 900 5060 ι
937 5006 1074 5060 Dum
1121 5005 1264 5060 enim
1291 5005 1463 5061 sancti
1497 5005 1554 5061 in
1584 5007 1814 5062 terrenis

245 5101 315 5156 nil
365 5101 639 5167 ambiunt,
680 5101 775 5156 sed
824 5107 936 5155 toto
967 5098 1164 5154 mentis
1194 5099 1388 5155 ardore
1425 5099 1663 5155 coelestia
1693 5115 1816 5156 con-

246 5193 588 5264 templantur,
610 5193 765 5264 quasi
787 5193 841 5248 in
862 5191 1171 5247 cmlestibus
1191 5190 1551 5246 tabernaculis
1573 5191 1817 5248 habitant

248 5288 298 5344 in
323 5303 436 5358 spe.
467 5286 628 5340 «Etin
651 5287 838 5357 requie
855 5286 1162 5356 opulenta,»
1193 5283 1298 5340 hoc
1317 5292 1402 5340 est
1423 5285 1616 5354 opibus
1636 5285 1812 5354 plena.

246 5380 438 5436 Sancta
463 5377 702 5434 Ecclesia
726 5378 779 5433 in
801 5378 987 5449 requie
1013 5377 1267 5450 opulenta
1294 5377 1466 5443 sedet,
1495 5377 1620 5446 quia
1646 5376 1819 5447 pasci-

247 5484 329 5530 tur
354 5471 626 5544 mysteriis
669 5469 880 5525 Veteris
901 5471 1230 5526 Testamenti
1261 5480 1314 5527 et
1338 5469 1495 5527 Novi.
1527 5469 1619 5526 Vel
1651 5472 1814 5526 etiam

249 5565 298 5620 in
321 5565 506 5635 requie
544 5562 797 5635 opulenta
857 5563 1081 5629 sedebit,
1127 5579 1249 5617 cum
1294 5563 1489 5619 viderit
1526 5563 1814 5619 Dominum

246 5655 420 5712 Iesum
445 5655 718 5712 Christum
745 5654 800 5709 in
836 5653 1006 5726 gloria
1036 5661 1276 5723 paternas
1316 5653 1639 5724 maiestatis,
1674 5671 1812 5726 quo-

250 5748 401 5804 modo
443 5746 604 5802 Pater
635 5746 689 5801 in
728 5744 866 5801 Filio
901 5753 957 5801 et
988 5745 1156 5801 Filius
1192 5745 1247 5800 in
1293 5744 1452 5801 Patre
1484 5745 1647 5818 (Joan
1677 5745 1810 5818 XIV),

250 5851 300 5896 et
327 5841 558 5912 Spiritus
578 5849 796 5898 sanctus
835 5841 890 5899 in
927 5848 1173 5914 utroque.
1202 5839 1270 5899 Et
1310 5856 1433 5898 cum
1461 5842 1659 5898 viderit
1689 5859 1819 5915 quo-

251 5935 404 6024 modo
437 5933 683 6018 Christus
715 5933 768 6017 in
793 5949 1018 6024 corpore
1052 5948 1169 6014 suo,
1199 5933 1341 6024 quod
1375 5943 1458 5992 est
1480 5934 1738 6016 Ecclesia,
1763 5945 1819 6012 et

1844 3317 1892 3380 C

1925 2047 2016 2117 qui
2041 2047 2250 2102 Domini
2276 2049 2713 2117 prazdicationem
2744 2049 3215 2119 apostolorumquc
3251 2047 3368 2116 ejus
3407 2048 3504 2104 de-

1871 2146 1880 2155 ’
1927 2148 2218 2210 spexerunt
2268 2151 2323 2194 et
2359 2141 2411 2194 in
2462 2141 2796 2195 inﬁdelitatis
2840 2154 3027 2195 errore
3057 2148 3506 2211 permanserunt,

1926 2231 2007 2284 ira
2051 2240 2103 2286 et
2120 2233 2388 2286 sententia
2417 2232 2510 2287 Dei
2536 2233 2920 2303 omnipotentis
2947 2248 3111 2302 super
3134 2232 3252 2288 illos
3288 2235 3502 2294 veniet.

1925 2322 2314 2391 tradenturque
2345 2322 2453 2392 igni
2488 2332 2770 2392 perpetuo,
2799 2321 3076 2378 cruciandi
3104 2323 3161 2380 in
3195 2337 3422 2394 corpore
3451 2331 3506 2378 et

1925 2412 1980 2467 in
2013 2414 2212 2467 anima.

1999 2523 2018 2554 ‹
2063 2504 2213 2558 Beati
2245 2504 2337 2574 qui
2366 2504 2645 2560 seminatis
2681 2519 2844 2576 super
2868 2518 3057 2560 omnes
3092 2520 3284 2576 aquas,
3309 2504 3510 2560 immit-

1926 2603 2102 2651 tentes
2146 2598 2336 2666 pedem
2389 2597 2541 2653 bovis
2586 2607 2641 2653 et
2684 2599 2843 2654 asini.
2875 2618 2894 2650 ι
2931 2599 3167 2655 Locutus
3205 2608 3290 2655 est
3328 2613 3505 2654 sermo

1925 2689 2139 2744 divinus
2187 2690 2449 2746 hactenus
2488 2691 2554 2746 de
2577 2690 2928 2746 subversione
2969 2699 3022 2746 et
3056 2691 3274 2746 miseria
3304 2689 3510 2747 Iudaeo-

1926 2795 2077 2847 rum;
2123 2782 2390 2836 convertit
2420 2797 2479 2837 εε
2504 2783 2700 2836 iterum
2726 2783 2794 2836 ad
2821 2782 3092 2852 apostolos
3112 2792 3165 2838 et
3186 2783 3507 2853 praedicato-

1926 2889 2015 2929 res
2033 2885 2280 2940 sanctos,
2306 2876 2399 2945 qui
2430 2875 2496 2929 ad
2522 2874 2684 2931 ﬁdem
2712 2883 3061 2942 vocaverunt,
3092 2876 3277 2931 dicens
3309 2896 3322 2929 :
3354 2874 3509 2931 Beati

1925 2969 2016 3037 qui
2053 2970 2332 3024 seminatis
2361 2971 2582 3024 verbum
2610 2970 2884 3042 Evangelii
2912 2984 3075 3040 super
3098 2984 3290 3025 omnes
3313 2984 3504 3040 aquas,

1923 3063 1975 3116 id
2011 3069 2096 3116 est
2143 3076 2307 3131 super
2347 3063 2510 3116 corda
2557 3061 2801 3116 omnium
2844 3061 3084 3133 gentium
3108 3103 3123 3126 ,
3155 3061 3508 3115 immittentes

1921 3156 2145 3225 pedem,
2182 3156 2285 3209 hoc
2325 3163 2408 3210 est
2449 3155 2720 3211 actionem
2767 3155 2921 3210 bovis
2961 3164 3016 3210 et
3042 3155 3180 3211 asini
3208 3155 3263 3209 in
3293 3153 3508 3208 vincula

1923 3259 2318 3320 praeceptorum
2369 3251 2483 3303 Dei.
2525 3249 2630 3303 Per
2659 3251 2873 3315 bovem,
2922 3251 3066 3320 quod
3117 3259 3201 3306 est
3248 3250 3504 3305 mundum

1925 3341 2122 3394 animal
2152 3349 2207 3394 et
2225 3339 2415 3410 jugum
2449 3341 2632 3406 trahit,
2649 3341 2900 3408 judaicus
2920 3343 3147 3412 populus
3171 3344 3505 3413 designatur,

1923 3431 2049 3502 quia
2070 3441 2340 3501 praecepta
2361 3429 2454 3483 Dei
2476 3429 2632 3502 longa
2652 3447 2750 3502 per
2770 3441 3008 3503 tempora
3031 3434 3339 3488 custodiens
3355 3449 3481 3510 mun

1890 3519 1892 3521 ’
1923 3529 2023 3584 dus
2051 3528 2300 3594 exstitit,
2341 3536 2396 3582 et
2423 3543 2586 3599 grave
2606 3527 2795 3600 jugum
2826 3529 2961 3600 legis
3001 3530 3276 3585 sustinuit.
3311 3530 3507 3585 Asinus

1923 3631 2123 3685 autem,
2154 3621 2246 3690 qui
2278 3621 2586 3676 immundus
2611 3629 2714 3686 est,
2741 3607 3008 3692 signiﬁcat
3027 3623 3274 3693 gentiles,
3292 3625 3382 3693 qui
3406 3639 3506 3693 per

1923 3712 2246 3767 idololatriae
2275 3713 2478 3768 cultum
2515 3713 2778 3768 immundi
2808 3722 2864 3768 et
2915 3715 3084 3784 iniqui
3131 3716 3454 3770 exstiterunt
3490 3736 3502 3771 :

1922 3805 2078 3877 longe
2111 3805 2305 3861 semoti
2337 3821 2369 3858 a
2398 3805 2704 3876 cognitione
2742 3814 2797 3862 et
2826 3807 3048 3862 servitio
3074 3807 3187 3862 Dei.
3218 3808 3356 3862 Dicit
3380 3824 3508 3880 ergo

1923 3913 2102 3954 sermo
2152 3898 2406 3953 divinus:
2445 3898 2594 3953 Beati
2643 3900 2794 3966 estis,
2826 3916 2859 3955 ο
2887 3901 3058 3955 sancti
3093 3900 3504 3971 przedicatores,

1923 3991 2016 4061 qui
2045 3990 2345 4045 doctrinam
2381 3989 2654 4060 Evangelii
2697 3999 2752 4047 et
2794 3991 3016 4046 verbum
3058 3990 3180 4046 ﬁdei
3229 3994 3508 4050 seminatis

1923 4099 2085 4155 super
2115 4084 2280 4139 corda
2329 4083 2636 4139 Iudaeorum
2681 4095 2735 4140 et
2772 4085 3074 4155 gentilium,
3115 4086 3503 4155 immittentes,

1922 4175 2026 4230 hoc
2054 4183 2136 4230 est
2173 4175 2574 4230 introducentes
2604 4176 2873 4231 actionem
2909 4184 2964 4230 et
2989 4178 3358 4247 operationem
3391 4180 3507 4235 illo-

1924 4283 2043 4321 rum
2066 4267 2123 4321 in
2152 4267 2358 4321 vincula
2389 4276 2779 4337 prmeeptorum
2807 4270 3106 4325 ccelestium
3126 4313 3142 4337 ,
3181 4280 3240 4326 nt
3276 4289 3346 4344 ex
3375 4275 3508 4330 duo~

1922 4359 2023 4414 bus
2060 4359 2273 4430 populis
2318 4375 2481 4422 unam
2522 4370 2765 4416 sanctam
2811 4370 2866 4417 et
2895 4363 3302 4421 immaculatam
3324 4366 3506 4422 Eccle-

1925 4452 2061 4507 siam
2083 4451 2312 4508 Domino
2337 4451 2604 4508 aediﬁcare
2633 4454 2873 4524 possitis.

2467 4603 2693 4662 CAPUT
2731 4605 2968 4663 XXXIII.

1998 4751 2016 4784 ι
2053 4730 2146 4786 Va:
2180 4730 2271 4802 qui
2292 4729 2572 4801 prredaris,
2608 4713 2789 4786 nonne
2811 4739 2866 4804 et
2895 4733 3012 4804 ipse
3037 4733 3368 4804 praedaberis
3393 4738 3415 4790 ?
3442 4737 3508 4792 Et

1925 4825 2017 4895 qui
2044 4797 2492 4894 spernis—nonne
2519 4831 2574 4878 ct
2603 4823 2717 4894 ipse
2751 4797 3061 4895 speinerisi
3091 4845 3110 4878 ι
3141 4825 3341 4882 Contra
3372 4827 3507 4883 Sen-

1923 4919 2180 4973 nacherib
2209 4917 2368 4971 modo
2403 4916 2657 4987 loquitur.
2687 4916 2819 4973 Nam
2844 4920 2956 4989 ipse
2981 4934 3168 4976 omnes
3197 4921 3502 4990 provincias

1921 5019 1976 5066 et
2000 5011 2248 5081 regiones
2268 5023 2388 5080 quae
2412 5009 2468 5063 in
2488 5009 2716 5064 circuitu
2737 5025 2835 5065 suo
2858 5017 3015 5064 erant
3033 5010 3370 5079 depraedatus
3395 5021 3500 5077 est,

1921 5111 1977 5158 et
2004 5103 2223 5173 insuper
2253 5100 2440 5156 decem
2468 5100 2666 5167 tribus,
2706 5103 2774 5156 ad
2815 5100 3065 5154 ultimum
3090 5116 3278 5157 omnes
3311 5102 3501 5158 civita-

1925 5201 2003 5249 tes
2027 5191 2177 5248 Judre
2210 5201 2265 5248 et
2295 5192 2573 5264 Benjamin
2609 5202 2807 5262 praeter
2835 5191 3167 5248 Hierusalem
3192 5208 3206 5247 :
3239 5202 3403 5264 atque
3430 5195 3499 5250 ob

1922 5286 2290 5356 hujuscemodi
2325 5300 2545 5341 causam
2580 5284 2754 5340 elatus
2796 5283 2851 5336 in
2887 5283 3197 5353 superbiam
3234 5283 3499 5355 gloriaba-

1923 5388 2012 5432 tur
2033 5395 2129 5434 sua
2153 5378 2350 5435 virtute
2389 5388 2444 5434 et
2479 5377 2715 5449 potentia
2763 5377 2946 5432 omnia
2987 5376 3102 5432 haec
3145 5375 3358 5443 fecisse,
3391 5391 3498 5433 non

1923 5471 2166 5528 recolens
2184 5472 2324 5542 quod
2347 5479 2567 5543 propter
2603 5477 2825 5540 peccata
2857 5483 3045 5524 eorum
3073 5467 3379 5523 tradidisset
3405 5481 3499 5524 eos

1922 5564 2180 5622 Dominus
2208 5565 2264 5620 in
2292 5565 2697 5620 conculcatione
2730 5583 2743 5617 :
2777 5563 3004 5632 ideoque
3033 5561 3284 5633 dirigitur
3307 5569 3496 5617 cbntra

1921 5675 2044 5715 eum
2063 5672 2241 5714 sermo
2262 5657 2504 5712 divinus:
2533 5655 2578 5712 Ο
2599 5653 2970 5712 Sennacherib
2997 5653 3402 5724 superbissime,
3434 5661 3494 5708 tu

1923 5753 2014 5823 qui
2039 5751 2299 5822 prazdaris
2338 5750 2509 5815 alios,
2539 5749 2728 5820 utique
2769 5747 3098 5818 praedaberis
3142 5747 3210 5800 ah
3255 5745 3392 5799 aliis.
3430 5745 3497 5798 Et

1923 5845 2015 5918 qui
2049 5845 2262 5920 spernis
2277 5884 2292 5909 ,
2325 5845 2429 5899 hoc
2451 5851 2536 5898 est
2563 5841 2794 5912 despicis
2817 5854 3006 5895 omnes
3028 5847 3215 5910 gentes
3231 5877 3246 5903 ,
3273 5850 3494 5908 sperne-

1926 5938 2002 6018 ris
2025 5945 2079 5996 et
2103 5935 2484 5998 contemneris.
2525 5955 2542 5988 ι
2577 5933 2712 5994 Cum
2737 5930 3196 6006 consummaveris
3217 5928 3492 6016 deprada-
