3918 6480
504 509 608 571 885

496 632 696 686 tionem
731 650 749 680 ι
779 629 1015 700 Egypti,
1041 630 1124 684 vel
1165 627 1379 693 Judeeaa,
1411 629 1573 683 etiam
1595 636 1802 697 partem
1823 625 2073 680 Hierusa-

493 719 596 776 lem
639 736 802 790 quam
860 719 1038 774 Sobna
1093 721 1329 774 tradidit.
1389 739 1406 770 ‹
1445 719 1851 790 Deprzedaberis
1883 759 1896 781 ,
1949 731 2070 770 cum

493 807 747 880 fatigatus
769 809 992 864 desieris
1021 819 1383 874 contemnere,
1416 807 1798 864 contemnrris.
1827 827 1844 857 ι
1876 807 1944 860 Et
1970 806 2074 859 hoc

491 901 838 972 adimpletum
875 909 976 965 est,
1002 901 1140 954 sicut
1187 901 1276 953 hic
1315 900 1624 970 praedicitur
1647 898 1696 968 (Ι
1717 895 1750 948 ν
1781 895 1905 966 Reg.
1933 895 2067 964 xrx).

491 989 772 1062 Siquidem
815 1007 934 1046 cum
979 993 1189 1046 veniret
1219 991 1472 1061 fatigatus
1505 991 1569 1044 de
1589 989 1822 1058 Egypto
1851 988 1919 1040 ob
1973 995 2096 1040 ιω·-

492 1085 640 1138 dium
689 1082 978 1136 multorum
1022 1098 1182 1151 super
1213 1079 1547 1136 Hierusalem
1595 1089 1648 1133 et.
1675 1085 1861 1132 contra
1891 1091 2070 1144 regem

489 1175 778 1230 Ezechiam
807 1216 820 1239 ,
864 1189 1114 1245 egressus
1151 1173 1370 1242 angelus
1405 1171 1612 1226 Domini
1658 1167 1737 1241 (ut
1790 1167 2069 1236 sequentia

490 1263 704 1336 docent)
737 1263 1008 1318 interfecit
1050 1264 1103 1316 in
1144 1263 1337 1317 castris
1369 1261 1512 1314 illius
1550 1267 1764 1314 centum
1794 1257 2068 1327 octoginta

488 1359 723 1427 quinque
749 1357 912 1410 millia
935 1357 1235 1410 hominum.
1263 1355 1448 1408 Potest
1477 1354 1640 1407 etiam
1671 1353 1846 1406 ethoc
1876 1350 2068 1404 referri

487 1451 550 1504 ad
578 1466 768 1504 onmes
814 1450 904 1519 qui
949 1449 1110 1516 impie
1149 1455 1350 1517 agunt,
1380 1453 1434 1500 et
1473 1445 1854 1513 deprtedautur
1881 1443 2070 1496 domos

487 1557 779 1610 pauperum
821 1553 876 1596 et
913 1541 1239 1610 pupillorum
1271 1582 1285 1606 ,
1317 1549 1370 1595 et
1406 1539 1470 1592 ad
1503 1540 1678 1607 ipsum
1710 1538 1932 1606 insuper
1948 1535 2063 1588 (lia-

487 1633 682 1686 lmlum.
732 1633 835 1700 Qui
867 1633 1010 1687 enim
1053 1633 1296 1701 rapinam
1351 1647 1562 1700 semper
1600 1639 1856 1684 exercent
1897 1637 1952 1682 et
1973 1643 2066 1682 su-

485 1727 726 1794 perbiam
770 1737 1065 1792 sectantur,
1097 1727 1324 1796 aliisque
1354 1727 1510 1781 malis
1543 1725 1804 1794 implicati
1836 1733 1982 1788 sunt,
2022 1725 2066 1780 si

484 1816 693 1872 fruetus
733 1819 923 1886 dignos
968 1819 1300 1889 paenitentiae
1353 1834 1462 1873 non
1509 1817 1740 1874 fecerint
1775 1815 1924 1886 (Luc.
1959 1798 2065 1886 iu),

487 1909 613 1963 licet
661 1910 714 1963 in
753 1912 1004 1980 praesenti
1055 1911 1422 1980 temporaliter
1471 1925 1576 1962 non
1631 1911 1946 1978 puniantur,
1984 1917 2064 1960 ta-

489 2017 607 2054 men
635 2013 756 2072 post
781 2003 990 2057 finitum
1021 2001 1180 2072 huius
1218 2003 1342 2056 vita:
1369 1993 1609 2068 cursum,
1643 2001 2068 2055 hun'riliabuntur

483 2095 772 2158 sententia,
803 2095 1058 2164 etjudicii
1091 2109 1279 2164 poenas
1305 2094 1600 2148 cxsolveut.

559 2207 576 2236 ι
616 2187 860 2252 Domine,
889 2189 1147 2242 miserere
1173 2187 1362 2252 nostri,
1385 2197 1434 2242 te
1458 2188 1890 2256 exspectavimus
1917 2205 1927 2238 :
1953 2194 2067 2240 esto

485 2282 768 2337 brachium
801 2292 1041 2337 nostrmn
1073 2283 1122 2336 in
1153 2297 1326 2344 mane,
1361 2291 1416 2335 et
1455 2279 1602 2334 salus
1630 2291 1814 2334 nostra
1845 2279 1896 2332 in
1938 2289 2067 2333 tem-

483 2389 614 2444 pore
641 2375 1021 2429 tribulationis.
1068 2395 1084 2426 ›
1115 2373 1376 2444 Loquitur
1407 2373 1565 2427 modo
1605 2371 1771 2426 Isaias
1799 2371 2064 2440 propheta

481 2483 544 2520 ex
573 2483 803 2537 persona
843 2467 1022 2538 populi
1063 2467 1434 2532 Hierusalem,
1483 2467 1574 2535 qui
1612 2465 1960 2520 obsidebatur
1997 2465 2066 2519 ab

480 2560 724 2614 exercitu
761 2559 1147 2620 Smmaclrerib,
1181 2568 1234 2614 et
1262 2567 1452 2614 exorat
1481 2557 1790 2622 Dominum,
1833 2559 2018 2640 dicens
2048 2577 2060 2612 :

480 2651 723 2714 Domine,
762 2653 1022 2706 miserere
1073 2653 1265 2720 nostri,
1299 2661 1353 2708 et
1390 2652 1556 2706 libera
1597 2667 1694 2706 nos
1725 2652 1789 2706 de
1817 2653 2066 2708 manibus

475 2747 842 2818 Assyriorum,
901 2758 954 2803 et
1002 2749 1278 2804 civitatem
1325 2748 1484 2802 istam
1545 2755 1766 2816 protege
1802 2763 1813 2800 :
1856 2747 1980 2815 quia
2014 2757 2065 2801 te

479 2839 916 2906 exspectavimus
939 2840 990 2892 iu
1015 2839 1118 2892 lide
1140 2849 1198 2893 ut
1225 2854 1323 2894 nos
1343 2837 1560 2892 liberes.
1581 2837 1695 2892 Non
1718 2837 2065 2907 quaesivimus

478 2929 620 2983 idola
643 2939 696 2984 et
724 2931 1011 3000 sculptilia,
1030 2932 1154 3000 quia
1200 2946 1305 2984 non
1339 2937 1563 3000 possunt
1606 2929 1762 2984 nobis
1784 2930 2062 2998 prodesse,

478 3019 570 3074 sed
599 3027 650 3074 te
675 3020 766 3090 qui
795 3035 853 3074 es
879 3021 1027 3076 solus
1067 3030 1276 3090 potens.
1323 3021 1451 3074 Esto
1489 3020 1768 3074 brachium
1800 3037 1984 3074 eorum
2009 3022 2064 3076 in

479 3127 657 3166 mane.
711 3113 889 3181 Aliqui
931 3114 1143 3168 codices
1201 3114 1401 3167 habent
1445 3113 1737 3170 brachium
1796 3122 2059 3168 nostrum.

478 3202 582 3258 Sed
620 3203 662 3259 si
703 3205 1018 3270 dixerimus,
1065 3207 1359 3260 secundum
1391 3205 1604 3260 beatum
1633 3205 2016 3278 Hieronymum
2048 3221 2062 3260 :

477 3308 595 3352 esto
623 3297 900 3351 brachium
931 3313 1118 3352 eorum
1148 3339 1160 3362 ,
1187 3300 1290 3352 erit
1322 3315 1511 3354 sensus
1545 3318 1556 3352 :
1589 3299 1719 3354 Esto
1759 3298 2061 3365 brachium,

479 3391 530 3444 id
558 3399 640 3444 est
670 3391 994 3460 expugnatio
1036 3406 1222 3444 eorum
1249 3399 1303 3444 et
1333 3391 1588 3460 rcpulsio.
1623 3389 1678 3446 Si
1708 3401 1890 3448 autem
1917 3392 2060 3448 dixe-

478 3486 650 3539 rimus
705 3495 970 3544 nostrum,
1006 3485 1108 3537 erit
1163 3501 1400 3539 sensus:
1445 3485 1574 3540 Esto
1613 3487 1896 3540 brachium
1959 3503 2059 3541 no-

477 3584 678 3636 strum,
721 3575 822 3628 hoc
853 3583 933 3628 est
965 3573 1222 3628 fortitudo
1259 3586 1312 3628 et
1344 3575 1584 3628 defensio
1623 3585 1810 3629 nostra
1833 3617 1846 3640 ,
1879 3583 1931 3630 et
1971 3576 2062 3630 de-

479 3659 634 3719 fende
685 3681 784 3720 nos
819 3675 904 3720 tua
935 3667 1134 3720 virtute
1189 3675 1242 3720 et
1293 3666 1554 3736 potentia.
1601 3665 1715 3720 Non
1755 3675 1838 3722 est
1881 3677 2059 3722 autem

475 3757 1026 3826 praetermittendum,
1086 3773 1253 3826 quare
1307 3757 1450 3811 dicat
1490 3757 1542 3811 in
1593 3773 1768 3813 mane.
1809 3757 1944 3814 Cum
1979 3759 2060 3813 in-

475 3847 732 3902 tcrfectus
762 3855 846 3902 est
872 3847 1142 3902 exercitus
1173 3847 1514 3918 Assyriorum
1548 3865 1612 3902 eo
1640 3849 1798 3904 modo
1831 3865 1937 3920 quo
1981 3865 2064 3903 su-

473 3939 658 4007 perius
689 3939 888 3992 dictum
935 3947 1037 4000 est,
1069 3937 1140 3990 illi
1186 3938 1276 4006 qui
1321 3947 1696 3992 remanserant
1737 3955 1804 3994 ex
1855 3937 2062 3992 Seuna-

475 4029 663 4084 cherib
697 4047 802 4083 non
839 4037 1205 4098 cognoverunt
1232 4030 1372 4098 quod
1417 4027 1616 4082 factum
1644 4038 1760 4083 erat
1783 4029 1834 4083 in
1870 4030 2062 4084 castris

477 4136 686 4185 eorum,
737 4135 1018 4190 quousque
1059 4133 1214 4172 mane
1241 4127 1546 4189 surgerent,
1586 4128 1639 4172 et
1668 4121 1911 4174 viderent
1941 4135 2059 4173 om-

477 4213 564 4266 nia
589 4227 814 4279 corpora
847 4209 1146 4264 combusta.
1175 4207 1326 4263 Tunc
1373 4211 1538 4264 nimio
1587 4211 1779 4265 timore
1828 4211 2058 4280 perculsi

477 4306 727 4374 fugerunt
775 4306 826 4358 in
871 4313 1070 4358 terram
1115 4319 1287 4357 suam.
1341 4301 1407 4356 Et
1457 4303 1577 4358 ideo
1622 4305 1744 4373 quia
1789 4305 1864 4358 illi
1903 4319 2061 4360 mane

479 4403 842 4465 cognoverunt
879 4395 1018 4464 quod
1066 4401 1183 4448 erat
1213 4403 1446 4463 gestum,
1480 4403 1533 4448 et
1572 4411 1729 4449 mane
1761 4395 1940 4466 fugam
1967 4413 2058 4468 pe-

478 4489 724 4562 tierunt,
775 4487 906 4540 dicit
943 4487 1241 4555 pr0pheta:
1285 4485 1412 4539 Esto
1447 4487 1728 4541 brachium
1769 4504 1953 4542 eorum
2005 4489 2056 4542 in

479 4597 638 4635 nume
659 4622 671 4644 ,
699 4579 801 4635 hoc
836 4587 918 4634 est
949 4579 1278 4648 expugnatio
1303 4587 1357 4632 et
1386 4579 1618 4648 repulsio
1645 4620 1659 4645 ,
1699 4589 1754 4634 et
1787 4581 1932 4635 salus
1963 4597 2056 4636 uo-

477 4683 587 4728 stra
615 4675 667 4726 in
693 4681 935 4741 tempore
967 4671 1343 4725 tribulationis.

553 4783 570 4814 ε
605 4763 650 4816 Α
678 4777 807 4816 voce
856 4761 1028 4831 angeli
1080 4759 1333 4831 fugerunt
1375 4761 1579 4832 populi,
1623 4763 1690 4816 ab
1729 4762 2057 4818 exaltatione

478 4865 566 4908 tua
615 4853 866 4922 dispersae
908 4861 1032 4905 sunt
1071 4863 1276 4922 gentes.
1315 4871 1332 4903 ι
1379 4851 1628 4907 Nonnulli
1677 4853 1922 4926 angelum
1957 4853 2054 4908 Mi—

475 4944 713 4998 chaelem
751 4951 1031 4996 autumant
1065 4941 1232 4996 fuisse
1255 4985 1267 5008 ,
1310 4945 1399 5012 qui
1433 4945 1756 4999 constitutus
1787 4955 1868 5000 est
1906 4947 2056 5014 prin-

475 5051 599 5104 ceps
647 5033 852 5089 Judaici
907 5033 1110 5104 populi,
1143 5035 1280 5087 sicut
1315 5035 1368 5088 in
1399 5035 1667 5090 volumine
1697 5034 1928 5090 Danielis
1965 5039 2058 5092 ha-

475 5129 664 5181 betur:
705 5125 871 5180 Nemo
895 5133 974 5179 est
1001 5168 1013 5188 ,
1047 5125 1237 5194 inquit,
1271 5123 1482 5193 adjutor
1527 5143 1677 5180 meus
1719 5127 1768 5180 ia
1795 5128 2054 5192 ,on'mibus

477 5218 577 5280 nis,
615 5217 716 5269 nisi
751 5215 970 5268 Michael
1021 5215 1270 5284 princeps
1309 5225 1488 5269 vester
1517 5216 1674 5286 (Dan.
1709 5217 1782 5285 x).
1824 5216 2050 5282 Quidam

473 5325 599 5362 vero
627 5309 809 5362 dicunt
858 5307 1160 5362 Gabrielem
1200 5307 1366 5362 fuisse
1393 5349 1404 5370 ,
1438 5310 1526 5378 qui
1559 5311 1646 5364 Dei
1675 5311 1932 5366 fortitudo
1965 5313 2048 5366 in-

474 5413 820 5471 terpretatur,
852 5417 917 5454 eo
940 5403 1080 5469 quod
1123 5403 1234 5470 ipse
1267 5403 1449 5471 przesit
1472 5405 1699 5473 pupulis.
1735 5407 1970 5476 ldipsum
1999 5420 2051 5462 et

473 5495 723 5548 doctores
744 5493 1049 5548 Judzeorum
1079 5495 1387 5558 affirmant,
1417 5497 1557 5564 quod
1587 5498 1695 5565 ipse
1725 5503 2050 5567 percusserit

477 5585 566 5639 illa
598 5593 676 5640 tot
715 5586 877 5639 millia
909 5585 1274 5657 Assyriorum,
1303 5597 1355 5640 et
1389 5588 1598 5642 illorum
1635 5591 1793 5643 corda
1820 5607 1938 5660 quzr
1967 5609 2050 5646 re-

475 5687 790 5734 manserunt
831 5688 1036 5734 terrore
1071 5681 1238 5733 nimio
1274 5681 1571 5750 impleverit
1609 5681 1724 5752 (111
1761 5683 1882 5754 Reg.
1911 5687 2046 5756 xxx).

473 5771 540 5825 Et
563 5771 668 5825 hoc
693 5781 776 5826 est
805 5775 946 5841 quod
977 5773 1125 5836 dicit,
1159 5793 1186 5826 a
1211 5789 1341 5827 voce
1365 5774 1558 5844 angeli,
1587 5775 1636 5828 id
1661 5784 1740 5829 est
1781 5793 1808 5830 a
1843 5787 2050 5833 terrore

475 5862 738 5916 Gabrielis
789 5861 1038 5932 fugerunt
1079 5865 1298 5932 populi,
1341 5865 1498 5919 idest
1551 5867 1730 5920 decem
1769 5867 1932 5923 duces
1959 5869 2048 5938 qui

477 5963 863 6012 remanserant,
897 5955 986 6020 qui
1011 5958 1170 6008 etiarn
1195 5973 1314 6010 cum
1357 5959 1472 6028 ipso
1497 5959 1864 6016 Sennacherib
1889 5977 2049 6018 vene-

963 510 1314 564 HAYMONIS
1355 507 1830 564 HALBERSTAT.
1873 506 2088 562 EPISC.

2134 505 2282 562 OPP.
2327 501 2508 559 PARS
2549 503 2590 559 l.
2637 533 2696 544 —
2723 499 3076 558 COMMENT.
3118 497 3290 554 BIBL.
3713 498 3804 551 384

2099 627 2148 684 Α
2179 633 2317 677 rant.
2351 623 2473 678 Ideo
2504 630 2683 676 autem
2712 619 2882 675 dicit:
2910 617 2994 672 Ab
3023 615 3354 672 exaltatione
3385 623 3532 676 tua,
3559 615 3794 682 Domine,

2176 721 2432 787 dispersu:
2480 729 2605 772 sunt
2644 723 2832 786 gentes
2863 731 2876 766 :
2915 713 3040 782 quia
3073 711 3440 780 omnipotens
3493 707 3658 762 Dens
3685 719 3794 766 tunc

2173 811 2438 866 exaltatus
2464 817 2544 864 est
2565 817 2620 864 et
2662 823 2888 878 magnus
2921 807 3266 875 praedicatus.
3297 803 3374 855 ab
3411 800 3698 856 omnibus
3717 805 3790 870 qui

2173 903 2460 956 audierunt
2487 901 2628 970 quod
2662 915 2756 954 sua
2779 900 2978 952 virtute
3025 904 3102 952 tot
3129 897 3294 950 millia
3333 895 3660 950 hominum
3683 911 3786 949 eam

2174 1004 2254 1049 tra
2277 1011 2334 1050 se
2358 993 2806 1064 superruentium,
2837 1007 2935 1061 per
2956 1007 3118 1045 unum
3149 989 3422 1060 angelum
3467 1004 3646 1041 suum
3671 999 3784 1042 stra-

2173 1088 2330 1142 verit.
2359 1087 2510 1141 Tuuc
2527 1089 2870 1154 omnipotens
2895 1085 3036 1139 Deus
3067 1083 3366 1153 aliquando
3397 1082 3654 1136 exaltari
3677 1083 3778 1137 (ﬁeri.

2173 1191 2298 1244 tur,
2339 1195 2458 1234 cum
2498 1195 2555 1233 se
2593 1181 2873 1234 ulciscitur
2913 1177 2978 1232 de
3023 1179 3265 1232 hostibus
3317 1179 3458 1232 suis
3499 1195 3514 1229 :
3553 1175 3678 1245 quia
3707 1178 3772 1246 qui

2173 1273 2464 1328 noluerunt
2499 1273 2646 1328 illum
2681 1287 3008 1342 cognoscere
3041 1281 3283 1340 tempore
3327 1267 3764 1339 tranquillitatis,

2172 1373 2497 1434 cognoscent
2532 1375 2774 1434 tempore.
2795 1365 3177 1417 tribulationis.

2251 1475 2270 1504 ι
2307 1455 2372 1509 Et
2399 1457 2873 1526 congregalmntur
2915 1455 3082 1524 spolia
3107 1463 3286 1508 vestra
3317 1453 3494 1508 sicut
3533 1451 3758 1521 colligite:

2171 1549 2438 1610 bruchus,
2481 1549 2626 1603 velut
2672 1565 2792 1603 cum
2841 1547 2998 1602 fossa:
3043 1547 3214 1617 plen-te
3257 1545 3494 1600 fuerint
3545 1545 3612 1598 de
3653 1560 3752 1598 eo»

2171 1639 2226 1692 in
2258 1641 2580 1708 quibusdam
2611 1640 2889 1694 codicibus
2927 1639 3196 1710 reperitur
3221 1638 3418 1707 Spolia
3473 1647 3676 1690 nostra.

2173 1729 2470 1784 dixerimus
2511 1733 2678 1800 spolia
2723 1739 2924 1788 vestra.
2977 1729 3078 1784 erit
3127 1741 3322 1784 sensus
3367 1746 3384 1780 :
3437 1725 3490 1783 Ο
3531 1728 3748 1782 miseria

2171 1823 2540 1892 superbissimi
2585 1823 2831 1894 Assyrib,
2865 1839 2988 1878 cum
3017 1821 3280 1876 veneritis
3335 1832 3556 1876 contra
3601 1821 3740 1875 Hiera-

2170 1915 2359 1978 salem,
2387 1917 2860 1983 congregalmutur
2879 1915 3048 1983 spolia
3071 1923 3254 1970 vestra
3289 1929 3320 1968 a
3337 1913 3579 1972 Jndmis.
3605 1925 3652 1967 et
3675 1915 3736 1966 ia:-

2171 2005 2460 2076 plehuntur
2485 2021 2672 2060 eorum
2699 2003 2888 2060 domus
2912 2007 3096 2076 Spoliis
3123 2025 3135 2059 :
3167 2007 3318 2064 sicut
3343 2006 3614 2075 impletur
3631 2005 3726 2059 fossa

2172 2115 2239 2152 ex
2264 2097 2603 2151 multitudine
2633 2099 2983 2152 bruchorum.
3015 2098 3070 2152 Si
3099 2107 3286 2152 autem
3329 2097 3622 2168 legerimus
3645 2113 3728 2165 5pc:-

2171 2189 2241 2244 lia
2274 2197 2456 2245 nostra
2487 2233 2499 2254 ,
2535 2191 2639 2244 erit
2682 2205 2874 2245 sensus
2921 2211 2931 2245 :
2975 2189 3018 2245 Ο
3054 2189 3224 2244 Judaei
3284 2191 3388 2259 qui
3449 2189 3718 2244 habitarent

2171 2282 2531 2342 Hierusalem.
2563 2283 2726 2338 nolite
2755 2283 2946 2339 timere
2975 2300 3003 2337 a
3037 2283 3172 2338 facie
3203 2283 3564 2356 Assyriorum
3587 2303 3600 2334 :
3623 2284 3708 2352 quia

2170 2375 2350 2430 omnia
2400 2373 2566 2443 spolia
2605 2383 2656 2429 et
2692 2387 2882 2428 omnes
2914 2373 3112 2428 divitia:
3147 2373 3388 2428 illorum
3435 2375 3534 2444 jam
3561 2383 3696 2426 nostra

2171 2475 2314 2528 sunt,
2345 2475 2397 2519 et
2422 2465 2738 2534 colligentur
2769 2481 2797 2519 a
2833 2465 2987 2520 nobis
3025 2465 3164 2520 sicut
3197 2465 3672 2536 colligiturirmr‘ees.

2171 2555 2246 2610 Ex
2277 2557 2483 2611 locusta
2522 2559 2765 2612 nascitur
2799 2559 3060 2622 bruchus,
3093 2559 3184 2628 qui
3213 2559 3296 2614 ita
3327 2570 3680 2627 voeatsrqmas-

2171 2665 2274 2718 que
2301 2649 2412 2704 alas
2441 2653 2656 2707 haheat.
2687 2651 2792 2706 Sed
2835 2667 2953 2706 cum
3001 2653 3274 2721 cmperint
3307 2652 3364 2708 ei
3388 2653 3496 2723 jam
3521 2652 3694 2704 alain:-

2169 2757 2416 2797 erescerc
2457 2759 2520 2798 ac
2559 2743 2709 2798 nisus
2747 2741 2905 2798 fuerit
2935 2743 3159 2797 volitare
3189 2786 3202 2808 ,
3237 2755 3476 2798 vocatur
3494 2739 3692 2795 atheler’o.

2169 2835 2304 2888 Cum
2349 2849 2480 2888 vero
2519 2835 2832 2904 plenissime
2853 2835 3056 2905 poterit.
3078 2833 3288 2896 volare,
3319 2833 3692 2889 eﬁieitnriterua

2167 2925 2394 2980 locusta.
2420 2925 2486 2980 Et
2513 2935 2594 2982 est
2635 2927 2801 2981 multo
2825 2929 3043 2997 gravior
3073 2929 3322 2983 bruchus
3357 2943 3508 2997 quam
3541 2925 3700 2979 locasta

2168 3027 2221 3072 et
2255 3017 2499 3073 athelech
2529 3062 2542 3080 ,
2577 3019 2700 3088 quia
2741 3021 2934 3074 desunt
2965 3019 3014 3074 ei
3039 3019 3138 3074 ala!
3167 3037 3272 3076 nec
3293 3027 3462 3091 potest
3491 3020 3584 3074 cito
3605 3033 3696 3070 am-

2167 3109 2359 3164 bulare
2385 3128 2396 3162 :
2433 3110 2657 3180 ideoque
2681 3111 2992 3181 ubicunque
3013 3113 3248 3176 venerit,
3281 3115 3476 3182 penitus
3499 3109 3699 3164 comedit

2169 3200 2371 3272 fruges.
2422 3201 2610 3256 Solent
2639 3212 2818 3256 autem
2853 3203 3332 3258 hominesillamm
3355 3203 3604 3271 n’gr'onum
3627 3199 3690 3251 ad

2169 3307 2304 3360 quas
2337 3293 2556 3346 locustm
2597 3292 2836 3356 veniunt,
2870 3306 2964 3346 eas
3001 3307 3302 3364 congregare
3343 3291 3386 3342 in
3427 3288 3592 3346 fossas,
3623 3295 3674 3338 et

2167 3384 2380 3453 operire
2422 3385 2586 3438 Immo
2617 3404 2627 3438 :
2674 3393 2734 3438 ut
2773 3385 2818 3440 si
2859 3385 2962 3440 hoc
2991 3387 3202 3441 venerit
3233 3395 3461 3455 quatenus
3483 3399 3510 3436 a
3537 3393 3678 3436 vento

2165 3473 2518 3544 projieiantur
2567 3477 2618 3530 in
2665 3491 2843 3540 mare,
2883 3485 2936 3530 et
2985 3477 3054 3530 ab
3091 3477 3252 3532 undis
3297 3473 3608 3545 proiiciantur
3643 3473 3692 3524 in

2167 3579 2387 3634 terram,
2413 3579 2465 3624 et.
2495 3570 2714 3627 foetibus
2741 3571 2952 3626 illarum
2978 3573 3232 3626 oriantur
3257 3573 3460 3626 bruehi.
3485 3567 3562 3624 Sic
3583 3567 3702 3621 enim

2166 3677 2305 3733 saepe
2339 3663 2396 3716 fit
2425 3673 2482 3718 ut
2519 3679 2584 3718 ex
2616 3665 2733 3719 ovis
2763 3673 3056 3719 nascantur
3082 3706 3094 3730 ,
3135 3679 3257 3734 quat
3287 3665 3458 3719 adhuc
3481 3663 3528 3716 in
3552 3671 3702 3715 ventre

2164 3757 2357 3810 matris
2387 3765 2561 3810 erant.

2240 3867 2258 3898 ‹
2303 3849 2676 3919 Illagniticatus
2719 3857 2804 3904 est
2851 3847 3144 3914 Dominus,
3195 3850 3459 3919 quoniam
3495 3845 3693 3903 habitarit

2165 3945 2214 3998 in
2246 3945 2478 3999 excelso.
2517 3963 2534 3992 ι
2580 3943 2954 4014 Maguificatus
2992 3955 3104 4008 est,
3147 3943 3196 3998 id
3232 3955 3320 3999 est
3359 3961 3576 4015 magnus
3605 3957 3694 4012 prs-

2163 4036 2374 4089 dicatus
2399 4045 2452 4088 et
2483 4035 2732 4090 laudatus
2762 4037 2829 4089 ab
2855 4036 3085 4091 Ezechia
3105 4078 3117 4100 ,
3151 4045 3208 4090 et
3237 4037 3308 4090 ab
3337 4037 3453 4090 illis
3478 4037 3558 4106 qui
3583 4035 3704 4088 vieto-

2165 4128 2297 4180 riam
2319 4127 2530 4181 Domini
2549 4127 2800 4182 viderunt
2825 4131 2888 4182 de
2905 4129 3152 4183 hostibus
3179 4129 3292 4184 suis
3315 4131 3334 4194 (
3345 4130 3372 4182 Ι
3387 4129 3436 4184 ν
3447 4130 3562 4200 Reg.
3579 4129 3704 4183 xruti.

2161 4217 2215 4272 in
2239 4218 2452 4272 excelso
2480 4227 2658 4272 autem
2685 4219 2972 4284 habitabit,
3001 4220 3082 4273 vel
3105 4221 3156 4273 in
3183 4221 3392 4291 templo
3433 4223 3704 4292 gloriante,

2163 4313 2214 4366 in
2243 4311 2688 4383 llierusalem‘(_”
2719 4312 2900 4366 Paral.
2927 4313 3100 4378 xxix).
3135 4313 3230 4368 Vel
3253 4316 3436 4372 etiam
3471 4319 3522 4372 in
3551 4327 3704 4369 exorsi

2162 4405 2451 4466 caelorum,
2491 4405 2574 4460 vel
2607 4407 2658 4459 in
2689 4406 2942 4460 cordibus
2981 4405 3312 4467 electorum,
3363 4411 3472 4478 qui
3507 4411 3568 4462 ad
3601 4405 3702 4461 ruris-

2161 4500 2260 4553 stia
2303 4499 2576 4552 anhelant.
2619 4517 2636 4548 ε
2669 4497 2918 4568 Implevit
2942 4498 3070 4553 Sion
3097 4497 3306 4565 judicio
3335 4509 3398 4554 el.
3443 4503 3654 4568 justit‘r:
3685 4516 3694 4546 ι

2159 4590 2284 4658 quia
2313 4589 2578 4643 Ezechias
2611 4603 2701 4642 rex
2730 4589 2874 4659 juste
2907 4589 3168 4656 judicavit
3197 4593 3474 4659 populum
3523 4593 3704 4648 habitu-

2082 4701 2136 4760 ι)
2162 4689 2268 4734 tem
2306 4681 2354 4733 in
2388 4679 2550 4746 Sion,
2577 4679 2677 4734 hoc
2707 4688 2790 4734 est.
2823 4679 2874 4734 in
2901 4679 3267 4746 Hierusalem,
3313 4695 3588 4740 revocans
3613 4683 3710 4736 illus

2161 4775 2225 4826 ad
2245 4773 2444 4828 cultum
2461 4773 2552 4828 Dei
2571 4773 2638 4827 ab
2653 4773 2972 4828 idololatria.
2993 4775 3056 4828 Et
3071 4775 3168 4829 hoc
3183 4791 3279 4844 per
3295 4773 3582 4832 interulam
3599 4775 3714 4842 iaspi-

2163 4863 2428 4918 rationem
2461 4875 2639 4918 actum
2671 4875 2770 4928 est,
2793 4875 2851 4919 ut
2881 4865 2992 4936 ipse
3013 4865 3158 4932 justo.
3180 4869 3386 4920 viveret.
3415 4913 3432 4934 ,
3477 4879 3530 4925 et
3559 4869 3718 4940 pleb-1n

2163 4955 2370 5008 Domini
2391 4955 2536 5024 juste
2566 4955 2854 5024 judicaret.
2883 4955 3033 5022 Quod
3057 4965 3236 5008 autem
3259 4957 3418 5011 addit
3467 4961 3720 5030 propheta:

2236 5067 2252 5096 ‹
2291 5045 2358 5100 Et
2393 5047 2497 5100 erit
2527 5045 2658 5100 fides
2683 5047 2736 5100 in
2760 5049 3092 5116 temporibus
3125 5049 3262 5112 tuis,
3311 5069 3327 5100 ι
3367 5047 3724 5120 duplieirnoda

2159 5139 2382 5208 intelligi
2417 5147 2612 5208 potest.
2646 5139 2874 5208 Quidam
2907 5141 3047 5192 enim
3072 5141 3282 5194 codices
3309 5142 3522 5197 habent
3551 5145 3598 5197 in
3627 5151 3726 5195 temo

2157 5231 2376 5298 poribus
2415 5231 2544 5284 suis.
2581 5229 2684 5284 Sed
2717 5231 2760 5285 si
2796 5231 3092 5286 dixerimus
3135 5233 3270 5292 tuis,
3297 5231 3398 5285 erit
3459 5239 3728 5290 sensus.ru

2157 5320 2460 5390 alloquatur
2489 5324 2748 5392 propheta
2779 5323 3062 5377 Ezechiam
3092 5343 3102 5376 :
3127 5321 3170 5378 Ο
3193 5323 3460 5391 Ezechia,
3485 5345 3604 5383 eum
3631 5343 3724 5397 per-

2157 5414 2384 5467 cusserit
2411 5413 2550 5467 Deus
2582 5413 2828 5469 inimicos
2853 5421 2971 5468 tuos
2991 5457 3003 5476 ,
3037 5417 3132 5468 erit
3169 5415 3300 5469 fides
3319 5459 3332 5478 ,
3361 5417 3476 5474 hoc
3503 5431 3602 5476 est.
3631 5431 3728 5486 pro-

2156 5503 2372 5557 babitur
2395 5506 2446 5558 in
2471 5507 2807 5574 temporibus
2835 5509 2965 5562 suis.
2999 5507 3052 5561 Si
3081 5517 3258 5562 autem
3293 5509 3596 5579 legerimus
3623 5511 3727 5564 θυῖε.

2156 5595 2256 5648 crit
2303 5611 2493 5648 sensus
2522 5615 2532 5647 :
2567 5596 2699 5650 Cum
2731 5597 3042 5652 liberaverit
3073 5597 3214 5652 Deus
3257 5602 3614 5671 omnipotens
3657 5616 3728 5668 re

2153 5687 2338 5755 pulum
2368 5703 2524 5742 smnn
2558 5705 2584 5743 a
2621 5692 2813 5744 timore
2853 5692 3106 5756 hostium,
3143 5693 3470 5762 probabitur
3501 5696 3630 5749 ﬁdes
3653 5694 3728 5745 nir-

2151 5781 2286 5834 sessi
2319 5783 2496 5850 porruli
2529 5784 2580 5836 in
2615 5785 2946 5854 temporibus
2977 5787 3103 5840 suis.
3129 5785 3186 5839 lu
3209 5788 3310 5840 hoc
3341 5789 3492 5842 enim
3521 5789 3726 5857 probam

2152 5881 2262 5936 est,
2289 5874 2411 5941 (una
2439 5875 2803 5944 relinquentes
2829 5877 2966 5931 idola
3014 5875 3318 5932 servierunt
3351 5879 3590 5934 Domino
3623 5891 3726 5930 eam

2151 5963 2436 6020 devotione
2467 5968 2680 6020 mentis.
2718 5987 2736 6020 ε
2773 5967 2983 6024 Divitiae
3025 5965 3218 6024 salutis
3256 5989 3274 6022 ι
3312 5967 3528 6026 Judicia
3561 5965 3724 6042 populi

2096 1985 2144 2044 B

2091 3338 2136 3398 C
