3918 6460
185 496 293 553 885

1251 494 1603 553 COMMENT.
1645 494 1710 549 IN
1746 493 1997 549 ISAIAM.
2039 526 2107 535 —
2145 494 2270 550 LIB.
2312 495 2374 550 II.

3341 490 3447 549 886

189 630 210 664 ι
249 609 513 681 sapientia
562 618 618 664 et
656 608 879 665 scientia
914 628 933 662 ι
990 608 1113 663 fuit.
1157 608 1300 663 Inter
1346 608 1667 679 sapientiam
1716 612 1770 658 et
1797 609 1846 666 Α
1876 614 2039 670 terra,
2069 607 2163 662 sed
2190 607 2495 662 habitantes
2528 607 2578 660 in
2605 621 2688 661 ea.
2728 624 2745 657 ι
2780 606 3048 662 Confusus
3074 617 3157 663 est
3184 608 3444 680 Libanus,

183 700 475 757 Scientiam
504 699 691 755 beatus
720 700 1053 770 Augustinus
1090 699 1229 753 hanc
1271 698 1652 752 discretionem
1684 695 1764 749 fa-

182 791 287 858 cit,
302 791 444 864 quod
466 790 727 862 sapientia
750 791 1055 845 divinarum
1082 804 1259 844 rerum
1281 798 1363 844 est
1386 788 1761 858 intelligentia,

181 884 411 941 scientia
441 895 620 939 autem
644 885 1024 938 humanarum.
1063 879 1132 939 Et
1177 882 1261 937 ille
1302 882 1526 952 pupulus
1554 879 1763 949 sapien-

181 979 320 1033 tiam
343 976 562 1043 habuit,
596 977 721 1047 quia
753 991 1047 1032 conversus
1083 983 1165 1031 est
1190 976 1254 1029 de
1275 974 1556 1044 iniquitate
1584 971 1649 1025 ad
1674 968 1763 1040 ju-

180 1069 391 1124 stitiam
414 1109 428 1134 ,
462 1066 528 1123 de
557 1066 862 1123 idololatria
892 1066 957 1120 ad
984 1066 1190 1125 cultum
1221 1074 1274 1119 et
1305 1064 1617 1119 servitutem
1642 1061 1761 1114 Dei.

179 1160 479 1217 Scientiam
511 1161 700 1217 habuit
719 1202 733 1227 ,
763 1162 887 1232 quia
914 1175 1019 1215 non
1053 1158 1271 1213 tradidit
1303 1173 1361 1212 se
1384 1156 1608 1227 Assyrio
1638 1169 1761 1209 cum

176 1252 354 1306 multa
382 1250 520 1306 mala
550 1254 598 1306 ei
630 1251 865 1305 minatus
906 1259 1068 1305 esset.
1114 1270 1131 1300 ι
1167 1247 1349 1302 Timor
1388 1246 1601 1301 Domini
1645 1245 1761 1314 ipse

177 1343 471 1397 thesaurus
508 1342 656 1413 ejus,
691 1361 707 1393 ι
743 1341 796 1395 id
842 1348 926 1395 est
962 1339 1168 1395 salutis.
1220 1338 1352 1394 Sine
1394 1338 1586 1391 timore
1614 1330 1758 1390 enim

178 1434 417 1499 Domini,
442 1449 615 1503 neque
642 1432 925 1503 sapientia,
951 1447 1124 1502 neque
1150 1429 1375 1485 scientia
1398 1427 1599 1498 aliquid
1636 1441 1759 1497 pro-

172 1525 353 1592 derit,
380 1542 554 1596 neque
572 1526 717 1581 salus
738 1525 958 1596 adipisci
989 1534 1183 1595 potest.
1214 1522 1428 1577 Initium
1454 1522 1648 1592 quippe
1673 1537 1758 1575 sa-

174 1618 389 1687 pientiae
413 1617 574 1672 timor
594 1618 803 1673 Domini
830 1614 1000 1688 (Psal.
1022 1620 1133 1687 cx).
1158 1615 1221 1669 Et
1244 1613 1442 1669 Tobias
1465 1614 1530 1667 ad
1554 1612 1752 1667 filium:

174 1706 414 1763 Ilabebis
466 1707 685 1780 (inquit)
739 1706 907 1761 multa
954 1705 1124 1771 bona,
1179 1706 1223 1761 si
1290 1704 1533 1791 timueris
1589 1704 1753 1757 Deum

173 1798 330 1868 (Tob.
365 1799 460 1870 tv).

253 1909 270 1941 ι
308 1891 445 1945 Ecce
498 1891 744 1948 videntes
786 1889 1096 1947 clamabunt
1142 1886 1276 1942 foris
1317 1905 1330 1940 :
1381 1886 1556 1958 angeli
1602 1885 1751 1956 pacis

1866 710 1921 754 et
1948 700 2226 754 obsurduit
2266 715 2281 754 :
2325 721 2341 751 ›
2376 716 2482 755 nou
2520 700 2740 755 dubium
2772 700 2901 770 quin
2930 716 3027 770 per
3065 699 3331 756 Libanum
3360 703 3441 757 si-

1865 793 2150 863 gniﬁcetur
2196 794 2474 863 templum.
2503 795 2576 848 De
2622 809 2727 862 quo
2755 792 2982 865 legimus
3032 794 3085 848 in
3131 793 3442 849 Zacliaria:

1872 900 1890 932 ‹
1923 882 2109 952 Aperi,
2132 882 2357 949 Libane,
2390 894 2575 953 portas
2599 894 2740 950 tuas,
2768 893 2823 939 et
2844 885 3061 940 devoret
3085 884 3223 957 ignis
3252 886 3446 942 cedros

1866 982 1984 1026 tuas
2001 969 2179 1044 (Zuch.
2208 974 2303 1043 n);
2330 994 2347 1025 ι
2375 984 2432 1029 et
2454 975 2507 1028 in
2530 974 2840 1030 Ezechiele:
2870 994 2888 1025 ι
2909 974 3101 1045 Aquila
3124 990 3443 1047 magnarum

1863 1062 2068 1117 alarum
2099 1063 2249 1116 venit
2289 1064 2353 1116 ad
2394 1063 2690 1129 Libanum,
2730 1072 2786 1120 et
2814 1065 2935 1119 tulit
2963 1063 3248 1121 medullam
3293 1066 3441 1121 cedri

1862 1152 2074 1225 (Ezech.
2102 1156 2252 1227 xvu).
2268 1176 2285 1208 ι
2306 1154 2436 1210 Illud
2451 1172 2578 1226 ergo
2600 1156 2878 1226 templum,
2897 1157 2950 1212 in
2968 1173 3073 1227 quo
3094 1165 3252 1212 antea
3276 1172 3443 1212 exau-

1863 1248 2145 1300 diebantur
2178 1263 2367 1317 preces
2415 1249 2836 1319 postulantium,
2882 1251 2938 1305 in
2975 1249 3293 1305 surditatem
3320 1249 3443 1304 red-

1862 1349 1982 1394 actu
1991 1356 2041 1394 ιιι
2058 1348 2141 1395 est
2170 1349 2411 1410 tempore
2424 1341 2624 1397 ultimae
2639 1342 2967 1411 captivitatis
2978 1351 3200 1414 propter
3219 1350 3441 1413 peccata

1859 1432 2075 1503 populi,
2110 1434 2236 1502 quia
2275 1433 2401 1488 licet
2430 1442 2649 1489 orarent
2679 1435 2963 1489 Dominum
3000 1444 3061 1490 ut
3087 1435 3443 1491 misereretur

1859 1540 2079 1589 eorum,
2113 1540 2219 1579 non
2252 1535 2568 1579 meruerunt
2596 1526 2840 1580 exaudiri
2868 1534 3090 1595 propter
3117 1542 3304 1582 necem
3355 1525 3443 1580 Fi-

1858 1617 1913 1671 lii
1946 1617 2037 1671 Dei
2076 1625 2130 1671 et
2169 1618 2536 1686 apostolorum
2574 1617 2709 1687 ejus.
2748 1635 2766 1669 ι
2808 1617 2877 1672 Et
2921 1617 3098 1674 factus
3142 1625 3225 1673 est
3265 1618 3437 1672 Saron

1857 1709 1999 1764 sicut
2025 1709 2320 1773 desertum,
2336 1716 2390 1763 et
2411 1724 2673 1764 concussa
2694 1718 2779 1764 est
2800 1708 2972 1763 Basan
2999 1716 3055 1763 et
3080 1707 3380 1763 Carmelus.
3415 1727 3432 1757 ι

1858 1803 2095 1857 Saronas
2122 1801 2421 1871 appellatur
2445 1801 2620 1856 omnis
2648 1800 2922 1870 provincia
2968 1800 3108 1854 inter
3147 1798 3354 1869 .Ioppen
3384 1808 3439 1852 et

1854 1880 2110 1958 Liddam,
2140 1894 2193 1946 in
2224 1909 2330 1962 qua
2357 1892 2604 1947 latissimi
2640 1892 2815 1962 campi
2843 1890 3154 1960 fertilesque
3206 1891 3437 1946 tendun-

175 1995 361 2035 amarc
386 1980 603 2036 ﬂebunt.
637 2000 655 2034 ι
686 1981 1001 2037 Revertitur
1044 1993 1224 2035 sermo
1271 1977 1484 2033 divinus
1512 1975 1577 2029 ad
1622 1974 1748 2028 ulti-
1779 1961 1825 2022 Β
1855 2002 1961 2047 μιν,
1996 1985 2168 2037 Busan
2192 1998 2405 2053 quoque
2428 1983 2577 2055 regio
2600 1991 2681 2037 est
2704 1992 2855 2037 trans
2874 1980 3166 2037 Iordanem
3196 1997 3315 2052 quae
3335 1980 3439 2039 fuit

172 2088 320 2128 mam
367 2075 750 2145 captivitatem.
780 2073 871 2129 Isti
902 2079 1026 2129 sunt
1065 2070 1309 2127 videntes
1344 2067 1409 2123 de
1439 2066 1633 2138 quibus
1661 2079 1745 2121 su-

169 2167 357 2234 perius
381 2168 515 2222 dixit
542 2185 557 2223 :
578 2167 727 2222 Beati
751 2168 842 2238 qui
863 2164 1141 2221 seminatis
1164 2178 1325 2233 super
1349 2174 1539 2215 omnes
1558 2172 1746 2227 aquas.

169 2257 377 2328 (Much.
394 2260 538 2329 xm.)
559 2258 625 2313 Et
646 2260 712 2314 de
733 2259 927 2329 quibus
950 2256 1208 2313 Dominus
1237 2253 1373 2309 dixit
1396 2273 1407 2307 :
1433 2251 1583 2306 Beati
1611 2250 1750 2307 oculi

168 2353 261 2421 qui
295 2355 477 2408 vident
512 2370 631 2425 quze
671 2368 767 2408 vos
808 2352 1000 2407 videtis
1023 2349 1175 2421 (Luc.
1206 2348 1281 2420 x).
1314 2349 1381 2403 Et
1409 2346 1476 2400 ad
1495 2344 1707 2401 Iudaeos
1735 2361 1746 2396 :

170 2443 310 2497 Ecce
331 2457 429 2513 ego
452 2444 605 2497 mitto
622 2443 687 2497 ad
709 2458 807 2497 vos
822 2442 1133 2513 prophetas,
1162 2448 1217 2495 et
1231 2440 1525 2509 sapientes,
1542 2444 1595 2490 et
1616 2435 1750 2490 scri-

169 2534 269 2588 bas
295 2533 473 2606 (Μαιι.
498 2537 677 2604 xxm).
704 2535 808 2605 Ipsi
834 2535 977 2589 enim
1004 2533 1222 2589 fuerunt
1240 2531 1417 2603 angeli
1445 2528 1625 2600 pacis,
1648 2528 1752 2582 hoc

169 2636 253 2680 cst
299 2627 469 2681 nuntii
505 2627 595 2697 qui
633 2628 1016 2682 nuntiaverunt
1058 2623 1221 2679 verba
1260 2621 1493 2685 Christi,
1536 2618 1629 2689 qui
1669 2626 1752 2672 est

171 2732 277 2787 pax
300 2733 426 2772 vera
446 2759 461 2783 ,
490 2720 545 2773 et
571 2719 661 2789 qui
694 2718 830 2773 dixit
857 2717 935 2772 eis
964 2733 979 2770 :
1018 2734 1039 2769 ι
1070 2716 1263 2770 Pacem
1301 2711 1547 2782 relinquo
1577 2708 1749 2773 vobis,

171 2822 362 2877 pacem
401 2824 577 2865 meam
624 2811 691 2865 do
740 2810 893 2866 vobis
930 2806 1113 2878 (Joan.
1161 2806 1295 2880 xxv).
1338 2826 1356 2857 ι
1407 2805 1472 2860 Et
1520 2802 1610 2874 qui
1653 2816 1751 2857 nos

170 2901 478 2973 paciﬁcavit
519 2902 629 2959 Deo
666 2901 811 2959 Patri
850 2912 903 2959 et
948 2901 1151 2958 sanctis
1183 2899 1387 2972 angelis
1434 2896 1570 2966 (Col.
1608 2894 1748 2966 xm).

171 2994 413 3062 Apostoli
441 3010 589 3067 ergo,
628 3006 746 3066 post
781 2995 1147 3051 ascensionem
1176 2993 1407 3058 Domini,
1438 2990 1753 3046 imminente

176 3092 422 3155 tempore
451 3088 810 3158 captivitatis,
837 3088 950 3157 jam
989 3102 1092 3140 non
1128 3085 1434 3140 clamabant
1473 3083 1525 3137 in
1562 3080 1754 3136 Hieru-

178 3175 344 3230 salem
371 3178 754 3233 annuntiantes
780 3179 1003 3233 verbum
1023 3176 1317 3247 Evangelii,
1342 3175 1437 3231 sed
1469 3174 1618 3237 foris,
1649 3172 1751 3226 hoc

172 3275 256 3322 est
278 3267 527 3338 gentibus
556 3270 752 3338 quibus
783 3286 905 3323 cum
953 3269 1051 3337 ipsi
1091 3266 1420 3335 sprevissent
1444 3279 1571 3330 eos,
1601 3262 1753 3315 dixe-

1852 2074 1930 2149 Og
1964 2076 2137 2146 regis,
2171 2091 2331 2147 quam
2366 2075 2587 2130 tradidit
2620 2074 2794 2129 Moses
2831 2076 3038 2130 duabus
3078 2075 3333 2130 tribubus
3366 2089 3432 2131 ac

1851 2168 2084 2224 dimidiae
2114 2170 2180 2223 ad
2204 2166 2583 2238 possidendum
2605 2207 2618 2233 ,
2649 2174 2705 2219 et
2738 2166 3127 2235 interpretatur
3153 2165 3431 2221 uberrima

1849 2258 1933 2314 vel
1963 2258 2193 2329 pinguis.
2224 2258 2502 2313 Carmelus
2526 2267 2704 2312 autem
2732 2272 2885 2314 mons
2932 2266 3014 2314 est
3057 2265 3217 2311 teme
3248 2272 3431 2327 repro-

1853 2350 2124 2405 missionis
2164 2336 2558 2417 fertilissimus;
2604 2360 2657 2405 et
2684 2366 2781 2420 per
2804 2350 2979 2405 Busan
3016 2359 3069 2405 et
3099 2350 3334 2404 Saronas
3367 2362 3430 2403 ac

1853 2439 2159 2495 Carmelum
2179 2481 2193 2505 ,
2224 2442 2479 2497 debemus
2509 2442 2807 2512 intelligere
2852 2457 3069 2498 omnem
3096 2441 3430 2496 fertilitatem

1854 2538 2011 2587 terrae
2033 2531 2338 2588 Iudaeorum
2355 2575 2369 2599 ,
2395 2530 2513 2602 quae
2534 2536 2714 2590 omnia
2738 2536 3065 2604 amiserunt,
3090 2536 3216 2606 quia
3246 2534 3432 2590 Domi-

1854 2638 1979 2677 num
2002 2640 2123 2677 cum
2152 2624 2261 2678 suis
2288 2623 2561 2694 discipulis
2586 2633 2922 2694 spreverunt.

1931 2731 1948 2762 ι
1972 2712 2125 2768 Nunc
2150 2730 2496 2784 consurgam,
2517 2715 2648 2770 dicit
2674 2714 2933 2773 Dominus
2954 2736 2971 2767 ι
3002 2717 3069 2772 de
3097 2717 3264 2772 nimia
3293 2730 3427 2786 pace

1855 2818 1974 2860 mea
2026 2805 2092 2860 ad
2142 2807 2546 2875 percutiendum
2592 2816 2647 2862 et
2691 2807 3116 2863 interficiendum
3143 2805 3425 2863 Iudaicum

1854 2897 2128 2968 populum.
2166 2917 2184 2949 ι
2221 2895 2373 2952 Nunc
2393 2897 2720 2962 exsultabor,
2762 2919 2780 2950 ι
2830 2900 2931 2953 hoc
2957 2907 3040 2954 est
3084 2898 3425 2968 glorificabor

1857 3005 1887 3043 a
1913 2989 2184 3061 gentibus,
2216 3004 2339 3043 cum
2367 2989 2597 3053 viderint
2622 3003 2705 3042 me
2740 2989 2841 3043 hoc
2867 2988 3081 3054 fecisse,
3115 3008 3134 3041 ι
3169 3002 3215 3045 et
3252 2987 3426 3043 suble-

1858 3079 2044 3144 vabor,
2080 3099 2099 3131 ι
2136 3078 2189 3133 id
2244 3087 2327 3132 est
2367 3095 2592 3149 magnus
2622 3078 2954 3149 praadicabor
2986 3098 2999 3132 :
3033 3078 3214 3134 Potest
3243 3089 3295 3132 et
3326 3080 3426 3133 hoc

1860 3170 2050 3225 referri
2084 3170 2149 3223 ad
2182 3170 2637 3225 resurrectionem
2685 3170 3166 3239 ascensionemque
3194 3168 3426 3223 Domini.

1860 3259 2013 3314 Nunc
2039 3276 2381 3329 consurgam,
2409 3260 2582 3329 inquit
2606 3259 2886 3324 Dominus,
2914 3261 2982 3315 ab
3005 3258 3188 3313 inferis
3214 3259 3423 3314 devicto

177 3328 308 3414 runt
332 3328 745 3429 apostoli-(Act.
797 3362 915 3428 xm)
962 3328 988 3414 ε’
1016 3328 1183 3416 Vobis
1212 3360 1427 3428 quidem
1462 3328 1747 3426 oportebat
1770 3328 1820 3392 ε
1850 3352 2040 3406 mortis
2068 3328 2313 3420 imperio.
2356 3351 2423 3404 Et
2463 3328 2741 3406 exaltabor
2784 3357 2839 3403 et
2882 3350 3202 3405 sublevabor
3232 3367 3422 3406 ascen-

176 3449 406 3518 primum
438 3447 582 3518 loqui
612 3452 832 3506 verbum
872 3451 1117 3516 Domini;
1160 3450 1252 3504 sed
1300 3450 1425 3519 quia
1474 3445 1746 3517 repulistis

183 3539 341 3605 illud,
387 3554 515 3595 ecce
558 3543 924 3596 convertimur
967 3544 1033 3597 ad
1079 3552 1283 3613 gentes.
1333 3538 1521 3610 Angeli
1564 3546 1746 3592 autem

179 3631 349 3702 pacis,
372 3632 472 3688 hoc
496 3641 582 3690 est
603 3632 827 3703 apostoli
851 3634 1023 3688 nuntii
1044 3634 1192 3703 pacis
1205 3629 1543 3701 etEvangelii
1562 3643 1746 3682 amare

182 3724 468 3789 ﬂeverunt,
526 3732 744 3796 propter
798 3721 1228 3779 incredulitatem
1276 3720 1625 3782 Iudaeorum,
1682 3718 1748 3771 de

180 3828 405 3883 quorum
434 3815 601 3885 stirpe
638 3814 1059 3878 descenderant,
1087 3810 1433 3867 condolentes
1462 3807 1748 3878 perditioni

180 3904 391 3960 illorum
440 3914 493 3959 et
542 3905 777 3961 malitiae.
812 3907 887 3961 De
915 3920 1141 3975 quorum
1188 3916 1413 3958 numero
1453 3914 1592 3954 unus
1620 3898 1751 3954 dicit

182 3994 357 4065 (Rom.
376 3995 452 4066 ix)
473 4014 485 4049 :
504 3993 745 4051 Tristitia
756 4003 840 4051 est
858 3996 989 4049 mihi
1013 4008 1206 4065 magna
1227 4001 1281 4047 et
1299 3989 1584 4046 continuus
1596 3987 1751 4043 dolor

180 4085 326 4139 cordi
376 4100 496 4140 meo
541 4099 640 4156 pro
688 4084 945 4140 fratribus
987 4085 1122 4140 meis
1173 4085 1263 4155 qui
1310 4092 1435 4139 sunt
1472 4080 1746 4138 Israelitae.

182 4176 446 4246 Optabam
482 4192 581 4248 ego
606 4176 891 4232 anathema
917 4190 1035 4232 esse
1073 4191 1173 4246 pro
1198 4177 1278 4232 eis
1295 4218 1310 4243 ,
1352 4178 1452 4232 hoc
1473 4188 1553 4233 est
1581 4178 1748 4231 inter-

185 4268 265 4324 fici
296 4283 394 4342 pro
422 4268 594 4323 salute
624 4268 856 4324 illorum.

258 4382 275 4412 ι
308 4361 586 4433 Dissipatae
600 4368 726 4417 sunt
744 4360 844 4418 via:
866 4358 1750 4430 Hierusalem,cessavittrausiens

187 4468 281 4524 per
304 4468 445 4509 eam.
483 4474 500 4505 ι
533 4454 646 4509 Hoc
675 4453 873 4509 factum
902 4462 985 4510 est
1012 4464 1134 4525 post
1163 4454 1517 4510 vastationem
1559 4455 1753 4509 Roma-

189 4565 406 4616 norum;
430 4550 551 4604 ideo
574 4549 847 4619 dissipatae
875 4549 1129 4614 suntvixe,
1148 4549 1274 4619 quia
1291 4547 1459 4603 defuit
1483 4551 1572 4619 qui
1603 4549 1752 4604 veni-

1849 3446 2020 3501 dendo
2046 3445 2113 3500 ad
2150 3443 2387 3499 Patrem.

1922 3557 1940 3587 ‹
1974 3535 2299 3605 Concipietis
2322 3536 2594 3601 ardorem,
2630 3554 2650 3586 ι
2680 3532 2725 3590 0
2754 3535 2934 3591 miseri
2956 3534 3147 3600 Judaei,
3175 3549 3298 3590 cum
3324 3547 3425 3607 ego

1849 3628 2146 3684 ascendero
2188 3628 2255 3682 ad
2286 3626 2485 3691 caalos,
2516 3626 2834 3696 concipietis
2877 3627 3126 3683 ardorem
3146 3667 3160 3690 ,
3193 3626 3296 3682 hoc
3340 3634 3427 3681 est

1849 3720 2062 3777 fervore
2089 3721 2301 3775 invidim
2326 3718 2690 3789 replebimini,
2722 3719 3001 3791 audientes
3026 3733 3216 3772 nomen
3244 3733 3420 3771 meum

1848 3812 2131 3884 praedicari
2163 3813 2230 3868 ab
2262 3810 2517 3881 apostolis
2544 3810 2675 3865 meis
2703 3810 2839 3880 (Act.
2868 3826 2897 3863 v
2922 3822 2969 3865 et
2996 3808 3137 3879 xm).
3168 3807 3257 3863 Sic
3276 3807 3424 3861 enim

1850 3908 1905 3960 in
1926 3905 2150 3961 Actibus
2176 3903 2545 3976 apostolorum
2576 3903 2802 3973 legimus
2830 3920 2843 3955 τ
2872 3902 3008 3969 Quia
3032 3894 3277 3956 videntes
3308 3908 3423 3953 tur—

1849 3999 1979 4065 bas,
2001 3996 2169 4053 Judeei
2200 3996 2388 4068 repleti
2417 4006 2540 4052 sunt
2571 3996 2685 4052 zelo
2713 3996 2921 4050 invidize
2941 3994 3077 4068 (Act.
3108 3994 3253 4066 xm).
3284 4012 3302 4045 ι
3329 3991 3430 4047 Pa—

1852 4090 2003 4146 rietis
2037 4090 2310 4159 stipulam,
2340 4109 2357 4141 ι
2392 4089 2443 4143 id
2476 4098 2559 4144 est
2603 4087 2764 4143 verba
2788 4087 3152 4158 blasphemize,
3182 4100 3301 4156 quze
3326 4080 3423 4154 pro

1851 4183 2020 4239 nihilo
2044 4183 2116 4236 ita
2148 4183 2433 4249 ducentur,
2466 4192 2524 4237 ut
2564 4182 2777 4252 stipula.
2812 4181 3063 4251 Legimus
3089 4182 3230 4236 enim
3252 4222 3266 4246 ,
3297 4181 3421 4251 quia

1851 4273 2297 4329 contradicebant
2319 4273 2403 4328 his
2423 4290 2543 4344 quae
2569 4290 2596 4326 a
2628 4271 2795 4327 Paulo
2822 4270 3154 4340 dicebantur,
3180 4270 3424 4346 blasphe-

1854 4374 2083 4424 ll’tanlcs.
2130 4366 2382 4425 Dicamus
2432 4374 2485 4423 et
2537 4365 2735 4423 aliter:
2770 4368 3099 4437 Concipietis
3142 4367 3427 4431 ardorem,

1853 4459 1957 4515 hoc
1981 4468 2066 4514 est
2091 4461 2392 4529 angustiam
2422 4470 2477 4513 et
2502 4459 2696 4512 malam
2731 4458 3058 4512 voluntatem
3078 4498 3093 4521 ,
3126 4465 3181 4512 et
3206 4455 3430 4526 parietis

1853 4551 2018 4607 verba
2059 4551 2240 4605 inania
2285 4550 2369 4605 vel
2413 4550 2779 4621 operationem
2826 4549 3085 4619 iniquam.
3133 4548 3334 4603 Tamen
3378 4556 3431 4601 ct

188 4647 267 4694 ret
287 4640 354 4694 ad
386 4638 640 4708 templum
667 4648 908 4708 tempore
938 4637 1295 4703 solennitatis,
1323 4638 1464 4693 sicut
1486 4639 1613 4693 dicit
1629 4638 1753 4694 Hie—
1781 4654 1831 4734 ὗ
1858 4649 2174 4710 conceptum
2200 4649 2254 4695 et
2279 4650 2490 4711 partum
2511 4682 2525 4705 ,
2552 4639 2653 4694 hoc
2692 4648 2777 4694 est
2819 4639 3199 4711 cogitationem
3225 4646 3279 4693 et
3303 4652 3428 4708 ope-

190 4732 420 4787 remias:
450 4728 561 4786 Vite
590 4730 719 4786 Sion
742 4730 948 4802 lugent,
968 4736 1033 4786 eo
1054 4731 1194 4801 quod
1225 4748 1326 4787 non
1354 4733 1424 4787 sit
1453 4732 1541 4801 qui
1573 4735 1753 4788 veniat

191 4822 253 4875 ad
283 4821 655 4877 solennitatem
686 4819 984 4893 (Themi).
1021 4839 1038 4871 ι
1072 4820 1286 4876 lrritum
1328 4820 1530 4876 factum
1556 4832 1639 4878 est
1661 4841 1753 4895 pa-

191 4924 329 4969 ctum
357 4934 376 4968 ι
420 4915 562 4985 quod
582 4914 781 4987 pepigit
818 4910 956 4969 Deus
980 4930 1099 4968 cum
1129 4913 1401 4969 Abraham
1434 4906 1487 4970 et
1510 4918 1755 4988 patzibus

190 5021 392 5074 eorum,
432 5000 615 5062 dicens
662 5024 675 5060 :
724 5026 743 5058 ι
794 5002 1156 5075 Multiplicaho
1200 5021 1383 5060 semen
1419 5014 1568 5061 tuum
1618 5008 1756 5064 sicut

193 5098 368 5154 stellas
414 5097 555 5154 cali.
591 5096 741 5170 (Gen.
792 5113 882 5151 χιιι
928 5106 982 5153 et
1030 5097 1184 5165 xvn).
1234 5117 1252 5149 ι
1313 5096 1378 5152 Ει
1432 5114 1529 5169 pcr
1572 5115 1756 5170 quem-

196 5189 311 5244 dam
332 5188 646 5259 prophetam
676 5206 688 5242 :
718 5187 984 5244 Habitatis
1012 5186 1065 5241 in
1094 5187 1212 5243 loco
1242 5187 1346 5243 isto
1374 5189 1566 5242 amodo
1591 5198 1643 5243 et
1673 5205 1755 5243 us-

195 5294 296 5351 que
341 5280 395 5334 in
442 5264 691 5334 saeculum
727 5278 894 5349 (Eccl.
925 5276 1152 5350 xxxvn).
1184 5274 1249 5332 Et
1276 5280 1345 5332 ad
1370 5278 1752 5335 Salomoiiem:

198 5374 306 5430 Erit
327 5387 521 5428 nomen
550 5356 725 5426 meum
757 5372 828 5425 ibi
855 5386 1022 5441 usque
1051 5371 1105 5425 in
1134 5371 1540 5440 sempiternum.
1580 5382 1597 5422 ι
1624 5368 1757 5429 Pro-

191 5466 318 5536 iecit
357 5462 602 5519 civitates
636 5480 655 5513 ι
692 5460 922 5521 illorum,
962 5479 981 5511 ι
1015 5472 1123 5513 non
1154 5462 1423 5529 reputavit
1456 5481 1472 5512 ι
1505 5476 1598 5517 eos
1638 5477 1759 5519 esse

206 5577 224 5612 ι
254 5554 516 5614 homines.
547 5574 567 5607 ι
600 5554 722 5612 Ideo
752 5552 980 5623 repu'tati
1021 5562 1147 5608 sunt
1175 5569 1205 5607 a
1230 5546 1459 5609 Domino
1487 5554 1554 5609 ad
1583 5555 1758 5609 instar

198 5652 555 5724 iumentorum
582 5691 594 5714 ,
623 5649 746 5718 quia
776 5647 851 5703 illi
880 5662 986 5702 non
1013 5634 1399 5717 cognoscentes
1427 5661 1485 5701 se
1512 5638 1757 5702 homines

198 5740 349 5808 esse,
377 5742 671 5797 bestiarum
716 5742 864 5793 more
886 5739 1141 5793 vixerunt
1178 5737 1450 5794 luxuriose
1480 5738 1721 5793 viventes
1739 5778 1754 5805 ,

196 5837 448 5906 “omnique
494 5831 826 5887 immunditia
855 5826 1193 5903 pullulantes.
1225 5850 1241 5881 ι
1268 5830 1501 5885 Luxitet
1520 5831 1758 5899 elanguit

209 5913 364 5989 terra.
400 5944 418 5981 ι
449 5925 641 5992 Luxit,
693 5926 745 5982 id
795 5935 879 5981 est
934 5918 1145 5981 defecit.
1192 5923 1478 5979 Tabefacta
1519 5932 1603 5979 est
1651 5939 1760 5979 non

1859 4730 2144 4799 rationem,
2168 4732 2444 4789 devorabit
2466 4740 2773 4800 utrumque,
2796 4730 2879 4786 vel
2906 4731 3044 4801 ignis
3066 4722 3429 4785 Romanorum

1860 4829 2154 4894 adventus,
2187 4825 2270 4880 vel
2305 4825 2444 4897 ignis
2473 4826 2730 4895 gehennae
2761 4816 3117 4878 tribulationis
3150 4822 3200 4876 in
3233 4822 3319 4875 die
3340 4820 3427 4892 ju-

1861 4902 2006 4974 dicii.
2038 4939 2055 4970 ι
2088 4917 2323 4989 Spiritus
2346 4925 2542 4980 vester,
2577 4936 2594 4964 ι
2620 4915 2671 4969 id
2695 4924 2778 4969 est
2799 4914 2939 4969 mala
2960 4923 3138 4968 vestra
3159 4912 3427 4981 voluptas,

1867 5030 1884 5060 ι
1907 5009 2118 5080 utignis
2138 5008 2479 5069 vorabitvos,
2500 5014 2722 5061 eterunt
2737 5005 2915 5076 populi
2931 5003 3080 5072 quasi
3099 5004 3163 5055 de
3179 5002 3428 5056 incendio

1862 5102 2017 5157 cinis.
2044 5122 2061 5153 ι
2084 5097 2235 5155 Sicut
2257 5116 2319 5153 ex
2341 5098 2679 5153 multitudine
2699 5097 2965 5166 lignorum
2990 5093 3429 5164 postinccudium

1861 5192 1926 5247 ad
1958 5192 2215 5247 indicium
2246 5191 2399 5261 pauci
2434 5194 2710 5245 remanent
2730 5189 2957 5245 cineres,
2995 5188 3068 5240 ita
3091 5202 3155 5240 ex
3187 5184 3427 5269 multitu-

1862 5270 1985 5343 dine
2012 5268 2315 5341 Judeeorum
2348 5293 2471 5355 post
2518 5282 2717 5335 finitam
2772 5278 3138 5348 captivitatem
3169 5264 3322 5351 pauci
3352 5264 3432 5331 re-

1862 5385 2179 5434 manserunt
2204 5374 2371 5429 Judaei
2404 5371 2611 5444 (Iacob.
2647 5370 2707 5441 ι).
2744 5388 2760 5420 ι
2794 5368 2974 5440 Spina:
3004 5379 3371 5447 congregare,
3402 5389 3419 5421 ι

1866 5469 1969 5524 hoc
1992 5476 2076 5521 est
2098 5474 2319 5535 peccata
2348 5462 2649 5518 Judreorum
2682 5459 2980 5515 coadunata
3023 5461 3130 5531 igni
3173 5470 3430 5530 perpetuo

1866 5559 2269 5615 combiirentur.
2298 5552 2527 5607 Peccata
2557 5550 2700 5604 enim
2719 5592 2733 5617 ,
2765 5564 2887 5605 cum
2915 5552 3283 5607 consummata
3315 5551 3429 5604 fue-

1861 5648 2007 5713 rint,
2060 5652 2318 5717 generant
2380 5650 2626 5697 mortem.
2682 5640 2833 5709 Quod
2889 5643 3057 5711 spina:
3120 5636 3424 5710 signiﬁcent

1861 5734 2179 5812 punctiones
2207 5744 2550 5807 peccatorum
2570 5776 2584 5800 ,
2608 5736 3009 5791 demonstratur
3046 5734 3135 5787 illo
3174 5735 3224 5786 in
3273 5734 3422 5801 loco,

1864 5832 1953 5887 ubi
1979 5831 2213 5886 dicitur:
2247 5850 2265 5879 ι
2296 5828 2461 5882 Terra
2496 5838 2616 5891 tua,
2650 5845 2669 5878 ι
2695 5827 2799 5881 hoc
2826 5836 2909 5881 est
2947 5833 3227 5899 caro'tua,
3262 5844 3279 5876 ι
3316 5824 3429 5901 spi-

1862 5908 1959 5978 nas
1980 5920 2306 5994 germinabit
2334 5918 2429 5974 tibi
2456 5916 2617 5991 (Gen.
2659 5918 2761 5985 ιιι).
2792 5937 2812 5969 ι
3422 5926 3429 5937 ·
