3918 6500
401 464 501 521 887

864 453 1218 512 HAYMONIS
1256 450 1733 510 HALBERSTAT.
1772 448 1988 506 EPISC.
2025 446 2177 504 OPP.
2221 445 2401 504 PARS
2437 446 2480 501 l.
2517 473 2586 485 -
2617 438 2966 498 COMMENT.
3010 402 3178 494 BlBL.

3522 484 3525 487 ,
3538 433 3653 491 888

478 592 494 621 ς
527 570 739 634 Audite,
781 586 799 619 ι
848 581 881 620 o
907 565 1130 637 gentiles
1164 584 1181 614 ί
1204 565 1295 634 qui
1337 564 1495 636 longe
1537 564 1668 618 estis
1702 583 1720 614 ι
1754 561 1823 617 ab
1863 562 1965 616 hac
1991 568 2046 625 Α
2068 569 2153 614 est
2191 560 2515 615 soliditatem
2550 566 2766 613 aeterna:
2806 552 3007 625 quietis
3050 565 3197 607 nunc
3239 551 3292 605 in
3346 564 3477 620 spe,
3516 558 3657 604 tunc

404 673 567 725 terra,
590 659 727 714 vela
750 659 859 713 Deo
885 676 903 709 ι
930 672 1050 727 quae
1070 654 1380 719 fecerim,et
1397 654 1703 725 cognoscite
1728 653 1911 715 vicini,
1948 671 1964 703 ι

2070 662 2250 707 autem
2291 652 2343 706 in
2391 667 2467 706 re.
2513 652 2589 705 De
2627 651 2729 705 hac
2764 656 2907 703 terra
2956 645 3088 700 dicit
3124 640 3659 698 Psalmista:Credo

401 751 650 809 Moabitae
676 759 732 806 et
760 749 878 804 aliae
897 755 1114 820 gentes,
1146 761 1264 817 quae
1290 745 1508 801 fecerim
1539 761 1669 817 ego;
1702 744 1972 814 quomodo
2071 745 2253 801 videre
2276 747 2416 801 bona
2443 742 2657 799 Domini
2681 742 2736 796 in
2768 748 2915 795 terra
2940 737 3235 808 viventium
3271 734 3444 806 (Paul.
3476 734 3655 791 xxvr).

402 846 546 903 ultus
575 858 696 901 sum
721 858 810 899 me
854 842 923 898 de
951 840 1187 896 inimicis
1226 840 1363 895 meis
1404 838 1621 894 Judaeis.
1657 836 1973 892 Vastatione

402 935 707 994 Iudaeorum
740 943 989 1008 peracta,
1027 931 1297 989 convertit
1329 946 1388 987 se
1431 944 1610 985 sermo
1649 928 1860 985 divinus
1906 928 1974 981 ad

439 1038 607 1085 entes.

439 1046 607 1085 entes.

404 1046 437 1099 g
481 1138 499 1171 ι
521 1117 749 1174 Contriti
775 1127 923 1183 sunt,
955 1135 974 1169 ›
1010 1115 1063 1170 id
1090 1121 1194 1180 est,
1224 1111 1385 1169 deleti
1417 1130 1436 1162 ι
1464 1110 1519 1165 in
1541 1108 1689 1175 Sion,
1713 1129 1731 1161 ι
1770 1108 1869 1163 hoc
1893 1116 1977 1163 est

406 1213 458 1267 in
501 1210 837 1266 Hierusalem
883 1229 900 1261 ι
931 1216 1244 1279 peccatores
1272 1222 1337 1260 ευρ
1368 1203 1460 1273 qui
1507 1202 1791 1257 Dominum
1820 1215 1977 1255 suum

404 1301 809 1357 interfecerunt.
846 1318 864 1350 ι
898 1297 1146 1353 Possedit
1167 1296 1326 1350 timor
1356 1293 1684 1363 hypocritas,
1722 1311 1739 1343 ι
1773 1291 1979 1346 scribas

405 1395 615 1451 scilibet
633 1402 688 1449 et
709 1392 1024 1455 Pharisacos,
1047 1398 1268 1461 prepter
1287 1388 1576 1442 adventum
1588 1385 1975 1440 Romanorum.

475 1487 678 1553 Quibus
706 1495 760 1541 et
790 1484 922 1540 dixit
948 1503 960 1538 :
1008 1501 1026 1534 ι
1059 1482 1152 1537 Va:
1179 1481 1349 1544 vobis,
1384 1480 1577 1535 scribae
1618 1489 1673 1533 et
1697 1478 1978 1543 Pharisaei,

402 1580 699 1654 hypocritae
715 1574 866 1649 (Luc.
894 1574 977 1648 ιι).
1002 1594 1022 1627 ›
1053 1591 1070 1625 ι
1094 1573 1225 1640 Quis
1247 1571 1443 1642 poterit
1465 1569 1709 1625 habitare
1731 1589 1748 1619 ν
1776 1569 1879 1624 hoc
1900 1576 1983 1623 est

404 1692 523 1731 esse
555 1697 572 1726 ‹
610 1674 678 1729 de
704 1674 857 1728 vobis
892 1692 910 1723 ι
951 1670 1195 1725 fidelibus
1227 1687 1246 1718 ‹
1282 1682 1403 1720 cum
1442 1666 1565 1736 igne
1591 1661 1927 1717 devorante?
1955 1679 1974 1712 θ

403 1769 707 1837 Alloquitur
731 1781 907 1821 sermo
934 1763 1280 1835 propheticus
1303 1759 1387 1814 vel
1408 1757 1584 1827 justos
1613 1754 1840 1826 gentiles
1862 1760 1983 1823 post

404 1861 498 1915 Dei
529 1858 793 1931 magnalia
818 1842 1262 1924 narrata.’lgnem
1291 1850 1524 1922 appellat
1553 1848 1721 1902 Deum
1741 1846 1984 1917 omnipo-

407 1962 606 2008 tentem
629 1994 644 2018 ,
673 1954 739 2008 de
774 1966 879 2021 quo
902 1949 1031 2004 dicit
1060 1947 1236 2003 Moses
1262 1964 1275 1999 :
1304 1945 1446 2000 Deus
1484 1942 1623 2012 ignis
1651 1954 1973 2027 consumens
2002 1935 2049 1995 B

404 2057 507 2111 est.
532 2048 596 2101 Et
619 2048 731 2116 ipse
753 2045 1010 2100 Dominus
1033 2043 1086 2097 in
1114 2039 1441 2109 Evangelia:
1472 2055 1490 2087 ι
1507 2035 1691 2106 Ignem
1712 2033 1833 2091 veni
1855 2034 1980 2088 mit-

405 2150 520 2194 tere
552 2141 603 2193 in
627 2148 827 2192 terram
858 2133 1007 2207 (Luc.
1034 2131 1156 2202 xu).
1191 2151 1208 2183 ι
1242 2131 1359 2201 Ipse
1380 2128 1522 2183 enim
1549 2136 1632 2181 est
1656 2126 1824 2197 ignis,
1852 2124 1979 2195 quia

404 2232 528 2303 igne
558 2226 921 2284 tribulationis
953 2223 1210 2279 contrivit
1234 2221 1478 2285 Iudaeos,
1509 2227 1565 2274 et
1594 2218 1650 2272 in
1679 2218 1766 2273 die
1790 2215 1981 2284 judicii

403 2336 593 2375 omnes
622 2319 882 2389 reprobos
907 2313 1185 2371 damnabit
1211 2314 1333 2382 igne
1354 2327 1465 2367 sua:
1494 2308 1792 2365 sententite.
1828 2327 1846 2357 ‹
1874 2306 1982 2361 Aut

404 2411 525 2482 quis
549 2408 815 2464 habitabit
837 2422 905 2462 ex
928 2405 1079 2461 vobis
1102 2418 1225 2458 cum
1245 2402 1530 2456 ardoribus
1554 2396 1929 2469 sempiternis?
1955 2417 1974 2448 ι

404 2503 580 2558 Ardor
606 2501 749 2557 Deus
796 2500 1135 2569 omnipotens
1162 2504 1245 2552 est
1265 2536 1279 2561 ,
1311 2495 1435 2565 quia
1470 2496 1585 2564 ipse
1614 2490 1744 2546 facit
1790 2492 1983 2544 ardere

406 2595 568 2650 corda
588 2593 881 2649 electorum
907 2593 975 2647 ad
999 2606 1239 2645 amorem
1270 2603 1426 2643 suum
1445 2628 1460 2651 ,
1483 2594 1536 2640 et
1562 2585 1678 2654 ipse
1702 2592 1984 2639 consumet

406 2694 627 2759 peccata
660 2682 1037 2756 paenitendum
1069 2683 1190 2751 igne
1222 2678 1392 2735 sancti
1422 2675 1676 2747 Spiritus.

484 2795 506 2831 ι
538 2776 640 2845 Qui
670 2774 911 2830 ambulat
938 2774 991 2828 in
1034 2771 1278 2841 justitiis,
1320 2789 1338 2820 ι
1373 2770 1477 2823 hoc
1504 2775 1609 2831 est,
1641 2765 1732 2835 qui
1768 2763 1985 2835 proficit

407 2871 462 2925 in
490 2869 801 2933 virtutibus,
835 2886 854 2919 ι
891 2874 945 2921 et
972 2865 1207 2934 loquitur
1234 2862 1540 2924 veritatem,
1566 2879 1586 2912 ›
1615 2858 1871 2913 subaudis
1895 2855 1983 2910 ille

403 2961 606 3031 poterit
633 2960 878 3013 habitare
924 2971 1044 3010 cum
1094 2956 1221 3008 Deo.
1250 2952 1465 3007 Justitia
1504 2957 1587 3004 est
1631 2949 1796 3012 fndes,
1828 2960 1981 3016 spes,

407 3053 677 3116 charitas,
716 3059 1029 3117 cmterceque
1065 3045 1292 3099 virtutes
1330 3057 1449 3112 quae
1491 3042 1546 3094 in
1589 3039 1802 3109 justitia
1850 3054 1983 3093 con-

407 3141 626 3196 sistunt.
644 3138 813 3207 Loqui
837 3136 1117 3190 veritatem
1142 3141 1244 3197 est,
1271 3147 1376 3185 non
1404 3146 1527 3185 cum
1554 3129 1675 3183 dolo
1696 3136 1751 3183 et
1771 3128 1980 3193 fraude,

408 3235 503 3290 sed
543 3248 665 3288 cum
695 3231 797 3286 fide
825 3238 990 3285 recta.
1030 3248 1046 3279 ι
1079 3226 1178 3294 Qui
1223 3225 1438 3296 projicit
1481 3224 1763 3279 avaritiam
1791 3239 1856 3278 ex
1888 3238 1981 3279 ca-

2148 855 2166 887 ‹
2207 835 2312 891 Cor
2340 843 2523 899 tuum,
2562 853 2581 887 ›
2618 832 2672 888 id
2714 839 2798 887 est
2841 845 2993 885 mens
3024 837 3138 893 tua,
3184 843 3219 884 o
3242 827 3389 898 juste
3420 845 3439 877 ί
3476 825 3660 879 medi-

2074 929 2276 984 tabitur
2322 928 2591 989 timorem.
2626 944 2644 976 l
2677 914 2925 977 'Diﬂicile
2973 919 3233 976 sanctitas
3282 918 3402 972 sine
3457 916 3662 971 timore

2074 1019 2409 1083 custoditur;
2441 1022 2583 1072 unde
2603 1015 2800 1069 dicitur
2825 1032 2836 1066 :
2862 1011 3137 1083 Sapientia
3161 1018 3246 1065 est
3264 1009 3459 1063 timere
3485 1008 3662 1061 Deum

2078 1110 2244 1183 (Eccl.
2268 1112 2328 1181 1).
2369 1110 2438 1164 Et
2470 1108 2686 1164 Simeon
2708 1108 2888 1177 justus
2914 1106 3110 1175 legitur
3140 1102 3308 1159 fuisse
3348 1112 3405 1157 et
3433 1102 3664 1156 timora-

2081 1211 2184 1257 tus.
2224 1220 2242 1253 ι
2273 1200 2377 1257 Ubi
2416 1207 2499 1255 est
2538 1199 2836 1261 litteratus,
2865 1196 2953 1250 ubi
2979 1205 3064 1250 est
3099 1193 3259 1249 verba
3290 1191 3425 1262 legis
3450 1191 3659 1261 ponde-

2079 1308 2228 1356 rans,
2261 1291 2352 1346 ubi
2378 1291 2565 1346 doctor
2589 1286 2971 1359 parvulorum“!
2998 1305 3015 1336 ι
3046 1283 3348 1355 Interrogat
3374 1296 3560 1337 sermo
3583 1281 3663 1335 di-

2079 1387 2237 1441 vinus
2255 1384 2459 1454 justum
2479 1424 2493 1447 ,
2528 1382 2619 1437 ubi
2643 1382 2714 1436 sit
2739 1381 3045 1443 litteratus,
3077 1376 3131 1430 id
3152 1384 3236 1430 est
3266 1374 3665 1445 grammaticus

2081 1476 2411 1541 Judazorum,
2425 1474 2509 1529 vel
2525 1473 2763 1545 gentium
2778 1468 3079 1542 pliilOSOphi
3094 1468 3344 1522 humanae
3359 1466 3664 1535 sapientia,

2083 1580 2137 1628 et
2161 1572 2252 1627 ubi
2278 1572 2349 1626 sit
2375 1569 2507 1639 legis
2531 1567 2695 1623 verba
2719 1566 3022 1637 pouderans
3045 1563 3221 1618 scriba
3242 1571 3299 1617 et
3324 1560 3664 1623 Pharisazus,

2083 1664 2175 1735 qui
2230 1678 2324 1718 sua
2373 1659 2817 1731 interpretatione
2864 1656 2999 1711 falsa
3041 1655 3216 1726 legem
3258 1652 3572 1707 onerabant
3613 1660 3665 1705 ct

2082 1756 2489 1829 ponderabant,
2537 1762 2592 1809 et
2634 1749 2724 1807 ubi
2756 1752 2828 1806 sit
2867 1750 3026 1805 modo
3054 1749 3244 1803 doctor
3278 1744 3661 1819 parvulorum,

2085 1849 2141 1905 id
2162 1857 2246 1904 est
2263 1889 2279 1913 ,
2304 1847 2482 1903 scriba
2507 1842 2878 1916 insipientium
2903 1840 3231 1896 Judmorum.

2153 1970 2172 2002 ι
2215 1949 2477 2021 Populum
2507 1947 2873 2017 impudentem
2898 1959 3005 1999 non
3027 1943 3265 2008 videbis,
3301 1962 3320 1995 ι
3345 1957 3380 1997 o
3401 1940 3582 2009 juste,
3609 1943 3661 1996 in

2082 2043 2294 2100 caelesti
2323 2040 2658 2097 Hierusalem
2676 2080 2691 2104 ,
2724 2053 2899 2107 neque
2921 2036 3180 2107 populum
3201 2034 3297 2090 alti
3330 2043 3386 2089 et
3413 2033 3665 2105 profundi

2082 2135 2348 2191 sermonis
2369 2133 2578 2188 videbis
2622 2131 2728 2197 ibi,
2777 2130 2853 2185 ita
2900 2137 2958 2184 ut
3005 2143 3112 2184 non
3149 2127 3326 2198 possis
3360 2126 3666 2194 intelligere

2082 2225 2512 2282 disertitudinem
2558 2223 2754 2293 linguae
2800 2219 2940 2291 ejus.
2993 2238 3011 2272 ι
3044 2219 3101 2275 In
3149 2235 3304 2290 quo:
3347 2218 3666 2275 subauditur

2079 2319 2399 2390 philosopho
2422 2317 2505 2373 vel
2528 2316 2713 2388 gentili
2744 2336 2762 2367 ‹
2792 2332 2896 2370 non
2923 2323 3008 2371 est
3028 2315 3290 2386 sapientia
3331 2330 3483 2369 vera.
3517 2334 3535 2365 ›
3564 2311 3665 2370 Ρο-

2082 2409 2267 2481 pulum
2319 2407 2684 2478 impudentem
2733 2415 2895 2461 vocat
2937 2404 3249 2471 Platonem,
3275 2404 3647 2474 Aristotelem,

2082 2511 2414 2569 caeterosque
2448 2499 2684 2569 gentium
2713 2497 3084 2569 philosophos,
3116 2498 3209 2567 qui
3238 2496 3651 2553 inverecundose

2083 2595 2414 2648 miscuerunt
2438 2589 2571 2644 falsa
2591 2590 2755 2644 veris.
2788 2587 3049 2643 Similiter
3076 2587 3335 2659 populum
3364 2588 3663 2644 altitudinis

2084 2687 2371 2741 habentem
2422 2681 2851 2739 disertitudinem
2906 2681 3100 2750 lingua:
3152 2682 3389 2752 appellat
3442 2682 3669 2751 philoso.

2082 2778 2218 2848 phos
2260 2778 2510 2831 humana:
2539 2773 2852 2843 sapientiae,
2902 2774 2994 2843 qui
3040 2773 3245 2828 diserte
3289 2782 3347 2829 et
3391 2774 3564 2843 polite
3592 2773 3669 2828 lo-

2084 2878 2344 2941 quuntur,
2371 2867 2537 2945 aliqui
2561 2866 2858 2922 secundum
2887 2863 3121 2919 Tullium
3140 2864 3339 2935 ,aliqui
3374 2865 3669 2921 secundum

2082 2958 2463 3023 Aristotelem,
2534 2958 2628 3028 qui
2696 2956 3069 3013 tantummodo
3134 2972 3389 3029 pompam
3474 2958 3673 3013 habent

2055 3052 2373 3107 -verborum
2397 3090 2411 3113 ,
2466 3063 2575 3103 non
2623 3048 2906 3103 scientiam
2932 3048 3235 3104 divinorum
3264 3050 3667 3121 mysteriorum.

2159 3160 2178 3193 ι
2200 3141 2424 3211 Respice
2452 3139 2586 3196 Sion
2610 3140 2886 3195 civitatem
2916 3139 3275 3196 solemnitatis
3294 3149 3517 3196 nostrae.
3547 3160 3565 3191 ι
3582 3139 3675 3193 Al-

2093 3234 2332 3307 loquitur
2356 3233 2525 3289 Isaias
2566 3233 2830 3304 propheta
2860 3230 3068 3300 justum
3096 3232 3162 3287 de
3193 3248 3295 3303 quo
3320 3248 3475 3301 supra
3510 3231 3669 3285 locu-

408 3325 644 3390 lumuia,
670 3330 725 3378 οἱ
757 3322 958 3376 CXCIII,“
996 3335 1187 3374 manus
1227 3334 1352 3374 SUHS
1396 3318 1465 3372 ab
1508 3317 1653 3372 omni
1684 3332 1925 3373 munere.
1967 3337 1984 3370 ι
2019 3297 2064 3360 C
2097 3297 2184 3382 tu;
2210 3333 2322 3391 est,
2352 3335 2406 3380 et
2429 3297 2607 3396 jungit
2637 3297 2695 3380 δὲ
2722 3297 2950 3379 numéro
2977 3297 3267 3380 electoru—m
3288 3364 3302 3388 ’
3338 3297 3562 3393 lo-quens
3592 3321 3662 3376 de

408 3416 705 3470 Avaritiam
735 3413 966 3484 appellat
986 3412 1335 3482 cupiditatem
1363 3409 1580 3463 malam.
1606 3407 1888 3463 Calumnia
1908 3417 1991 3463 est

409 3507 699 3577 aliquando
719 3505 988 3560 accusatio
1012 3502 1165 3558 falsa.
1190 3501 1294 3556 Sed
1317 3502 1419 3556 isto
1442 3501 1496 3554 in
1521 3500 1642 3554 loco
1664 3515 1765 3570 pro
1788 3500 1987 3553 damno

408 3600 646 3671 ponitur.
688 3596 789 3664 Qui
820 3611 946 3664 ergo
972 3611 1080 3649 non
1108 3595 1272 3649 habet
1317 3592 1667 3663 cupiditatem
1697 3590 1894 3645 malam
1921 3605 1989 3643 ex

411 3693 607 3747 damno
638 3690 860 3744 alterius
880 3729 894 3754 ,
916 3696 970 3743 et
995 3686 1202 3742 excutit
1228 3701 1419 3739 manus
1446 3700 1571 3740 suas
1600 3682 1668 3740 ab
1691 3682 1837 3738 omni
1873 3697 1991 3735 mu-

409 3800 568 3849 nere,
617 3782 872 3838 subaudis
900 3780 988 3835 ille
1024 3779 1222 3851 poterit
1264 3778 1509 3834 habitare
1538 3792 1659 3831 cum
1705 3776 1835 3830 Deo.
1866 3774 1990 3829 Ideo

412 3888 590 3933 autem
616 3875 748 3931 dicit
773 3874 840 3928 ab
861 3871 1009 3928 omni
1039 3885 1285 3936 munere,
1309 3869 1434 3938 quia
1453 3876 1536 3923 est
1558 3882 1754 3921 munus
1778 3882 1808 3920 a
1828 3880 1990 3919 manu

410 3982 467 4026 et
493 3984 687 4024 munus
716 3969 783 4022 ab
817 3982 928 4021 ore.
954 3963 1145 4018 Munus
1169 3979 1199 4017 a
1231 3978 1413 4025 manu,
1446 3970 1531 4015 est
1560 3976 1590 4015 a
1620 3960 1795 4015 dando
1822 3968 1877 4013 et
1903 3975 1993 4013 ac-

411 4062 697 4134 cipiendo;
734 4074 928 4114 munus
966 4057 1033 4111 ab
1055 4072 1151 4111 ore
1187 4055 1306 4108 laus
1334 4054 1568 4109 humana
1593 4062 1647 4109 et
1675 4054 1827 4109 favor
1856 4053 1991 4108 nihil

409 4153 719 4225 proficiens.
755 4171 774 4202 ‹
803 4149 903 4215 Qui
945 4146 1166 4203 obturat
1206 4161 1365 4200 aures
1400 4160 1525 4199 suas
1553 4160 1621 4200 ne
1652 4145 1834 4199 audiat
1868 4159 1993 4199 san-

412 4248 652 4319 guinem,
678 4264 696 4295 ›
714 4244 767 4297 id
789 4251 873 4297 est
895 4255 962 4295 ne
985 4240 1580 4307 consentiatpeccatum
1604 4246 1779 4292 etnon
1802 4235 1988 4303 faciat,

419 4360 439 4391 ‹
474 4348 529 4393 et
558 4336 758 4391 claudit
785 4334 969 4389 oculos
1006 4348 1133 4389 suos
1164 4348 1233 4387 ne
1259 4330 1439 4386 videat
1472 4329 1695 4396 malum,
1732 4350 1751 4381 ι
1782 4330 1885 4384 hoc
1909 4336 1993 4383 est

413 4431 507 4502 qui
571 4429 766 4484 avertit
816 4427 1000 4482 oculos
1060 4442 1092 4479 a
1152 4421 1587 4495 concupiscentia
1639 4440 1652 4475 :
1706 4419 1796 4475 ille
1868 4418 1992 4474 talis

412 4523 614 4595 poterit
659 4521 903 4577 habitare
954 4534 1076 4574 cum
1127 4518 1257 4573 Deo.

490 4634 509 4667 ι
545 4615 613 4669 Et
638 4613 903 4669 habitabit
932 4613 985 4666 in
1015 4610 1262 4676 excelsis,
1293 4628 1310 4661 ι
1344 4610 1397 4663 id
1427 4616 1511 4663 est
1554 4608 1608 4662 in
1632 4615 1833 4662 mterna
1875 4604 1993 4661 feli-

415 4709 580 4765 citate
609 4722 730 4761 eum
764 4704 998 4760 Christo.
1041 4702 1189 4757 Felix
1222 4715 1453 4770 namque
1475 4697 1837 4763 conscientia,
1875 4711 1995 4767 qua}

416 4814 519 4855 nec
543 4795 830 4860 consentit,
856 4810 955 4850 nec
983 4793 1131 4849 facit.
1154 4813 1172 4844 ‹
1201 4791 1530 4847 Munimenta
1553 4803 1803 4845 saxorum
1825 4787 1994 4843 subli-

415 4890 580 4947 mitas
602 4886 737 4957 ejus.
773 4908 791 4940 ι
824 4888 967 4941 Saxa
997 4895 1258 4941 vocantur
1284 4884 1457 4940 sancti
1493 4889 1714 4954 propter
1752 4880 1995 4950 solidita:

418 4990 526 5038 tem
575 4980 698 5035 fidei
750 4981 803 5034 in
837 4979 1051 5034 Christo
1094 4977 1345 5043 fundata,
1392 4990 1620 5048 quorum
1650 4971 1909 5044 exemplis
1943 4980 1999 5027 et

419 5074 577 5130 dictis
607 5075 947 5139 iustruimur,
993 5081 1051 5128 ut
1078 5072 1316 5127 eualestia
1348 5081 1403 5127 et
1449 5068 1697 5125 sublimia
1726 5076 1996 5139 petamus.

425 5182 446 5216 ι
479 5163 639 5220 Panis
662 5164 711 5219 ei
740 5165 896 5220 datus
928 5172 1030 5228 est,
1048 5178 1197 5232 aquzc
1218 5162 1333 5231 ejus
1354 5160 1537 5215 fideles
1565 5166 1707 5214 sunt.
1736 5178 1759 5238 ε
1774 5158 2001 5228 Propter

422 5256 615 5314 merita
668 5271 764 5311 sua
794 5256 949 5311 datus
996 5265 1081 5309 est
1128 5255 1282 5323 panis
1322 5262 1378 5308 et
1418 5267 1593 5323 aqua,
1626 5251 1729 5307 hoc
1780 5260 1864 5305 est
1905 5248 2001 5304 do-

421 5348 595 5403 ctrina
622 5346 925 5402 divinarum
957 5345 1382 5415 Scripturarum,
1413 5361 1532 5416 qua:
1564 5346 1616 5400 in
1645 5341 1891 5399 obscuris
1927 5340 2002 5395 lo-

423 5439 502 5495 cis
526 5446 610 5493 cst
631 5439 816 5509 panis,
850 5446 903 5492 et
930 5452 1067 5507 aqua
1097 5438 1150 5491 in
1197 5438 1575 5508 apertioribus.
1606 5436 1774 5505 Aqua:
1815 5442 1999 5489 autem

421 5533 539 5605 ejus
567 5531 754 5587 fideles
777 5541 933 5596 sunt,
963 5533 1088 5601 quia
1117 5532 1363 5586 doctrina
1388 5531 1564 5587 divina
1600 5544 1726 5583 vera
1751 5537 1855 5584 est.

498 5643 518 5678 ε
554 5625 752 5696 Regem
785 5644 803 5676 ι
839 5624 1045 5679 scilicet
1084 5623 1369 5680 Dominum
1395 5621 1822 5690 omnipotentem
1847 5661 1860 5686 ,
1890 5638 1909 5671 ι
1946 5620 2000 5675 in

423 5715 651 5779 decore,
689 5734 707 5766 ι
742 5715 842 5770 hoc
866 5725 949 5770 est
976 5715 1029 5769 in
1063 5713 1347 5784 Splendore
1373 5711 1667 5767 divinitatis
1710 5727 1821 5766 suae
1856 5729 1873 5761 ι
1919 5710 2001 5764 vi-

424 5804 627 5861 debunt
653 5805 792 5860 oculi
824 5807 959 5876 ejus,
987 5825 1003 5856 ›
1035 5805 1086 5859 id
1114 5814 1215 5873 est,
1242 5803 1379 5860 oculi
1407 5804 1649 5859 omnium
1687 5811 2000 5859 sanctorum

423 5900 549 5967 post
573 5891 712 5948 diem
737 5893 945 5963 judicii.
984 5915 999 5946 ι
1033 5893 1265 5951 Cerucut
1289 5904 1486 5950 terram
1514 5892 1650 5950 oculi
1676 5892 1823 5963 ejus,
1856 5913 1874 5946 ι
1900 5893 2003 5955 hoc

2094 3415 2428 3472 Hierusalem
2466 3415 2673 3471 caelesti
2700 3433 2712 3468 :
2738 3413 2979 3483 Ojuste,
3021 3415 3110 3470 cui
3156 3414 3516 3486 supradictum
3560 3424 3669 3480 est,

2091 3522 2188 3563 cor
2215 3516 2365 3560 tuum
2410 3505 2757 3561 meditabitur
2785 3505 3072 3570 timorem,
3106 3514 3164 3561 et
3204 3504 3460 3577 populum
3497 3504 3678 3574 impu—

2093 3601 2307 3656 dentem
2332 3614 2439 3653 non
2466 3598 2675 3653 videbis
2711 3616 2722 3651 :
2759 3599 2966 3668 respice
2995 3590 3276 3654 ccelestcm
3319 3595 3449 3653 Sion
3480 3596 3678 3651 civita-

2095 3703 2199 3748 tem
2222 3692 2582 3748 solemnitatis
2619 3700 2675 3745 et
2701 3690 2900 3746 lmtitia:
2930 3701 3222 3762 perpetuae.
3263 3708 3281 3741 ι
3308 3688 3468 3746 Oculi
3498 3689 3575 3744 tui
3604 3689 3682 3743 vi-

2093 3786 2314 3850 debunt,
2357 3804 2373 3834 ι
2412 3800 2445 3839 o
2479 3783 2647 3854 jusle,
2686 3803 2703 3833 ι
2738 3784 3074 3839 Hierusalem
3104 3783 3446 3854 opulentam.
3478 3801 3499 3835 ι
3534 3783 3613 3838 Ae
3636 3782 3680 3836 si

2096 3877 2300 3932 diceret
2348 3874 2467 3929 aliis
2510 3873 2697 3929 verbis
2746 3892 2759 3927 :
2793 3874 2895 3942 Qui
2925 3875 3085 3931 modo
3130 3873 3524 3945 contemplaris
3562 3889 3678 3929 eam

2096 3976 2310 4032 mente,
2366 3976 2496 4022 tunc
2528 3966 2741 4021 videbis
2791 3966 2938 4022 illam
2977 3969 3035 4024 in
3066 3969 3296 4024 veritate
3325 3967 3641 4038 opulentam
3665 4008 3680 4031 ,

2096 4063 2199 4119 hoc
2224 4069 2308 4117 est
2336 4061 2525 4129 opibus
2558 4059 2773 4130 plenam
2805 4061 2871 4116 de
2901 4062 3111 4119 visione
3135 4062 3529 4133 omnipotentis
3563 4062 3678 4117 Dei.

2102 4175 2121 4206 ‹
2152 4151 2583 4209 Tabernaculum
2610 4152 2753 4220 quod
2783 4163 3125 4224 nequaquam
3152 4153 3434 4209 transferri
3460 4154 3682 4224 poterit,

2095 4262 2197 4304 nec
2221 4245 2537 4301 auferentur
2561 4245 2701 4300 clavi
2749 4245 2867 4318 ejus
2911 4247 2965 4302 in
3014 4249 3425 4319 sempiternum.
3478 4266 3497 4299 ι
3532 4244 3685 4301 Nunc

2096 4345 2162 4398 de
2187 4341 2439 4412 praesenti
2460 4339 2700 4395 Ecclesia
2729 4339 2991 4410 loquitur,
3010 4356 3169 4412 quam
3197 4340 3587 4412 praefigurabat
3613 4351 3688 4393 ta-

2093 4434 2445 4490 bernaculum
2475 4442 2632 4489 vetus
2662 4452 2674 4487 :
2709 4450 2829 4504 qua:
2870 4435 2991 4491 ideo
3016 4433 3303 4490 transferri
3329 4449 3436 4488 non
3463 4434 3684 4505 poterit,

2095 4540 2270 4597 neque
2300 4525 2539 4588 moveri,
2571 4525 2645 4579 ita
2696 4532 2756 4579 ut
2787 4534 3036 4590 corruat,
3059 4524 3187 4595 quia
3223 4523 3452 4579 solidata
3484 4531 3573 4578 est
3604 4539 3688 4579 su—

2095 4633 2194 4688 pra
2223 4602 2436 4671 firmam
2463 4625 2692 4685 petram,
2734 4617 2801 4672 de
2824 4632 2933 4687 qua
2956 4617 3086 4673 dicit
3108 4615 3399 4687 Apostolus
3428 4634 3440 4669 :
3476 4634 3497 4666 ε
3526 4614 3689 4671 Petra

2098 4719 2279 4765 autem
2318 4717 2440 4764 erat
2483 4707 2734 4765 Christus
2760 4709 2811 4780 (Ι
2836 4708 2958 4765 Cor.
2990 4709 3070 4784 x).
3101 4729 3121 4763 ι
3158 4708 3482 4765 Habuerunt
3516 4706 3690 4763 Judmi

2100 4800 2504 4857 tabernaculum
2521 4841 2536 4866 ,
2564 4801 2659 4856 sed
2680 4810 2953 4872 portatum
2969 4803 3141 4858 estde
3161 4802 3280 4857 loco
3300 4802 3369 4856 ad
3391 4801 3577 4857 locum
3596 4821 3612 4856 :
3629 4802 3692 4857 de

2098 4907 2281 4949 eremo
2302 4891 2553 4947 videlicet
2580 4892 2632 4946 in
2658 4891 2792 4957 Silo,
2823 4894 2889 4948 de
2919 4891 3033 4948 Silo
3063 4893 3116 4947 in
3151 4891 3330 4958 Nobe,
3353 4893 3420 4948 de
3447 4891 3612 4949 Nobe
3638 4893 3690 4947 iu

2100 4984 2469 5050 Hierusalem,
2500 4993 2556 5040 et
2593 4985 2660 5040 de
2704 4985 3043 5041 Hierusalem
3072 4985 3237 5058 (sicut
3285 4987 3342 5041 in
3393 4985 3536 5042 libro
3580 4986 3694 5042 Ma-

2102 5075 2446 5130 chabaaorum
2476 5074 2694 5146 legitur)
2721 5074 2958 5131 delatum
2999 5076 3067 5131 ad
3092 5076 3403 5148 sepulcrum
3440 5075 3583 5133 Mosi
3628 5076 3694 5131 ab

2103 5165 2397 5221 Hieremia.
2445 5164 2591 5220 istud
2617 5180 2749 5222 vero
2794 5168 3234 5236 tabernaculum,
3278 5168 3385 5233 hoc
3422 5178 3510 5225 est
3548 5184 3693 5240 prae-

2103 5271 2227 5314 sens
2249 5254 2489 5312 Ecclesia
2511 5296 2526 5322 ,
2559 5271 2665 5311 non
2699 5257 3062 5314 transferetur
3095 5258 3164 5314 de
3192 5259 3312 5315 loco
3354 5260 3424 5314 ad
3469 5259 3691 5325 locum,

2105 5349 2160 5404 id
2194 5356 2277 5404 est
2311 5365 2419 5405 non
2457 5348 2753 5403 mutabitur
2792 5350 2859 5406 de
2882 5351 3025 5407 bono
3052 5352 3121 5410 ad
3147 5353 3382 5421 malum,
3412 5352 3541 5423 quia
3574 5368 3693 5409 ses—

2104 5440 2315 5496 sionem
2344 5441 2509 5496 habet
2538 5438 2814 5496 Christum
2846 5450 2901 5496 ct
2928 5451 3012 5499 est
3040 5445 3143 5499 fixa
3171 5460 3337 5516 super
3360 5459 3510 5501 eum.
3534 5442 3696 5512 Quod

2104 5540 2284 5587 autem
2315 5530 2477 5595 dicit,
2524 5545 2634 5586 non
2672 5530 2989 5588 auferentur
3014 5534 3151 5590 clavi
3178 5535 3332 5607 ejus,
3372 5550 3477 5606 per
3511 5541 3691 5591 meta-

2104 5625 2331 5695 phoram
2358 5623 2617 5695 loquitur.
2646 5623 2818 5683 Sicuti
2845 5629 3255 5684 tabernaculqu
3279 5628 3365 5684 vel
3395 5628 3693 5684 tentorium

2107 5714 2221 5767 sive
2256 5713 2456 5782 papilio
2489 5712 2738 5768 firmatur
2786 5716 2982 5781 clavis,
3021 5717 3333 5773 extenditur
3379 5714 3644 5772 funiculis
3676 5732 3692 5769 :

2108 5806 2186 5860 sic
2217 5812 2398 5860 sancta
2429 5804 2669 5861 Ecclesia
2705 5807 2965 5863 solidatur
2997 5810 3192 5877 clavis,
3223 5810 3276 5865 id
3312 5817 3396 5867 est
3445 5808 3692 5865 doctori—

2107 5894 2209 5953 bus
2232 5896 2465 5960 sanetis,
2498 5911 2729 5982 quorum
2770 5898 3041 5958 miraculis
3079 5902 3325 5961 eruditur
3354 5920 3368 5961 :
3409 5910 3467 5963 et
3492 5908 3695 5975 extet];
