3918 6482
222 488 326 544 889

1309 478 1639 536 COMMENT
1678 479 1743 536 ΙΝ
1783 423 2033 533 ISAIAM.
2074 478 2297 545 —-«:LIB.
2337 479 2400 536 ll.

3369 483 3473 544 890

225 603 366 656 ditur
418 597 702 663 funiculis,
772 598 872 652 lioc
921 601 1024 661 est,
1084 594 1390 650 divinorum
1461 595 1797 664 eloquiorum
1824 594 1878 654 A
1903 593 2177 648 auferetur
2204 595 2272 649 ab
2298 609 2363 649 eo
2394 593 2649 664 iniquitas
2675 595 2791 666 ejus
2817 609 2882 650 ex
2906 596 3006 652 hoc
3038 596 3199 665 facto,
3222 598 3346 670 quia
3367 596 3470 656 Do-

226 692 478 748 fundatis.

302 803 319 836 ς
354 783 488 850 Quia
521 781 591 836 ibi
631 801 647 831 ι
684 781 786 835 hoc
815 788 927 842 cst,
978 780 1028 832 in
1075 779 1331 834 cordibus
1357 778 1650 831 electorum
1679 792 1803 833 suo-

229 890 365 937 rum,
400 893 418 924 ‹
444 870 759 943 magnificus
781 880 866 926 est
888 871 1147 924 Dominus
1169 869 1312 925 Deus
1339 876 1551 923 noster:
1575 888 1592 919 ι
1620 876 1674 923 et
1695 883 1802 923 non

231 969 285 1023 in
313 965 702 1022 conventiculis
748 964 1154 1028 haereticorum,
1205 978 1380 1034 neque
1416 962 1468 1017 in
1517 962 1804 1033 synagogis

228 1057 562 1122 Judmorum,
595 1076 612 1108 ‹
651 1057 801 1110 locus
829 1054 1132 1120 fluviorum,
1172 1075 1190 1106 ι
1241 1054 1496 1109 subaudis
1523 1065 1605 1108 est
1650 1053 1723 1110 ibi
1750 1064 1805 1109 et

235 1170 254 1202 ι
288 1149 386 1205 rivi
431 1149 680 1204 altissimi
708 1157 762 1202 et
790 1156 1055 1218 patentes.
1099 1167 1117 1201 ι
1154 1147 1374 1202 Fluvios
1409 1146 1640 1216 appellat
1681 1161 1806 1216 pro-

230 1243 416 1314 phetas
454 1248 508 1297 et
552 1239 852 1311 apostolos,
895 1240 987 1310 qui
1032 1254 1062 1292 a
1103 1253 1235 1293 vero
1284 1237 1428 1292 fonte
1459 1244 1806 1308 sumpserunt

231 1350 348 1405 quae
382 1333 536 1388 nobis
563 1331 922 1402 protulerunt.
973 1329 1140 1384 Rivos
1189 1337 1368 1385 autem
1406 1337 1683 1399 patentes,
1713 1342 1808 1382 ex-

233 1430 494 1498 positores
511 1434 818 1481 sanctarum
851 1424 1278 1493 Scripturarum,
1301 1423 1393 1491 qui
1419 1422 1573 1476 nobis
1601 1437 1664 1476 ea
1689 1436 1808 1490 quae

235 1537 264 1575 a
306 1521 584 1591 prophetis
611 1527 667 1573 et
696 1518 953 1589 apostolis
995 1519 1224 1572 obscure
1265 1515 1472 1586 prolata
1519 1523 1676 1580 sunt,
1706 1513 1807 1584 ipsi

233 1622 480 1686 patenter
507 1612 792 1676 fecerunt,
824 1619 884 1664 ut
928 1610 1291 1678 Hieronymus
1314 1650 1328 1673 ,
1360 1607 1724 1677 Augustinus,
1754 1616 1810 1662 et

235 1706 544 1778 Gregorius.
577 1724 595 1756 ‹
633 1703 748 1758 Non
795 1702 1044 1758 transibit
1071 1716 1166 1772 per
1193 1715 1338 1764 eum,
1373 1717 1391 1751 ι
1434 1698 1690 1753 subaudis
1727 1706 1809 1752 ta-

239 1798 581 1854 bernacnlnm
603 1837 616 1861 ,
648 1797 791 1866 quod
818 1804 901 1850 est
926 1793 1273 1865 congregatio
1299 1791 1592 1848 electorum
1611 1832 1625 1856 ,
1662 1811 1681 1844 ι
1714 1807 1809 1845 na-

241 1891 318 1944 vis
355 1889 669 1959 remigium,
707 1907 726 1940 ›
782 1887 835 1941 id
878 1897 981 1952 est,
1030 1884 1308 1950 diabolus,
1359 1902 1378 1936 ‹
1425 1899 1598 1953 neque
1627 1882 1809 1938 trieris

1904 685 2034 741 mini
2064 685 2356 742 vindictam
2383 686 2641 741 exercuit.

2435 841 2661 899 CAPUT
2705 842 2942 900 XXXIV.

1983 995 2002 1028 ‹
2020 977 2296 1043 Accedite,
2321 985 2526 1049 gentes,
2545 986 2599 1033 et
2622 979 2834 1045 audite;
2861 971 3121 1050 et‘populi
3150 981 3427 1040 attendite.
3453 1003 3472 1038 ›

1905 1067 1983 1122 De
2011 1069 2096 1124 die
2118 1068 2305 1139 iudicii
2353 1071 2623 1141 generalis
2653 1073 2922 1128 sententia
2952 1073 3296 1146 loquitur,_et
3322 1085 3478 1132 vocat

1905 1174 2096 1214 omnes
2123 1168 2310 1228 gentes
2337 1168 2398 1214 ut
2439 1161 2662 1215 audiant
2700 1163 2902 1233 justam
2950 1165 3358 1221 retributionem
3385 1164 3478 1222 Ju-

1907 1249 2037 1304 daeis
2060 1250 2346 1305 redditam.
2379 1250 2552 1306 Vocat
2574 1252 2738 1307 etiam
2777 1262 2978 1309 terram
3007 1264 3064 1310 et
3091 1255 3476 1326 plenitudinem

1907 1340 2022 1410 ejus
2039 1342 2135 1408 ,‘id
2158 1349 2240 1397 est
2260 1383 2274 1408 ,
2297 1358 2486 1398 omnes
2510 1343 2756 1400 homines
2773 1386 2788 1408 .
2815 1355 2871 1401 et
2895 1347 3027 1402 dicit
3060 1366 3073 1402 :

1987 1450 2004 1483 ι
2037 1430 2170 1498 Quia
2192 1432 2506 1502 indignatio,
2536 1452 2553 1484 ›
2581 1433 2634 1488 id
2662 1441 2762 1498 est,
2795 1436 3029 1492 vindicta
3048 1456 3067 1489 ‹
3089 1437 3300 1494 Domini
3322 1453 3482 1510 super

1906 1540 2096 1582 omnes
2137 1534 2342 1595 gentes.
2382 1544 2401 1576 ι
2445 1524 2560 1580 Non
2612 1541 2773 1596 super
2817 1538 3002 1598 gentes
3034 1529 3087 1584 in
3137 1545 3482 1602 quascunque

1909 1613 2220 1684 specialiter
2270 1614 2349 1668 ira
2380 1613 2591 1669 Domini
2624 1617 2875 1672 desaeviet
2918 1619 2972 1673 in
3014 1619 3100 1674 die
3139 1619 3357 1690 judicii,
3389 1621 3483 1676 sed

1910 1722 2072 1776 super
2095 1721 2282 1762 omnes
2320 1707 2598 1776 reprobos.
2627 1706 2779 1774 Quod
2809 1718 2986 1764 autem
3009 1711 3160 1766 addit
3190 1731 3203 1765 :
3249 1730 3268 1762 ι
3307 1712 3372 1766 Ει
3402 1712 3485 1767 fu-

1909 1813 2002 1852 ror
2029 1813 2189 1867 super
2215 1797 2519 1852 universam
2547 1798 2794 1853 militiam
2835 1815 3054 1866 eorum,
3106 1821 3125 1855 »
3178 1802 3230 1857 id
3258 1812 3364 1868 est,
3401 1818 3486 1859 re—

1914 1889 2242 1959 proborum,
2287 1887 2354 1943 de
2398 1887 2602 1958 angelis
2641 1889 2890 1959 malignis
2934 1891 3336 1963 intelligendum
3367 1902 3482 1959 est,

241 1994 427 2050 magna
454 1957 848 2050 transgreditur
874 1993 1019 2042 eum,
1053 1997 1071 2029 »
1115 1975 1372 2032 subaudis
1401 1975 1654 2046 populum
1688 1989 1810 2030 san-
1840 1957 1890 2018 Β
1915 1957 2006 2051 qui
2036 1995 2134 2049 per
2157 1979 2330 2052 Spatia
2358 1957 2500 2035 aeris
2536 1980 2693 2036 istius
2714 1957 3040 2049 discurrunt,
3063 1957 3260 2040 et'cum
3290 1957 3485 2055 quibus

236 2081 378 2127 ctum
413 2071 524 2126 Dei.
575 2070 780 2126 Trieris
815 2071 970 2126 navis
1016 2078 1101 2125 est
1147 2076 1256 2125 tres
1289 2069 1506 2124 ordines
1533 2083 1803 2123 remorum

233 2164 453 2219 habens.
504 2164 786 2236 Significat
806 2165 1077 2220 diabolum
1103 2165 1160 2218 in
1182 2164 1286 2219 isto
1327 2163 1444 2219 loco
1471 2173 1690 2234 propter
1717 2179 1805 2219 su-

229 2255 469 2325 perbiam
489 2298 504 2322 ,
543 2257 634 2327 qui
660 2266 772 2312 tres
796 2266 980 2327 partes
1006 2258 1164 2313 istius
1192 2257 1358 2323 orbis,
1389 2255 1603 2323 Asiam,
1636 2257 1804 2312 Euro-

228 2360 387 2415 pam,
431 2346 776 2418 Africamque
823 2359 947 2404 ante
989 2350 1281 2405 adventum
1323 2350 1535 2406 Domini
1566 2366 1663 2408 suo
1705 2352 1803 2408 sub

229 2440 458 2509 imperio
481 2441 792 2510 subjugatas
821 2443 1071 2497 habebat.

308 2549 326 2582 ‹
367 2531 625 2589 Dominus
672 2535 815 2589 enim
859 2535 1022 2605 iudex
1068 2544 1271 2603 noster,
1315 2536 1573 2593 Dominus
1617 2537 1805 2609 legifer

231 2637 434 2692 noster,
469 2628 728 2685 Dominus
761 2647 854 2684 rex
880 2641 1084 2696 noster,
1113 2632 1224 2702 ipse
1247 2633 1476 2687 salvabit
1500 2648 1599 2688 nos
1618 2674 1633 2698 ,
1662 2652 1680 2684 ι
1715 2648 1803 2688 su-

229 2719 419 2773 baudis
448 2735 478 2773 a
505 2719 737 2775 diabolo.
762 2719 878 2776 Vox
907 2722 1202 2777 electorum
1232 2723 1284 2776 in
1316 2722 1600 2791 poenitenti
1625 2722 1805 2776 Eccle-

231 2812 308 2866 sia
345 2812 519 2868 adliuc
547 2815 1017 2870 commorantium.
1048 2813 1220 2870 Judex
1250 2824 1437 2871 noster
1461 2816 1601 2871 Deus
1625 2817 1800 2871 omni-

231 2912 420 2972 potens
450 2912 566 2970 est,
608 2906 733 2974 quia
782 2906 896 2976 ipse
939 2916 1022 2961 est
1053 2907 1318 2961 discretor
1356 2908 1538 2978 iudicii
1560 2949 1574 2974 ,
1604 2917 1658 2963 et
1688 2910 1803 2979 ipse

223 2994 490 3063 iudicabit
504 2999 688 3053 orbem
707 2999 1018 3054 universum
1041 3000 1095 3054 in
1117 3001 1390 3068 (equitate.
1412 2998 1623 3070 Legifer
1638 3002 1803 3056 etiam

229 3096 416 3143 noster
440 3097 555 3154 est,
587 3089 713 3158 quia
742 3089 855 3158 ipse
887 3090 1033 3145 dedit
1066 3091 1220 3145 nobis
1259 3090 1430 3162 legem
1466 3091 1800 3159 naturalem,

224 3194 349 3250 quae
376 3187 496 3234 est:
525 3178 679 3247 Quod
715 3180 810 3235 tibi
840 3197 946 3237 non
975 3181 1057 3236 vis
1082 3180 1227 3245 fieri,
1259 3181 1348 3235 alii
1386 3197 1454 3236 ne
1490 3181 1702 3237 feceris.
1739 3183 1804 3237 Et

224 3273 403 3344 legem
432 3289 527 3343 per
552 3274 756 3331 Mosen.
783 3274 864 3330 Ad
892 3284 1192 3331 extremum
1221 3291 1352 3332 vero
1373 3276 1545 3346 legem
1577 3292 1806 3349 evange-

224 3366 346 3422 lica:
374 3367 637 3421 veritatis.

307 3479 325 3511 ‹
357 3459 543 3514 Laxati
573 3466 698 3514 sunt
719 3457 942 3514 funiculi
965 3459 1071 3524 tui,
1103 3459 1199 3515 sed
1224 3474 1330 3514 non
1355 3459 1744 3530 praevalebunt.
1779 3481 1797 3512 ι

225 3552 502 3608 Hactenus
531 3553 740 3608 locutus
775 3560 858 3608 est
887 3553 950 3607 de
994 3552 1334 3612 Hierusalem
1378 3553 1615 3618 coelesti,
1648 3563 1703 3610 et
1738 3555 1804 3610 de

229 3643 472 3700 Ecclesia
503 3645 789 3715 praesentis
816 3645 1016 3701 saeculi.
1049 3645 1202 3701 Nunc
1245 3660 1376 3702 vero
1418 3647 1709 3702 revertitur
1737 3647 1805 3703 ad

229 3746 504 3792 terrenam
543 3736 906 3802 Hierusalem,
946 3737 1171 3808 loquens
1201 3737 1267 3793 de
1290 3753 1351 3792 ea
1376 3738 1474 3792 sub
1500 3739 1680 3808 specie
1705 3753 1803 3794 na-

227 3827 334 3882 vis.
365 3826 549 3882 Laxati
578 3837 701 3884 sunt
728 3828 951 3883 funiculi
974 3829 1074 3894 tui,
1103 3844 1200 3899 pro
1229 3843 1294 3883 eo
1339 3830 1481 3900 quod
1521 3839 1603 3885 est
1630 3831 1807 3886 omnis

228 3919 493 3975 fortitudo
521 3920 699 3991 populi
750 3920 825 3974 tui
856 3920 1146 3987 laxabitur,
1172 3930 1228 3976 et
1258 3921 1600 3988 extendetur,
1630 3923 1806 3978 nitens

227 4027 470 4084 pugnare
498 4020 685 4067 contra
707 4010 980 4067 Romanos
1009 4032 1022 4066 :
1057 4013 1149 4068 sed
1182 4029 1289 4068 non
1318 4014 1656 4084 praevalebit,
1682 4014 1808 4084 quia

228 4106 492 4160 Dominus
522 4103 752 4158 adducet
803 4117 896 4158 eos
942 4104 1006 4157 ad
1056 4104 1131 4158 tui
1179 4104 1620 4160 internecionem.
1661 4089 1690 4155 ι’
1719 4103 1809 4158 Sic

229 4196 342 4250 erit
367 4196 542 4250 malus
573 4205 717 4260 tuus,
757 4214 774 4246 ι
810 4195 914 4250 hoc
951 4203 1033 4249 est
1063 4195 1315 4266 templum
1348 4195 1604 4268 inclytum
1635 4205 1807 4264 tuum,

231 4288 290 4341 in
349 4302 455 4356 quo
508 4285 776 4356 quondam
837 4284 1140 4354 pendebant
1208 4285 1325 4340 vela
1397 4287 1804 4355 pretiosissima.

237 4399 255 4431 ι
303 4379 369 4434 Ut
399 4361 632 4433 dilatare
671 4377 879 4448 signum
917 4394 1020 4432 non
1052 4392 1220 4446 queas
1245 4419 1260 4443 ,
1294 4397 1314 4430 ι
1361 4378 1415 4431 id
1443 4386 1553 4444 est,
1601 4388 1660 4433 ut
1701 4395 1808 4434 non

230 4481 492 4543 appareat
545 4471 600 4524 in
652 4485 758 4540 quo
807 4469 924 4526 loco
968 4470 1218 4540 primitus
1265 4477 1636 4525 constructum
1674 4469 1807 4537 fuit,

230 4564 362 4635 quia
412 4578 530 4632 non
566 4562 899 4632 relinquetur
943 4577 1009 4616 ex
1056 4575 1121 4615 eo
1171 4560 1306 4632 lapis
1351 4575 1514 4631 super
1553 4561 1802 4631 lapidem.

238 4681 256 4709 ‹
299 4659 476 4723 Tunc,
511 4677 528 4709 ι
562 4657 614 4711 id
636 4665 750 4722 est,
781 4671 903 4711 cum
933 4653 1267 4710 IlieruSalem
1288 4653 1452 4709 fuerit
1475 4669 1732 4710 succensa
1755 4665 1808 4711 et

235 4749 519 4819 templum,
555 4759 574 4799 ι
605 4747 908 4803 dividentur
932 4746 1101 4816 spolia
1130 4745 1433 4817 praedarum
1459 4746 1747 4800 multarum
1782 4766 1801 4798 ι

235 4859 267 4896 a
295 4840 582 4906 Romanis,
610 4841 714 4895 hoc
752 4847 835 4896 est
881 4855 1069 4895 omnes
1095 4839 1295 4894 divitiae
1329 4846 1383 4894 et
1429 4847 1622 4894 cuncta
1670 4841 1810 4894 bona

234 4931 565 4986 Judaaorum.
588 4950 606 4982 ι
631 4929 818 4986 Claudi
844 4930 1100 5000 diripient
1121 4931 1381 5001 przedam,
1399 4943 1497 4984 nec
1520 4930 1661 4985 dicet
1681 4931 1811 4986 vici-

237 5032 364 5089 nus,
391 5023 614 5094 Elangui
632 5063 646 5088 ,
673 5042 690 5074 ι
727 5023 778 5076 id
803 5031 904 5086 est,
937 5037 1043 5076 non
1071 5022 1211 5077 dicet
1233 5021 1507 5076 Romanus
1533 5019 1808 5087 Romano,

237 5117 489 5174 Infirmus
515 5132 632 5173 sum
663 5135 675 5170 :
713 5116 838 5186 quia
858 5115 1104 5171 Christus
1126 5115 1455 5170 ministrabit
1477 5115 1555 5168 eis
1573 5115 1734 5178 vires,
1754 5122 1817 5168 ut

241 5211 452 5282 possint
477 5209 656 5264 delere
683 5217 895 5280 gentem
925 5208 1269 5263 iuimicando.
1303 5206 1493 5262 Claudi
1543 5206 1815 5277 appellan-

242 5316 332 5359 tur
356 5303 613 5368 Romani,
640 5317 746 5357 non
773 5301 915 5374 quod
960 5301 1134 5355 claudi
1171 5311 1383 5367 essent,
1412 5300 1505 5356 sed
1543 5300 1647 5355 hoc
1674 5299 1815 5370 quod

245 5405 433 5451 contra
462 5394 678 5452 Iudaeos
709 5402 936 5461 egerunt
963 5409 1069 5448 non
1099 5392 1211 5448 suis
1235 5392 1440 5447 viribus
1484 5390 1613 5446 illud
1647 5391 1818 5445 adim-

246 5489 556 5560 pleverunt,
595 5488 688 5542 sed
719 5486 813 5540 Dei
839 5485 1095 5554 potentia.
1149 5503 1166 5534 ι
1201 5483 1457 5554 Populus,
1502 5501 1521 5534 ι
1563 5482 1818 5537 subaudis

248 5577 542 5642 Romanus,
573 5596 592 5628 ‹
622 5576 711 5646 qui
737 5575 941 5629 habitat
964 5573 1016 5627 in
1041 5587 1104 5627 ea
1133 5590 1151 5622 ι
1180 5580 1345 5636 terra,
1369 5569 1473 5626 hoc
1493 5578 1576 5626 est
1601 5572 1692 5641 qui
1719 5573 1819 5627 sub

250 5687 348 5727 sua
378 5678 640 5742 potestate
678 5676 824 5723 tenet
871 5681 990 5722 eam
1036 5664 1328 5719 redactam.
1367 5680 1391 5713 ‹
1422 5661 1710 5719 Auferetur
1753 5663 1823 5719 ab

252 5781 317 5820 eo
343 5763 615 5834 iniquitas.
652 5781 670 5813 ι
708 5761 773 5814 Et
809 5769 890 5815 est
925 5771 1156 5814 sensus:
1185 5755 1242 5811 Si
1289 5755 1517 5827 populus
1548 5757 1824 5812 Romanus

254 5856 443 5927 dignus
488 5859 632 5909 esset
661 5860 716 5907 et
747 5850 961 5921 aliquod
1005 5855 1284 5918 peccatum
1325 5846 1516 5902 exinde
1562 5845 1817 5912 haberet,

256 5945 396 6020 quod
424 5937 635 5999 Judaeos
674 5941 938 5998 interfecit
983 5949 1039 5996 et
1082 5953 1269 5994 eorum
1310 5946 1510 5995 terram
1558 5935 1816 6023 incoluit,

1831 3329 1877 3392 C

1839 4701 1890 4764 D

1907 2073 2197 2142 Apostolus
2221 2073 2352 2126 dicit
2379 2087 2477 2127 nos
2507 2073 2708 2128 habere
2738 2073 3008 2130 luctamen
3043 2075 3257 2146 (Epltes.
3282 2076 3378 2143 v1).
3400 2077 3486 2132 ln-

1905 2165 2116 2220 terfecit
2143 2179 2236 2218 eos
2250 2162 2498 2220 Christus
2518 2165 2788 2221 sententia
2811 2181 2906 2220 sua
2921 2167 3102 2222 dicens
3128 2185 3140 2221 :
3170 2167 3298 2233 tlte,
3321 2167 3487 2224 male-

1906 2257 2056 2323 dicti,
2077 2258 2130 2312 in
2161 2257 2338 2329 ignem
2370 2266 2627 2313 teternum
2659 2257 2871 2329 (Matth.
2897 2263 3048 2331 xxv).
3073 2279 3090 2312 ι
3117 2279 3136 2312 ι
3162 2261 3386 2318 Etdedit
3407 2263 3487 2319 eis

1905 2350 2256 2415 occisionem,
2281 2369 2299 2400 ›
2320 2349 2424 2406 hoc
2445 2357 2528 2405 est
2553 2351 2633 2406 ire
2652 2352 2969 2422 permisitin
2989 2363 3246 2410 aeternam
3268 2355 3487 2410 damna-

1909 2442 2130 2498 tionem.

1981 2555 2000 2587 ‹
2034 2535 2308 2591 Interfecti
2333 2549 2519 2591 eorum
2557 2536 2912 2607 projicientur
2940 2557 2958 2591 ι
2992 2539 3047 2593 in
3076 2539 3348 2596 infernum
3378 2559 3398 2592 t
3425 2551 3481 2598 et

1906 2629 1972 2684 de
2016 2629 2370 2684 cadaveribus
2409 2643 2597 2684 eorum
2636 2631 2892 2686 ascendet
2931 2631 3088 2687 fetor.
3127 2653 3146 2686 ι
3181 2633 3326 2700 Quos
3369 2634 3485 2689 dia-

1904 2720 2057 2776 bolus
2098 2721 2374 2775 suadendo
2401 2728 2456 2776 et
2485 2721 2611 2775 mali
2657 2721 2904 2778 homines
2949 2723 3090 2778 male
3126 2724 3390 2789 vivendo,
3433 2735 3488 2780 et

1904 2811 2084 2882 pravis
2118 2810 2378 2876 exemplis
2432 2811 2674 2867 docendo
2713 2813 3101 2869 interfecerunt
3142 2829 3247 2870 non
3284 2814 3336 2868 in
3364 2829 3484 2870 cor-

1906 2917 2036 2972 pore
2063 2903 2158 2958 sed
2189 2903 2241 2956 in
2267 2902 2467 2968 anima,
2500 2902 2853 2972 projicientur
2877 2903 2931 2958 in
2953 2903 3038 2959 die
3051 2903 3239 2975 judicii
3269 2905 3474 2974 pariter

1905 3011 2028 3051 cum
2065 2995 2149 3050 his
2178 3010 2206 3048 a
2235 2995 2431 3064 quibus
2463 2993 2672 3064 decepti
2720 3004 2844 3050 sunt
2884 2996 2940 3050 in
2976 3004 3232 3051 aeternam
3261 2997 3483 3051 damna-

1906 3089 2105 3144 tionem
2135 3087 2410 3142 cruciandi
2445 3105 2456 3139 :
2488 3095 2543 3142 et
2566 3087 2769 3142 dabunt
2806 3102 2873 3142 ex
2904 3102 2964 3142 se
2990 3087 3188 3142 malum
3233 3087 3478 3154 odorem,

1905 3180 2029 3250 quia
2055 3187 2110 3234 et
2139 3179 2193 3233 in
2219 3193 2442 3248 corpore
2465 3188 2520 3233 et
2549 3179 2604 3234 in
2636 3179 2815 3234 anima
2847 3179 3250 3234 cruciabuntur.

1983 3291 2000 3322 ι
2033 3271 2332 3326 Tabescent
2353 3278 2564 3324 montes
2585 3285 2616 3324 a
2646 3271 2912 3340 sanguine
2931 3285 3141 3335 eorum,
3172 3278 3228 3325 et
3247 3271 3483 3327 tabescet

1908 3367 2082 3422 omnis
2121 3366 2310 3420 militia
2361 3365 2641 3419 caelorum.
2679 3385 2698 3418 ι
2737 3365 2944 3420 Montes
2991 3366 3226 3436 appellat
3273 3369 3327 3422 in
3376 3370 3482 3426 isto

1906 3459 2025 3514 loco
2053 3471 2208 3530 reges
2232 3466 2289 3514 et
2311 3457 2584 3528 principes
2606 3465 2662 3512 et
2696 3464 2956 3529 tyrannos
2983 3457 3138 3513 istius
3169 3458 3371 3525 saeculi,
3421 3468 3481 3514 ut

1905 3549 2007 3604 fuit
2054 3545 2567 3612 Nabuchodonosor,
2599 3546 2692 3616 qui
2738 3547 3028 3602 multarum
3069 3549 3311 3619 gentium
3359 3566 3482 3606 san-

1905 3643 2120 3714 guinem
2179 3657 2342 3712 super
2389 3640 2687 3709 subjectum
2744 3643 2846 3697 sibi
2900 3643 3155 3713 populum
3199 3643 3378 3700 fudit:
3423 3655 3482 3702 ut

1905 3735 2122 3790 fuerunt
2143 3733 2519 3789 interfectores
2545 3741 2857 3789 sanctorum
2877 3743 3196 3806 martyrum.
3235 3735 3478 3790 Militiam

1906 3843 2034 3883 vero
2081 3827 2202 3883 coeli
2241 3825 2462 3897 angulos
2509 3827 2664 3882 istius
2708 3827 2850 3882 aeris
2897 3827 2988 3898 qui
3031 3826 3255 3898 singulis
3301 3828 3484 3900 regnis

1904 3919 2294 3990 principantur,
2348 3917 2487 3972 sicut
2538 3918 2593 3972 in
2639 3916 2874 3972 Danielis
2930 3917 3068 3972 libro
3115 3919 3253 3988 (cap.
3283 3918 3340 3988 x)
3394 3935 3486 3975 co-

1908 4027 2166 4084 gnoscere
2199 4026 2505 4083 possumus,
2556 4011 2611 4066 in
2635 4026 2742 4082 quo
2769 4010 2961 4080 legitur
2987 4012 3053 4068 de
3089 4012 3331 4084 principe
3359 4013 3486 4068 Per«

1909 4117 2090 4158 sarum
2111 4110 2166 4157 et
2211 4102 2453 4173 principe
2485 4101 2818 4158 Graecorum.
2852 4102 2922 4158 Et
2945 4103 3198 4174 egregius
3220 4104 3485 4175 praedica-

1911 4204 2038 4252 tor:
2089 4196 2207 4252 Non
2257 4205 2342 4252 est
2387 4197 2605 4268 (inquit)
2660 4197 2818 4253 nobis
2869 4191 3177 4253 colluctatio
3224 4198 3485 4254 adversus

1910 4303 2125 4343 carnem
2146 4297 2201 4342 et
2228 4289 2543 4358 sanguinem
2564 4328 2580 4353 ,
2609 4291 2702 4344 sed
2727 4291 2986 4345 adversus
3017 4293 3288 4364 principes
3313 4302 3369 4350 et
3393 4309 3486 4365 po-

1912 4389 2155 4444 testates,
2187 4379 2448 4435 adversus
2494 4381 2676 4435 mundi
2714 4386 2952 4436 rectores
2982 4381 3199 4453 (Ephes.
3226 4384 3490 4453 v1).Defi-

1909 4471 2055 4526 cient
2101 4469 2247 4524 enim
2302 4485 2458 4540 reges
2504 4484 2602 4540 pro
2659 4470 2817 4526 malis
2863 4472 3227 4541 subiectorum
3271 4490 3490 4532 suorum

1911 4563 2034 4632 quia
2059 4562 2158 4632 ipsi
2186 4560 2404 4616 fuerunt
2432 4570 2683 4617 auctores
2710 4561 3058 4632 iniquitatum
3082 4579 3299 4620 eorum:
3325 4575 3380 4622 et
3399 4567 3491 4623 de-
3581 4631 3590 4640 δ

1913 4654 2096 4711 ficient
2125 4655 2394 4710 daemones
2416 4655 3040 4726 principes‘diversarum
3073 4659 3335 4730 gentium,
3359 4676 3493 4731 quo-

1914 4762 2036 4802 rum
2063 4745 2208 4801 malo
2241 4746 2467 4802 consilio
2513 4755 2568 4801 et
2597 4746 2823 4818 deceptu
2853 4756 2910 4804 et
2952 4763 3108 4821 reges
3134 4762 3492 4819 peccaverunt

1915 4848 1970 4894 et
2019 4839 2243 4909 subjecti
2290 4839 2586 4909 perierunt.
2645 4859 2664 4890 ‹
2702 4839 2771 4893 Ει
2827 4840 3296 4911 complicabuntur
3355 4842 3491 4897 sicut

1916 4933 2054 4988 liber
2078 4932 2224 4996 caeli,
2256 4937 2312 4987 et
2339 4933 2515 4987 omnis
2537 4931 2729 4987 militia
2757 4949 2968 5001 eorum,
2998 4954 3016 4986 ι
3048 4935 3304 4990 subaudis
3326 4935 3491 4990 cmlo-
3539 4947 3541 4949 ‘

1918 5038 2058 5089 rum,
2110 5041 2130 5074 ‹
2163 5020 2378 5088 defluet,
2434 5021 2573 5077 sicut
2613 5021 2798 5078 defluit
2844 5022 3034 5079 folium
3069 5023 3138 5078 de
3159 5023 3319 5080 vinea
3347 5033 3404 5080 et
3427 5023 3494 5082 de

1921 5113 2046 5178 ﬁcu,
2084 5132 2102 5165 ι
2134 5114 2598 5184 appropinquante
2623 5113 2836 5184 hyeme,
2869 5132 2889 5166 ι
2919 5113 3173 5184 quoniam
3196 5113 3494 5172 inebriatus

1920 5213 2002 5262 est
2025 5207 2078 5260 in
2112 5205 2249 5260 caelo
2273 5205 2482 5277 gladius
2513 5221 2684 5262 meus.
2722 5227 2740 5258 ι

1991 5296 2258 5352 Pluralem
2283 5311 2568 5352 numerum
2593 5297 2774 5368 posuit
2794 5312 2895 5368 pro
2928 5296 3190 5370 singulari
3212 5313 3335 5354 cum
3361 5297 3498 5353 dixit

1924 5386 2068 5454 coeli,
2090 5387 2214 5458 quia
2239 5388 2303 5443 de
2328 5388 2429 5444 isto
2459 5403 2583 5444 aere
2606 5389 2708 5443 hoc
2729 5387 3132 5459 intelligendum
3158 5395 3260 5443 est.
3287 5387 3496 5443 Caelum

1925 5477 2067 5531 enim
2095 5477 2394 5548 appellatur
2430 5493 2527 5533 aer
2552 5477 2753 5533 usitato
2790 5493 2959 5534 more.
2992 5477 3144 5536 Unde
3171 5485 3228 5534 et
3253 5477 3500 5536 volucres

1928 5567 2049 5623 caeli
2081 5567 2328 5622 dicimus.
2360 5567 2547 5622 Militia
2587 5565 2708 5622 caeli
2731 5565 2950 5634 defluet,
2975 5566 3029 5622 id
3061 5575 3166 5632 est,
3197 5567 3276 5623 sol
3300 5575 3354 5622 et
3375 5567 3500 5623 luna

1925 5672 1979 5719 et
2013 5663 2198 5728 stellae,
2231 5661 2317 5717 vel
2352 5663 2515 5717 etiam
2561 5659 2784 5732 maligni
2819 5660 3061 5733 spiritus.
3093 5659 3209 5714 Non
3239 5659 3382 5715 enim
3413 5659 3502 5715 de-

1923 5752 2088 5810 fluent
2114 5755 2187 5809 ita
2217 5754 2391 5809 sidera
2436 5761 2496 5807 ut
2519 5751 2742 5815 cadant,
2764 5751 2859 5808 sed
2888 5752 3204 5808 adveniente
3231 5765 3357 5807 vera
3384 5750 3501 5806 luce

1923 5845 2138 5901 Christo
2163 5843 2660 5902 obtenebrabuntur
2695 5841 2823 5898 illa:
2873 5842 3014 5898 unde
3055 5850 3110 5898 et
3137 5841 3383 5896 Salvator
3419 5839 3502 5896 di-

1921 5937 1996 6017 cit
2028 5956 2041 5995 :
2076 5957 2094 5994 ι
2129 5936 2307 5998 Stellae
2333 5937 2528 5996 cadent
2553 5935 2622 5994 de
2645 5933 2782 5992 coelo
2813 5933 3028 6010 (Matth.
3062 5933 3281 6007 ιχιν),ξι
3315 5932 3369 5996 id
3399 5939 3499 6018 est,
