3918 6500
488 535 590 596 891

953 529 1302 588 HAYMO‘NIS
1343 527 1822 584 HALDEKSTAT.
1867 523 1970 579 ΕΡΙ
1981 521 2063 578 SC

2174 522 2276 575 PP.
2321 519 2500 574 PARS
2540 519 2580 574 Ι.
2619 551 2690 562 -
2728 521 3078 576 COMMENT.
3121 521 3288 578 BIBL.

3681 524 3786 579 892

495 645 684 700 cadere
725 641 1067 698 videbuntur.
1098 641 1330 710 Spiritus
1370 655 1499 694 vero
1549 637 1766 710 maligni
1811 637 2063 693 deﬂuent,
2092 634 2145 694 Α
2165 631 2352 700 judicii
2397 633 2547 698 Sion,
2587 654 2602 683 ι
2642 633 2897 688 subaudis
2925 637 3121 689 veniet.
3153 635 3256 690 ista
3297 651 3416 704 quae
3453 635 3554 688 hic
3587 636 3784 690 dicun-

495 736 618 806 quia
670 735 918 790 amittent
959 749 1172 789 omnem
1197 740 1536 802 potestatem,
1563 739 1617 784 et
1642 729 1987 784 recludentur
2013 727 2067 780 in

495 827 724 882 inferno.
769 826 1190 896 Complicabitur
1225 827 1368 880 enim
1415 825 1512 880 ist:
1544 839 1657 887 aer,
1685 823 1811 891 quia
1837 821 1960 892 igne
1991 821 2072 874 in-

495 920 758 983 volvetur,
786 926 842 974 et
883 917 1149 972 videbitur
1175 915 1486 984 complicari
1519 915 1658 970 sicut
1681 913 1833 967 liber.
1873 911 2066 965 Videa-

407 1005 410 1008 ’
494 1021 616 1060 mus
644 1013 697 1060 et
727 1001 886 1057 aliter
923 1001 990 1055 de
1024 1002 1436 1070 complicatione
1467 999 1748 1054 ctelorum.
1791 995 1906 1050 Non
1941 995 2072 1050 dicit

496 1095 718 1151 interire
758 1093 944 1158 caelos,
993 1093 1086 1147 sed
1137 1092 1450 1162 complicari
1489 1091 1642 1159 quasi
1697 1089 1892 1144 librmn
1945 1105 1959 1141 :
2013 1094 2072 1139 ut

493 1193 774 1256 postquam
793 1184 969 1238 omnia
993 1191 1211 1253 peccata
1229 1195 1414 1251 aperta
1439 1181 1654 1243 fuerint,
1681 1179 2072 1248 complicentur

493 1277 585 1346 qui
615 1277 765 1346 prius
789 1277 960 1346 aperti
1003 1276 1235 1340 fuerant,
1287 1285 1342 1328 ut
1373 1289 1709 1343 nequaquam
1755 1272 1894 1325 ultra
1945 1275 2074 1326 scri-

494 1369 694 1423 bantur
715 1368 766 1421 in
794 1369 873 1422 eis
901 1365 1094 1422 delicta
1117 1367 1402 1420 malorum.
1431 1367 1505 1420 De
1529 1365 1898 1435 hujuscemodi
1919 1363 2072 1418 libris

495 1458 680 1512 Daniel
703 1459 832 1514 dicit
857 1459 991 1530 (cap.
1017 1455 1114 1528 vti)
1138 1476 1148 1510 :
1175 1477 1190 1508 ε
1213 1457 1478 1512 Judicium
1498 1457 1656 1520 sedit,
1680 1465 1733 1510 et
1757 1455 1874 1509 libri
1902 1454 2072 1524 aperti

495 1561 642 1617 sunt,
669 1551 722 1605 in
757 1552 952 1622 quibus
983 1551 1246 1619 descripta
1280 1559 1436 1605 erant
1463 1565 1627 1620 opera
1657 1549 2014 1620 singulorum.
2048 1567 2066 1600 ι

495 1643 622 1697 Haec
656 1652 836 1698 autem
876 1643 1054 1696 onmia
1079 1641 1204 1696 fient
1233 1643 1358 1711 quia
1401 1641 1694 1696 inebriatus
1729 1651 1831 1708 est,
1873 1643 1926 1696 id
1965 1651 2071 1710 est,

497 1737 733 1805 repletus
781 1745 862 1791 est
908 1737 1115 1807 gladius
1151 1737 1201 1790 in
1228 1736 1362 1790 coelo
1411 1751 1564 1791 meus
1589 1777 1603 1802 ,
1635 1737 1736 1791 hoc
1763 1743 1845 1791 est
1877 1738 1928 1790 in
1971 1737 2074 1791 isto

498 1845 642 1893 aere,
686 1831 751 1884 ad
795 1831 1098 1900 perdendos
1137 1829 1408 1884 dzemones
1455 1837 1509 1884 et
1555 1845 1740 1884 omnes
1793 1828 2070 1899 reprobos.

497 1923 716 1978 Gladius
767 1923 985 1994 (inquit)
1035 1937 1186 1977 meus
1229 1924 1524 1976 inebriatus
1549 1931 1631 1977 cst
1668 1922 1868 1976 malitia
1903 1922 2068 1975 homi-

2177 733 2283 788 tur,
2337 739 2441 777 non
2491 725 2763 792 pertinent
2808 725 2874 779 ad
2921 727 3220 796 superiora.
3272 726 3400 780 Post
3447 725 3782 794 generalem

2173 812 2334 866 totius
2356 812 2502 866 orbis
2531 814 3072 880 consummationem,
3107 815 3394 870 revertitur
3423 830 3628 868 sermo
3657 831 3780 885 pm-

2171 903 2422 972 pheticus
2465 905 2531 957 ad
2555 902 2889 960 Hierusalem
2913 947 2926 972 ,
2963 907 3048 960 cui
3079 907 3131 960 in
3167 917 3407 977 tempore
3444 905 3552 962 illo
3591 907 3774 978 loque-

2172 995 2348 1060 batur,
2382 1003 2434 1049 et
2463 997 2816 1052 vastationem
2859 997 2974 1068 ejus
3005 1000 3160 1069 pleno
3186 1015 3436 1054 sermone
3475 999 3772 1064 describit,

2172 1101 2291 1156 qum
2317 1105 2346 1140 a
2375 1087 2632 1142 Romanis
2681 1089 2826 1144 facta
2857 1101 2958 1146 est.
3009 1093 3129 1147 Dies
3160 1091 3378 1146 ultionis
3429 1091 3667 1146 Domini
3697 1101 3772 1148 est

2172 1179 2464 1234 vintlicatio
2513 1181 2790 1252 sanguinis
2826 1181 3046 1238 Christi.
3081 1183 3295 1238 Annum
3335 1185 3766 1238 retributionum

2165 1267 2354 1338 judicii
2411 1271 2563 1338 Sion,
2612 1273 2843 1344 appellat
2884 1291 3044 1330 omne
3097 1285 3308 1344 tempus
3357 1277 3762 1347 praedicationis

2173 1361 2395 1428 Christi,
2431 1364 2536 1418 hoc
2583 1375 2665 1419 est
2715 1365 2879 1419 trium
2928 1381 3190 1420 annorum
3240 1378 3294 1421 et
3347 1365 3617 1422 dimidii:
3665 1385 3761 1438 quo

2175 1461 2413 1524 tempore
2462 1464 2903 1524 contempserunt
2957 1459 3290 1514 habitatores
3335 1459 3466 1514 Sion
3529 1461 3758 1530 recipere

2174 1543 2494 1599 salvatorem
2525 1561 2676 1599 suum
2699 1555 2753 1600 ct
2781 1546 3160 1617 legislatorem,
3185 1567 3292 1620 quo
3324 1553 3496 1604 etiam
3533 1559 3756 1622 tempme

2173 1637 2333 1692 morti
2362 1653 2484 1691 eum
2519 1640 2876 1694 tradiderunt.
2919 1640 3024 1696 lste
3070 1649 3151 1696 est
3197 1659 3390 1706 annus,
3443 1645 3518 1696 de
3571 1661 3674 1712 quo
3711 1645 3752 1698 in

2173 1729 2624 1798 subsequentibus
2682 1730 2812 1784 dicit
2859 1731 3026 1786 Isaias
3075 1731 3207 1804 (Inf.
3259 1734 3372 1805 LXI)
3421 1750 3492 1788 ex
3539 1749 3750 1804 persona

2173 1820 2290 1876 Filii
2317 1823 2439 1876 Dei:
2467 1843 2480 1870 ξ
2505 1819 2740 1892 Spiritus
2767 1824 2976 1879 Domini
2995 1841 3255 1896 superine
3285 1842 3349 1881 eo
3379 1828 3534 1897 quod
3557 1830 3746 1882 urucrit

2175 1928 2280 1979 me,
2315 1914 2687 1984 evangelizare
2737 1917 3062 1986 pauperibus
3105 1918 3248 1973 misit
3297 1916 3404 1986 me,
3459 1927 3526 1974 et
3577 1935 3744 1974 vocare

497 2029 644 2078 num,
691 1993 788 2068 hoc
845 1993 928 2068 est
982 2013 1248 2068 sententia
1299 2013 1382 2068 vel
1413 2013 1543 2066 ultio
1582 2013 1693 2068 sive
1735 2013 1970 2066 vindicta
2003 2013 2068 2066 ad
2097 1993 2143 2052 Β
2172 2021 2370 2061 annum
2403 2009 2786 2076 acceptabilem
2816 2009 3060 2065 Dot'nino.
3089 2031 3106 2063 ι

495 2105 798 2174 perdendos
845 2107 1104 2173 reprobus
1145 2091 1518 2159 consummata
1561 2115 1661 2159 est.
1694 2123 1712 2154 ι
1746 2105 1885 2160 Ecce
1911 2121 2073 2174 super

499 2196 779 2249 ldumteam
809 2197 1094 2252 descendet
1115 2197 1322 2268 gladius
1345 2211 1514 2264 meus,
1549 2205 1600 2250 et
1628 2212 1788 2266 super
1817 2198 2070 2267 populum

499 2287 892 2342 interfectionis
935 2303 1066 2343 mete
1099 2287 1465 2358 adjudicimn,
1500 2309 1517 2338 ι
1555 2289 1811 2343 subaudis
1849 2289 2072 2342 damna-

499 2379 656 2434 tionis
705 2381 906 2436 veniet.
931 2381 1184 2447 ldumaea,
1236 2399 1353 2450 qua:
1408 2383 1794 2452 interpretatur
1835 2391 2069 2447 terrena,

497 2473 761 2543 signiﬁcat
789 2475 928 2527 hunc
955 2475 1234 2528 mundum.
1267 2475 1545 2530 Damnatis
1572 2476 1718 2530 enim
1741 2476 2072 2531 daemonibus

496 2565 547 2618 in
582 2581 722 2628 aere,
767 2567 942 2620 veniet
973 2567 1208 2622 vindicta
1245 2583 1406 2638 super
1428 2571 1685 2639 reprobos
1721 2569 1774 2622 in
1801 2579 1964 2624 terra.

573 2675 590 2706 ε
620 2655 860 2724 Gladius,
894 2677 912 2710 ι
947 2657 1000 2712 id
1031 2667 1131 2727 est,
1161 2660 1416 2726 vindicta,
1453 2681 1468 2710 ι
1501 2661 1711 2716 Domini
1735 2661 1970 2732 repletus
1992 2673 2074 2719 est

495 2751 778 2820 sanguine,
811 2769 830 2803 ι
879 2751 981 2806 hoc
1017 2761 1096 2806 est
1141 2753 1375 2823 peccatis
1413 2753 1708 2808 hominum.
1739 2774 1758 2804 ι
1799 2756 2072 2811 lncrassa-

495 2849 598 2906 tus,
637 2861 655 2892 ι
699 2841 750 2896 id
799 2850 902 2908 est,
951 2844 1201 2914 repletus.
1239 2863 1256 2894 ‹
1299 2845 1488 2914 Adipe,
1520 2865 1538 2895 ι
1574 2845 1754 2912 idest,
1788 2847 2074 2916 iniquitate

500 2953 516 2983 ‹
551 2933 894 3003 Ιιιψίοιίιιῂ,ι
925 2935 977 2989 id
1000 2945 1097 2999 est,
1132 2953 1150 2986 ι
1176 2937 1239 2991 de
1262 2938 1521 3006 sanguine
1541 2953 1801 3007 agnorum
1824 2947 1878 2993 et
1897 2939 2074 2993 hirco-

493 3041 632 3090 rum,
671 3047 687 3076 ι
723 3025 975 3081 subaudis
1007 3029 1244 3097 repletus
1285 3037 1386 3084 est.
1427 3031 1563 3099 Agni
1593 3041 1854 3085 vocantur
1880 3033 1932 3086 in
1971 3033 2073 3086 isto

495 3117 612 3174 loco
645 3135 748 3172 non
773 3121 1036 3174 mansueti
1072 3131 1126 3176 et
1143 3123 1275 3190 justi
1303 3164 1317 3188 ,
1347 3124 1440 3178 sed
1465 3124 1788 3193 impotentes
1811 3135 1863 3179 et
1893 3125 2073 3196 vulga-

497 3225 582 3264 res
618 3211 883 3264 homines.
923 3209 1071 3266 l-lirci
1117 3221 1296 3267 autent
1346 3213 1684 3284 appellantur
1725 3225 1972 3286 potentes
2019 3225 2071 3271 ct

493 3304 760 3375 principes
785 3303 938 3361 istius
963 3305 1180 3372 saeculi;
1230 3305 1282 3362 id
1323 3313 1423 3373 est,
1457 3309 1744 3378 quodquod
1774 3309 2046 3380 subjungit

494 3400 556 3452 de
587 3397 846 3467 sanguine
877 3399 1306 3454 medullatorum.
1332 3397 1436 3454 Sed
1459 3415 1552 3469 per
1575 3401 1753 3455 hircos
1787 3417 2070 3470 possumus

495 3489 791 3559 intelligere
813 3489 1142 3544 libidinosos.
1176 3489 1298 3545 Dies
1321 3491 1462 3545 enim
1481 3489 1668 3559 judieii
1694 3505 1856 3560 super
1879 3509 2069 3548 omnes

495 3581 846 3644 comlitiones,
889 3589 943 3634 et
964 3593 1124 3651 super
1165 3581 1341 3636 omnia
1384 3595 1580 3650 genera
1621 3582 1798 3636 veniet
1822 3597 1982 3652 super
2007 3581 2071 3636 li-

495 3673 650 3726 beros
687 3681 737 3725 et
784 3687 967 3726 servos
989 3713 1002 3738 ,
1033 3689 1193 3744 super
1240 3687 1392 3744 reges
1419 3675 1796 3743 principesque
1842 3689 1905 3728 ac
1942 3675 2070 3730 sub-

486 3761 679 3832 jeclos,
711 3777 870 3832 super
917 3773 1159 3833 potentes
1191 3775 1243 3820 et
1281 3767 1626 3834 impotentes,
1663 3776 1717 3820 et
1762 3781 1921 3836 super
1953 3783 2068 3822 om-

495 3871 587 3908 nes
628 3855 719 3925 qui
769 3855 823 3909 in
852 3871 945 3910 sua
1007 3857 1289 3926 iniquitate
1337 3858 1534 3911 mortui
1589 3867 1731 3913 sunt.
1781 3879 1798 3911 ι
1837 3861 2067 3916 Victima

494 3945 636 3998 enim
685 3946 930 4012 Domini,
968 3967 985 3998 ι
1037 3949 1089 4002 id
1119 3957 1230 4010 est,
1268 3949 1521 4004 vindicta.
1556 3969 1573 4000 ί
1605 3951 1660 4004 lu
1689 3951 1878 4016 Bosra,
1912 3963 1965 4006 et
1991 3953 2070 4006 in-

495 4038 735 4091 terfectio
774 4053 965 4108 magna
992 4039 1045 4092 in
1079 4047 1224 4092 terra
1263 4039 1450 4094 Edom.
1479 4061 1494 4092 ι
1531 4039 1721 4108 B'osra,
1747 4059 1866 4112 quze
1897 4043 2062 4099 inter—

491 4139 734 4199 pretatur
795 4131 999 4185 munita
1047 4133 1128 4186 vel
1180 4133 1511 4187 circumdata
1553 4135 1665 4189 sive
1715 4137 1951 4203 ﬁrmata,
2013 4149 2067 4193 et

493 4222 681 4285 Edom,
720 4223 810 4290 qui
853 4223 1237 4291 interpretatur
1271 4233 1515 4280 terrenus
1561 4227 1676 4282 sive
1717 4232 2062 4300 sanguineus,

492 4315 757 4382 signiﬁcat
795 4315 934 4370 hunc
973 4318 1226 4371 nmndum
1268 4319 1356 4388 qui
1385 4321 1622 4374 munitus
1648 4331 1730 4376 est
1758 4331 1809 4376 et
1835 4323 2066 4379 circum-

493 4411 646 4461 datus
669 4409 844 4478 aquis,
873 4410 1128 4465 subaudis
1153 4411 1338 4480 plenus
1371 4413 1630 4483 sanguine
1651 4423 1707 4469 et
1731 4415 1938 4470 malitia
1965 4417 2064 4470 ho-

492 4513 715 4552 mtuum.

567 4609 584 4642 ι
609 4591 674 4645 Ει
696 4591 1020 4648 descendent
1039 4613 1056 4646 ι
1085 4593 1138 4648 in
1163 4593 1426 4650 infernum
1449 4615 1466 4648 ι
1487 4597 1774 4652 unicornes
1796 4613 1917 4651 cum
1940 4599 2019 4653 eis
2039 4618 2057 4650 ι

2053 3351 2066 3374 ’
2097 3351 2144 3415 C

2249 2116 2266 2148 ‹
2304 2097 2370 2152 Ει
2395 2109 2780 2155 convertentur
2809 2111 3075 2158 torrentes
3113 2102 3228 2171 ejus
3261 2105 3312 2158 in
3343 2105 3556 2176 picem,
3587 2118 3640 2163 et
3665 2108 3738 2162 hu-

2175 2205 2292 2244 mus
2320 2191 2434 2262 ejus
2467 2192 2518 2245 in
2551 2193 2796 2262 sulphur.
2831 2215 2848 2246 ι
2892 2193 3119 2265 Pr0pter
3143 2197 3361 2252 nimiam
3389 2197 3736 2254 Rontanorum

2174 2282 2434 2336 srvitiam
2491 2293 2546 2338 et
2583 2287 2774 2352 crebra
2824 2285 3090 2352 incendia,
3137 2289 3332 2358 quibus
3385 2295 3567 2346 omnis
3615 2301 3738 2346 terra

2174 2376 2609 2444 repromissionis
2642 2377 2832 2433 vallata
2882 2390 2963 2434 est
2991 2399 3002 2432 :
3031 2381 3251 2450 insuper
3276 2391 3332 2435 et
3367 2383 3560 2438 civitas
3585 2387 3734 2439 sedet

2174 2467 2428 2535 templum
2469 2469 2590 2538 igne
2621 2479 2998 2540 consumptum
3030 2481 3150 2526 est;
3187 2481 3458 2528 torrentes
3485 2485 3532 2528 et
3553 2475 3728 2530 humus

2173 2557 2286 2625 ejus
2322 2559 2573 2612 dicuntur
2621 2577 2881 2617 conversa
2907 2579 3026 2618 esse
3077 2564 3129 2617 in
3173 2565 3346 2635 picem
3399 2577 3456 2620 et
3503 2569 3728 2638 sulphur.

2179 2667 2197 2700 ‹
2231 2649 2293 2702 Et
2331 2649 2436 2704 erit
2465 2657 2607 2705 terra
2635 2652 2749 2720 ejus
2779 2655 2830 2707 in
2858 2655 3032 2724 picem
3073 2657 3376 2722 ardentem,
3409 2669 3568 2714 nocte
3593 2671 3644 2714 et
3663 2661 3738 2716 die

2175 2755 2281 2794 non
2314 2741 2712 2810 exstinguctur.
2751 2765 2769 2795 ι
2802 2743 2906 2799 Per
2933 2755 3144 2800 noctem
3175 2757 3229 2800 et
3258 2747 3399 2802 diem
3424 2751 3738 2804 continuatio

2175 2835 2430 2904 temporis
2467 2835 2808 2905 intelligenda
2860 2846 2961 2892 est.
3017 2837 3318 2893 Notandum
3363 2853 3568 2904 autem,
3613 2843 3738 2912 quod

2175 2939 2281 2979 non
2321 2925 2438 2979 ideo
2471 2925 2570 2980 hoc
2597 2926 2724 2980 dicit
2757 2934 2812 2980 ui
2844 2927 2930 2981 illa
2981 2937 3124 2983 terra
3153 2945 3364 2999 semper
3399 2933 3587 2987 ardeat
3621 2934 3736 2987 :sed

2173 3027 2394 3088 propter
2419 3019 2640 3072 nimiam
2667 3019 3068 3077 tribulationem
3100 3021 3425 3088 Iud-morum,
3455 3037 3511 3081 et
3535 3025 3736 3082 desola-

2173 3108 2542 3164 tionemillius
2577 3119 2754 3167 terrae.
2795 3132 2813 3164 ι
2848 3111 2904 3167 In
2933 3117 3322 3184 sempiternum
3362 3119 3615 3172 ascendet
3659 3117 3736 3170 fu-

2175 3215 2294 3256 mus
2331 3201 2446 3271 ejus
2481 3223 2498 3256 ›
2541 3203 2641 3258 hoc
2666 3214 2746 3260 est
2787 3205 2996 3276 signum
3031 3209 3333 3262 exterminii
3363 3218 3414 3263 et
3461 3211 3740 3264 calamita-

2175 3297 2244 3350 tis
2273 3295 2488 3352 illorum
2517 3317 2534 3348 ι
2568 3313 2598 3351 a
2621 3301 2995 3368 generatione:
3041 3299 3131 3354 illa
3157 3317 3255 3371 qua
3283 3303 3383 3355 haec
3415 3301 3552 3356 facta
3581 3313 3730 3368 sunt,

2185 3411 2200 3442 ι
2241 3391 2292 3444 in
2321 3392 2722 3461 generationem
2749 3413 2768 3445 ι
2807 3393 3070 3458 ultimam,
3113 3395 3356 3450 subaudis
3381 3395 3616 3449 vindicta
3639 3395 3742 3450 Dei

2176 3483 2558 3553 omnipotentis
2603 3483 2864 3538 habitabit
2907 3495 3067 3556 super
3107 3485 3243 3540 illos.
3288 3507 3304 3537 ‹
3335 3485 3742 3542 Desolahituriu

2176 3575 2370 3628 sarcula
2421 3576 2778 3642 saeculorum,
2813 3597 2830 3629 ›
2863 3577 2916 3632 id
2945 3585 3048 3643 est,
3074 3579 3126 3632 in
3165 3577 3506 3633 solitudinem
3540 3581 3742 3649 redige-

2177 3673 2262 3721 tur
2295 3683 2468 3736 usque
2515 3667 2568 3722 in
2625 3669 2818 3724 saecula
2854 3671 3193 3726 sarculorum.
3249 3691 3267 3723 ι
3307 3671 3420 3726 Non
3459 3673 3564 3728 erit
3615 3675 3692 3726 vir
3719 3695 3734 3725 ι

2172 3757 2388 3816 ,Ιιιιιεειιδ
2421 3779 2440 3811 ‹
2465 3765 2731 3818 transiens
2758 3779 2856 3830 per
2884 3779 3023 3818 eam.
3064 3783 3080 3816 ι
3118 3766 3264 3821 Multi
3301 3768 3520 3837 quidam
3545 3767 3740 3824 Judazo-

2173 3867 2294 3903 rum
2324 3861 2444 3920 post
2475 3851 2622 3906 illam
2644 3853 2887 3908 ultimam
2918 3857 3284 3926 captivitatem
3309 3861 3740 3928 transieruntpcr

2171 3957 2312 4007 eam,
2339 3944 2430 3998 sed
2459 3943 2628 4000 libere
2665 3961 2771 4000 non
2811 3948 2950 4002 sicut
2989 3958 3144 4003 antea
3195 3949 3340 4004 soliti
3377 3959 3554 4012 erant,
3583 3963 3740 4018 neque

2171 4048 2356 4108 postea
2383 4039 2454 4094 ibi
2499 4039 2894 4095 habitaverunt.
2921 4039 3224 4097 Posucrunt
3253 4043 3396 4096 enim
3433 4041 3660 4098 Romani
3683 4043 3741 4097 le-

2172 4145 2312 4201 gem,
2351 4125 2414 4184 ut
2457 4148 2562 4186 non
2587 4134 2961 4204 permitterent
2981 4151 3309 4206 quemquam
3336 4135 3648 4192 Iudaeorum
3669 4153 3740 4190 re-

2171 4224 2309 4277 verti
2336 4224 2388 4277 in
2418 4236 2616 4278 terram
2657 4227 2951 4283 nativitatis
2978 4245 3106 4284 suae.

2248 4356 2266 4388 ι
2296 4337 2365 4391 Et
2383 4337 2730 4407 possidebunt
2762 4340 2926 4408 illam,
2959 4363 2977 4394 ι
3007 4345 3286 4409 subaudis,
3315 4354 3520 4400 terram
3545 4345 3736 4402 Judro—

2171 4444 2312 4482 rum.
2347 4447 2366 4479 ι
2395 4429 2752 4486 Onocrotalus
2781 4441 2834 4486 et
2877 4433 3086 4499 eritius,
3109 4443 3160 4489 et
3185 4436 3318 4500 ibix,
3351 4446 3405 4490 et
3435 4452 3636 4491 corvus
3659 4439 3738 4490 ha-

2168 4517 2421 4573 bitahunt
2468 4520 2520 4574 in
2552 4536 2635 4575 ea.
2671 4542 2688 4573 »
2719 4521 3076 4580 Onocrotalus
3115 4526 3229 4580 avis
3259 4529 3508 4595 aquatica
3541 4539 3626 4583 est
3655 4527 3732 4581 ini-

2169 4609 2310 4663 mica
2371 4613 2711 4680 serpentibus
2731 4654 2744 4678 ,
2796 4623 3032 4670 rostrum
3063 4617 3436 4673 acutissimum
3467 4621 3674 4675 habens
3693 4629 3736 4673 et

493 4684 556 4737 de
600 4685 793 4752 quibus
838 4687 1082 4754 superius
1125 4689 1326 4744 dictum
1355 4698 1456 4755 est,
1499 4707 1518 4739 ι
1550 4699 1602 4744 et
1639 4691 1779 4743 tauri
1810 4706 1932 4744 cum
1960 4705 2060 4760 po-
2097 4717 2142 4776 υ
2169 4700 2408 4772 longum,
2433 4718 2567 4772 quas
2611 4704 2738 4758 dicit
2766 4703 3028 4775 Josephns
3055 4723 3083 4760 a
3121 4705 3265 4763 Mose
3297 4709 3504 4765 delatas
3533 4713 3586 4766 in
3621 4711 3738 4767 bello

493 4777 743 4833 tentibus.
777 4799 794 4830 ι
827 4778 1122 4837 Unieornes
1170 4783 1504 4854 appellantur
1545 4799 1696 4854 reges
1743 4791 1796 4836 et
1834 4787 2065 4854 impera-

491 4877 656 4932 tores,
693 4869 784 4938 qui
824 4873 1190 4927 monarchiam
1225 4875 1385 4927 totius
1413 4875 1592 4926 mundi
1635 4875 1976 4930 habuerunt:
2005 4885 2063 4932 ut

489 4959 589 5012 fuit
640 4959 986 5029 Octavianus,
1023 4965 1183 5029 Nero,
1235 4965 1524 5034 caeterique
1573 4966 1924 5034 imperatores
1956 4970 2062 5025 lto-

491 5069 790 5110 tnanorum.
827 5057 988 5111 Tauri
1033 5067 1290 5112 vocantur
1321 5057 1486 5130 reguli
1514 5077 1526 5112 :
1559 5061 1803 5124 comites,
1838 5071 1891 5118 et
1918 5063 2064 5132 prin-

491 5148 651 5217 cipes.
684 5147 935 5205 Potentes
975 5165 1122 5214 vero,
1161 5152 1316 5205 amici
1345 5159 1399 5207 et
1425 5155 1714 5207 consiliarii
1745 5171 1930 5226 regum
1955 5198 1968 5222 ,
2004 5168 2058 5214 et

490 5239 695 5294 nobiles
722 5243 938 5312 quique.
971 5241 1144 5310 Reges
1191 5244 1332 5296 enim
1385 5253 1595 5300 terreno
1647 5248 1886 5302 viventes
1933 5265 2058 5304 cum

490 5330 600 5383 suis
623 5331 951 5401 principibus
983 5341 1034 5387 et
1068 5335 1254 5389 amicis
1287 5336 1366 5390 sui
1407 5337 1670 5392 similibus
1698 5339 1750 5392 in
1781 5338 2048 5394 infernum

491 5421 811 5477 descendent
844 5442 855 5476 :
889 5435 944 5477 ut
973 5425 1112 5479 sicut
1139 5425 1352 5480 luerunt
1379 5430 1512 5482 uniti
1541 5429 1592 5482 in
1627 5429 1803 5494 malis,
1850 5430 1927 5484 sic
1949 5431 2058 5486 sint

487 5513 758 5582 conjuncti
806 5515 856 5568 in
891 5517 1079 5585 pomis.
1117 5537 1132 5567 ε
1171 5517 1471 5572 lnebrialur
1500 5527 1640 5573 terra
1665 5560 1677 5582 ,
1713 5539 1729 5568 ι
1767 5517 1942 5586 idest,
1977 5521 2056 5575 in~

486 5601 670 5659 fernus
699 5623 716 5654 ‹
757 5607 1012 5674 sanguine
1041 5623 1244 5674 eorum,
1285 5630 1303 5660 ι
1335 5609 1388 5662 id
1427 5617 1526 5672 est,
1563 5609 1760 5662 tnalitia
1803 5615 2054 5679 reprobo-

491 5711 626 5760 rmn,
663 5715 680 5746 ‹
711 5707 763 5750 et
793 5699 984 5753 hutnus
1021 5721 1036 5752 ι
1067 5701 1169 5756 hoc
1195 5711 1275 5756 est
1319 5703 1632 5756 barathrum
1660 5713 1872 5758 teternaa
1902 5707 2055 5760 dam—

490 5789 718 5844 nationis
741 5791 1053 5862 replebitur,
1083 5795 1284 5864 «adipe,
1326 5814 1342 5843 ι
1374 5793 1425 5848 id
1453 5802 1555 5858 est,
1597 5795 1844 5863 superbia
1884 5817 1901 5847 ε
1933 5801 2050 5868 pin-

487 5879 668 5948 guium
705 5901 722 5932 ι
759 5883 1057 5938 hominum.
1539 5959 1548 5966 _

564 5991 580 6018 ε
611 5969 872 6038 Quiadies
901 5975 1115 6031 ultionis
1155 5975 1366 6034 Domini
1419 5995 1591 6036 annus
1639 5981 2050 6041 retributionum

2170 4803 2358 4848 contra
2381 4793 2681 4864 (Etltiopes,
2727 4807 2945 4866 propter
2975 4799 3372 4854 multitudinem
3413 4805 3738 4873 serpentium

2167 4885 2360 4954 quibus
2389 4886 2593 4954 repleta
2637 4895 2755 4940 erat
2786 4896 2948 4954 terra,
2979 4903 3072 4957 per
3111 4907 3270 4960 quam
3298 4895 3552 4964 progredi
3589 4895 3736 4948 debe-

2165 4977 2256 5032 bat
2290 4987 2477 5030 contra
2527 4976 2829 5049 zEthiopes.
2872 4981 3126 5036 Ascendit
3177 4985 3321 5036 enim
3373 5001 3542 5054 super
3593 4997 3736 5055 caput

2167 5069 2452 5138 serpentis,
2480 5081 2534 5124 et
2555 5072 2662 5124 ietu
2702 5073 2864 5128 rostri
2915 5073 3168 5130 interﬁcit
3199 5092 3342 5129 eum.
3369 5075 3464 5131 Ha:
3507 5095 3644 5134 aves
3669 5079 3738 5130 vel

2167 5162 2421 5216 animalia
2457 5163 2796 5219 solitudinem
2825 5177 3088 5236 quarunt,
3121 5177 3174 5224 et
3205 5179 3326 5239 post
3355 5171 3738 5228 desolationem

2169 5253 2446 5308 hominum
2488 5257 2870 5312 habitaverunt
2917 5260 2987 5314 ibi
3041 5261 3132 5314 ubi
3188 5269 3345 5316 antea
3389 5263 3655 5334 templum
3693 5273 3736 5318 et

2168 5343 2322 5399 sedes
2347 5345 2492 5414 regia
2516 5358 2688 5402 erant.
2727 5368 2744 5400 ‹
2779 5351 2848 5404 Ει
2867 5351 3186 5405 extendetur
3209 5369 3371 5422 super
3393 5367 3542 5418 eam,
3575 5377 3592 5408 ι
3623 5357 3738 5410 sub-

2167 5435 2318 5488 audis
2348 5443 2568 5502 terram,
2599 5457 2616 5487 ι
2653 5455 2927 5504 mensura,
2963 5459 2980 5490 ι
3019 5441 3072 5494 id
3102 5449 3204 5508 est,
3237 5443 3330 5496 Dei
3364 5447 3662 5508 sententia,
3689 5455 3740 5497 ut

2169 5543 2273 5580 non
2301 5527 2370 5580 sit
2400 5528 2659 5584 habitatio
2685 5529 2988 5586 Judteorum
3019 5531 3112 5596 ibi,
3139 5533 3234 5586 sed
3255 5535 3562 5588 titBlllOlllllll
3593 5555 3606 5588 :
3643 5557 3660 5586 ε
3691 5545 3740 5587 ut

2165 5619 2438 5688 redigatur
2486 5621 2553 5672 ad
2595 5621 2840 5687 nihilum,
2872 5631 2926 5676 et
2967 5625 3406 5694 perpendiculum
3453 5627 3504 5680 in
3537 5631 3740 5683 dcsoia-

2163 5709 2362 5764 tionem
2393 5731 2412 5761 ι
2451 5711 2703 5766 subaudis
2735 5713 3026 5785 redigatur.
3054 5715 3498 5784 Perpendiculum
3525 5729 3613 5774 est
3641 5735 3740 5789 quo

2159 5801 2488 5856 cmunentarii
2521 5803 2812 5860 maceriam
2842 5807 2908 5862 ad
2937 5809 3314 5864 rectitudinem
3371 5813 3662 5872 reducunt,
3691 5823 3740 5866 et
3821 5790 3832 5800 ’

2159 5895 2247 5948 illa
2279 5905 2420 5949 terra
2451 5896 2506 5951 in
2529 5898 2754 5954 arbitrio
2783 5902 3064 5960 sententia:
3091 5901 3185 5958 Dei
3205 5904 3376 5974 posita
3391 5915 3491 5968 .est
3523 5907 3574 5960 in
3609 5907 3738 5962 soli-

2153 5987 2368 6044 tudine.-
