3918 6480
205 494 311 555 893

1266 498 1614 557 COMMENT.
1658 499 1724 555 IN
1762 498 2014 555 lSAlAM.
2046 529 2115 540 —-
2155 494 2280 554 LIB.
2324 500 2389 555 ll.

3352 496 3459 554 894'

282 633 300 665 α
346 608 562 668 Nobiles
610 614 761 685 ejus,
810 635 828 666 ι
878 614 932 669 id
990 622 1117 679 est,
1173 613 1398 684 apostoli
1449 621 1503 668 et
1552 613 1775 668 creden-
1803 604 1849 674 Ᾱ
1878 613 1968 682 qui
1997 613 2142 667 illam
2168 622 2367 668 terram
2410 629 2475 669 ex
2519 628 2585 670 eo
2618 624 2856 685 tempore
2900 616 3159 681 incolunt,
3191 616 3461 673 morebe-

205 716 285 762 tes
324 727 340 757 ι
378 722 483 761 non
516 716 672 761 erunt
709 708 781 763 ibi
817 729 833 759 ι
862 724 984 762 cum
1007 708 1217 763 venerit
1253 707 1537 777 captivitas
1560 714 1613 760 et
1634 703 1776 760 cala-

202 794 409 873 mitas:
455 815 473 847 ι
508 811 686 867 regem
721 819 738 850 ι
792 797 1068 853 Christum
1122 818 1140 851 ‹
1174 799 1352 868 potius
1401 798 1688 860 vocabunt,
1724 805 1777 852 et

169 901 175 908 '
202 904 394 944 omnes
423 888 693 960 principes
721 900 857 959 ejus,
891 910 909 943 ι
953 891 1005 945 id
1037 898 1139 955 est,
1170 890 1477 947 sacerdotes
1503 900 1558 945 et
1583 887 1777 943 Phari-

200 983 293 1036 siei
331 1002 347 1032 ι
386 988 541 1037 erunt
573 984 624 1037 in
658 984 901 1039 nihilum.
944 1005 961 1036 ι
994 983 1222 1053 Quando
1254 977 1482 1039 Romani
1515 989 1778 1040 venerunt

200 1087 364 1143 super
388 1073 573 1139 Israel,
593 1076 705 1146 jam
741 1086 898 1130 erant
928 1076 1156 1146 apostoli
1186 1077 1409 1147 dispersi
1436 1092 1534 1146 per
1559 1075 1779 1145 quadri-

199 1164 458 1235 partitum
479 1165 683 1220 orbem.
713 1165 1009 1222 Credcntes
1028 1182 1242 1238 quoque
1275 1172 1328 1222 et
1355 1168 1526 1223 sancti
1550 1168 1640 1238 qui
1670 1167 1778 1222 illic

199 1255 650 1321 commanebant,
701 1258 960 1313 admoniti
996 1273 1023 1312 a
1061 1257 1263 1314 Sancto
1297 1258 1501 1330 Spiritu
1548 1259 1781 1314 transie-

198 1353 328 1398 runt
352 1342 639 1401 Jordanem
664 1349 731 1402 ad
749 1362 972 1419 regnum
995 1347 1243 1420 Agrippae
1273 1350 1435 1422 regis,
1466 1349 1559 1420 qui
1588 1363 1777 1419 pacem

198 1433 431 1489 habebat
466 1442 586 1490 cum
610 1434 887 1493 Romanis.

274 1548 292 1578 ι
322 1524 579 1582 Orien‘tnr
605 1529 659 1583 in
690 1530 936 1586 domibus
964 1529 1079 1599 ejus
1113 1551 1129 1583 ι
1166 1516 1435 1602 quondam
1480 1528 1782 1601 pulcherri-

196 1619 300 1674 mis
323 1628 377 1674 et
404 1620 605 1674 divitiis
636 1616 838 1690 plenis,
872 1641 889 1673 ι
927 1622 1093 1691 spinae
1122 1631 1175 1675 et
1204 1622 1423 1687 urticae,
1463 1628 1518 1676 et
1543 1620 1781 1691 paliurus

195 1708 251 1763 in
280 1711 665 1767 munitionibus
707 1731 726 1763 ι
762 1713 910 1781 ejus,
945 1713 1201 1767 subaudis
1226 1722 1498 1767 nascetur.
1533 1710 1781 1766 Paliurus

196 1817 365 1871 genus
395 1812 477 1858 est
511 1803 719 1869 cardui,
749 1804 1090 1859 acutissimos
1120 1803 1335 1860 aculeos
1385 1805 1611 1859 habens.
1661 1822 1679 1853 ι
1712 1803 1781 1859 Et

194 1893 301 1945 erit
333 1893 405 1947 ibi
439 1892 613 1949 cubile
643 1895 959 1962 draconum,
1012 1904 1066 1951 et
1110 1900 1307 1967 pascua
1335 1896 1719 1951 struthionum.
1755 1914 1773 1946 ι

197 1981 441 2037 Struthio
473 1983 589 2040 avis
616 1994 698 2039 est
729 1986 1069 2041 solitudinem
1096 2002 1360 2056 quaerens.

273 2090 291 2123 ι
328 2072 395 2127 Et
420 2084 707 2131 occurrent
736 2077 998 2131 daemonia
1050 2076 1448 2141 onoccntauris,
1477 2084 1533 2132 et
1574 2077 1778 2148 pilosus

194 2161 450 2217 clamabit
478 2164 618 2219 alter
640 2169 706 2220 ad
732 2166 981 2222 alterum.
1014 2188 1031 2221 ι
1061 2166 1288 2235 Quidam
1317 2164 1530 2224 codices
1554 2169 1775 2235 habent,

190 2263 477 2308 occurrent
529 2255 820 2321 dmuionia,
876 2259 948 2312 ita
994 2259 1296 2314 dividentes
1342 2269 1401 2314 ut
1428 2260 1781 2314 subaudiatur

191 2344 313 2399 sibi.
344 2346 752 2403 Onocentaurus
798 2358 851 2403 et
877 2348 1082 2419 pilosus
1110 2350 1362 2406 clamabit
1388 2351 1524 2406 alter
1549 2353 1616 2406 ad
1645 2351 1779 2406 alte-

192 2450 331 2488 rum.
358 2434 467 2490 Sed
490 2437 679 2492 melius
699 2448 784 2493 est
811 2440 883 2493 ita
911 2438 1367 2511 distinguendum,
1392 2454 1645 2498 occurent
1678 2445 1782 2498 da:-

193 2531 368 2584 monia
426 2533 827 2587 onocentauris.
860 2532 1268 2590 Onocentaurus
1298 2536 1651 2607 compositum
1685 2552 1778 2592 no-

192 2636 312 2675 men
341 2633 425 2676 est
449 2638 516 2677 ex
539 2622 728 2678 Graeco
748 2634 801 2679 et
828 2614 1041 2690 Latino,
1069 2622 1137 2679 ab
1166 2641 1230 2682 co
1260 2629 1401 2698 quod
1434 2638 1519 2683 est
1563 2642 1698 2684 onos
1726 2637 1780 2684 et

194 2722 399 2769 taurus.
431 2712 577 2770 Ouos
621 2730 855 2786 namque
881 2715 1067 2772 Graeca
1099 2716 1279 2789 lingua
1330 2719 1529 2774 dicitur
1573 2719 1775 2774 asinus.

191 2805 602 2863 Onocentaurus
660 2818 960 2865 monstrum
1008 2819 1129 2875 est,
1185 2812 1327 2882 quod
1378 2811 1663 2866 inchoatur
1712 2812 1780 2868 ab

191 2899 344 2952 asino
372 2908 426 2953 et
453 2898 649 2953 desinit
672 2900 725 2953 in
751 2908 982 2955 taurum.
1012 2900 1115 2957 Per
1135 2902 1366 2968 asinum,
1391 2904 1533 2972 quod
1558 2911 1641 2959 est
1666 2903 1782 2957 ani-

192 2990 299 3044 mal
327 3000 633 3061 promptum
665 2993 731 3046 ad
760 2991 1039 3048 libidinem
1062 2994 1403 3064 explendam,
1429 2994 1782 3064 designantur

189 3082 435 3138 homines
480 3083 782 3150 libidinosi,
831 3086 921 3155 qui
972 3100 1186 3155 semper
1234 3086 1285 3140 in
1336 3085 1504 3141 fetore
1552 3086 1779 3140 luxuriae

187 3176 384 3246 iacent.
411 3177 515 3232 Per
540 3187 750 3233 taurum
774 3194 901 3233 vero
921 3179 1157 3249 superbi.
1184 3178 1277 3234 His
1301 3178 1575 3235 daemones
1588 3194 1779 3234 occur-

188 3281 312 3321 rere
335 3268 607 3334 dicuntur,
637 3270 762 3338 quia
790 3267 973 3324 favent
1000 3271 1079 3324 eis
1105 3270 1379 3325 suadendo
1414 3270 1466 3324 in
1494 3271 1658 3325 corde
1682 3285 1780 3339 per

184 3365 407 3431 pravam
433 3362 852 3434 suggestionem,
883 3372 943 3418 ut
968 3365 1203 3419 deterius
1226 3372 1390 3435 agant
1414 3405 1428 3429 ,
1458 3365 1614 3435 quasi
1644 3366 1780 3422 bene

185 3463 429 3526 agentes.
487 3453 692 3509 Pilosos
747 3454 861 3533 alii
896 3455 1083 3510 dicunt
1134 3471 1253 3511 esse
1297 3456 1503 3521 simias,
1558 3457 1779 3526 quidam

184 3547 434 3602 homines
459 3546 766 3617 sylvati‘cos.
796 3545 901 3601 Alii
931 3546 1223 3602 incubones
1243 3547 1515 3603 daemunes
1535 3548 1627 3617 qui
1654 3562 1777 3602 cum

184 3636 403 3693 feminis
433 3642 646 3693 edeunt.
690 3657 709 3689 ‹
740 3637 815 3692 lbi
856 3639 1075 3694 cubavit
1106 3638 1299 3705 lamia,
1334 3647 1388 3694 et
1427 3639 1633 3694 invenit
1674 3639 1779 3695 sibi

186 3730 429 3800 requiem
471 3732 688 3787 ericius.
726 3752 742 3784 ι
774 3731 958 3787 Lamia
1007 3741 1309 3788 monstrum
1335 3742 1435 3794 est,
1461 3733 1669 3789 habens
1698 3732 1779 3787 fa-

183 3823 326 3878 ciem
394 3833 675 3893 totumque
745 3836 940 3896 cerpus
1002 3824 1292 3880 femineum
1348 3824 1733 3896 perpulchrum
1759 3866 1775 3893 ,

183 3917 349 3986 pedes
376 3923 553 3971 tamen
584 3917 747 3972 habet
779 3917 1026 3987 equinos.

263 4025 282 4055 (
317 4005 593 4076 Requirite
624 4017 800 4063 tamen
849 4007 1135 4079 diligenter
1176 4009 1229 4063 in
1274 4008 1413 4064 libro
1460 4008 1671 4063 Domini
1722 4019 1778 4066 et

186 4101 369 4171 legite.
411 4122 428 4154 ι
462 4100 679 4155 Librum
706 4102 917 4157 Domini
946 4102 1077 4158 dicit
1107 4105 1367 4174 propheta
1396 4103 1559 4170 hunc,
1615 4119 1777 4174 quem

186 4195 304 4264 ipsc
334 4208 363 4247 a
393 4193 620 4249 Domino
660 4195 963 4265 percipiens
989 4196 1327 4266 conscripsit.
1377 4195 1443 4250 Et
1472 4204 1660 4251 evocat
1685 4212 1778 4254 eos

184 4286 277 4354 qui
311 4284 474 4339 futuri
502 4296 689 4352 erant,
735 4296 794 4341 ut
843 4286 1080 4357 legerent
1107 4287 1231 4341 ista.
1264 4308 1282 4338 ι
1318 4286 1493 4342 Unum
1522 4304 1589 4343 ex
1612 4290 1714 4355 eis,
1752 4310 1770 4342 ι

187 4378 445 4432 subaudis
494 4378 748 4433 monstris
798 4379 1156 4449 supradictis,
1189 4401 1206 4430 ‹
1242 4396 1345 4434 non
1394 4378 1580 4434 defuit.
1627 4380 1778 4435 Alter

188 4469 420 4525 alterum
467 4484 575 4526 non
629 4472 899 4542 quaesivit,
933 4491 952 4523 ι
1017 4472 1068 4527 id
1118 4480 1235 4537 est,
1286 4487 1458 4541 neque
1504 4472 1777 4528 masculus

188 4559 475 4626 feminam,
526 4574 702 4631 neque
740 4562 937 4617 femina
975 4562 1300 4627 masculum,
1343 4562 1468 4632 quia
1517 4562 1776 4619 Dominus

190 4653 414 4707 adduxit
440 4668 533 4709 eos
576 4668 763 4709 omnes
791 4655 856 4707 ad
888 4653 1035 4708 illum
1072 4653 1271 4708 locum.
1308 4675 1325 4705 ι
1357 4653 1490 4721 Quia
1537 4655 1679 4725 quod
1706 4672 1773 4711 ex

188 4760 286 4799 ore
332 4759 455 4800 meo
500 4744 761 4815 procedit.
800 4765 816 4797 ι
846 4744 964 4800 Vox
1012 4747 1308 4816 prophetze.
1364 4767 1382 4797 ι
1415 4746 1527 4812 Ille,
1559 4769 1578 4800 ι
1615 4748 1666 4803 id
1694 4760 1776 4805 est

186 4840 467 4907 Christus,
507 4861 526 4893 ‹
576 4841 862 4904 mandavit,
898 4862 917 4893 ι
952 4842 1053 4897 hoc
1100 4852 1183 4897 est
1219 4842 1495 4914 praecepit,
1529 4862 1548 4895 ι
1589 4853 1642 4898 et
1670 4845 1779 4915 spi-

192 4931 328 4985 ritus
355 4930 488 5000 ejus,
528 4954 547 4985 ι
581 4933 630 4987 id
658 4942 738 4987 est
767 4931 1000 5003 Spiritus
1026 4942 1266 5000 sanctus,
1302 4952 1320 4985 ‹
1352 4934 1466 5005 ipse
1493 4950 1777 5007 congrega-

193 5023 267 5076 vit
291 5038 352 5075 ea
394 5043 410 5074 ι
440 5025 734 5078 animantia
766 5024 879 5093 ipse
906 5024 1164 5094 Spiritus.

272 5132 289 5161 ι
321 5112 384 5167 Et
411 5115 554 5168 misit
579 5114 656 5168 eis
683 5125 905 5178 sortem,
950 5133 968 5165 ι
1006 5116 1261 5170 subaudis
1290 5116 1657 5181 habitationis,
1683 5119 1777 5175 ubi

193 5212 385 5258 cuncta
414 5205 642 5259 discrete
666 5217 965 5261 manerent.
997 5226 1018 5258 r
1047 5205 1115 5262 Et
1142 5224 1332 5265 manus
1354 5211 1490 5281 ejus,
1532 5231 1550 5264 ι
1586 5212 1638 5267 id
1664 5222 1771 5279 est,

193 5298 430 5368 putentia
456 5296 591 5365 ejus,
627 5316 646 5348 ‹
681 5299 861 5355 divisit
886 5315 1027 5367 eam,
1062 5322 1079 5353 ι
1133 5302 1386 5359 subaudis
1440 5312 1639 5359 terram
1671 5325 1689 5356 ‹
1721 5305 1775 5360 in

197 5401 529 5449 l'llt‘IISlll‘flm,
587 5406 605 5437 ι
660 5387 763 5441 hoc
806 5376 890 5442 est
936 5389 991 5443 in
1028 5391 1242 5446 deserto
1287 5394 1639 5461 possessionis
1687 5395 1777 5449 tibi

198 5477 736 5532 :;t~i|icet°liabitarent
772 5477 1051 5541 dracones,
1078 5479 1170 5533 ubi
1193 5481 1491 5547 lamia,'ubi
1523 5484 1778 5552 struthio,

201 5570 289 5623 ubi
314 5570 537 5623 diversae
565 5570 770 5633 bestiae,
800 5570 851 5625 in
877 5571 1276 5639 generationem
1304 5582 1357 5627 et
1382 5576 1782 5644 generationem

201 5660 521 5715 habitabunt
562 5662 615 5715 in
646 5676 727 5715 ea.
760 5661 1028 5729 Quantum
1058 5660 1126 5715 ad
1156 5661 1387 5717 litteram
1420 5667 1631 5730 attinet,
1664 5667 1781 5722 istae

200 5764 328 5803 aves
356 5751 437 5803 vel
464 5752 714 5806 animalia
744 5768 847 5806 non
873 5760 999 5807 sunt
1022 5767 1193 5822 usque
1222 5754 1379 5809 modo
1407 5755 1480 5811 ibi
1505 5797 1518 5822 ,
1563 5757 1687 5812 licet
1710 5760 1779 5821 ad

174 5847 415 5909 tempus
454 5841 671 5895 fuerint.
707 5841 976 5910 Quantum
999 5858 1127 5899 vero
1159 5846 1224 5899 ad
1265 5847 1597 5916 spiritualem
1622 5850 1779 5905 intel-

204 5930 422 5997 lectum,
463 5948 559 6004 per
586 5948 713 5992 aves
742 5935 944 5993 bestias
965 5934 1223 5993 debemus
1261 5938 1560 6012 intelligere
1585 5956 1778 5999 omnes

1878 704 2100 759 stiarum
2127 705 2393 772 viventes,
2424 714 2477 762 et
2507 706 2721 762 diversa
2754 715 3003 778 portenta
3028 707 3338 766 adorantes.

2428 861 2656 919 CAPUT
2695 861 2912 919 XXXV.

1954 997 1972 1030 ‹
2000 978 2298 1036 Laetabitur
2316 982 2529 1037 deserta
2549 992 2605 1038 et
2629 984 2792 1049 invia,
2821 991 2877 1039 et
2894 983 3186 1041 exsultabit
3207 983 3461 1053 solitudo,

1878 1076 1932 1123 et
1972 1068 2186 1124 llurebit
2234 1073 2388 1142 quasi
2443 1074 2636 1128 lilium.
2674 1094 2693 1126 i
2727 1073 2998 1129 Hactenus
3049 1074 3118 1129 de
3164 1076 3465 1131 vastatione

1877 1150 2207 1225 Iudaeorum,
2257 1176 2400 1216 nunc
2431 1162 2495 1215 de
2525 1163 2763 1233 gentium
2812 1164 3163 1218 conversione
3207 1163 3461 1232 loquitur.

1879 1251 2103 1308 Deserta
2147 1254 2449 1323 appellatur
2474 1256 2775 1325 gentilitas,
2807 1257 2931 1325 quia
2981 1255 3235 1311 derelicta
3282 1263 3403 1310 erat
3433 1269 3464 1310 a

1878 1340 1991 1397 Deo
2020 1350 2243 1413 propter
2271 1353 2580 1412 corruptam
2610 1344 2908 1398 naturalem
2947 1344 3118 1415 legem
3156 1354 3209 1398 et
3245 1354 3467 1414 propter

1880 1435 2256 1491 idololatriam.
2289 1437 2437 1491 Invia
2458 1446 2596 1502 erat,
2619 1438 2877 1508 quianon
2905 1448 3022 1494 erat
3053 1438 3106 1493 in
3129 1439 3344 1495 Christo
3371 1440 3463 1510 qui

1878 1525 2013 1579 dixit
2044 1543 2057 1578 :
2087 1526 2253 1595 cEgo
2288 1541 2407 1579 sum
2434 1526 2540 1591 via,
2571 1528 2797 1593 veritas,
2826 1537 2883 1582 et
2908 1528 3019 1583 vita
3058 1526 3240 1598 (Joan.
3266 1527 3399 1598 ειν).
3441 1546 3458 1577 ι

1878 1616 2027 1674 Invia
2058 1618 2221 1671 etiam
2249 1626 2396 1682 erat,
2445 1618 2570 1688 quia
2602 1633 2707 1673 non
2740 1622 3031 1675 transierat
3056 1633 3154 1689 per
3178 1634 3296 1675 eam
3336 1635 3464 1690 pro-

1878 1707 2063 1779 pheta,
2088 1725 2193 1764 non
2224 1710 2518 1780 apostolus,
2543 1725 2648 1764 non
2682 1711 2907 1779 quilibet
2930 1713 3121 1767 doctor
3156 1714 3298 1766 viam
3324 1712 3470 1766 veri-

1882 1800 2009 1854 tatis
2059 1802 2108 1856 ei
2164 1803 2473 1857 ostendens.
2531 1802 2738 1857 Relicta
2786 1817 2917 1874 ergo
2966 1802 3151 1857 Judtea
3198 1802 3470 1859 laetabitur

1883 1892 2172 1963 gentilitas,
2204 1902 2260 1947 et
2288 1893 2533 1962 gaudebit
2569 1904 2625 1951 et
2660 1894 2871 1949 ﬂorebit
2914 1894 3065 1965 quasi
3096 1893 3284 1948 lilium.
3318 1892 3472 1948 Sicut

1805 1966 1854 2028 Β
1880 1982 2052 2039 lilium
2082 1984 2209 2038 dum
2248 1986 2446 2039 emittit
2471 1984 2651 2050 flores,
2676 1986 2875 2041 bonum
2900 1985 3121 2040 odorem
3144 1983 3321 2038 reddit
3352 2001 3362 2035 :
3390 1983 3470 2040 sic

1882 2077 2156 2147 gentilitas
2206 2077 2427 2131 veniens
2455 2076 2521 2131 ad
2556 2076 2714 2131 ﬁdem
2734 2117 2748 2142 ,
2782 2076 3002 2130 odorem
3038 2077 3297 2130 virtutum
3319 2089 3385 2128 ex
3413 2088 3473 2129 se

1876 2172 2120 2242 protulit.
2156 2171 2249 2228 Sic
2281 2173 2425 2226 enim
2458 2172 2590 2227 dicit
2609 2172 2856 2241 egregius
2886 2170 3242 2240 praedicator:
3264 2168 3471 2225 Christi

1878 2263 2056 2318 benus
2083 2262 2218 2317 odor
2257 2274 2443 2317 sumus
2475 2263 2583 2316 Deo
2624 2262 2677 2315 in
2718 2261 2867 2315 omni
2914 2260 3033 2314 loco
3070 2258 3153 2329 (11
3209 2256 3336 2313 Cor.
3383 2257 3467 2326 ιι).

1956 2374 1976 2405 ‹
2003 2353 2343 2419 Germiuans,
2368 2373 2387 2405 ι
2417 2353 2675 2409 subaudis
2695 2352 2854 2407 ﬁdem
2879 2360 2933 2407 et
2962 2366 3134 2422 spem,
3162 2370 3181 2403 ι
3205 2349 3471 2419 genuina-

1881 2446 1961 2501 bit
1994 2468 2012 2498 ι
2045 2447 2412 2516 operationem
2434 2487 2448 2511 ,
2486 2466 2505 2497 ι
2538 2454 2594 2501 et
2620 2444 2913 2500 exsultabit
2940 2443 3329 2498 lastabundaet
3354 2442 3471 2495 lati-

1882 2542 2015 2597 da‘hs
2037 2560 2055 2593 ο
2084 2539 2395 2595 Creatorem
2418 2555 2594 2595 suum.
2610 2538 2739 2606 Quae
2761 2547 2919 2593 antea
2942 2538 2993 2591 in
3018 2551 3251 2592 maerore
3273 2550 3466 2604 pecca-

1876 2634 2061 2685 torum
2076 2630 2427 2694 consistebat,
2449 2643 2708 2683 conversa
2733 2628 2798 2682 ad
2826 2628 2985 2683 fidem
3012 2629 3172 2698 erepit
3200 2626 3471 2683 exsultare

1882 2727 1936 2775 et
1960 2723 2195 2792 gaudere
2216 2722 2268 2775 in
2292 2720 2538 2775 Domino.
2565 2719 2654 2775 Sic
2680 2720 2811 2774 dicit
2847 2718 3134 2789 Apostolus
3163 2737 3176 2772 :
3213 2737 3233 2769 ι
3261 2716 3471 2772 Laetare

1881 2812 2081 2868 sterilis
2106 2827 2225 2882 qum
2266 2827 2373 2866 non
2402 2812 2568 2881 paris,
2599 2826 2820 2882 erumpe
2868 2811 2920 2865 in
2948 2811 3191 2866 laetitiam
3216 2818 3271 2865 et
3298 2809 3469 2864 clama

1881 2901 2024 2972 (Gal.
2056 2903 2152 2973 iv).
2176 2923 2196 2955 ι
2228 2922 2247 2954 ι
2276 2902 2456 2958 Gloria
2480 2903 2669 2958 Libani
2690 2904 2815 2957 data
2839 2912 2923 2958 est
2951 2904 3023 2968 ei,
3047 2903 3209 2958 decor
3234 2901 3471 2957 Carmeli

1866 3003 1935 3049 et
1976 2993 2170 3049 Saron.
2206 3013 2225 3045 ι
2266 2992 2550 3064 Templum
2592 2994 2825 3063 appellat
2865 2995 2955 3050 hic
2993 2994 3281 3060 Libanum,
3329 2993 3473 3047 sicut

1883 3085 2132 3155 superius
2156 3085 2358 3140 dictum
2390 3092 2497 3150 est,
2519 3084 2828 3140 Carmelum
2856 3101 2987 3141 vero
3015 3094 3071 3140 et
3096 3084 3294 3149 Saron,
3324 3083 3475 3139 ferti-

1883 3178 2089 3233 litatem
2115 3186 2274 3233 terra:
2298 3178 2753 3248 repromissionis.
2781 3177 2963 3233 Gloria
2985 3179 3133 3233 enim
3156 3192 3277 3248 qua:
3303 3192 3475 3247 quon-

1883 3270 2008 3324 dam
2038 3278 2158 3324 erat
2186 3271 2240 3324 in
2276 3269 2367 3324 illo
2396 3270 2592 3340 templo
2636 3280 2689 3324 et
2735 3271 2929 3336 cultus,
2961 3272 3124 3326 modo
3152 3270 3379 3325 habetur
3418 3269 3473 3325 in

1805 3337 1851 3400 (ἶ
1882 3369 2070 3415 sancta
2114 3358 2387 3423 Ecclesia,
2421 3368 2475 3413 et
2504 3337 2688 3414 imulto
2743 3359 2990 3429 amplior.
3049 3379 3066 3410 ‹
3097 3359 3200 3429 Ipsi
3228 3378 3247 3410 ›
3289 3358 3474 3413 fideles

1885 3467 1902 3501 ι
1931 3450 2426 3521 videbuntgloriam
2448 3450 2682 3515 Domini,
2708 3469 2725 3501 ι
2749 3450 2925 3515 idest,
2945 3450 3278 3505 divinitatem
3296 3449 3474 3505 Patris

1879 3551 1933 3599 et
1952 3543 2076 3598 Filii
2102 3553 2158 3599 et
2180 3544 2416 3616 Spiritus
2441 3543 2649 3609 sancti,
2682 3564 2700 3594 ‹
2731 3553 2787 3598 et
2815 3544 3062 3599 decorem
3096 3543 3190 3598 Dei
3221 3543 3410 3607 nostri,
3448 3562 3468 3596 ι

1879 3635 1932 3691 id
1951 3646 2057 3702 est,
2079 3636 2350 3705 qumuodo
2369 3635 2531 3691 Pater
2551 3636 2603 3689 in
2627 3635 2763 3690 Filio
2783 3644 2868 3690 est
2891 3644 2946 3690 et
2971 3634 3137 3689 Filius
3158 3634 3211 3688 in
3234 3634 3393 3690 Patre
3420 3642 3475 3691 et

1879 3726 2114 3797 Spiritus
2141 3737 2361 3784 sanctus
2388 3730 2441 3783 in
2468 3736 2717 3797 utroque,
2742 3740 2885 3782 nunc
2908 3727 3094 3783 vident
3127 3726 3184 3781 in
3207 3741 3323 3797 spe,
3346 3733 3474 3781 tunc

1878 3818 2140 3873 videbunt
2172 3819 2226 3872 in
2258 3833 2336 3873 re.

1953 3929 1973 3962 α
2004 3910 2317 3968 Confortate
2360 3926 2554 3967 manus
2602 3911 2922 3977 dissolutas,
2961 3919 3016 3966 et
3056 3925 3229 3983 genua
3274 3910 3475 3967 debilia

1878 4003 2148 4060 roborate.
2181 4027 2198 4055 ι
2223 4004 2524 4074 Alloquitur
2550 4005 2821 4074 apostolos
2841 4013 2896 4060 et
2918 4014 3176 4075 sequaces
3197 4018 3384 4058 eorum
3408 4003 3475 4058 de

1877 4097 2073 4167 quibus
2098 4080 2343 4167 superius
2372 4096 2535 4162 dixit,
2570 4096 2674 4167 ipsi
2705 4098 2958 4153 videbunt
2984 4096 3210 4168 gloriam
3238 4094 3472 4163 Domini,

1878 4198 1937 4245 ut
1966 4188 2269 4245 confortent
2300 4206 2490 4247 manus
2520 4192 2799 4261 gentilium
2828 4207 2857 4246 a
2886 4192 3028 4248 bono
3060 4206 3221 4263 opere
3241 4205 3470 4259 vacuas,

1879 4288 1933 4335 et
1963 4282 2094 4337 dicit
2117 4300 2129 4334 :
2157 4282 2202 4338 Ο
2233 4283 2462 4353 apostoli
2498 4285 2623 4348 mei,
2649 4283 2951 4339 confortate
2976 4299 3167 4339 manus
3195 4282 3473 4353 gentilium

1878 4366 2128 4444 fatigatas
2159 4391 2223 4429 ex
2247 4375 2470 4441 malitia,
2499 4385 2552 4431 et
2574 4392 2744 4446 genua
2768 4376 2960 4431 debilia
2991 4378 3262 4439 roborate,
3294 4378 3346 4431 id
3369 4383 3471 4439 est,

1876 4476 2092 4535 gressus
2121 4482 2151 4520 a
2179 4466 2274 4521 Dei
2301 4466 2445 4522 cultu
2475 4466 2862 4532 claudicantes,
2902 4467 3113 4522 ﬁrmate
3136 4468 3335 4523 inﬁde.

1954 4575 1970 4609 ι
2004 4557 2195 4623 Dicite,
2233 4578 2251 4610 ι
2293 4574 2327 4614 o
2356 4559 2604 4615 doctores
2634 4560 2761 4625 mei,
2794 4559 3224 4629 pusillanimibus
3260 4557 3473 4628 gentili-

1876 4650 1977 4704 bus
2028 4652 2077 4705 in
2130 4651 2281 4707 ﬁde:
2326 4671 2343 4703 ‹
2379 4651 2804 4718 Confortamini,
2853 4672 2872 4705 ι
2924 4652 3026 4709 hoc
3067 4661 3150 4708 est
3186 4665 3335 4723 spem
3382 4667 3474 4707 ve-

1878 4754 2045 4800 stram
2070 4746 2123 4801 in
2150 4746 2365 4801 Christo
2393 4748 2605 4817 ponite,
2649 4765 2668 4798 α
2705 4755 2760 4800 et
2800 4747 2963 4802 nolite
3001 4746 3190 4802 timere
3233 4766 3251 4798 ι
3289 4746 3474 4800 diabo-

1877 4835 2005 4889 lum.
2039 4856 2055 4887 ε
2087 4835 2222 4891 Ecce
2262 4837 2401 4891 Deus
2440 4844 2636 4901 vester,
2670 4856 2689 4889 ι
2723 4848 2756 4892 o
2784 4836 2987 4903 ﬁdeles,
3026 4854 3045 4888 ‹
3082 4837 3338 4891 ultionem
3371 4837 3470 4890 ad-

1876 4927 2036 4982 ducet
2089 4928 2477 4983 retributionis.
2526 4948 2543 4979 i
2580 4929 2891 4999 Alloquitur
2939 4930 3195 5001 prOpheta
3241 4927 3471 4999 gentiles

1877 5016 2119 5073 ﬁrmatos
2145 5019 2196 5072 in
2224 5018 2327 5073 fide
2353 5037 2366 5071 :
2392 5019 2550 5083 Ecce,
2584 5021 2778 5092 inquit,
2802 5022 2945 5077 Deus
2967 5031 3148 5075 vester
3178 5020 3468 5074 vindictam

1878 5109 2064 5163 reddet
2091 5111 2248 5166 malis
2275 5110 2327 5164 in
2351 5110 2436 5165 die
2452 5110 2639 5179 judicii
2669 5114 2885 5184 dignam
2912 5112 3125 5176 merito,
3156 5130 3174 5162 σ
3208 5121 3261 5165 et
3290 5111 3471 5166 veniet

1875 5211 1933 5255 ut
1960 5202 2130 5256 salvet
2162 5218 2258 5258 vos
2292 5223 2310 5254 ι
2343 5204 2397 5258 in
2420 5218 2515 5259 sua
2546 5218 2739 5277 magna
2773 5204 3163 5271 misericordia,
3195 5205 3284 5274 qui
3326 5219 3463 5273 pne-

1878 5294 2201 5349 dicationem
2261 5295 2626 5364 apostolorum
2686 5297 2804 5366 ejus
2857 5298 3136 5367 recepistis
3193 5307 3249 5353 et
3301 5313 3466 5367 opere

1880 5384 2223 5454 implevistis.

1960 5496 1978 5527 ι
2009 5475 2158 5532 Tune
2184 5479 2496 5548 aperientur
2517 5479 2655 5535 oeuli
2686 5493 2972 5543 caecorum,
3001 5487 3053 5533 et
3081 5494 3240 5534 aures
3275 5479 3466 5533 surdo-

1887 5585 2003 5624 rum
2065 5568 2340 5639 patebunt.
2404 5570 2427 5624 'i
2484 5572 2565 5625 Ad
2622 5571 2853 5641 primum
2910 5572 3117 5625 Domini
3174 5573 3462 5627 adventum

1884 5665 2163 5720 referenda
2194 5676 2317 5722 sunt
2362 5668 2485 5721 ista.
2526 5666 2891 5736 Corporaliter
2920 5669 3133 5738 quidem
3160 5671 3261 5723 hoc
3291 5670 3463 5723 adim-

1881 5757 2044 5825 plevit
2062 5758 2315 5813 Dominus
2335 5777 2347 5811 ε
2367 5759 2654 5813 sicutdixit
2666 5761 2939 5831 discipulis
2952 5760 3201 5816 Joannis:
3228 5781 3242 5811 π
3264 5763 3464 5817 Euutes

1880 5852 2181 5906 renuntiate
2216 5851 2409 5906 Joanni
2431 5891 2444 5915 ,
2478 5852 2607 5920 quia
2634 5853 2760 5907 caeci
2789 5854 2991 5919 vident,
3041 5856 3186 5909 surdi
3218 5855 3464 5922 audiunt,

1876 5944 2072 6016 leprosi
2123 5947 2449 6001 mundantur
2473 5943 2689 6017 (Matth.
2731 5946 2801 6018 at)
2835 5966 2854 5998 ι
2880 5987 2894 6013 ,
2924 5956 2979 6003 et
3013 5955 3207 6004 extera
3240 5963 3359 6019 quae
3390 5947 3463 6004 ibi
