3918 6456
538 460 642 518 895

1004 454 1356 514 HAYMOMS
1394 453 1874 510 HALBERSTAT.
1919 453 2131 509 EPISC.
2174 453 2323 509 OPP.
2366 452 2546 508 PARS
2587 452 2627 507 l.
2668 481 2737 498 ιυ-
2773 445 3126 506 COMME'NT.
3163 444 3330 501 8181..

539 575 900 630 continentur.
930 569 1292 642 Spiritualiter
1317 568 1556 640 quotidie
1579 567 1902 638 adimpletur
1927 567 1981 622 in
2004 582 2131 621 san-
2157 569 2210 630 Α
2235 565 2317 622 Ius
2370 574 2625 636 tanquam
2679 563 2764 618 leo
2812 559 3030 632 rugiens
3081 558 3306 619 circuit,
3356 569 3609 626 quaerens
3647 572 3794 628 quem

539 672 681 720 ctam
725 661 1042 727 Ecclesiam,
1066 661 1191 715 dum
1241 659 1437 729 aliquis
1460 658 1687 713 inﬁdelis
1729 657 2120 713 oculosmentis

540 764 770 814 caecatos
790 756 1058 820 homines,
1086 761 1142 809 et
1162 759 1320 808 aures
1340 752 1407 806 ad
1435 751 1760 806 audiendum
1780 749 2002 806 verbum
2025 749 2120 804 Dei

539 851 842 914 obturatas,
892 845 1225 902 convertitur
1265 844 1332 898 ad
1377 837 1672 907 Christum,
1722 849 1778 896 et
1819 841 2121 911 baptizatus

541 956 738 1012 aquam
783 938 1037 1011 baptismi
1083 935 1340 991 salutaris
1388 933 1737 988 illuminatur.
1773 931 1924 988 Oculi
1975 932 2121 987 enim

541 1032 841 1103 gentilium,
863 1031 953 1100 qui
975 1027 1233 1085 obcmcati
1253 1037 1407 1082 erant
1418 1027 1484 1080 ad
1509 1025 1935 1096 cognoscendum
1955 1023 2123 1080 Crea-

539 1129 710 1176 torem
767 1135 943 1186 suum,
996 1118 1380 1190 praedicatione
1411 1115 1773 1188 apostolorum
1836 1115 2121 1172 illuminati

539 1219 683 1268 sunt.
730 1209 989 1265 Similiter
1039 1216 1093 1264 et
1123 1223 1284 1264 aures
1321 1223 1508 1262 eorum
1536 1223 1656 1277 qua:
1683 1207 1750 1262 ad
1797 1206 2120 1262 audiendum

539 1301 764 1356 verbum
802 1300 896 1354 Dei
943 1306 1142 1369 apertae
1167 1297 1389 1352 minime
1429 1297 1674 1363 fuerant,
1703 1297 2120 1366 praedicantibus

539 1393 796 1465 apostolis
819 1392 1060 1447 auditum
1093 1399 1408 1446 meruerunt
1434 1390 1694 1460 recipere.

617 1508 634 1540 ι
671 1487 822 1543 Tunc
863 1485 1017 1541 saliet
1041 1485 1181 1540 sicut
1217 1499 1408 1540 cervus
1433 1483 1689 1549 claudus,
1721 1492 1774 1539 et
1798 1491 1986 1552 aperta
2013 1483 2122 1538 erit

538 1577 719 1651 lingua
747 1586 1038 1632 mutorum.
1076 1595 1095 1628 ι
1121 1574 1346 1631 Gentilis
1379 1574 1607 1644 quisque
1633 1574 1725 1644 qui
1749 1590 1966 1645 gressus
1995 1573 2120 1628 ﬁdei

541 1670 776 1724 nondum
803 1669 1004 1724 habens
1030 1668 1083 1721 in
1109 1681 1270 1735 opere
1297 1665 1391 1720 Dei
1422 1663 1781 1730 claudicabat,
1809 1665 2031 1720 veniens
2054 1663 2121 1719 ad

542 1760 700 1815 ﬁdem
737 1758 889 1828 quasi
914 1772 1104 1813 cervus
1125 1757 1319 1812 saltum
1344 1756 1513 1820 dabit,
1549 1755 1673 1810 dum
1702 1757 1768 1810 de
1808 1755 2120 1811 inﬁdelitate

541 1849 609 1904 ad
637 1849 815 1913 ﬁdem,
843 1849 908 1904 de
929 1848 1070 1903 vitiis
1091 1848 1156 1901 ad
1181 1847 1430 1912 virtutes,
1454 1847 1518 1900 de
1539 1845 1767 1902 terrenis
1787 1846 1853 1900 ad
1876 1846 2118 1902 ccelestia

2221 658 2440 714 devoret
2461 655 2514 729 (Ι
2535 655 2679 710 Petr.
2711 653 2788 726 v).
2818 673 2836 706 ι
2869 672 2888 705 ί
2910 651 2977 706 Et
2996 649 3137 706 mala
3161 649 3358 716 bestia,
3380 667 3399 702 ι
3432 649 3489 704 id
3516 659 3627 716 est,
3649 651 3793 707 satel-

2221 751 2341 806 lites
2371 748 2588 815 diaboli,
2625 767 2646 800 ‹
2678 762 2784 802 non
2811 743 3067 801 ascendet
3083 757 3180 814 per
3209 757 3353 809 eam,
3387 759 3404 794 ι
3450 741 3560 798 hoc
3584 751 3792 814 est,per

2221 839 2692 912 congregationem
2746 836 3005 892 ﬁdelium.
3044 855 3062 887 ‹
3096 833 3208 889 Nec
3236 833 3550 889 invenietur
3579 834 3654 889 ibi
3689 855 3705 887 ι
3743 838 3789 892 in

2220 931 2473 988 cordibus
2496 931 2812 995 electorum,
2862 929 2986 1000 quia
3012 942 3111 999 per
3133 925 3535 984 confessionem
3561 926 3683 982 ﬁdei
3712 945 3788 984 cx-

2219 1025 2402 1098 pulsus
2427 1034 2527 1079 est.
2560 1043 2578 1075 ι
2610 1023 2678 1078 Et
2704 1022 3055 1078 ambulabunt
3084 1045 3102 1074 ι
3123 1021 3192 1076 de
3209 1021 3411 1077 virtute
3441 1022 3500 1075 in
3528 1021 3784 1089 virtutem,

2225 1134 2245 1169 ι
2281 1117 2373 1186 qui
2401 1099 2613 1172 lib'erati
2659 1114 2861 1170 fuerint
2899 1133 2919 1168 ι
2948 1129 2979 1168 a
3005 1114 3234 1170 vinculis
3260 1122 3631 1185 peccatorum,
3660 1119 3785 1171 etab

2220 1222 2405 1263 errore
2437 1227 2456 1260 ι
2489 1217 2543 1262 et
2566 1207 2827 1278 redempti
2858 1221 2888 1260 a
2918 1205 3144 1261 Domino
3173 1225 3192 1258 ι
3225 1206 3498 1277 sanguine
3522 1206 3638 1260 veri
3662 1208 3780 1277 agni,

2221 1313 2284 1353 ac
2309 1299 2501 1353 deinde
2533 1315 2553 1349 ‹
2585 1305 2969 1353 convertentur
2996 1316 3014 1348 ι
3047 1299 3115 1353 ad
3134 1299 3541 1369 paenitentiam,
3561 1308 3614 1353 et
3627 1311 3780 1369 postea

2228 1407 2247 1441 ‹
2275 1389 2492 1444 venient
2514 1389 2566 1443 in
2598 1388 2751 1454 Sion,
2782 1407 2800 1441 ι
2831 1388 2932 1444 hoc
2959 1398 3061 1455 est,
3091 1389 3145 1443 in
3172 1389 3514 1446 Hierusalem
3537 1391 3779 1446 caelestem

2227 1499 2247 1532 ‹
2283 1495 2404 1535 cum
2433 1479 2589 1536 laude
2618 1499 2638 1532 ›
2663 1479 2936 1535 Creatoris
2959 1481 3064 1546 sui,
3089 1499 3108 1532 ‹
3139 1490 3193 1536 et
3221 1481 3404 1536 laetitia
3425 1483 3772 1552 sempiterna

2220 1586 2320 1642 pro
2345 1586 2439 1641 spe
2464 1579 2680 1627 mteruze
2725 1572 3194 1638 remunerationis,
3225 1573 3330 1628 erit
3371 1592 3391 1624 ι
3431 1589 3605 1644 super
3641 1576 3776 1644 capita

2221 1679 2428 1729 eorum,
2466 1683 2484 1716 ι
2521 1664 2573 1719 id
2602 1672 2704 1730 est,
2735 1665 2785 1720 in
2810 1666 3078 1720 mentibus
3107 1680 3311 1720 eorum.
3342 1666 3583 1734 Quidam
3607 1667 3774 1723 codices

2223 1755 2532 1811 babent:et
2573 1755 2920 1810 ambulabunt
2964 1755 3056 1825 qui
3108 1755 3321 1810 liberati
3370 1755 3675 1824 fuerint,et
3712 1775 3771 1812 re-

2223 1848 2425 1918 dempti
2459 1864 2491 1902 a
2519 1848 2748 1904 Domino
2783 1856 3184 1904 convertentur.
3224 1847 3300 1903 Ita
3340 1849 3668 1906 dividentes.
3697 1849 3770 1904 Sed

540 1939 872 2005 transilierit,
920 1947 973 1994 et
1013 1940 1067 1993 in
1110 1939 1401 1993 virtutibus
1426 1951 1672 1993 crescere
1702 1938 1982 1993 studuerit.
2018 1939 2120 1993 Po-
2146 1921 2195 1982 Β
2222 1938 2355 1995 falso
2376 1940 2636 2010 scriptum
2661 1948 2744 1994 est
2765 1959 2777 1994 :
2801 1940 2994 1996 Beatus
3010 1941 3152 1996 enim
3174 1940 3546 2012 Hieronymus
3573 1944 3639 1997 ita
3655 1958 3770 2012 expu-

539 2049 730 2088 namus
759 2047 924 2086 unum
954 2047 1020 2087 cx
1049 2031 1299 2086 omnibus
1323 2030 1549 2086 Paulum
1578 2032 1847 2101 quondam
1870 2047 2121 2102 persecu-

540 2134 710 2181 torem
759 2124 1036 2187 Ecclesiae,
1079 2139 1222 2178 nunc
1263 2123 1561 2193 apostolum
1595 2133 1650 2180 et
1679 2126 1952 2180 doctorem
1989 2141 2120 2196 gen-

543 2219 696 2281 tium,
733 2226 786 2271 ct
805 2216 1082 2272 videamus
1112 2231 1272 2286 quam
1300 2231 1552 2288 magnum
1579 2217 1772 2272 saltum
1799 2219 1963 2273 dedit.
1986 2217 2123 2274 Nam

540 2310 632 2381 qui
661 2317 775 2363 erat
804 2308 1034 2364 inﬁdelis
1058 2317 1114 2363 et
1141 2317 1458 2378 persecutor
1497 2309 1944 2375 Christianorum,
1971 2319 2124 2366 tran-

541 2400 703 2454 silivit
733 2399 799 2454 de
829 2399 1052 2470 perﬁdia
1093 2400 1160 2454 ad
1190 2399 1372 2465 ﬁdem,
1403 2400 1469 2456 de
1495 2400 1778 2472 iniquitate
1815 2403 1882 2457 ad
1919 2402 2124 2458 cultum

544 2506 681 2544 verse
700 2490 940 2560 iustitiae.
971 2489 1409 2560 Transiliensque
1432 2493 1498 2546 de
1528 2492 1726 2546 virtute
1760 2493 1815 2547 in
1848 2494 2120 2562 virtutem,

543 2583 676 2637 dixit
701 2602 712 2636 :
736 2603 753 2634 ‹
785 2582 952 2653 Cupio
977 2583 1193 2639 dissolvi
1221 2595 1275 2639 et
1296 2600 1417 2639 cum
1439 2584 1656 2641 Christo
1675 2601 1794 2642 esse
1816 2585 1982 2658 (Phil.
2007 2587 2070 2660 ι).
2097 2606 2117 2641 ι

544 2676 747 2747 Lingua
777 2677 939 2731 etiam
982 2676 1262 2743 malorum,
1290 2692 1408 2747 quae
1432 2693 1537 2733 non
1565 2679 1796 2735 habebat
1835 2679 2126 2737 confessio-

543 2784 666 2823 nem
688 2784 827 2824 verze
848 2769 988 2834 ﬁdei,
1008 2771 1100 2825 sed
1123 2779 1270 2825 muta
1296 2781 1413 2826 erat
1433 2774 1501 2826 ad
1519 2772 1882 2828 conﬁtendum
1904 2783 2122 2846 peccata

543 2877 640 2916 sua
686 2871 741 2916 et
779 2862 1102 2917 laudandum
1142 2862 1452 2920 Creatorem
1483 2882 1670 2931 suum,
1704 2868 2124 2938 praidicantibus

543 2954 798 3023 apostolis
844 2966 1028 3025 aperta
1077 2957 1249 3012 estad
1299 2958 1457 3013 ﬁdem
1490 2967 1692 3014 rectam
1736 2961 2118 3016 conﬁtendam.

551 3063 568 3096 ι
607 3047 740 3113 Quia
761 3048 942 3102 scissae
967 3058 1112 3112 sunt,
1139 3070 1157 3100 ι
1181 3030 1281 3104 Ιῖοε
1308 3059 1392 3105 est
1416 3061 1615 3121 apertae
1644 3061 1770 3107 sunt
1794 3073 1811 3103 ι
1843 3055 1894 3107 iu
1911 3054 2123 3109 deserto

545 3155 716 3209 aquae.
752 3159 771 3192 ι
799 3140 923 3195 Ideo
945 3149 1128 3212 aperta
1153 3151 1237 3196 est
1257 3142 1434 3212 lingua
1462 3151 1754 3210 mutorum,
1778 3144 1904 3214 quia
1925 3153 2122 3214 aperta:

545 3239 668 3287 sunt
710 3230 763 3284 in
791 3230 1006 3287 deserto
1051 3233 1318 3302 quondam
1358 3233 1630 3304 gentilium
1679 3250 1830 3304 aquze
1868 3235 2120 3306 baptismi

544 3321 828 3387 salutaris,
873 3341 891 3374 ε
948 3330 1004 3376 et
1056 3331 1320 3377 torrentes
1373 3323 1424 3376 in
1457 3323 1743 3380 solitudine
1801 3345 1819 3376 ›
1881 3327 2118 3395 gentium

542 3414 712 3470 exorti
742 3422 895 3478 sunt,
927 3414 1030 3469 hoc
1055 3421 1140 3468 est
1187 3414 1410 3469 diversa:
1455 3415 1640 3485 gratiae
1669 3415 1992 3484 spirituales,
2039 3417 2123 3473 vel

543 3505 797 3562 doctrinae
823 3505 1032 3560 Veteris
1056 3514 1109 3560 et
1137 3504 1270 3559 Novi
1305 3503 1652 3560 Testamenti.

621 3616 638 3648 ι
673 3595 738 3650 Et
762 3611 882 3666 qua:
905 3603 1022 3650 erat
1049 3596 1218 3662 arida,
1259 3614 1278 3647 ι
1315 3595 1365 3650 id
1391 3605 1495 3662 est,
1525 3597 1796 3668 gentilitas
1818 3613 1848 3651 a
1875 3598 1979 3654 ﬁde
2004 3599 2119 3666 Dei,

547 3707 564 3740 ‹
601 3689 654 3742 in
677 3696 943 3757 stagnum,
967 3705 985 3738 ι
1006 3687 1259 3742 subaudis
1280 3703 1538 3743 conversa
1556 3698 1656 3754 est,
1677 3689 1728 3744 id
1743 3699 1846 3755 est,
1871 3691 1924 3745 in
1947 3691 2124 3747 scien-

543 3776 668 3835 tiain
701 3778 906 3834 Veteris
926 3787 980 3834 et
1003 3777 1136 3835 Novi
1163 3777 1509 3834 Testamenti.
1540 3799 1558 3831 ι
1582 3780 1648 3835 Ει
1667 3781 1854 3837 sitiens
1875 3782 1927 3836 in
1951 3781 2125 3838 fontes

541 3885 800 3940 aquarum
835 3889 854 3921 ι
889 3884 1148 3924 conversa
1177 3876 1292 3935 est,
1322 3871 1424 3926 hoc
1451 3880 1536 3925 est
1563 3872 1614 3926 in
1661 3871 1962 3926 doctrinam
1991 3873 2126 3928 divi-

542 3975 732 4016 norum
754 3958 1109 4028 eloquiorum.
1133 3977 1152 4010 ι
1176 3958 1233 4014 ln
1257 3959 1541 4025 cubilibus,
1564 3980 1581 4011 ι
1601 3961 1652 4015 id
1671 3970 1769 4025 est,
1800 3962 1852 4015 in
1875 3963 2124 4018 cordibus

541 4049 817 4123 gentilium
875 4069 892 4101 ‹
951 4049 1006 4102 in
1057 4048 1252 4120 quibus
1306 4050 1458 4120 prius
1514 4051 1804 4117 dracones,
1849 4074 1866 4104 ι
1911 4053 1964 4107 id
2019 4064 2122 4118 est,

542 4143 810 4197 daemones
828 4137 1200 4202 «habitabant,
1224 4139 1430 4193 orietur
1449 4141 1609 4194 viror-
1633 4141 1825 4195 calami
1843 4151 1896 4197 et
1903 4141 2072 4212 junci.
2100 4163 2118 4195 ι

542 4229 643 4283 Per
667 4226 931 4283 calamum
952 4241 1058 4296 quo
1095 4225 1374 4297 Scriptura
1402 4231 1700 4300 antiquitus
1732 4231 2121 4303 complebatur,

542 4318 873 4390 signiﬁcatur
892 4318 1172 4374 doctorum
1194 4320 1521 4389 przedicatio.
1551 4321 1656 4376 Per
1671 4323 1893 4392 juncum
1917 4326 2122 4382 intenta

541 4412 878 4468 subditorum
916 4412 1140 4468 auditio.
1164 4411 1416 4469 Calamus
1465 4415 1609 4470 enim
1639 4425 1695 4471 et
1725 4417 1923 4488 juncus
1958 4435 2125 4490 super

540 4521 707 4576 aquas
732 4513 1041 4571 nascuntur,
1062 4514 1117 4561 et
1144 4505 1469 4560 viriditatem
1491 4507 1743 4563 retinent.
1773 4509 1863 4564 Sic
1882 4519 1938 4566 et
1958 4513 2121 4568 corda

2221 2028 2332 2095 uit,
2367 2029 2527 2085 sicuti
2570 2031 2818 2101 superius
2857 2031 3061 2086 dictum
3101 2041 3220 2086 est:
3253 2049 3273 2082 «
3302 2031 3579 2087 Gaudium
3605 2032 3765 2086 etheti-

2223 2121 2352 2176 tiam
2403 2122 2719 2178 obtinebunt
2774 2141 2792 2175 ι
2865 2137 2985 2178 cum
3040 2123 3284 2177 venerint
3357 2122 3413 2176 in
3482 2121 3760 2178 Hierusalem

2222 2213 2514 2280 caelestem,
2549 2232 2567 2265 ι
2597 2223 2650 2270 et
2673 2213 2839 2285 fugiet
2865 2234 2882 2267 ι
2932 2214 3001 2269 ab
3029 2213 3109 2270 eis
3143 2233 3161 2265 ‹
3199 2214 3354 2269 dolor
3398 2223 3458 2270 et
3502 2217 3758 2286 gemitus:

2223 2303 2360 2372 Quia
2387 2305 2515 2360 licet
2553 2313 2768 2378 gemant
2813 2313 2868 2359 et
2894 2304 3111 2376 lugeant
3160 2306 3302 2360 inter
3336 2321 3608 2362 mrumnas
3646 2307 3767 2362 istius

2223 2395 2404 2450 saeculi
2430 2411 2529 2466 pro
2556 2395 2668 2450 suis
2697 2395 2965 2450 erratibus
2997 2394 3082 2450 vel
3128 2395 3387 2461 aliorum,
3421 2406 3590 2451 tamen
3614 2397 3659 2466 in
3683 2410 3759 2464 spe

2223 2484 2474 2540 laetantur
2500 2501 2598 2556 pro
2627 2487 3061 2542 remuneratione
3109 2501 3270 2556 quam
3299 2487 3588 2559 percepturi
3632 2497 3751 2541 sunt.

2226 2578 2292 2634 Et
2331 2585 2457 2632 tunc
2492 2577 2815 2634 laetabuntur
2853 2578 2907 2634 in
2956 2591 3036 2646 re,
3083 2578 3429 2649 possidentes
3478 2579 3579 2650 jam
3604 2577 3762 2648 gaudia

2222 2669 2346 2724 vitae
2375 2679 2609 2726 aeternae.

2680 2818 2690 2828 ’
2761 2819 2988 2878 CAPUT
3030 2819 3266 2878 XXXVI.

2303 2977 2322 3008 ‹
2353 2954 2423 3010 Et
2452 2955 2655 3011 factum
2677 2964 2762 3012 est
2788 2957 2843 3012 in
2867 2966 3062 3026 quarto
3089 2959 3300 3014 decimo
3326 2974 3471 3015 anno
3497 2963 3636 3033 regis
3659 2961 3769 3016 Exe-

2221 3048 2376 3113 chiaa,
2407 3048 2652 3104 ascendit
2690 3049 3088 3118 Sennacherib,
3114 3066 3210 3106 rex
3235 3051 3600 3124 Assyriorum,
3633 3069 3774 3124 super

2220 3156 2408 3197 omnes
2428 3141 2675 3197 civitates
2699 3141 2848 3198 Judae
2882 3143 3152 3209 munitas,
3199 3152 3254 3198 et
3295 3147 3435 3215 cepit
3472 3161 3580 3200 eas.
3618 3167 3636 3197 ι
3667 3145 3770 3200 Jam

2224 3233 2406 3288 decem
2440 3233 2685 3289 tribubus
2728 3235 2902 3288 ductis
2945 3235 2998 3288 in
3037 3235 3416 3304 captivitatem,
3452 3244 3505 3290 et
3527 3236 3773 3290 omnibus

2222 3327 2533 3384 civitatibus
2557 3327 2704 3383 Iudae
2730 3329 2952 3382 vastatis
2971 3368 2986 3392 ,
3013 3330 3310 3398 pervenitur
3335 3329 3401 3383 ad
3423 3328 3768 3383 Hierusalem.

2222 3418 2328 3475 Sed
2358 3421 2411 3475 in
2432 3421 2534 3475 hoc
2561 3419 2678 3476 loco
2706 3420 2932 3491 quaestio
2959 3436 3066 3476 non
3096 3422 3308 3476 modica
3328 3433 3409 3477 est
3435 3440 3449 3476 :
3473 3421 3604 3488 Quis
3625 3421 3782 3476 fuerit

2224 3512 2326 3566 iste
2351 3509 2758 3567 Sennacherib?
2787 3510 2921 3566 Nam
2960 3512 3100 3567 sicut
3135 3512 3363 3569 historia
3409 3528 3589 3584 regum
3622 3513 3779 3567 mani-

2223 3601 2385 3658 festat
2409 3612 2466 3658 et
2488 3602 2933 3674 Paralipomenon
2975 3604 3113 3674 (cap.
3157 3605 3358 3677 xxxn),
3395 3607 3623 3676 septimo
3658 3620 3780 3660 anno

2225 3696 2374 3768 regni
2421 3695 2666 3751 Ezecbitc
2719 3695 2866 3751 venit
2905 3695 3251 3753 Salmanasar
3289 3712 3387 3754 rex
3425 3699 3776 3770 Assyriorum,

2225 3797 2278 3842 et
2312 3787 2586 3842 transtulit
2606 3789 2894 3842 maximam
2925 3797 3130 3860 partem
3152 3791 3336 3862 populi
3362 3792 3552 3848 decem
3572 3793 3777 3847 tribuum

2227 3879 2365 3934 ultra
2394 3885 2607 3934 montes
2628 3877 2901 3934 Medorum
2927 3890 2983 3937 et
3013 3881 3303 3938 Persarum
3331 3902 3344 3938 :
3380 3900 3510 3939 cum
3535 3885 3715 3954 quibus
3733 3894 3776 3937 et

2227 3969 2423 4026 Tobias
2445 3971 2529 4025 vir
2556 3971 2736 4041 justus
2763 3972 2952 4029 ductus
2977 3963 3061 4030 est
3085 3975 3137 4030 in
3159 3977 3560 4046 captivitatem,
3587 3979 3713 4033 sicut
3737 3977 3779 4030 in

2227 4062 2366 4118 libro
2391 4061 2508 4140 ejus
2547 4063 2797 4119 habetur.
2827 4065 2918 4122 Sic
2949 4069 3093 4123 enim
3130 4070 3328 4124 dicitur
3366 4072 3440 4126 ibi
3491 4091 3502 4126 :
3543 4072 3672 4128 Cum
3711 4086 3778 4126 ca-

2223 4161 2348 4224 ptus
2376 4162 2519 4209 esset
2566 4152 2765 4210 Tobias
2811 4155 2865 4211 in
2911 4157 3099 4214 diebus
3140 4159 3499 4217 Salmanasar
3550 4162 3691 4234 (Tob.
3730 4161 3777 4228 ι.)

2225 4244 2354 4300 Post
2403 4245 2750 4302 Salmanasar
2797 4257 2973 4304 autem
3024 4251 3172 4306 venit
3217 4253 3415 4309 iterum
3445 4253 3581 4319 Ful,
3628 4255 3708 4325 qui
3736 4264 3777 4305 ct

2225 4337 2339 4409 ipse
2369 4347 2578 4408 partem
2606 4339 2784 4409 populi
2818 4341 3128 4410 captivavit.
3164 4343 3370 4399 Deinde
3404 4343 3626 4418 Teglat,
3649 4342 3779 4399 Phal-

2224 4430 2386 4496 lasar,
2416 4439 2472 4486 et
2501 4430 2727 4503 Sargon,
2765 4443 3146 4491 successerunt
3185 4437 3241 4491 in
3281 4454 3520 4510 regnum
3563 4438 3776 4508 Assyrio-

2223 4539 2344 4579 rum
2391 4539 2560 4594 usque
2595 4525 2663 4580 ad
2709 4524 3094 4584 Sennacherib.
3143 4528 3202 4584 Si
3231 4543 3359 4601 ergo
3399 4534 3643 4604 septimo
3669 4544 3779 4585 anno

541 4598 816 4700 Sfljlilium
867 4598 1070 4700 ίῐξιεξηδ
1122 4599 1190 4652 δά
1233 4599 1804 4700 ἓυάίθηίῖυωγθτδιιῐη
1833 4603 1956 4669 Dei.
1989 4612 2118 4661 tunc
2143 4637 2196 4700 Β
2222 4616 2373 4688 regni
2401 4615 2646 4671 Ezechiae
2682 4618 2914 4686 primum
2957 4619 3130 4675 ductae
3170 4598 3530 4680 sunt'decein
3559 4627 3716 4680 tribus
3738 4623 3779 4674 in

541 4690 866 4745 viriditatem
911 4689 1128 4756 habent,
1179 4693 1394 4761 quando
1449 4693 1591 4761 quod
1639 4709 1768 4750 aure
1813 4698 2116 4767 percipiunt

539 4797 701 4852 opere
730 4783 1021 4854 adimplere
1046 4793 1312 4856 satagunt.

616 4896 634 4929 ι
672 4877 740 4933 Ει
775 4879 882 4933 erit
922 4878 1016 4944 ibi,
1051 4898 1070 4932 ι
1114 4879 1369 4935 subaudis
1397 4881 1452 4935 in
1499 4879 1789 4937 solitudine
1833 4882 2072 4950 gentium
2095 4922 2112 4951 ,

544 4991 562 5023 σ
600 4971 790 5027 semita
811 4977 866 5026 et
885 4971 995 5037 via,
1023 4989 1042 5022 ι
1072 4970 1173 5026 hoc
1201 4983 1286 5028 est
1324 4971 1592 5040 Christus,
1623 4974 1714 5044 qui
1743 4973 1882 5030 dixit
1907 4993 1920 5029 :
1953 4993 1972 5025 α
2003 4974 2114 5048 Ego

539 5077 656 5118 sum
683 5062 798 5126 via,
841 5062 1062 5128 veritas,
1105 5071 1160 5118 et
1186 5064 1294 5118 vita
1322 5063 1501 5135 (Joan.
1543 5067 1673 5136 xxv).
1707 5085 1726 5119 ›
1764 5087 1782 5119 ί
1811 5067 1876 5122 Et
1908 5067 1996 5122 illa
2026 5069 2112 5124 via

539 5166 725 5215 sancta
753 5160 1050 5215 vocabitur.
1084 5159 1200 5216 Non
1248 5163 1497 5218 transibit
1520 5181 1616 5234 per
1639 5180 1778 5231 eam,
1811 5185 1830 5218 ι
1857 5167 2114 5223 subaudis

539 5250 854 5317 Ecclesiam,
895 5271 913 5304 ε
944 5253 1178 5324 pollutus
1212 5274 1232 5307 ι
1278 5256 1548 5324 diabolus,
1576 5259 1668 5330 qui
1697 5259 2006 5328 inquinatus
2033 5271 2116 5317 est

538 5343 795 5413 sanguine
824 5345 1116 5400 multorum
1138 5355 1194 5401 et
1219 5347 1363 5401 omni
1391 5351 1669 5419 Spurcitia.
1724 5369 1743 5402 ι
1777 5351 1843 5404 Ει
1867 5352 1978 5408 haec
2009 5355 2115 5408 erit

537 5435 689 5489 vobis
718 5435 948 5491 discreta
977 5438 1084 5503 via,
1116 5458 1134 5490 ι
1176 5440 1280 5494 hoc
1302 5448 1385 5496 est
1403 5441 1560 5511 plana
1587 5442 1721 5498 ﬁdes
1741 5443 1959 5511 Christi,
1989 5466 2008 5497 ‹
2037 5447 2110 5501 ita

537 5534 596 5580 ut
629 5525 775 5582 stulti
813 5547 831 5580 ›
865 5530 1130 5597 quondam
1163 5531 1420 5599 gentiles,
1462 5533 1551 5603 qui
1591 5548 1690 5603 pro
1727 5533 1982 5591 Creatore
2010 5538 2110 5594 ad-

537 5617 765 5673 orabant
793 5629 1114 5688 creaturam,
1145 5641 1163 5673 ι
1192 5637 1299 5678 non
1324 5632 1507 5679 errent
1528 5639 1624 5695 per
1648 5640 1766 5681 eam
1804 5646 1823 5679 ι
1862 5631 2108 5686 conversi

538 5711 607 5765 ad
633 5710 792 5766 ﬁdem
815 5713 1036 5769 Christi.

615 5819 633 5853 ι
661 5800 776 5858 Νοη
805 5805 908 5858 erit
933 5805 1005 5861 ibi
1035 5805 1142 5872 leo,
1161 5825 1180 5858 ι
1209 5805 1462 5878 princeps
1486 5807 1690 5865 scilicet
1712 5809 2014 5868 damonum
2044 5815 2108 5871 de

539 5910 645 5985 quo
664 5895 796 5960 dicit
816 5898 1129 5987 Apostolus:
1159 5900 1333 5994 «Quia
1354 5901 1695 5979 adversarius
1718 5914 1902 5971 noster
1924 5905 2109 5974 diaboc

2217 4708 2579 4779 captivitatem
2623 4723 2654 4762 a
2689 4707 3064 4776 Salmanasar,
3110 4714 3254 4783 quod
3293 4714 3650 4771 verissimum
3680 4723 3778 4769 est:

2217 4800 2484 4873 quomodo
2508 4807 2684 4870 potest
2704 4816 2846 4866 esse,
2869 4811 2928 4856 ut
2950 4803 3092 4858 inter
3108 4806 3338 4875 spatium
3361 4816 3499 4863 octo
3524 4821 3780 4867 annorum,

2215 4900 2295 4947 tot
2328 4906 2482 4962 reges
2503 4891 2604 4947 sibi
2633 4893 2687 4947 in
2721 4907 2827 4948 uno
2858 4908 3000 4949 anno
3029 4898 3426 4952 successerint?
3458 4899 3647 4956 Juncti
3667 4898 3782 4953 enim

2215 4990 2337 5038 octo
2389 4995 2514 5037 cum
2567 4998 2659 5039 sex
2703 4985 3110 5053 quatuordecim
3143 4986 3368 5043 faciunt.
3420 4989 3581 5047 Dicit
3624 4993 3784 5048 beatus

2216 5073 2574 5146 Hieronymus
2605 5093 2617 5130 :
2643 5075 2777 5143 Quia
2803 5078 3022 5134 traditio
3042 5077 3349 5136 Iudaeorum
3369 5091 3488 5149 est,
3505 5085 3654 5156 quod
3673 5097 3784 5137 unus

2216 5167 2374 5224 homo
2398 5166 2787 5234 Sennacherib,
2829 5169 3036 5226 scilicet
3069 5179 3149 5227 tot
3179 5173 3500 5230 nominibus
3529 5189 3785 5241 nuncupa-

2214 5265 2300 5311 tus
2329 5257 2416 5312 sit.
2465 5257 2583 5328 Ipse
2609 5267 2693 5313 est
2733 5259 2878 5314 enim
2909 5269 3131 5317 vocatus
3170 5261 3559 5333 Salmanasar,
3590 5276 3648 5323 et
3689 5264 3786 5324 Fnl.

2212 5349 2326 5418 ipse
2362 5348 2566 5420 Teglat,
2600 5349 2914 5419 Phallasar,
2955 5362 3010 5408 et
3038 5353 3266 5426 Sargon,
3307 5367 3362 5412 ct
3401 5358 3788 5416 Sennacherib.

2213 5437 2364 5505 Quod
2388 5455 2418 5494 a
2440 5439 2669 5495 veritate
2691 5457 2800 5498 non
2830 5443 3046 5520 videtur
3067 5445 3396 5518 discrepare.

2291 5551 2308 5584 ι
2339 5531 2406 5586 Et
2429 5533 2580 5588 misit
2602 5549 2699 5589 rex
2724 5535 3071 5606 Assyriorum
3098 5539 3398 5610 Rapsacem
3419 5542 3492 5598 de
3520 5543 3742 5599 Lachis.
3773 5562 3786 5591 ι

2215 5621 2408 5678 Lacbis
2436 5624 2629 5679 civitas
2663 5635 2782 5680 erat
2820 5625 3037 5695 Judaae,
3083 5645 3243 5701 quam
3287 5635 3652 5704 expugnabat
3683 5645 3792 5689 tunc

2216 5716 2606 5773 Sennacherib.
2645 5718 2786 5774 Misit
2820 5736 2950 5793 ergo
2981 5721 3276 5794 Rapsacem
3318 5743 3337 5777 ι
3387 5727 3454 5782 ad
3508 5729 3793 5785 Ezechiam

2215 5810 2267 5865 in
2299 5826 2458 5865 manu
2486 5812 2658 5883 gravi,
2702 5832 2719 5863 ι
2770 5815 2822 5870 id
2867 5823 2980 5883 est,
3021 5817 3075 5872 in
3103 5817 3442 5876 multitudine
3497 5826 3794 5880 exercitus.

2219 5927 2236 5968 ς
2277 5905 2542 5994 Stetitque
2579 5909 2632 5975 in
2663 5925 2815 5988 aqua:
2847 5912 3008 5978 ductu
3030 5913 3248 5994 piscina“:
3275 5916 3608 6006 superioris,
3642 5919 3696 5978 in
3724 5919 3796 5981 via
