3918 6480
173 474 277 531 80'!

1121 467 1475 529 COMMENT.
1524 465 1600 572 1N.
1628 461 1884 523 lSAIAM.
1926 490 1998 504 —
2023 459 2149 518 LIB.
2188 460 2252 516 ll.

3322 461 3425 520 898

174 588 293 660 εει-ί
327 585 562 651 fullonis,
593 603 612 639 ι
653 581 896 650 hoc'esg,
936 583 1029 641 ubi
1067 582 1198 640 {uno
1236 583 1509 640 manebat,
1538 565 1751 637 piscina
1777 580 1834 641 Α
1856 572 2031 628 daica.
2067 589 2087 621 ε
2123 566 2475 640 [intelligimus
2499 567 2643 624 enim
2678 585 2698 620 ι
2729 580 2846 622 eam
2877 565 3184 660 Haebraiceg
3215 567 3430 641 Loque-

174 677 424 751 superior
446 677 663 743 dicitur,
688 676 814 746 quia
843 683 962 732 erat
989 675 1063 732 ibi
1088 685 1144 732 et
1169 675 1275 732 alia
1308 675 1550 732 inferior.

253 786 275 824 ι
308 770 380 825 Et
401 783 650 842 egressus
671 777 754 825 est
781 769 852 825 ad
882 783 1006 824 eum
1024 767 1290 831 Eliachim
1325 766 1418 840 qui
1444 775 1562 822 erat
1585 780 1748 836 super

179 862 402 918 domum
445 859 682 927 Domini,
715 879 735 913 ι
775 860 877 916 hoc
911 869 1015 925 est,
1065 874 1309 915 summus
1345 857 1606 930 pontifex.
1642 855 1751 912 Iste

173 960 264 1008 est
290 951 556 1007 Eliachim
579 951 674 1022 qui
703 951 966 1007 successit
993 959 1117 1021 post
1141 950 1583 1021 superbissimum
1609 945 1749 1004 Sob-

176 1060 308 1101 nam
337 1045 391 1098 in
421 1042 708 1100 sacerdotii
729 1040 1070 1113 dignitatem,
1094 1042 1162 1098 de
1190 1057 1297 1112 quo
1339 1040 1587 1112 superius
1615 1037 1753 1094 dixit

174 1135 476 1192 Dominus:
507 1135 646 1190 Eca:
669 1149 767 1204 ego
795 1134 1000 1190 vocabo
1025 1132 1286 1189 Eliachim
1308 1145 1522 1188 servum
1549 1144 1748 1195 meum,

177 1233 236 1284 et
266 1227 374 1284 erit
400 1227 533 1282 mihi
564 1227 618 1281 in
645 1224 980 1282 sacerdotem
1009 1224 1164 1297 (Sup.
1199 1222 1360 1292 xxn).
1384 1223 1646 1294 Egressus
1669 1228 1756 1277 est

177 1320 343 1376 etiam
371 1337 390 1370 ι
426 1326 481 1373 et
511 1316 693 1374 Sobna
712 1317 913 1383 scriba,
943 1335 961 1368 ι
990 1315 1045 1370 id
1073 1324 1176 1380 est,
1200 1314 1602 1386 grammaticus.
1633 1311 1752 1368 Non

177 1411 438 1466 debemus
463 1417 656 1480 putare
700 1409 840 1479 quod
877 1408 981 1464 iste
1029 1407 1101 1464 sit
1146 1407 1328 1463 Sobna
1375 1407 1462 1463 cui
1507 1406 1754 1476 superius

174 1502 380 1559 dictum
414 1510 500 1558 est
523 1517 554 1556 a
582 1502 847 1573 propheta
876 1516 892 1555 :
920 1499 1060 1568 Quid
1101 1509 1160 1555 tu
1195 1499 1304 1565 hic,
1335 1506 1430 1553 aut
1457 1497 1612 1568 quasi
1633 1495 1755 1568 quis

177 1595 303 1651 hic?
326 1594 588 1667 Egressus
615 1601 701 1650 est
731 1611 752 1645 ι
793 1601 850 1649 et
867 1592 965 1650 Joe
985 1591 1127 1647 filius
1145 1590 1328 1661 Asaph
1365 1604 1397 1644 a
1415 1597 1753 1645 commenta-

178 1686 296 1742 riis.
327 1706 346 1740 ι
376 1686 423 1740 A
452 1684 854 1741 commentariis
897 1682 1190 1738 vocabatur
1237 1679 1332 1751 qui
1376 1686 1529 1750 gesta
1572 1693 1754 1734 rerum

179 1776 579 1841 conscribebat,
629 1775 685 1828 id
730 1781 834 1838 est,
859 1770 1230 1828 cancellarius.
1272 1769 1342 1824 Et
1386 1768 1488 1825 iste
1515 1776 1570 1822 et
1603 1767 1699 1823 Joe
1722 1782 1755 1822 a

183 1866 517 1923 cancellariis
539 1866 653 1921 sive
676 1881 708 1920 a
730 1863 1134 1920 commentariis
1153 1860 1350 1932 quibus
1389 1865 1619 1930 praeerat
1657 1872 1753 1914 ve-

181 1959 356 2024 niens,
381 1959 478 2014 ivit
498 1973 619 2014 cum
645 1956 992 2028 supradictis.

1850 665 2008 721 batur
2033 662 2122 719 ille
2146 661 2386 728 Perside,
2404 660 2530 732 quia
2555 661 2609 717 in
2634 659 2817 718 schola
2843 659 3016 730 patris
3044 659 3127 716 sui
3147 659 3299 718 isaia:
3326 663 3431 720 hoc

1851 757 2133 813 didicerat.
2163 755 2287 811 Ideo
2311 755 2414 811 hoc
2446 754 2720 821 dixerunt,
2753 768 2822 808 ne
2860 753 3124 808 incuteret
3170 760 3432 811 terrorem

1856 849 1971 905 suis
1992 847 2172 904 verbis
2197 845 2394 918 populo
2411 845 2611 902 astanti
2633 860 2796 916 super
2820 859 3054 900 murum.

1928 958 1948 991 ι
1981 936 2234 1008 Nunquid
2272 935 2341 991 ad
2382 935 2670 992 Dominum
2709 944 2861 990 tuum
2886 943 2942 992 et
2980 936 3049 991 ad
3083 944 3137 992 te
3179 936 3329 993 misit
3346 951 3434 993 me

1851 1029 2112 1086 Dominus
2153 1043 2328 1094 meus,
2360 1037 2416 1082 et
2457 1043 2564 1084 non
2606 1028 2786 1099 potius
2818 1029 2886 1084 ad
2926 1028 3073 1084 vinos
3113 1029 3205 1101 qui
3247 1031 3435 1087 sedent

1851 1135 2015 1190 super
2053 1134 2239 1174 muros
2282 1127 2343 1172 ut
2388 1119 2676 1175 comedant
2711 1127 2954 1176 stercora
3001 1136 3118 1187 sua,
3161 1132 3218 1176 et
3248 1122 3433 1178 bibant

1851 1211 2065 1268 urinam
2104 1213 2300 1282 pedum
2333 1228 2553 1270 suorum
2600 1213 2914 1271 vobiscum?
2966 1236 2986 1269 ι
3033 1216 3091 1271 In
3127 1217 3432 1288 superbiam

1850 1305 2029 1362 elatus
2068 1305 2137 1362 ob
2171 1321 2361 1362 eorum
2409 1306 2789 1375 humilitatem,
2836 1324 3004 1366 unum
3042 1326 3075 1365 e
3111 1313 3433 1383 supradictis

1852 1397 2057 1452 nuntiis
2097 1397 2279 1453 taliter
2300 1397 2610 1468 alloquitur.
2646 1398 2868 1456 Urinam
2904 1401 3102 1471 pedum
3129 1402 3283 1470 dicit,
3307 1403 3433 1474 quia

1853 1490 1920 1544 ad
1958 1491 2122 1560 pedes
2159 1491 2346 1547 tendit.
2380 1490 2584 1548 Sensus
2619 1492 2741 1549 talis
2783 1502 2870 1550 est
2905 1512 2918 1548 :
2962 1494 3170 1551 Tandiu
3210 1498 3312 1553 erit
3339 1499 3436 1553 ob-

1854 1594 2003 1635 sessa
2029 1580 2222 1635 civitas
2259 1581 2397 1647 haec,
2444 1597 2723 1652 quousque
2754 1583 3037 1655 ~compulsi
3082 1584 3246 1652 fame,
3296 1595 3436 1642 ster-

1855 1687 1985 1727 cora
2019 1681 2075 1727 et
2103 1672 2317 1728 urinam
2357 1673 2556 1742 pedum
2597 1690 2820 1730 suorum
2867 1685 3187 1732 consumant
3228 1677 3283 1732 in
3314 1695 3439 1749 pro-

1854 1762 2004 1834 prios
2034 1779 2164 1819 usus
2198 1783 2210 1817 :
2246 1771 2306 1818 ut
2336 1764 2428 1834 qui
2475 1779 2586 1820 non
2613 1764 2778 1820 fuerit
2815 1767 2890 1822 ab'
2909 1767 3153 1825 hostibus
3179 1753 3438 1826 interem-

1855 1860 2004 1922 ptus,
2035 1853 2194 1909 famis
2225 1853 2406 1925 inopia
2437 1861 2640 1924 pereat.

1782 1952 1834 2013 Β
1933 1965 1952 1998 ι
1993 1944 2060 1999 Ει
2087 1944 2357 2002 clamabat
2390 1960 2521 2002 voce
2561 1959 2753 2017 magna
2789 1965 2809 2000 ι
2847 1946 3088 2015 Judaice,
3115 1958 3176 2004 ut
3211 1959 3438 2008 terreret

259 2071 276 2102 α
313 2051 376 2106 Ει
405 2050 542 2105 dixit
567 2049 636 2104 ad
663 2064 756 2105 eos
777 2050 1085 2120 Rapsaces:
1122 2047 1298 2104 Dicite
1324 2046 1607 2104 Ezechiae:
1633 2044 1760 2101 Haec
1857 2037 2111 2109 populum
2153 2038 2265 2094 Stlis
2304 2037 2465 2094 minis
2509 2053 2524 2092 ε
2554 2058 2572 2091 ι
2593 2038 2790 2094 Audite
2835 2040 3060 2096 verbum
3091 2043 3233 2114 regis
3259 2045 3441 2116 magni

183 2143 314 2198 dicit
359 2157 454 2198 rex
497 2158 726 2212 magnus
777 2141 1142 2213 Assyriorum.
1198 2162 1216 2196 ι
1268 2142 1445 2197 Verba
1499 2139 1594 2195 Dei
1642 2154 1762 2208 quae
1858 2130 2224 2202 Assyriorum.
2259 2151 2280 2184 ›
2326 2131 2568 2202 Superbe
2598 2133 2700 2189 hoc
2729 2133 2975 2204 protulit,
3006 2143 3062 2192 et
3105 2151 3230 2192 cum
3273 2135 3439 2192 nimia

181 2245 326 2300 saepe
361 2246 392 2285 a
423 2239 578 2301 patre
616 2247 715 2288 suo
743 2231 989 2287 audierat
1033 2233 1286 2288 dicente:
1320 2230 1446 2287 Haec
1489 2229 1622 2286 dicit
1657 2231 1762 2286 Do-

184 2319 380 2385 minus,
411 2327 632 2390 propter
654 2322 904 2391 potentia:
939 2322 1251 2394 dignitatem
1286 2337 1386 2379 suo
1420 2325 1533 2394 regi
1563 2322 1756 2378 dabat:

182 2419 240 2466 et
276 2421 334 2465 ut
371 2426 549 2466 sermo
594 2411 738 2468 illius
780 2415 974 2484 majori
1021 2416 1343 2472 auctoritate
1387 2417 1759 2472 roboraremr.

190 2520 210 2554 ‹
250 2501 381 2569 Quae
407 2511 492 2558 est
526 2503 630 2558 ista
656 2502 853 2560 fiducia
882 2506 938 2560 in
963 2521 1070 2576 qua
1099 2508 1350 2575 confidis,
1374 2517 1468 2564 aut
1495 2525 1602 2580 quo
1630 2526 1762 2566 con-

185 2593 307 2652 silio
328 2594 412 2651 vel
440 2594 753 2652 fortitudine
780 2595 1046 2653 rebellare
1069 2597 1347 2669 disponis?
1375 2620 1393 2652 ι
1427 2601 1506 2655 Ex
1530 2615 1763 2670 persona

186 2692 330 2764 regis
379 2691 481 2746 ista
521 2691 843 2761 loquebatur
881 2691 1172 2762 Rapsaces.
1219 2692 1458 2748 Primum
1499 2681 1765 2764 siquidem

186 2783 363 2841 factus
385 2793 471 2841 est
490 2785 751 2840 Ezechias
773 2784 1109 2852 tributarius,
1134 2787 1228 2842 sed
1248 2795 1436 2857 postea
1465 2786 1761 2854 rebellavit,

187 2875 378 2930 nolens
440 2874 667 2932 reddere
708 2875 988 2931 tributum.
1037 2876 1161 2932 Ideo
1213 2877 1374 2946 dicit,
1419 2885 1514 2932 aut
1562 2877 1616 2931 in
1659 2891 1764 2947 qua

191 2965 509 3023 fortitudine
558 2967 822 3023 rebellare
860 2967 1101 3038 disponis
1132 2984 1146 3022 :
1175 2975 1340 3038 atque
1368 2967 1440 3023 ob
1465 2969 1607 3023 hanc
1633 2981 1765 3022 cau-

188 3080 305 3120 sam
335 3063 462 3136 quia
487 3063 556 3120 ab
592 3079 656 3120 eo
684 3063 924 3128 recessit,
950 3062 1202 3118 veniebat
1229 3071 1420 3118 contra
1445 3077 1587 3118 eum.

265 3179 284 3210 ι
330 3158 472 3214 Ecce
505 3158 731 3214 confidis
777 3173 938 3228 super
967 3155 1219 3213 baculum
1258 3157 1617 3213 arundineum
1641 3172 1766 3214 con—

188 3253 422 3310 fractum
449 3253 635 3319 istum,
666 3267 828 3322 super
855 3249 1166 3322 Egyptum.
1199 3271 1218 3304 ι
1255 3250 1336 3307 0b
1365 3252 1575 3322 copiam
1601 3266 1765 3321 aqua-

189 3351 310 3400 rur‘n
345 3343 450 3399 Nili
478 3343 648 3408 ﬂuvii,
676 3342 932 3399 subaudis
961 3343 1053 3397 ubi
1085 3341 1264 3397 multa:
1289 3342 1580 3397 arundines
1600 3349 1762 3397 sunt:

189 3451 288 3506 per
307 3449 442 3506 quas
465 3432 845 3490 subsannando
867 3431 1116 3503 designat
1133 3430 1502 3488 fortitudinem
1525 3429 1762 3500 Egypti,

196 3549 215 3581 ε
250 3529 328 3584 sic
360 3527 572 3583 Pharao
601 3541 695 3581 rex
719 3523 941 3596 IEgypti
983 3544 1001 3575 ι
1033 3524 1302 3594 impotens
1327 3531 1430 3580 est.

269 3641 286 3672 ε
310 3619 462 3688 Quod
489 3621 537 3676 si
568 3617 910 3690 responderis
929 3615 1089 3671 mihi:
1115 3615 1174 3670 In
1199 3617 1428 3671 Domino
1453 3616 1564 3671 Deo
1581 3625 1768 3672 nostro

193 3712 513 3768 confidimus
555 3729 567 3764 :
611 3724 793 3765 nonne
835 3718 919 3765 est
968 3709 1084 3778 ipse
1127 3706 1214 3762 cui
1254 3706 1476 3762 abstulit
1506 3707 1769 3764 Ezechias

194 3803 406 3861 excelsa
435 3810 490 3856 et
516 3801 728 3868 altaria,
753 3809 808 3855 et
827 3800 961 3854 dixit
991 3797 1142 3854 Juda:
1175 3807 1230 3855 et
1253 3797 1592 3854 Hierusalem
1617 3813 1632 3853 :
1661 3799 1769 3855 Co-

194 3910 311 3951 ram
338 3893 491 3949 altari
539 3892 641 3948 isto
676 3891 992 3956 adorabitis,
1039 3890 1182 3960 quod
1223 3898 1303 3946 est
1345 3890 1400 3945 in
1432 3891 1630 3962 templo
1665 3892 1770 3946 Do-

195 3987 367 4044 mini?
387 4005 405 4038 ι
438 3984 528 4041 Sic
548 3985 712 4040 verba
738 3984 882 4056 regis
905 3983 989 4040 sui
1015 3984 1271 4039 narrabat
1295 3983 1420 4050 iste,
1449 3985 1605 4056 quasi
1627 4003 1767 4058 pra:-

195 4093 322 4136 sens
347 4085 492 4134 esset
519 4085 747 4146 uterque
777 4090 895 4142 rex,
937 4085 993 4132 et
1021 4074 1328 4132 conflictum
1355 4077 1496 4133 inter
1523 4093 1581 4134 se
1609 4080 1771 4136 habe-

196 4176 337 4225 rent.
359 4167 620 4223 Ezechias
646 4182 741 4222 rex
767 4182 863 4222 suo
891 4175 1130 4238 tempore
1156 4166 1423 4222 destruxit
1461 4183 1585 4224 aras
1613 4177 1669 4225 et
1698 4171 1770 4226 si-

195 4259 439 4317 mulacra
493 4275 611 4330 qua:
656 4257 859 4314 fecerat
896 4267 1051 4330 pater
1089 4259 1205 4330 ejus
1243 4257 1444 4315 Achaz.
1483 4260 1590 4317 Sed
1627 4264 1770 4334 quod

195 4351 286 4406 ille
323 4366 488 4407 causa
529 4349 805 4421 religionis
841 4350 982 4421 egit,
1023 4349 1126 4406 hoc
1167 4348 1441 4421 Rapsaees
1476 4350 1532 4407 in
1575 4352 1770 4408 malam

196 4452 407 4516 partem
436 4451 760 4498 mutaverat.

276 4555 296 4587 ι
331 4535 398 4591 Et
421 4550 562 4591 nunc
590 4535 744 4590 trade
771 4541 844 4599 te,
874 4551 892 4585 ι
918 4549 952 4589 o
972 4532 1225 4599 Ezechia,
1254 4550 1272 4585 ι
1303 4533 1522 4589 domino
1542 4549 1682 4600 meo,
1715 4544 1772 4590 et.

199 4625 340 4682 dabo
370 4625 468 4680 tibi
508 4625 612 4680 duo
635 4623 800 4678 millia
837 4638 1123 4693 equorum,
1162 4637 1263 4679 nec
1289 4623 1496 4692 poteris
1529 4625 1770 4695 praabere

201 4733 269 4774 ex
292 4725 378 4785 te;
418 4737 438 4771 ι
464 4717 567 4772 hoc
593 4723 699 4781 est,
731 4731 797 4770 ex
834 4714 939 4769 tuis
965 4713 1223 4770 militibus
1263 4733 1282 4765 ι
1329 4729 1647 4771 ascensores
1684 4732 1774 4772 eo-

1795 3319 1842 3383 C

1799 4679 1853 4739 D

1863 2223 2194 2294 arrogantia.

1937 2334 1955 2366 ι
1991 2313 2109 2371 Non
2154 2314 2378 2371 seducat
2423 2331 2521 2372 vos
2568 2317 2846 2383 Ezechias,
2908 2318 3034 2388 quia
3077 2335 3186 2376 non
3244 2322 3444 2392 poterit

1861 2417 2053 2460 eruere
2114 2418 2244 2470 vos,
2302 2422 2322 2456 ι
2381 2403 2716 2476 blasphemia
2762 2407 3021 2478 Rapsacis
3077 2411 3442 2469 testimonium

1864 2494 2114 2550 Ezechiae
2148 2504 2264 2562 est,
2307 2498 2452 2567 quod
2499 2499 2673 2569 captis
2716 2501 2928 2556 cunctis
2973 2499 3171 2559 Judaaaa
3218 2505 3444 2563 urbibus

1863 2588 2100 2643 confisus
2136 2588 2191 2642 in
2220 2589 2448 2646 Domino
2493 2592 2583 2646 sit.
2621 2590 2883 2650 Audierat
2914 2595 3057 2652 enim
3089 2596 3180 2651 ille
3203 2599 3442 2669 perfidus

1863 2681 2007 2751 quod
2032 2680 2392 2738 confortasset
2430 2682 2694 2741 Ezechias
2724 2687 2982 2757 populum
3014 2689 3248 2758 Domini,
3285 2708 3353 2749 nc
3378 2693 3444 2748 ti-

1865 2783 2040 2830 meret
2075 2789 2107 2827 a
2140 2773 2276 2829 facie
2317 2775 2664 2846 Assyriorum
2710 2779 2895 2834 dicens
2934 2797 2946 2834 :
2981 2779 3160 2838 Nolite
3199 2791 3442 2839 metuere

1865 2884 2043 2940 neque
2075 2869 2337 2938 paveatis,
2371 2869 2539 2925 multo
2581 2871 2726 2926 enim
2767 2872 2954 2943 plures
2991 2883 3120 2929 sunt
3158 2875 3440 2932 nobiscum

1866 2975 2029 3029 quam
2068 2976 2189 3016 cum
2229 2961 2366 3044 illis,
2392 2961 2527 3018 Cum
2571 2963 2678 3020 illis
2714 2972 2798 3020 est
2839 2964 3123 3021 brachium
3163 2981 3444 3037 carneum,

1866 3052 2146 3108 nobiscum
2178 3063 2358 3109 autem
2389 3053 2651 3110 Dominus
2678 3055 2822 3112 Dens
2850 3067 3053 3124 noster,
3097 3059 3188 3129 qui
3223 3059 3448 3116 auxilia-

1866 3153 1954 3201 tor
1974 3146 2080 3202 erit
2107 3147 2281 3202 nostri
2315 3155 2372 3202 et
2404 3148 2665 3219 pugnabit
2692 3164 2792 3220 pro
2823 3151 3000 3207 nobis.
3037 3151 3135 3208 His
3169 3160 3224 3209 et
3256 3154 3444 3227 hujus-

1869 3239 2080 3294 cemodi
2105 3239 2286 3295 verbis
2307 3241 2645 3296 confortatus
2675 3251 2761 3297 est
2777 3244 3024 3314 papulas.

1949 3349 1967 3381 ‹
1997 3327 2183 3384 Facite
2211 3329 2367 3384 nobis
2411 3330 2869 3399 benedictionem,
2896 3352 2914 3383 ι
2951 3334 3054 3389 hoc
3083 3345 3186 3401 est,
3229 3337 3447 3396 laudate

1867 3434 1976 3486 me,
2000 3419 2315 3475 benedicete
2348 3435 2454 3475 me.
2481 3419 2598 3487 Vel,
2629 3429 2688 3476 ut
2721 3423 2778 3477 in
2799 3423 2906 3478 alia
2925 3423 3161 3482 editione
3189 3427 3442 3497 habetur,

1868 3511 2028 3568 facite
2074 3513 2220 3584 quod
2259 3514 2414 3570 vobis
2440 3514 2569 3570 utile
2602 3523 2714 3581 est,
2749 3527 2810 3572 ut
2849 3534 2937 3574 me
2981 3520 3306 3592 recipientes
3339 3540 3446 3596 pax

1867 3605 2020 3661 vobis
2047 3615 2344 3662 remaneat.
2404 3624 2424 3658 ι
2466 3607 2534 3661 Et
2579 3608 2845 3665 comedite
2892 3613 3260 3686 unusquisque
3307 3617 3448 3673 bona

1871 3705 2029 3754 terrae
2049 3707 2243 3786 vestrae
2269 3714 2393 3754 cum
2414 3699 2726 3768 securitate,
2751 3703 2923 3760 donec
2947 3707 3180 3775 veniam,
3211 3727 3230 3761 ι
3254 3709 3449 3766 subau-

1870 3790 1975 3857 dis,
2009 3789 2076 3846 de
2103 3788 2339 3863 Egypto
2368 3807 2475 3862 quo
2499 3792 2774 3849 decretum
2804 3795 2978 3852 habeo
3020 3797 3121 3854 ire.

1946 3908 1964 3941 ι
1996 3889 2063 3944 Ει
2086 3888 2268 3944 tollam
2289 3905 2386 3945 vos
2407 3889 2475 3944 ad
2497 3898 2836 3963 terram-quae
2855 3900 2938 3949 est
2957 3901 3017 3948 ut
3041 3902 3186 3950 terra
3206 3907 3405 3954 vestra.
3427 3917 3445 3952 ι

1870 3979 1989 4036 Non
2027 3980 2159 4036 dicit
2182 3994 2379 4036 nomen
2418 3981 2657 4052 regionis
2685 3998 2847 4054 quam
2892 3984 2972 4040 eis
3003 3987 3292 4056 promittit,
3324 3990 3450 4060 quia

1870 4072 2134 4144 aequalem
2158 4080 2318 4128 terra:
2345 4073 2782 4143 repromissionis
2809 4074 3054 4132 invenire
3084 4093 3190 4134 non
3215 4087 3450 4150 poterat,

1871 4166 1969 4222 sed
2013 4165 2420 4222 similitudinem
2446 4164 2752 4235 pollicetur.
2801 4166 3000 4224 Beatus
3035 4175 3212 4226 tamen
3263 4171 3452 4230 Hiero-

1871 4273 2065 4328 nymus
2094 4256 2255 4322 dicit,
2290 4266 2490 4312 terram
2513 4257 2787 4314 Medorum
2825 4259 3235 4318 similitudinem
3263 4279 3452 4334 quam-

1873 4350 1996 4405 dam
2024 4349 2225 4404 hahere
2258 4356 2418 4404 terrae
2446 4350 2885 4419 repromissionis
2910 4352 2966 4405 in
2995 4353 3144 4409 cultu
3169 4363 3225 4410 et
3248 4356 3378 4424 situ,
3399 4364 3455 4414 et

1872 4457 1979 4497 non
1998 4449 2082 4497 est
2101 4440 2320 4495 dubitnn
2347 4439 2478 4510 quin
2507 4440 2654 4495 illam
2677 4441 2756 4496 eis
2783 4441 3111 4512 promiserit.

1957 4553 1975 4585 ι
2014 4533 2114 4590 Ubi
2141 4540 2223 4588 est
2260 4532 2403 4588 Deus
2425 4532 2637 4596 Ematb,
2686 4540 2741 4588 et
2788 4533 3023 4604 Ephatb,
3071 4535 3162 4593 ubi
3198 4546 3284 4593 est
3311 4539 3453 4597 Deus

1877 4626 2026 4683 urbis
2074 4624 2468 4696 Sepharvaim?
2515 4645 2534 4678 ι
2582 4624 2852 4682 Subaudis
2900 4628 3119 4683 contriti
3162 4639 3308 4687 sunt.
3362 4632 3456 4688 Hae

1877 4718 2124 4775 civitates
2181 4717 2423 4772 diversos
2457 4717 2598 4772 Deos
2637 4716 2876 4772 colentes
2922 4718 3223 4788 perierunt.
3274 4721 3353 4779 Ac
3409 4725 3455 4780 si

199 4826 340 4867 rum.
382 4831 400 4862 ι
433 4809 512 4865 Ex
533 4822 764 4879 persona
787 4806 928 4877 regis
953 4806 1058 4860 ista
1083 4805 1315 4861 dicebat.
1347 4805 1464 4861 Non
1505 4807 1572 4862 de
1606 4808 1776 4864 imbe-
1877 4808 2083 4863 diceret
2119 4806 2240 4863 aliis
2273 4807 2453 4863 verbis
2486 4825 2498 4860 :
2534 4807 2593 4862 Si
2622 4807 2774 4862 multi
2806 4808 2880 4862 dii
2918 4824 3025 4864 non
3053 4821 3346 4881 potuerunt
3373 4831 3458 4871 re-

201 4905 423 4961 cillitate
468 4903 620 4960 venit
671 4900 868 4972 populo
909 4898 1217 4954 Judaeorum
1265 4898 1542 4969 equitandi
1585 4915 1774 4958 carere
1871 4900 2068 4956 sistere
2097 4900 2253 4962 mihi,
2278 4915 2420 4956 unus
2449 4899 2590 4954 Deus
2617 4900 2850 4970 poterit?
2871 4900 2952 4956 Ex
2977 4901 3080 4958 hoc
3114 4913 3294 4961 autem
3314 4907 3456 4976 quod

204 4997 452 5061 scientia,
484 4995 577 5051 sed
606 4995 672 5049 de
706 4991 1083 5048 observatione
1123 4990 1496 5045 mandatorum
1526 4990 1654 5059 Dei,
1683 4992 1775 5062 qui
1875 4994 2006 5050 dicit
2054 5014 2072 5046 ι
2121 4992 2362 5064 nunquid
2416 4991 2783 5050 liberaverunt
2837 4993 3142 5052 Samariam
3182 4999 3248 5054 de
3292 5014 3456 5054 manu

202 5105 300 5164 per
323 5088 505 5144 Mosen
525 5101 686 5158 super
702 5098 882 5156 regem
910 5081 1074 5138 lsrael
1091 5081 1347 5152 praecepit
1384 5081 1570 5138 dicens
1603 5100 1618 5136 :
1656 5082 1774 5140 Non
1875 5090 2028 5146 mea?
2069 5109 2088 5142 ι
2121 5087 2435 5146 Ostenditur
2472 5089 2657 5145 decem
2690 5090 2881 5156 tribus,
2931 5091 2986 5145 in
3012 5104 3243 5161 quarum
3277 5095 3455 5151 medio

205 5179 584 5250 multiplicabit
627 5174 728 5233 sibi
780 5190 949 5246 equos
994 5181 1050 5230 et
1085 5163 1299 5238 currus,
1350 5187 1527 5242 neque
1582 5189 1783 5231 uxores

204 5272 464 5345 plurimas
493 5268 668 5342 (Deut.
693 5265 827 5336 xvn)
865 5285 878 5319 :
909 5265 1052 5337 quod
1079 5264 1204 5334 quia
1245 5263 1500 5320 Salomon
1530 5266 1660 5336 egit,
1701 5266 1784 5321 in-

207 5365 343 5420 cidit
364 5366 420 5418 in
444 5362 580 5416 iram
602 5358 836 5414 Domini.
865 5356 1086 5412 Poterat
1114 5356 1258 5410 enim
1295 5355 1555 5411 Ezechias
1584 5356 1784 5413 habere

209 5471 400 5512 currus
427 5462 484 5510 et
505 5466 694 5525 equos,
721 5450 816 5506 sed
841 5449 912 5506 ob
931 5449 1074 5505 hanc
1102 5463 1321 5505 causam
1352 5447 1554 5516 omisit,
1588 5448 1784 5505 timens

209 5555 449 5612 incidere
478 5554 533 5609 in
560 5558 860 5624 peccatum.

287 5666 306 5698 ι
344 5645 413 5702 Et
451 5660 614 5710 nune,
664 5662 682 5695 ι
723 5641 777 5698 id
824 5646 942 5706 est,
982 5657 1000 5689 ι
1036 5637 1276 5708 nunquid
1323 5635 1482 5692 modo
1528 5635 1647 5693 sine
1671 5635 1782 5693 Do-

210 5740 360 5798 mino
406 5760 423 5791 ι
483 5740 585 5795 hoc
630 5745 732 5802 est,
773 5735 890 5790 sine
939 5731 1094 5803 jussu
1131 5739 1188 5787 et
1233 5730 1506 5788 voluntate
1545 5730 1783 5795 Domini,

218 5852 237 5888 ι
272 5831 524 5889 ascendi?
556 5850 573 5883 ν

289 5941 306 5974 ε
326 5915 570 5996 Loquere
586 5923 652 5980 ad
671 5934 855 5980 servos
879 5928 999 5977 tuos
1020 5918 1155 5990 Syra
1177 5917 1406 5990 lingua,s
1431 5917 1483 5976 id
1508 5926 1608 5986 est,
1625 5917 1786 5974 Chal-

1885 5188 2005 5236 erat
2028 5179 2156 5235 urbs
2183 5178 2402 5250 regalis,
2434 5179 2629 5236 multos
2661 5180 2798 5237 Deos
2819 5181 3049 5237 coluisse
3079 5191 3369 5256 antequam
3397 5186 3452 5243 in

1886 5270 2253 5342 captivitatem
2283 5269 2631 5338 ducerentur,
2663 5282 2717 5326 et
2737 5272 2857 5328 ideo
2876 5272 3174 5342 perierunt.

1963 5381 1981 5414 (
2023 5359 2093 5416 Et
2121 5360 2389 5416 siluerunt
2425 5370 2480 5416 et
2505 5379 2611 5418 non
2642 5363 3035 5433 responderunt
3064 5364 3114 5419 ei
3142 5364 3388 5421 verbum.
3423 5387 3444 5424 ι
3490 5391 3505 5418 σ

1886 5453 2067 5522 Quare
2092 5467 2200 5507 non
2229 5453 2642 5522 responderunt,
2682 5451 3057 5509 manifestatur
3083 5469 3208 5510 cum
3229 5453 3454 5524 subjun-

1884 5544 2050 5616 gitur.
2090 5563 2110 5595 ι
2140 5543 2489 5600 Mandaverat
2523 5545 2668 5600 enim
2696 5544 2777 5601 eis
2813 5559 2931 5612 rex,
2966 5545 3044 5600 Ne
3085 5547 3455 5618 respondeatis

1887 5636 1959 5691 ei.
1995 5655 2015 5688 ι
2051 5634 2143 5691 Vel
2183 5635 2350 5690 etiam
2375 5635 2496 5692 ideo
2530 5650 2638 5691 non
2677 5637 3089 5708 responderunt,
3114 5637 3240 5707 quia
3275 5652 3454 5694 recor-

1888 5727 1996 5785 dati
2042 5736 2166 5784 sunt
2213 5727 2342 5784 illud
2401 5727 2702 5783 Salomonis
2751 5745 2764 5781 :
2806 5727 2882 5784 Ne
2922 5729 3246 5800 respondeas
3292 5727 3456 5784 stulto

1884 5823 2036 5895 juxta
2079 5821 2364 5878 stultitiam
2405 5837 2576 5889 suam,
2608 5836 2677 5877 ne
2697 5822 2932 5878 videaris
2956 5822 3073 5892 ejus
3117 5838 3238 5879 esse
3265 5823 3457 5880 similis

1891 5915 2074 5988 (Prov.
2135 5916 2303 5988 xxvi).
2345 5918 2409 5973 Et
2459 5916 2585 5973 illud
2638 5930 2650 5970 :
2704 5915 2778 5973 Ne
2831 5917 3126 5974 succendas
3174 5917 3482 5975 carbonem
