3918 6488
479 441 584 500 899

947 439 1301 498 navuoms
1339 441 1815 497 HALBERSTAT.
1859 441 2074 498 EPISC.
2115 439 2264 498 ore.
2305 441 2484 550 rens
2523 441 2562 498 L
2598 407 2668 484 4-
2697 441 3054 502 couunu'r.
3093 441 3260 496 BIBL.

479 550 684 606 Idcirco
715 548 884 603 etiam
914 563 1021 603 non
1053 551 1447 618 responderunt
1469 550 1538 614 ei,
1575 565 1646 604 ne
1669 549 1818 604 illum
1840 551 1904 602 ad
1943 565 2057 604 ma—
2085 557 2134 616 Α
2161 554 2210 608 ei
2239 548 2508 608 nuntium.
2539 573 2558 608 ι
2595 554 2652 610 In
2677 556 3132 626 subsequentibus
3160 554 3486 620 videbimus,
3529 555 3678 626 quia
3703 559 3774 612 de

473 641 646 711 jorem
689 641 1074 710 blasphemiam
1117 651 1474 710 provocarent
1510 649 1700 696 contra
1747 641 2058 708 Dominum,

479 745 534 790 et
557 749 658 790 nec
679 745 940 790 terrorem
967 734 1079 788 suis
1105 734 1285 789 verbis
1309 732 1538 788 inferret
1567 733 1766 803 pepqu
1799 733 1916 789 hac
1959 749 2059 788 au-

483 826 670 882 dienti.

555 939 576 971 ι
627 920 693 974 Et
737 918 964 989 ingressi
1015 925 1142 973 sunt
1177 917 1362 972 scissis
1401 917 1644 972 vestibus
1675 917 1742 972 ad
1791 932 1992 988 regem.
2035 937 2053 970 ι

481 1011 822 1068 Consuetudo
851 1019 968 1066 erat
995 1011 1136 1064 illius
1164 1009 1366 1080 populi,
1407 1019 1470 1063 ut
1517 1009 1562 1063 si
1597 1009 1812 1078 quando
1853 1009 2064 1064 audiret

479 1103 868 1173 blasphemiam
934 1111 1120 1157 contra
1181 1102 1466 1156 Dominum
1495 1141 1510 1164 ,
1567 1099 1839 1154 scinderet
1895 1099 2062 1154 vesti-

479 1205 662 1252 menta
687 1212 804 1250 sua.
853 1195 943 1250 Sic
981 1196 1206 1266 legimus
1253 1194 1446 1250 fecisse
1483 1193 1780 1262 principem
1811 1195 2060 1248 sacerdo-

482 1296 596 1342 tum
619 1289 836 1358 quando
861 1287 1118 1342 Dominus
1141 1287 1276 1342 dixit
1299 1305 1312 1340 :
1347 1305 1365 1338 ι
1387 1285 1592 1340 Amodo
1615 1285 1866 1340 videbitis
1894 1286 2062 1340 lilium

477 1379 716 1434 hominis
753 1380 1056 1436 venientem
1097 1379 1148 1432 in
1191 1379 1424 1434 nubibus
1453 1376 1670 1446 (Matth.
1708 1379 1878 1448 xxvr).
1917 1397 1936 1429 ι
1971 1377 2064 1432 Sic

479 1467 724 1526 fecerunt
743 1471 906 1524 etiam
931 1470 1134 1526 Paulus
1155 1477 1210 1524 el.
1235 1469 1512 1524 Barnabas
1533 1469 1822 1534 Licaoniz‘e,
1851 1471 2064 1538 quando

479 1559 556 1614 illi
585 1561 876 1617 olIerentes
905 1561 956 1616 ei
988 1576 1216 1616 coronas
1249 1561 1480 1616 adorare
1511 1560 1766 1616 volebant
1801 1569 1858 1614 ut
1893 1560 2062 1616 Deum

480 1651 620 1721 (Act.
645 1651 780 1722 xiv).

1011 1720 1236 1778 CAPUT
1276 1719 1536 1776 XXXVII.

558 1848 576 1880 ι
615 1828 681 1883 Ει
705 1828 905 1883 factum
943 1839 1048 1896 est,
1084 1847 1208 1886 cum
1234 1832 1474 1886 audisset
1500 1847 1596 1886 rex
1617 1831 1878 1886 Ezechias
1896 1833 2062 1888 verba

2163 645 2408 702 Taracha
2433 661 2560 715 rege
2597 647 2912 718 IEthiopum
2941 648 3096 702 dixit.

2239 755 2256 788 ε
2287 737 2558 794 Reversus
2581 747 2666 796 est
2693 749 2872 794 autem
2898 740 3190 810 Rapsaces.
3219 759 3236 790 ι
3259 738 3492 794 Domino
3525 739 3768 807 permit-

2165 839 2310 886 tente
2330 832 2498 896 venit,
2527 839 2584 886 et
2609 833 2702 886 illo
2735 833 3081 902 praecipiente
3119 833 3346 888 recessit
3389 853 3407 884 ι
3443 832 3522 886 Et
3553 832 3768 888 invenit

2164 937 2344 992 regem
2385 937 2542 976 suum
2563 923 2896 992 prteliantem
2931 925 3192 978 adversus
3221 924 3496 988 Lobnam,
3529 939 3764 993 supera-

2165 1019 2217 1066 ta
2247 1011 2358 1080 jam
2387 1011 2604 1068 Lachis.
2641 1033 2658 1064 ι
2695 1013 2882 1068 Lobna
2907 1013 3100 1069 civitas
3137 1013 3236 1068 fuit
3257 1011 3484 1068 Iudam.
3531 1011 3688 1066 Nam
3711 1014 3760 1068 in

2163 1101 2359 1160 Lachis
2396 1105 2656 1160 creditum
2695 1119 2834 1170 esse,
2887 1106 3028 1160 unde
3071 1106 3272 1160 missus
3303 1104 3494 1160 fuerat
3531 1105 3614 1158 ad
3637 1103 3761 1160 Bie-

2164 1194 2400 1248 rusalem
2440 1212 2452 1248 :
2491 1194 2584 1250 sed
2623 1195 2740 1266 jam
2781 1203 3080 1252 recesserat
3121 1196 3246 1252 inde
3289 1205 3644 1266 secutusque
3677 1205 3758 1250 est

2165 1299 2286 1340 eum
2317 1285 2370 1340 in
2393 1285 2654 1342 Lobnam.
2829 1339 2836 1344 .

2241 1395 2260 1428 ί
2296 1375 2364 1430 Ει
2389 1376 2592 1432 audivit
2623 1377 2994 1434 Sennacherib
3021 1379 3088 1436 de
3117 1378 3361 1432 Taraeha
3393 1393 3560 1450 rege.
3601 1397 3624 1432 ι
3655 1377 3752 1434 Iste

2165 1477 2250 1528 est
2275 1471 2496 1526 nuntius
2525 1472 2592 1526 de
2611 1487 2720 1542 quo
2745 1472 2948 1528 dictum
2970 1481 3055 1526 est
3083 1471 3348 1542 superius.

2241 1583 2261 1616 ι
2297 1563 2436 1620 Ecce
2473 1573 2530 1618 tu
2559 1565 2756 1628 audisti
2787 1565 2967 1620 omnia
2995 1579 3116 1632 qua:
3135 1563 3380 1618 fecerunt
3403 1577 3580 1633 reges
3597 1563 3748 1632 Assy-

2163 1655 2372 1711 riorum
2409 1676 2426 1708 ι
2461 1664 2643 1724 patres
2685 1656 2812 1720 mei,
2859 1657 2954 1725 qui
3005 1655 3204 1710 multas
3247 1655 3358 1710 Deo
3397 1655 3746 1724 perasiittente

2166 1755 2514 1802 vastaverunt
2543 1747 2810 1816 regiones,
2844 1765 2864 1798 ι
2885 1745 3084 1810 Bozan,
3111 1754 3166 1800 et
3180 1745 3346 1808 Aran,
3371 1751 3430 1798 et
3465 1759 3631 1813 reges
3653 1745 3740 1796 As-

2167 1839 2434 1908 syriorum
2473 1857 2492 1888 ι
2537 1837 2758 1891 fuerunt
2789 1836 3168 1907 potentissimi,
3197 1853 3216 1888 ι
3245 1845 3300 1890 et
3329 1834 3482 1888 ﬁlios
3513 1834 3682 1896 Eden,
3719 1855 3734 1886 ι

480 1921 605 1988 ista,
635 1922 793 1978 scidit
829 1923 1152 1978 vestimenta
1199 1932 1254 1979 et
1291 1923 1573 1978 obvolutus
1603 1933 1687 1979 est
1717 1939 1910 1988 sacco,
1951 1945 1969 1976 ι
2011 1925 2061 1979 id

2182 1929 2424 1984 subaudis
2449 1929 2846 1984 subverterunt.
2879 1928 3026 1982 Eden
3055 1927 3204 1996 regio
3227 1933 3312 1982 est
3347 1926 3610 1980 orientis.
3637 1926 3736 1980 Ana

480 2023 584 2082 est,
615 2030 712 2084 pro
745 2031 982 2086 purpura
1007 2017 1204 2072 vilibus
1229 2018 1588 2084 vestimentis,
1627 2037 1646 2070 ‹
1683 2025 1737 2074 et
1763 2018 1983 2073 intravit
2009 2020 2064 2074 in

480 2109 696 2163 domum
733 2107 966 2162 Domini.
1005 2129 1024 2162 ο
1053 2110 1134 2164 Illi
1159 2110 1436 2166 sciderunt
1471 2113 1790 2166 vestimenta
1823 2129 1918 2166 sua
1943 2128 2060 2181 pro-

479 2207 601 2270 pter
629 2199 1022 2268 hlasphemiam
1047 2217 1208 2271 quam
1236 2203 1522 2258 audierunt
1546 2222 1558 2257 :
1591 2205 1692 2260 isle
1715 2207 1804 2275 qui
1831 2205 2068 2275 peccatis

480 2295 594 2350 suis
631 2293 1048 2364 impedientibus
1089 2294 1358 2363 reputavit
1399 2295 1738 2352 obsidionem
1787 2307 1842 2352 et
1879 2307 2063 2352 vasta—

481 2387 680 2442 tionem
705 2386 944 2442 evenire.

557 2497 573 2529 ε
603 2477 731 2534 Ilaec
757 2479 889 2534 dicit
925 2478 1206 2534 Ezechias.
1244 2499 1263 2530 ι
1301 2477 1420 2534 Non
1445 2479 1614 2534 dicit:
1643 2480 1760 2534 hare
1793 2481 1924 2535 dicit
1967 2497 2063 2536 rex

478 2569 760 2634 Ezechias,
783 2570 878 2628 sed
905 2569 1278 2626 tantummodo
1299 2585 1422 2624 cum
1449 2571 1756 2624 humilitate
1795 2571 2018 2640 protulit
2047 2586 2060 2624 :

479 2660 594 2714 haec
635 2661 768 2716 dicit
791 2660 1074 2716 Ezechias.
1112 2681 1130 2712 ι
1161 2661 1287 2718 Dies
1323 2661 1709 2726 tribulationis,
1755 2681 1773 2713 ι
1809 2663 2066 2717 subaudis

479 2752 676 2818 nostri,
709 2771 727 2804 ι
756 2761 810 2808 et
839 2753 1198 2822 correptionis
1239 2753 1336 2808 Dei
1381 2761 1436 2808 et
1473 2753 1852 2822 blasphemiae,
1904 2773 1920 2804 ι
1961 2754 2064 2808 1ιο-

480 2847 644 2901 stium
679 2863 696 2896 ι
735 2845 848 2900 dies
871 2845 1006 2900 haec.
1039 2845 1176 2912 Quia
1203 2854 1466 2900 venerunt
1509 2845 1604 2898 lilii
1635 2860 1804 2914 usque
1845 2845 1912 2900 ad
1941 2861 2064 2915 par-

481 2949 614 3006 tum,
639 2949 694 2996 et
729 2940 902 2996 virtus
931 2956 1040 2998 non
1079 2949 1163 2996 est
1205 2939 1450 3008 pariendi
1481 2956 1492 2992 :
1541 2938 1586 2992 si
1623 2939 1912 3006 quomodo,
1953 2957 1972 2988 ι
2007 2937 2062 2991 id

479 3043 561 3090 est
588 3035 837 3090 fortassis
870 3054 887 3085 ι
925 3035 1107 3092 audiat
1153 3033 1412 3088 Dominus
1457 3032 1600 3086 Deus
1645 3041 1786 3086 tuus.
1829 3051 1845 3082 ι
1881 3031 1948 3084 Et
1982 3039 2066 3085 est

480 3147 720 3186 sensus:
769 3128 921 3183 Sicut
961 3127 1155 3184 mulier
1203 3137 1446 3196 tempore
1503 3124 1880 3195 parturitionis
1938 3139 2062 3178 cum

480 3225 669 3296 nequit
693 3224 940 3278 emittere
983 3231 1216 3290 partum,
1259 3229 1576 3291 angustatur
1606 3233 1800 3275 carens
1833 3218 2062 3274 consilio

2169 2033 2222 2079 et
2247 2023 2360 2078 Ara
2382 2032 2571 2092 gentes
2598 2022 2684 2076 vel
2725 2022 2974 2076 civitates
2997 2019 3366 2076 nobilissimae.

2244 2135 2262 2166 ι
2295 2115 2362 2168 Ει
2395 2115 2516 2168 tulit
2551 2113 2811 2168 Ezechias
2851 2113 3037 2176 libros,
3077 2131 3096 2162 ι
3147 2110 3200 2166 id
3237 2119 3355 2176 est,
3393 2111 3588 2182 epulas
3617 2125 3728 2183 quas

2167 2207 2392 2262 miserat
2416 2208 2484 2262 ad
2514 2221 2638 2262 eum
2667 2205 3055 2262 Sennacherib.

2243 2319 2262 2352 ι
2283 2298 2350 2354 Et
2369 2299 2614 2354 ascendit
2643 2299 2696 2352 in
2720 2300 2934 2354 domum
2957 2296 3195 2362 Domini,
3221 2303 3276 2350 et
3295 2295 3480 2350 oravit
3497 2295 3690 2350 dicens.
3705 2313 3726 2346 ι

2165 2392 2290 2448 Ideo
2321 2392 2518 2446 dicitur
2545 2391 2854 2446 ascendisse
2891 2389 2946 2444 in
2985 2390 3200 2444 domum
3243 2386 3486 2448 Domini,
3525 2387 3638 2456 quia
3669 2385 3720 2438 ir.-

2167 2482 2536 2553 superioribus
2570 2489 2706 2535 erat.
2754 2479 2996 2536 Primum
3041 2477 3260 2548 quando
3295 2478 3530 2532 ascendit
3561 2477 3606 2530 in
3627 2475 3714 2528 do~

2167 2589 2314 2628 mum
2339 2573 2554 2628 Domini
2593 2572 2760 2628 scissa
2797 2579 2968 2634 veste,
2997 2569 3222 2625 obsessa
3253 2569 3498 2630 civitate,
3527 2583 3622 2622 non
3653 2567 3722 2620 le-

2167 2664 2342 2734 gimus
2368 2678 2488 2718 eum
2517 2676 2704 2716 orasse
2733 2661 3040 2724 Dominum,
3085 2659 3214 2728 quia
3255 2669 3479 2729 propter
3525 2666 3730 2728 pecmta

2167 2772 2263 2814 sua
2303 2755 2587 2825 reputabat
2635 2755 2738 2810 hoc
2779 2753 3016 2808 evenire.
3057 2751 3180 2808 Iam
3227 2767 3358 2814 vero
3397 2751 3636 2810 securior
3677 2750 3732 2802 de

2169 2845 2488 2902 liberatione
2517 2853 2658 2908 orat,
2685 2845 2870 2900 dicens
2895 2858 2909 2898 :

2245 2957 2264 2988 ι
2299 2938 2522 2994 Domine
2553 2937 2890 2994 exercituum
2927 2936 3022 3006 qui
3065 2951 3127 2992 es
3157 2936 3418 2992 Dominus
3444 2933 3683 2996 omnium
3711 2951 3728 2982 ι

2168 3044 2222 3089 et
2253 3033 2566 3102 angelorum
2595 3042 2650 3090 et
2683 3033 2986 3096 hominum,
3019 3050 3038 3082 ‹
3075 3031 3268 3086 inclina
3304 3045 3488 3086 aurem
3519 3040 3664 3092 tuam
3685 3034 3736 3081 ct

2167 3127 2314 3190 audi,
2341 3125 2492 3194 aperi
2523 3123 2708 3178 oculos
2741 3133 2861 3178 tuos
2901 3132 2958 3180 et
2995 3123 3134 3188 vide,
3167 3131 3222 3176 et
3253 3121 3482 3176 vindica.
3521 3139 3540 3172 ι
3583 3119 3736 3178 Incli-

2167 3234 2298 3274 nare
2321 3217 2520 3272 dicitur
2551 3217 2690 3270 Deus
2717 3215 3055 3286 omnipotens
3096 3229 3300 3278 aurem,
3335 3212 3546 3282 quando
3564 3227 3736 3264 exau-

479 3319 608 3389 quid
647 3318 826 3372 facere
866 3315 1034 3385 possit
1068 3334 1080 3367 :
1123 3314 1202 3370 sic
1229 3329 1328 3369 nos
1370 3315 1530 3368 modo
1573 3313 1780 3368 obsessi
1827 3313 2062 3381 undique
2091 3296 2134 3358 Ο
2167 3310 2244 3364 dit
2275 3316 2516 3364 orantes.
2547 3307 2614 3362 Et
2654 3306 2864 3377 aperire
2903 3305 3090 3362 oculos
3133 3303 3334 3366 dicitur,
3371 3301 3581 3371 quando
3621 3299 3728 3352 mi-

479 3410 790 3478 ignoramus
841 3406 970 3476 quid
1027 3421 1188 3475 agere
1241 3397 1566 3460 debeamus.
1599 3404 1694 3458 Vel
1743 3405 1906 3458 etiam
1959 3403 2066 3458 alio

482 3500 680 3554 modo:
712 3497 836 3552 Filii
875 3497 1046 3550 nostri
1077 3496 1304 3551 consilia
1345 3503 1473 3550 sunt
1517 3503 1721 3560 nostra,
1750 3504 1804 3548 et
1849 3494 2066 3562 quando

479 3588 815 3657 concipimus
843 3587 1130 3644 consilium
1151 3595 1205 3640 et
1232 3585 1362 3640 illud
1389 3599 1552 3653 opere
1575 3600 1682 3639 non
1713 3583 1954 3638 valemus
1975 3583 2068 3636 ad—

480 3679 726 3749 implere,
751 3678 1378 3749 graviterangustiamur
1403 3695 1415 3730 :
1451 3677 1530 3732 sic
1561 3676 1634 3730 illi
1665 3676 1946 3730 consilium
1975 3690 2068 3743 pa-

477 3770 710 3836 riebant,
741 3771 836 3826 sed
867 3785 1030 3840 opere
1061 3769 1286 3838 implere
1311 3768 1533 3822 minime
1562 3766 1832 3822 valebant.
1873 3786 1888 3818 ι
1923 3765 2066 3822 Leva

476 3877 606 3934 ergo
634 3862 938 3918 orationem
969 3861 1037 3914 ad
1067 3859 1353 3914 Dominum
1403 3859 1570 3912 Deum
1606 3867 1758 3912 tuum
1801 3872 1900 3927 pro
1942 3856 2067 3910 reli-

483 3953 646 4022 quiis,
690 3968 810 4024 qua:
841 3959 1072 4019 reperta:
1113 3957 1240 4004 sunt
1283 3957 1492 4016 tantum
1547 3949 1598 4001 in
1645 3947 2002 4002 Hierusalem.
2041 3965 2060 3998 ι

413 4063 422 4070 ί
475 4045 594 4101 Jam
624 4044 766 4100 enim
789 4037 982 4098 'decem
1015 4042 1186 4096 tribus
1212 4041 1386 4096 ducta:
1411 4039 1640 4094 erantin
1675 4040 2064 4108 mptivitatem,

476 4143 532 4190 et
558 4149 746 4189 omnes
775 4135 1024 4186 civitates
1059 4130 1209 4186 Judm
1247 4141 1300 4184 et
1333 4129 1612 4198 Beniamin
1655 4138 1898 4186 vastatio.
1935 4129 2066 4186 Pars

475 4230 640 4282 etiam
677 4225 904 4280 inferior
949 4224 1182 4280 civitatis
1205 4224 1400 4278 tradita
1433 4223 1608 4278 fuerat
1651 4225 1704 4278 in
1747 4239 1940 4278 manus
1973 4224 2067 4280 ho-

477 4305 638 4375 stium
664 4336 761 4390 per
799 4334 1018 4374 manum
1057 4316 1250 4374 Sobria:
1291 4317 1594 4386 impiissimi
1635 4316 1940 4386 pontiﬁcis,
1971 4317 2064 4386 qui

471 4411 586 4482 jam
610 4410 944 4466 sacerdotale
969 4407 1202 4464 cilicium
1245 4409 1625 4477 compleverat.
1669 4408 1899 4476 Ideoque
1931 4409 2065 4464 dicit

474 4517 576 4574 pro
607 4501 850 4570 reliquiis
879 4516 999 4570 quae
1034 4509 1262 4570 reperta:
1293 4507 1418 4554 sunt
1445 4518 1460 4554 τ.

550 4615 568 4648 ‹
607 4595 674 4650 Ει
715 4601 982 4648 venerunt
1019 4593 1164 4646 servi
1203 4592 1348 4662 regis
1391 4591 1638 4644 Ezechim
1681 4589 1748 4644 ad
1785 4589 2001 4646 Isaiam.
2035 4609 2054 4641 ι

473 4690 592 4745 Jam
623 4688 752 4743 dicti
795 4687 900 4740 viri
938 4686 1080 4740 servi
1126 4693 1404 4738 vocantur.
1461 4684 1664 4736 Revera
1694 4681 1838 4736 enim
1871 4697 2060 4736 omnes

475 4779 642 4834 duces
670 4776 808 4830 servi
842 4786 1120 4838 vocantur,
1160 4775 1402 4844 exceptis
1424 4772 1753 4828 consiliariis
1783 4773 1874 4841 qui
1897 4773 2056 4826 amici

477 4870 621 4942 regis
648 4875 930 4924 vocantur.
967 4867 1120 4924 Unde
1142 4883 1266 4924 cum
1317 4867 1508 4928 dicitm
1551 4883 1562 4920 :
1597 4866 1776 4933 Quare
1821 4881 1928 4921 non
1968 4864 2056 4920 isti

475 4977 598 5018 cum
625 4962 800 5016 amico
832 4961 965 5016 tuo?

550 5055 667 5108 “Et
696 5053 832 5108 dixit
853 5053 922 5108 ad
950 5067 1045 5108 eos
1067 5051 1250 5106 Isaias.
1290 5071 1307 5102 ι
1335 5049 1604 5104 Prmvenit
1628 5050 1890 5120 prepheta
1915 5064 2052 5104 nun-

476 5149 579 5202 tios
603 5147 767 5212 illius,
799 5146 924 5216 quia
965 5161 1061 5215 per
1094 5144 1340 5214 spiritum
1375 5159 1482 5213 quo
1521 5143 1698 5198 futura
1729 5141 2062 5214 praedicebat

475 5237 728 5308 cognovit
754 5237 882 5308 quid
919 5245 1096 5291 actum
1141 5245 1305 5300 esset,
1337 5235 1464 5304 quid
1513 5234 1789 5304 Rapsaces
1825 5234 2058 5300 dixerat,

473 5337 528 5384 et
567 5327 694 5398 quid
721 5329 768 5382 ei
795 5341 890 5382 rex
925 5327 1232 5382 mandabat.
1268 5345 1286 5376 ‹
1323 5325 1448 5380 Ilaec
1487 5326 1678 5382 dicetis
1711 5325 1939 5390 Domino
1966 5339 2056 5377 ve-

475 5429 610 5488 stro,
655 5441 674 5472 ι
723 5421 998 5484 subaudis,
1045 5437 1151 5476 non
1201 5436 1341 5476 meo.
1393 5439 1412 5470 ι
1463 5420 1590 5474 Haec
1641 5419 1773 5474 dicit
1801 5417 2060 5480 Dominus

474 5527 646 5566 meus.
679 5531 696 5564 ι
733 5512 894 5566 Pueri
916 5520 1184 5568 vocantur
1213 5512 1378 5570 duces
1407 5525 1592 5582 regum
1623 5510 1714 5579 qui
1743 5511 2056 5579 obsequun-

475 5608 562 5658 tur
589 5603 805 5673 regibus
831 5604 962 5658 suis.

549 5712 572 5746 ε
611 5695 752 5750 Ecce
795 5711 895 5766 ego
937 5696 1076 5752 dabo
1111 5697 1162 5751 ei
1201 5697 1452 5766 spiritum
1497 5714 1518 5748 ι
1565 5705 1622 5750 et
1657 5704 1961 5752 revertetur
1989 5697 2058 5752 ad

473 5795 674 5846 terram
708 5803 880 5852 suam,
923 5790 1022 5844 hoc
1049 5797 1150 5855 est,
1181 5791 1231 5843 in
1279 5788 1606 5854 Chaldaeum,
1639 5789 1776 5844 dabo
1817 5791 1864 5844 ei
1899 5791 2058 5860 spiri-

475 5891 572 5936 um
604 5895 710 5936 non
743 5890 990 5937 sanctum
1019 5885 1115 5938 sed
1145 5883 1462 5952 malignum,
1507 5901 1522 5933 ι
1562 5891 1612 5936 et
1646 5883 1830 5938 audire
1859 5884 2052 5940 faciam

2167 3409 2396 3456 seretur.

2247 3511 2263 3542 ‹
2309 3491 2376 3546 Ει
2405 3491 2668 3546 dederunt
2709 3489 2842 3546 deos
2881 3503 3068 3544 eorum
3109 3487 3240 3558 igni,
3277 3505 3298 3540 ι
3349 3485 3406 3542 id
3445 3493 3551 3550 est,
3595 3482 3738 3537 idola

2167 3591 2391 3654 propter
2414 3599 2530 3651 quin
2553 3585 2849 3652 perierunt,
2880 3599 2896 3630 ι
2923 3594 3027 3634 non
3053 3580 3196 3636 enim
3219 3587 3374 3636 erant
3395 3578 3488 3632 dii.
3513 3597 3532 3630 ι
3568 3577 3743 3645 Expo-

2171 3675 2250 3730 nit
2283 3689 2450 3743 quare
2481 3673 2760 3742 perierint.
2791 3671 3044 3742 Despexit
3069 3687 3162 3728 eos
3191 3670 3588 3734 Scnnacherib.

2253 3786 2270 3818 ι
2317 3765 2679 3822 Subsannavit
2725 3775 2805 3828 te,
2857 3785 2876 3816 ι
2925 3765 2974 3818 id
3020 3775 3102 3818 est
3143 3765 3334 3829 irrisit,
3365 3771 3416 3817 te
3445 3763 3604 3834 virgo
3643 3761 3744 3815 tilia

2172 3860 2324 3915 Sion.
2361 3877 2378 3910 ι
2421 3858 2549 3912 Post
2579 3865 2632 3912 te
2657 3868 2816 3926 (aput
2845 3858 3012 3914 movit
3037 3857 3152 3932 lilia
3185 3855 3548 3912 Hierusalem.
3587 3875 3606 3906 ι
3649 3854 3740 3908 Ρο-

2167 3952 2324 4023 pulus
2375 3949 2896 4020 Hicrosolymitanus
2951 3949 3068 4004 ideo
3111 3950 3266 4018 virgo
3309 3947 3644 4019 appellatur,
3691 3957 3742 4000 et

2168 4043 2301 4110 (ilia,
2355 4043 2480 4112 quia
2527 4042 2738 4096 cunctis
2779 4042 3026 4112 gentibus
3069 4042 3356 4098 simulacra
3393 4041 3740 4098 adorantihns

2167 4144 2509 4190 mortuorum
2541 4133 2840 4198 hominum,
2885 4134 2988 4188 iste
3023 4133 3365 4188 conservavit
3405 4131 3558 4186 solus
3585 4129 3742 4184 casti—

2167 4237 2332 4284 tatem
2363 4228 2634 4298 religionis
2667 4228 2784 4293 Dei,
2811 4237 2866 4284 et
2893 4227 3052 4280 [Illius
3091 4227 3180 4282 Dei
3205 4225 3428 4282 cultum.
3451 4225 3742 4296 Virginius

2166 4321 2439 4386 enimnon
2482 4321 2654 4376 solum
2701 4319 2965 4390 corporis,
3015 4335 3202 4372 verum
3243 4319 3404 4372 etiam
3447 4325 3507 4372 et
3555 4317 3741 4372 mentis

2167 4421 2266 4466 est.
2301 4411 2450 4466 Tunc
2489 4411 2734 4480 despexit
2769 4419 2822 4463 et
2863 4410 3032 4464 irrisit
3063 4409 3148 4463 ille
3175 4409 3402 4479 pepnlus
3435 4407 3739 4464 Sennache-

2166 4505 2249 4558 rib
2273 4512 2328 4558 et
2348 4503 2620 4574 Assyrios,
2645 4503 2859 4570 quando
2883 4501 3142 4556 Eliachim
3163 4509 3220 4558 et
3237 4501 3416 4556 caeteri
3439 4500 3594 4555 missi
3625 4501 3738 4554 Eze-

2166 4596 2302 4650 chiae
2341 4612 2446 4648 non
2495 4610 2520 4648 r
2541 4595 2887 4662 sponderunt
2915 4593 3118 4647 nuntiis
3147 4592 3308 4646 illius.
3343 4591 3540 4646 Postea
3567 4601 3736 4646 autem

2167 4687 2468 4743 interfectis
2510 4687 2766 4757 Assyriis,
2815 4695 2872 4738 et
2908 4686 3166 4740 redeunte
3212 4685 3584 4740 Senuacherib
3629 4700 3740 4740 eum

2167 4779 2490 4852 ignominia,
2535 4777 2825 4846 captivavit
2879 4776 2986 4830 lilia
3039 4777 3168 4832 Sion
3219 4777 3333 4834 sive
3381 4775 3741 4838 Hierusalem,

2165 4871 2546 4926 subsannando
2573 4879 2627 4924 et
2654 4869 3076 4924 inconculcando
3105 4870 3174 4924 ei.

2241 4983 2258 5014 ι
2303 4963 2400 5016 Cui
2447 4961 2776 5031 exprobasti,
2823 4969 2878 5015 et
2925 4976 3086 5030 quem
3131 4959 3544 5029 blasphemasti,
3583 4979 3604 5010 ι
3661 4972 3746 5028 per

2165 5074 2352 5115 servos
2382 5057 2535 5112 tuos?
2569 5056 2682 5112 Vox
2711 5055 2956 5112 Ezechiae
3003 5057 3101 5112 sub
3141 5056 3394 5112 irrisione
3433 5055 3504 5110 ad
3545 5053 3744 5108 Semia-

2165 5151 2372 5206 chcrib.
2410 5170 2426 5200 ι
2463 5149 2636 5218 Super
2664 5163 2824 5216 quem
2865 5147 3054 5202 levasti
3095 5147 3432 5204 altitudinem
3461 5145 3742 5200 oculorum

2165 5249 2380 5294 tuorum
2431 5240 2495 5292 ad
2539 5245 2785 5294 sanctum
2817 5237 3000 5299 Israel,
3043 5257 3061 5290 ι
3116 5238 3309 5300 idest,
3343 5243 3532 5292 contra
3577 5235 3742 5290 Deum

2163 5333 2606 5401 omnipotentem,
2641 5347 2750 5384 non
2782 5339 2968 5386 contra
3011 5345 3116 5386 me.
3155 5328 3268 5384 [Ioc
3305 5327 3526 5398 proprie
3561 5343 3746 5398 super-

2165 5427 2356 5482 borum
2378 5431 2481 5486 est,
2515 5431 2573 5476 ut
2603 5423 2890 5491 supercilia
2915 5422 3144 5492 erigant.

2243 5534 2258 5564 ε
2291 5513 2501 5576 Dixisti,
2533 5533 2550 5563 ι
2577 5528 2609 5566 0
2627 5511 3014 5576 Sennacherib,
3039 5529 3056 5560 ‹
3087 5508 3744 5566 ascendamAltitudinem

2165 5607 2449 5668 montium,
2500 5605 2630 5675 jnga
2683 5605 2888 5668 Libani,
2946 5613 3000 5656 et
3052 5605 3326 5660 succidam
3389 5604 3646 5667 excelsa,
3699 5613 3746 5658 et

2162 5696 2418 5752 thronum
2442 5696 2578 5766 ejus,
2605 5705 2660 5752 et
2691 5695 2892 5750 electas
2919 5695 3126 5752 ahictes
3157 5696 3315 5751 illius.
3351 5717 3368 5747 ι
3407 5695 3516 5750 Per
3557 5697 3750 5750 cedrus

2163 5791 2529 5861 metaphorice
2549 5798 2604 5846 et
2629 5789 2853 5856 abietes,
2879 5788 3154 5860 superbia,
3187 5804 3370 5860 regna,
3401 5797 3460 5844 et
3491 5805 3654 5860 reges
3679 5790 3750 5842 di-

2159 5899 2439 5940 versarum
2481 5881 2717 5954 gentium
2761 5885 2852 5952 qui
2891 5887 2989 5940 sub
3039 5883 3154 5953 ejus
3197 5881 3434 5946 dominio
3484 5885 3748 5936 constite-
