3918 6462
167 352 266 413 901

1232 344 1580 409 COMMENT.
1617 347 1686 405 1N
1721 344 1975 405 lSAlAM.
2016 380 2082 389 —
2118 346 2245 405 LIB.
2286 347 2350 404 ll.

3314 352 3419 413 902

166 477 317 535 runt,
363 468 730 541 designantur.
771 465 875 522 Per
907 464 1171 523 Libanum
1211 475 1394 523 autem
1422 475 1475 522 et
1513 466 1739 537 summi-
1770 473 1820 529 Α
1846 472 1971 517 runt
1997 480 2220 529 messes,
2252 466 2455 530 vineta,
2487 473 2541 520 et
2567 464 2764 521 oliveta
2785 478 2991 522 eorum.
3016 466 3081 521 Et
3103 468 3172 523 ob
3196 468 3417 527 nimiam

168 570 336 618 tatem
371 562 456 617 vel
483 561 817 615 altitudinem
846 561 962 632 ejus
1004 559 1339 615 Hierusalem
1368 569 1424 616 et
1462 558 1739 629 templum,

168 653 238 709 ad
268 652 410 722 quod
442 652 554 723 ipse
582 652 750 706 voluit
783 651 1096 707 ascendere.
1134 650 1241 707 Per
1265 651 1460 707 saltum
1484 649 1741 715 Carmeli,

168 745 400 816 populus
428 743 964 815 Hierosolymitanus.

248 859 266 891 ‹
296 840 407 910 Ego
436 838 544 895 fodi
573 848 627 894 et
657 838 765 892 bibi
798 854 1014 908 aquam,
1040 847 1092 893 et
1123 837 1388 893 exsiccavi
1413 836 1639 907 vestigio
1652 848 1744 906 pe-

170 936 256 991 dis
286 935 389 989 mei
436 949 625 1001 omnes
665 933 809 987 rivos
856 944 1130 1001 aggerum.
1163 952 1180 983 ι
1215 930 1386 986 Tanta
1413 928 1514 984 fuit
1567 927 1745 982 multi-

170 1023 302 1080 tudo
342 1024 613 1079 exercitus
651 1022 814 1087 illius,
843 1031 903 1076 ut
927 1022 1108 1075 omnia
1133 1020 1334 1075 ﬂuenta
1362 1029 1522 1075 terra:
1547 1018 1745 1074 Iudaeae

170 1115 526 1172 exsiccaverit
561 1131 576 1168 :
607 1123 662 1169 et
689 1115 810 1169 ideo
839 1113 1097 1183 compulsi
1128 1122 1318 1183 puteos
1338 1111 1439 1166 sibi
1471 1110 1741 1165 foderunt.

172 1206 533 1277 Metaphorice
556 1214 735 1260 autem
761 1222 855 1276 per
880 1205 1023 1259 rivos
1046 1204 1319 1259 alveorum
1345 1212 1398 1257 et
1422 1218 1521 1274 per
1549 1217 1743 1272 aquam

172 1299 431 1355 debemus
495 1297 793 1368 intelligere
834 1311 998 1367 regna
1045 1303 1098 1351 et
1149 1295 1395 1365 regiones
1452 1309 1587 1365 quas
1633 1294 1747 1364 ipse

174 1390 487 1457 exsiccavit,
511 1388 906 1444 habitatoribus
932 1403 1118 1442 earum
1144 1385 1460 1441 interfectis.

251 1500 269 1533 ι
306 1478 558 1551 Nunquid
588 1495 695 1534 non
733 1478 950 1541 audisti.
990 1497 1009 1529 ι
1053 1477 1106 1531 id
1135 1486 1218 1531 est
1242 1473 1504 1544 nunquid,
1538 1489 1643 1528 non
1674 1473 1748 1527 in-

176 1572 449 1637 tellexisti,
492 1585 526 1625 o
552 1570 685 1625 Isaia
704 1610 718 1635 ,
748 1588 766 1622 ι
803 1584 922 1639 quae
950 1567 1077 1621 olim
1105 1565 1325 1621 fecerim
1348 1565 1428 1628 ei,
1468 1584 1487 1616 υ
1515 1563 1617 1619 hoc
1643 1574 1741 1627 est,

175 1682 297 1736 qua:
332 1665 383 1719 ei
413 1660 945 1736 pmdestinaverim?
966 1657 1081 1712 Vox
1123 1658 1218 1711 Dei
1245 1658 1311 1711 ad
1336 1658 1655 1728 prophetam
1684 1657 1748 1711 de

177 1756 567 1813 Sermacherib.
604 1773 622 1805 ι
658 1754 733 1807 Ex
766 1753 953 1807 diebus
977 1750 1233 1820 antiquis,
1270 1770 1287 1802 ι
1323 1750 1373 1804 id
1396 1758 1511 1814 est,
1541 1765 1571 1804 a
1598 1750 1748 1820 prin-

1847 557 2211 611 obsessioneni
2234 557 2457 611 vastatis
2484 556 2776 629 segetibus,
2798 558 2940 626 quod
2975 559 3315 628 postmodum
3349 575 3418 616 ex

1845 648 2027 720 granis
2071 657 2373 717 reparatum
2406 659 2489 704 est
2517 649 2821 704 habuerunt
2857 650 3031 719 primo
3068 666 3209 705 anno
3240 651 3295 706 in
3334 651 3419 707 vi-

1846 748 2011 802 ctum,
2043 739 2293 793 similiter
2318 755 2461 794 anno
2506 739 2742 795 secundo
2779 759 2792 794 :
2832 741 2955 811 quia
2989 758 3132 798 anno
3152 743 3424 801 obsessio-

1846 828 1929 883 nis
1955 843 2135 883 serere
2165 845 2270 883 non
2307 838 2598 900 potuerunt
2634 846 2754 901 qua:
2793 845 3114 903 repererunt
3150 851 3217 890 ex
3254 835 3422 905 frugi-

1846 924 1945 979 bus
1972 932 2025 978 et
2055 925 2228 994 pomis
2259 934 2617 994 sumpserunt.
2659 944 2677 976 ‹
2713 926 2768 980 ln
2800 942 2941 983 anno
2966 937 3145 983 autem
3175 932 3359 997 tertio,
3398 949 3416 983 ι

1846 1011 2029 1084 fugato
2076 1012 2185 1080 jam
2230 1014 2453 1087 Assyrio
2490 1031 2611 1070 cum
2654 1019 2968 1084 securitate,
3016 1039 3033 1071 ε
3066 1021 3331 1076 seminate
3370 1031 3424 1078 et

1846 1106 2052 1167 metite,
2079 1112 2131 1159 et
2159 1104 2395 1174 plantate
2418 1107 2605 1162 vineas
2642 1129 2659 1159 ι
2694 1109 2886 1163 iterum
2908 1126 3044 1181 quas
3073 1120 3424 1168 vastaverunt

1845 1204 1901 1251 et
1933 1195 2344 1250 eradicaverunt
2368 1198 2596 1268 Assyrii.

1923 1306 1941 1339 ι
1985 1286 2051 1341 Et
2080 1287 2274 1352 mittet,
2315 1307 2333 1341 ι
2368 1289 2623 1344 subaudis
2662 1306 2831 1361 genus
2878 1292 3179 1360 hominum,
3212 1311 3231 1345 ι
3282 1295 3425 1364 quod

1846 1377 2110 1432 salvatum
2137 1377 2310 1434 fuerat
2345 1400 2364 1433 ι
2394 1395 2423 1433 a
2446 1379 2672 1436 Domino
2705 1399 2725 1431 ι
2758 1382 2824 1436 de
2848 1383 3007 1437 domo
3028 1381 3183 1449 Iuda,
3212 1385 3423 1456 etquod

1848 1468 2112 1539 reliquum
2142 1479 2227 1525 est
2254 1470 2430 1525 mittet
2487 1473 2721 1527 radicem
2749 1473 3019 1539 deorsum,
3050 1484 3104 1529 et
3132 1475 3292 1530 faciet
3317 1475 3427 1530 fru-

1848 1572 1991 1618 ctum
2019 1579 2254 1619 sursum.
2293 1583 2311 1615 ι
2354 1564 2506 1620 Sicut
2535 1567 2698 1621 arbor
2721 1567 2969 1623 deorsum
3000 1568 3165 1623 mittit
3192 1570 3426 1623 radicem

1846 1668 1945 1709 suo
1983 1662 2243 1723 tempore,
2289 1663 2344 1709 et
2386 1656 2559 1726 pomis
2593 1656 2829 1725 repletur
2868 1673 3081 1714 sursum
3107 1673 3122 1713 :
3146 1659 3225 1715 sic
3251 1659 3429 1714 omnis

1849 1752 1993 1799 terra
2036 1744 2263 1798 duarum
2294 1744 2530 1800 tribuum
2562 1760 2629 1802 ex
2658 1760 2826 1816 parvo
2854 1748 3049 1818 populo
3078 1748 3280 1821 repleta
3320 1758 3423 1804 est.

176 1848 320 1918 cipio
362 1854 733 1901 creaturarum
771 1862 789 1893 ι
832 1858 932 1913 ego
955 1842 1214 1912 plasmavi
1247 1841 1406 1907 illud,
1441 1862 1459 1894 ι
1496 1841 1749 1897 subaudis
1778 1845 1823 1905 Β
1851 1836 1974 1891 Ideo
1997 1846 2174 1892 autem
2204 1836 2353 1891 addit
2384 1855 2397 1891 :

178 1938 403 2003 malum,
429 1936 571 2006 quod
592 1935 961 1991 Sennacherib
986 1936 1055 1990 ab
1075 1934 1342 1989 universis
1367 1935 1615 2006 gentibus
1636 1934 1749 1988 illa-

180 2038 293 2085 tum
330 2037 432 2086 est.
478 2048 495 2080 ι
546 2028 613 2084 Et
640 2043 781 2083 nunc
816 2048 835 2080 ι
867 2028 1009 2098 quod
1040 2027 1092 2081 in
1123 2028 1596 2097 prazdeslinatione
1630 2043 1747 2081 mea

178 2131 297 2174 erat
325 2138 344 2170 ι
376 2118 572 2173 adduxi
606 2138 624 2171 ι
657 2135 821 2189 super
848 2134 993 2183 eum,
1020 2126 1081 2172 ut
1106 2118 1286 2189 qualia
1325 2117 1471 2181 fecit,
1503 2118 1629 2173 talia
1665 2134 1751 2174 re-

178 2210 361 2279 cipiat.
392 2229 410 2262 c
443 2210 669 2265 Factum
703 2217 785 2265 est
821 2230 839 2262 ι
882 2209 1010 2264 illud
1042 2208 1241 2265 malum
1283 2229 1301 2262 α
1341 2211 1393 2264 in
1433 2210 1753 2266 eradicatio-

177 2318 303 2357 nem
345 2303 562 2359 collium
602 2304 1052 2374 impugnantium,
1103 2312 1159 2358 et
1198 2304 1476 2359 civitatum
1522 2304 1753 2359 munita-

178 2408 320 2447 rum.
363 2412 381 2443 ι
412 2392 517 2448 Per
536 2394 698 2449 colles
724 2409 875 2464 reges
906 2403 960 2448 et
984 2395 1256 2465 principes
1284 2394 1377 2466 qui
1406 2396 1473 2451 ab
1522 2396 1752 2451 invicem

180 2482 326 2538 inter
353 2498 413 2539 se
436 2484 712 2550 dimicant,
744 2485 1003 2540 debemus
1024 2485 1321 2557 intelligere
1349 2486 1467 2542 illos
1499 2501 1634 2555 quos
1659 2501 1751 2541 ve-

180 2576 332 2630 niens
362 2574 729 2632 Sennacherib
755 2576 981 2633 Domino
1008 2579 1372 2648 permittente,
1402 2595 1508 2634 non
1535 2588 1755 2650 propter

182 2666 339 2722 istius
379 2667 593 2734 merita,
633 2669 726 2723 sed
767 2682 867 2739 pro
915 2684 1104 2725 eorum
1149 2671 1389 2740 peccatis
1437 2671 1749 2725 eradicavit.

181 2759 237 2814 in
270 2759 688 2815 eradicationem
726 2760 887 2815 etiam
932 2760 1211 2826 civitatum
1263 2761 1592 2816 munitarum
1630 2759 1749 2817 fuit.

258 2869 274 2900 ι
312 2849 652 2905 Habitatores
701 2865 887 2906 earum
938 2870 958 2903 ι
1008 2859 1273 2906 terrarum
1333 2851 1417 2905 vel
1474 2850 1754 2906 civitatum

187 2961 204 2991 ι
243 2941 482 2995 breviata
518 2956 677 2994 manu
708 2949 1172 3007 contremuerunt,
1210 2961 1228 2993 ι
1264 2941 1318 2995 id
1351 2949 1455 3006 est,
1483 2956 1588 2996 non
1615 2956 1755 3011 pra:-

179 3034 341 3090 hcnte
366 3048 452 3088 me
479 3049 628 3089 more
654 3034 812 3090 solito
848 3034 955 3090 illis
980 3035 1261 3101 auxilium,
1291 3043 1348 3089 et
1372 3044 1607 3090 retracto
1634 3048 1756 3090 meo

180 3125 444 3194 adiutorio
472 3125 540 3180 ab
577 3125 700 3191 illis,
738 3144 756 3177 ι
785 3124 993 3181 confusi
1037 3133 1159 3180 sunt
1206 3146 1225 3178 ›
1270 3133 1325 3181 et
1352 3125 1404 3179 in
1451 3126 1563 3181 suis
1598 3124 1756 3180 malis

1928 1948 1944 1978 ι
1979 1926 2057 1982 De
2103 1924 2237 1982 Sion
2278 1937 2333 1982 et
2380 1928 2446 1983 de
2484 1927 2817 1985 Hierusalem
2871 1930 3095 1985 exibunt
3137 1930 3378 2003 reliquiae
3406 1951 3427 1985 ι

1850 2022 1975 2092 quia
2004 2021 2189 2076 decem
2227 2021 2397 2077 tribus
2431 2030 2485 2077 et
2510 2036 2698 2078 omnes
2719 2023 2970 2079 civitates
3008 2023 3159 2080 Judae
3207 2034 3433 2082 vastata:

1852 2123 2026 2169 erant.
2067 2134 2083 2165 ‹
2121 2114 2279 2169 Zelus
2298 2115 2531 2181 Domini,
2561 2136 2579 2169 ι
2610 2117 2661 2171 id
2685 2125 2789 2183 est,
2815 2116 2999 2175 fervor
3033 2120 3235 2174 amoris
3256 2129 3311 2174 et
3334 2120 3433 2175 mi-

1852 2203 2178 2269 sericordiae,
2213 2223 2231 2256 ι
2254 2205 2415 2260 faciet
2438 2205 2581 2261 istud
2603 2226 2621 2259 ι
2648 2209 2791 2277 quod
2820 2211 3065 2280 superius
3093 2210 3294 2267 dictum
3315 2221 3397 2268 est
3416 2251 3433 2278 ,

1853 2310 1957 2349 non
1986 2295 2201 2349 illorum
2230 2297 2503 2351 meritum.

1927 2408 1946 2441 ι
1979 2388 2096 2445 Non
2143 2389 2365 2445 intrabit
2408 2389 2679 2446 civitatem
2710 2393 2866 2448 hanc.
2906 2413 2924 2447 ι
2973 2392 3193 2451 Obsedit
3219 2397 3432 2467 quidem

1854 2495 1998 2546 eam,
2027 2481 2120 2536 sed
2141 2496 2243 2535 non
2276 2482 2496 2537 intrabit
2523 2481 2575 2536 in
2604 2482 2767 2550 illam.
2801 2502 2819 2533 ι
2850 2482 2966 2539 Non
2989 2484 3150 2541 faciet
3178 2487 3252 2543 ibi
3273 2489 3436 2560 sagit-

1854 2580 1965 2626 tam
1997 2590 2015 2622 ι
2050 2581 2108 2627 ut
2134 2572 2424 2627 interficiat
2448 2573 2520 2629 ibi
2556 2574 2811 2645 aliquem.

1930 2682 1949 2716 ‹
1982 2665 2049 2718 Et
2094 2672 2372 2738 protegam
2420 2666 2693 2721 civitatem
2741 2668 2935 2734 istam,
2964 2676 3024 2723 ut
3071 2669 3271 2726 salvem
3315 2687 3435 2727 eam

1853 2763 2073 2825 propter
2099 2771 2208 2821 me,
2238 2776 2257 2807 ι
2307 2772 2414 2811 non
2445 2767 2667 2828 propter
2707 2767 2945 2814 vestrum
2976 2762 3249 2829 meritum,
3286 2781 3304 2814 ι
3342 2764 3436 2819 sed

1853 2854 2074 2916 propter
2102 2846 2269 2901 David
2315 2862 2530 2903 servum
2575 2863 2773 2905 meum.
2810 2868 2829 2901 ι
2861 2850 2997 2906 Cum
3045 2853 3176 2908 dicit
3218 2862 3438 2924 propter

1817 3009 1826 3020 .
1854 2938 2043 3004 David,
2072 2939 2306 2994 ostendit
2334 2939 2544 3010 aliquos
2575 2942 2647 2996 ibi
2670 2957 2790 2997 esse
2817 2944 2909 3013 qui
2939 2945 3210 3000 habebant
3237 2946 3435 3016 aliquid

1855 3030 2034 3084 meriti
2059 3038 2113 3085 et
2142 3030 2263 3085 fidei
2299 3030 2486 3097 David,
2510 3042 2564 3087 et
2588 3046 2685 3101 per
2709 3034 2810 3088 hoc
2832 3035 2990 3089 datur
3020 3035 3263 3107 intelligi,
3311 3038 3437 3107 quia

1853 3133 1953 3189 pro
1997 3118 2155 3175 bonis
2202 3132 2418 3191 patrum
2467 3122 2753 3178 miseretur
2796 3124 3054 3181 Dominus
3098 3129 3439 3199 omnipotens

180 3216 501 3286 consumpti.
549 3215 673 3272 Ideo
718 3231 822 3270 non
860 3223 1243 3286 comparantur
1294 3215 1449 3271 oliva:
1484 3223 1540 3270 et
1579 3215 1751 3269 vinea:
1779 3200 1824 3262 C
1856 3210 2012 3267 malis
2039 3211 2184 3267 filiis.

178 3308 579 3378 fructuosisque
613 3309 899 3363 arboribus
936 3326 950 3362 :
991 3309 1083 3363 sed
1123 3308 1247 3363 feno
1282 3316 1336 3362 et
1368 3308 1602 3379 gramini
1626 3310 1752 3363 her-

177 3400 390 3468 bisque,
421 3413 543 3468 qua:
570 3396 813 3466 frugibus
840 3398 1219 3467 impedimenta
1247 3404 1525 3468 prazstaut,
1548 3406 1606 3453 et
1626 3404 1752 3452 ante

178 3496 523 3544 marcescunt
545 3502 708 3558 quam
740 3488 806 3542 ad
834 3488 1202 3543 maturitatem
1232 3487 1569 3557 perveniant.
1598 3507 1616 3539 ε
1649 3487 1752 3542 Fa-

178 3586 396 3637 citsunt
426 3600 444 3635 l
467 3581 800 3636 habitatores
819 3579 1024 3635 scilicet
1044 3595 1227 3635 earum
1250 3580 1527 3636 civitatum
1560 3601 1578 3632 ι
1613 3580 1754 3636 sicut

180 3675 366 3729 fenum
395 3673 511 3745 agri
541 3679 595 3728 et
619 3687 839 3744 gramen
866 3687 1098 3742 pascuae,
1130 3681 1186 3727 et
1218 3672 1358 3729 sicut
1385 3673 1555 3728 herba
1586 3680 1755 3728 tecto-

180 3780 323 3819 rum.
359 3783 379 3816 ι
410 3763 643 3819 Gramen
678 3764 732 3818 in
753 3764 855 3819 hoc
882 3764 998 3818 loco
1022 3764 1190 3819 herba
1224 3772 1326 3827 est,
1353 3779 1473 3835 quae
1492 3765 1633 3834 apud
1656 3779 1755 3819 nos

182 3856 363 3910 trinua
398 3863 641 3910 vocatur.
681 3854 784 3908 Per
834 3853 1015 3935 fenum
1058 3862 1113 3910 et
1149 3854 1354 3926 reliqua
1391 3870 1512 3926 qua:
1551 3855 1640 3909 hic
1674 3855 1755 3910 di-

181 3957 398 4014 cuntur,
436 3947 691 4003 debemus
729 3947 1024 4018 intelligere
1061 3948 1317 4018 populos,
1354 3948 1448 4018 qui
1479 3948 1588 4003 cito
1631 3962 1756 4017 pec-

180 4038 322 4095 catis
382 4037 795 4108 impedientibus
844 4039 1157 4108 perierunt,
1214 4046 1501 4108 antequam
1547 4047 1757 4108 tempus

180 4129 377 4185 mortis
411 4144 602 4184 eorum
645 4130 972 4193 advenisset,
1013 4130 1193 4184 traditi
1224 4131 1278 4184 in
1317 4145 1510 4185 manus
1550 4129 1758 4185 Senna-

180 4222 389 4278 cherib.
421 4241 440 4272 ι
474 4219 871 4275 Habitationeiu
892 4228 1057 4274 tuam.
1093 4240 1112 4273 ι
1138 4220 1463 4291 Babylonem
1488 4219 1754 4285 videlicet,

180 4314 432 4388 cognovi,
462 4329 496 4369 ο
527 4312 918 4377 Senuacherib,
946 4330 964 4363 ‹
1001 4320 1055 4366 et
1084 4326 1361 4381 egressum
1397 4320 1547 4366 tuum
1580 4331 1599 4363 ι
1634 4310 1760 4366 inde

188 4426 208 4459 ι
245 4417 301 4461 et
327 4406 604 4467 introitum
637 4414 785 4460 tuum
816 4425 833 4457 ι
870 4405 923 4459 in
947 4414 1146 4459 terram
1178 4405 1613 4476 repromissionis
1651 4422 1669 4455 ι
1705 4412 1762 4458 et

182 4498 450 4554 insaniam
474 4507 620 4553 tuam
648 4517 666 4549 ι
700 4498 801 4551 hoc
827 4506 913 4550 est
939 4496 1265 4551 dementiam
1304 4513 1322 4546 ι
1366 4505 1557 4550 contra
1589 4510 1697 4549 me.
1733 4519 1753 4545 ι

1930 3324 1950 3357 α
1987 3306 2251 3375 Egressus
2271 3315 2356 3361 est
2385 3315 2563 3361 autem
2610 3308 2830 3379 angelus
2858 3310 3090 3377 Domini,
3130 3333 3148 3364 ι
3183 3315 3438 3370 subaudis

1851 3413 1885 3452 a
1910 3398 2028 3453 loco
2055 3411 2175 3463 suo,
2200 3414 2219 3447 ι
2245 3404 2301 3452 et
2325 3397 2590 3467 percussit
2615 3400 2959 3470 Assyriorum
2984 3406 3255 3474 octoginta
3283 3408 3437 3477 quin.

1850 3506 1957 3561 que
1984 3490 2166 3544 millia.
2203 3509 2223 3543 ι
2261 3487 2377 3544 Νοιι
2401 3490 2576 3559 gladio
2600 3492 2861 3547 materiali
2889 3495 3161 3551 interfecit
3186 3512 3279 3553 eos
3301 3539 3316 3565 ,
3343 3500 3437 3555 sed

1854 3583 1949 3637 Dei
1978 3584 2235 3652 potentia.
2269 3581 2398 3638 Siue
2424 3582 2643 3639 vulnere
2672 3585 2939 3643 interfecti
2969 3598 3115 3654 sunt,
3145 3600 3199 3645 et
3229 3592 3433 3647 redacti

1853 3675 1907 3730 in
1936 3675 2194 3731 cinerem.
2241 3695 2261 3726 ‹
2294 3676 2360 3730 Εῑ
2384 3687 2735 3732 surrexerunt
2762 3694 2938 3745 mane,
2979 3700 2997 3731 ι
3024 3682 3271 3739 videlicet
3301 3684 3440 3740 Seu-

1855 3768 2114 3822 nacherib
2138 3782 2260 3822 cum
2290 3769 2509 3838 paucis,
2554 3769 2740 3825 decem
2779 3771 2985 3827 scilicet
3026 3774 3159 3829 viris
3199 3782 3438 3831 tantum-

1854 3860 2034 3923 modo,
2054 3867 2113 3913 ut
2132 3856 2303 3914 Judaei
2332 3860 2570 3927 tradunt,
2604 3881 2623 3913 ‹
2652 3870 2709 3917 et
2734 3878 2863 3919 ecce
2894 3880 3083 3920 omnes
3116 3885 3137 3920 ι
3168 3867 3244 3922 illi
3274 3868 3441 3923 inter-

1854 3950 1982 4007 fecti
2007 3959 2162 4006 erant
2196 3969 2214 4003 ι
2252 3952 2513 4008 cadavera
2543 3964 2900 4012 mortuorum.
2935 3977 2955 4010 ι

1931 4065 1952 4098 ι
1983 4046 2051 4100 Ει
2074 4062 2324 4117 egressus
2350 4056 2433 4103 est
2463 4047 2831 4106 Senuacberib
2851 4052 2918 4105 de
2944 4053 3138 4109 finibus
3166 4053 3346 4119 Iudae,
3388 4065 3443 4112 et

1856 4139 1989 4195 abiit
2035 4139 2090 4194 in
2132 4148 2335 4195 terram
2387 4156 2540 4196 suam
2570 4140 2795 4197 Niniven
2824 4143 3115 4199 civitatem.
3156 4145 3222 4200 Et
3243 4146 3440 4202 factum

1856 4240 1940 4288 est
1973 4248 2097 4287 cum
2136 4233 2389 4288 adoraret
2438 4232 2492 4287 in
2540 4233 2739 4302 templo
2781 4233 3018 4290 Nesrach
3051 4236 3208 4291 deum
3247 4253 3403 4293 suum
3426 4281 3439 4305 ,

1856 4324 2211 4380 Adramelech
2233 4333 2288 4379 et
2309 4323 2541 4380 Sarasar
2566 4325 2659 4379 filii
2690 4325 2805 4395 ejus
2841 4342 3224 4395 percusserunt
3245 4348 3387 4387 eum.
3420 4353 3438 4386 ι

1860 4420 2151 4487 Quaeritur,
2188 4434 2357 4489 quare
2383 4434 2489 4473 non
2520 4419 2679 4488 periit
2705 4434 2824 4474 cum
2852 4421 3045 4491 populo
3072 4424 3157 4478 cui
3183 4436 3441 4495 prmerat,

1861 4528 1983 4567 cum
2014 4511 2226 4566 illorum
2265 4511 2472 4565 malitia
2517 4513 2586 4566 oh
2631 4527 2791 4583 quam
2819 4514 3099 4582 perierunt
3119 4515 3272 4585 jussu
3305 4518 3446 4575 illius

184 4591 339 4647 Tunc
366 4590 641 4655 insanivit,
668 4590 881 4660 quando
905 4588 1038 4643 dixit
1065 4606 1078 4642 :
1111 4588 1243 4656 Quis
1277 4589 1417 4643 Deus
1445 4587 1751 4657 poteritvos

1864 4603 2005 4660 facta
2033 4610 2195 4658 esset.
2222 4601 2303 4657 Ad
2330 4602 2473 4672 quod
2502 4560 2960 4674 dicetidum,rqtlia
2992 4606 3044 4659 in
3074 4560 3176 4662 hdc
3221 4610 3446 4679 nequior

184 4685 417 4740 liberare
434 4683 503 4738 de
524 4698 685 4737 manu
713 4681 867 4735 mea?

262 4818 279 4849 ι
313 4796 515 4852 Ponam
541 4811 670 4867 ergo
695 4794 955 4851 circulum
987 4795 1040 4848 in
1068 4795 1288 4849 naribus
1325 4793 1447 4847 tuis.
1482 4812 1500 4843 ι
1528 4791 1631 4846 Per
1651 4792 1754 4847 fre«

186 4906 315 4945 num
347 4896 403 4943 et
429 4887 714 4952 circulum,
742 4886 1037 4957 potentiam
1065 4885 1361 4940 divinitatis
1386 4885 1643 4939 debemus
1669 4884 1754 4937 in-

186 4978 448 5049 telligere.
487 4978 565 5032 Ac
602 4976 646 5030 si
685 4975 891 5031 diceret
927 4975 1046 5030 aliis
1088 4975 1307 5030 verbis:
1334 4974 1407 5031 Os
1434 4983 1583 5029 tuum
1608 4974 1756 5030 blas-

185 5070 443 5140 phemum
464 5068 704 5138 potentia
726 5067 942 5121 virtutis
967 5082 1098 5120 mete
1112 5065 1413 5130 infrenabo,
1430 5076 1484 5120 et
1500 5067 1751 5122 reducam

189 5169 240 5214 te
267 5161 335 5213 ab
362 5157 693 5215 Hierusalem
724 5159 778 5212 in
807 5167 1007 5214 terram
1036 5167 1183 5212 tuam
1208 5173 1331 5213 cum
1360 5158 1674 5228 ignominia.

266 5268 284 5300 ι
318 5249 436 5304 Tibi
465 5257 680 5314 autem,
718 5270 735 5301 ι
779 5265 813 5304 o
845 5250 1095 5305 Ezechia.
1134 5267 1152 5300 ι
1194 5249 1307 5305 Hoc
1336 5251 1442 5304 erit
1479 5250 1691 5320 signum
1735 5269 1756 5303 ι

187 5343 383 5398 salutis
416 5352 539 5398 tuae.
587 5343 889 5411 Alloquitur
925 5345 1186 5414 propheta
1229 5344 1519 5400 Ezechiam
1557 5358 1759 5415 regem,

187 5434 319 5505 quid
346 5449 504 5505 agere
523 5433 736 5489 debeat.
777 5453 793 5483 ς
815 5434 1045 5489 Comede
1066 5435 1168 5489 hoc
1194 5449 1354 5500 anno,
1379 5443 1433 5489 tu
1461 5442 1515 5489 et
1534 5434 1764 5505 populus

189 5535 341 5591 tuus,
374 5540 491 5595 quae
517 5534 706 5597 sponte
729 5535 1043 5591 nascuntur,
1083 5546 1101 5579 ι
1140 5526 1192 5581 id
1221 5537 1322 5592 est,
1352 5541 1472 5596 qua:
1493 5528 1647 5597 prius
1673 5542 1761 5582 se-

187 5634 352 5675 veras
374 5634 537 5689 quam
576 5619 780 5673 veniret
817 5618 1069 5688 Assyrius
1115 5637 1134 5669 i
1178 5627 1235 5672 et
1272 5619 1327 5672 in
1357 5633 1500 5673 anno
1523 5621 1764 5675 secundo

191 5710 368 5782 pomis
421 5722 657 5763 vescere.
714 5727 732 5759 ι
785 5706 875 5760 Illo
930 5715 1170 5776 tempore
1216 5722 1339 5762 cum
1385 5706 1492 5775 iam
1554 5719 1764 5777 tempus

192 5799 478 5856 messionis
516 5798 759 5863 instaret,
799 5805 1060 5853 venerunt
1084 5798 1289 5868 Assyrii
1318 5806 1373 5852 et
1412 5800 1763 5854 conculcave-

1865 4705 2113 4751 ostensus
2141 4704 2244 4761 est,
2276 4696 2419 4764 quod
2451 4711 2558 4748 non
2585 4694 2686 4749 fuit
2712 4695 2904 4767 dignus
2930 4697 3063 4751 mori
3089 4697 3142 4752 in
3176 4707 3319 4753 terra
3345 4701 3445 4757 Do-

1864 4789 2018 4855 mini,
2048 4789 2141 4844 sed
2173 4789 2225 4843 in
2263 4804 2379 4853 sua,
2409 4796 2463 4843 et
2489 4802 2669 4842 coram
2694 4788 2796 4843 deo
2825 4804 2921 4843 suo
2942 4805 2971 4843 a
2999 4791 3123 4846 filiis
3141 4793 3253 4848 suis
3282 4794 3447 4850 inter-

1865 4882 1974 4937 fici.
2005 4882 2095 4937 Sic
2114 4890 2169 4937 et
2194 4882 2406 4937 Pharao
2422 4882 2562 4936 inter
2586 4881 2770 4937 decem
2799 4883 2983 4954 plagas
3009 4896 3315 4942 reservatus
3340 4897 3443 4953 est,

1865 4979 1925 5026 ut
1955 4972 2215 5027 Dominus
2255 4971 2485 5040 amplius
2513 4971 2926 5042 glorificaretur.
2958 4974 3133 5043 Quaeri
3159 4977 3320 5031 etiam
3351 4993 3446 5047 po-

1862 5072 1986 5127 test,
2010 5079 2130 5133 quae
2149 5077 2311 5117 causa
2334 5063 2622 5129 exstiterit,
2670 5072 2728 5118 ut
2756 5081 2787 5119 a
2811 5065 2934 5119 filiis
2970 5066 3084 5121 suis
3120 5066 3445 5123 interficere-

1868 5156 1988 5210 tur?
2016 5156 2360 5211 Hebraeorum
2387 5156 2604 5212 traditio
2631 5166 2714 5211 est
2743 5158 2993 5212 habuisse
3029 5173 3150 5212 eum
3186 5159 3445 5228 plurimas

1865 5261 2095 5312 uxores,
2124 5263 2191 5301 ex
2228 5247 2422 5317 quibus
2452 5257 2561 5302 tres
2589 5248 2727 5302 filios
2757 5249 2989 5302 habebat
3015 5268 3027 5301 :
3052 5248 3405 5306 Adramelech
3427 5294 3442 5318 ,

1864 5346 1920 5393 et
1943 5337 2198 5402 Sarasan,
2229 5347 2283 5392 et
2308 5337 2637 5394 Assaradon.
2676 5329 2790 5393 Sed
2812 5338 2937 5406 quia
2968 5349 3197 5397 matrem
3221 5341 3447 5399 Assara-

1867 5432 1972 5488 don
2000 5446 2111 5501 prae
2133 5430 2344 5487 caeteris
2367 5431 2641 5503 diligebat,
2681 5429 2921 5484 decrevit
2942 5430 3089 5485 illum
3126 5432 3181 5487 in
3222 5448 3444 5504 regnum

1869 5526 2155 5581 succedere
2170 5525 2291 5579 sibi.
2315 5523 2568 5580 Videntes
2586 5532 2761 5577 autem
2779 5522 2852 5577 illi
2868 5524 2973 5578 duo
2985 5539 3043 5579 se
3056 5525 3445 5593 exhaeredatos,

1868 5614 2257 5672 interfecerunt
2272 5625 2484 5686 patrem
2504 5630 2680 5671 suum.
2714 5614 2780 5668 Et
2807 5616 2933 5685 quia
2948 5616 3058 5685 jam
3085 5616 3446 5688 gubernacula

1871 5708 2018 5778 regni
2056 5711 2271 5763 tenebat
2315 5707 2618 5763 Assaradon
2665 5706 2834 5761 frater
2858 5721 3063 5773 eorum,
3097 5706 3349 5779 fugerunt
3392 5711 3447 5770 in

1873 5809 2071 5853 terram
2097 5799 2325 5859 Ararad.
2360 5814 2479 5867 qua:
2506 5806 2590 5851 est
2619 5798 2767 5864 regio
2793 5798 3077 5852 Armeniae.
