  <div class='ocr_page' id='page_1' title='image "/cluster/home/n/w/nwhite01/storage/ocr_20150623/116/hvd.32044015466881/453.png"; bbox 0 0 3918 6448; ppageno 0'>
   <div class='ocr_carea' id='block_1_1' title="bbox 533 384 640 442">
    <p class='ocr_par' dir='ltr' id='par_1_1' title="bbox 533 384 640 442">
     <span class='ocr_line' id='line_1_1' title="bbox 533 384 640 442; baseline 0.019 -2"><span class='ocrx_word' id='word_1_1' title='bbox 533 384 640 442; x_wconf 75' lang='lat'><strong>903</strong></span> 
     </span>
    </p>
   </div>
   <div class='ocr_carea' id='block_1_2' title="bbox 1046 495 1582 554">
    <p class='ocr_par' dir='ltr' id='par_1_2' title="bbox 1046 495 1582 554">
     <span class='ocr_line' id='line_1_2' title="bbox 1046 495 1582 554; baseline -0.007 0"><span class='ocrx_word' id='word_1_2' title='bbox 1046 496 1273 554; x_wconf 76' lang='lat' dir='ltr'><strong>CAPUT</strong></span> <span class='ocrx_word' id='word_1_3' title='bbox 1298 495 1582 552; x_wconf 77' lang='lat' dir='ltr'><strong>XXXVIII.</strong></span> 
     </span>
    </p>
   </div>
   <div class='ocr_carea' id='block_1_3' title="bbox 596 586 2100 664">
    <p class='ocr_par' dir='ltr' id='par_1_3' title="bbox 596 586 2100 664">
     <span class='ocr_line' id='line_1_3' title="bbox 596 586 2100 664; baseline -0.007 -15"><span class='ocrx_word' id='word_1_4' title='bbox 596 615 615 649; x_wconf 75' lang='grc' dir='ltr'><strong>ι</strong></span> <span class='ocrx_word' id='word_1_5' title='bbox 648 595 708 650; x_wconf 87' lang='lat' dir='ltr'><strong>In</strong></span> <span class='ocrx_word' id='word_1_6' title='bbox 737 592 930 651; x_wconf 90' lang='lat' dir='ltr'><strong>diebus</strong></span> <span class='ocrx_word' id='word_1_7' title='bbox 956 592 1063 648; x_wconf 84' lang='lat' dir='ltr'><strong>illis</strong></span> <span class='ocrx_word' id='word_1_8' title='bbox 1095 612 1115 646; x_wconf 76' lang='grc' dir='ltr'><strong>ι</strong></span> <span class='ocrx_word' id='word_1_9' title='bbox 1140 592 1334 664; x_wconf 89' lang='lat' dir='ltr'><strong>quibus</strong></span> <span class='ocrx_word' id='word_1_10' title='bbox 1359 590 1676 646; x_wconf 75' lang='lat' dir='ltr'><strong>interfectus</strong></span> <span class='ocrx_word' id='word_1_11' title='bbox 1707 597 1792 646; x_wconf 90' lang='lat' dir='ltr'><strong>est</strong></span> <span class='ocrx_word' id='word_1_12' title='bbox 1829 586 2100 659; x_wconf 84' lang='lat' dir='ltr'><strong>Assyrius,</strong></span> 
     </span>
    </p>
   </div>
   <div class='ocr_carea' id='block_1_4' title="bbox 526 677 2102 762">
    <p class='ocr_par' dir='ltr' id='par_1_4' title="bbox 526 677 2102 762">
     <span class='ocr_line' id='line_1_4' title="bbox 526 677 2102 762; baseline -0.008 -18"><span class='ocrx_word' id='word_1_13' title='bbox 526 709 546 744; x_wconf 68' lang='grc' dir='ltr'><em>ς</em></span> <span class='ocrx_word' id='word_1_14' title='bbox 580 691 860 762; x_wconf 65' lang='grc' dir='ltr'><em>ωεῐοιενὶι</em></span> <span class='ocrx_word' id='word_1_15' title='bbox 907 688 1168 746; x_wconf 85' lang='lat' dir='ltr'><strong>Ezechias</strong></span> <span class='ocrx_word' id='word_1_16' title='bbox 1213 687 1530 761; x_wconf 88' lang='lat' dir='ltr'><strong>gravissima</strong></span> <span class='ocrx_word' id='word_1_17' title='bbox 1573 684 1904 740; x_wconf 90' lang='lat' dir='ltr'><strong>inﬂrmitate.</strong></span> <span class='ocrx_word' id='word_1_18' title='bbox 1945 699 1964 732; x_wconf 74' lang='grc' dir='ltr'><strong>ι</strong></span> <span class='ocrx_word' id='word_1_19' title='bbox 2003 677 2102 733; x_wconf 82' lang='lat' dir='ltr'><strong>Hic</strong></span> 
     </span>
    </p>
   </div>
   <div class='ocr_carea' id='block_1_5' title="bbox 522 770 2105 850">
    <p class='ocr_par' dir='ltr' id='par_1_5' title="bbox 522 770 2105 850">
     <span class='ocr_line' id='line_1_5' title="bbox 522 770 2105 850; baseline -0.01 -11"><span class='ocrx_word' id='word_1_20' title='bbox 522 798 630 838; x_wconf 90' lang='lat' dir='ltr'><strong>non</strong></span> <span class='ocrx_word' id='word_1_21' title='bbox 653 781 1049 847; x_wconf 73' lang='lat' dir='ltr'><strong>manifestatur,</strong></span> <span class='ocrx_word' id='word_1_22' title='bbox 1075 793 1245 850; x_wconf 89' lang='lat' dir='ltr'><strong>quare</strong></span> <span class='ocrx_word' id='word_1_23' title='bbox 1266 777 1621 850; x_wconf 77' lang='lat' dir='ltr'><strong>:egrotaverit,</strong></span> <span class='ocrx_word' id='word_1_24' title='bbox 1651 775 1734 833; x_wconf 90' lang='lat' dir='ltr'><strong>vel</strong></span> <span class='ocrx_word' id='word_1_25' title='bbox 1761 787 1929 846; x_wconf 91' lang='lat' dir='ltr'><strong>quare</strong></span> <span class='ocrx_word' id='word_1_26' title='bbox 1957 770 2105 827; x_wconf 88' lang='lat' dir='ltr'><strong>inﬂr-</strong></span> 
     </span>
    </p>
   </div>
   <div class='ocr_carea' id='block_1_6' title="bbox 523 865 2103 942">
    <p class='ocr_par' dir='ltr' id='par_1_6' title="bbox 523 865 2103 942">
     <span class='ocr_line' id='line_1_6' title="bbox 523 865 2103 942; baseline -0.011 -11"><span class='ocrx_word' id='word_1_27' title='bbox 523 883 701 932; x_wconf 84' lang='lat' dir='ltr'><strong>matus</strong></span> <span class='ocrx_word' id='word_1_28' title='bbox 746 874 834 930; x_wconf 88' lang='lat' dir='ltr'><strong>sit.</strong></span> <span class='ocrx_word' id='word_1_29' title='bbox 880 871 987 928; x_wconf 96' lang='lat' dir='ltr'><strong>Sed</strong></span> <span class='ocrx_word' id='word_1_30' title='bbox 1028 870 1081 926; x_wconf 91' lang='lat' dir='ltr'><strong>in</strong></span> <span class='ocrx_word' id='word_1_31' title='bbox 1132 869 1268 926; x_wconf 88' lang='lat' dir='ltr'><strong>libro</strong></span> <span class='ocrx_word' id='word_1_32' title='bbox 1297 870 1504 942; x_wconf 82' lang='lat' dir='ltr'><strong>Regum</strong></span> <span class='ocrx_word' id='word_1_33' title='bbox 1554 877 1610 923; x_wconf 90' lang='lat' dir='ltr'><strong>et</strong></span> <span class='ocrx_word' id='word_1_34' title='bbox 1654 865 2103 935; x_wconf 87' lang='lat' dir='ltr'><strong>Paralipomenon</strong></span> 
     </span>
    </p>
   </div>
   <div class='ocr_carea' id='block_1_7' title="bbox 521 954 2102 1039">
    <p class='ocr_par' dir='ltr' id='par_1_7' title="bbox 521 954 2102 1039">
     <span class='ocr_line' id='line_1_7' title="bbox 521 954 2102 1039; baseline -0.011 -15"><span class='ocrx_word' id='word_1_35' title='bbox 521 967 755 1039; x_wconf 82' lang='lat' dir='ltr'><strong>apertius</strong></span> <span class='ocrx_word' id='word_1_36' title='bbox 797 962 1096 1021; x_wconf 86' lang='lat' dir='ltr'><strong>ostenditur</strong></span> <span class='ocrx_word' id='word_1_37' title='bbox 1134 961 1256 1018; x_wconf 89' lang='lat' dir='ltr'><strong>ideo</strong></span> <span class='ocrx_word' id='word_1_38' title='bbox 1291 975 1415 1016; x_wconf 90' lang='lat' dir='ltr'><strong>eum</strong></span> <span class='ocrx_word' id='word_1_39' title='bbox 1457 966 1767 1030; x_wconf 69' lang='lat' dir='ltr'><strong>aegrotasse,</strong></span> <span class='ocrx_word' id='word_1_40' title='bbox 1812 954 1954 1025; x_wconf 91' lang='lat' dir='ltr'><strong>quod</strong></span> <span class='ocrx_word' id='word_1_41' title='bbox 1995 967 2102 1008; x_wconf 92' lang='lat' dir='ltr'><strong>non</strong></span> 
     </span>
    </p>
   </div>
   <div class='ocr_carea' id='block_1_8' title="bbox 519 1039 2102 1122">
    <p class='ocr_par' dir='ltr' id='par_1_8' title="bbox 519 1039 2102 1122">
     <span class='ocr_line' id='line_1_8' title="bbox 519 1039 2102 1122; baseline -0.011 -8"><span class='ocrx_word' id='word_1_42' title='bbox 519 1057 758 1114; x_wconf 87' lang='lat' dir='ltr'><strong>cantavit</strong></span> <span class='ocrx_word' id='word_1_43' title='bbox 778 1039 1004 1110; x_wconf 49' lang='lat' dir='ltr'><strong>Do-mino</strong></span> <span class='ocrx_word' id='word_1_44' title='bbox 1027 1053 1214 1108; x_wconf 88' lang='lat' dir='ltr'><strong>laudes</strong></span> <span class='ocrx_word' id='word_1_45' title='bbox 1239 1065 1413 1122; x_wconf 90' lang='lat' dir='ltr'><strong>neque</strong></span> <span class='ocrx_word' id='word_1_46' title='bbox 1441 1047 1624 1104; x_wconf 88' lang='lat' dir='ltr'><strong>retulit</strong></span> <span class='ocrx_word' id='word_1_47' title='bbox 1647 1047 1697 1102; x_wconf 92' lang='lat' dir='ltr'><strong>ei</strong></span> <span class='ocrx_word' id='word_1_48' title='bbox 1717 1045 1918 1116; x_wconf 81' lang='lat' dir='ltr'><strong>gratias</strong></span> <span class='ocrx_word' id='word_1_49' title='bbox 1939 1043 2004 1098; x_wconf 92' lang='lat' dir='ltr'><strong>de</strong></span> <span class='ocrx_word' id='word_1_50' title='bbox 2023 1043 2102 1097; x_wconf 91' lang='lat' dir='ltr'><strong>vi-</strong></span> 
     </span>
    </p>
   </div>
   <div class='ocr_carea' id='block_1_9' title="bbox 520 1134 2102 1210">
    <p class='ocr_par' dir='ltr' id='par_1_9' title="bbox 520 1134 2102 1210">
     <span class='ocr_line' id='line_1_9' title="bbox 520 1134 2102 1210; baseline -0.011 -5"><span class='ocrx_word' id='word_1_51' title='bbox 520 1149 691 1205; x_wconf 90' lang='lat' dir='ltr'><strong>ctoria</strong></span> <span class='ocrx_word' id='word_1_52' title='bbox 715 1148 818 1205; x_wconf 89' lang='lat' dir='ltr'><strong>sibi</strong></span> <span class='ocrx_word' id='word_1_53' title='bbox 850 1148 918 1203; x_wconf 88' lang='lat' dir='ltr'><strong>ab</strong></span> <span class='ocrx_word' id='word_1_54' title='bbox 946 1146 1036 1202; x_wconf 93' lang='lat' dir='ltr'><strong>illo</strong></span> <span class='ocrx_word' id='word_1_55' title='bbox 1063 1144 1276 1209; x_wconf 90' lang='lat' dir='ltr'><strong>collata,</strong></span> <span class='ocrx_word' id='word_1_56' title='bbox 1309 1141 1403 1198; x_wconf 91' lang='lat' dir='ltr'><strong>sed</strong></span> <span class='ocrx_word' id='word_1_57' title='bbox 1425 1141 1482 1196; x_wconf 90' lang='lat' dir='ltr'><strong>in</strong></span> <span class='ocrx_word' id='word_1_58' title='bbox 1509 1138 1816 1210; x_wconf 85' lang='lat' dir='ltr'><strong>superbiam</strong></span> <span class='ocrx_word' id='word_1_59' title='bbox 1843 1152 1900 1192; x_wconf 90' lang='lat' dir='ltr'><strong>se</strong></span> <span class='ocrx_word' id='word_1_60' title='bbox 1924 1134 2102 1191; x_wconf 80' lang='lat' dir='ltr'><strong>erexit</strong></span> 
     </span>
    </p>
   </div>
   <div class='ocr_carea' id='block_1_10' title="bbox 521 1225 2100 1312">
    <p class='ocr_par' dir='ltr' id='par_1_10' title="bbox 521 1225 2100 1312">
     <span class='ocr_line' id='line_1_10' title="bbox 521 1225 2100 1312; baseline -0.01 -16"><span class='ocrx_word' id='word_1_61' title='bbox 521 1239 638 1311; x_wconf 86' lang='lat' dir='ltr'><strong>(IV</strong></span> <span class='ocrx_word' id='word_1_62' title='bbox 662 1239 792 1312; x_wconf 84' lang='lat' dir='ltr'><strong>Reg.</strong></span> <span class='ocrx_word' id='word_1_63' title='bbox 822 1255 927 1306; x_wconf 78' lang='lat' dir='ltr'><strong>xx;</strong></span> <span class='ocrx_word' id='word_1_64' title='bbox 958 1236 1024 1292; x_wconf 87' lang='lat' dir='ltr'><strong><em>II</em></strong></span> <span class='ocrx_word' id='word_1_65' title='bbox 1066 1234 1253 1290; x_wconf 86' lang='lat' dir='ltr'><strong>Paral.</strong></span> <span class='ocrx_word' id='word_1_66' title='bbox 1305 1230 1514 1303; x_wconf 76' lang='lat' dir='ltr'><strong>nm).</strong></span> <span class='ocrx_word' id='word_1_67' title='bbox 1563 1250 1582 1282; x_wconf 87' lang='grc'><strong><em>‹</em></strong></span> <span class='ocrx_word' id='word_1_68' title='bbox 1638 1229 1872 1299; x_wconf 91' lang='lat' dir='ltr'><strong>Dispone</strong></span> <span class='ocrx_word' id='word_1_69' title='bbox 1917 1225 2100 1282; x_wconf 90' lang='lat' dir='ltr'><strong>domui</strong></span> 
     </span>
    </p>
   </div>
   <div class='ocr_carea' id='block_1_11' title="bbox 521 1319 2100 1400">
    <p class='ocr_par' dir='ltr' id='par_1_11' title="bbox 521 1319 2100 1400">
     <span class='ocr_line' id='line_1_11' title="bbox 521 1319 2100 1400; baseline -0.011 -11"><span class='ocrx_word' id='word_1_70' title='bbox 521 1342 647 1400; x_wconf 82' lang='lat' dir='ltr'><strong>tuae,</strong></span> <span class='ocrx_word' id='word_1_71' title='bbox 680 1353 701 1387; x_wconf 73' lang='grc' dir='ltr'><strong>ι</strong></span> <span class='ocrx_word' id='word_1_72' title='bbox 745 1332 799 1389; x_wconf 94' lang='lat' dir='ltr'><strong>id</strong></span> <span class='ocrx_word' id='word_1_73' title='bbox 826 1341 933 1400; x_wconf 89' lang='lat' dir='ltr'><strong>est,</strong></span> <span class='ocrx_word' id='word_1_74' title='bbox 955 1329 1178 1397; x_wconf 89' lang='lat' dir='ltr'><strong>ordina,</strong></span> <span class='ocrx_word' id='word_1_75' title='bbox 1219 1327 1312 1398; x_wconf 92' lang='lat' dir='ltr'><strong>qui</strong></span> <span class='ocrx_word' id='word_1_76' title='bbox 1357 1325 1455 1382; x_wconf 88' lang='lat' dir='ltr'><strong>tibi</strong></span> <span class='ocrx_word' id='word_1_77' title='bbox 1501 1323 1791 1382; x_wconf 85' lang='lat' dir='ltr'><strong>succedere</strong></span> <span class='ocrx_word' id='word_1_78' title='bbox 1828 1321 2019 1377; x_wconf 84' lang='lat' dir='ltr'><strong>debeat</strong></span> <span class='ocrx_word' id='word_1_79' title='bbox 2045 1319 2100 1374; x_wconf 93' lang='lat' dir='ltr'><strong>in</strong></span> 
     </span>
    </p>
   </div>
   <div class='ocr_carea' id='block_1_12' title="bbox 520 1439 766 1497">
    <p class='ocr_par' dir='ltr' id='par_1_12' title="bbox 520 1439 766 1497">
     <span class='ocr_line' id='line_1_12' title="bbox 520 1439 766 1497; baseline -0.004 -18"><span class='ocrx_word' id='word_1_80' title='bbox 520 1439 766 1497; x_wconf 78' lang='lat' dir='ltr'><strong>regnum.</strong></span> 
     </span>
    </p>
   </div>
   <div class='ocr_carea' id='block_1_13' title="bbox 595 1504 2100 1579">
    <p class='ocr_par' dir='ltr' id='par_1_13' title="bbox 595 1504 2100 1579">
     <span class='ocr_line' id='line_1_13' title="bbox 595 1504 2100 1579; baseline -0.008 -10"><span class='ocrx_word' id='word_1_81' title='bbox 595 1535 614 1568; x_wconf 74' lang='grc' dir='ltr'><strong>ι</strong></span> <span class='ocrx_word' id='word_1_82' title='bbox 651 1517 718 1571; x_wconf 86' lang='grc' dir='ltr'><em>Ει</em></span> <span class='ocrx_word' id='word_1_83' title='bbox 742 1515 1008 1572; x_wconf 86' lang='lat' dir='ltr'><strong>convertit</strong></span> <span class='ocrx_word' id='word_1_84' title='bbox 1032 1513 1230 1570; x_wconf 80' lang='lat' dir='ltr'><strong>faciem</strong></span> <span class='ocrx_word' id='word_1_85' title='bbox 1254 1526 1406 1568; x_wconf 90' lang='lat' dir='ltr'><strong>suam</strong></span> <span class='ocrx_word' id='word_1_86' title='bbox 1437 1510 1504 1565; x_wconf 93' lang='lat' dir='ltr'><strong>ad</strong></span> <span class='ocrx_word' id='word_1_87' title='bbox 1533 1507 1816 1579; x_wconf 88' lang='lat' dir='ltr'><strong>parietem,</strong></span> <span class='ocrx_word' id='word_1_88' title='bbox 1851 1523 1870 1556; x_wconf 75' lang='grc' dir='ltr'><strong>ι</strong></span> <span class='ocrx_word' id='word_1_89' title='bbox 1909 1504 2100 1560; x_wconf 90' lang='lat' dir='ltr'><strong>domus</strong></span> 
     </span>
    </p>
   </div>
   <div class='ocr_carea' id='block_1_14' title="bbox 521 1596 2096 1676">
    <p class='ocr_par' dir='ltr' id='par_1_14' title="bbox 521 1596 2096 1676">
     <span class='ocr_line' id='line_1_14' title="bbox 521 1596 2096 1676; baseline -0.01 -14"><span class='ocrx_word' id='word_1_90' title='bbox 521 1621 630 1662; x_wconf 66' lang='lat' dir='ltr'><strong>suae</strong></span> <span class='ocrx_word' id='word_1_91' title='bbox 666 1605 750 1660; x_wconf 87' lang='lat' dir='ltr'><strong>vel</strong></span> <span class='ocrx_word' id='word_1_92' title='bbox 775 1604 980 1676; x_wconf 90' lang='lat' dir='ltr'><strong>templi,</strong></span> <span class='ocrx_word' id='word_1_93' title='bbox 1017 1619 1094 1675; x_wconf 89' lang='lat' dir='ltr'><strong>ne</strong></span> <span class='ocrx_word' id='word_1_94' title='bbox 1123 1620 1156 1658; x_wconf 91' lang='lat' dir='ltr'><strong>a</strong></span> <span class='ocrx_word' id='word_1_95' title='bbox 1179 1600 1653 1658; x_wconf 86' lang='lat' dir='ltr'><strong>circumstantibus</strong></span> <span class='ocrx_word' id='word_1_96' title='bbox 1695 1596 1976 1653; x_wconf 87' lang='lat' dir='ltr'><strong>audiretur</strong></span> <span class='ocrx_word' id='word_1_97' title='bbox 2001 1610 2096 1667; x_wconf 80' lang='lat' dir='ltr'><strong>ge-</strong></span> 
     </span>
    </p>
   </div>
   <div class='ocr_carea' id='block_1_15' title="bbox 522 1692 1593 1767">
    <p class='ocr_par' dir='ltr' id='par_1_15' title="bbox 522 1692 1593 1767">
     <span class='ocr_line' id='line_1_15' title="bbox 522 1692 1593 1767; baseline -0.006 -16"><span class='ocrx_word' id='word_1_98' title='bbox 522 1697 684 1752; x_wconf 90' lang='lat' dir='ltr'><strong>mitus</strong></span> <span class='ocrx_word' id='word_1_99' title='bbox 713 1696 860 1767; x_wconf 84' lang='lat' dir='ltr'><strong>ejus,</strong></span> <span class='ocrx_word' id='word_1_100' title='bbox 896 1703 952 1751; x_wconf 89' lang='lat' dir='ltr'><strong>et</strong></span> <span class='ocrx_word' id='word_1_101' title='bbox 976 1695 1288 1750; x_wconf 83' lang='lat' dir='ltr'><strong>viderentur</strong></span> <span class='ocrx_word' id='word_1_102' title='bbox 1323 1692 1593 1763; x_wconf 64' lang='lat' dir='ltr'><strong>lacrymm.</strong></span> 
     </span>
    </p>
   </div>
   <div class='ocr_carea' id='block_1_16' title="bbox 597 1779 2098 1850">
    <p class='ocr_par' dir='ltr' id='par_1_16' title="bbox 597 1779 2098 1850">
     <span class='ocr_line' id='line_1_16' title="bbox 597 1779 2098 1850; baseline -0.006 -9"><span class='ocrx_word' id='word_1_103' title='bbox 597 1808 616 1841; x_wconf 73' lang='grc' dir='ltr'><strong>ι</strong></span> <span class='ocrx_word' id='word_1_104' title='bbox 665 1789 724 1843; x_wconf 90' lang='lat' dir='ltr'><strong>ln</strong></span> <span class='ocrx_word' id='word_1_105' title='bbox 757 1787 982 1843; x_wconf 88' lang='lat' dir='ltr'><strong>veritate</strong></span> <span class='ocrx_word' id='word_1_106' title='bbox 1029 1785 1297 1842; x_wconf 87' lang='lat' dir='ltr'><strong>ambulavi</strong></span> <span class='ocrx_word' id='word_1_107' title='bbox 1343 1800 1528 1840; x_wconf 89' lang='lat' dir='ltr'><strong>coram</strong></span> <span class='ocrx_word' id='word_1_108' title='bbox 1556 1792 1646 1850; x_wconf 91' lang='lat' dir='ltr'><strong>te,</strong></span> <span class='ocrx_word' id='word_1_109' title='bbox 1686 1802 1705 1834; x_wconf 78' lang='grc' dir='ltr'><strong>ι</strong></span> <span class='ocrx_word' id='word_1_110' title='bbox 1740 1782 1843 1837; x_wconf 92' lang='lat' dir='ltr'><strong>hoc</strong></span> <span class='ocrx_word' id='word_1_111' title='bbox 1892 1789 1997 1847; x_wconf 90' lang='lat' dir='ltr'><strong>est,</strong></span> <span class='ocrx_word' id='word_1_112' title='bbox 2044 1779 2098 1833; x_wconf 93' lang='lat' dir='ltr'><strong>in</strong></span> 
     </span>
    </p>
   </div>
   <div class='ocr_carea' id='block_1_17' title="bbox 991 365 3317 440">
    <p class='ocr_par' dir='ltr' id='par_1_17' title="bbox 991 365 3317 440">
     <span class='ocr_line' id='line_1_17' title="bbox 991 365 3317 440; baseline -0.009 0"><span class='ocrx_word' id='word_1_113' title='bbox 991 379 1344 440; x_wconf 70' lang='lat' dir='ltr'><strong>HAYMONIS</strong></span> <span class='ocrx_word' id='word_1_114' title='bbox 1384 377 1861 438; x_wconf 67' lang='lat' dir='ltr'><strong>HALBERSTAT.</strong></span> <span class='ocrx_word' id='word_1_115' title='bbox 1899 373 2112 433; x_wconf 83' lang='lat' dir='ltr'><strong>EPISC.</strong></span> <span class='ocrx_word' id='word_1_116' title='bbox 2155 371 2305 430; x_wconf 86' lang='lat' dir='ltr'><strong>OPP.</strong></span> <span class='ocrx_word' id='word_1_117' title='bbox 2347 369 2525 424; x_wconf 77' lang='lat' dir='ltr'><strong>PARS</strong></span> <span class='ocrx_word' id='word_1_118' title='bbox 2565 368 2606 422; x_wconf 88' lang='lat' dir='ltr'><strong>l.</strong></span> <span class='ocrx_word' id='word_1_119' title='bbox 2643 396 2714 410; x_wconf 88' lang='lat'><strong>—-</strong></span> <span class='ocrx_word' id='word_1_120' title='bbox 2750 365 3105 424; x_wconf 77' lang='lat' dir='ltr'><strong>COMMENT.</strong></span> <span class='ocrx_word' id='word_1_121' title='bbox 3148 365 3317 422; x_wconf 84' lang='lat' dir='ltr'><strong>BIBL.</strong></span> 
     </span>
    </p>
   </div>
   <div class='ocr_carea' id='block_1_18' title="bbox 2135 482 3774 558">
    <p class='ocr_par' dir='ltr' id='par_1_18' title="bbox 2135 482 3774 558">
     <span class='ocr_line' id='line_1_18' title="bbox 2135 482 3774 558; baseline 0 -16"><span class='ocrx_word' id='word_1_122' title='bbox 2135 497 2189 558; x_wconf 73' lang='grc' dir='ltr'>Α</span> <span class='ocrx_word' id='word_1_123' title='bbox 2213 483 2366 544; x_wconf 84' lang='lat' dir='ltr'><strong>audis</strong></span> <span class='ocrx_word' id='word_1_124' title='bbox 2393 485 2572 556; x_wconf 88' lang='lat' dir='ltr'><strong>potius</strong></span> <span class='ocrx_word' id='word_1_125' title='bbox 2602 486 2822 552; x_wconf 88' lang='lat' dir='ltr'><strong>moriar,</strong></span> <span class='ocrx_word' id='word_1_126' title='bbox 2848 493 2903 539; x_wconf 91' lang='lat' dir='ltr'><strong>et</strong></span> <span class='ocrx_word' id='word_1_127' title='bbox 2934 485 3022 540; x_wconf 88' lang='lat' dir='ltr'><strong>ibo</strong></span> <span class='ocrx_word' id='word_1_128' title='bbox 3057 483 3125 538; x_wconf 89' lang='lat' dir='ltr'><strong>ad</strong></span> <span class='ocrx_word' id='word_1_129' title='bbox 3152 483 3440 538; x_wconf 89' lang='lat' dir='ltr'><strong>infernum.</strong></span> <span class='ocrx_word' id='word_1_130' title='bbox 3486 482 3617 540; x_wconf 87' lang='lat' dir='ltr'><strong>illuc</strong></span> <span class='ocrx_word' id='word_1_131' title='bbox 3645 487 3774 542; x_wconf 87' lang='lat' dir='ltr'><strong>enim</strong></span> 
     </span>
    </p>
   </div>
   <div class='ocr_carea' id='block_1_19' title="bbox 3682 371 3777 424">
    <p class='ocr_par' dir='ltr' id='par_1_19' title="bbox 3682 371 3777 424">
     <span class='ocr_line' id='line_1_19' title="bbox 3682 371 3777 424; baseline 0 -1"><span class='ocrx_word' id='word_1_132' title='bbox 3682 371 3777 424; x_wconf 79' lang='grc'><strong>904</strong></span> 
     </span>
    </p>
   </div>
   <div class='ocr_carea' id='block_1_20' title="bbox 2205 577 3774 647">
    <p class='ocr_par' dir='ltr' id='par_1_20' title="bbox 2205 577 3774 647">
     <span class='ocr_line' id='line_1_20' title="bbox 2205 577 3774 647; baseline 0.003 -14"><span class='ocrx_word' id='word_1_133' title='bbox 2205 588 2432 635; x_wconf 89' lang='lat' dir='ltr'><strong>noverat</strong></span> <span class='ocrx_word' id='word_1_134' title='bbox 2466 594 2656 635; x_wconf 90' lang='lat' dir='ltr'><strong>omnes</strong></span> <span class='ocrx_word' id='word_1_135' title='bbox 2691 588 2815 634; x_wconf 85' lang='lat' dir='ltr'><strong>ante</strong></span> <span class='ocrx_word' id='word_1_136' title='bbox 2863 579 3154 633; x_wconf 90' lang='lat' dir='ltr'><strong>adventum</strong></span> <span class='ocrx_word' id='word_1_137' title='bbox 3188 577 3400 633; x_wconf 89' lang='lat' dir='ltr'><strong>Domini</strong></span> <span class='ocrx_word' id='word_1_138' title='bbox 3442 577 3774 647; x_wconf 71' lang='lat' dir='ltr'><strong>descendam,</strong></span> 
     </span>
    </p>
   </div>
   <div class='ocr_carea' id='block_1_21' title="bbox 2205 670 3080 742">
    <p class='ocr_par' dir='ltr' id='par_1_21' title="bbox 2205 670 3080 742">
     <span class='ocr_line' id='line_1_21' title="bbox 2205 670 3080 742; baseline -0.002 -16"><span class='ocrx_word' id='word_1_139' title='bbox 2205 670 2300 726; x_wconf 89' lang='lat' dir='ltr'><strong>sed</strong></span> <span class='ocrx_word' id='word_1_140' title='bbox 2328 670 2486 726; x_wconf 88' lang='lat' dir='ltr'><strong>aliter</strong></span> <span class='ocrx_word' id='word_1_141' title='bbox 2512 671 2650 742; x_wconf 91' lang='lat' dir='ltr'><strong>pios,</strong></span> <span class='ocrx_word' id='word_1_142' title='bbox 2687 670 2844 725; x_wconf 89' lang='lat' dir='ltr'><strong>aliter</strong></span> <span class='ocrx_word' id='word_1_143' title='bbox 2867 670 3080 740; x_wconf 92' lang='lat' dir='ltr'><strong>impios.</strong></span> 
     </span>
    </p>
   </div>
   <div class='ocr_carea' id='block_1_22' title="bbox 2281 760 3772 830">
    <p class='ocr_par' dir='ltr' id='par_1_22' title="bbox 2281 760 3772 830">
     <span class='ocr_line' id='line_1_22' title="bbox 2281 760 3772 830; baseline 0.005 -16"><span class='ocrx_word' id='word_1_144' title='bbox 2281 781 2299 814; x_wconf 75' lang='grc' dir='ltr'><strong>ι</strong></span> <span class='ocrx_word' id='word_1_145' title='bbox 2335 760 2568 829; x_wconf 68' lang='grc' dir='ltr'><strong>ρατιξείνί</strong></span> <span class='ocrx_word' id='word_1_146' title='bbox 2613 761 2885 817; x_wconf 87' lang='lat' dir='ltr'><strong>residuum</strong></span> <span class='ocrx_word' id='word_1_147' title='bbox 2913 777 3179 816; x_wconf 89' lang='lat' dir='ltr'><strong>annorum</strong></span> <span class='ocrx_word' id='word_1_148' title='bbox 3227 777 3494 826; x_wconf 89' lang='lat' dir='ltr'><strong>meorum,</strong></span> <span class='ocrx_word' id='word_1_149' title='bbox 3533 782 3554 816; x_wconf 72' lang='grc' dir='ltr'><strong>ι</strong></span> <span class='ocrx_word' id='word_1_150' title='bbox 3590 764 3642 818; x_wconf 93' lang='lat' dir='ltr'><strong>id</strong></span> <span class='ocrx_word' id='word_1_151' title='bbox 3686 775 3772 830; x_wconf 89' lang='lat' dir='ltr'><strong>est,</strong></span> 
     </span>
    </p>
   </div>
   <div class='ocr_carea' id='block_1_23' title="bbox 2204 854 3773 927">
    <p class='ocr_par' dir='ltr' id='par_1_23' title="bbox 2204 854 3773 927">
     <span class='ocr_line' id='line_1_23' title="bbox 2204 854 3773 927; baseline 0.003 -19"><span class='ocrx_word' id='word_1_152' title='bbox 2204 856 2424 926; x_wconf 79' lang='lat' dir='ltr'><strong>quaesivi</strong></span> <span class='ocrx_word' id='word_1_153' title='bbox 2453 856 2656 910; x_wconf 91' lang='lat' dir='ltr'><strong>orando</strong></span> <span class='ocrx_word' id='word_1_154' title='bbox 2681 854 2918 910; x_wconf 91' lang='lat' dir='ltr'><strong>sublatos</strong></span> <span class='ocrx_word' id='word_1_155' title='bbox 2944 855 3077 909; x_wconf 90' lang='lat' dir='ltr'><strong>mihi</strong></span> <span class='ocrx_word' id='word_1_156' title='bbox 3107 855 3174 910; x_wconf 91' lang='lat' dir='ltr'><strong>ob</strong></span> <span class='ocrx_word' id='word_1_157' title='bbox 3198 863 3480 925; x_wconf 90' lang='lat' dir='ltr'><strong>peccatum</strong></span> <span class='ocrx_word' id='word_1_158' title='bbox 3532 860 3773 927; x_wconf 72' lang='lat' dir='ltr'><strong>superbis:</strong></span> 
     </span>
    </p>
   </div>
   <div class='ocr_carea' id='block_1_24' title="bbox 2205 947 3771 1018">
    <p class='ocr_par' dir='ltr' id='par_1_24' title="bbox 2205 947 3771 1018">
     <span class='ocr_line' id='line_1_24' title="bbox 2205 947 3771 1018; baseline 0.003 -17"><span class='ocrx_word' id='word_1_159' title='bbox 2205 962 2373 1002; x_wconf 89' lang='lat' dir='ltr'><strong>annos</strong></span> <span class='ocrx_word' id='word_1_160' title='bbox 2397 963 2425 1000; x_wconf 92' lang='lat' dir='ltr'><strong>a</strong></span> <span class='ocrx_word' id='word_1_161' title='bbox 2452 949 2583 1003; x_wconf 90' lang='lat' dir='ltr'><strong>Deo.</strong></span> <span class='ocrx_word' id='word_1_162' title='bbox 2619 966 2638 999; x_wconf 69' lang='grc' dir='ltr'><strong>ι</strong></span> <span class='ocrx_word' id='word_1_163' title='bbox 2674 947 2792 1002; x_wconf 81' lang='lat' dir='ltr'><strong>Dixi</strong></span> <span class='ocrx_word' id='word_1_164' title='bbox 2833 967 2851 999; x_wconf 80' lang='grc' dir='ltr'><strong>ι</strong></span> <span class='ocrx_word' id='word_1_165' title='bbox 2887 947 3026 1018; x_wconf 91' lang='lat' dir='ltr'><strong>apud</strong></span> <span class='ocrx_word' id='word_1_166' title='bbox 3055 961 3171 1014; x_wconf 89' lang='lat' dir='ltr'><strong>me,</strong></span> <span class='ocrx_word' id='word_1_167' title='bbox 3201 949 3408 1018; x_wconf 90' lang='lat' dir='ltr'><strong>positus</strong></span> <span class='ocrx_word' id='word_1_168' title='bbox 3456 948 3514 1002; x_wconf 90' lang='lat' dir='ltr'><strong>in</strong></span> <span class='ocrx_word' id='word_1_169' title='bbox 3567 949 3771 1005; x_wconf 84' lang='lat' dir='ltr'><strong>inﬁrmi-</strong></span> 
     </span>
    </p>
   </div>
   <div class='ocr_carea' id='block_1_25' title="bbox 2205 1038 3765 1098">
    <p class='ocr_par' dir='ltr' id='par_1_25' title="bbox 2205 1038 3765 1098">
     <span class='ocr_line' id='line_1_25' title="bbox 2205 1038 3765 1098; baseline 0.003 -4"><span class='ocrx_word' id='word_1_170' title='bbox 2205 1047 2337 1096; x_wconf 85' lang='lat' dir='ltr'><strong>tate.</strong></span> <span class='ocrx_word' id='word_1_171' title='bbox 2371 1059 2389 1091; x_wconf 87' lang='grc'><strong><em>‹</em></strong></span> <span class='ocrx_word' id='word_1_172' title='bbox 2418 1038 2535 1094; x_wconf 85' lang='lat' dir='ltr'><strong>Non</strong></span> <span class='ocrx_word' id='word_1_173' title='bbox 2563 1038 2754 1096; x_wconf 85' lang='lat' dir='ltr'><strong>videbo</strong></span> <span class='ocrx_word' id='word_1_174' title='bbox 2783 1039 2950 1094; x_wconf 87' lang='lat' dir='ltr'><strong>Deum</strong></span> <span class='ocrx_word' id='word_1_175' title='bbox 2976 1039 3144 1094; x_wconf 80' lang='lat' dir='ltr'><strong>Deum</strong></span> <span class='ocrx_word' id='word_1_176' title='bbox 3175 1041 3228 1094; x_wconf 90' lang='lat' dir='ltr'><strong>in</strong></span> <span class='ocrx_word' id='word_1_177' title='bbox 3255 1049 3398 1095; x_wconf 87' lang='lat' dir='ltr'><strong>terra</strong></span> <span class='ocrx_word' id='word_1_178' title='bbox 3425 1041 3765 1098; x_wconf 69' lang='lat' dir='ltr'><strong>viventium.)</strong></span> 
     </span>
    </p>
   </div>
   <div class='ocr_carea' id='block_1_26' title="bbox 2278 1131 3767 1202">
    <p class='ocr_par' dir='ltr' id='par_1_26' title="bbox 2278 1131 3767 1202">
     <span class='ocr_line' id='line_1_26' title="bbox 2278 1131 3767 1202; baseline 0.002 -17"><span class='ocrx_word' id='word_1_179' title='bbox 2278 1151 2298 1184; x_wconf 85' lang='grc'><em>‹</em></span> <span class='ocrx_word' id='word_1_180' title='bbox 2331 1131 2448 1186; x_wconf 85' lang='lat' dir='ltr'><strong>Non</strong></span> <span class='ocrx_word' id='word_1_181' title='bbox 2476 1132 2732 1202; x_wconf 91' lang='lat' dir='ltr'><strong>aspiciam</strong></span> <span class='ocrx_word' id='word_1_182' title='bbox 2787 1132 3059 1186; x_wconf 88' lang='lat' dir='ltr'><strong>hominem</strong></span> <span class='ocrx_word' id='word_1_183' title='bbox 3108 1131 3282 1198; x_wconf 88' lang='lat' dir='ltr'><strong>ultra,</strong></span> <span class='ocrx_word' id='word_1_184' title='bbox 3337 1142 3394 1186; x_wconf 88' lang='lat' dir='ltr'><strong>et</strong></span> <span class='ocrx_word' id='word_1_185' title='bbox 3427 1132 3767 1189; x_wconf 81' lang='lat' dir='ltr'><strong>habitatorem</strong></span> 
     </span>
    </p>
   </div>
   <div class='ocr_carea' id='block_1_27' title="bbox 2203 1222 3764 1293">
    <p class='ocr_par' dir='ltr' id='par_1_27' title="bbox 2203 1222 3764 1293">
     <span class='ocr_line' id='line_1_27' title="bbox 2203 1222 3764 1293; baseline 0.002 -16"><span class='ocrx_word' id='word_1_186' title='bbox 2203 1222 2420 1293; x_wconf 87' lang='lat' dir='ltr'><strong>quietis.</strong></span> <span class='ocrx_word' id='word_1_187' title='bbox 2457 1243 2477 1275; x_wconf 73' lang='grc' dir='ltr'><strong>ι</strong></span> <span class='ocrx_word' id='word_1_188' title='bbox 2513 1222 2740 1289; x_wconf 85' lang='lat' dir='ltr'><strong>Quidam</strong></span> <span class='ocrx_word' id='word_1_189' title='bbox 2771 1223 2985 1278; x_wconf 88' lang='lat' dir='ltr'><strong>codices</strong></span> <span class='ocrx_word' id='word_1_190' title='bbox 3029 1224 3232 1278; x_wconf 82' lang='lat' dir='ltr'><strong>habent</strong></span> <span class='ocrx_word' id='word_1_191' title='bbox 3261 1223 3555 1279; x_wconf 89' lang='lat' dir='ltr'><strong>Dominum</strong></span> <span class='ocrx_word' id='word_1_192' title='bbox 3585 1225 3764 1280; x_wconf 88' lang='lat' dir='ltr'><strong>Deum:</strong></span> 
     </span>
    </p>
   </div>
   <div class='ocr_carea' id='block_1_28' title="bbox 2201 1313 3763 1385">
    <p class='ocr_par' dir='ltr' id='par_1_28' title="bbox 2201 1313 3763 1385">
     <span class='ocr_line' id='line_1_28' title="bbox 2201 1313 3763 1385; baseline 0.002 -16"><span class='ocrx_word' id='word_1_193' title='bbox 2201 1314 2297 1369; x_wconf 88' lang='lat' dir='ltr'><strong>sed</strong></span> <span class='ocrx_word' id='word_1_194' title='bbox 2323 1313 2458 1369; x_wconf 89' lang='lat' dir='ltr'><strong>falso</strong></span> <span class='ocrx_word' id='word_1_195' title='bbox 2501 1315 2760 1384; x_wconf 89' lang='lat' dir='ltr'><strong>scriptum</strong></span> <span class='ocrx_word' id='word_1_196' title='bbox 2786 1322 2885 1368; x_wconf 89' lang='lat' dir='ltr'><strong>est.</strong></span> <span class='ocrx_word' id='word_1_197' title='bbox 2917 1313 3008 1368; x_wconf 89' lang='lat' dir='ltr'><strong>Bis</strong></span> <span class='ocrx_word' id='word_1_198' title='bbox 3035 1315 3179 1368; x_wconf 90' lang='lat' dir='ltr'><strong>enim</strong></span> <span class='ocrx_word' id='word_1_199' title='bbox 3204 1316 3374 1385; x_wconf 87' lang='lat' dir='ltr'><strong>repeti</strong></span> <span class='ocrx_word' id='word_1_200' title='bbox 3405 1316 3577 1371; x_wconf 85' lang='lat' dir='ltr'><strong>debet</strong></span> <span class='ocrx_word' id='word_1_201' title='bbox 3604 1316 3763 1382; x_wconf 86' lang='lat' dir='ltr'><strong>Deum,</strong></span> 
     </span>
    </p>
   </div>
   <div class='ocr_carea' id='block_1_29' title="bbox 2201 1404 3765 1476">
    <p class='ocr_par' dir='ltr' id='par_1_29' title="bbox 2201 1404 3765 1476">
     <span class='ocr_line' id='line_1_29' title="bbox 2201 1404 3765 1476; baseline 0.003 -16"><span class='ocrx_word' id='word_1_202' title='bbox 2201 1405 2343 1460; x_wconf 88' lang='lat' dir='ltr'><strong>sicut</strong></span> <span class='ocrx_word' id='word_1_203' title='bbox 2370 1407 2560 1461; x_wconf 87' lang='lat' dir='ltr'><strong>beatus</strong></span> <span class='ocrx_word' id='word_1_204' title='bbox 2606 1404 2964 1476; x_wconf 82' lang='lat' dir='ltr'><strong>Hieronymus</strong></span> <span class='ocrx_word' id='word_1_205' title='bbox 2999 1405 3149 1460; x_wconf 88' lang='lat' dir='ltr'><strong>dicit.</strong></span> <span class='ocrx_word' id='word_1_206' title='bbox 3183 1405 3414 1473; x_wconf 86' lang='lat' dir='ltr'><strong>Quidam</strong></span> <span class='ocrx_word' id='word_1_207' title='bbox 3465 1408 3635 1462; x_wconf 88' lang='lat' dir='ltr'><strong>etiam</strong></span> <span class='ocrx_word' id='word_1_208' title='bbox 3662 1410 3765 1464; x_wconf 80' lang='lat' dir='ltr'><strong>divi-</strong></span> 
     </span>
    </p>
   </div>
   <div class='ocr_carea' id='block_1_30' title="bbox 2202 1495 3761 1567">
    <p class='ocr_par' dir='ltr' id='par_1_30' title="bbox 2202 1495 3761 1567">
     <span class='ocr_line' id='line_1_30' title="bbox 2202 1495 3761 1567; baseline 0.002 -17"><span class='ocrx_word' id='word_1_209' title='bbox 2202 1495 2336 1550; x_wconf 91' lang='lat' dir='ltr'><strong>dunt</strong></span> <span class='ocrx_word' id='word_1_210' title='bbox 2371 1497 2445 1552; x_wconf 89' lang='lat' dir='ltr'><strong>ita</strong></span> <span class='ocrx_word' id='word_1_211' title='bbox 2480 1515 2493 1550; x_wconf 91' lang='lat'><strong>:</strong></span> <span class='ocrx_word' id='word_1_212' title='bbox 2527 1495 2645 1552; x_wconf 86' lang='lat' dir='ltr'><strong>Non</strong></span> <span class='ocrx_word' id='word_1_213' title='bbox 2673 1497 2931 1567; x_wconf 90' lang='lat' dir='ltr'><strong>aspiciam</strong></span> <span class='ocrx_word' id='word_1_214' title='bbox 2960 1496 3230 1552; x_wconf 86' lang='lat' dir='ltr'><strong>hominem</strong></span> <span class='ocrx_word' id='word_1_215' title='bbox 3254 1498 3418 1564; x_wconf 89' lang='lat' dir='ltr'><strong>ultra,</strong></span> <span class='ocrx_word' id='word_1_216' title='bbox 3436 1507 3496 1553; x_wconf 90' lang='lat' dir='ltr'><strong>et</strong></span> <span class='ocrx_word' id='word_1_217' title='bbox 3531 1499 3761 1554; x_wconf 62' lang='lat' dir='ltr'><strong>habitata.</strong></span> 
     </span>
    </p>
   </div>
   <div class='ocr_carea' id='block_1_31' title="bbox 2202 1590 3762 1667">
    <p class='ocr_par' dir='ltr' id='par_1_31' title="bbox 2202 1590 3762 1667">
     <span class='ocr_line' id='line_1_31' title="bbox 2202 1590 3762 1667; baseline 0.004 -23"><span class='ocrx_word' id='word_1_218' title='bbox 2202 1605 2334 1654; x_wconf 91' lang='lat' dir='ltr'><strong>rem,</strong></span> <span class='ocrx_word' id='word_1_219' title='bbox 2369 1590 2722 1646; x_wconf 89' lang='lat' dir='ltr'><strong>terminantes</strong></span> <span class='ocrx_word' id='word_1_220' title='bbox 2755 1591 2828 1645; x_wconf 91' lang='lat' dir='ltr'><strong>ibi</strong></span> <span class='ocrx_word' id='word_1_221' title='bbox 2874 1607 3124 1658; x_wconf 90' lang='lat' dir='ltr'><strong>versum;</strong></span> <span class='ocrx_word' id='word_1_222' title='bbox 3151 1602 3206 1648; x_wconf 92' lang='lat' dir='ltr'><strong>et</strong></span> <span class='ocrx_word' id='word_1_223' title='bbox 3230 1594 3297 1648; x_wconf 93' lang='lat' dir='ltr'><strong>ad</strong></span> <span class='ocrx_word' id='word_1_224' title='bbox 3346 1598 3634 1666; x_wconf 86' lang='lat' dir='ltr'><strong>sequentia</strong></span> <span class='ocrx_word' id='word_1_225' title='bbox 3667 1599 3762 1667; x_wconf 82' lang='lat' dir='ltr'><strong>jun-</strong></span> 
     </span>
    </p>
   </div>
   <div class='ocr_carea' id='block_1_32' title="bbox 2201 1682 3757 1757">
    <p class='ocr_par' dir='ltr' id='par_1_32' title="bbox 2201 1682 3757 1757">
     <span class='ocr_line' id='line_1_32' title="bbox 2201 1682 3757 1757; baseline 0.004 -21"><span class='ocrx_word' id='word_1_226' title='bbox 2201 1692 2334 1755; x_wconf 89' lang='lat' dir='ltr'><strong>gunt</strong></span> <span class='ocrx_word' id='word_1_227' title='bbox 2363 1701 2375 1737; x_wconf 92' lang='lat'>:</span> <span class='ocrx_word' id='word_1_228' title='bbox 2401 1682 2617 1750; x_wconf 86' lang='lat' dir='ltr'><strong>Quievit</strong></span> <span class='ocrx_word' id='word_1_229' title='bbox 2645 1685 2921 1755; x_wconf 83' lang='lat' dir='ltr'><strong>generatio</strong></span> <span class='ocrx_word' id='word_1_230' title='bbox 2952 1701 3089 1740; x_wconf 90' lang='lat' dir='ltr'><strong>mea.</strong></span> <span class='ocrx_word' id='word_1_231' title='bbox 3122 1685 3188 1740; x_wconf 88' lang='lat' dir='ltr'><strong>Et</strong></span> <span class='ocrx_word' id='word_1_232' title='bbox 3215 1685 3408 1742; x_wconf 89' lang='lat' dir='ltr'><strong>beatus</strong></span> <span class='ocrx_word' id='word_1_233' title='bbox 3429 1689 3648 1757; x_wconf 80' lang='lat' dir='ltr'><strong>quidem</strong></span> <span class='ocrx_word' id='word_1_234' title='bbox 3667 1688 3757 1743; x_wconf 81' lang='lat' dir='ltr'><strong>Ilie-</strong></span> 
     </span>
    </p>
   </div>
   <div class='ocr_carea' id='block_1_33' title="bbox 2201 1779 3755 1852">
    <p class='ocr_par' dir='ltr' id='par_1_33' title="bbox 2201 1779 3755 1852">
     <span class='ocr_line' id='line_1_33' title="bbox 2201 1779 3755 1852; baseline 0.003 -21"><span class='ocrx_word' id='word_1_235' title='bbox 2201 1792 2458 1848; x_wconf 86' lang='lat' dir='ltr'><strong>ronymus</strong></span> <span class='ocrx_word' id='word_1_236' title='bbox 2512 1787 2731 1848; x_wconf 85' lang='lat' dir='ltr'><strong>propter</strong></span> <span class='ocrx_word' id='word_1_237' title='bbox 2773 1779 3178 1850; x_wconf 81' lang='lat' dir='ltr'><strong>ambiguitatem</strong></span> <span class='ocrx_word' id='word_1_238' title='bbox 3233 1781 3383 1835; x_wconf 87' lang='lat' dir='ltr'><strong>verbi</strong></span> <span class='ocrx_word' id='word_1_239' title='bbox 3436 1782 3669 1852; x_wconf 86' lang='lat' dir='ltr'><strong>primum</strong></span> <span class='ocrx_word' id='word_1_240' title='bbox 3707 1785 3755 1836; x_wconf 74' lang='lat' dir='ltr'><strong>ita</strong></span> 
     </span>
    </p>
   </div>
   <div class='ocr_carea' id='block_1_34' title="bbox 521 1870 3750 1955">
    <p class='ocr_par' dir='ltr' id='par_1_34' title="bbox 521 1870 3750 1955">
     <span class='ocr_line' id='line_1_34' title="bbox 521 1870 3750 1955; baseline -0.002 -18"><span class='ocrx_word' id='word_1_241' title='bbox 521 1882 667 1937; x_wconf 89' lang='lat' dir='ltr'><strong>cultu</strong></span> <span class='ocrx_word' id='word_1_242' title='bbox 692 1881 964 1953; x_wconf 86' lang='lat' dir='ltr'><strong>religionis</strong></span> <span class='ocrx_word' id='word_1_243' title='bbox 996 1901 1013 1934; x_wconf 74' lang='grc' dir='ltr'><strong>ε</strong></span> <span class='ocrx_word' id='word_1_244' title='bbox 1041 1881 1095 1936; x_wconf 87' lang='lat' dir='ltr'><strong>in</strong></span> <span class='ocrx_word' id='word_1_245' title='bbox 1126 1881 1290 1936; x_wconf 89' lang='lat' dir='ltr'><strong>corde</strong></span> <span class='ocrx_word' id='word_1_246' title='bbox 1317 1878 1574 1950; x_wconf 86' lang='lat' dir='ltr'><strong>perfecto,</strong></span> <span class='ocrx_word' id='word_1_247' title='bbox 1603 1898 1623 1931; x_wconf 72' lang='grc' dir='ltr'><strong>ι</strong></span> <span class='ocrx_word' id='word_1_248' title='bbox 1660 1892 1767 1932; x_wconf 92' lang='lat' dir='ltr'><strong>non</strong></span> <span class='ocrx_word' id='word_1_249' title='bbox 1792 1875 2102 1931; x_wconf 85' lang='lat' dir='ltr'><strong>claudicans</strong></span> <span class='ocrx_word' id='word_1_250' title='bbox 2131 1895 2177 1955; x_wconf 82' lang='lat' dir='ltr'><strong>B</strong></span> <span class='ocrx_word' id='word_1_251' title='bbox 2206 1871 2496 1938; x_wconf 87' lang='lat' dir='ltr'><strong>transtulit,</strong></span> <span class='ocrx_word' id='word_1_252' title='bbox 2531 1870 2622 1927; x_wconf 90' lang='lat' dir='ltr'><strong>sed</strong></span> <span class='ocrx_word' id='word_1_253' title='bbox 2670 1882 2856 1943; x_wconf 88' lang='lat' dir='ltr'><strong>postea</strong></span> <span class='ocrx_word' id='word_1_254' title='bbox 2886 1873 3123 1928; x_wconf 76' lang='lat' dir='ltr'><strong>correxit</strong></span> <span class='ocrx_word' id='word_1_255' title='bbox 3158 1875 3531 1931; x_wconf 83' lang='lat' dir='ltr'><strong>habitatorem</strong></span> <span class='ocrx_word' id='word_1_256' title='bbox 3581 1881 3750 1947; x_wconf 86' lang='lat' dir='ltr'><strong>quietis.</strong></span> 
     </span>
    </p>
   </div>
   <div class='ocr_carea' id='block_1_35' title="bbox 520 1968 2098 2044">
    <p class='ocr_par' dir='ltr' id='par_1_35' title="bbox 520 1968 2098 2044">
     <span class='ocr_line' id='line_1_35' title="bbox 520 1968 2098 2044; baseline -0.004 -15"><span class='ocrx_word' id='word_1_257' title='bbox 520 1981 642 2044; x_wconf 77' lang='lat' dir='ltr'><strong>post</strong></span> <span class='ocrx_word' id='word_1_258' title='bbox 680 1973 838 2029; x_wconf 88' lang='lat' dir='ltr'><strong>idola.</strong></span> <span class='ocrx_word' id='word_1_259' title='bbox 883 1971 1036 2040; x_wconf 77' lang='lat' dir='ltr'><strong>Quod</strong></span> <span class='ocrx_word' id='word_1_260' title='bbox 1063 1973 1264 2029; x_wconf 91' lang='lat' dir='ltr'><strong>bonum</strong></span> <span class='ocrx_word' id='word_1_261' title='bbox 1295 1971 1397 2026; x_wconf 87' lang='lat' dir='ltr'><strong>fuit</strong></span> <span class='ocrx_word' id='word_1_262' title='bbox 1425 1973 1480 2026; x_wconf 94' lang='lat' dir='ltr'><strong>in</strong></span> <span class='ocrx_word' id='word_1_263' title='bbox 1508 1970 1678 2029; x_wconf 81' lang='lat' dir='ltr'><strong>oculis</strong></span> <span class='ocrx_word' id='word_1_264' title='bbox 1723 1969 1932 2025; x_wconf 91' lang='lat' dir='ltr'><strong>Domini</strong></span> <span class='ocrx_word' id='word_1_265' title='bbox 1961 1968 2098 2036; x_wconf 90' lang='lat' dir='ltr'><strong>feci,</strong></span> 
     </span>
    </p>
   </div>
   <div class='ocr_carea' id='block_1_36' title="bbox 520 2058 2100 2136">
    <p class='ocr_par' dir='ltr' id='par_1_36' title="bbox 520 2058 2100 2136">
     <span class='ocr_line' id='line_1_36' title="bbox 520 2058 2100 2136; baseline -0.004 -17"><span class='ocrx_word' id='word_1_266' title='bbox 520 2065 646 2134; x_wconf 87' lang='lat' dir='ltr'><strong>quia</strong></span> <span class='ocrx_word' id='word_1_267' title='bbox 673 2064 815 2120; x_wconf 91' lang='lat' dir='ltr'><strong>idola</strong></span> <span class='ocrx_word' id='word_1_268' title='bbox 840 2080 960 2136; x_wconf 70' lang='lat' dir='ltr'><strong>qua:</strong></span> <span class='ocrx_word' id='word_1_269' title='bbox 984 2073 1138 2133; x_wconf 89' lang='lat' dir='ltr'><strong>pater</strong></span> <span class='ocrx_word' id='word_1_270' title='bbox 1157 2064 1272 2134; x_wconf 84' lang='lat' dir='ltr'><strong>ejus</strong></span> <span class='ocrx_word' id='word_1_271' title='bbox 1302 2063 1507 2118; x_wconf 85' lang='lat' dir='ltr'><strong>fecerat</strong></span> <span class='ocrx_word' id='word_1_272' title='bbox 1545 2062 1830 2118; x_wconf 79' lang='lat' dir='ltr'><strong>destruxit.</strong></span> <span class='ocrx_word' id='word_1_273' title='bbox 1859 2060 1926 2114; x_wconf 88' lang='lat' dir='ltr'><strong>Et</strong></span> <span class='ocrx_word' id='word_1_274' title='bbox 1963 2058 2100 2114; x_wconf 90' lang='lat' dir='ltr'><strong>ostia</strong></span> 
     </span>
    </p>
   </div>
   <div class='ocr_carea' id='block_1_37' title="bbox 521 2144 2111 2226">
    <p class='ocr_par' dir='ltr' id='par_1_37' title="bbox 521 2144 2111 2226">
     <span class='ocr_line' id='line_1_37' title="bbox 521 2144 2111 2226; baseline -0.005 -16"><span class='ocrx_word' id='word_1_275' title='bbox 521 2157 712 2211; x_wconf 91' lang='lat' dir='ltr'><strong>domus</strong></span> <span class='ocrx_word' id='word_1_276' title='bbox 744 2155 977 2222; x_wconf 89' lang='lat' dir='ltr'><strong>Domini,</strong></span> <span class='ocrx_word' id='word_1_277' title='bbox 1015 2171 1134 2226; x_wconf 74' lang='lat' dir='ltr'><strong>qua:</strong></span> <span class='ocrx_word' id='word_1_278' title='bbox 1165 2154 1434 2209; x_wconf 89' lang='lat' dir='ltr'><strong>clauserat</strong></span> <span class='ocrx_word' id='word_1_279' title='bbox 1464 2153 1658 2223; x_wconf 90' lang='lat' dir='ltr'><strong>impius</strong></span> <span class='ocrx_word' id='word_1_280' title='bbox 1703 2151 1914 2222; x_wconf 88' lang='lat' dir='ltr'><strong>genitor</strong></span> <span class='ocrx_word' id='word_1_281' title='bbox 1959 2144 2111 2219; x_wconf 69' lang='lat' dir='ltr'><strong>ejus,‘</strong></span> 
     </span>
    </p>
   </div>
   <div class='ocr_carea' id='block_1_38' title="bbox 523 2227 2099 2319">
    <p class='ocr_par' dir='ltr' id='par_1_38' title="bbox 523 2227 2099 2319">
     <span class='ocr_line' id='line_1_38' title="bbox 523 2227 2099 2319; baseline -0.003 -18"><span class='ocrx_word' id='word_1_282' title='bbox 523 2247 634 2318; x_wconf 90' lang='lat' dir='ltr'><strong>ipse</strong></span> <span class='ocrx_word' id='word_1_283' title='bbox 655 2248 880 2319; x_wconf 89' lang='lat' dir='ltr'><strong>aperuit,</strong></span> <span class='ocrx_word' id='word_1_284' title='bbox 906 2256 961 2303; x_wconf 90' lang='lat' dir='ltr'><strong>et</strong></span> <span class='ocrx_word' id='word_1_285' title='bbox 975 2255 1276 2317; x_wconf 86' lang='lat' dir='ltr'><strong>serpentem</strong></span> <span class='ocrx_word' id='word_1_286' title='bbox 1297 2227 1503 2302; x_wconf 67' lang='lat' dir='ltr'><strong>aeneum</strong></span> <span class='ocrx_word' id='word_1_287' title='bbox 1525 2246 1616 2316; x_wconf 92' lang='lat' dir='ltr'><strong>qui</strong></span> <span class='ocrx_word' id='word_1_288' title='bbox 1640 2254 1757 2300; x_wconf 89' lang='lat' dir='ltr'><strong>erat</strong></span> <span class='ocrx_word' id='word_1_289' title='bbox 1785 2245 1840 2298; x_wconf 91' lang='lat' dir='ltr'><strong>in</strong></span> <span class='ocrx_word' id='word_1_290' title='bbox 1855 2243 2099 2310; x_wconf 87' lang='lat' dir='ltr'><strong>Gabaon,</strong></span> 
     </span>
    </p>
   </div>
   <div class='ocr_carea' id='block_1_39' title="bbox 521 2331 2101 2409">
    <p class='ocr_par' dir='ltr' id='par_1_39' title="bbox 521 2331 2101 2409">
     <span class='ocr_line' id='line_1_39' title="bbox 521 2331 2101 2409; baseline 0.001 -21"><span class='ocrx_word' id='word_1_291' title='bbox 521 2354 679 2409; x_wconf 85' lang='lat' dir='ltr'><strong>quem</strong></span> <span class='ocrx_word' id='word_1_292' title='bbox 704 2331 890 2394; x_wconf 74' lang='grc' dir='ltr'><strong>’.ἰυόωί</strong></span> <span class='ocrx_word' id='word_1_293' title='bbox 936 2338 1254 2403; x_wconf 90' lang='lat' dir='ltr'><strong>adorabant,</strong></span> <span class='ocrx_word' id='word_1_294' title='bbox 1309 2337 1614 2393; x_wconf 90' lang='lat' dir='ltr'><strong>minutatim</strong></span> <span class='ocrx_word' id='word_1_295' title='bbox 1645 2337 1908 2408; x_wconf 81' lang='lat' dir='ltr'><strong>confregit</strong></span> <span class='ocrx_word' id='word_1_296' title='bbox 1952 2345 2008 2391; x_wconf 87' lang='lat' dir='ltr'><strong>et</strong></span> <span class='ocrx_word' id='word_1_297' title='bbox 2047 2336 2101 2391; x_wconf 91' lang='lat' dir='ltr'><strong>in</strong></span> 
     </span>
    </p>
   </div>
   <div class='ocr_carea' id='block_1_40' title="bbox 521 2428 2096 2502">
    <p class='ocr_par' dir='ltr' id='par_1_40' title="bbox 521 2428 2096 2502">
     <span class='ocr_line' id='line_1_40' title="bbox 521 2428 2096 2502; baseline -0.004 -18"><span class='ocrx_word' id='word_1_298' title='bbox 521 2438 740 2486; x_wconf 90' lang='lat' dir='ltr'><strong>ventum</strong></span> <span class='ocrx_word' id='word_1_299' title='bbox 776 2431 994 2502; x_wconf 86' lang='lat' dir='ltr'><strong>sparsit.</strong></span> <span class='ocrx_word' id='word_1_300' title='bbox 1039 2451 1057 2482; x_wconf 86' lang='grc'><strong>‹</strong></span> <span class='ocrx_word' id='word_1_301' title='bbox 1092 2429 1160 2484; x_wconf 87' lang='grc' dir='ltr'><em>Ει</em></span> <span class='ocrx_word' id='word_1_302' title='bbox 1183 2429 1330 2485; x_wconf 91' lang='lat' dir='ltr'><strong>ﬂevit</strong></span> <span class='ocrx_word' id='word_1_303' title='bbox 1372 2428 1497 2485; x_wconf 90' lang='lat' dir='ltr'><strong>ﬂetu</strong></span> <span class='ocrx_word' id='word_1_304' title='bbox 1524 2443 1716 2499; x_wconf 89' lang='lat' dir='ltr'><strong>magno</strong></span> <span class='ocrx_word' id='word_1_305' title='bbox 1758 2428 2041 2483; x_wconf 85' lang='lat' dir='ltr'><strong>Ezechias.</strong></span> <span class='ocrx_word' id='word_1_306' title='bbox 2077 2445 2096 2478; x_wconf 75' lang='grc' dir='ltr'>ι</span> 
     </span>
    </p>
   </div>
   <div class='ocr_carea' id='block_1_41' title="bbox 523 2519 2099 2594">
    <p class='ocr_par' dir='ltr' id='par_1_41' title="bbox 523 2519 2099 2594">
     <span class='ocr_line' id='line_1_41' title="bbox 523 2519 2099 2594; baseline -0.002 -17"><span class='ocrx_word' id='word_1_307' title='bbox 523 2523 642 2578; x_wconf 81' lang='lat' dir='ltr'><strong>Ideo</strong></span> <span class='ocrx_word' id='word_1_308' title='bbox 683 2522 865 2589; x_wconf 89' lang='lat' dir='ltr'><strong>ﬂebat,</strong></span> <span class='ocrx_word' id='word_1_309' title='bbox 895 2523 1022 2594; x_wconf 86' lang='lat' dir='ltr'><strong>quia</strong></span> <span class='ocrx_word' id='word_1_310' title='bbox 1042 2525 1160 2579; x_wconf 91' lang='lat' dir='ltr'><strong>sine</strong></span> <span class='ocrx_word' id='word_1_311' title='bbox 1191 2523 1316 2578; x_wconf 85' lang='lat' dir='ltr'><strong>ﬁliis</strong></span> <span class='ocrx_word' id='word_1_312' title='bbox 1339 2531 1476 2578; x_wconf 92' lang='lat' dir='ltr'><strong>erat.</strong></span> <span class='ocrx_word' id='word_1_313' title='bbox 1508 2523 1576 2577; x_wconf 89' lang='lat' dir='ltr'><strong>Et</strong></span> <span class='ocrx_word' id='word_1_314' title='bbox 1592 2522 1809 2578; x_wconf 90' lang='lat' dir='ltr'><strong>videbat</strong></span> <span class='ocrx_word' id='word_1_315' title='bbox 1845 2522 1895 2574; x_wconf 92' lang='lat' dir='ltr'><strong>in</strong></span> <span class='ocrx_word' id='word_1_316' title='bbox 1919 2535 1979 2575; x_wconf 90' lang='lat' dir='ltr'><strong>se</strong></span> <span class='ocrx_word' id='word_1_317' title='bbox 2003 2519 2099 2574; x_wconf 85' lang='lat' dir='ltr'><strong>de-</strong></span> 
     </span>
    </p>
   </div>
   <div class='ocr_carea' id='block_1_42' title="bbox 520 2611 2102 2685">
    <p class='ocr_par' dir='ltr' id='par_1_42' title="bbox 520 2611 2102 2685">
     <span class='ocr_line' id='line_1_42' title="bbox 520 2611 2102 2685; baseline -0.002 -18"><span class='ocrx_word' id='word_1_318' title='bbox 520 2614 697 2684; x_wconf 80' lang='lat' dir='ltr'><strong>perire</strong></span> <span class='ocrx_word' id='word_1_319' title='bbox 721 2623 940 2685; x_wconf 86' lang='lat' dir='ltr'><strong>propter</strong></span> <span class='ocrx_word' id='word_1_320' title='bbox 975 2622 1197 2685; x_wconf 87' lang='lat' dir='ltr'><strong>peccata</strong></span> <span class='ocrx_word' id='word_1_321' title='bbox 1223 2629 1319 2668; x_wconf 85' lang='lat' dir='ltr'><strong>sua</strong></span> <span class='ocrx_word' id='word_1_322' title='bbox 1351 2612 1765 2684; x_wconf 89' lang='lat' dir='ltr'><strong>promissionem</strong></span> <span class='ocrx_word' id='word_1_323' title='bbox 1788 2611 1954 2678; x_wconf 88' lang='lat' dir='ltr'><strong>illam,</strong></span> <span class='ocrx_word' id='word_1_324' title='bbox 1983 2625 2102 2680; x_wconf 65' lang='lat' dir='ltr'><strong>quze</strong></span> 
     </span>
    </p>
   </div>
   <div class='ocr_carea' id='block_1_43' title="bbox 521 2704 2100 2763">
    <p class='ocr_par' dir='ltr' id='par_1_43' title="bbox 521 2704 2100 2763">
     <span class='ocr_line' id='line_1_43' title="bbox 521 2704 2100 2763; baseline -0.002 -2"><span class='ocrx_word' id='word_1_325' title='bbox 521 2709 588 2763; x_wconf 90' lang='lat' dir='ltr'><strong>ad</strong></span> <span class='ocrx_word' id='word_1_326' title='bbox 615 2706 782 2763; x_wconf 90' lang='lat' dir='ltr'><strong>David</strong></span> <span class='ocrx_word' id='word_1_327' title='bbox 802 2724 833 2762; x_wconf 91' lang='lat' dir='ltr'><strong>a</strong></span> <span class='ocrx_word' id='word_1_328' title='bbox 863 2707 1092 2762; x_wconf 91' lang='lat' dir='ltr'><strong>Domino</strong></span> <span class='ocrx_word' id='word_1_329' title='bbox 1130 2705 1274 2762; x_wconf 90' lang='lat' dir='ltr'><strong>facta</strong></span> <span class='ocrx_word' id='word_1_330' title='bbox 1310 2717 1426 2762; x_wconf 90' lang='lat' dir='ltr'><strong>est:</strong></span> <span class='ocrx_word' id='word_1_331' title='bbox 1456 2727 1474 2758; x_wconf 74' lang='grc' dir='ltr'><strong>ι</strong></span> <span class='ocrx_word' id='word_1_332' title='bbox 1500 2706 1633 2762; x_wconf 87' lang='lat' dir='ltr'><strong>Cum</strong></span> <span class='ocrx_word' id='word_1_333' title='bbox 1660 2704 1946 2761; x_wconf 89' lang='lat' dir='ltr'><strong>dormieris</strong></span> <span class='ocrx_word' id='word_1_334' title='bbox 1975 2719 2100 2759; x_wconf 90' lang='lat' dir='ltr'><strong>cum</strong></span> 
     </span>
    </p>
   </div>
   <div class='ocr_carea' id='block_1_44' title="bbox 521 2800 2102 2878">
    <p class='ocr_par' dir='ltr' id='par_1_44' title="bbox 521 2800 2102 2878">
     <span class='ocr_line' id='line_1_44' title="bbox 521 2800 2102 2878; baseline -0.004 -16"><span class='ocrx_word' id='word_1_335' title='bbox 521 2823 585 2878; x_wconf 93' lang='lat' dir='ltr'><strong>pa</strong></span> <span class='ocrx_word' id='word_1_336' title='bbox 596 2809 768 2863; x_wconf 86' lang='lat' dir='ltr'><strong>tribus</strong></span> <span class='ocrx_word' id='word_1_337' title='bbox 791 2807 918 2874; x_wconf 84' lang='lat' dir='ltr'><strong>tuis,</strong></span> <span class='ocrx_word' id='word_1_338' title='bbox 947 2806 1221 2863; x_wconf 88' lang='lat' dir='ltr'><strong>suscitabo</strong></span> <span class='ocrx_word' id='word_1_339' title='bbox 1241 2821 1425 2861; x_wconf 90' lang='lat' dir='ltr'><strong>semen</strong></span> <span class='ocrx_word' id='word_1_340' title='bbox 1457 2812 1606 2860; x_wconf 92' lang='lat' dir='ltr'><strong>tuum</strong></span> <span class='ocrx_word' id='word_1_341' title='bbox 1629 2803 1771 2875; x_wconf 91' lang='lat' dir='ltr'><strong>quod</strong></span> <span class='ocrx_word' id='word_1_342' title='bbox 1796 2800 2102 2872; x_wconf 83' lang='lat' dir='ltr'><strong>egredietur</strong></span> 
     </span>
    </p>
   </div>
   <div class='ocr_carea' id='block_1_45' title="bbox 521 2894 2102 2970">
    <p class='ocr_par' dir='ltr' id='par_1_45' title="bbox 521 2894 2102 2970">
     <span class='ocr_line' id='line_1_45' title="bbox 521 2894 2102 2970; baseline -0.005 -14"><span class='ocrx_word' id='word_1_343' title='bbox 521 2901 588 2956; x_wconf 90' lang='lat' dir='ltr'><strong>de</strong></span> <span class='ocrx_word' id='word_1_344' title='bbox 618 2901 815 2957; x_wconf 92' lang='lat' dir='ltr'><strong>lumbis</strong></span> <span class='ocrx_word' id='word_1_345' title='bbox 842 2901 968 2966; x_wconf 90' lang='lat' dir='ltr'><strong>tuis,</strong></span> <span class='ocrx_word' id='word_1_346' title='bbox 991 2909 1046 2956; x_wconf 89' lang='lat' dir='ltr'><strong>et</strong></span> <span class='ocrx_word' id='word_1_347' title='bbox 1069 2914 1266 2970; x_wconf 91' lang='lat' dir='ltr'><strong>ponam</strong></span> <span class='ocrx_word' id='word_1_348' title='bbox 1293 2899 1422 2954; x_wconf 94' lang='lat' dir='ltr'><strong>illud</strong></span> <span class='ocrx_word' id='word_1_349' title='bbox 1447 2914 1607 2968; x_wconf 91' lang='lat' dir='ltr'><strong>super</strong></span> <span class='ocrx_word' id='word_1_350' title='bbox 1638 2899 1890 2953; x_wconf 91' lang='lat' dir='ltr'><strong>thronum</strong></span> <span class='ocrx_word' id='word_1_351' title='bbox 1937 2894 2102 2950; x_wconf 88' lang='lat' dir='ltr'><strong>Israel</strong></span> 
     </span>
    </p>
   </div>
   <div class='ocr_carea' id='block_1_46' title="bbox 523 2988 2102 3062">
    <p class='ocr_par' dir='ltr' id='par_1_46' title="bbox 523 2988 2102 3062">
     <span class='ocr_line' id='line_1_46' title="bbox 523 2988 2102 3062; baseline -0.004 -15"><span class='ocrx_word' id='word_1_352' title='bbox 523 2993 576 3047; x_wconf 91' lang='lat' dir='ltr'><strong>in</strong></span> <span class='ocrx_word' id='word_1_353' title='bbox 622 2993 1026 3062; x_wconf 89' lang='lat' dir='ltr'><strong>sempiternum.</strong></span> <span class='ocrx_word' id='word_1_354' title='bbox 1077 2990 1144 3044; x_wconf 88' lang='lat' dir='ltr'><strong>Et</strong></span> <span class='ocrx_word' id='word_1_355' title='bbox 1179 2991 1282 3044; x_wconf 89' lang='lat' dir='ltr'><strong>erit</strong></span> <span class='ocrx_word' id='word_1_356' title='bbox 1306 2989 1438 3044; x_wconf 89' lang='lat' dir='ltr'><strong>mihi</strong></span> <span class='ocrx_word' id='word_1_357' title='bbox 1483 2989 1538 3044; x_wconf 91' lang='lat' dir='ltr'><strong>in</strong></span> <span class='ocrx_word' id='word_1_358' title='bbox 1567 2988 1754 3053; x_wconf 89' lang='lat' dir='ltr'><strong>tilium,</strong></span> <span class='ocrx_word' id='word_1_359' title='bbox 1784 2995 1839 3042; x_wconf 92' lang='lat' dir='ltr'><strong>et</strong></span> <span class='ocrx_word' id='word_1_360' title='bbox 1874 3001 1974 3057; x_wconf 85' lang='lat' dir='ltr'><strong>ego</strong></span> <span class='ocrx_word' id='word_1_361' title='bbox 2006 3000 2102 3040; x_wconf 89' lang='lat' dir='ltr'><strong>ero</strong></span> 
     </span>
    </p>
   </div>
   <div class='ocr_carea' id='block_1_47' title="bbox 523 3076 2094 3152">
    <p class='ocr_par' dir='ltr' id='par_1_47' title="bbox 523 3076 2094 3152">
     <span class='ocr_line' id='line_1_47' title="bbox 523 3076 2094 3152; baseline -0.004 -16"><span class='ocrx_word' id='word_1_362' title='bbox 523 3081 598 3136; x_wconf 85' lang='lat' dir='ltr'><strong>illi</strong></span> <span class='ocrx_word' id='word_1_363' title='bbox 630 3083 681 3136; x_wconf 93' lang='lat' dir='ltr'><strong>in</strong></span> <span class='ocrx_word' id='word_1_364' title='bbox 710 3090 919 3151; x_wconf 85' lang='lat' dir='ltr'><strong>patrem</strong></span> <span class='ocrx_word' id='word_1_365' title='bbox 942 3080 993 3152; x_wconf 89' lang='grc' dir='ltr'><strong>(Ι</strong></span> <span class='ocrx_word' id='word_1_366' title='bbox 1022 3078 1210 3134; x_wconf 81' lang='lat' dir='ltr'><strong>Paral.</strong></span> <span class='ocrx_word' id='word_1_367' title='bbox 1237 3095 1378 3145; x_wconf 79' lang='lat' dir='ltr'><strong>xxn;</strong></span> <span class='ocrx_word' id='word_1_368' title='bbox 1411 3078 1471 3132; x_wconf 88' lang='grc'><strong>11</strong></span> <span class='ocrx_word' id='word_1_369' title='bbox 1502 3078 1627 3150; x_wconf 85' lang='lat' dir='ltr'><strong>Reg.</strong></span> <span class='ocrx_word' id='word_1_370' title='bbox 1658 3095 1762 3145; x_wconf 78' lang='lat' dir='ltr'><strong>vit;</strong></span> <span class='ocrx_word' id='word_1_371' title='bbox 1800 3076 1962 3131; x_wconf 83' lang='lat' dir='ltr'><strong>Hebr.</strong></span> <span class='ocrx_word' id='word_1_372' title='bbox 1989 3076 2050 3148; x_wconf 83' lang='grc' dir='ltr'><strong>ι).</strong></span> <span class='ocrx_word' id='word_1_373' title='bbox 2076 3094 2094 3128; x_wconf 72' lang='grc' dir='ltr'><strong>ι</strong></span> 
     </span>
    </p>
   </div>
   <div class='ocr_carea' id='block_1_48' title="bbox 597 3169 2100 3245">
    <p class='ocr_par' dir='ltr' id='par_1_48' title="bbox 597 3169 2100 3245">
     <span class='ocr_line' id='line_1_48' title="bbox 597 3169 2100 3245; baseline -0.001 -21"><span class='ocrx_word' id='word_1_374' title='bbox 597 3193 615 3224; x_wconf 72' lang='grc' dir='ltr'><strong>ι</strong></span> <span class='ocrx_word' id='word_1_375' title='bbox 649 3173 786 3230; x_wconf 87' lang='lat' dir='ltr'><strong>Ecce</strong></span> <span class='ocrx_word' id='word_1_376' title='bbox 815 3188 913 3245; x_wconf 86' lang='lat' dir='ltr'><strong>ego</strong></span> <span class='ocrx_word' id='word_1_377' title='bbox 961 3171 1210 3243; x_wconf 88' lang='lat' dir='ltr'><strong>adjiciam</strong></span> <span class='ocrx_word' id='word_1_378' title='bbox 1261 3187 1421 3242; x_wconf 90' lang='lat' dir='ltr'><strong>super</strong></span> <span class='ocrx_word' id='word_1_379' title='bbox 1466 3171 1581 3226; x_wconf 90' lang='lat' dir='ltr'><strong>dies</strong></span> <span class='ocrx_word' id='word_1_380' title='bbox 1627 3179 1747 3226; x_wconf 90' lang='lat' dir='ltr'><strong>tuos</strong></span> <span class='ocrx_word' id='word_1_381' title='bbox 1793 3169 2100 3239; x_wconf 89' lang='lat' dir='ltr'><strong>quindecim</strong></span> 
     </span>
    </p>
   </div>
   <div class='ocr_carea' id='block_1_49' title="bbox 2205 1962 3750 2033">
    <p class='ocr_par' dir='ltr' id='par_1_49' title="bbox 2205 1962 3750 2033">
     <span class='ocr_line' id='line_1_49' title="bbox 2205 1962 3750 2033; baseline 0.002 -14"><span class='ocrx_word' id='word_1_382' title='bbox 2205 1963 2409 2019; x_wconf 87' lang='lat' dir='ltr'><strong>Sensus</strong></span> <span class='ocrx_word' id='word_1_383' title='bbox 2453 1962 2611 2033; x_wconf 88' lang='lat' dir='ltr'><strong>hujus</strong></span> <span class='ocrx_word' id='word_1_384' title='bbox 2657 1963 2905 2018; x_wconf 84' lang='lat' dir='ltr'><strong>versiculi</strong></span> <span class='ocrx_word' id='word_1_385' title='bbox 2954 1963 3076 2018; x_wconf 91' lang='lat' dir='ltr'><strong>talis</strong></span> <span class='ocrx_word' id='word_1_386' title='bbox 3109 1965 3312 2019; x_wconf 88' lang='lat' dir='ltr'><strong>est:Si</strong></span> <span class='ocrx_word' id='word_1_387' title='bbox 3363 1967 3684 2023; x_wconf 80' lang='lat' dir='ltr'><strong>descendere</strong></span> <span class='ocrx_word' id='word_1_388' title='bbox 3706 1971 3750 2022; x_wconf 84' lang='lat' dir='ltr'><strong>ad</strong></span> 
     </span>
    </p>
   </div>
   <div class='ocr_carea' id='block_1_50' title="bbox 2201 2054 3748 2130">
    <p class='ocr_par' dir='ltr' id='par_1_50' title="bbox 2201 2054 3748 2130">
     <span class='ocr_line' id='line_1_50' title="bbox 2201 2054 3748 2130; baseline 0.001 -18"><span class='ocrx_word' id='word_1_389' title='bbox 2201 2054 2400 2112; x_wconf 85' lang='lat' dir='ltr'><strong>inferni</strong></span> <span class='ocrx_word' id='word_1_390' title='bbox 2437 2055 2704 2121; x_wconf 87' lang='lat' dir='ltr'><strong>claustra,</strong></span> <span class='ocrx_word' id='word_1_391' title='bbox 2731 2064 2786 2110; x_wconf 91' lang='lat' dir='ltr'><strong>et</strong></span> <span class='ocrx_word' id='word_1_392' title='bbox 2812 2055 2885 2110; x_wconf 90' lang='lat' dir='ltr'><strong>ibi</strong></span> <span class='ocrx_word' id='word_1_393' title='bbox 2913 2055 3197 2111; x_wconf 86' lang='lat' dir='ltr'><strong>damnatus</strong></span> <span class='ocrx_word' id='word_1_394' title='bbox 3241 2055 3396 2113; x_wconf 87' lang='lat' dir='ltr'><strong>fuero</strong></span> <span class='ocrx_word' id='word_1_395' title='bbox 3427 2070 3644 2130; x_wconf 82' lang='lat' dir='ltr'><strong>propter</strong></span> <span class='ocrx_word' id='word_1_396' title='bbox 3665 2077 3748 2116; x_wconf 72' lang='lat' dir='ltr'><strong>mea</strong></span> 
     </span>
    </p>
   </div>
   <div class='ocr_carea' id='block_1_51' title="bbox 2201 2149 3747 2218">
    <p class='ocr_par' dir='ltr' id='par_1_51' title="bbox 2201 2149 3747 2218">
     <span class='ocr_line' id='line_1_51' title="bbox 2201 2149 3747 2218; baseline 0 -10"><span class='ocrx_word' id='word_1_397' title='bbox 2201 2152 2408 2208; x_wconf 88' lang='lat' dir='ltr'><strong>scelera</strong></span> <span class='ocrx_word' id='word_1_398' title='bbox 2433 2171 2444 2205; x_wconf 94' lang='lat'>:</span> <span class='ocrx_word' id='word_1_399' title='bbox 2471 2167 2577 2207; x_wconf 90' lang='lat' dir='ltr'><strong>non</strong></span> <span class='ocrx_word' id='word_1_400' title='bbox 2605 2150 2799 2206; x_wconf 88' lang='lat' dir='ltr'><strong>videbo</strong></span> <span class='ocrx_word' id='word_1_401' title='bbox 2836 2149 3122 2205; x_wconf 90' lang='lat' dir='ltr'><strong>Dominum</strong></span> <span class='ocrx_word' id='word_1_402' title='bbox 3148 2193 3162 2217; x_wconf 93' lang='lat'><strong>,</strong></span> <span class='ocrx_word' id='word_1_403' title='bbox 3197 2151 3251 2206; x_wconf 94' lang='lat' dir='ltr'><strong>id</strong></span> <span class='ocrx_word' id='word_1_404' title='bbox 3274 2161 3377 2218; x_wconf 88' lang='lat' dir='ltr'><strong>est,</strong></span> <span class='ocrx_word' id='word_1_405' title='bbox 3413 2153 3584 2208; x_wconf 86' lang='lat' dir='ltr'><strong>Deum</strong></span> <span class='ocrx_word' id='word_1_406' title='bbox 3615 2156 3747 2208; x_wconf 84' lang='lat' dir='ltr'><strong>omni-</strong></span> 
     </span>
    </p>
   </div>
   <div class='ocr_carea' id='block_1_52' title="bbox 2201 2245 3746 2320">
    <p class='ocr_par' dir='ltr' id='par_1_52' title="bbox 2201 2245 3746 2320">
     <span class='ocr_line' id='line_1_52' title="bbox 2201 2245 3746 2320; baseline 0 -18"><span class='ocrx_word' id='word_1_407' title='bbox 2201 2256 2473 2320; x_wconf 89' lang='lat' dir='ltr'><strong>potentem</strong></span> <span class='ocrx_word' id='word_1_408' title='bbox 2505 2247 2558 2301; x_wconf 92' lang='lat' dir='ltr'><strong>in</strong></span> <span class='ocrx_word' id='word_1_409' title='bbox 2587 2253 2730 2301; x_wconf 88' lang='lat' dir='ltr'><strong>terra</strong></span> <span class='ocrx_word' id='word_1_410' title='bbox 2789 2245 3082 2301; x_wconf 85' lang='lat' dir='ltr'><strong>viventium</strong></span> <span class='ocrx_word' id='word_1_411' title='bbox 3110 2287 3125 2313; x_wconf 94' lang='lat'><strong>,</strong></span> <span class='ocrx_word' id='word_1_412' title='bbox 3153 2247 3256 2302; x_wconf 93' lang='lat' dir='ltr'><strong>hoc</strong></span> <span class='ocrx_word' id='word_1_413' title='bbox 3284 2257 3392 2313; x_wconf 91' lang='lat' dir='ltr'><strong>est,</strong></span> <span class='ocrx_word' id='word_1_414' title='bbox 3423 2249 3477 2302; x_wconf 93' lang='lat' dir='ltr'><strong>in</strong></span> <span class='ocrx_word' id='word_1_415' title='bbox 3505 2250 3669 2320; x_wconf 86' lang='lat' dir='ltr'><strong>requie</strong></span> <span class='ocrx_word' id='word_1_416' title='bbox 3680 2248 3746 2317; x_wconf 77' lang='lat' dir='ltr'><strong>ju-</strong></span> 
     </span>
    </p>
   </div>
   <div class='ocr_carea' id='block_1_53' title="bbox 2202 2339 3741 2413">
    <p class='ocr_par' dir='ltr' id='par_1_53' title="bbox 2202 2339 3741 2413">
     <span class='ocr_line' id='line_1_53' title="bbox 2202 2339 3741 2413; baseline 0 -16"><span class='ocrx_word' id='word_1_417' title='bbox 2202 2350 2406 2397; x_wconf 88' lang='lat' dir='ltr'><strong>storum</strong></span> <span class='ocrx_word' id='word_1_418' title='bbox 2434 2349 2486 2396; x_wconf 88' lang='lat' dir='ltr'><strong>et</strong></span> <span class='ocrx_word' id='word_1_419' title='bbox 2529 2341 2582 2395; x_wconf 90' lang='lat' dir='ltr'><strong>in</strong></span> <span class='ocrx_word' id='word_1_420' title='bbox 2631 2339 2839 2396; x_wconf 77' lang='lat' dir='ltr'><strong>ccelesti</strong></span> <span class='ocrx_word' id='word_1_421' title='bbox 2867 2339 3216 2396; x_wconf 87' lang='lat' dir='ltr'><strong>beatitudine.</strong></span> <span class='ocrx_word' id='word_1_422' title='bbox 3250 2341 3366 2398; x_wconf 88' lang='lat' dir='ltr'><strong>Non</strong></span> <span class='ocrx_word' id='word_1_423' title='bbox 3405 2345 3642 2413; x_wconf 83' lang='lat' dir='ltr'><strong>aspiciam</strong></span> <span class='ocrx_word' id='word_1_424' title='bbox 3667 2345 3741 2398; x_wconf 80' lang='lat' dir='ltr'><strong>bo-</strong></span> 
     </span>
    </p>
   </div>
   <div class='ocr_carea' id='block_1_54' title="bbox 2202 2431 3733 2504">
    <p class='ocr_par' dir='ltr' id='par_1_54' title="bbox 2202 2431 3733 2504">
     <span class='ocr_line' id='line_1_54' title="bbox 2202 2431 3733 2504; baseline 0 -16"><span class='ocrx_word' id='word_1_425' title='bbox 2202 2433 2401 2488; x_wconf 88' lang='lat' dir='ltr'><strong>minem</strong></span> <span class='ocrx_word' id='word_1_426' title='bbox 2429 2432 2587 2498; x_wconf 91' lang='lat' dir='ltr'><strong>ultra,</strong></span> <span class='ocrx_word' id='word_1_427' title='bbox 2612 2431 2658 2486; x_wconf 91' lang='lat' dir='ltr'><strong>si</strong></span> <span class='ocrx_word' id='word_1_428' title='bbox 2688 2431 2974 2487; x_wconf 88' lang='lat' dir='ltr'><strong>damnatus</strong></span> <span class='ocrx_word' id='word_1_429' title='bbox 3002 2431 3154 2489; x_wconf 89' lang='lat' dir='ltr'><strong>fuero</strong></span> <span class='ocrx_word' id='word_1_430' title='bbox 3179 2434 3521 2489; x_wconf 59' lang='lat' dir='ltr'><strong>aeternaliter</strong></span> <span class='ocrx_word' id='word_1_431' title='bbox 3541 2436 3584 2488; x_wconf 84' lang='lat' dir='ltr'><strong>in</strong></span> <span class='ocrx_word' id='word_1_432' title='bbox 3598 2435 3733 2504; x_wconf 76' lang='grc' dir='ltr'><em>ρωηίε</em></span> 
     </span>
    </p>
   </div>
   <div class='ocr_carea' id='block_1_55' title="bbox 2201 2522 3738 2595">
    <p class='ocr_par' dir='ltr' id='par_1_55' title="bbox 2201 2522 3738 2595">
     <span class='ocr_line' id='line_1_55' title="bbox 2201 2522 3738 2595; baseline 0.001 -18"><span class='ocrx_word' id='word_1_433' title='bbox 2201 2522 2398 2578; x_wconf 78' lang='lat' dir='ltr'><strong>inferni</strong></span> <span class='ocrx_word' id='word_1_434' title='bbox 2439 2541 2451 2576; x_wconf 92' lang='lat'><strong>:</strong></span> <span class='ocrx_word' id='word_1_435' title='bbox 2495 2537 2600 2576; x_wconf 92' lang='lat' dir='ltr'><strong>non</strong></span> <span class='ocrx_word' id='word_1_436' title='bbox 2662 2522 2856 2577; x_wconf 85' lang='lat' dir='ltr'><strong>videbo</strong></span> <span class='ocrx_word' id='word_1_437' title='bbox 2908 2523 3246 2592; x_wconf 86' lang='lat' dir='ltr'><strong>postmodum</strong></span> <span class='ocrx_word' id='word_1_438' title='bbox 3303 2527 3568 2595; x_wconf 89' lang='lat' dir='ltr'><strong>quomodo</strong></span> <span class='ocrx_word' id='word_1_439' title='bbox 3605 2525 3738 2578; x_wconf 78' lang='lat' dir='ltr'><strong>Filius</strong></span> 
     </span>
    </p>
   </div>
   <div class='ocr_carea' id='block_1_56' title="bbox 2203 2615 3747 2686">
    <p class='ocr_par' dir='ltr' id='par_1_56' title="bbox 2203 2615 3747 2686">
     <span class='ocr_line' id='line_1_56' title="bbox 2203 2615 3747 2686; baseline 0.002 -15"><span class='ocrx_word' id='word_1_440' title='bbox 2203 2617 2318 2680; x_wconf 89' lang='lat' dir='ltr'><strong>Dei,</strong></span> <span class='ocrx_word' id='word_1_441' title='bbox 2344 2616 2438 2685; x_wconf 88' lang='lat' dir='ltr'><strong>qui</strong></span> <span class='ocrx_word' id='word_1_442' title='bbox 2467 2615 2622 2670; x_wconf 89' lang='lat' dir='ltr'><strong>nobis</strong></span> <span class='ocrx_word' id='word_1_443' title='bbox 2658 2615 3019 2686; x_wconf 89' lang='lat' dir='ltr'><strong>repromissus</strong></span> <span class='ocrx_word' id='word_1_444' title='bbox 3047 2629 3158 2682; x_wconf 87' lang='lat' dir='ltr'><strong>est,</strong></span> <span class='ocrx_word' id='word_1_445' title='bbox 3191 2633 3353 2672; x_wconf 87' lang='lat' dir='ltr'><strong>verus</strong></span> <span class='ocrx_word' id='word_1_446' title='bbox 3382 2619 3528 2674; x_wconf 90' lang='lat' dir='ltr'><strong>Deus</strong></span> <span class='ocrx_word' id='word_1_447' title='bbox 3554 2629 3599 2674; x_wconf 88' lang='lat' dir='ltr'><strong>et</strong></span> <span class='ocrx_word' id='word_1_448' title='bbox 3620 2635 3747 2674; x_wconf 82' lang='lat' dir='ltr'><strong>verus</strong></span> 
     </span>
    </p>
   </div>
   <div class='ocr_carea' id='block_1_57' title="bbox 2203 2707 3750 2782">
    <p class='ocr_par' dir='ltr' id='par_1_57' title="bbox 2203 2707 3750 2782">
     <span class='ocr_line' id='line_1_57' title="bbox 2203 2707 3750 2782; baseline 0 -18"><span class='ocrx_word' id='word_1_449' title='bbox 2203 2710 2365 2765; x_wconf 91' lang='lat' dir='ltr'><strong>homo</strong></span> <span class='ocrx_word' id='word_1_450' title='bbox 2419 2707 2698 2764; x_wconf 90' lang='lat' dir='ltr'><strong>consistat.</strong></span> <span class='ocrx_word' id='word_1_451' title='bbox 2735 2707 2830 2763; x_wconf 89' lang='lat' dir='ltr'><strong>Vel</strong></span> <span class='ocrx_word' id='word_1_452' title='bbox 2878 2709 3041 2763; x_wconf 87' lang='lat' dir='ltr'><strong>etiam</strong></span> <span class='ocrx_word' id='word_1_453' title='bbox 3089 2725 3194 2764; x_wconf 89' lang='lat' dir='ltr'><strong>non</strong></span> <span class='ocrx_word' id='word_1_454' title='bbox 3246 2711 3445 2765; x_wconf 80' lang='lat' dir='ltr'><strong>videbo</strong></span> <span class='ocrx_word' id='word_1_455' title='bbox 3502 2710 3750 2782; x_wconf 82' lang='lat' dir='ltr'><strong>quemlibet</strong></span> 
     </span>
    </p>
   </div>
   <div class='ocr_carea' id='block_1_58' title="bbox 2202 2799 3748 2870">
    <p class='ocr_par' dir='ltr' id='par_1_58' title="bbox 2202 2799 3748 2870">
     <span class='ocr_line' id='line_1_58' title="bbox 2202 2799 3748 2870; baseline 0.001 -15"><span class='ocrx_word' id='word_1_456' title='bbox 2202 2809 2514 2855; x_wconf 87' lang='lat' dir='ltr'><strong>sanctorum</strong></span> <span class='ocrx_word' id='word_1_457' title='bbox 2543 2799 2788 2870; x_wconf 87' lang='lat' dir='ltr'><strong>ingloria</strong></span> <span class='ocrx_word' id='word_1_458' title='bbox 2836 2802 3174 2856; x_wconf 65' lang='lat' dir='ltr'><strong>aeternitatis.</strong></span> <span class='ocrx_word' id='word_1_459' title='bbox 3222 2800 3340 2857; x_wconf 82' lang='lat' dir='ltr'><strong>Non</strong></span> <span class='ocrx_word' id='word_1_460' title='bbox 3389 2804 3580 2858; x_wconf 83' lang='lat' dir='ltr'><strong>videbo</strong></span> <span class='ocrx_word' id='word_1_461' title='bbox 3617 2805 3748 2858; x_wconf 84' lang='lat' dir='ltr'><strong>etiam</strong></span> 
     </span>
    </p>
   </div>
   <div class='ocr_carea' id='block_1_59' title="bbox 2203 2892 3752 2965">
    <p class='ocr_par' dir='ltr' id='par_1_59' title="bbox 2203 2892 3752 2965">
     <span class='ocr_line' id='line_1_59' title="bbox 2203 2892 3752 2965; baseline 0.001 -16"><span class='ocrx_word' id='word_1_462' title='bbox 2203 2894 2562 2949; x_wconf 88' lang='lat' dir='ltr'><strong>habitatorem</strong></span> <span class='ocrx_word' id='word_1_463' title='bbox 2583 2893 2798 2963; x_wconf 88' lang='lat' dir='ltr'><strong>quietis.</strong></span> <span class='ocrx_word' id='word_1_464' title='bbox 2825 2892 2966 2948; x_wconf 80' lang='lat' dir='ltr'><strong>Vera</strong></span> <span class='ocrx_word' id='word_1_465' title='bbox 2990 2895 3144 2965; x_wconf 90' lang='lat' dir='ltr'><strong>quies</strong></span> <span class='ocrx_word' id='word_1_466' title='bbox 3167 2904 3222 2950; x_wconf 89' lang='lat' dir='ltr'><strong>et</strong></span> <span class='ocrx_word' id='word_1_467' title='bbox 3242 2912 3369 2950; x_wconf 90' lang='lat' dir='ltr'><strong>vera</strong></span> <span class='ocrx_word' id='word_1_468' title='bbox 3398 2897 3670 2952; x_wconf 72' lang='lat' dir='ltr'><strong>exsultatio</strong></span> <span class='ocrx_word' id='word_1_469' title='bbox 3690 2898 3752 2950; x_wconf 86' lang='lat' dir='ltr'><strong>vi-</strong></span> 
     </span>
    </p>
   </div>
   <div class='ocr_carea' id='block_1_60' title="bbox 2202 2986 3751 3056">
    <p class='ocr_par' dir='ltr' id='par_1_60' title="bbox 2202 2986 3751 3056">
     <span class='ocr_line' id='line_1_60' title="bbox 2202 2986 3751 3056; baseline 0.001 -16"><span class='ocrx_word' id='word_1_470' title='bbox 2202 2994 2271 3042; x_wconf 70' lang='lat' dir='ltr'><strong>tae</strong></span> <span class='ocrx_word' id='word_1_471' title='bbox 2295 2995 2510 3041; x_wconf 73' lang='lat' dir='ltr'><strong>:eterna:</strong></span> <span class='ocrx_word' id='word_1_472' title='bbox 2543 2992 2646 3050; x_wconf 91' lang='lat' dir='ltr'><strong>est,</strong></span> <span class='ocrx_word' id='word_1_473' title='bbox 2673 2986 3052 3056; x_wconf 86' lang='lat' dir='ltr'><strong>contemplatio</strong></span> <span class='ocrx_word' id='word_1_474' title='bbox 3079 2996 3133 3041; x_wconf 89' lang='lat' dir='ltr'><strong>et</strong></span> <span class='ocrx_word' id='word_1_475' title='bbox 3162 2988 3297 3042; x_wconf 86' lang='lat' dir='ltr'><strong>visio</strong></span> <span class='ocrx_word' id='word_1_476' title='bbox 3324 2987 3614 3044; x_wconf 89' lang='lat' dir='ltr'><strong>Trinitatis.</strong></span> <span class='ocrx_word' id='word_1_477' title='bbox 3645 2988 3751 3055; x_wconf 79' lang='lat' dir='ltr'><strong>Quis</strong></span> 
     </span>
    </p>
   </div>
   <div class='ocr_carea' id='block_1_61' title="bbox 2202 3076 3750 3150">
    <p class='ocr_par' dir='ltr' id='par_1_61' title="bbox 2202 3076 3750 3150">
     <span class='ocr_line' id='line_1_61' title="bbox 2202 3076 3750 3150; baseline -0.001 -16"><span class='ocrx_word' id='word_1_478' title='bbox 2202 3086 2287 3134; x_wconf 90' lang='lat' dir='ltr'><strong>est</strong></span> <span class='ocrx_word' id='word_1_479' title='bbox 2308 3076 2581 3133; x_wconf 87' lang='lat' dir='ltr'><strong>habitator</strong></span> <span class='ocrx_word' id='word_1_480' title='bbox 2604 3085 2818 3132; x_wconf 66' lang='lat' dir='ltr'><strong>aeternae</strong></span> <span class='ocrx_word' id='word_1_481' title='bbox 2842 3077 2988 3142; x_wconf 72' lang='lat' dir='ltr'><strong>vitm,</strong></span> <span class='ocrx_word' id='word_1_482' title='bbox 3014 3079 3117 3133; x_wconf 90' lang='lat' dir='ltr'><strong>nisi</strong></span> <span class='ocrx_word' id='word_1_483' title='bbox 3145 3080 3258 3150; x_wconf 88' lang='lat' dir='ltr'><strong>ipse</strong></span> <span class='ocrx_word' id='word_1_484' title='bbox 3282 3080 3421 3134; x_wconf 86' lang='lat' dir='ltr'><strong>Deus</strong></span> <span class='ocrx_word' id='word_1_485' title='bbox 3446 3083 3750 3150; x_wconf 80' lang='lat' dir='ltr'><strong>omnipotens</strong></span> 
     </span>
    </p>
   </div>
   <div class='ocr_carea' id='block_1_62' title="bbox 2204 3170 3752 3244">
    <p class='ocr_par' dir='ltr' id='par_1_62' title="bbox 2204 3170 3752 3244">
     <span class='ocr_line' id='line_1_62' title="bbox 2204 3170 3752 3244; baseline -0.002 -16"><span class='ocrx_word' id='word_1_486' title='bbox 2204 3181 2260 3228; x_wconf 90' lang='lat' dir='ltr'><strong>et</strong></span> <span class='ocrx_word' id='word_1_487' title='bbox 2288 3173 2448 3229; x_wconf 91' lang='lat' dir='ltr'><strong>electi</strong></span> <span class='ocrx_word' id='word_1_488' title='bbox 2479 3171 2663 3226; x_wconf 89' lang='lat' dir='ltr'><strong>illius?</strong></span> <span class='ocrx_word' id='word_1_489' title='bbox 2701 3170 2817 3226; x_wconf 84' lang='lat' dir='ltr'><strong>Non</strong></span> <span class='ocrx_word' id='word_1_490' title='bbox 2862 3171 3053 3227; x_wconf 85' lang='lat' dir='ltr'><strong>videbo</strong></span> <span class='ocrx_word' id='word_1_491' title='bbox 3079 3172 3299 3244; x_wconf 91' lang='lat' dir='ltr'><strong>(inquit)</strong></span> <span class='ocrx_word' id='word_1_492' title='bbox 3339 3173 3616 3243; x_wconf 86' lang='lat' dir='ltr'><strong>quemlibet</strong></span> <span class='ocrx_word' id='word_1_493' title='bbox 3641 3189 3752 3226; x_wconf 83' lang='lat' dir='ltr'><strong>san-</strong></span> 
     </span>
    </p>
   </div>
   <div class='ocr_carea' id='block_1_63' title="bbox 520 3261 3744 3337">
    <p class='ocr_par' dir='ltr' id='par_1_63' title="bbox 520 3261 3744 3337">
     <span class='ocr_line' id='line_1_63' title="bbox 520 3261 3744 3337; baseline -0.001 -15"><span class='ocrx_word' id='word_1_494' title='bbox 520 3282 710 3324; x_wconf 87' lang='lat' dir='ltr'><strong>annos.</strong></span> <span class='ocrx_word' id='word_1_495' title='bbox 748 3287 766 3320; x_wconf 74' lang='grc' dir='ltr'><strong>ι</strong></span> <span class='ocrx_word' id='word_1_496' title='bbox 803 3266 861 3321; x_wconf 91' lang='lat' dir='ltr'><strong>ln</strong></span> <span class='ocrx_word' id='word_1_497' title='bbox 901 3265 1374 3337; x_wconf 67' lang='lat' dir='ltr'><strong>praedestinatione</strong></span> <span class='ocrx_word' id='word_1_498' title='bbox 1422 3264 1518 3320; x_wconf 91' lang='lat' dir='ltr'><strong>Dei</strong></span> <span class='ocrx_word' id='word_1_499' title='bbox 1554 3264 1787 3336; x_wconf 89' lang='lat' dir='ltr'><strong>primum</strong></span> <span class='ocrx_word' id='word_1_500' title='bbox 1831 3264 1941 3319; x_wconf 93' lang='lat' dir='ltr'><strong>dati</strong></span> <span class='ocrx_word' id='word_1_501' title='bbox 1969 3270 2100 3320; x_wconf 72' lang='lat' dir='ltr'><strong>sunt</strong></span> <span class='ocrx_word' id='word_1_502' title='bbox 2127 3261 2173 3325; x_wconf 90' lang='lat' dir='ltr'><strong><em>C</em></strong></span> <span class='ocrx_word' id='word_1_503' title='bbox 2202 3273 2350 3322; x_wconf 89' lang='lat' dir='ltr'><strong>ctum</strong></span> <span class='ocrx_word' id='word_1_504' title='bbox 2395 3266 2753 3321; x_wconf 89' lang='lat' dir='ltr'><strong>habitatorem</strong></span> <span class='ocrx_word' id='word_1_505' title='bbox 2781 3264 2998 3336; x_wconf 88' lang='lat' dir='ltr'><strong>quietis,</strong></span> <span class='ocrx_word' id='word_1_506' title='bbox 3047 3266 3140 3335; x_wconf 91' lang='lat' dir='ltr'><strong>qui</strong></span> <span class='ocrx_word' id='word_1_507' title='bbox 3182 3266 3256 3322; x_wconf 91' lang='lat' dir='ltr'><strong>ibi</strong></span> <span class='ocrx_word' id='word_1_508' title='bbox 3282 3267 3511 3322; x_wconf 87' lang='lat' dir='ltr'><strong>habitans</strong></span> <span class='ocrx_word' id='word_1_509' title='bbox 3537 3283 3564 3320; x_wconf 87' lang='lat' dir='ltr'><strong>a</strong></span> <span class='ocrx_word' id='word_1_510' title='bbox 3599 3266 3744 3320; x_wconf 79' lang='lat' dir='ltr'><strong>malis</strong></span> 
     </span>
    </p>
   </div>
   <div class='ocr_carea' id='block_1_64' title="bbox 520 3355 2101 3429">
    <p class='ocr_par' dir='ltr' id='par_1_64' title="bbox 520 3355 2101 3429">
     <span class='ocr_line' id='line_1_64' title="bbox 520 3355 2101 3429; baseline -0.003 -14"><span class='ocrx_word' id='word_1_511' title='bbox 520 3359 614 3425; x_wconf 74' lang='lat' dir='ltr'><strong>illi,</strong></span> <span class='ocrx_word' id='word_1_512' title='bbox 647 3359 741 3416; x_wconf 89' lang='lat' dir='ltr'><strong>sed</strong></span> <span class='ocrx_word' id='word_1_513' title='bbox 768 3359 1022 3429; x_wconf 89' lang='lat' dir='ltr'><strong>superbia</strong></span> <span class='ocrx_word' id='word_1_514' title='bbox 1049 3366 1104 3412; x_wconf 89' lang='lat' dir='ltr'><strong>et</strong></span> <span class='ocrx_word' id='word_1_515' title='bbox 1127 3356 1365 3427; x_wconf 89' lang='lat' dir='ltr'><strong>peccatis</strong></span> <span class='ocrx_word' id='word_1_516' title='bbox 1390 3356 1504 3412; x_wconf 91' lang='lat' dir='ltr'><strong>suis</strong></span> <span class='ocrx_word' id='word_1_517' title='bbox 1531 3356 1946 3428; x_wconf 88' lang='lat' dir='ltr'><strong>impedientibus</strong></span> <span class='ocrx_word' id='word_1_518' title='bbox 1975 3355 2101 3410; x_wconf 92' lang='lat' dir='ltr'><strong>sub-</strong></span> 
     </span>
    </p>
   </div>
   <div class='ocr_carea' id='block_1_65' title="bbox 520 3447 2102 3522">
    <p class='ocr_par' dir='ltr' id='par_1_65' title="bbox 520 3447 2102 3522">
     <span class='ocr_line' id='line_1_65' title="bbox 520 3447 2102 3522; baseline -0.004 -14"><span class='ocrx_word' id='word_1_519' title='bbox 520 3454 677 3508; x_wconf 89' lang='lat' dir='ltr'><strong>tracti</strong></span> <span class='ocrx_word' id='word_1_520' title='bbox 719 3460 844 3507; x_wconf 92' lang='lat' dir='ltr'><strong>sunt</strong></span> <span class='ocrx_word' id='word_1_521' title='bbox 871 3451 920 3506; x_wconf 90' lang='lat' dir='ltr'><strong>ei</strong></span> <span class='ocrx_word' id='word_1_522' title='bbox 938 3491 954 3517; x_wconf 92' lang='lat'><strong>,</strong></span> <span class='ocrx_word' id='word_1_523' title='bbox 981 3461 1201 3522; x_wconf 89' lang='lat' dir='ltr'><strong>propter</strong></span> <span class='ocrx_word' id='word_1_524' title='bbox 1227 3449 1583 3504; x_wconf 90' lang='lat' dir='ltr'><strong>humilitatem</strong></span> <span class='ocrx_word' id='word_1_525' title='bbox 1613 3465 1765 3504; x_wconf 90' lang='lat' dir='ltr'><strong>suam</strong></span> <span class='ocrx_word' id='word_1_526' title='bbox 1788 3463 1917 3504; x_wconf 90' lang='lat' dir='ltr'><strong>vero</strong></span> <span class='ocrx_word' id='word_1_527' title='bbox 1946 3447 2102 3503; x_wconf 85' lang='lat' dir='ltr'><strong>resti-</strong></span> 
     </span>
    </p>
   </div>
   <div class='ocr_carea' id='block_1_66' title="bbox 521 3539 2102 3612">
    <p class='ocr_par' dir='ltr' id='par_1_66' title="bbox 521 3539 2102 3612">
     <span class='ocr_line' id='line_1_66' title="bbox 521 3539 2102 3612; baseline -0.002 -13"><span class='ocrx_word' id='word_1_528' title='bbox 521 3544 640 3599; x_wconf 91' lang='lat' dir='ltr'><strong>tuti.</strong></span> <span class='ocrx_word' id='word_1_529' title='bbox 665 3543 858 3598; x_wconf 89' lang='lat' dir='ltr'><strong>Dicunt</strong></span> <span class='ocrx_word' id='word_1_530' title='bbox 882 3541 1123 3611; x_wconf 88' lang='lat' dir='ltr'><strong>quidam,</strong></span> <span class='ocrx_word' id='word_1_531' title='bbox 1145 3541 1286 3612; x_wconf 92' lang='lat' dir='ltr'><strong>quod</strong></span> <span class='ocrx_word' id='word_1_532' title='bbox 1315 3541 1523 3596; x_wconf 87' lang='lat' dir='ltr'><strong>duobus</strong></span> <span class='ocrx_word' id='word_1_533' title='bbox 1543 3540 1715 3595; x_wconf 92' lang='lat' dir='ltr'><strong>modis</strong></span> <span class='ocrx_word' id='word_1_534' title='bbox 1737 3546 1913 3609; x_wconf 90' lang='lat' dir='ltr'><strong>potest</strong></span> <span class='ocrx_word' id='word_1_535' title='bbox 1940 3539 2102 3596; x_wconf 90' lang='lat' dir='ltr'><strong>homo</strong></span> 
     </span>
    </p>
   </div>
   <div class='ocr_carea' id='block_1_67' title="bbox 522 3629 2105 3704">
    <p class='ocr_par' dir='ltr' id='par_1_67' title="bbox 522 3629 2105 3704">
     <span class='ocr_line' id='line_1_67' title="bbox 522 3629 2105 3704; baseline -0.003 -16"><span class='ocrx_word' id='word_1_536' title='bbox 522 3635 820 3704; x_wconf 86' lang='lat' dir='ltr'><strong>anticipare</strong></span> <span class='ocrx_word' id='word_1_537' title='bbox 855 3633 1147 3688; x_wconf 90' lang='lat' dir='ltr'><strong>terminum</strong></span> <span class='ocrx_word' id='word_1_538' title='bbox 1173 3631 1296 3687; x_wconf 60' lang='lat' dir='ltr'><strong>vitae</strong></span> <span class='ocrx_word' id='word_1_539' title='bbox 1324 3638 1460 3697; x_wconf 82' lang='lat' dir='ltr'><strong>suae,</strong></span> <span class='ocrx_word' id='word_1_540' title='bbox 1487 3629 1573 3686; x_wconf 90' lang='lat' dir='ltr'><strong>vel</strong></span> <span class='ocrx_word' id='word_1_541' title='bbox 1601 3629 1742 3685; x_wconf 90' lang='lat' dir='ltr'><strong>male</strong></span> <span class='ocrx_word' id='word_1_542' title='bbox 1783 3631 2016 3686; x_wconf 88' lang='lat' dir='ltr'><strong>vivendo</strong></span> <span class='ocrx_word' id='word_1_543' title='bbox 2045 3638 2105 3684; x_wconf 87' lang='lat' dir='ltr'><strong>ut</strong></span> 
     </span>
    </p>
   </div>
   <div class='ocr_carea' id='block_1_68' title="bbox 519 3721 2098 3798">
    <p class='ocr_par' dir='ltr' id='par_1_68' title="bbox 519 3721 2098 3798">
     <span class='ocr_line' id='line_1_68' title="bbox 519 3721 2098 3798; baseline -0.004 -17"><span class='ocrx_word' id='word_1_544' title='bbox 519 3734 735 3798; x_wconf 79' lang='lat' dir='ltr'><strong>propter</strong></span> <span class='ocrx_word' id='word_1_545' title='bbox 749 3733 968 3796; x_wconf 82' lang='lat' dir='ltr'><strong>peccata</strong></span> <span class='ocrx_word' id='word_1_546' title='bbox 994 3741 1089 3780; x_wconf 91' lang='lat' dir='ltr'><strong>sua</strong></span> <span class='ocrx_word' id='word_1_547' title='bbox 1110 3741 1215 3780; x_wconf 93' lang='lat' dir='ltr'><strong>non</strong></span> <span class='ocrx_word' id='word_1_548' title='bbox 1237 3735 1509 3779; x_wconf 88' lang='lat' dir='ltr'><strong>mereatur</strong></span> <span class='ocrx_word' id='word_1_549' title='bbox 1526 3721 1806 3793; x_wconf 84' lang='lat' dir='ltr'><strong>pervenire</strong></span> <span class='ocrx_word' id='word_1_550' title='bbox 1829 3722 1897 3775; x_wconf 93' lang='lat' dir='ltr'><strong>ad</strong></span> <span class='ocrx_word' id='word_1_551' title='bbox 1917 3721 2098 3776; x_wconf 90' lang='lat' dir='ltr'><strong>illum:</strong></span> 
     </span>
    </p>
   </div>
   <div class='ocr_carea' id='block_1_69' title="bbox 519 3816 2105 3888">
    <p class='ocr_par' dir='ltr' id='par_1_69' title="bbox 519 3816 2105 3888">
     <span class='ocr_line' id='line_1_69' title="bbox 519 3816 2105 3888; baseline -0.001 -16"><span class='ocrx_word' id='word_1_552' title='bbox 519 3819 603 3875; x_wconf 88' lang='lat' dir='ltr'><strong>vel</strong></span> <span class='ocrx_word' id='word_1_553' title='bbox 627 3820 788 3875; x_wconf 90' lang='lat' dir='ltr'><strong>etiam</strong></span> <span class='ocrx_word' id='word_1_554' title='bbox 820 3827 880 3874; x_wconf 91' lang='lat' dir='ltr'><strong>ut</strong></span> <span class='ocrx_word' id='word_1_555' title='bbox 905 3819 1044 3876; x_wconf 87' lang='lat' dir='ltr'><strong>bene</strong></span> <span class='ocrx_word' id='word_1_556' title='bbox 1077 3829 1134 3875; x_wconf 91' lang='lat' dir='ltr'><strong>et</strong></span> <span class='ocrx_word' id='word_1_557' title='bbox 1159 3817 1306 3888; x_wconf 87' lang='lat' dir='ltr'><strong>juste</strong></span> <span class='ocrx_word' id='word_1_558' title='bbox 1344 3817 1577 3874; x_wconf 79' lang='lat' dir='ltr'><strong>vivendo</strong></span> <span class='ocrx_word' id='word_1_559' title='bbox 1613 3825 1670 3872; x_wconf 92' lang='lat' dir='ltr'><strong>et</strong></span> <span class='ocrx_word' id='word_1_560' title='bbox 1705 3816 1939 3888; x_wconf 89' lang='lat' dir='ltr'><strong>seipsum</strong></span> <span class='ocrx_word' id='word_1_561' title='bbox 1971 3816 2105 3871; x_wconf 86' lang='lat' dir='ltr'><strong>aﬂli-</strong></span> 
     </span>
    </p>
   </div>
   <div class='ocr_carea' id='block_1_70' title="bbox 521 3908 2104 3982">
    <p class='ocr_par' dir='ltr' id='par_1_70' title="bbox 521 3908 2104 3982">
     <span class='ocr_line' id='line_1_70' title="bbox 521 3908 2104 3982; baseline -0.002 -16"><span class='ocrx_word' id='word_1_562' title='bbox 521 3911 694 3982; x_wconf 90' lang='lat' dir='ltr'><strong>gendo</strong></span> <span class='ocrx_word' id='word_1_563' title='bbox 717 3920 842 3966; x_wconf 90' lang='lat' dir='ltr'><strong>ante</strong></span> <span class='ocrx_word' id='word_1_564' title='bbox 868 3919 1078 3982; x_wconf 88' lang='lat' dir='ltr'><strong>tempus</strong></span> <span class='ocrx_word' id='word_1_565' title='bbox 1098 3911 1223 3965; x_wconf 68' lang='lat' dir='ltr'><strong>vitae</strong></span> <span class='ocrx_word' id='word_1_566' title='bbox 1251 3926 1384 3976; x_wconf 64' lang='lat' dir='ltr'><strong>suae,</strong></span> <span class='ocrx_word' id='word_1_567' title='bbox 1424 3910 1494 3964; x_wconf 91' lang='lat' dir='ltr'><strong>ob</strong></span> <span class='ocrx_word' id='word_1_568' title='bbox 1520 3909 1742 3980; x_wconf 69' lang='lat' dir='ltr'><strong>praemia</strong></span> <span class='ocrx_word' id='word_1_569' title='bbox 1785 3908 2104 3964; x_wconf 89' lang='lat' dir='ltr'><strong>meritorum</strong></span> 
     </span>
    </p>
   </div>
   <div class='ocr_carea' id='block_1_71' title="bbox 519 4000 2104 4072">
    <p class='ocr_par' dir='ltr' id='par_1_71' title="bbox 519 4000 2104 4072">
     <span class='ocr_line' id='line_1_71' title="bbox 519 4000 2104 4072; baseline -0.004 -11"><span class='ocrx_word' id='word_1_570' title='bbox 519 4019 740 4061; x_wconf 89' lang='lat' dir='ltr'><strong>suorum</strong></span> <span class='ocrx_word' id='word_1_571' title='bbox 779 4003 962 4060; x_wconf 89' lang='lat' dir='ltr'><strong>vocari</strong></span> <span class='ocrx_word' id='word_1_572' title='bbox 1004 4010 1275 4058; x_wconf 89' lang='lat' dir='ltr'><strong>mereatur</strong></span> <span class='ocrx_word' id='word_1_573' title='bbox 1317 4017 1348 4056; x_wconf 91' lang='lat' dir='ltr'><strong>a</strong></span> <span class='ocrx_word' id='word_1_574' title='bbox 1383 4001 1607 4057; x_wconf 88' lang='lat' dir='ltr'><strong>Domino</strong></span> <span class='ocrx_word' id='word_1_575' title='bbox 1650 4000 1719 4056; x_wconf 88' lang='lat' dir='ltr'><strong>ad</strong></span> <span class='ocrx_word' id='word_1_576' title='bbox 1746 4000 1942 4072; x_wconf 87' lang='lat' dir='ltr'><strong>gaudia</strong></span> <span class='ocrx_word' id='word_1_577' title='bbox 1979 4000 2104 4055; x_wconf 70' lang='lat' dir='ltr'><strong>vita:</strong></span> 
     </span>
    </p>
   </div>
   <div class='ocr_carea' id='block_1_72' title="bbox 518 4105 755 4155">
    <p class='ocr_par' dir='ltr' id='par_1_72' title="bbox 518 4105 755 4155">
     <span class='ocr_line' id='line_1_72' title="bbox 518 4105 755 4155; baseline -0.017 0"><span class='ocrx_word' id='word_1_578' title='bbox 518 4105 755 4155; x_wconf 64' lang='lat' dir='ltr'><strong>aeternae.</strong></span> 
     </span>
    </p>
   </div>
   <div class='ocr_carea' id='block_1_73' title="bbox 597 4181 2103 4257">
    <p class='ocr_par' dir='ltr' id='par_1_73' title="bbox 597 4181 2103 4257">
     <span class='ocr_line' id='line_1_73' title="bbox 597 4181 2103 4257; baseline 0 -19"><span class='ocrx_word' id='word_1_579' title='bbox 597 4206 615 4238; x_wconf 72' lang='grc' dir='ltr'><strong>ι</strong></span> <span class='ocrx_word' id='word_1_580' title='bbox 647 4186 763 4242; x_wconf 81' lang='lat' dir='ltr'><strong>Hoc</strong></span> <span class='ocrx_word' id='word_1_581' title='bbox 785 4185 883 4242; x_wconf 88' lang='lat' dir='ltr'><strong>tibi</strong></span> <span class='ocrx_word' id='word_1_582' title='bbox 907 4184 1011 4241; x_wconf 91' lang='lat' dir='ltr'><strong>erit</strong></span> <span class='ocrx_word' id='word_1_583' title='bbox 1036 4185 1268 4257; x_wconf 89' lang='lat' dir='ltr'><strong>signum.</strong></span> <span class='ocrx_word' id='word_1_584' title='bbox 1306 4203 1324 4237; x_wconf 75' lang='grc' dir='ltr'><strong>ι</strong></span> <span class='ocrx_word' id='word_1_585' title='bbox 1355 4181 1525 4240; x_wconf 71' lang='lat' dir='ltr'><strong>Judaei</strong></span> <span class='ocrx_word' id='word_1_586' title='bbox 1547 4199 1761 4254; x_wconf 85' lang='lat' dir='ltr'><strong>semper</strong></span> <span class='ocrx_word' id='word_1_587' title='bbox 1782 4183 1934 4255; x_wconf 87' lang='lat' dir='ltr'><strong>signa</strong></span> <span class='ocrx_word' id='word_1_588' title='bbox 1957 4197 2103 4254; x_wconf 81' lang='lat' dir='ltr'><strong>quae-</strong></span> 
     </span>
    </p>
   </div>
   <div class='ocr_carea' id='block_1_74' title="bbox 521 4266 2102 4335">
    <p class='ocr_par' dir='ltr' id='par_1_74' title="bbox 521 4266 2102 4335">
     <span class='ocr_line' id='line_1_74' title="bbox 521 4266 2102 4335; baseline -0.001 0"><span class='ocrx_word' id='word_1_589' title='bbox 521 4288 665 4335; x_wconf 90' lang='lat' dir='ltr'><strong>runt.</strong></span> <span class='ocrx_word' id='word_1_590' title='bbox 705 4298 724 4330; x_wconf 72' lang='grc' dir='ltr'><strong>ι</strong></span> <span class='ocrx_word' id='word_1_591' title='bbox 757 4279 824 4335; x_wconf 86' lang='grc' dir='ltr'><em>Ει</em></span> <span class='ocrx_word' id='word_1_592' title='bbox 850 4293 1099 4334; x_wconf 89' lang='lat' dir='ltr'><strong>reversus</strong></span> <span class='ocrx_word' id='word_1_593' title='bbox 1126 4287 1209 4334; x_wconf 90' lang='lat' dir='ltr'><strong>est</strong></span> <span class='ocrx_word' id='word_1_594' title='bbox 1237 4277 1315 4334; x_wconf 92' lang='lat' dir='ltr'><strong>sol</strong></span> <span class='ocrx_word' id='word_1_595' title='bbox 1346 4266 1534 4334; x_wconf 85' lang='lat' dir='ltr'><strong>decem</strong></span> <span class='ocrx_word' id='word_1_596' title='bbox 1562 4277 1739 4334; x_wconf 88' lang='lat' dir='ltr'><strong>lineis.</strong></span> <span class='ocrx_word' id='word_1_597' title='bbox 1776 4297 1796 4331; x_wconf 73' lang='grc' dir='ltr'><strong>ι</strong></span> <span class='ocrx_word' id='word_1_598' title='bbox 1825 4277 1908 4332; x_wconf 83' lang='lat' dir='ltr'><strong>Ab</strong></span> <span class='ocrx_word' id='word_1_599' title='bbox 1932 4278 2102 4334; x_wconf 83' lang='lat' dir='ltr'><strong>unde—</strong></span> 
     </span>
    </p>
   </div>
   <div class='ocr_carea' id='block_1_75' title="bbox 519 4371 2103 4442">
    <p class='ocr_par' dir='ltr' id='par_1_75' title="bbox 519 4371 2103 4442">
     <span class='ocr_line' id='line_1_75' title="bbox 519 4371 2103 4442; baseline 0.001 -16"><span class='ocrx_word' id='word_1_600' title='bbox 519 4372 660 4426; x_wconf 91' lang='lat' dir='ltr'><strong>cima</strong></span> <span class='ocrx_word' id='word_1_601' title='bbox 696 4371 781 4427; x_wconf 90' lang='lat' dir='ltr'><strong>vel</strong></span> <span class='ocrx_word' id='word_1_602' title='bbox 827 4371 1036 4428; x_wconf 91' lang='lat' dir='ltr'><strong>decima</strong></span> <span class='ocrx_word' id='word_1_603' title='bbox 1086 4372 1218 4427; x_wconf 90' lang='lat' dir='ltr'><strong>hora</strong></span> <span class='ocrx_word' id='word_1_604' title='bbox 1254 4371 1432 4428; x_wconf 90' lang='lat' dir='ltr'><strong>subito</strong></span> <span class='ocrx_word' id='word_1_605' title='bbox 1464 4371 1624 4428; x_wconf 84' lang='lat' dir='ltr'><strong>rediit</strong></span> <span class='ocrx_word' id='word_1_606' title='bbox 1651 4371 1708 4427; x_wconf 93' lang='lat' dir='ltr'><strong>in</strong></span> <span class='ocrx_word' id='word_1_607' title='bbox 1749 4371 2014 4442; x_wconf 90' lang='lat' dir='ltr'><strong>primam,</strong></span> <span class='ocrx_word' id='word_1_608' title='bbox 2045 4381 2103 4428; x_wconf 89' lang='lat' dir='ltr'><strong>et</strong></span> 
     </span>
    </p>
   </div>
   <div class='ocr_carea' id='block_1_76' title="bbox 517 4465 1216 4537">
    <p class='ocr_par' dir='ltr' id='par_1_76' title="bbox 517 4465 1216 4537">
     <span class='ocr_line' id='line_1_76' title="bbox 517 4465 1216 4537; baseline -0.007 -13"><span class='ocrx_word' id='word_1_609' title='bbox 517 4481 656 4537; x_wconf 87' lang='lat' dir='ltr'><strong>pene</strong></span> <span class='ocrx_word' id='word_1_610' title='bbox 681 4465 951 4536; x_wconf 87' lang='lat' dir='ltr'><strong>duplicata</strong></span> <span class='ocrx_word' id='word_1_611' title='bbox 972 4473 1056 4522; x_wconf 88' lang='lat' dir='ltr'><strong>est</strong></span> <span class='ocrx_word' id='word_1_612' title='bbox 1082 4465 1216 4522; x_wconf 87' lang='lat' dir='ltr'><strong>dies.</strong></span> 
     </span>
    </p>
   </div>
   <div class='ocr_carea' id='block_1_77' title="bbox 593 4557 2097 4631">
    <p class='ocr_par' dir='ltr' id='par_1_77' title="bbox 593 4557 2097 4631">
     <span class='ocr_line' id='line_1_77' title="bbox 593 4557 2097 4631; baseline 0.003 -21"><span class='ocrx_word' id='word_1_613' title='bbox 593 4579 611 4610; x_wconf 74' lang='grc' dir='ltr'><strong>ι</strong></span> <span class='ocrx_word' id='word_1_614' title='bbox 647 4559 927 4631; x_wconf 87' lang='lat' dir='ltr'><strong>Scriptura</strong></span> <span class='ocrx_word' id='word_1_615' title='bbox 975 4557 1240 4625; x_wconf 81' lang='lat' dir='ltr'><strong>Ezechiae,</strong></span> <span class='ocrx_word' id='word_1_616' title='bbox 1276 4573 1399 4614; x_wconf 91' lang='lat' dir='ltr'><strong>cum</strong></span> <span class='ocrx_word' id='word_1_617' title='bbox 1453 4567 1767 4630; x_wconf 66' lang='lat' dir='ltr'><strong>aagrotasset</strong></span> <span class='ocrx_word' id='word_1_618' title='bbox 1811 4567 1867 4614; x_wconf 91' lang='lat' dir='ltr'><strong>et</strong></span> <span class='ocrx_word' id='word_1_619' title='bbox 1901 4574 2097 4615; x_wconf 86' lang='lat' dir='ltr'><strong>conva-</strong></span> 
     </span>
    </p>
   </div>
   <div class='ocr_carea' id='block_1_78' title="bbox 518 4651 2098 4723">
    <p class='ocr_par' dir='ltr' id='par_1_78' title="bbox 518 4651 2098 4723">
     <span class='ocr_line' id='line_1_78' title="bbox 518 4651 2098 4723; baseline -0.001 -17"><span class='ocrx_word' id='word_1_620' title='bbox 518 4651 706 4707; x_wconf 90' lang='lat' dir='ltr'><strong>luisset</strong></span> <span class='ocrx_word' id='word_1_621' title='bbox 737 4653 804 4707; x_wconf 91' lang='lat' dir='ltr'><strong>de</strong></span> <span class='ocrx_word' id='word_1_622' title='bbox 830 4651 1141 4707; x_wconf 79' lang='lat' dir='ltr'><strong>infirmitate</strong></span> <span class='ocrx_word' id='word_1_623' title='bbox 1165 4666 1283 4708; x_wconf 90' lang='lat' dir='ltr'><strong>sua.</strong></span> <span class='ocrx_word' id='word_1_624' title='bbox 1313 4670 1333 4703; x_wconf 77' lang='grc' dir='ltr'><strong>ι</strong></span> <span class='ocrx_word' id='word_1_625' title='bbox 1363 4651 1421 4707; x_wconf 85' lang='lat' dir='ltr'><strong>In</strong></span> <span class='ocrx_word' id='word_1_626' title='bbox 1443 4653 1781 4723; x_wconf 88' lang='lat' dir='ltr'><strong>septuaginta</strong></span> <span class='ocrx_word' id='word_1_627' title='bbox 1829 4652 2098 4722; x_wconf 84' lang='lat' dir='ltr'><strong>interpre-</strong></span> 
     </span>
    </p>
   </div>
   <div class='ocr_carea' id='block_1_79' title="bbox 518 4741 2092 4814">
    <p class='ocr_par' dir='ltr' id='par_1_79' title="bbox 518 4741 2092 4814">
     <span class='ocr_line' id='line_1_79' title="bbox 518 4741 2092 4814; baseline 0 -17"><span class='ocrx_word' id='word_1_628' title='bbox 518 4741 662 4799; x_wconf 83' lang='lat' dir='ltr'><strong>tibus</strong></span> <span class='ocrx_word' id='word_1_629' title='bbox 688 4743 914 4798; x_wconf 89' lang='lat' dir='ltr'><strong>habetur</strong></span> <span class='ocrx_word' id='word_1_630' title='bbox 947 4745 1145 4810; x_wconf 90' lang='lat' dir='ltr'><strong>oratio,</strong></span> <span class='ocrx_word' id='word_1_631' title='bbox 1175 4744 1268 4800; x_wconf 90' lang='lat' dir='ltr'><strong>sed</strong></span> <span class='ocrx_word' id='word_1_632' title='bbox 1296 4743 1476 4814; x_wconf 90' lang='lat' dir='ltr'><strong>potius</strong></span> <span class='ocrx_word' id='word_1_633' title='bbox 1504 4744 1606 4800; x_wconf 89' lang='lat' dir='ltr'><strong>ista</strong></span> <span class='ocrx_word' id='word_1_634' title='bbox 1631 4753 1714 4798; x_wconf 90' lang='lat' dir='ltr'><strong>est</strong></span> <span class='ocrx_word' id='word_1_635' title='bbox 1753 4743 1956 4798; x_wconf 89' lang='lat' dir='ltr'><strong>veritas</strong></span> <span class='ocrx_word' id='word_1_636' title='bbox 1994 4744 2092 4810; x_wconf 91' lang='lat' dir='ltr'><strong>rei,</strong></span> 
     </span>
    </p>
   </div>
   <div class='ocr_carea' id='block_1_80' title="bbox 516 4837 2096 4908">
    <p class='ocr_par' dir='ltr' id='par_1_80' title="bbox 516 4837 2096 4908">
     <span class='ocr_line' id='line_1_80' title="bbox 516 4837 2096 4908; baseline -0.001 -15"><span class='ocrx_word' id='word_1_637' title='bbox 516 4838 642 4908; x_wconf 88' lang='lat' dir='ltr'><strong>quia</strong></span> <span class='ocrx_word' id='word_1_638' title='bbox 673 4837 950 4893; x_wconf 87' lang='lat' dir='ltr'><strong>veritatem</strong></span> <span class='ocrx_word' id='word_1_639' title='bbox 996 4846 1180 4892; x_wconf 90' lang='lat' dir='ltr'><strong>narrat</strong></span> <span class='ocrx_word' id='word_1_640' title='bbox 1215 4855 1228 4892; x_wconf 92' lang='lat'><strong>:</strong></span> <span class='ocrx_word' id='word_1_641' title='bbox 1261 4837 1394 4892; x_wconf 88' lang='lat' dir='ltr'><strong>Cum</strong></span> <span class='ocrx_word' id='word_1_642' title='bbox 1441 4838 1780 4907; x_wconf 89' lang='lat' dir='ltr'><strong>omnipotens</strong></span> <span class='ocrx_word' id='word_1_643' title='bbox 1811 4837 1951 4893; x_wconf 91' lang='lat' dir='ltr'><strong>Deus</strong></span> <span class='ocrx_word' id='word_1_644' title='bbox 1977 4837 2096 4908; x_wconf 92' lang='lat' dir='ltr'><strong>pius</strong></span> 
     </span>
    </p>
   </div>
   <div class='ocr_carea' id='block_1_81' title="bbox 515 4928 2095 4987">
    <p class='ocr_par' dir='ltr' id='par_1_81' title="bbox 515 4928 2095 4987">
     <span class='ocr_line' id='line_1_81' title="bbox 515 4928 2095 4987; baseline -0.001 -1"><span class='ocrx_word' id='word_1_645' title='bbox 515 4938 572 4986; x_wconf 90' lang='lat' dir='ltr'><strong>et</strong></span> <span class='ocrx_word' id='word_1_646' title='bbox 591 4929 899 4986; x_wconf 87' lang='lat' dir='ltr'><strong>misericors</strong></span> <span class='ocrx_word' id='word_1_647' title='bbox 919 4928 1202 4987; x_wconf 86' lang='lat' dir='ltr'><strong>victoriam</strong></span> <span class='ocrx_word' id='word_1_648' title='bbox 1230 4929 1466 4986; x_wconf 89' lang='lat' dir='ltr'><strong>dedisset</strong></span> <span class='ocrx_word' id='word_1_649' title='bbox 1493 4929 1736 4984; x_wconf 69' lang='lat' dir='ltr'><strong>Electria:</strong></span> <span class='ocrx_word' id='word_1_650' title='bbox 1763 4929 1829 4985; x_wconf 90' lang='lat' dir='ltr'><strong>de</strong></span> <span class='ocrx_word' id='word_1_651' title='bbox 1851 4929 2095 4985; x_wconf 90' lang='lat' dir='ltr'><strong>hostibus</strong></span> 
     </span>
    </p>
   </div>
   <div class='ocr_carea' id='block_1_82' title="bbox 516 5023 2095 5095">
    <p class='ocr_par' dir='ltr' id='par_1_82' title="bbox 516 5023 2095 5095">
     <span class='ocr_line' id='line_1_82' title="bbox 516 5023 2095 5095; baseline -0.001 -16"><span class='ocrx_word' id='word_1_652' title='bbox 516 5023 630 5079; x_wconf 91' lang='lat' dir='ltr'><strong>suis</strong></span> <span class='ocrx_word' id='word_1_653' title='bbox 659 5023 776 5079; x_wconf 88' lang='lat' dir='ltr'><strong>sine</strong></span> <span class='ocrx_word' id='word_1_654' title='bbox 806 5023 985 5095; x_wconf 85' lang='lat' dir='ltr'><strong>aliquo</strong></span> <span class='ocrx_word' id='word_1_655' title='bbox 1007 5023 1210 5090; x_wconf 88' lang='lat' dir='ltr'><strong>labore,</strong></span> <span class='ocrx_word' id='word_1_656' title='bbox 1233 5032 1287 5078; x_wconf 92' lang='lat' dir='ltr'><strong>et</strong></span> <span class='ocrx_word' id='word_1_657' title='bbox 1315 5023 1363 5080; x_wconf 92' lang='lat' dir='ltr'><strong>ei</strong></span> <span class='ocrx_word' id='word_1_658' title='bbox 1388 5023 1592 5094; x_wconf 87' lang='lat' dir='ltr'><strong>gratias</strong></span> <span class='ocrx_word' id='word_1_659' title='bbox 1624 5037 1723 5091; x_wconf 89' lang='lat' dir='ltr'><strong>pro</strong></span> <span class='ocrx_word' id='word_1_660' title='bbox 1752 5037 1973 5078; x_wconf 89' lang='lat' dir='ltr'><strong>munere</strong></span> <span class='ocrx_word' id='word_1_661' title='bbox 1991 5023 2095 5079; x_wconf 89' lang='lat' dir='ltr'><strong>sibi</strong></span> 
     </span>
    </p>
   </div>
   <div class='ocr_carea' id='block_1_83' title="bbox 515 5114 2093 5181">
    <p class='ocr_par' dir='ltr' id='par_1_83' title="bbox 515 5114 2093 5181">
     <span class='ocr_line' id='line_1_83' title="bbox 515 5114 2093 5181; baseline -0.001 -10"><span class='ocrx_word' id='word_1_662' title='bbox 515 5115 710 5171; x_wconf 88' lang='lat' dir='ltr'><strong>collato</strong></span> <span class='ocrx_word' id='word_1_663' title='bbox 751 5130 856 5171; x_wconf 92' lang='lat' dir='ltr'><strong>non</strong></span> <span class='ocrx_word' id='word_1_664' title='bbox 913 5115 1213 5181; x_wconf 89' lang='lat' dir='ltr'><strong>retulisset,</strong></span> <span class='ocrx_word' id='word_1_665' title='bbox 1258 5115 1312 5169; x_wconf 94' lang='lat' dir='ltr'><strong>in</strong></span> <span class='ocrx_word' id='word_1_666' title='bbox 1360 5114 1728 5170; x_wconf 83' lang='lat' dir='ltr'><strong>inﬁrmitatem</strong></span> <span class='ocrx_word' id='word_1_667' title='bbox 1776 5114 1992 5170; x_wconf 88' lang='lat' dir='ltr'><strong>devenit</strong></span> <span class='ocrx_word' id='word_1_668' title='bbox 2034 5123 2093 5169; x_wconf 94' lang='lat' dir='ltr'><strong>ut</strong></span> 
     </span>
    </p>
   </div>
   <div class='ocr_carea' id='block_1_84' title="bbox 517 5204 2079 5279">
    <p class='ocr_par' dir='ltr' id='par_1_84' title="bbox 517 5204 2079 5279">
     <span class='ocr_line' id='line_1_84' title="bbox 517 5204 2079 5279; baseline 0.003 -19"><span class='ocrx_word' id='word_1_669' title='bbox 517 5207 607 5278; x_wconf 89' lang='lat' dir='ltr'><strong>qui</strong></span> <span class='ocrx_word' id='word_1_670' title='bbox 631 5204 801 5262; x_wconf 88' lang='lat' dir='ltr'><strong>noluit</strong></span> <span class='ocrx_word' id='word_1_671' title='bbox 823 5207 890 5262; x_wconf 89' lang='lat' dir='ltr'><strong>de</strong></span> <span class='ocrx_word' id='word_1_672' title='bbox 915 5207 1272 5278; x_wconf 87' lang='lat' dir='ltr'><strong>prosperitate</strong></span> <span class='ocrx_word' id='word_1_673' title='bbox 1325 5207 1610 5264; x_wconf 90' lang='lat' dir='ltr'><strong>decantare</strong></span> <span class='ocrx_word' id='word_1_674' title='bbox 1655 5207 1862 5275; x_wconf 90' lang='lat' dir='ltr'><strong>laudes,</strong></span> <span class='ocrx_word' id='word_1_675' title='bbox 1894 5208 2079 5279; x_wconf 88' lang='lat' dir='ltr'><strong>depro-</strong></span> 
     </span>
    </p>
   </div>
   <div class='ocr_carea' id='block_1_85' title="bbox 517 5299 2090 5376">
    <p class='ocr_par' dir='ltr' id='par_1_85' title="bbox 517 5299 2090 5376">
     <span class='ocr_line' id='line_1_85' title="bbox 517 5299 2090 5376; baseline 0.001 -23"><span class='ocrx_word' id='word_1_676' title='bbox 517 5307 689 5354; x_wconf 90' lang='lat' dir='ltr'><strong>meret</strong></span> <span class='ocrx_word' id='word_1_677' title='bbox 735 5299 1075 5376; x_wconf 84' lang='lat' dir='ltr'><strong>postmodum</strong></span> <span class='ocrx_word' id='word_1_678' title='bbox 1101 5299 1168 5353; x_wconf 90' lang='lat' dir='ltr'><strong>de</strong></span> <span class='ocrx_word' id='word_1_679' title='bbox 1197 5306 1293 5354; x_wconf 81' lang='lat' dir='ltr'><strong>Sua</strong></span> <span class='ocrx_word' id='word_1_680' title='bbox 1342 5299 1666 5356; x_wconf 89' lang='lat' dir='ltr'><strong>calamitate.</strong></span> <span class='ocrx_word' id='word_1_681' title='bbox 1714 5301 1781 5356; x_wconf 88' lang='lat' dir='ltr'><strong>Et</strong></span> <span class='ocrx_word' id='word_1_682' title='bbox 1807 5310 2090 5372; x_wconf 87' lang='lat' dir='ltr'><strong>postquam</strong></span> 
     </span>
    </p>
   </div>
   <div class='ocr_carea' id='block_1_86' title="bbox 519 5373 2094 5465">
    <p class='ocr_par' dir='ltr' id='par_1_86' title="bbox 519 5373 2094 5465">
     <span class='ocr_line' id='line_1_86' title="bbox 519 5373 2094 5465; baseline 0.001 -19"><span class='ocrx_word' id='word_1_683' title='bbox 519 5390 808 5458; x_wconf 87' lang='lat' dir='ltr'><strong>convaluit,</strong></span> <span class='ocrx_word' id='word_1_684' title='bbox 838 5391 974 5448; x_wconf 77' lang='lat' dir='ltr'><strong>dixit</strong></span> <span class='ocrx_word' id='word_1_685' title='bbox 1004 5373 1132 5463; x_wconf 74' lang='lat' dir='ltr'><strong>quid</strong></span> <span class='ocrx_word' id='word_1_686' title='bbox 1157 5407 1337 5450; x_wconf 87' lang='lat' dir='ltr'><strong>secum</strong></span> <span class='ocrx_word' id='word_1_687' title='bbox 1367 5393 1615 5464; x_wconf 87' lang='lat' dir='ltr'><strong>cogitarit</strong></span> <span class='ocrx_word' id='word_1_688' title='bbox 1659 5394 1865 5465; x_wconf 89' lang='lat' dir='ltr'><strong>positus</strong></span> <span class='ocrx_word' id='word_1_689' title='bbox 1900 5394 1956 5448; x_wconf 92' lang='lat' dir='ltr'><strong>in</strong></span> <span class='ocrx_word' id='word_1_690' title='bbox 2001 5409 2094 5449; x_wconf 87' lang='lat' dir='ltr'><strong>an-</strong></span> 
     </span>
    </p>
   </div>
   <div class='ocr_carea' id='block_1_87' title="bbox 518 5482 712 5551">
    <p class='ocr_par' dir='ltr' id='par_1_87' title="bbox 518 5482 712 5551">
     <span class='ocr_line' id='line_1_87' title="bbox 518 5482 712 5551; baseline 0 -13"><span class='ocrx_word' id='word_1_691' title='bbox 518 5482 712 5551; x_wconf 84' lang='lat' dir='ltr'><strong>gustia.</strong></span> 
     </span>
    </p>
   </div>
   <div class='ocr_carea' id='block_1_88' title="bbox 593 5575 2088 5650">
    <p class='ocr_par' dir='ltr' id='par_1_88' title="bbox 593 5575 2088 5650">
     <span class='ocr_line' id='line_1_88' title="bbox 593 5575 2088 5650; baseline 0.003 -22"><span class='ocrx_word' id='word_1_692' title='bbox 593 5594 612 5628; x_wconf 77' lang='grc' dir='ltr'><strong>ι</strong></span> <span class='ocrx_word' id='word_1_693' title='bbox 643 5575 758 5648; x_wconf 87' lang='lat' dir='ltr'><strong>Ego</strong></span> <span class='ocrx_word' id='word_1_694' title='bbox 781 5577 918 5646; x_wconf 77' lang='lat' dir='ltr'><strong>dixi,</strong></span> <span class='ocrx_word' id='word_1_695' title='bbox 953 5596 973 5631; x_wconf 72' lang='grc' dir='ltr'><strong>ι</strong></span> <span class='ocrx_word' id='word_1_696' title='bbox 998 5579 1253 5636; x_wconf 90' lang='lat' dir='ltr'><strong>subaudis</strong></span> <span class='ocrx_word' id='word_1_697' title='bbox 1271 5587 1512 5650; x_wconf 89' lang='lat' dir='ltr'><strong>tempore</strong></span> <span class='ocrx_word' id='word_1_698' title='bbox 1538 5576 1798 5649; x_wconf 84' lang='lat' dir='ltr'><strong>angustiae</strong></span> <span class='ocrx_word' id='word_1_699' title='bbox 1822 5591 1973 5634; x_wconf 71' lang='lat' dir='ltr'><strong>meae.</strong></span> <span class='ocrx_word' id='word_1_700' title='bbox 1995 5597 2013 5629; x_wconf 75' lang='grc' dir='ltr'><strong>ι</strong></span> <span class='ocrx_word' id='word_1_701' title='bbox 2031 5577 2088 5632; x_wconf 92' lang='lat' dir='ltr'><strong>ln</strong></span> 
     </span>
    </p>
   </div>
   <div class='ocr_carea' id='block_1_89' title="bbox 518 5665 2084 5740">
    <p class='ocr_par' dir='ltr' id='par_1_89' title="bbox 518 5665 2084 5740">
     <span class='ocr_line' id='line_1_89' title="bbox 518 5665 2084 5740; baseline -0.001 -16"><span class='ocrx_word' id='word_1_702' title='bbox 518 5665 740 5725; x_wconf 92' lang='lat' dir='ltr'><strong>dimidio</strong></span> <span class='ocrx_word' id='word_1_703' title='bbox 775 5670 985 5728; x_wconf 89' lang='lat' dir='ltr'><strong>dierum</strong></span> <span class='ocrx_word' id='word_1_704' title='bbox 1013 5687 1255 5728; x_wconf 91' lang='lat' dir='ltr'><strong>meorum</strong></span> <span class='ocrx_word' id='word_1_705' title='bbox 1280 5691 1292 5724; x_wconf 91' lang='lat'><strong>:</strong></span> <span class='ocrx_word' id='word_1_706' title='bbox 1316 5672 1506 5726; x_wconf 90' lang='lat' dir='ltr'><strong>vadam</strong></span> <span class='ocrx_word' id='word_1_707' title='bbox 1541 5670 1608 5727; x_wconf 89' lang='lat' dir='ltr'><strong>ad</strong></span> <span class='ocrx_word' id='word_1_708' title='bbox 1646 5679 1829 5740; x_wconf 90' lang='lat' dir='ltr'><strong>portas</strong></span> <span class='ocrx_word' id='word_1_709' title='bbox 1857 5669 2034 5726; x_wconf 91' lang='lat' dir='ltr'><strong>inferi.</strong></span> <span class='ocrx_word' id='word_1_710' title='bbox 2067 5690 2084 5722; x_wconf 74' lang='grc' dir='ltr'><strong>ι</strong></span> 
     </span>
    </p>
   </div>
   <div class='ocr_carea' id='block_1_90' title="bbox 519 5756 2088 5833">
    <p class='ocr_par' dir='ltr' id='par_1_90' title="bbox 519 5756 2088 5833">
     <span class='ocr_line' id='line_1_90' title="bbox 519 5756 2088 5833; baseline 0.001 -18"><span class='ocrx_word' id='word_1_711' title='bbox 519 5756 637 5817; x_wconf 82' lang='lat' dir='ltr'><strong>Non</strong></span> <span class='ocrx_word' id='word_1_712' title='bbox 663 5762 938 5833; x_wconf 88' lang='lat' dir='ltr'><strong>complebo</strong></span> <span class='ocrx_word' id='word_1_713' title='bbox 960 5779 1241 5820; x_wconf 89' lang='lat' dir='ltr'><strong>numerum</strong></span> <span class='ocrx_word' id='word_1_714' title='bbox 1280 5776 1522 5818; x_wconf 89' lang='lat' dir='ltr'><strong>meorum</strong></span> <span class='ocrx_word' id='word_1_715' title='bbox 1550 5761 1778 5828; x_wconf 87' lang='lat' dir='ltr'><strong>dierum,</strong></span> <span class='ocrx_word' id='word_1_716' title='bbox 1811 5771 1870 5817; x_wconf 93' lang='lat' dir='ltr'><strong>ut</strong></span> <span class='ocrx_word' id='word_1_717' title='bbox 1899 5775 2088 5832; x_wconf 92' lang='lat' dir='ltr'><strong>perve-</strong></span> 
     </span>
    </p>
   </div>
   <div class='ocr_carea' id='block_1_91' title="bbox 483 5839 2093 5927">
    <p class='ocr_par' dir='ltr' id='par_1_91' title="bbox 483 5839 2093 5927">
     <span class='ocr_line' id='line_1_91' title="bbox 483 5839 2093 5927; baseline 0.002 -19"><span class='ocrx_word' id='word_1_718' title='bbox 483 5839 664 5908; x_wconf 60' lang='lat' dir='ltr'><strong>&#39;ttiam</strong></span> <span class='ocrx_word' id='word_1_719' title='bbox 700 5853 768 5909; x_wconf 86' lang='lat' dir='ltr'><strong>ad</strong></span> <span class='ocrx_word' id='word_1_720' title='bbox 809 5862 1134 5912; x_wconf 85' lang='lat' dir='ltr'><strong>senectutem</strong></span> <span class='ocrx_word' id='word_1_721' title='bbox 1161 5855 1354 5913; x_wconf 88' lang='lat' dir='ltr'><strong>bonam</strong></span> <span class='ocrx_word' id='word_1_722' title='bbox 1402 5855 1536 5913; x_wconf 88' lang='lat' dir='ltr'><strong>sicut</strong></span> <span class='ocrx_word' id='word_1_723' title='bbox 1579 5866 1756 5927; x_wconf 86' lang='lat' dir='ltr'><strong>patres</strong></span> <span class='ocrx_word' id='word_1_724' title='bbox 1801 5855 2093 5914; x_wconf 82' lang='lat' dir='ltr'><strong>meizsub-</strong></span> 
     </span>
    </p>
   </div>
   <div class='ocr_carea' id='block_1_92' title="bbox 2203 3356 2796 3428">
    <p class='ocr_par' dir='ltr' id='par_1_92' title="bbox 2203 3356 2796 3428">
     <span class='ocr_line' id='line_1_92' title="bbox 2203 3356 2796 3428; baseline -0.005 -14"><span class='ocrx_word' id='word_1_725' title='bbox 2203 3359 2452 3414; x_wconf 89' lang='lat' dir='ltr'><strong>omnibus</strong></span> <span class='ocrx_word' id='word_1_726' title='bbox 2487 3356 2796 3428; x_wconf 88' lang='lat' dir='ltr'><strong>requiescit.</strong></span> 
     </span>
    </p>
   </div>
   <div class='ocr_carea' id='block_1_93' title="bbox 2279 3450 3754 3519">
    <p class='ocr_par' dir='ltr' id='par_1_93' title="bbox 2279 3450 3754 3519">
     <span class='ocr_line' id='line_1_93' title="bbox 2279 3450 3754 3519; baseline 0.003 -17"><span class='ocrx_word' id='word_1_727' title='bbox 2279 3470 2298 3502; x_wconf 73' lang='grc' dir='ltr'><strong>ι</strong></span> <span class='ocrx_word' id='word_1_728' title='bbox 2345 3450 2635 3506; x_wconf 88' lang='lat' dir='ltr'><strong>Generatio</strong></span> <span class='ocrx_word' id='word_1_729' title='bbox 2669 3465 2787 3506; x_wconf 89' lang='lat' dir='ltr'><strong>mea</strong></span> <span class='ocrx_word' id='word_1_730' title='bbox 2824 3451 3004 3507; x_wconf 89' lang='lat' dir='ltr'><strong>ablata</strong></span> <span class='ocrx_word' id='word_1_731' title='bbox 3032 3460 3115 3508; x_wconf 90' lang='lat' dir='ltr'><strong>est</strong></span> <span class='ocrx_word' id='word_1_732' title='bbox 3145 3468 3174 3506; x_wconf 91' lang='lat' dir='ltr'><strong>a</strong></span> <span class='ocrx_word' id='word_1_733' title='bbox 3213 3468 3319 3516; x_wconf 91' lang='lat' dir='ltr'><strong>me,</strong></span> <span class='ocrx_word' id='word_1_734' title='bbox 3358 3473 3378 3504; x_wconf 75' lang='grc' dir='ltr'><strong>ι</strong></span> <span class='ocrx_word' id='word_1_735' title='bbox 3411 3453 3510 3508; x_wconf 88' lang='lat' dir='ltr'><strong>hoc</strong></span> <span class='ocrx_word' id='word_1_736' title='bbox 3545 3461 3642 3519; x_wconf 83' lang='lat' dir='ltr'><strong>est,</strong></span> <span class='ocrx_word' id='word_1_737' title='bbox 3670 3453 3754 3508; x_wconf 79' lang='lat' dir='ltr'><strong>lilii</strong></span> 
     </span>
    </p>
   </div>
   <div class='ocr_carea' id='block_1_94' title="bbox 2203 3541 3758 3612">
    <p class='ocr_par' dir='ltr' id='par_1_94' title="bbox 2203 3541 3758 3612">
     <span class='ocr_line' id='line_1_94' title="bbox 2203 3541 3758 3612; baseline 0.001 -16"><span class='ocrx_word' id='word_1_738' title='bbox 2203 3541 2296 3612; x_wconf 95' lang='lat' dir='ltr'><strong>qui</strong></span> <span class='ocrx_word' id='word_1_739' title='bbox 2329 3543 2462 3597; x_wconf 90' lang='lat' dir='ltr'><strong>mihi</strong></span> <span class='ocrx_word' id='word_1_740' title='bbox 2506 3541 2797 3598; x_wconf 90' lang='lat' dir='ltr'><strong>succedere</strong></span> <span class='ocrx_word' id='word_1_741' title='bbox 2831 3542 3154 3608; x_wconf 86' lang='lat' dir='ltr'><strong>debuerant,</strong></span> <span class='ocrx_word' id='word_1_742' title='bbox 3196 3559 3305 3598; x_wconf 91' lang='lat' dir='ltr'><strong>non</strong></span> <span class='ocrx_word' id='word_1_743' title='bbox 3350 3553 3474 3598; x_wconf 92' lang='lat' dir='ltr'><strong>sunt</strong></span> <span class='ocrx_word' id='word_1_744' title='bbox 3501 3563 3520 3596; x_wconf 76' lang='grc' dir='ltr'><strong>ι</strong></span> <span class='ocrx_word' id='word_1_745' title='bbox 3560 3554 3612 3599; x_wconf 82' lang='lat' dir='ltr'><strong>et</strong></span> <span class='ocrx_word' id='word_1_746' title='bbox 3642 3559 3758 3598; x_wconf 84' lang='lat' dir='ltr'><strong>cou-</strong></span> 
     </span>
    </p>
   </div>
   <div class='ocr_carea' id='block_1_95' title="bbox 2206 3636 3752 3708">
    <p class='ocr_par' dir='ltr' id='par_1_95' title="bbox 2206 3636 3752 3708">
     <span class='ocr_line' id='line_1_95' title="bbox 2206 3636 3752 3708; baseline -0.003 -16"><span class='ocrx_word' id='word_1_747' title='bbox 2206 3636 2390 3692; x_wconf 89' lang='lat' dir='ltr'><strong>voluta</strong></span> <span class='ocrx_word' id='word_1_748' title='bbox 2448 3645 2532 3693; x_wconf 90' lang='lat' dir='ltr'><strong>est</strong></span> <span class='ocrx_word' id='word_1_749' title='bbox 2567 3654 2598 3692; x_wconf 87' lang='lat' dir='ltr'><strong>a</strong></span> <span class='ocrx_word' id='word_1_750' title='bbox 2633 3653 2720 3693; x_wconf 91' lang='lat' dir='ltr'><strong>me</strong></span> <span class='ocrx_word' id='word_1_751' title='bbox 2757 3639 2911 3708; x_wconf 89' lang='lat' dir='ltr'><strong>quasi</strong></span> <span class='ocrx_word' id='word_1_752' title='bbox 2963 3637 3369 3694; x_wconf 88' lang='lat' dir='ltr'><strong>tabernaculum</strong></span> <span class='ocrx_word' id='word_1_753' title='bbox 3410 3647 3700 3708; x_wconf 88' lang='lat' dir='ltr'><strong>pastorum;</strong></span> <span class='ocrx_word' id='word_1_754' title='bbox 3739 3659 3752 3688; x_wconf 75' lang='grc' dir='ltr'><strong>ι</strong></span> 
     </span>
    </p>
   </div>
   <div class='ocr_carea' id='block_1_96' title="bbox 2206 3731 3754 3804">
    <p class='ocr_par' dir='ltr' id='par_1_96' title="bbox 2206 3731 3754 3804">
     <span class='ocr_line' id='line_1_96' title="bbox 2206 3731 3754 3804; baseline 0 -18"><span class='ocrx_word' id='word_1_755' title='bbox 2206 3732 2359 3787; x_wconf 92' lang='lat' dir='ltr'><strong>Sicut</strong></span> <span class='ocrx_word' id='word_1_756' title='bbox 2403 3733 2810 3789; x_wconf 88' lang='lat' dir='ltr'><strong>tabernaculum</strong></span> <span class='ocrx_word' id='word_1_757' title='bbox 2881 3733 3142 3804; x_wconf 89' lang='lat' dir='ltr'><strong>plicatur,</strong></span> <span class='ocrx_word' id='word_1_758' title='bbox 3189 3741 3243 3789; x_wconf 89' lang='lat' dir='ltr'><strong>et</strong></span> <span class='ocrx_word' id='word_1_759' title='bbox 3301 3733 3612 3804; x_wconf 86' lang='lat' dir='ltr'><strong>magnitudo</strong></span> <span class='ocrx_word' id='word_1_760' title='bbox 3661 3731 3754 3800; x_wconf 81' lang='lat' dir='ltr'><strong>ejus</strong></span> 
     </span>
    </p>
   </div>
   <div class='ocr_carea' id='block_1_97' title="bbox 2204 3827 3754 3900">
    <p class='ocr_par' dir='ltr' id='par_1_97' title="bbox 2204 3827 3754 3900">
     <span class='ocr_line' id='line_1_97' title="bbox 2204 3827 3754 3900; baseline -0.001 -19"><span class='ocrx_word' id='word_1_761' title='bbox 2204 3843 2313 3882; x_wconf 93' lang='lat' dir='ltr'><strong>non</strong></span> <span class='ocrx_word' id='word_1_762' title='bbox 2340 3836 2492 3897; x_wconf 86' lang='lat' dir='ltr'><strong>patet</strong></span> <span class='ocrx_word' id='word_1_763' title='bbox 2532 3845 2546 3881; x_wconf 89' lang='lat'><strong>:</strong></span> <span class='ocrx_word' id='word_1_764' title='bbox 2590 3828 2669 3883; x_wconf 91' lang='lat' dir='ltr'><strong>sic</strong></span> <span class='ocrx_word' id='word_1_765' title='bbox 2708 3827 3022 3899; x_wconf 89' lang='lat' dir='ltr'><strong>magnitudo</strong></span> <span class='ocrx_word' id='word_1_766' title='bbox 3062 3829 3276 3900; x_wconf 89' lang='lat' dir='ltr'><strong>generis</strong></span> <span class='ocrx_word' id='word_1_767' title='bbox 3307 3828 3417 3884; x_wconf 92' lang='lat' dir='ltr'><strong>mei</strong></span> <span class='ocrx_word' id='word_1_768' title='bbox 3440 3829 3625 3899; x_wconf 87' lang='lat' dir='ltr'><strong>periit,</strong></span> <span class='ocrx_word' id='word_1_769' title='bbox 3654 3828 3754 3897; x_wconf 79' lang='lat' dir='ltr'><strong>quia</strong></span> 
     </span>
    </p>
   </div>
   <div class='ocr_carea' id='block_1_98' title="bbox 2204 3919 3207 3990">
    <p class='ocr_par' dir='ltr' id='par_1_98' title="bbox 2204 3919 3207 3990">
     <span class='ocr_line' id='line_1_98' title="bbox 2204 3919 3207 3990; baseline 0.001 -16"><span class='ocrx_word' id='word_1_770' title='bbox 2204 3920 2398 3975; x_wconf 90' lang='lat' dir='ltr'><strong>desunt</strong></span> <span class='ocrx_word' id='word_1_771' title='bbox 2422 3919 2518 3974; x_wconf 85' lang='lat' dir='ltr'><strong>lilii</strong></span> <span class='ocrx_word' id='word_1_772' title='bbox 2547 3921 2638 3990; x_wconf 92' lang='lat' dir='ltr'><strong>qui</strong></span> <span class='ocrx_word' id='word_1_773' title='bbox 2662 3936 2782 3976; x_wconf 90' lang='lat' dir='ltr'><strong>eam</strong></span> <span class='ocrx_word' id='word_1_774' title='bbox 2809 3919 3207 3977; x_wconf 88' lang='lat' dir='ltr'><strong>administrent.</strong></span> 
     </span>
    </p>
   </div>
   <div class='ocr_carea' id='block_1_99' title="bbox 2280 4014 3758 4071">
    <p class='ocr_par' dir='ltr' id='par_1_99' title="bbox 2280 4014 3758 4071">
     <span class='ocr_line' id='line_1_99' title="bbox 2280 4014 3758 4071; baseline 0 -6"><span class='ocrx_word' id='word_1_775' title='bbox 2280 4032 2298 4065; x_wconf 73' lang='grc' dir='ltr'><strong>ι</strong></span> <span class='ocrx_word' id='word_1_776' title='bbox 2346 4015 2578 4070; x_wconf 68' lang='grc' dir='ltr'><em>Ρηεείεε</em></span> <span class='ocrx_word' id='word_1_777' title='bbox 2626 4023 2709 4070; x_wconf 87' lang='grc' dir='ltr'><strong>εει</strong></span> <span class='ocrx_word' id='word_1_778' title='bbox 2756 4015 2902 4070; x_wconf 88' lang='lat' dir='ltr'><strong>velut</strong></span> <span class='ocrx_word' id='word_1_779' title='bbox 2946 4031 2976 4069; x_wconf 93' lang='lat' dir='ltr'><strong>a</strong></span> <span class='ocrx_word' id='word_1_780' title='bbox 3019 4024 3233 4071; x_wconf 84' lang='lat' dir='ltr'><strong>texente</strong></span> <span class='ocrx_word' id='word_1_781' title='bbox 3276 4015 3389 4070; x_wconf 83' lang='lat' dir='ltr'><strong>vita</strong></span> <span class='ocrx_word' id='word_1_782' title='bbox 3433 4031 3578 4071; x_wconf 86' lang='lat' dir='ltr'><strong>mea.</strong></span> <span class='ocrx_word' id='word_1_783' title='bbox 3627 4034 3644 4066; x_wconf 72' lang='grc' dir='ltr'><strong>ι</strong></span> <span class='ocrx_word' id='word_1_784' title='bbox 3676 4014 3758 4068; x_wconf 85' lang='lat' dir='ltr'><strong>Dat</strong></span> 
     </span>
    </p>
   </div>
   <div class='ocr_carea' id='block_1_100' title="bbox 2203 4104 3754 4177">
    <p class='ocr_par' dir='ltr' id='par_1_100' title="bbox 2203 4104 3754 4177">
     <span class='ocr_line' id='line_1_100' title="bbox 2203 4104 3754 4177; baseline -0.002 -17"><span class='ocrx_word' id='word_1_785' title='bbox 2203 4104 2362 4160; x_wconf 89' lang='lat' dir='ltr'><strong>aliam</strong></span> <span class='ocrx_word' id='word_1_786' title='bbox 2393 4105 2869 4177; x_wconf 90' lang='lat' dir='ltr'><strong>comparationem.</strong></span> <span class='ocrx_word' id='word_1_787' title='bbox 2915 4107 2982 4162; x_wconf 88' lang='lat' dir='ltr'><strong>Et</strong></span> <span class='ocrx_word' id='word_1_788' title='bbox 3006 4116 3089 4162; x_wconf 88' lang='lat' dir='ltr'><strong>est</strong></span> <span class='ocrx_word' id='word_1_789' title='bbox 3128 4121 3348 4163; x_wconf 88' lang='lat' dir='ltr'><strong>sensus:</strong></span> <span class='ocrx_word' id='word_1_790' title='bbox 3382 4105 3546 4163; x_wconf 88' lang='lat' dir='ltr'><strong>Sicut</strong></span> <span class='ocrx_word' id='word_1_791' title='bbox 3569 4105 3754 4162; x_wconf 71' lang='lat' dir='ltr'><strong>fremitu</strong></span> 
     </span>
    </p>
   </div>
   <div class='ocr_carea' id='block_1_101' title="bbox 2203 4198 3758 4271">
    <p class='ocr_par' dir='ltr' id='par_1_101' title="bbox 2203 4198 3758 4271">
     <span class='ocr_line' id='line_1_101' title="bbox 2203 4198 3758 4271; baseline 0.001 -17"><span class='ocrx_word' id='word_1_792' title='bbox 2203 4198 2368 4254; x_wconf 90' lang='lat' dir='ltr'><strong>telam</strong></span> <span class='ocrx_word' id='word_1_793' title='bbox 2397 4199 2796 4270; x_wconf 79' lang='lat' dir='ltr'><strong>imperfectam,</strong></span> <span class='ocrx_word' id='word_1_794' title='bbox 2835 4215 2996 4270; x_wconf 90' lang='lat' dir='ltr'><strong>quam</strong></span> <span class='ocrx_word' id='word_1_795' title='bbox 3027 4200 3286 4271; x_wconf 84' lang='lat' dir='ltr'><strong>perﬁcere</strong></span> <span class='ocrx_word' id='word_1_796' title='bbox 3330 4201 3618 4268; x_wconf 80' lang='lat' dir='ltr'><strong>debuerat,</strong></span> <span class='ocrx_word' id='word_1_797' title='bbox 3647 4217 3758 4271; x_wconf 58' lang='lat' dir='ltr'><strong>pre</strong></span> 
     </span>
    </p>
   </div>
   <div class='ocr_carea' id='block_1_102' title="bbox 2202 4291 3757 4364">
    <p class='ocr_par' dir='ltr' id='par_1_102' title="bbox 2202 4291 3757 4364">
     <span class='ocr_line' id='line_1_102' title="bbox 2202 4291 3757 4364; baseline -0.001 -18"><span class='ocrx_word' id='word_1_798' title='bbox 2202 4291 2374 4347; x_wconf 87' lang='lat' dir='ltr'><strong>cidit:</strong></span> <span class='ocrx_word' id='word_1_799' title='bbox 2407 4291 2487 4348; x_wconf 88' lang='lat' dir='ltr'><strong>sic</strong></span> <span class='ocrx_word' id='word_1_800' title='bbox 2534 4307 2654 4348; x_wconf 90' lang='lat' dir='ltr'><strong>mea</strong></span> <span class='ocrx_word' id='word_1_801' title='bbox 2683 4302 2814 4347; x_wconf 67' lang='lat' dir='ltr'><strong>retas</strong></span> <span class='ocrx_word' id='word_1_802' title='bbox 2862 4293 3183 4363; x_wconf 86' lang='lat' dir='ltr'><strong>imperfecta</strong></span> <span class='ocrx_word' id='word_1_803' title='bbox 3223 4294 3548 4364; x_wconf 53' lang='lat' dir='ltr'><strong>praeciditur</strong></span> <span class='ocrx_word' id='word_1_804' title='bbox 3570 4303 3622 4349; x_wconf 89' lang='lat' dir='ltr'><strong>et</strong></span> <span class='ocrx_word' id='word_1_805' title='bbox 3657 4291 3757 4347; x_wconf 61' lang='lat' dir='ltr'><strong>sul»</strong></span> 
     </span>
    </p>
   </div>
   <div class='ocr_carea' id='block_1_103' title="bbox 2201 4383 3757 4456">
    <p class='ocr_par' dir='ltr' id='par_1_103' title="bbox 2201 4383 3757 4456">
     <span class='ocr_line' id='line_1_103' title="bbox 2201 4383 3757 4456; baseline -0.001 -17"><span class='ocrx_word' id='word_1_806' title='bbox 2201 4385 2436 4440; x_wconf 87' lang='lat' dir='ltr'><strong>trahitur</strong></span> <span class='ocrx_word' id='word_1_807' title='bbox 2463 4401 2492 4438; x_wconf 91' lang='lat' dir='ltr'><strong>a</strong></span> <span class='ocrx_word' id='word_1_808' title='bbox 2527 4399 2633 4450; x_wconf 91' lang='lat' dir='ltr'><strong>me,</strong></span> <span class='ocrx_word' id='word_1_809' title='bbox 2673 4385 2728 4440; x_wconf 91' lang='lat' dir='ltr'><strong>in</strong></span> <span class='ocrx_word' id='word_1_810' title='bbox 2758 4383 2986 4454; x_wconf 89' lang='lat' dir='ltr'><strong>juvenili</strong></span> <span class='ocrx_word' id='word_1_811' title='bbox 3022 4394 3181 4440; x_wconf 57' lang='lat' dir='ltr'><strong>aetate</strong></span> <span class='ocrx_word' id='word_1_812' title='bbox 3211 4386 3389 4441; x_wconf 88' lang='lat' dir='ltr'><strong>adhuc</strong></span> <span class='ocrx_word' id='word_1_813' title='bbox 3421 4387 3628 4456; x_wconf 91' lang='lat' dir='ltr'><strong>posito.</strong></span> <span class='ocrx_word' id='word_1_814' title='bbox 3659 4403 3675 4435; x_wconf 77' lang='grc' dir='ltr'><strong>ι</strong></span> <span class='ocrx_word' id='word_1_815' title='bbox 3700 4385 3757 4438; x_wconf 80' lang='lat' dir='ltr'><strong>De</strong></span> 
     </span>
    </p>
   </div>
   <div class='ocr_carea' id='block_1_104' title="bbox 2201 4475 3756 4546">
    <p class='ocr_par' dir='ltr' id='par_1_104' title="bbox 2201 4475 3756 4546">
     <span class='ocr_line' id='line_1_104' title="bbox 2201 4475 3756 4546; baseline -0.003 -16"><span class='ocrx_word' id='word_1_816' title='bbox 2201 4490 2358 4531; x_wconf 90' lang='lat' dir='ltr'><strong>mane</strong></span> <span class='ocrx_word' id='word_1_817' title='bbox 2380 4490 2551 4545; x_wconf 91' lang='lat' dir='ltr'><strong>usque</strong></span> <span class='ocrx_word' id='word_1_818' title='bbox 2589 4475 2655 4530; x_wconf 90' lang='lat' dir='ltr'><strong>ad</strong></span> <span class='ocrx_word' id='word_1_819' title='bbox 2696 4490 2980 4546; x_wconf 90' lang='lat' dir='ltr'><strong>vesperam</strong></span> <span class='ocrx_word' id='word_1_820' title='bbox 3021 4475 3179 4530; x_wconf 82' lang='lat' dir='ltr'><strong>finies</strong></span> <span class='ocrx_word' id='word_1_821' title='bbox 3214 4491 3321 4531; x_wconf 91' lang='lat' dir='ltr'><strong>me.</strong></span> <span class='ocrx_word' id='word_1_822' title='bbox 3359 4495 3379 4528; x_wconf 73' lang='grc' dir='ltr'>ι</span> <span class='ocrx_word' id='word_1_823' title='bbox 3426 4475 3583 4532; x_wconf 81' lang='lat' dir='ltr'><strong>More</strong></span> <span class='ocrx_word' id='word_1_824' title='bbox 3631 4475 3756 4529; x_wconf 81' lang='lat' dir='ltr'><strong>febri-</strong></span> 
     </span>
    </p>
   </div>
   <div class='ocr_carea' id='block_1_105' title="bbox 2199 4567 3755 4639">
    <p class='ocr_par' dir='ltr' id='par_1_105' title="bbox 2199 4567 3755 4639">
     <span class='ocr_line' id='line_1_105' title="bbox 2199 4567 3755 4639; baseline -0.003 -17"><span class='ocrx_word' id='word_1_825' title='bbox 2199 4567 2418 4623; x_wconf 81' lang='lat' dir='ltr'><strong>citantis</strong></span> <span class='ocrx_word' id='word_1_826' title='bbox 2466 4567 2552 4622; x_wconf 89' lang='lat' dir='ltr'><strong>vel</strong></span> <span class='ocrx_word' id='word_1_827' title='bbox 2588 4567 2816 4638; x_wconf 91' lang='lat' dir='ltr'><strong>alicujus</strong></span> <span class='ocrx_word' id='word_1_828' title='bbox 2867 4567 3054 4639; x_wconf 63' lang='lat' dir='ltr'><strong>aegroti</strong></span> <span class='ocrx_word' id='word_1_829' title='bbox 3096 4567 3178 4638; x_wconf 90' lang='lat' dir='ltr'><strong>(ut</strong></span> <span class='ocrx_word' id='word_1_830' title='bbox 3215 4567 3292 4621; x_wconf 88' lang='lat' dir='ltr'><strong>ait</strong></span> <span class='ocrx_word' id='word_1_831' title='bbox 3338 4567 3544 4622; x_wconf 84' lang='lat' dir='ltr'><strong>beatus</strong></span> <span class='ocrx_word' id='word_1_832' title='bbox 3589 4567 3755 4622; x_wconf 81' lang='lat' dir='ltr'><strong>Hiero-</strong></span> 
     </span>
    </p>
   </div>
   <div class='ocr_carea' id='block_1_106' title="bbox 2199 4657 3758 4731">
    <p class='ocr_par' dir='ltr' id='par_1_106' title="bbox 2199 4657 3758 4731">
     <span class='ocr_line' id='line_1_106' title="bbox 2199 4657 3758 4731; baseline -0.004 -17"><span class='ocrx_word' id='word_1_833' title='bbox 2199 4658 2414 4731; x_wconf 80' lang='lat' dir='ltr'><strong>nymus)</strong></span> <span class='ocrx_word' id='word_1_834' title='bbox 2463 4658 2674 4714; x_wconf 91' lang='lat' dir='ltr'><strong>locutus</strong></span> <span class='ocrx_word' id='word_1_835' title='bbox 2728 4667 2813 4714; x_wconf 84' lang='lat' dir='ltr'><strong>est</strong></span> <span class='ocrx_word' id='word_1_836' title='bbox 2861 4676 2874 4711; x_wconf 92' lang='lat'>:</span> <span class='ocrx_word' id='word_1_837' title='bbox 2922 4658 3014 4729; x_wconf 92' lang='lat' dir='ltr'><strong>qui</strong></span> <span class='ocrx_word' id='word_1_838' title='bbox 3064 4673 3224 4714; x_wconf 90' lang='lat' dir='ltr'><strong>mane</strong></span> <span class='ocrx_word' id='word_1_839' title='bbox 3265 4658 3510 4714; x_wconf 89' lang='lat' dir='ltr'><strong>afﬂictus</strong></span> <span class='ocrx_word' id='word_1_840' title='bbox 3559 4659 3687 4714; x_wconf 86' lang='lat' dir='ltr'><strong>dicit</strong></span> <span class='ocrx_word' id='word_1_841' title='bbox 3718 4657 3758 4710; x_wconf 90' lang='lat' dir='ltr'><strong>in</strong></span> 
     </span>
    </p>
   </div>
   <div class='ocr_carea' id='block_1_107' title="bbox 2197 4745 3760 4818">
    <p class='ocr_par' dir='ltr' id='par_1_107' title="bbox 2197 4745 3760 4818">
     <span class='ocr_line' id='line_1_107' title="bbox 2197 4745 3760 4818; baseline -0.003 -16"><span class='ocrx_word' id='word_1_842' title='bbox 2197 4747 2360 4802; x_wconf 88' lang='lat' dir='ltr'><strong>corde</strong></span> <span class='ocrx_word' id='word_1_843' title='bbox 2389 4762 2484 4802; x_wconf 91' lang='lat' dir='ltr'><strong>suo</strong></span> <span class='ocrx_word' id='word_1_844' title='bbox 2511 4765 2522 4801; x_wconf 95' lang='lat'>:</span> <span class='ocrx_word' id='word_1_845' title='bbox 2549 4745 2808 4802; x_wconf 79' lang='lat' dir='ltr'><strong>Veniente</strong></span> <span class='ocrx_word' id='word_1_846' title='bbox 2832 4761 3074 4818; x_wconf 88' lang='lat' dir='ltr'><strong>vespere,</strong></span> <span class='ocrx_word' id='word_1_847' title='bbox 3101 4755 3194 4802; x_wconf 89' lang='lat' dir='ltr'><strong>aut</strong></span> <span class='ocrx_word' id='word_1_848' title='bbox 3219 4748 3441 4813; x_wconf 88' lang='lat' dir='ltr'><strong>moriar,</strong></span> <span class='ocrx_word' id='word_1_849' title='bbox 3484 4758 3586 4805; x_wconf 89' lang='lat' dir='ltr'><strong>aut</strong></span> <span class='ocrx_word' id='word_1_850' title='bbox 3613 4757 3760 4803; x_wconf 83' lang='lat' dir='ltr'><strong>muta-</strong></span> 
     </span>
    </p>
   </div>
   <div class='ocr_carea' id='block_1_108' title="bbox 2197 4840 3757 4912">
    <p class='ocr_par' dir='ltr' id='par_1_108' title="bbox 2197 4840 3757 4912">
     <span class='ocr_line' id='line_1_108' title="bbox 2197 4840 3757 4912; baseline -0.002 -17"><span class='ocrx_word' id='word_1_851' title='bbox 2197 4840 2344 4895; x_wconf 92' lang='lat' dir='ltr'><strong>bitur</strong></span> <span class='ocrx_word' id='word_1_852' title='bbox 2383 4840 2668 4895; x_wconf 85' lang='lat' dir='ltr'><strong>inﬂrmitas</strong></span> <span class='ocrx_word' id='word_1_853' title='bbox 2709 4856 2850 4895; x_wconf 88' lang='lat' dir='ltr'><strong>mea.</strong></span> <span class='ocrx_word' id='word_1_854' title='bbox 2891 4840 2958 4896; x_wconf 86' lang='lat' dir='ltr'><strong>Et</strong></span> <span class='ocrx_word' id='word_1_855' title='bbox 3003 4841 3252 4896; x_wconf 88' lang='lat' dir='ltr'><strong>veniente</strong></span> <span class='ocrx_word' id='word_1_856' title='bbox 3297 4857 3554 4912; x_wconf 87' lang='lat' dir='ltr'><strong>vespere,</strong></span> <span class='ocrx_word' id='word_1_857' title='bbox 3598 4843 3757 4897; x_wconf 90' lang='lat' dir='ltr'><strong>dicit:</strong></span> 
     </span>
    </p>
   </div>
   <div class='ocr_carea' id='block_1_109' title="bbox 2198 4929 3762 4997">
    <p class='ocr_par' dir='ltr' id='par_1_109' title="bbox 2198 4929 3762 4997">
     <span class='ocr_line' id='line_1_109' title="bbox 2198 4929 3762 4997; baseline -0.002 -12"><span class='ocrx_word' id='word_1_858' title='bbox 2198 4930 2352 4986; x_wconf 86' lang='lat' dir='ltr'><strong>Mane</strong></span> <span class='ocrx_word' id='word_1_859' title='bbox 2397 4939 2488 4986; x_wconf 89' lang='lat' dir='ltr'><strong>aut</strong></span> <span class='ocrx_word' id='word_1_860' title='bbox 2534 4931 2753 4997; x_wconf 89' lang='lat' dir='ltr'><strong>moriar,</strong></span> <span class='ocrx_word' id='word_1_861' title='bbox 2811 4942 2905 4986; x_wconf 89' lang='lat' dir='ltr'><strong>aut</strong></span> <span class='ocrx_word' id='word_1_862' title='bbox 2956 4931 3291 4988; x_wconf 90' lang='lat' dir='ltr'><strong>tolerabilius</strong></span> <span class='ocrx_word' id='word_1_863' title='bbox 3329 4931 3463 4987; x_wconf 87' lang='lat' dir='ltr'><strong>mihi</strong></span> <span class='ocrx_word' id='word_1_864' title='bbox 3513 4935 3640 4988; x_wconf 91' lang='lat' dir='ltr'><strong>erit.</strong></span> <span class='ocrx_word' id='word_1_865' title='bbox 3690 4929 3762 4985; x_wconf 78' lang='lat' dir='ltr'><strong>Sir</strong></span> 
     </span>
    </p>
   </div>
   <div class='ocr_carea' id='block_1_110' title="bbox 2196 5024 3640 5094">
    <p class='ocr_par' dir='ltr' id='par_1_110' title="bbox 2196 5024 3640 5094">
     <span class='ocr_line' id='line_1_110' title="bbox 2196 5024 3640 5094; baseline 0 -14"><span class='ocrx_word' id='word_1_866' title='bbox 2196 5025 2299 5081; x_wconf 88' lang='lat' dir='ltr'><strong>iste</strong></span> <span class='ocrx_word' id='word_1_867' title='bbox 2321 5025 2532 5081; x_wconf 84' lang='lat' dir='ltr'><strong>dicebat</strong></span> <span class='ocrx_word' id='word_1_868' title='bbox 2558 5025 2768 5094; x_wconf 90' lang='lat' dir='ltr'><strong>positus</strong></span> <span class='ocrx_word' id='word_1_869' title='bbox 2795 5025 2848 5080; x_wconf 91' lang='lat' dir='ltr'><strong>in</strong></span> <span class='ocrx_word' id='word_1_870' title='bbox 2872 5024 3210 5093; x_wconf 85' lang='lat' dir='ltr'><strong>infirmitate,</strong></span> <span class='ocrx_word' id='word_1_871' title='bbox 3237 5041 3359 5081; x_wconf 89' lang='lat' dir='ltr'><strong>cum</strong></span> <span class='ocrx_word' id='word_1_872' title='bbox 3389 5025 3640 5082; x_wconf 88' lang='lat' dir='ltr'><strong>diceret:</strong></span> 
     </span>
    </p>
   </div>
   <div class='ocr_carea' id='block_1_111' title="bbox 2273 5115 3762 5187">
    <p class='ocr_par' dir='ltr' id='par_1_111' title="bbox 2273 5115 3762 5187">
     <span class='ocr_line' id='line_1_111' title="bbox 2273 5115 3762 5187; baseline 0.001 -18"><span class='ocrx_word' id='word_1_873' title='bbox 2273 5135 2291 5168; x_wconf 79' lang='grc' dir='ltr'><strong><em>ι</em></strong></span> <span class='ocrx_word' id='word_1_874' title='bbox 2342 5115 2638 5185; x_wconf 87' lang='lat' dir='ltr'><strong>Sperabam</strong></span> <span class='ocrx_word' id='word_1_875' title='bbox 2687 5131 2857 5186; x_wconf 89' lang='lat' dir='ltr'><strong>usque</strong></span> <span class='ocrx_word' id='word_1_876' title='bbox 2893 5117 2960 5172; x_wconf 88' lang='lat' dir='ltr'><strong>ad</strong></span> <span class='ocrx_word' id='word_1_877' title='bbox 2991 5132 3169 5182; x_wconf 89' lang='lat' dir='ltr'><strong>mane,</strong></span> <span class='ocrx_word' id='word_1_878' title='bbox 3211 5117 3366 5187; x_wconf 87' lang='lat' dir='ltr'><strong>quasi</strong></span> <span class='ocrx_word' id='word_1_879' title='bbox 3417 5117 3504 5173; x_wconf 91' lang='lat' dir='ltr'><strong>leo</strong></span> <span class='ocrx_word' id='word_1_880' title='bbox 3543 5119 3626 5174; x_wconf 90' lang='lat' dir='ltr'><strong>sic</strong></span> <span class='ocrx_word' id='word_1_881' title='bbox 3654 5131 3762 5173; x_wconf 56' lang='lat' dir='ltr'><strong>cono</strong></span> 
     </span>
    </p>
   </div>
   <div class='ocr_carea' id='block_1_112' title="bbox 2196 5207 3764 5278">
    <p class='ocr_par' dir='ltr' id='par_1_112' title="bbox 2196 5207 3764 5278">
     <span class='ocr_line' id='line_1_112' title="bbox 2196 5207 3764 5278; baseline -0.004 -14"><span class='ocrx_word' id='word_1_882' title='bbox 2196 5207 2346 5264; x_wconf 88' lang='lat' dir='ltr'><strong>trivit</strong></span> <span class='ocrx_word' id='word_1_883' title='bbox 2382 5208 2562 5262; x_wconf 90' lang='lat' dir='ltr'><strong>omnia</strong></span> <span class='ocrx_word' id='word_1_884' title='bbox 2592 5223 2717 5264; x_wconf 86' lang='lat' dir='ltr'><strong>ossa</strong></span> <span class='ocrx_word' id='word_1_885' title='bbox 2749 5223 2887 5264; x_wconf 90' lang='lat' dir='ltr'><strong>mea.</strong></span> <span class='ocrx_word' id='word_1_886' title='bbox 2934 5229 2952 5261; x_wconf 72' lang='grc' dir='ltr'><strong>ι</strong></span> <span class='ocrx_word' id='word_1_887' title='bbox 2992 5207 3161 5264; x_wconf 88' lang='lat' dir='ltr'><strong>Leoni</strong></span> <span class='ocrx_word' id='word_1_888' title='bbox 3201 5218 3479 5278; x_wconf 86' lang='lat' dir='ltr'><strong>comparat</strong></span> <span class='ocrx_word' id='word_1_889' title='bbox 3512 5208 3764 5263; x_wconf 73' lang='lat' dir='ltr'><strong>Ezechias</strong></span> 
     </span>
    </p>
   </div>
   <div class='ocr_carea' id='block_1_113' title="bbox 2196 5299 3763 5373">
    <p class='ocr_par' dir='ltr' id='par_1_113' title="bbox 2196 5299 3763 5373">
     <span class='ocr_line' id='line_1_113' title="bbox 2196 5299 3763 5373; baseline -0.004 -18"><span class='ocrx_word' id='word_1_890' title='bbox 2196 5299 2367 5355; x_wconf 90' lang='lat' dir='ltr'><strong>Deum</strong></span> <span class='ocrx_word' id='word_1_891' title='bbox 2413 5300 2854 5370; x_wconf 88' lang='lat' dir='ltr'><strong>omnipotentem.</strong></span> <span class='ocrx_word' id='word_1_892' title='bbox 2909 5299 3061 5355; x_wconf 91' lang='lat' dir='ltr'><strong>Sicut</strong></span> <span class='ocrx_word' id='word_1_893' title='bbox 3103 5300 3188 5356; x_wconf 90' lang='lat' dir='ltr'><strong>leo</strong></span> <span class='ocrx_word' id='word_1_894' title='bbox 3209 5299 3534 5373; x_wconf 89' lang='lat' dir='ltr'><strong>(inquiens),</strong></span> <span class='ocrx_word' id='word_1_895' title='bbox 3582 5309 3763 5356; x_wconf 85' lang='lat' dir='ltr'><strong>cuncta</strong></span> 
     </span>
    </p>
   </div>
   <div class='ocr_carea' id='block_1_114' title="bbox 2196 5392 3763 5459">
    <p class='ocr_par' dir='ltr' id='par_1_114' title="bbox 2196 5392 3763 5459">
     <span class='ocr_line' id='line_1_114' title="bbox 2196 5392 3763 5459; baseline -0.006 -10"><span class='ocrx_word' id='word_1_896' title='bbox 2196 5392 2516 5449; x_wconf 90' lang='lat' dir='ltr'><strong>comminuit</strong></span> <span class='ocrx_word' id='word_1_897' title='bbox 2555 5393 2764 5448; x_wconf 92' lang='lat' dir='ltr'><strong>edendo</strong></span> <span class='ocrx_word' id='word_1_898' title='bbox 2801 5407 2907 5448; x_wconf 90' lang='lat' dir='ltr'><strong>non</strong></span> <span class='ocrx_word' id='word_1_899' title='bbox 2947 5393 3119 5448; x_wconf 91' lang='lat' dir='ltr'><strong>solum</strong></span> <span class='ocrx_word' id='word_1_900' title='bbox 3158 5407 3370 5459; x_wconf 90' lang='lat' dir='ltr'><strong>carnes,</strong></span> <span class='ocrx_word' id='word_1_901' title='bbox 3410 5394 3763 5448; x_wconf 73' lang='lat' dir='ltr'><strong>verumetiam</strong></span> 
     </span>
    </p>
   </div>
   <div class='ocr_carea' id='block_1_115' title="bbox 2195 5483 3766 5556">
    <p class='ocr_par' dir='ltr' id='par_1_115' title="bbox 2195 5483 3766 5556">
     <span class='ocr_line' id='line_1_115' title="bbox 2195 5483 3766 5556; baseline -0.004 -17"><span class='ocrx_word' id='word_1_902' title='bbox 2195 5491 2252 5540; x_wconf 92' lang='lat' dir='ltr'><strong>et</strong></span> <span class='ocrx_word' id='word_1_903' title='bbox 2277 5499 2400 5540; x_wconf 88' lang='lat' dir='ltr'><strong>ossa</strong></span> <span class='ocrx_word' id='word_1_904' title='bbox 2441 5502 2453 5537; x_wconf 90' lang='lat'><strong>:</strong></span> <span class='ocrx_word' id='word_1_905' title='bbox 2495 5483 2574 5539; x_wconf 90' lang='lat' dir='ltr'><strong>sic</strong></span> <span class='ocrx_word' id='word_1_906' title='bbox 2616 5498 2716 5556; x_wconf 88' lang='lat' dir='ltr'><strong>ego</strong></span> <span class='ocrx_word' id='word_1_907' title='bbox 2755 5499 2860 5539; x_wconf 90' lang='lat' dir='ltr'><strong>non</strong></span> <span class='ocrx_word' id='word_1_908' title='bbox 2907 5483 3078 5540; x_wconf 88' lang='lat' dir='ltr'><strong>solum</strong></span> <span class='ocrx_word' id='word_1_909' title='bbox 3123 5483 3364 5554; x_wconf 89' lang='lat' dir='ltr'><strong>corporis</strong></span> <span class='ocrx_word' id='word_1_910' title='bbox 3411 5483 3766 5539; x_wconf 85' lang='lat' dir='ltr'><strong>verumetiam</strong></span> 
     </span>
    </p>
   </div>
   <div class='ocr_carea' id='block_1_116' title="bbox 2194 5577 3765 5650">
    <p class='ocr_par' dir='ltr' id='par_1_116' title="bbox 2194 5577 3765 5650">
     <span class='ocr_line' id='line_1_116' title="bbox 2194 5577 3765 5650; baseline -0.003 -17"><span class='ocrx_word' id='word_1_911' title='bbox 2194 5579 2337 5636; x_wconf 90' lang='lat' dir='ltr'><strong>vires</strong></span> <span class='ocrx_word' id='word_1_912' title='bbox 2395 5579 2623 5636; x_wconf 90' lang='lat' dir='ltr'><strong>amissas</strong></span> <span class='ocrx_word' id='word_1_913' title='bbox 2680 5577 2853 5636; x_wconf 85' lang='lat' dir='ltr'><strong>habeo</strong></span> <span class='ocrx_word' id='word_1_914' title='bbox 2907 5580 3109 5636; x_wconf 89' lang='lat' dir='ltr'><strong>ossium</strong></span> <span class='ocrx_word' id='word_1_915' title='bbox 3161 5594 3275 5649; x_wconf 70' lang='lat' dir='ltr'><strong>pra:</strong></span> <span class='ocrx_word' id='word_1_916' title='bbox 3317 5579 3469 5650; x_wconf 89' lang='lat' dir='ltr'><strong>gravi</strong></span> <span class='ocrx_word' id='word_1_917' title='bbox 3536 5578 3765 5634; x_wconf 81' lang='lat' dir='ltr'><strong>infirmi-</strong></span> 
     </span>
    </p>
   </div>
   <div class='ocr_carea' id='block_1_117' title="bbox 2196 5679 2326 5728">
    <p class='ocr_par' dir='ltr' id='par_1_117' title="bbox 2196 5679 2326 5728">
     <span class='ocr_line' id='line_1_117' title="bbox 2196 5679 2326 5728; baseline -0.008 -2"><span class='ocrx_word' id='word_1_918' title='bbox 2196 5679 2326 5728; x_wconf 88' lang='lat' dir='ltr'><strong>tate.</strong></span> 
     </span>
    </p>
   </div>
   <div class='ocr_carea' id='block_1_118' title="bbox 2271 5762 3772 5835">
    <p class='ocr_par' dir='ltr' id='par_1_118' title="bbox 2271 5762 3772 5835">
     <span class='ocr_line' id='line_1_118' title="bbox 2271 5762 3772 5835; baseline 0.003 -22"><span class='ocrx_word' id='word_1_919' title='bbox 2271 5781 2290 5813; x_wconf 85' lang='grc'><strong>‹</strong></span> <span class='ocrx_word' id='word_1_920' title='bbox 2327 5762 2403 5818; x_wconf 90' lang='lat' dir='ltr'><strong>De</strong></span> <span class='ocrx_word' id='word_1_921' title='bbox 2443 5778 2600 5818; x_wconf 90' lang='lat' dir='ltr'><strong>mane</strong></span> <span class='ocrx_word' id='word_1_922' title='bbox 2624 5778 2792 5833; x_wconf 90' lang='lat' dir='ltr'><strong>usque</strong></span> <span class='ocrx_word' id='word_1_923' title='bbox 2821 5765 2887 5819; x_wconf 86' lang='lat' dir='ltr'><strong>ad</strong></span> <span class='ocrx_word' id='word_1_924' title='bbox 2931 5779 3207 5835; x_wconf 87' lang='lat' dir='ltr'><strong>vesperam</strong></span> <span class='ocrx_word' id='word_1_925' title='bbox 3257 5763 3415 5820; x_wconf 84' lang='lat' dir='ltr'><strong>ﬁnies</strong></span> <span class='ocrx_word' id='word_1_926' title='bbox 3449 5779 3558 5820; x_wconf 86' lang='lat' dir='ltr'><strong>me.</strong></span> <span class='ocrx_word' id='word_1_927' title='bbox 3595 5791 3613 5815; x_wconf 57' lang='grc' dir='ltr'><strong><em>θ</em></strong></span> <span class='ocrx_word' id='word_1_928' title='bbox 3652 5763 3772 5820; x_wconf 72' lang='grc' dir='ltr'><strong>δυε-</strong></span> 
     </span>
    </p>
   </div>
   <div class='ocr_carea' id='block_1_119' title="bbox 2194 5855 3770 5927">
    <p class='ocr_par' dir='ltr' id='par_1_119' title="bbox 2194 5855 3770 5927">
     <span class='ocr_line' id='line_1_119' title="bbox 2194 5855 3770 5927; baseline -0.004 -14"><span class='ocrx_word' id='word_1_929' title='bbox 2194 5868 2393 5926; x_wconf 87' lang='lat' dir='ltr'><strong>pensus</strong></span> <span class='ocrx_word' id='word_1_930' title='bbox 2427 5855 2798 5927; x_wconf 88' lang='lat' dir='ltr'><strong>eloquebatur.</strong></span> <span class='ocrx_word' id='word_1_931' title='bbox 2843 5857 2918 5912; x_wconf 82' lang='lat' dir='ltr'><strong>Ac</strong></span> <span class='ocrx_word' id='word_1_932' title='bbox 2945 5857 2988 5912; x_wconf 81' lang='lat' dir='ltr'><strong>si</strong></span> <span class='ocrx_word' id='word_1_933' title='bbox 3038 5857 3294 5914; x_wconf 83' lang='lat' dir='ltr'><strong>diceret:</strong></span> <span class='ocrx_word' id='word_1_934' title='bbox 3337 5856 3442 5911; x_wconf 73' lang='lat' dir='ltr'><strong>Ant</strong></span> <span class='ocrx_word' id='word_1_935' title='bbox 3485 5874 3655 5914; x_wconf 86' lang='lat' dir='ltr'><strong>mane</strong></span> <span class='ocrx_word' id='word_1_936' title='bbox 3683 5863 3770 5910; x_wconf 81' lang='lat' dir='ltr'><strong>aut</strong></span> 
     </span>
    </p>
   </div>
  </div>
