3918 6456
147 364 265 419 903

1213 349 1562 407 COMMENT.
1602 346 1669 402 ιιι
1708 346 1958 402 ιεωιι.
1983 375 2052 388 -α-
2083 344 2206 402 ιω.
2246 345 2306 400 Ii.

3302 318 3403 395 906'

149 489 390 547 vespere
415 474 579 529 tinem
605 471 738 526 mihi
767 469 940 532 dabis,
973 485 990 518 ι
1035 466 1186 520 Sicut
1233 463 1408 534 pullus
1430 461 1732 518 hirundinis
1762 465 1807 522 Α
1836 460 2069 547 «uernis
2092 457 2421 547 cruciatibus
2465 465 2591 512 sunt
2628 453 2844 547 traditi,
2874 455 2979 545 n'on
3023 455 3228 547 habent
3258 457 3406 526 spent

150 569 244 622 sic
290 563 574 629 clamabo;
623 569 641 615 ἡ
682 560 827 616 velut
877 559 1074 614 clamat
1113 555 1289 626 pullus
1327 552 1628 609 hirundinis
1671 551 1736 605 ad

152 653 376 728 patrem
408 663 464 708 et
493 644 740 715 matrem,
770 658 828 703 ut
859 646 1112 702 audiatur
1154 656 1210 699 et
1244 643 1508 714 percipiat
1530 635 1729 733 escam,

157 757 220 804 et
252 747 392 803 sicut
431 746 596 817 gemit
641 742 887 798 columba
915 756 928 794 :
957 741 1037 794 sic
1069 735 1168 809 ego
1201 738 1254 790 in
1295 737 1529 790 clamore
1559 743 1612 788 et
1643 747 1736 820 gc-

163 835 306 893 mitu
332 836 545 908 perstiti
579 834 645 888 ad
673 833 862 897 Deum,
898 841 957 885 ut
982 823 1397 900 redderetmihi
1437 823 1736 880 sanitatem.

243 970 263 1002 ι
301 945 570 1002 Attenuati
610 953 733 1000 sunt
761 942 902 996 oculi
939 941 1066 1003 mei,
1107 959 1125 991 ι
1155 940 1256 993 hoc
1297 945 1402 997 est.
1435 944 1623 998 tenues
1665 931 1742 985 cf-

163 1037 300 1092 fecti
345 1043 490 1100 sunt,
543 1032 670 1086 dum
717 1030 1078 1100 prospicerem
1105 1027 1178 1092 ,in
1226 1024 1422 1078 coelum
1467 1022 1532 1076 ad
1575 1024 1743 1076 Deum

166 1140 374 1190 meum,
403 1122 495 1192 qui
519 1135 608 1174 me
638 1119 749 1174 suis
772 1113 1054 1172 attriverat
1081 1112 1322 1183 flagellis.

248 1255 268 1287 ι
302 1235 545 1298 Domine,
572 1233 676 1287 vim
703 1232 896 1302 patior.
927 1249 945 1281 ι
977 1230 1090 1283 Vox
1116 1225 1448 1282 obsecrantis
1473 1231 1553 1278 est
1580 1241 1591 1252 ·
1620 1221 1749 1276 Plus’

167 1343 338 1398 quam
375 1326 567 1396 dignus
614 1325 714 1380 sim
739 1323 967 1392 afiligor,
993 1329 1047 1374 et
1091 1319 1226 1373 ultra
1274 1332 1430 1388 quam
1458 1316 1602 1369 vires
1634 1312 1745 1366 suf-

173 1419 320 1473 ferre
347 1418 574 1488 possint.
615 1434 632 1466 ι
665 1414 875 1484 Sponde
904 1427 1002 1480 pro
1049 1425 1155 1465 me.
1198 1430 1215 1462 ›
1251 1408 1482 1474 Quidam
1538 1406 1750 1461 codices

172 1511 381 1564 habent
404 1506 668 1576 responde
693 1519 791 1574 pro
815 1518 919 1567 me,
946 1502 1040 1556 sed
1069 1499 1203 1554 falso
1227 1499 1485 1566 scriptum
1517 1506 1617 1551 est.
1646 1495 1751 1548 Me-

175 1597 286 1653 lius
313 1609 395 1652 est
425 1598 566 1652 enim
591 1590 813 1665 sponde,
838 1593 964 1661 quia
993 1591 1071 1645 sic
1096 1588 1320 1658 exponit
1344 1589 1533 1641 beatus
1561 1586 1751 1640 Hiero-

175 1705 392 1762 nymus.
425 1689 503 1742 Ac
531 1689 576 1742 si
616 1688 822 1741 diceret
861 1702 874 1737 :
906 1684 950 1737 si
979 1682 1105 1752 quid
1147 1679 1346 1734 erravi.
1378 1688 1663 1744 convertar
1690 1677 1756 1731 ad

177 1778 400 1842 melius;
437 1787 491 1831 tu
520 1776 721 1846 sponde
756 1789 852 1844 pro
882 1787 998 1836 me;
1032 1773 1135 1826 hoc
1155 1776 1256 1838 est,
1283 1770 1358 1823 sis
1383 1769 1514 1822 mihi
1542 1768 1756 1838 tidejus-

179 1886 294 1934 sor,
319 1879 373 1924 et
401 1867 583 1936 accipe
602 1883 687 1921 me
719 1866 769 1918 in
791 1865 896 1919 tide
917 1873 969 1917 et
998 1862 1333 1932 protectione
1363 1867 1503 1912 tua.«
1534 1858 1647 1914 Non
1671 1868 1754 1911 est

181 1960 331 2013 enim
356 1957 607 2021 volentis,
662 1969 836 2023 neque
873 1952 1162 2015 currentis,
1205 1949 1299 2004 sed
1326 1948 1630 2016 miserantis
1661 1947 1752 2001 Dei

185 2049 360 2120 (Rom.
395 2047 492 2117 ιιι).
527 2067 544 2098 ›
581 2067 597 2097 ι
632 2046 772 2113 Quid
801 2045 998 2108 dicam,
1033 2063 1050 2094 ι
1080 2041 1336 2107 subaudis
1376 2038 1566 2093 factori
1615 2052 1753 2102 meo,

182 2156 309 2194 cum
349 2139 494 2207 juste
539 2139 832 2193 sustineam
864 2136 1000 2190 ista?
1032 2151 1050 2186 ι
1086 2132 1192 2188 Αυι
1240 2131 1367 2202 quid
1412 2129 1760 2200 respondebit

184 2232 322 2286 mihi
358 2250 376 2282 ι
409 2231 509 2285 iste
536 2231 624 2299 qui
650 2229 777 2284 fecit
803 2242 912 2293 me,
941 2227 1155 2299 etquod
1183 2224 1347 2278 voluit
1377 2222 1563 2278 tribuit
1590 2221 1758 2275 mihi?

187 2321 520 2376 Sustinenda
568 2335 696 2391 ergo
727 2327 851 2375 sunt
879 2317 1014 2373 mihi
1061 2315 1241 2374 omnia
1292 2328 1625 2385 quaecunque
1667 2313 1787 2369 der

185 2414 439 2468 creverit.
1135 2453 1139 2456 .
1759 2465 1762 2467 Α

262 2519 281 2552 ι
323 2499 652 2570 Recogitabo
675 2499 770 2555 tibi
794 2514 982 2554 omnes
1001 2514 1171 2553 annos
1196 2513 1364 2563 meos,
1391 2517 1409 2550 ι
1433 2498 1534 2556 hoc
1558 2505 1657 2562 est,
1692 2498 1759 2551 ad

187 2593 510 2649 memoriam
544 2593 795 2647 reducam
826 2606 1015 2646 omnes
1041 2591 1154 2645 dies
1201 2589 1477 2644 felicitatis
1525 2604 1676 2653 meze,
1707 2596 1763 2642 et

187 2686 545 2752 considerabo
573 2699 762 2738 omnes
781 2683 949 2738 fuisse
971 2697 1207 2746 amaros,
1240 2666 1365 2750 quia
1409 2696 1648 2750 przcseus
1671 2681 1762 2734 tri-

189 2774 394 2828 bulatio
424 2773 498 2826 nil
521 2772 645 2826 boni
689 2773 852 2826 sentit
896 2787 958 2825 ex
1001 2771 1085 2825 his
1129 2769 1398 2824 erunibus.
1444 2769 1676 2833 Revera,
1703 2777 1764 2822 ut

191 2867 383 2919 beatus
423 2863 778 2934 Hieronymus
813 2863 982 2918 dicit:
1027 2863 1261 2916 humana
1300 2859 1530 2915 felicitas
1561 2859 1760 2915 nullius

192 2966 279 3012 est
299 2956 624 3011 securitatis.

272 3084 290 3116 ‹
321 3066 663 3130 Domine,sic
691 3065 904 3121 vivitur.
934 3084 950 3117 ι
981 3065 1206 3132 Quidam
1231 3057 1443 3119 codices
1485 3063 1685 3119 habent
1714 3061 1759 3118 si

198 3157 276 3213 sic
289 3158 502 3224 vivitur,
520 3159 610 3212 sed
625 3173 727 3212 non
751 3159 950 3212 estita.
968 3157 1378 3226 PhiloSOphatus
1393 3164 1474 3210 est
1496 3155 1638 3210 enim
1667 3169 1759 3210 rex
1789 3153 1835 3216 C

198 3249 266 3300 de
308 3256 450 3302 statu
497 3245 655 3313 hujus
683 3248 824 3312 vitze,
877 3254 936 3300 ut
981 3248 1171 3301 beatus
1216 3246 1576 3314 Hieronymus
1611 3245 1760 3298 dicit.

204 3353 222 3386 ι
261 3334 505 3396 Domine,
534 3335 612 3387 sic
635 3334 881 3395 vivitur,»
912 3333 964 3385 id
986 3342 1092 3396 est,
1115 3341 1221 3385 tam
1257 3331 1461 3401 fragilis
1489 3340 1543 3384 et
1565 3333 1765 3385 ca‘duca‘

199 3431 282 3479 est
315 3425 551 3476 humana
577 3420 826 3485 felicitas,
856 3441 873 3471 ι
896 3422 1155 3490 corripies
1185 3434 1270 3474 me
1294 3441 1312 3472 ι
1340 3421 1394 3474 in
1427 3428 1518 3474 tuo
1540 3420 1764 3491 ﬂagello,

207 3531 226 3564 ι
255 3520 313 3566 et
343 3509 641 3565 vivificabis
682 3524 786 3576 me,
823 3529 841 3562 ›
871 3511 1141 3566 reddendo
1186 3509 1316 3564 mihi
1346 3509 1511 3564 vitam
1543 3517 1598 3564 et
1626 3510 1769 3565 sani.

203 3609 386 3656 tatem.
1395 3663 1398 3666 ,

281 3714 298 3744 ε
334 3693 472 3748 Ecce
510 3693 563 3748 in
603 3694 756 3763 pace,
794 3713 812 3746 ›
842 3693 1094 3748 subaudis
1125 3693 1460 3750 Hierusalem
1499 3691 1554 3749 et
1591 3693 1769 3764 populi

208 3785 326 3847 mei,
352 3785 442 3854 qui
468 3785 627 3839 modo
650 3801 753 3839 non
785 3786 1168 3855 impugnantur
1206 3787 1274 3839 ab
1296 3785 1562 3848 hostibus,
1602 3782 1773 3838 tribu-

205 3874 332 3927 latio
353 3888 472 3928 mea
506 3874 638 3927 mihi
665 3873 1020 3942 importabilis
1049 3881 1153 3928 est.
1182 3872 1306 3927 ldco
1349 3873 1480 3928 dicit
1522 3874 1575 3926 in
1617 3887 1768 3941 pace,

205 3962 348 4032 quia,
375 3962 487 4033 jam
514 3978 770 4032 percusso
797 3963 1042 4033 Assyrio,
1071 3978 1177 4034 pax
1205 3978 1396 4034 magna
1427 3969 1545 4018 erat
1589 3963 1644 4017 in
1673 3974 1771 4032 po-

206 4053 349 4122 pulo.

281 4160 300 4193 c
338 4142 416 4195 Tu
447 4145 627 4197 autem
647 4146 834 4200 eruisti
860 4147 1093 4200 animam
1121 4161 1295 4202 meam
1331 4165 1349 4198 ι
1381 4155 1448 4201 ne
1475 4146 1578 4201 iret
1613 4145 1771 4202 modo

207 4231 275 4284 ad
302 4230 501 4287 inferos
539 4243 758 4303 propter
805 4237 1108 4305 superbiam
1155 4245 1210 4292 et
1249 4245 1473 4306 peccata
1504 4252 1623 4291 mea
1653 4237 1770 4305 plu-

209 4321 373 4388 rima;
416 4340 433 4371 ι
467 4323 737 4392 projecisti
766 4334 886 4393 post
916 4333 1120 4395 tergum
1149 4334 1297 4380 tuum
1335 4325 1515 4380 omnia
1553 4335 1771 4394 peccata

209 4426 344 4477 mea,
381 4432 398 4464 ι
442 4413 544 4468 hoc
577 4411 690 4477 eSt,
721 4415 989 4470 abstulisti
1021 4417 1219 4470 malum
1266 4433 1297 4470 a
1339 4427 1425 4470 tua
1461 4420 1771 4485 praesentia,

209 4509 262 4554 et
287 4501 510 4572 poshisti
545 4509 863 4568 retrorsum;
890 4519 956 4558 ne
985 4506 1143 4560 modo
1180 4507 1566 4562 condemnares
1594 4522 1699 4562 me.

281 4629 301 4663 ‹
336 4611 470 4677 Quia
499 4627 604 4666 non
625 4612 867 4668 infernus
896 4615 1243 4670 confitebitur
1269 4616 1384 4680 tibi,
1413 4632 1588 4686 neque
1626 4611 1772 4673 mors

209 4701 445 4756 laudabit
470 4711 540 4756 te.
571 4722 590 4753 ι
629 4702 728 4758 Per
756 4705 1024 4759 infernum
1053 4706 1108 4760 in
1137 4708 1240 4762 hoc
1271 4707 1390 4763 loco
1415 4710 1672 4778 reprobos
1700 4711 1775 4765 in-

211 4791 540 4863 telligamus;
568 4808 666 4863 per
695 4805 924 4848 mortem
953 4811 1080 4852 vero
1111 4797 1402 4853 diabolum.
1445 4798 1511 4854 Hi
1541 4815 1774 4870 namque

212 4881 300 4948 qui
327 4882 393 4936 ad
423 4881 616 4936 inferni
665 4883 899 4938 claustra
937 4885 1290 4953 descendunt,
1331 4889 1618 4945 damnandi
1650 4902 1775 4946 sunt

213 4971 325 5025 sine
366 4971 491 5026 fine.
523 4971 640 5026 Non
681 4985 847 5042 agunt
891 4975 1265 5044 pmnitentiam
1308 4977 1414 5044 ibi,
1449 4995 1552 5036 nec
1594 4979 1776 5036 ferunt

214 5061 392 5116 laudes
413 5064 771 5133 omnipotenti
799 5065 909 5120 Deo
938 5085 949 5119 :
981 5067 1104 5136 quia
1132 5076 1237 5122 non
1264 5079 1348 5124 est
1385 5071 1624 5141 speciosa
1658 5073 1775 5128 laus

213 5153 264 5206 in
303 5169 396 5207 ore
433 5157 753 5222 peccatoris.
790 5175 808 5206 ι
842 5157 956 5211 Νοη
983 5161 1378 5228 exspectabant
1416 5163 1508 5231 qui
1553 5163 1774 5219 descen-

213 5243 344 5296 dunt
387 5245 440 5298 in
488 5243 683 5310 lacum,
715 5266 732 5296 ι
763 5247 865 5302 hoc
901 5257 984 5303 est
1028 5249 1081 5303 iu
1122 5250 1412 5318 inferntlm,
1438 5273 1456 5305 ι
1491 5257 1774 5312 veritatem

215 5342 390 5397 tuam;
425 5353 444 5383 ι
478 5335 676 5389 veritas
705 5337 872 5393 Filius
887 5339 982 5394 Dei
1009 5351 1091 5394 est
1120 5342 1210 5410 qui
1237 5343 1373 5398 dixit
1401 5359 1416 5398 :
1451 5363 1470 5396 ‹
1503 5347 1614 5416 Ego
1654 5365 1775 5404 sum

214 5423 409 5479 veritas
432 5423 614 5495 (Joan.
643 5426 773 5498 xxv).
810 5447 829 5480 ι
864 5428 1048 5483 Sancti
1080 5433 1172 5500 qui
1208 5443 1331 5488 ante
1358 5435 1645 5492 adventum
1673 5439 1776 5494 Do-

216 5515 340 5568 mini
364 5515 769 5572 descendebant
804 5517 856 5571 in
899 5518 1189 5586 infernum,
1223 5522 1290 5576 ad
1337 5526 1628 5581 secretiora
1661 5528 1774 5582 loca

217 5604 659 5679 raasptolabantur
713 5607 1000 5661 adventum
1072 5608 1250 5676 illius,
1320 5623 1378 5666 ut
1440 5629 1778 5674 mererentur

218 5693 426 5750 liberari
475 5711 503 5750 a
554 5697 882 5753 cruciatibus
919 5699 1196 5778 gehennae.
1246 5702 1396 5774 impii
1457 5716 1635 5764 autem
1682 5713 1775 5781 qui

651 5788 917 5848 Ριιτιιοι..
965 5788 1184 5851 CXVI.

1839 543 2129 602 revocandi
2154 547 2220 600 ad
2257 560 2498 616 superos,
2529 545 2691 614 positi
2724 546 2776 597 in
2815 538 3266 613 desperationem.

1865 639 1870 644 ’
1913 656 1931 690 ι
1966 628 2163 692 Vivens
2207 638 2394 692 vivens
2439 637 2553 706 ipse
2598 635 2944 690 confitebitur
2982 634 3106 696 tibi,
3145 654 3164 687 ι
3210 618 3264 690 id
3299 646 3407 699 est,

1839 727 1952 796 ipse
1983 725 2223 780 laudabit
2263 735 2333 780 te.
2363 725 2429 779 Et
2457 734 2538 780 est
2563 740 2752 780 sensus
2789 742 2801 777 :
2838 725 2926 793 qui
2968 724 3040 778 ita
3079 725 3211 778 vivit
3243 725 3295 780 in
3321 734 3409 780 tua

1840 815 2172 887 protectione
2214 817 2266 869 in
2309 815 2494 884 requie
2525 823 2806 885 perpetua,
2853 822 2912 866 ut
2941 829 3050 884 .ego
3095 814 3309 884 quietus
3345 815 3414 868 ab

1843 905 2108 968 hostibus,
2143 905 2381 959 laudabit
2411 907 2480 968 te,
2519 925 2534 955 ι
2568 905 2708 959 sicut
2735 914 2789 958 et
2823 919 2922 974 ego
2951 904 3108 958 hodie
3143 923 3161 956 ι
3199 905 3249 958 in
3280 913 3415 973 prai-

1844 997 1982 1051 scuti
2021 996 2181 1049 laudo
2217 1004 2270 1049 et
2298 995 2538 1064 gloriﬁco
2579 1004 2647 1048 te.
2679 1012 2697 1044 ι
2729 993 2889 1047 Pater
2925 993 3100 1048 bonus
3144 993 3266 1048 filiis
3303 993 3418 1048 suis

1845 1096 2025 1142 notam
2053 1085 2212 1139 faciet
2237 1086 2516 1138 veritatem
2554 1093 2723 1148 tuam,
2757 1103 2775 1135 ι
2807 1084 2908 1138 hoc
2938 1082 3040 1147 est,
3074 1087 3260 1138 verum
3294 1079 3418 1138 reli-'

1846 1179 2020 1250 gionis
2057 1177 2258 1232 cultum
2287 1177 2518 1232 docebit.
2543 1175 2647 1231 Per
2682 1184 2890 1246 patrem
2916 1176 3041 1230 boni
3081 1190 3236 1246 reges
3269 1175 3422 1230 intel-

1847 1278 2066 1341 guntur,
2110 1278 2169 1322 ut
2215 1267 2401 1329 David,
2435 1257 2734 1332 Ezechias,
2781 1266 2872 1336 qui
2927 1266 3229 1322 docuerunt
3277 1265 3420 1320 filios

1848 1361 1974 1418 s'uos
1997 1377 2217 1417 servare
2254 1359 2424 1431 legem
2458 1359 2697 1423 Domini;
2725 1359 2810 1414 ve'l
2843 1359 3006 1413 etiam
3050 1358 3222 1414 sancti
3254 1367 3310 1412 et
3335 1371 3420 1412 re-

1851 1453 2025 1523 iigiosi
2049 1451 2172 1515 viri,
2194 1449 2287 1520 qui
2313 1449 2540 1504 subditis
2564 1449 2676 1504 suis
2710 1457 2893 1504 notam
2928 1447 3132 1503 faciunt
3156 1444 3422 1518 justitiam

1854 1543 2089 1600 Domini.

1932 1649 1950 1685 ι
1983 1632 2227 1696 Domine,
2257 1630 2484 1697 salvum,
2519 1644 2607 1686 me
2644 1629 2727 1686 fac
2758 1636 2778 1683 ι’
2809 1645 2838 1684 a
2887 1621 3277 1694 SerrnaClierib,
3303 1631 3357 1683 et
3391 1643 3424 1682 a

1859 1732 2034 1779 morte
2059 1731 2281 1786 mterna,
2313 1740 2331 1771 ι
2360 1729 2414 1776 et
2434 1721 2668 1791 psalmos
2688 1729 2901 1775 nostros
2913 1717 3417 1775 cautabimustibi.»

1784 1807 1829 1865 B
1860 1813 2106 1875 Domine,
2145 1812 2188 1865 si
2221 1827 2306 1865 me
2327 1821 2380 1865 et
2404 1811 2658 1880 populum
2685 1825 2863 1865 meum
2896 1810 3209 1873 salvaveris,
3237 1817 3428 1863 canta-

1856 1907 2034 1960 bimus
2069 1904 2163 1958 tibi
2192 1903 2398 1958 laudes.
2425 1904 2578 1970 Quod
2603 1919 2772 1972 usque
2805 1902 2965 1957 hodie
3002 1901 3170 1956 Judaei
3199 1900 3427 1964 faciunt,

1856 1991 1980 2052 licet
2011 2011 2116 2051 non
2155 1997 2330 2065 prosit
2361 1996 2485 2051 illis.
2525 1996 2778 2051 Attamen
2811 2011 2967 2050 versa
3007 1995 3125 2050 vice
3156 1994 3343 2049 fideles
3372 1993 3427 2047 in

1857 2095 2040 2143 sancta
2068 2086 2310 2142 Ecclesia
2338 2103 2509 2158 usque
2537 2087 2696 2142 hodie
2726 2087 2948 2141 faciunt.

1934 2197 1952 2231 ι
1991 2178 2058 2234 Ει
2101 2177 2263 2247 jussit
2299 2179 2466 2234 Isaias
2493 2199 2513 2231 ›
2545 2179 2810 2233 ministris
2854 2178 2995 2248 regis
3044 2195 3062 2228 ι
3086 2185 3144 2231 ιιι
3182 2158 3432 2232 tollerent

1857 2284 2091 2324 massam
2124 2269 2190 2323 de
2217 2267 2364 2334 ficis,
2396 2277 2451 2324 et
2472 2269 2921 2339 cataplasmarent
2949 2269 3110 2338 super
3133 2259 3346 2332 vulnus,
3378 2265 3434 2322 et

1858 2350 2162 2418 sanaretur.
2196 2380 2215 2414 ι
2251 2361 2657 2431 Cataplasmare
2680 2355 2763 2416 est
2786 2359 3086 2416 calefacere
3113 2359 3199 2414 vel
3226 2359 3434 2414 fomen-

1858 2465 1995 2508 tare.
2046 2452 2187 2507 Dieit
2231 2453 2423 2507 beatus
2453 2447 2833 2522 Hieronymus,
2874 2450 3018 2521 quod
3064 2447 3252 2505 morbo
3286 2448 3436 2520 regio

1859 2547 2210 2612 laboraverit,
2249 2547 2335 2602 cui
2359 2540 2631 2603 contraria
2663 2562 2784 2602 esse
2813 2533 3067 2602 dicuntur
3086 2547 3286 2611 omnia,
3317 2541 3435 2602 sive

1859 2639 1914 2692 in
1935 2637 2075 2701 cibo,
2122 2638 2236 2692 sive
2286 2637 2341 2692 in
2374 2647 2523 2692 tactu
2559 2637 2755 2693 dulcia.
2798 2636 2905 2692 Sed
2949 2634 3009 2692 ut
3052 2629 3150 2692 Dei
3193 2626 3436 2707 potentia

1859 2727 2038 2782 notior
2065 2725 2241 2794 fieret,
2275 2721 2564 2785 Contrariis
2601 2739 2824 2785 curatus
2866 2737 2952 2784 est
2999 2717 3226 2785 docente
3272 2729 3433 2784 lsaia.

1860 2817 1962 2872 Hic
1998 2827 2178 2872 autem
2220 2819 2518 2874 notandum
2550 2814 2656 2884 eSt,
2684 2818 2826 2888 quod
2873 2834 2980 2874 non
3029 2811 3199 2874 totum
3239 2833 3437 2889 corpus

1860 2907 1986 2963 inde
2028 2905 2486 2974 fomentavcrunt,
2529 2911 2625 2965 sed
2666 2910 3042 2966 tantummodo
3074 2908 3268 2964 vulnus
3297 2908 3440 2978 quod

1859 2999 1912 3054 ei
1939 2997 2146 3054 tantum
2167 3011 2284 3055 erat
2309 3019 2337 3055 a
2366 2992 2616 3067 Domino,
2641 2993 2867 3071 excepto
2893 2988 3083 3057 morbo
3106 3001 3256 3072 regio
3275 2993 3438 3071 quem

1864 3086 2157 3160 aeruginem
2186 3091 2438 3147 dicimus.
2661 3165 2665 3170 ’
3183 3075 3188 3080 ’

1942 3202 1961 3234 ι
1991 3183 2059 3236 Ει
2088 3175 2224 3238 dixit
2257 3184 2517 3238 Ezechias
2554 3202 2567 3238 :
2601 3183 2754 3251 Quod
2786 3173 2891 3239 erit
2923 3185 3157 3256 signum,
3192 3184 3319 3256 quia
3354 3199 3442 3238 as-

1867 3272 2094 3326 cendam
2125 3273 2192 3326 ad
2215 3273 2432 3326 domum
2464 3273 2698 3328 Domini.
2731 3293 2750 3325 ›
2777 3272 2922 3328 Ordo
2949 3261 3311 3343 praepesterus
3333 3284 3438 3329 est.

1867 3362 2006 3416 Ante
2049 3363 2191 3416 enim
2240 3363 2340 3416 ista
2382 3347 2592 3432 prolata
2634 3373 2778 3428 sunt,
2828 3379 2988 3433 quam
3022 3352 3109 3416 illa
3149 3347 3270 3433 qua:
3304 3381 3442 3435 pra:-

1869 3442 2154 3535 cesserunt
2192 3454 2257 3509 de
2298 3444 2530 3508 sanitate
2570 3463 2625 3508 et
2663 3454 2730 3509 de
2767 3437 3014 3510 oratione
3050 3442 3296 3525 superius
3341 3457 3444 3511 exo’

1868 3541 2065 3612 posita.
2861 3597 2866 3600 .

2397 3612 2624 3669 CAPUT
2664 3612 2905 3669 XXXIX.

1948 3743 1967 3775 ‹
1999 3723 2055 3778 in
2078 3732 2317 3805 tempore
2344 3707 2454 3790 illo,
2479 3744 2496 3777 ι
2527 3736 2814 3796 postquam
2839 3726 3154 3783 interfectus
3177 3709 3261 3802 est
3283 3713 3447 3800 Assy-

1872 3815 2004 3881 rius,
2021 3824 2076 3899 et
2096 3817 2379 3874 sanitatem
2396 3819 2624 3896 adeptus
2648 3829 2731 3895 est
2755 3819 3040 3896 Ezechias,
3066 3839 3083 3871 ι
3110 3821 3257 3876 misit
3277 3821 3444 3876 Mero-

1873 3908 2010 3962 dach
2029 3907 2288 3975 Baladan,
2303 3910 2446 3987 filius
2466 3911 2731 3966 Baladach
2760 3926 2850 3966 rex
2869 3912 3176 3983 Babylonis,
3201 3914 3388 3976 libros,
3418 3935 3437 3968 ι

1874 4002 1978 4081 hoc
2005 4010 2090 4057 est
2117 4003 2390 4072 epistolas,
2427 4023 2446 4056 ι
2482 4013 2538 4059 et
2569 4004 2800 4060 'munera
2834 4006 2898 4059 ad
2940 4006 3250 4060 Ezechiam.
3289 4027 3306 4058 ι
3343 4006 3448 4062 Su-

1873 4092 2056 4160 perius
2105 4093 2304 4146 dictum
2345 4101 2448 4158 est,
2498 4095 2639 4163 quod
2688 4095 3022 4160 Assaradon,
3055 4097 3196 4151 ﬁlius
3235 4096 3447 4152 Senna-

1875 4172 2082 4247 cherib,
2119 4181 2211 4250 qui
2259 4179 2559 4252 imperabat
2583 4184 2820 4256 Assyriis
2865 4193 2920 4239 et
2959 4185 3287 4256 Babyloniis,
3321 4201 3448 4243 suc-

1875 4271 2038 4325 cessit
2066 4271 2205 4340 patri
2235 4272 2288 4324 in
2316 4259 2558 4342 regnum.
2584 4274 2650 4327 Et
2676 4274 2763 4329 hic
2789 4275 2987 4329 dicitur
3008 4276 3134 4345 quia
3160 4275 3452 4331 Merodach‘

1875 4353 2111 4411 Baladan
2142 4358 2291 4413 misit
2330 4359 2386 4413 in
2416 4361 2749 4436 Hierusalem
2780 4363 2998 4416 nuntios
3039 4364 3105 4417 ad
3135 4364 3450 4428 Ezechiam,

1879 4449 2091 4503 vivente
2111 4450 2283 4505 adhuc
2297 4449 2623 4513 Assaradon,
2643 4454 2733 4522 qui
2758 4470 2851 4508 rex
2874 4464 2988 4509 erat
3007 4454 3446 4526 Babyloniorum.

1879 4535 1985 4590 Sed
2021 4537 2296 4592 sciendum
2328 4548 2410 4594 est
2453 4541 2505 4594 in
2537 4542 2640 4595 isto
2673 4543 2810 4607 loco,
2852 4544 3082 4597 divisum
3117 4554 3246 4600 tunc
3281 4545 3450 4618 fuisse

1878 4643 2098 4698 regnum
2142 4628 2488 4700 Assyriorum
2522 4647 2585 4686 ac
2622 4633 3070 4703 Bahyionimum,
3103 4643 3158 4690 et
3185 4639 3450 4708 regnabat

1875 4717 2244 4790 ulmsquisque
2279 4723 2332 4775 in
2363 4738 2480 4777 suo.
2523 4723 2724 4778 Ferunt
2758 4725 2995 4780 historia:
3031 4707 3180 4796 quod.
3203 4706 3307 4784 iste
3338 4706 3447 4783 Me-

1876 4814 2074 4868 rodach
2103 4813 2336 4869 Baladan
2369 4815 2533 4869 fuerit
2567 4826 2718 4886 pater
2743 4799 3450 4894 Nabuchodonosorpoten-

1878 4904 2070 4957 tissimi
2102 4904 2263 4974 regis,
2303 4905 2394 4973 qui
2431 4915 2615 4974 postea
2653 4908 2831 4962 omnia
2862 4909 2948 4962 illa
2977 4905 3139 4980 regna
3183 4909 3285 4964 sibi
3318 4911 3448 4964 sub-

1871 4989 2079 5062 jugavit
2109 5001 2162 5046 et
2185 4993 2376 5056 univit,
2401 5004 2460 5048 ut
2486 4993 2697 5050 fuerant
2723 4998 2889 5066 prius.
2915 5000 2981 5052 Et
3001 5013 3168 5067 quare
3189 5010 3453 5055 venerunt

1882 5083 1952 5137 illi
1976 5084 2147 5138 nuntii
2163 5085 2229 5137 ad
2242 5084 2555 5140 Ezechiam?
2569 5083 2794 5159 Propter
2808 5098 3115 5159 portentum
3136 5090 3279 5160 quod
3300 5090 3450 5145 vide-

1881 5184 2003 5230 rant
2041 5176 2093 5230 in
2118 5176 2246 5232 sole.
2285 5177 2455 5232 Erant
2479 5179 2621 5235 enim
2652 5181 2926 5251 astrologi.
2953 5181 3159 5236 Eleum
3188 5183 3294 5238 no‘n
3326 5198 3452 5252 pos-

1881 5275 2002 5320 sent
2045 5267 2376 5336 cognoscere
2417 5285 2514 5338 per
2549 5287 2698 5325 suam
2742 5281 2938 5336 artem,
2969 5273 3137 5342 quare
3180 5273 3284 5328 hoc
3321 5289 3449 5328 eve-

1883 5356 2023 5409 nerit
2051 5365 2108 5410 ut
2137 5371 2164 5409 a
2192 5355 2398 5411 decim’a
2432 5358 2561 5412 hera
2615 5355 3078 5430 retrograderettir
3103 5361 3170 5415 ad
3195 5361 3446 5432 primam,

1883 5453 2146 5499 venerunt
2169 5446 2220 5499 in
2250 5446 2606 5512 Hierusalem,
2639 5457 2697 5502 ut
2722 5464 2749 5502 a
2773 5449 3052 5520 prophetis
3074 5450 3157 5504 vel
3183 5466 3214 5505 a
3238 5451 3450 5521 sapien-

1884 5534 2024 5588 tibus
2049 5536 2250 5590 sCirent
2275 5552 2395 5606 quae
2421 5534 2585 5593 causa
2615 5534 2904 5595 exstiterit.

1959 5635 1980 5674 ‹
2015 5625 2080 5678 Et
2117 5627 2352 5682 ostendit
2390 5629 2468 5683 eis
2500 5629 2688 5684 cellam
2718 5641 3041 5686 aromatum.
3075 5650 3093 5683 ι
3123 5625 3460 5701 Epiphanius

1883 5714 2109 5787 Cyprius
2135 5717 2300 5773 dicit:
2327 5718 2518 5786 cellam
2547 5730 2847 5777 aromatum
2871 5714 3124 5790 magnam
3149 5729 3198 5774 et
3225 5721 3462 5791 mefa’-‘

2980 5811 3058 5870 20

3493 4804 3519 4832 δ
