4016 6484
498 326 599 380 907

502 544 650 600 gum,
680 536 736 582 et
770 526 1008 612 erant'in
1049 524 1309 594 sepulcris
1338 538 1523 577 eorum
1555 532 1609 576 et
1635 536 1796 591 super
1842 529 1899 576 et
1921 521 2065 575 circa

501 620 669 673 multa
699 608 964 671 aromata.
995 634 1013 666 ί
1036 614 1281 671 Ostendit
1302 613 1465 667 etiam
1488 613 1568 666 eis
1583 611 1789 695 argenti
1814 618 1867 665 et
1891 609 2008 664 auri
2042 629 2061 661 ι

502 709 758 764 subaudis
806 707 1092 761 thesauros
1155 722 1173 754 ‹
1226 711 1280 757 et
1334 703 1814 757 odoranientorum
1876 719 1896 752 ι
1949 714 2068 769 quae

443 824 448 829 ·
499 808 655 855 erant
678 798 817 870 apud
840 797 957 851 illos
978 803 1103 848 tunc
1123 793 1378 863 temporis
1401 791 1585 856 multa,
1615 809 1632 841 ι
1656 798 1711 843 et
1735 788 2024 859 apothecas
2044 806 2063 838 ι

454 922 455 925 η
502 893 555 947 id
585 899 669 948 est
705 889 922 945 cellaria
955 884 1270 941 substantiae
1308 897 1435 938 suae.
1472 901 1490 933 ε
1541 880 1659 935 Non
1696 878 1799 932 fuit
1823 879 2066 942 verbum,

456 1008 457 1011 η
502 981 646 1051 quod
667 995 774 1035 non
789 976 1022 1033 ostendit
1041 975 1138 1029 eis.
1166 992 1184 1024 ι
1212 971 1323 1026 Mos
1342 980 1424 1025 est
1451 984 1619 1025 sacrae
1642 968 1932 1038 Scriptura:
1948 982 2071 1021 ver-

460 1074 465 1079 ’
503 1070 632 1127 bum
668 1084 869 1144 ponere
895 1082 1035 1136 saepe
1048 1082 1144 1137 pro
1172 1080 1250 1131 re,
1280 1073 1338 1118 ut
1364 1065 1468 1117 isto
1491 1062 1542 1115 in
1570 1061 1706 1115 loco.
1722 1060 1779 1114 ln
1801 1060 1959 1115 domo
1974 1073 2072 1114 sua

466 1176 475 1193 ’
503 1164 655 1228 dicit,
689 1162 744 1217 in
771 1158 1037 1216 thesauris
1081 1157 1224 1221 suis;
1257 1157 1310 1210 in
1351 1161 1617 1224 potestate
1647 1160 1824 1206 autem
1864 1166 1983 1217 sua,
2015 1150 2071 1205 in

476 1288 477 1291 η
501 1255 773 1312 thesauris
793 1254 982 1308 domus
1015 1249 1247 1314 Domini,
1271 1249 1327 1301 in
1354 1261 1461 1316 quo
1484 1243 1724 1299 offendit.

553 1364 599 1396 ί(
623 1340 760 1412 Quid
788 1342 1040 1397 dixerunt
1067 1339 1170 1393 viri
1202 1337 1290 1391 isti
1312 1345 1366 1390 et
1396 1336 1536 1391 unde
1562 1342 1826 1389 venerunt
1854 1332 1921 1387 ad
1948 1332 2066 1386 te?»

481 1426 622 1490 Ἰ)υο
650 1431 1249 1504 interrogatl’ropheta,
1280 1429 1373 1483 sed
1400 1441 1717 1497 responsum
1743 1435 1828 1481 est
1857 1426 1903 1480 ei
1933 1425 2075 1496 quod

489 1529 734 1596 pertinet
754 1525 821 1579 ad
846 1524 1152 1592 superbiam
1170 1522 1479 1583 humanam,
1496 1533 1601 1573 non
1622 1517 1764 1587 quod
1779 1516 1844 1571 ad
1860 1516 2073 1571 laudem

494 1616 598 1673 Dei
628 1634 725 1688 pro
752 1625 1001 1687 portento
1030 1624 1248 1683 propter
1276 1611 1418 1681 quod
1457 1619 1739 1665 venerant.
1781 1627 1799 1660 ι
1834 1610 1910 1664 De
1927 1616 2073 1663 terra

500 1709 793 1781 longinqua
822 1711 1082 1762 venerunt
1120 1703 1186 1755 ad
1226 1716 1334 1763 me.
1363 1701 1429 1756 de
1457 1700 1752 1771 Babylone,
1786 1717 1806 1751 ι
1836 1713 1953 1767 quae
1979 1712 2074 1767 po-

957 317 1311 373 llAYMONlS
1351 314 1825 372 liALBERSTAT.
1869 314 2078 370 EPISC.
2120 316 2268 371 OPP.
2306 317 2487 373 PARS
2525 320 2565 373 l.
2598 349 2669 359 -—
2701 319 3055 376 COMMENT.
3097 319 3269 375 BlBL.
3322 394 3337 401 ς

500 454 619 493 ram
646 452 768 513 esse
794 436 1033 501 domum,
1072 436 1127 488 in
1154 450 1260 505 qua
1291 434 1687 503 sepeliebantur
1724 448 1951 503 corpora
1980 448 2066 486 re-
2096 466 2149 523 Α

3629 323 3755 380 9C8

2752 460 2978 515 CAPUT
3028 460 3140 514 XL.

2244 610 2260 642 ε
2282 591 2662 657 Consolamini,
2686 593 3037 648 consulamini
3063 592 3257 662 popule
3284 606 3456 655 meus,
3484 591 3617 647 dicit
3638 591 3755 650 Do.

2167 681 2343 736 minus
2382 690 2581 734 vester.
2611 701 2628 731 ι
2674 682 2739 735 Et
2780 691 2865 735 est
2904 697 3135 737 sensus:
3176 681 3221 736 0
3269 681 3464 752 p0pnle
3509 681 3603 735 Dei
3650 682 3752 753 qui

2168 770 2297 825 estis
2338 772 2619 826 credentes
2649 787 2715 825 ex
2752 770 2977 836 Judteis,
3010 771 3364 826 consolamini
3395 772 3449 824 in
3477 770 3702 827 Christo
3733 792 3747 825 ε

2169 862 2293 930 quia
2322 877 2417 917 rex
2444 869 2623 916 vester
2655 877 2761 916 non
2791 862 3114 931 compatitur
3144 876 3244 916 nec
3275 860 3409 924 sibi,
3443 876 3543 915 nec
3564 863 3747 917 vobis.

2168 953 2354 1008 Potest
2379 962 2434 1008 et
2464 953 2531 1023 ad
2560 960 2745 1022 gentes
2780 951 2993 1016 referri,
3019 952 3086 1007 de
3110 952 3305 1021 quibus
3330 951 3461 1006 dicit
3486 952 3755 1007 Dominus

2168 1056 2266 1111 per
2305 1041 2622 1096 Zachariam
2662 1056 2677 1094 :
2724 1059 2742 1091 ‹
2770 1041 2911 1096 Ecce
2960 1055 3061 1112 ego
3102 1041 3438 1111 congregabo
3490 1040 3753 1111 populum

2170 1134 2245 1189 0r
2266 1134 2427 1197 entis,
2457 1140 2510 1187 et
2541 1141 2698 1187 erunt
2742 1132 2956 1203 mihijn
2994 1132 3269 1203 populum,
3310 1140 3365 1187 et
3401 1146 3503 1203 ego
3542 1132 3657 1188 illis
3696 1132 3753 1188 in

2173 1222 2341 1277 Deum
2383 1221 2568 1293 (Zach.
2610 1222 2752 1292 Vill).
2785 1242 2805 1274 ι

2248 1349 2267 1382 ι
2292 1331 2594 1400 Loquimini
2613 1332 2678 1385 ad
2700 1346 2794 1387 cor
2813 1330 3175 1396 Hierusalem,
3197 1338 3253 1387 ct
3270 1332 3530 1387 advocate
3549 1346 3699 1388 eam.
3726 1354 3745 1386 ι

2172 1419 2477 1491 Alloquitur
2502 1422 2763 1491 prOpbeta
2784 1422 3062 1485 Eliacbim,
3092 1430 3423 1490 ceterosque
3447 1422 3645 1478 ﬁdeles
3664 1424 3751 1493 qui

2174 1511 2268 1567 illo
2298 1520 2534 1581 tempore
2560 1521 2733 1567 erant.
2775 1511 2871 1568 Vel
2898 1514 3062 1568 etiam
3093 1515 3361 1584 apostolos
3391 1516 3752 1586 doctoresque

2174 1604 2434 1673 gentium,
2460 1611 2514 1656 et
2541 1603 2671 1658 dicit
2699 1622 2711 1657 ε
2738 1603 2782 1659 Ο
2808 1604 3089 1671 Eliachim,
3120 1606 3412 1675 caeterique
3432 1604 3646 1668 ﬁdeles,
3678 1608 3752 1662 vel

2175 1693 2424 1762 apostoli,
2446 1692 2722 1762 loquimini
2750 1694 2816 1747 ad
2840 1709 2935 1748 cor
2959 1694 3311 1750 Hierusalem.
3350 1695 3432 1749 Ad
3459 1711 3560 1751 cor
3586 1696 3751 1767 loqui-

501 1798 803 1854 tentissima
830 1807 912 1850 est
955 1796 1100 1849 urbs.
1131 1791 1419 1848 Terrarum
1449 1790 1733 1864 prolixitas
1763 1788 2069 1858 superbiam
2102 1806 2146 1869 Β
2176 1795 2282 1849 tur,
2335 1784 2425 1853 qui
2468 1794 2720 1839 moestum
2764 1785 2847 1838 vel
2898 1786 3106 1841 tristem
3144 1786 3337 1841 blande
3370 1786 3671 1857 alloquitur
3702 1801 3751 1843 et

496 1899 553 1946 et
581 1891 779 1945 fastum
811 1887 976 1942 auxit.
1004 1886 1145 1940 Dicit
1173 1885 1362 1939 beatus
1384 1883 1765 1954 Hieronymus,
1795 1878 1920 1951 quia
1951 1892 2072 1935 cum

496 1979 789 2051 supercilio
828 1977 1112 2047 legendum
1165 1981 1248 2029 est
1290 1974 1454 2038 istud,
1509 1973 1651 2043 quod
1703 1988 1799 2027 rex
1843 1971 2071 2041 superbe

492 2068 755 2138 protulit,
810 2066 996 2122 dicens
1028 2080 1040 2117 :
1077 2064 1154 2118 De
1202 2073 1349 2116 terra
1380 2062 1670 2131 longinqua
1699 2066 1962 2113 venerunt
2001 2058 2069 2112 ad

499 2174 605 2213 me.
656 2157 923 2211 Debuerat
960 2154 1181 2208 dicere:
1211 2152 1293 2205 Ad
1330 2151 1654 2205 laudandum
1699 2148 1869 2203 Deum
1909 2162 2068 2203 vene-

500 2259 625 2304 runt
650 2262 749 2318 pro
778 2245 1145 2315 magnitudine
1170 2242 1327 2313 signi.

572 2358 589 2390 ι
627 2337 821 2394 Omnia
844 2351 964 2406 qua:
988 2335 1042 2389 in
1063 2334 1222 2389 domo
1251 2348 1370 2387 mea
1404 2340 1550 2395 sunt,
1586 2331 1859 2395 viderunt,
1888 2348 1907 2381 ο
1939 2329 2067 2383 sub-

496 2429 651 2483 audis
691 2428 948 2497 pretiosa.
985 2445 1003 2476 (
1034 2424 1150 2478 Non
1180 2423 1278 2477 fuit
1306 2439 1391 2477 res
1422 2442 1440 2474 ι
1472 2419 1863 2490 quantumlibet
1905 2419 2070 2472 chara

495 2532 550 2575 et
585 2522 811 2575 honesta
845 2538 862 2569 ι
899 2532 1060 2588 quam
1092 2532 1197 2569 non
1229 2514 1555 2569 ostenderim
1588 2511 1667 2566 eis
1698 2511 1751 2564 in
1802 2509 2071 2564 thesauris

494 2611 650 2665 meis.
692 2630 709 2661 ι
751 2608 912 2663 Siluit
942 2608 1006 2662 de
1032 2606 1297 2660 thesauris
1326 2605 1516 2658 domus
1546 2600 1757 2656 Domini
1784 2616 1919 2670 quos
1956 2616 2068 2654 ma-

495 2698 773 2755 nil‘estavit
790 2695 1130 2767 alienigenis,
1157 2696 1209 2748 in
1232 2709 1338 2763 quo
1358 2690 1597 2756 ollendit,
1627 2690 1822 2745 timens
1839 2703 1905 2744 ne
1931 2687 2070 2743 forte

495 2809 524 2844 a
543 2790 814 2859 Propheta
844 2784 1351 2857 reprehenderetur.

577 2901 594 2932 ‹
628 2882 769 2936 Ecce
797 2879 915 2933 dies
935 2877 1177 2939 veniunt,
1211 2896 1227 2926 ι
1249 2874 1378 2929 dicit
1398 2873 1675 2934 Dominus,
1698 2890 1716 2922 ι
1749 2877 1803 2924 et
1824 2868 2071 2923 auferen-

495 2981 587 3024 tur
608 2970 788 3024 omnia
815 2981 933 3037 qua:
956 2967 1008 3019 in
1036 2967 1195 3019 domo
1210 2972 1298 3017 tua
1325 2963 1515 3017 suntin
1534 2959 1879 3031 Babylonem,
1905 2978 1923 3011 ι
1952 2972 2071 3028 quae

495 3076 604 3115 non
652 3068 742 3113 tuo
778 3059 963 3112 labore
1012 3060 1341 3124 congregata
1381 3061 1526 3115 sunt,
1574 3051 1667 3104 sed
1705 3058 1920 3120 patrum
1952 3057 2071 3101 tuo-

2175 1874 2504 1931 consolalur.
2556 1871 2708 1928 Sicut
2758 1873 2980 1944 legimus
3031 1875 3096 1929 de
3147 1875 3366 1930 Sichem
3419 1875 3539 1931 ﬁlio
3596 1876 3748 1932 Emor

2175 1968 2387 2037 quando
2409 1966 2647 2037 corrupit
2669 1965 2858 2021 Diuam
2884 1980 2898 2019 :
2933 1984 2949 2016 ι
2970 1965 3204 2023 Locutus
3224 1976 3308 2023 est
3326 1976 3514 2023 autem
3541 1966 3745 2024 Sichem

2176 2061 2243 2113 ad
2281 2075 2375 2114 cor
2409 2057 2544 2126 ejus,
2583 2066 2638 2112 et
2676 2057 2981 2112 consolatus
3017 2066 3100 2112 est
3139 2072 3257 2112 eam
3299 2056 3451 2128 (Gen.
3485 2060 3696 2128 xxxrv).
3720 2079 3739 2112 ι

2173 2149 2479 2204 Notandum
2508 2155 2688 2202 autem
2717 2149 2859 2217 quod
2881 2148 3010 2203 dicit
3045 2165 3059 2201 :
3089 2147 3359 2204 Advocate
3388 2162 3537 2213 eam,
3565 2147 3741 2203 Hieru-

2172 2239 2341 2294 salem
2375 2238 2578 2294 scilicet
2604 2239 2688 2293 vel
2715 2238 3088 2309 gentilitatem,
3131 2237 3565 2292 subaudiendum
3604 2246 3680 2293 (δι
3710 2252 3738 2291 a

2172 2330 2517 2385 tribulatione
2550 2329 2635 2384 vel
2663 2329 2877 2384 tristitia
2908 2329 2975 2383 ad
3007 2329 3256 2399 gaudium
3286 2369 3303 2393 ,
3333 2343 3367 2382 a
3395 2328 3545 2383 malo
3571 2330 3633 2382 ad
3653 2329 3732 2384 bo-

2174 2437 2324 2489 num,
2370 2422 2438 2477 ab
2472 2421 2769 2475 idololatria
2804 2421 2871 2475 ad
2905 2421 3106 2475 luctum
3144 2420 3502 2490 paenitentia.
3539 2439 3557 2471 ι
3599 2419 3717 2486 Quo-

2174 2514 2318 2568 niam
2350 2510 2612 2580 completa
2638 2519 2720 2565 est
2771 2510 2974 2565 malitia
3013 2510 3148 2578 ejus.
3186 2528 3204 2560 ι
3239 2510 3446 2563 Malitia
3486 2524 3580 2563 non
3601 2524 3716 2563 sem-

2171 2617 2268 2673 per
2299 2617 2396 2671 pro
2424 2611 2643 2671 peccato
2666 2602 2900 2670 ponitur,
2928 2602 3022 2657 sed
3049 2616 3147 2672 pro
3171 2600 3479 2656 aﬂlictione.
3528 2602 3592 2657 Ut
3613 2601 3724 2655 illud

2171 2694 2313 2762 quod
2326 2692 2583 2747 Dominus
2610 2691 2747 2746 dixit
2776 2709 2873 2763 per
2899 2693 3224 2763 Prophetam
3248 2710 3262 2746 :
3298 2710 3315 2743 ι
3340 2692 3401 2747 Si
3428 2703 3517 2747 est
3546 2693 3725 2746 malum

2166 2772 2225 2837 in
2243 2783 2484 2849 civitate,
2514 2803 2533 2836 ι
2560 2783 2613 2838 id
2634 2791 2718 2838 est
2743 2783 2981 2849 alllictio,
3010 2803 3028 2836 ‹
3053 2785 3194 2854 quod
3209 2784 3468 2837 Dominus
3496 2800 3600 2837 non
3614 2783 3730 2836 fecit

2170 2873 2371 2945 (Amos.
2398 2874 2504 2943 ιιι).
2547 2890 2565 2924 ι
2586 2870 2859 2942 Completa
2888 2882 2973 2928 est
3000 2888 3131 2943 ergo
3167 2872 3370 2926 malitia
3407 2871 3553 2941 ejus,
3580 2873 3628 2926 id
3654 2880 3729 2925 est

2170 2963 2387 3019 alllictio
2430 2963 2817 3033 persecutionis
2862 2978 2981 3032 quae
3019 2962 3198 3017 evenit
3242 2962 3297 3016 in
3338 2971 3511 3018 morte
3535 2971 3729 3030 marty—

2170 3068 2311 3121 rum,
2344 3062 2397 3109 et
2422 3055 2583 3109 modo
2607 3053 2718 3109 Deo
2742 3054 2902 3109 dante
2922 3055 3091 3109 abest.
3132 3071 3150 3105 ι
3180 3054 3409 3109 Dimissa
3435 3062 3517 3109 est
3539 3055 3723 3123 iniqui-

497 3166 636 3204 l‘lllll.
670 3147 987 3201 Praedicitur
1018 3144 1300 3200 retributio
1339 3143 1578 3206 sceleris,
1618 3149 1679 3195 ut
1720 3140 1813 3210 qui
1856 3148 2066 3195 secreta
2098 3160 2142 3223 ρ
2172 3155 2257 3203 tas
2285 3146 2445 3211 illius,
2476 3165 2494 3198 ι
2530 3147 2632 3200 hoc
2653 3154 2765 3201 est:
2792 3146 2837 3201 si
2867 3146 3154 3216 aliquando
3180 3147 3437 3217 peccavit,
3459 3148 3726 3201 dimissum

497 3237 711 3295 Domini
741 3237 932 3290 alienis
956 3236 1272 3297 nudaverat,
1315 3232 1382 3286 ab
1403 3232 1590 3286 eadem
1617 3237 1775 3298 gente
1801 3238 1855 3284 et
1877 3230 2068 3284 domus

495 3329 611 3398 ejus
638 3328 693 3381 in
721 3324 1103 3381 exterminium
1145 3331 1288 3378 esset
1321 3322 1463 3377 itura
1484 3361 1497 3384 ,
1529 3335 1652 3375 cum
1692 3319 1942 3374 omnibus
1974 3317 2070 3373 llo-

497 3419 583 3474 nis
627 3426 844 3487 patrum
868 3416 1169 3486 priscorum
1206 3428 1326 3483 qua:
1358 3412 1575 3466 tenebat
1613 3419 1667 3465 et
1703 3410 1813 3465 suis
1841 3428 1852 3463 :
1883 3424 2069 3464 verum

494 3508 663 3562 etiam
685 3514 739 3561 et
770 3505 960 3560 domus
986 3502 1197 3557 Domini
1224 3508 1442 3571 propter
1482 3510 1765 3569 peccatum
1810 3498 1950 3552 illius
1975 3512 2070 3567 po-

498 3597 612 3669 puli
634 3595 985 3651 destruenda.
1017 3613 1035 3644 ‹
1064 3592 1179 3648 Non
1200 3592 1536 3662 relinquetur
1559 3591 1852 3661 quidquam
1879 3604 1945 3643 ex
1966 3588 2064 3652 eis,

497 3687 628 3742 dicit
649 3684 930 3741 Dominus.
972 3704 991 3736 ι
1024 3683 1164 3738 Ecce
1201 3683 1306 3737 ﬁxa
1352 3682 1639 3737 sententia.

569 3795 588 3828 ι
619 3774 686 3831 Et
728 3776 794 3829 de
825 3773 949 3829 ﬁliis
974 3774 1079 3828 tuis
1105 3772 1196 3842 qui
1225 3770 1449 3825 exibunt
1478 3770 1542 3825 de
1567 3780 1636 3835 te,
1672 3788 1689 3821 ι
1728 3769 1827 3824 hoc
1848 3770 1955 3833 est,
1977 3768 2069 3839 qui

494 3870 562 3923 de
588 3869 829 3939 germine
854 3874 947 3921 tuo
983 3874 1161 3930 erunt,
1182 3884 1200 3916 ι
1235 3864 1420 3919 tollent
1461 3873 1515 3917 et
1553 3870 1712 3916 erunt
1751 3861 1983 3916 eunuchi
2015 3861 2069 3915 in

496 3957 696 4025 palatio
718 3956 860 4027 regis
894 3954 1205 4026 Babylonis.
1247 3972 1265 4005 ›
1301 3952 1505 4007 Ferunt
1534 3951 1744 4005 Hebraei
1784 3952 1924 4005 hanc
1947 3966 2069 4020 pro-

495 4049 729 4118 phetiam
760 4046 1034 4117 impletam
1062 4045 1116 4099 in
1140 4045 1310 4098 tribus
1330 4043 1530 4114 pueris,
1563 4050 1618 4097 et
1646 4042 1868 4097 Daniele
1890 4044 1979 4111 qui
2015 4044 2068 4096 in

495 4159 561 4198 eo
586 4149 1039 4197 commemoratur
1061 4139 1218 4202 libro,
1258 4138 1473 4207 quando
1495 4145 1682 4205 captus
1711 4143 1795 4191 est
1826 4134 2070 4190 Joachim

499 4229 846 4294 ﬁlius'Josiaz,
864 4237 918 4283 et
950 4230 1142 4285 ductus
1164 4236 1248 4282 est
1266 4226 1492 4297 populus
1519 4226 1571 4280 in
1602 4225 1925 4296 Babylonem
1947 4241 2070 4280 cum

496 4321 692 4389 quibus
717 4318 906 4374 Daniel
937 4328 993 4374 et
1037 4318 1168 4373 socii
1204 4317 1321 4387 ejus
1345 4318 1543 4385 ierunt,
1585 4318 1675 4388 qui
1707 4325 1895 4388 postea
1941 4315 2070 4372 facti

496 4418 621 4464 sunt
654 4410 886 4465 eunuchi
916 4410 969 4464 in
1012 4409 1210 4480 palatio
1252 4410 1412 4479 regis.
1442 4408 1556 4464 Non
1579 4418 1663 4464 est
1705 4410 1849 4464 enim
1878 4418 2070 4480 putan-

497 4501 626 4555 dum
661 4499 805 4568 quod
849 4499 1082 4553 truncati
1119 4499 1347 4554 fuissent
1394 4515 1654 4570 corpore,
1695 4500 1789 4555 sed
1825 4500 1985 4570 positi
2014 4499 2068 4554 in
2098 4497 2146 4556 1)

498 4591 800 4647 ministerio
851 4591 989 4646 casti
1041 4592 1383 4647 exstiterunt.
1431 4592 1507 4645 De
1567 4592 1766 4647 talibus
1813 4592 2073 4647 Dominus

501 4686 633 4741 dicit
660 4688 716 4739 in
763 4683 1057 4755 Evangelio
1085 4698 1100 4736 :
1145 4702 1164 4734 ι
1193 4684 1343 4739 Multi
1377 4700 1436 4740 se
1458 4692 1833 4740 castraverunt
1854 4692 2072 4755 pr0pter

498 4788 723 4846 regnum
752 4774 848 4829 Dei
879 4772 1094 4844 (Matth.
1125 4775 1260 4847 ενι).
1295 4795 1339 4841 ι,

574 4883 741 4939 (Fiat
773 4891 981 4940 tantum
1015 4900 1149 4955 pax,
1169 4905 1187 4937 ι
1219 4892 1279 4940 ιιι
1303 4886 1427 4940 dum
1448 4886 1634 4941 vixero
1655 4900 1763 4940 non
1789 4886 2071 4957 impugner

498 4993 529 5032 a
554 4976 945 5043 Sennacherib,
993 4994 1011 5028 ε
1044 4986 1099 5031 et
1129 4978 1346 5044 veritas,
1386 4996 1404 5030 θ
1426 4977 1480 5034 id
1523 4985 1606 5033 est
1634 4994 1796 5034 verus
1834 4979 1928 5033 Dei
1958 4979 2072 5033 cul-

500 5083 608 5139 tus,
629 5091 647 5125 ‹
668 5071 723 5128 in
745 5072 934 5128 diebus
949 5073 1102 5128 meis.
1124 5090 1143 5139 ρ
1165 5071 1279 5126 Non
1303 5080 1465 5127 recte.
1485 5072 1755 5129 Debuerat
1779 5073 1922 5127 enim
1944 5089 2074 5127 con-

502 5162 642 5217 ﬁteri
696 5170 981 5232 peccatum
1031 5178 1186 5218 suum
1238 5170 1296 5217 ut
1343 5163 1526 5227 David,
1574 5171 1630 5218 et
1674 5163 1810 5217 iram
1861 5163 2073 5218 Domini

502 5266 751 5307 amovere
774 5268 805 5307 a
824 5253 1057 5322 posteris
1086 5254 1219 5319 suis,
1250 5261 1343 5307 aut
1378 5255 1631 5324 compati,
1678 5263 1739 5308 ut
1764 5254 1938 5311 Moses
1972 5269 2070 5325 po—

502 5344 646 5414 pulo,
676 5344 889 5415 quando
916 5343 1094 5399 delere
1115 5361 1173 5400 se
1203 5345 1357 5415 petiit
1380 5346 1445 5399 de
1485 5346 1621 5400 libro
1651 5346 1772 5400 vilte
1800 5347 1868 5400 ob
1897 5345 2073 5402 scelus

503 5433 685 5504 populi
706 5434 773 5488 ad
800 5441 1027 5488 mortem
1055 5433 1332 5499 destinati,
1361 5435 1609 5502 inquiens
1641 5451 1656 5488 ι
1684 5454 1702 5486 ς
1733 5436 1837 5489 Αυι
1868 5435 2079 5491 dimitte

503 5526 584 5579 eis
613 5525 752 5579 hanc
786 5538 1010 5589 noxam,
1046 5534 1140 5577 aut
1165 5523 1282 5578 dele
1328 5540 1414 5579 me
1458 5523 1525 5579 de
1565 5524 1700 5579 libro
1735 5540 1895 5595 quem
1950 5525 2081 5580 scri-

501 5614 657 5686 psisti
683 5613 879 5687 (Exod.
906 5611 1102 5684 xxxn).
1127 5632 1144 5663 ι
1171 5613 1402 5682 ideoque
1432 5628 1539 5669 non
1568 5616 1848 5687 respondit
1871 5615 1920 5672 ei
1944 5615 2077 5674 Pro-

504 5706 688 5778 pheta,
714 5706 809 5765 sed
829 5721 1017 5765 versus
1043 5706 1108 5761 ad
1131 5707 1383 5777 populum
1406 5706 1541 5763 dixit
1566 5728 1579 5768 τ

2169 3247 2252 3297 eSt
2272 3239 2345 3302 ei,
2374 3248 2430 3293 et
2456 3238 2690 3306 pertinet
2711 3238 2811 3292 hoc
2834 3238 3050 3307 proprie
3071 3238 3137 3291 ad
3159 3238 3379 3309 gentiles
3399 3237 3475 3291 vel
3487 3236 3711 3300 Judcos,

2168 3328 2283 3397 qui,
2316 3328 2383 3382 ad
2420 3326 2578 3382 ﬁdem
2620 3318 2829 3381 Domini
2857 3327 3151 3393 venientes,
3179 3342 3277 3397 per
3301 3325 3534 3395 baptismi
3559 3340 3711 3395 rege-

2169 3417 2502 3472 nerationem
2525 3416 2766 3471 mandati
2795 3425 2936 3471 sunt.
2957 3416 3053 3471 Vel
3078 3417 3129 3469 in
3156 3415 3414 3486 martyrio
3437 3414 3525 3467 ubi
3543 3413 3623 3467 sic
3643 3413 3722 3467 di.

2168 3508 2334 3565 missa
2360 3517 2485 3563 sunt
2507 3507 2611 3562 illis
2635 3516 2878 3577 peccata,
2902 3507 3048 3562 velut
3074 3508 3126 3561 in
3156 3507 3441 3577 baptismo.
3492 3524 3511 3557 ι
3532 3505 3725 3560 Susce-

2168 3600 2247 3669 pit
2271 3600 2338 3655 de
2363 3614 2523 3653 manu
2559 3599 2767 3653 Domini
2808 3598 3059 3668 duplicia,
3092 3616 3111 3650 ι
3153 3597 3409 3653 subaudis
3450 3606 3730 3653 tormenta.

2171 3688 2229 3743 Si
2269 3688 2335 3743 ad
2377 3687 2710 3742 Hierusalem
2744 3688 2848 3743 hoc
2880 3686 3203 3751 referamus,
3226 3686 3458 3756 duplicia
3486 3686 3683 3756 recepit
3705 3702 3735 3739 a

2170 3779 2432 3836 Chaldaeis
2468 3786 2523 3834 et
2559 3777 2816 3833 Romanis
2838 3818 2854 3843 ,
2899 3786 2955 3832 et
2993 3777 3153 3847 periit
3188 3790 3415 3846 corpore
3450 3786 3505 3831 et
3543 3777 3733 3830 anima.

2172 3869 2229 3925 Si
2260 3870 2326 3925 ad
2356 3868 2649 3924 Ecclesiam
2675 3867 2956 3936 dupliciter
2976 3883 3007 3920 a
3033 3867 3469 3936 persecutoribus
3515 3866 3732 3934 recepit,

2171 3958 2296 4028 quia
2320 3972 2548 4027 corpore
2573 3956 2812 4015 cruciata
2842 3965 2926 4012 est
2952 3965 3008 4011 et
3034 3957 3088 4011 in
3119 3958 3298 4011 animo
3323 3956 3635 4024 angustiam
3660 3969 3739 4009 su-

2171 4050 2403 4106 stinebat
2428 4057 2664 4118 tempore
2691 4047 3100 4118 persecutionis,
3147 4048 3372 4117 ideoque
3408 4047 3637 4103 dimissa
3667 4053 3741 4099 est

2173 4142 2430 4211 iniquitas
2456 4141 2592 4209 ejus.

2246 4271 2265 4304 ‹
2301 4251 2408 4307 Vox
2448 4252 2750 4313 clamantis.
2775 4271 2793 4302 ι
2824 4252 3078 4307 subaudis
3106 4250 3305 4307 Christi
3330 4267 3427 4321 per
3457 4250 3739 4314 Joannem,

2179 4363 2197 4396 ι
2226 4346 2278 4399 in
2314 4346 2526 4400 deserto
2554 4364 2573 4395 ›
2613 4342 2829 4399 Judteaz.
2877 4343 3109 4399 Joannes
3137 4361 3238 4400 vox
3270 4346 3602 4415 appellatur,
3631 4345 3740 4415 quia

2172 4437 2394 4491 verbum
2417 4436 2709 4505 praecessit.
2751 4435 2847 4490 Vel
2881 4436 3045 4491 etiam
3070 4451 3175 4490 vox
3204 4435 3407 4490 Christi
3432 4437 3505 4489 ad
3542 4446 3743 4506 aposto-

2172 4528 2253 4582 los
2276 4528 2560 4583 clamantis
2583 4528 2637 4582 in
2661 4529 2873 4583 deserto
2904 4526 3214 4582 Judteorum
3240 4528 3323 4582 vel
3363 4529 3636 4598 gentium.
3670 4527 3742 4581 Si-

2175 4630 2265 4675 cut
2288 4620 2431 4675 enim
2450 4619 2686 4675 Joannes
2706 4620 2930 4675 desertae
2945 4635 3008 4675 ac
3034 4620 3303 4676 destitutae
3322 4619 3531 4675 Iudaeae
3559 4622 3745 4677 clama-

2174 4712 2282 4777 bat,
2315 4711 2685 4781 pmnitentiam
2707 4712 2884 4782 agite:
2912 4712 2992 4767 sic
3028 4712 3254 4782 apostoli
3293 4712 3346 4766 in
3378 4713 3606 4769 deserto
3637 4726 3749 4782 gen-

2174 4802 2345 4857 tilium
2370 4801 2731 4872 prtedicabant
2772 4801 2993 4856 verbum
3035 4802 3245 4866 salutis,
3280 4801 3572 4857 audientes
3602 4817 3633 4855 a
3658 4801 3752 4854 Do-

2175 4894 2321 4948 mino
2353 4911 2366 4948 :
2400 4913 2420 4945 r
2449 4894 2666 4959 Euntes,
2696 4894 2985 4964 praedicate
3020 4895 3367 4965 Evangelium
3403 4896 3564 4950 omni
3612 4908 3750 4950 crea-

2178 4995 2313 5041 turze
2335 4984 2527 5056 (Marc.
2558 4985 2690 5057 xvi).
2723 5005 2742 5037 ι
2778 5002 2797 5036 ‹
2822 4985 3014 5040 Parate
3040 4986 3182 5040 viam
3218 4986 3460 5050 Domini,
3509 5006 3531 5037 ι
3578 4984 3632 5040 id
3658 4991 3748 5045 est,

2180 5078 2342 5132 talem
2371 5077 2732 5146 operationem
2756 5076 2918 5132 facite
2941 5086 3002 5131 ut
3029 5077 3139 5131 Deo
3162 5077 3391 5146 placeat,
3440 5085 3603 5132 recte
3641 5089 3750 5129 crc-

2181 5168 2353 5222 dendo
2377 5175 2432 5221 et
2460 5166 2597 5222 bene
2619 5168 2909 5236 operando,
2934 5176 2991 5222 ut
3013 5167 3126 5237 ipse
3146 5168 3315 5236 possit
3332 5168 3524 5223 venire
3551 5168 3622 5221 ad
3647 5180 3749 5219 vos.

2186 5276 2203 5309 ι
2233 5256 2427 5313 Rectus
2456 5257 2615 5312 facite
2632 5258 2685 5311 in
2711 5258 3017 5323 solitudine,
3055 5278 3072 5309 ι
3103 5259 3154 5313 id
3181 5265 3285 5322 est,
3317 5258 3369 5312 in
3388 5257 3616 5312 deserto
3636 5271 3754 5327 gem

2184 5348 2354 5403 tilium
2387 5367 2407 5400 ι
2435 5349 2652 5403 semitas
2673 5350 2766 5403 Dei
2796 5351 2984 5405 nostri.
3016 5370 3035 5404 ι
3077 5350 3307 5406 Possunt
3332 5364 3437 5405 non
3462 5349 3754 5419 incongrue

2182 5455 2279 5510 per
2327 5440 2548 5494 semitas
2587 5440 2941 5509 cogitationes
2967 5440 3207 5511 intelligi,
3238 5442 3376 5495 sicut
3406 5446 3459 5494 et
3486 5454 3594 5509 per
3620 5439 3754 5492 viam

2182 5532 2443 5595 actiones,
2487 5539 2541 5585 et
2578 5532 2647 5585 sit
2676 5546 2864 5586 sensus
2894 5546 2910 5584 :
2937 5540 2994 5585 ut
3034 5531 3107 5585 illi
3145 5532 3235 5600 qui
3275 5530 3555 5585 Christum
3596 5529 3667 5584 ad
3704 5538 3758 5582 se

2181 5623 2366 5678 venire
2393 5629 2601 5692 aptant,
2627 5638 2733 5677 non
2754 5624 2924 5677 solum
2953 5624 3060 5678 sint
3084 5622 3267 5677 mundi
3295 5636 3545 5697 corpore,
3575 5631 3760 5674 verum

2183 5714 2343 5769 etiam
2381 5713 2560 5771 corde.
2619 5714 2933 5785 Praecipitur
2975 5722 3153 5772 autent
3190 5714 3292 5771 hoc
3328 5712 3432 5771 illis
3458 5713 3556 5784 qui
3588 5712 3646 5768 in
3674 5709 3759 5764 de
