4016 6470
251 388 356 449 909

1299 379 1647 439 ΟΟΜΜΕΝΤ.
1690 378 1758 433 IN
1797 377 2046 434 ISAIAM.
2083 406 2154 419 -—
2190 377 2316 435 LIB.
2363 378 2423 433 II.

3394 375 3499 433 910

254 489 401 538 serto
430 476 625 536 Iudaee
651 476 942 541 credebant
965 475 1017 529 in
1054 473 1359 541 Christum,
1386 472 1471 527 vel
1494 471 1585 542 qui
1619 471 1674 526 in
1702 470 1825 529 soli-
1851 481 1903 540 Α
1922 470 2104 540 juveni
2152 472 2392 542 prosperi
2430 469 2677 525 videntur
2714 481 3022 535 successus,
3061 472 3316 547 et‘servit
3351 471 3502 529 vitiis

255 570 442 627 tudine
470 566 746 640 gentilium
782 564 1064 636 degebant.
1748 634 1753 638 ἦ

331 680 351 714 ι
387 659 575 717 Omnis
600 657 755 715 vallis
782 656 1130 722 exaltabitur,
1163 672 1180 708 δ
1226 654 1280 710 id
1314 664 1398 711 est
1433 640 1707 726 simplices
1731 649 1829 710 Ju~

257 752 357 809 dmi
381 752 681 815 credentes,
704 749 789 804 vel
809 748 1050 820 gentiles,
1075 748 1128 802 in
1154 746 1258 803 ﬁde
1279 755 1428 804 recta
1449 754 1504 802 et
1522 746 1834 818 operatione

258 852 443 897 sancta
484 840 814 913 magniﬁcati
846 848 1000 905 sunt,
1048 856 1068 891 ι
1103 848 1158 894 et
1197 839 1374 897 omnis
1408 854 1563 895 mons
1597 845 1652 893 et
1683 836 1833 892 collis

256 929 650 996 humiliabitur,
681 950 701 985 ι
752 930 857 986 hoc
881 937 965 985 est
998 928 1188 985 scribae
1214 938 1269 984 et
1297 930 1569 1000 pharisaei,
1595 938 1649 985 et
1677 942 1834 998 reges

256 1021 500 1093 perversi
528 1029 589 1077 ut
615 1019 775 1086 Nero,
820 1029 875 1076 et
912 1020 1160 1095 quiante
1189 1028 1243 1075 et
1275 1029 1399 1091 post
1426 1020 1661 1083 fuerunt,
1689 1019 1837 1073 velut

256 1113 421 1169 colles
454 1112 718 1168 humiliati
748 1121 893 1177 sunt,
930 1112 982 1166 in
1011 1111 1334 1181 profundum
1365 1112 1467 1169 laci
1505 1120 1742 1169 ruentes.
1768 1109 1836 1164 Et

260 1203 363 1258 hoc
395 1210 479 1257 est
521 1202 668 1271 quod
695 1202 954 1257 Dominus
982 1202 1117 1255 dixit
1161 1219 1173 1254 :
1212 1220 1229 1251 ‹
1268 1199 1454 1257 Omnis
1481 1201 1574 1272 qui
1602 1214 1661 1257 se
1689 1199 1836 1256 exal-

258 1303 361 1361 tat,
385 1293 756 1350 humiliabitur
783 1291 933 1363 (Luc.
961 1308 1071 1357 xrv,
1094 1293 1274 1363 xuii).
1300 1310 1318 1343 ι
1355 1310 1373 1343 ι
1402 1292 1467 1347 Et
1490 1299 1649 1348 erunt
1668 1300 1835 1362 prava

260 1387 316 1444 in
357 1386 579 1443 directa.
611 1405 632 1440 ›
684 1382 876 1449 Pravo,
911 1383 963 1439 id
990 1391 1104 1448 est,
1138 1393 1377 1438 tortuosa
1404 1384 1566 1439 corda
1588 1381 1834 1454 publica-

261 1493 457 1533 norum
493 1484 547 1533 et
588 1476 992 1547 phariszeorum,
1035 1475 1126 1545 qui
1165 1482 1424 1529 venerunt
1460 1488 1558 1543 per
1581 1472 1837 1543 praedica-

262 1569 461 1623 tionem
499 1566 712 1622 Domini
739 1573 792 1622 et
818 1562 1180 1635 apostolorum
1210 1563 1326 1632 ejus
1357 1562 1425 1616 ad
1465 1562 1625 1617 ﬁdem
1658 1578 1670 1614 :
1698 1558 1839 1615 facta

262 1665 389 1712 sunt
422 1665 568 1713 recta
601 1658 667 1712 ad
694 1658 836 1712 bona
859 1669 1020 1723 opera
1046 1653 1367 1724 peragenda.
1422 1670 1441 1703 α
1470 1652 1538 1707 Ει
1562 1666 1753 1723 aspera
1770 1693 1786 1718 ,
1811 1671 1831 1706 ι

262 1748 316 1802 id
344 1756 428 1803 est
466 1745 827 1802 intractabilia
869 1753 922 1799 et
949 1744 1081 1797 dura
1110 1744 1270 1799 corda
1301 1744 1599 1799 scribarum
1625 1751 1679 1798 et
1711 1744 1840 1815 pha-

1927 570 1983 616 et
2012 562 2244 617 maxime
2267 562 2495 628 libidini,
2527 561 2681 631 quasi
2708 562 2763 617 iu
2800 558 2932 617 ﬂore
2964 570 3067 617 est.
3102 560 3240 618 Cum
3261 556 3392 621 vero
3414 579 3502 620 su-

1927 652 2040 708 bito
2086 661 2427 723 prreoccupat
2469 668 2594 709 eum
2635 653 2901 709 sententia
2940 651 3035 708 Dei
3068 694 3083 720 ,
3124 654 3387 725 redigitur
3432 654 3504 712 ad

1931 741 2180 798 nihilum.
2218 783 2227 791 .

2008 852 2025 884 ι
2048 831 2278 888 Verbum
2309 841 2488 888 autem
2517 833 2729 891 Domini
2756 842 2937 890 manet
2962 834 3016 889 in
3045 842 3328 900 aeternum,
3350 854 3370 888 ι
3401 836 3506 890 hoc

1896 929 2017 976 .est
2056 918 2302 977 Christus
2328 920 2495 976 Filius
2530 922 2657 987 Dei,
2688 938 2810 977 cum
2837 938 3063 993 corpore
3104 939 3201 983 suo
3242 925 3385 994 quod
3421 934 3506 980 est

1931 1009 2170 1067 Ecclesia
2188 1051 2202 1076 ,
2233 1026 2351 1081 quae
2379 1011 2428 1064 ei
2454 1012 2693 1067 adhaeret
2713 1025 2808 1081 per
2829 1012 2986 1067 Iidem
3012 1021 3066 1067 et
3087 1015 3451 1083 operationem
3487 1032 3500 1068 :

1934 1100 2180 1172 regnabit
2219 1102 2272 1156 in
2315 1109 2593 1156 aeternum.
2642 1103 2718 1157 De
2746 1102 2850 1157 hoc
2870 1100 3047 1158 Verbo
3075 1104 3202 1159 dicit
3223 1102 3456 1159 Joannes
3488 1121 3503 1158 :

1938 1196 1960 1243 ἁ
1986 1191 2043 1246 ln
2067 1193 2331 1263 principio
2362 1201 2481 1248 erat
2503 1190 2737 1247 Verbum
2760 1192 2940 1264 (Joan.
2974 1192 3034 1264 ι).
3066 1213 3085 1247 ι

2008 1298 2028 1334 ‹
2057 1280 2231 1350 Super
2265 1291 2504 1338 montem
2543 1281 2813 1337 excelsum
2854 1284 3104 1349 ascende,
3129 1299 3248 1355 quae
3280 1299 3508 1356 evange-

1934 1368 2067 1437 lizas
2109 1372 2260 1430 Sion.
2290 1392 2309 1427 ι
2368 1373 2595 1442 Quidam
2642 1374 2855 1431 codices
2889 1374 3089 1435 habent
3122 1376 3213 1445 qui
3243 1376 3510 1446 evangeli-

1936 1482 2027 1527 zas
2066 1482 2263 1541 genere
2296 1469 2610 1535 masculino,
2645 1468 2743 1524 sed
2788 1467 2923 1525 falso
2957 1470 3219 1540 scriptum
3245 1478 3346 1527 est.
3377 1472 3510 1527 Bea-

1936 1566 2024 1615 tus
2050 1558 2193 1614 enim
2223 1557 2578 1629 Hieronymus
2614 1557 2871 1614 feminino
2908 1573 3102 1630 genere
3148 1559 3386 1629 exponit,
3430 1559 3511 1614 di-

1936 1665 2064 1706 cens
2089 1652 2142 1705 in
2165 1650 2427 1706 Hebraica
2447 1651 2690 1717 veritate,
2712 1658 2767 1705 et
2790 1652 2846 1706 in
2872 1648 3218 1723 Septuaginta
3244 1648 3509 1722 interpre-

1940 1742 2085 1820 tibus
2112 1741 2188 1799 ita
2210 1741 2416 1798 haberi.
2468 1740 2811 1799 Constructio
2847 1750 3027 1796 autem
3062 1738 3221 1813 hujus
3262 1741 3513 1801 versiculi

264 1840 566 1903 risaeorum,
606 1845 663 1891 et
697 1835 999 1909 gentilium,
1030 1853 1049 1887 ί
1084 1835 1140 1889 in
1169 1836 1285 1889 vias
1314 1832 1535 1904 planas,
1573 1852 1592 1887 ι
1626 1835 1729 1889 hoc
1755 1841 1838 1889 est
1865 1826 1910 1897 Β
1937 1833 2054 1890 haec
2085 1842 2168 1889 est
2191 1833 2272 1889 :0
2317 1833 2468 1899 Sion,
2494 1849 2613 1905 quae
2663 1833 2997 1902 evangelizas
3040 1835 3180 1889 bona
3220 1841 3277 1889 et
3328 1836 3508 1897 doces,

266 1929 321 1982 in
351 1926 747 2009 mollitudinemr
766 1932 819 1981 et
841 1925 1116 1979 lenitatem
1142 1938 1402 1980 conversa
1428 1931 1573 1990 sunt,
1598 1923 1724 1980 dum
1750 1939 1841 1980 ve-

266 2018 446 2073 nirent
474 2017 542 2072 ad
566 2016 746 2082 ﬁdem,
777 2026 835 2071 ut
861 2015 1142 2072 Matthmus
1168 2027 1377 2071 narrat.

343 2129 361 2161 ι
388 2109 457 2164 Et
484 2108 811 2163 revelabitur
835 2107 1005 2177 gloria
1031 2106 1262 2172 Domini,
1299 2124 1317 2160 i
1350 2107 1404 2163 id
1424 2115 1506 2163 est
1534 2095 1844 2164 manifesta-

267 2202 430 2260 bitur.
464 2200 642 2256 Gloria
669 2201 762 2256 Dei
789 2199 969 2256 Patris
996 2199 1166 2255 Filius
1194 2210 1277 2255 εει
1305 2217 1318 2253 :
1347 2201 1623 2265 Dominus,
1650 2200 1840 2257 videli-

267 2299 355 2345 cet
382 2289 538 2346 Iesus
560 2289 825 2347 Christus.
877 2289 953 2344 De
973 2305 1079 2359 quo
1102 2288 1231 2343 dicit
1258 2290 1310 2343 in
1335 2289 1542 2360 psalmo
1569 2289 1711 2349 Deus
1736 2288 1842 2344 Pa-

270 2391 354 2439 ter
379 2401 392 2436 :
430 2401 448 2434 ι
477 2381 721 2451 Exsurge
744 2382 914 2450 gloria
938 2396 1056 2437 mea
1081 2378 1254 2450 (Psal.
1285 2380 1459 2452 xun).
1491 2401 1509 2434 ι
1537 2380 1841 2437 Przedican-

270 2472 413 2526 tibus
440 2471 583 2525 enim
610 2470 888 2539 apostolis,
925 2470 1299 2524 manifestatus
1332 2479 1415 2524 est
1457 2470 1627 2527 Filius
1662 2470 1757 2525 Dei
1788 2470 1842 2524 in

269 2562 537 2632 gentibus.
561 2579 580 2612 ‹
601 2560 1067 2615 Etvidebitomnis
1089 2575 1234 2623 caro,
1260 2580 1277 2610 ι
1300 2560 1350 2614 id
1371 2561 1639 2615 estomnis
1657 2560 1844 2627 homo,

279 2670 297 2703 ι
328 2652 565 2706 salutare
601 2650 716 2705 Dei.
748 2670 767 2703 ι
809 2648 921 2704 Hoc
954 2648 1020 2704 ad
1050 2649 1188 2703 diem
1218 2648 1406 2717 judicii
1441 2651 1693 2719 pertinet.
1736 2649 1843 2704 Lo-

271 2757 443 2812 quens
477 2756 708 2810 namque
742 2738 1009 2810 PrOpheta
1046 2740 1111 2793 de
1148 2740 1324 2809 primo
1361 2739 1590 2793 adventu
1623 2738 1842 2803 Christi,

274 2833 501 2889 tetendit
529 2832 742 2887 oculum
767 2831 961 2886 mentis
992 2830 1059 2884 ad
1082 2830 1393 2886 secundum.
1425 2829 1559 2885 Nam
1591 2830 1641 2884 in
1670 2831 1845 2900 primo

274 2925 502 2978 adventu
542 2938 649 2978 non
682 2922 931 2978 viderunt
959 2935 1081 2975 cum
1117 2934 1320 2985 omnes,
1362 2920 1414 2973 in
1452 2921 1689 2975 secundo
1718 2924 1846 2974 vero

275 3014 611 3084 conspecturi
637 3018 760 3069 sunt
783 3012 930 3069 illum
964 3025 1181 3076 omnes,
1207 3018 1262 3064 et
1286 3010 1375 3078 qui
1399 3010 1648 3063 viderunt
1673 3017 1727 3064 et
1755 3010 1847 3078 qui

274 3118 382 3158 non
409 3104 675 3158 viderunt.
712 3119 731 3153 ‹
761 3100 833 3159 Os
852 3100 1060 3155 Domini
1085 3099 1320 3154 locutum
1341 3108 1445 3165 est,
1475 3118 1493 3149 ι
1520 3099 1575 3154 id
1596 3107 1679 3154 est
1719 3114 1846 3168 pro-

1940 1925 2170 1980 ascende
2222 1938 2384 1994 super
2434 1933 2671 1980 montem
2719 1923 2986 1980 excelsum
3012 1962 3028 1989 ,
3076 1924 3177 1979 hoc
3228 1933 3313 1980 est
3351 1940 3514 1995 super

1940 2013 2212 2072 Christum
2235 2015 2327 2086 qui
2352 2021 2436 2070 est
2463 2031 2618 2071 mons
2637 2016 2920 2080 montium,
2943 2022 2997 2069 et
3020 2015 3319 2071 sublimitas
3344 2016 3513 2070 virtu-

1942 2114 2075 2172 tum,
2098 2106 2151 2161 id
2178 2114 2280 2171 est,
2305 2103 2534 2176 praedica
2557 2121 2678 2177 qua:
2702 2106 2947 2161 Christus
2967 2106 3165 2161 docuit.
3203 2105 3410 2165 Similia
3436 2107 3512 2162 lo-

1940 2195 2125 2266 quitur
2152 2196 2219 2251 ad
2245 2195 2580 2252 Hierusalem
2601 2196 2678 2252 :0
2712 2216 2730 2248 r
2760 2196 3087 2254 Hierusalem
3109 2214 3228 2268 qua:
3246 2198 3515 2269 evangeli-

1942 2302 2055 2354 zas,
2094 2307 2113 2339 ι
2145 2287 2200 2343 id
2223 2296 2306 2344 est
2336 2301 2455 2359 qua;
2491 2288 2778 2342 annuntias
2816 2287 2986 2353 bona,
3026 2307 3044 2339 ι
3067 2289 3244 2344 exalta
3272 2290 3324 2344 in
3358 2288 3517 2345 forti-‘-

1943 2376 2128 2432 tudine
2172 2392 2358 2432 vocem
2398 2384 2545 2431 tuam
2580 2395 2591 2429 :
2626 2395 2644 2427 ι
2691 2385 2751 2430 ut
2800 2391 2832 2430 a
2879 2376 3063 2430 multis
3109 2377 3281 2432 audiri
3319 2379 3512 2448 possis,

1943 2464 2118 2520 exalta
2142 2465 2578 2536 praedicationem
2606 2474 2771 2519 tuam.
2816 2485 2832 2515 ι
2854 2463 2970 2519 Noli
2996 2465 3186 2521 timere
3209 2485 3229 2517 ι
3258 2482 3515 2538 persecu~

1944 2564 2122 2611 torum
2168 2556 2446 2620 saevitiam,
2491 2565 2547 2610 et
2585 2555 2782 2610 diaboli
2830 2556 3100 2611 astutiam.
3147 2555 3250 2611 Per
3290 2556 3417 2613 Sion
3463 2570 3519 2614 et

1945 2643 2299 2712 Hierusalem,
2330 2647 2552 2700 chorum
2587 2646 2951 2716 apostolorum
2992 2656 3046 2701 et
3086 2646 3368 2703 doctorum
3400 2651 3518 2704 vult

1945 2735 2168 2806 intelligi
2193 2753 2205 2788 :
2229 2744 2283 2791 et
2306 2735 2595 2805 alloquitur
2615 2750 2708 2789 eos
2736 2733 2913 2791 sermo
2941 2736 3175 2802 divinus,
3204 2746 3264 2791 ut
3290 2752 3363 2792 eo
3380 2752 3517 2808 pne-

1946 2823 2127 2881 diccnt
2152 2835 2205 2880 et
2232 2826 2578 2891 annuntient,
2607 2841 2725 2895 quae
2754 2840 2785 2878 a
2811 2825 3037 2884 Domino
3069 2826 3338 2881 audierint
3385 2839 3440 2883 et
3484 2845 3515 2881 a

1947 2915 2150 2985 Spiritu
2190 2925 2376 2971 saneto
2410 2923 2783 2986 perceperunt.
2829 2914 2967 2970 Dicit
3001 2930 3230 2985 namque
3266 2917 3518 2987 explana-

1948 3014 2032 3062 tor
2056 3006 2213 3075 hujus
2239 3006 2538 3061 sermonis:
2570 3004 2704 3073 Quia
2744 3006 2920 3061 omnis
2954 3007 3276 3075 prtedicator
3303 3009 3372 3062 ad
3402 3008 3488 3063 cul

1945 3096 2092 3153 mina
2125 3098 2381 3151 virtutum
2423 3096 2578 3152 debet
2623 3096 3017 3161 conscendere,
3056 3104 3116 3150 ut
3145 3111 3242 3153 suo
3275 3098 3521 3168 exemplo

273 3195 467 3265 pham,
500 3208 596 3265 per
621 3208 753 3264 quos
782 3191 1025 3264 praedixi;
1056 3206 1119 3247 ea
1148 3206 1265 3260 qua;
1288 3190 1465 3245 {mura
1502 3201 1646 3245 sum,
1693 3190 1844 3257 Quod
1872 3170 1917 3233 C
1947 3183 2251 3239 auditorum
2303 3184 2466 3239 corda
2505 3184 2572 3238 ad
2616 3199 2847 3254 superna
2887 3186 3191 3255 appetenda
3224 3186 3520 3245 eleventur.

275 3292 451 3341 autem
476 3283 611 3340 dixit
630 3292 684 3359 et
704 3283 937 3347 videbit,
959 3288 1136 3351 potest
1160 3288 1214 3335 et
1237 3281 1310 3335 ita
1336 3279 1557 3348 intelligi
1592 3298 1605 3333 :
1635 3280 1847 3334 Videbit

272 3374 450 3430 omnis
477 3389 623 3439 caro,
656 3375 709 3428 id
732 3381 837 3440 est,
866 3380 991 3426 tunc
1031 3369 1328 3439 intelligent
1363 3384 1550 3424 omnes
1592 3385 1710 3438 quae
1738 3370 1845 3423 Do-

273 3465 455 3527 minus
477 3479 574 3535 per
602 3465 893 3535 prophetas
921 3477 1046 3517 suos
1075 3461 1324 3531 prmdixit
1357 3476 1485 3515 vera
1511 3476 1650 3516 esse.

350 3554 495 3618 «Vox
512 3555 738 3611 dicentis
761 3573 778 3606 ι
797 3551 1049 3609 subaudis
1062 3550 1258 3609 Christi
1274 3550 1340 3606 ad
1355 3550 1545 3605 Isaiam
1567 3570 1609 3606 ε(
1633 3549 1842 3606 Clamat

277 3645 531 3704 subaudis
564 3643 706 3717 plebi
740 3641 1029 3699 Israelita:
1058 3640 1141 3695 vel
1170 3640 1237 3694 ad
1282 3655 1442 3695 omne
1485 3656 1652 3711 genus
1674 3640 1849 3694 homi-

275 3754 425 3792 num.
463 3753 481 3787 ι
520 3735 588 3790 Et
624 3734 734 3789 dixi
769 3752 781 3786 :
815 3732 954 3799 Quid
991 3730 1277 3786 clamabo?
1322 3749 1340 3781 ι
1386 3728 1501 3791 Non
1532 3730 1647 3784 sine
1686 3744 1847 3785 causa

276 3827 431 3894 dixit,
446 3825 578 3897 quid
606 3823 889 3879 clamabo?
910 3821 1172 3889 Quoniam
1193 3819 1327 3875 vidit
1352 3819 1632 3874 Dominum
1661 3820 1849 3904 seden-

278 3926 382 3970 tem
428 3930 589 3986 super
630 3914 822 3971 solium
860 3912 1167 3976 excelsum,
1207 3917 1262 3964 et
1301 3910 1503 3963 audivit
1551 3923 1579 3962 a
1623 3908 1849 3963 Domino

275 4025 435 4079 quem
480 4009 712 4073 mittam,
758 4004 1076 4076 respondit:
1112 4003 1249 4057 Ecce
1289 4017 1403 4071 ego,
1449 4003 1602 4057 mitte
1641 4016 1744 4055 me.
1782 4000 1852 4055 Et

277 4099 402 4168 quia
425 4109 550 4154 tunc
575 4098 707 4153 dura
738 4094 1003 4152 nuntiavit
1031 4092 1226 4164 populo
1245 4108 1367 4156 suo,
1393 4090 1613 4147 timebat
1633 4099 1686 4146 et
1710 4105 1849 4145 nunc

277 4191 472 4248 similia
513 4188 783 4244 nuntiare.
834 4186 1064 4254 Ideoque
1098 4199 1206 4241 non
1248 4191 1439 4253 sponte
1479 4182 1673 4237 obtulit
1711 4182 1849 4237 sicut

277 4282 543 4354 superius,
580 4280 673 4334 sed
708 4276 988 4348 requisivit
1025 4290 1140 4330 rem
1180 4275 1376 4345 operis.
1425 4273 1742 4343 Dictumque
1768 4283 1853 4328 est

276 4375 327 4430 ei
352 4387 383 4428 a
413 4370 658 4427 Domino.
707 4387 725 4421 ‹
751 4366 940 4424 Omnis
976 4380 1137 4430 caro,
1167 4384 1186 4417 ι
1242 4364 1296 4419 id
1341 4372 1426 4419 est
1468 4362 1644 4418 omnis
1687 4363 1849 4416 homo

282 4448 305 4519 .‘
327 4463 528 4528 fenum,
553 4468 609 4516 et
626 4458 990 4530 omnisgloria
1011 4456 1126 4528 ejus
1148 4475 1165 4507 ›
1189 4470 1349 4529 quam
1372 4454 1425 4508 in
1447 4452 1699 4523 praesenti
1723 4466 1847 4520 pos-

277 4557 418 4614 sidet
451 4554 641 4627 (quasi
668 4553 766 4612 llos
794 4552 931 4624 agri,
963 4570 981 4602 ι
1013 4559 1121 4604 tam
1143 4547 1362 4603 'sanitas
1386 4562 1546 4616 quam
1570 4546 1845 4617 juventus,

276 4661 545 4717 quamque
571 4644 734 4702 etiam
772 4641 971 4698 divitiae
999 4636 1340 4709 temporales.
1389 4637 1457 4693 Et
1490 4641 1573 4692 eSt
1610 4649 1799 4691 sensus
1832 4653 1845 4689 :

276 4736 418 4791 sicut
449 4734 633 4789 fenum
664 4730 934 4787 nascendo
962 4728 1128 4787 habet
1153 4725 1507 4791 viriditatem,
1543 4723 1851 4794 pullulando

277 4831 550 4893 decorem,
579 4824 873 4882 abscissum
898 4828 1077 4876 autem
1101 4819 1368 4883 siccatur,
1400 4826 1457 4872 et
1492 4816 1546 4870 in
1574 4814 1849 4885 pulverem

279 4917 537 4988 redigitur
563 4934 577 4970 :
604 4916 683 4971 sic
710 4915 872 4969 homo
896 4927 995 4982 per
1018 4910 1387 4965 successiones
1413 4914 1630 4962 aetatum
1657 4905 1854 4959 amittit

277 5010 603 5067 viriditatem
635 5005 838 5079 vigoris
866 5012 921 5061 et
951 5005 1197 5059 decorem
1217 5041 1232 5067 ,
1266 5009 1322 5056 et
1346 5000 1540 5056 desinit
1566 5012 1706 5053 esse.

356 5117 376 5151 ι
402 5099 741 5155 Exsiccatum
763 5104 844 5151 est
872 5094 1053 5150 fenum
1079 5101 1135 5147 et
1163 5090 1358 5146 cecidit
1385 5088 1500 5154 llos,
1530 5088 1656 5159 quia
1676 5086 1850 5157 Spiri-

282 5203 370 5247 tus
398 5192 491 5246 Dei
515 5190 745 5248 suﬂlavit
766 5190 819 5243 in
841 5203 924 5245 eo.
950 5207 969 5240 ι
1005 5184 1210 5241 Fenum
1238 5183 1417 5237 subito
1446 5179 1759 5251 producitur
1784 5195 1852 5233 ex

281 5287 425 5339 terra
456 5292 510 5336 et
540 5281 717 5335 subito
753 5279 969 5343 decidit,
1014 5276 1138 5346 quia
1174 5281 1366 5328 ventus
1394 5286 1557 5327 urens
1598 5277 1653 5325 et
1692 5278 1853 5324 aestus

279 5376 477 5431 ardens
503 5371 724 5428 siccavit
754 5370 903 5425 illud.
931 5367 1190 5423 Similiter
1212 5367 1372 5421 homo
1395 5362 1572 5419 subito
1593 5361 1847 5425 nascitur,

279 5476 335 5520 et
387 5464 564 5519 subito
612 5460 756 5515 cadit
786 5459 837 5512 in
879 5466 1103 5511 mortem
1126 5497 1139 5519 ,
1185 5455 1310 5524 quia
1339 5453 1559 5522 spiritus
1591 5449 1722 5517 Dei,
1749 5451 1853 5505 hoc

278 5565 363 5610 est
387 5553 650 5611 sententia
679 5547 1060 5618 omnipotentis
1082 5546 1196 5610 Dei,
1217 5544 1436 5598 abstulit
1455 5543 1505 5597 ei
1527 5542 1689 5596 vitam
1713 5556 1853 5611 pra:-

282 5659 507 5701 scntem.
546 5664 564 5697 ι
592 5644 729 5699 Vere
761 5641 939 5699 fenum
974 5647 1056 5693 est
1093 5637 1337 5708 populus.
1363 5657 1381 5688 ι
1434 5635 1591 5690 Modo
1632 5637 1853 5705 exponit

284 5737 423 5808 quod
441 5752 599 5809 supra
621 5735 715 5791 ait.
737 5732 877 5789 Dicit
894 5731 1081 5786 beatus
1101 5728 1476 5797 Hieronymus,
1498 5725 1621 5795 quia
1640 5726 1853 5795 quando

1956 3291 1975 3325 ί
2004 3273 2099 3327 Dic
2126 3272 2431 3328 civitatibus
2456 3272 2625 3338 Indae,
2657 3291 2675 3324 ›
2709 3289 2742 3328 o
2774 3274 2972 3329 chorus
3004 3274 3283 3330 doctorum
3305 3317 3322 3340 ,
3345 3278 3398 3332 id
3435 3286 3519 3333 est

1949 3365 2253 3436 synagogis,
2290 3364 2374 3419 vel
2399 3364 2593 3435 populo
2619 3355 2944 3431 Judznorum,
2983 3366 3069 3421 vel
3100 3368 3388 3424 universali
3417 3369 3522 3426 Ecé

1950 3458 2153 3514 clesiae:
2179 3477 2195 3509 ‹
2214 3456 2351 3535 Ecce
2364 3457 2507 3510 Deus
2526 3463 2722 3511 vester.
2750 3475 2768 3507 ι
2796 3454 2838 3511 Ο
2853 3452 3018 3511 Judaei
3046 3459 3138 3527 qui
3158 3458 3311 3514 vobis
3330 3474 3516 3530 repro—

1949 3550 2146 3604 missus
2173 3558 2257 3604 est
2282 3549 2334 3603 in
2359 3546 2474 3617 lege
2496 3556 2551 3601 et
2581 3547 2876 3618 prophetis,
2907 3555 2961 3602 et
2988 3562 3147 3618 quem
3174 3564 3268 3605 vos
3296 3565 3521 3623 ex5pec-

1950 3628 2164 3703 tabatis,
2195 3636 2307 3706 jam
2331 3637 2494 3690 venit.
2524 3633 2644 3696 Iam
2670 3651 2768 3691 nos
2793 3637 3019 3691 redemit
3060 3638 3127 3692 de
3158 3637 3351 3708 laqueo
3378 3655 3523 3696 mor.

1950 3726 2020 3780 tis
2043 3744 2055 3779 :
2076 3734 2279 3780 tantum
2304 3725 2505 3779 credite
2532 3724 2585 3778 in
2614 3740 2758 3778 eum.
2784 3723 2849 3778 Et
2865 3740 2980 3790 vos,
2997 3725 3291 3797 ogentiles,
3314 3720 3521 3785 credite

1950 3818 2003 3873 in
2031 3832 2154 3871 eum
2178 3816 2268 3885 qui
2286 3813 2399 3884 jam
2428 3816 2589 3881 venit.
2616 3816 2718 3871 hoc
2743 3824 2824 3871 est
2856 3815 2909 3870 in
2941 3814 3142 3883 Jesum,
3173 3833 3331 3887 quem
3369 3820 3526 3876 vobis

1950 3906 2257 3976 repromisit
2280 3902 2446 3961 Iacob
2481 3905 2818 3976 patriarcha,
2852 3907 3035 3962 dicens
3067 3926 3080 3961 :
3121 3907 3232 3963 (Et
3269 3907 3383 3980 ipse
3419 3914 3526 3966 erit

1948 3997 2281 4068 exspectatio
2306 3997 2544 4065 gentium
2573 3993 2723 4068 (Gen.
2757 3995 2926 4069 xux).
2959 4016 2977 4049 ι

2024 4110 2044 4144 ι
2076 4090 2217 4145 Ecce
2238 4088 2497 4144 Dominus
2522 4087 2662 4142 Deus
2685 4087 2737 4142 in
2759 4085 3072 4150 fortitudine
3093 4090 3291 4158 veniet,
3320 4100 3376 4148 et
3397 4091 3524 4148 bra-

1949 4184 2130 4240 cbium
2154 4181 2270 4250 ejus
2298 4182 2679 4246 dominabitur,
2716 4199 2734 4232 ι
2768 4181 2820 4236 id
2849 4188 2933 4238 est
2961 4182 3219 4241 fortitudo
3237 4184 3373 4255 ejus.
3405 4186 3523 4245 Vox

1949 4274 2315 4346 apostolorum
2353 4275 2421 4328 de
2455 4275 2688 4330 secundo
2717 4273 2926 4329 Domini
2957 4277 3224 4332 adventu:
3250 4279 3389 4336 Ecce
3417 4281 3524 4351 (in-

1947 4363 2160 4435 quiunt)
2190 4363 2448 4419 Dominus
2478 4362 2620 4418 Deus
2646 4377 2806 4433 quem
2838 4365 3268 4433 contempsistis,
3292 4382 3326 4421 o
3353 4365 3524 4425 Judaei

1949 4461 2004 4509 et
2026 4462 2231 4525 gentes,
2253 4452 2554 4511 venient-em
2580 4450 2634 4505 in
2662 4450 2963 4506 humilitate
2981 4460 3036 4509 et
3062 4453 3116 4508 in
3148 4453 3319 4511 forma
3360 4460 3522 4522 servi,

1954 4543 2135 4599 veniet
2164 4543 2217 4596 in
2248 4541 2488 4613 potentia
2517 4540 2726 4613 judicii.
2778 4539 2927 4596 Sicut
2982 4542 3097 4611 ipse
3142 4543 3307 4599 dicit:
3341 4563 3359 4595 ‹
3391 4545 3522 4600 Cum

1954 4632 2164 4687 venerit
2182 4631 2350 4686 Filius
2373 4631 2604 4691 hominis
2625 4633 2677 4686 in
2692 4640 2954 4701 potestate
2971 4649 3160 4705 magna
3178 4643 3232 4690 et
3246 4635 3528 4706 majestate

1958 4724 2110 4798 (Luc.
2143 4724 2279 4797 xxx).
2312 4746 2330 4779 ι
2371 4745 2389 4777 ι
2418 4725 2555 4780 Ecce
2585 4740 2791 4780 merces
2819 4724 2934 4794 ejus
2972 4742 3094 4781 cum
3122 4742 3208 4792 eo,
3255 4747 3275 4782 υ
3312 4729 3414 4785 hoc
3442 4741 3529 4785 est

1957 4815 2241 4871 retributio
2274 4814 2533 4871 bonorum
2554 4855 2567 4879 ,
2595 4823 2651 4869 et
2685 4814 2956 4870 damnatio
2986 4818 3356 4884 reproborum.
3410 4836 3428 4870 ι
3458 4819 3527 4873 Et

1959 4919 2094 4974 opus
2127 4905 2269 4960 illius
2289 4920 2471 4960 coram
2505 4919 2590 4970 eo,
2631 4924 2649 4956 ι
2683 4903 2733 4958 id
2770 4913 2852 4960 est
2880 4905 3066 4974 judicii
3098 4916 3356 4976 potestas,
3387 4910 3527 4964 sicut

1957 4997 2071 5067 ipse
2104 4998 2240 5053 dixit
2270 5017 2281 5050 :
2315 5016 2333 5048 ε
2366 4998 2635 5052 Venturus
2669 5005 2752 5053 est
2794 5000 2936 5059 enim
2979 4998 3144 5052 Filius
3190 4999 3424 5056 hominis
3468 5001 3521 5055 in

1955 5088 2123 5161 gloria
2177 5087 2353 5142 Patris
2390 5087 2517 5153 sui,
2560 5096 2614 5142 et
2662 5088 2848 5143 reddet
2897 5087 3186 5158 unicuique
3230 5095 3523 5145 secundum

1954 5194 2117 5250 opera
2159 5194 2254 5235 sua
2294 5176 2506 5251 (Matth.
2553 5177 2685 5248 xvi).
2712 5197 2729 5230 ι
2784 5178 2850 5232 Et
2887 5178 3085 5232 iterum
3118 5194 3130 5228 :
3167 5197 3185 5229 ι
3212 5176 3372 5234 Pater
3415 5196 3524 5235 non

1949 5266 2155 5337 judicat
2192 5282 2539 5338 quemquam,
2578 5269 2671 5323 sed
2703 5282 2861 5323 omne
2900 5264 3163 5336 judicium
3203 5268 3349 5324 dedit
3387 5269 3526 5325 Filio

1960 5355 2142 5433 (Joan.
2174 5360 2249 5426 v).
2277 5379 2295 5410 ι

2034 5466 2054 5499 ‹
2083 5445 2233 5503 Sicut
2268 5456 2451 5518 pastor
2497 5448 2709 5519 gregem
2747 5462 2902 5505 suum
2936 5456 3137 5516 pascet.
3170 5467 3189 5500 ι
3234 5445 3351 5502 Vox
3401 5445 3529 5503 Pro-

1957 5540 2132 5609 pheta:
2168 5538 2234 5594 de
2263 5539 2437 5609 primo
2469 5538 2676 5591 Domini
2715 5537 2965 5591 adventu.
3015 5538 3140 5592 Aesi
3181 5538 3379 5592 diceret
3407 5537 3527 5592 aliis

1958 5634 2134 5688 verbis
2162 5652 2173 5686 :
2201 5632 2289 5687 Ille
2318 5633 2410 5702 qni
2436 5639 2619 5701 postea
2648 5629 2698 5682 in
2728 5629 3006 5699 majestate
3039 5637 3296 5683 venturus
3330 5635 3415 5682 est
3440 5628 3529 5693 ju-

1958 5727 2135 5781 ἀίξαι-ρ
2158 5726 2463 5780 miiversum
2489 5721 2670 5775 orbem
2704 5722 2753 5775 in
2790 5722 3058 5790 :eqnitatc,
3088 5722 3235 5791 prius
3266 5722 3442 5775 veniet
3469 5719 3525 5777 in
