4016 6474
496 383 598 439 9H

989 376 1342 432 "AYMONIS
1377 374 1853 431 HALBERSTAT.
1897 374 2108 429 EPISC.
2151 375 2300 432 OPP.
2343 378 2522 433 PARS
2561 379 2600 433 l.
2641 408 2710 420 -
2749 379 3101 436 COMMENT.
3139 382 3310 436 BIBL.

499 501 670 554 forma
708 496 958 568 pastoris,
994 495 1131 551 sicut
1170 497 1284 566 ipse
1321 495 1451 551 dicit
1478 512 1491 549 :
1529 514 1546 546 ι
1578 496 1688 566 Ego
1733 511 1851 550 sum
1893 504 2076 565 pastor
2103 499 2149 560 Α
2178 493 2349 549 Sicuti
2382 497 2589 551 modica
2624 495 2764 551 stilla
2793 512 2822 550 a
2855 497 3015 552 situla
3039 496 3293 551 decidens
3321 509 3349 548 a
3387 503 3643 563 portante
3670 513 3774 568 pro

496 599 669 649 lienus
694 592 875 663 (Joan.
911 592 987 660 χ).
1026 611 1044 643 ι
1098 591 1216 660 Ipse
1257 599 1340 646 est
1377 593 1520 646 enim
1555 600 1741 660 pastor
1776 591 1948 646 bonus
1984 591 2077 661 qui

495 701 641 740 nunc
688 684 850 738 faciat
895 682 1095 738 electos
1133 697 1260 737 suos
1296 697 1393 751 per
1437 684 1633 737 mentis
1669 680 2076 752 contemplatio-

494 792 619 831 nem
657 793 669 829 :
704 785 832 830 tunc
868 789 997 828 vero
1037 760 1255 841 satiabit
1288 771 1523 843 perfecta
1562 774 1800 839 visione,
1844 772 2078 842 primum

494 862 736 918 docendo
756 904 769 929 ,
798 870 919 932 post
948 861 1336 916 introducendo
1377 862 1444 915 ad
1478 862 1670 932 gaudia
1702 870 1923 917 aeterna.
1977 879 1994 912 ι
2018 860 2077 914 ln

493 954 717 1009 brachio
747 967 866 1017 suo,
896 972 914 1006 ι
947 952 1049 1006 hoc
1074 959 1178 1016 est,
1204 951 1255 1004 in
1288 950 1604 1006 fortitudine
1634 967 1731 1007 sua
1751 993 1765 1018 ,
1808 969 1826 1003 ι
1853 966 2079 1020 congre-

457 1060 461 1064 '
492 1048 640 1115 gahit
670 1058 856 1117 agnos,
890 1065 908 1097 ι
947 1047 1002 1100 id
1030 1055 1111 1101 est
1138 1039 1355 1117 colliget
1403 1046 1676 1116 simplices
1696 1086 1711 1111 ,
1741 1052 2075 1109 mansuetos,

491 1150 546 1195 et
581 1141 924 1207 innocentes,
955 1148 1009 1195 et
1040 1141 1252 1195 noviter
1280 1140 1345 1194 ad
1378 1139 1539 1194 fidem
1573 1155 1726 1194 suam
1755 1138 2071 1194 venientes:

491 1247 596 1286 non
620 1232 879 1300 superbos
909 1238 963 1284 et
992 1230 1242 1284 tumidos.
1264 1235 1305 1282 ‘i
1329 1229 1385 1283 ln
1415 1230 1535 1284 sinu
1573 1243 1692 1292 suo,
1726 1248 1743 1281 ι
1778 1228 1880 1282 hoc
1902 1236 1984 1282 est
2006 1212 2077 1311 in

491 1322 825 1391 protectione
862 1337 957 1377 sua
1003 1342 1019 1371 ι
1053 1322 1249 1376 levabit
1276 1341 1294 1373 ι
1337 1322 1591 1377 subaudis
1621 1320 1823 1376 electos
1854 1336 1978 1375 suos
2007 1319 2076 1375 ad

490 1411 762 1475 coelestia,
804 1411 895 1479 qui
937 1410 1298 1465 innocentiam
1339 1412 1463 1481 agni
1506 1410 1787 1465 imitantur
1820 1428 1832 1463 :
1868 1429 1885 1461 ‹
1914 1409 2084 1487 Ιῖθιτις,

491 1501 602 1569 ipse
632 1500 886 1569 portabit.
921 1518 940 1551 ι
994 1498 1098 1554 Per
1125 1499 1262 1553 fetas
1288 1514 1435 1564 oves,
1464 1513 1746 1570 possumus
1776 1497 2075 1568 intelligere

490 1590 761 1659 apostolos
796 1601 851 1644 et
883 1590 1206 1659 apostolicos
1250 1589 1412 1654 viros,
1458 1589 1550 1658 qui
1588 1588 1895 1658 spirituales
1933 1586 2073 1643 filios

489 1679 730 1747 quotidie
761 1679 814 1733 in
841 1679 1081 1734 Ecclesia
1096 1679 1313 1749 pariunt
1336 1695 1431 1733 sua
1459 1678 1858 1747 prredic'atione,
1889 1669 2086 1733 exem-'

486 1770 588 1839 plis
616 1778 671 1825 et
699 1770 991 1834 miraculis,
1021 1780 1075 1824 et
1102 1768 1276 1826 adhuc
1306 1770 1615 1841 parturiunt
1650 1770 1875 1826 salutem
1900 1770 2070 1840 pluri-

2181 585 2351 640 nihilo
2378 586 2610 651 ducitur,
2659 605 2678 638 ι
2704 595 2759 642 et
2788 587 2929 642 sicut
2956 594 3285 642 momentum
3320 594 3534 640 staterae
3563 605 3589 638 ι
3624 588 3775 656 quod

2178 675 2282 731 levi
2306 677 2541 747 pondere
2567 678 2621 732 in
2653 677 2812 732 aliam
2843 687 3053 747 partem
3089 677 3389 732 declinatur
3416 696 3430 731 :
3464 677 3548 732 sic
3578 692 3774 735 omnes

2179 779 2366 841 gentes
2392 772 2679 826 aeternitati
2711 772 2805 827 Dei
2851 783 3175 842 comparata:
3213 787 3314 842 pro
3341 771 3510 828 nihilo
3554 792 3575 824 ι
3608 788 3773 845 repu-

2178 869 2380 915 tantur.
2412 881 2430 913 i
2483 861 2808 917 Momentum
2836 878 2867 917 a
2895 872 3040 917 motu
3064 863 3280 918 dicitur.
3320 863 3416 918 Est
3441 872 3633 919 autem
3656 881 3770 920 mo-

2176 958 2417 1005 mentum
2439 952 2660 1006 minima
2690 953 2968 1008 inclinatio
2992 953 3163 1018 librze,
3189 961 3245 1007 et
3263 953 3552 1009 celerrima
3583 954 3640 1007 in
3669 955 3770 1009 ali-

2176 1054 2337 1114 quam
2370 1055 2601 1116 partem,
2631 1060 2749 1115 qua:
2775 1046 2833 1099 tit
2859 1062 2924 1100 ex
2951 1061 3119 1114 parvo
3145 1044 3403 1114 pondere.
3460 1064 3479 1095 ι
3509 1045 3662 1101 Ecce
3688 1046 3769 1101 in-

2176 1131 2305 1187 sula:
2339 1152 2356 1185 i
2392 1135 2633 1187 omnium
2679 1143 2944 1188 terrarum
2988 1149 3107 1203 quae
3146 1135 3200 1188 in
3244 1133 3565 1189 ﬂuminibus
3605 1145 3765 1204 sunt,

2174 1224 2259 1278 vel
2285 1240 2472 1280 omnes
2494 1234 2701 1296 gentes,
2733 1236 2789 1280 ut
2812 1242 2909 1295 per
2932 1227 3133 1281 insulas
3163 1235 3351 1298 gentes
3374 1227 3762 1297 intelligamus,

2181 1328 2201 1365 ‹
2228 1315 2382 1383 quasi
2423 1315 2596 1384 pulvis
2633 1315 2859 1385 exiguus
2884 1335 2902 1366 ι
2948 1318 3351 1385 comparatione
3398 1317 3520 1379 Dei,
3575 1320 3670 1389 qui
3712 1321 3763 1376 in

2176 1402 2328 1456 radio
2352 1402 2480 1458 solis
2499 1403 2731 1470 videtur,
2764 1412 2818 1459 et
2841 1404 3019 1474 potius
3047 1405 3277 1460 sentitur
3310 1406 3367 1460 in
3398 1404 3586 1463 oculis
3611 1423 3761 1479 quam

2175 1493 2440 1549 videatur.

2251 1602 2270 1635 ‹
2301 1585 2368 1638 Ει
2409 1583 2647 1641 Libanus
2679 1602 2786 1641 non
2822 1585 3045 1644 sulliciet
3086 1586 3154 1641 ad
3195 1589 3669 1654 suecendendum,
3713 1602 3761 1646 et

2173 1672 2426 1727 animalia
2464 1672 2579 1741 ej‘us
2615 1674 2681 1728 ad
2719 1674 3112 1729 holocaustum.
3140 1694 3160 1726 ›
3205 1675 3276 1731 Ut
3317 1685 3541 1732 revocet
3585 1686 3758 1748 gentes

2173 1766 2242 1820 ab
2280 1765 2580 1820 idololatria
2607 1806 2623 1831 ,
2673 1766 2795 1822 ideo
2838 1767 2966 1821 talia
3005 1768 3263 1837 loquitur.
3314 1768 3571 1824 Libanus
3618 1786 3756 1826 mons

489 1877 725 1928 morum,
761 1871 815 1916 et
846 1862 1032 1916 dicunt
1063 1868 1183 1916 cum
1210 1860 1467 1931 Apostolo
1500 1882 1512 1915 :
1548 1880 1565 1912 ι
1596 1860 1768 1916 Filioli
1803 1862 1908 1917 mei
1934 1877 2071 1930 quos
2101 1870 2145 1930 Β
2173 1865 2258 1911 est
2285 1858 2435 1911 mira:
2466 1857 2869 1927 magnitudinis,
2900 1858 3187 1915 uberrimis
3210 1862 3425 1930 pascuis
3447 1862 3748 1918 abundans-

484 1953 681 2005 iterum
709 1952 951 2021 parturio
974 1950 1117 2023 (Gal.
1153 1952 1250 2022 ιν).
1285 1968 1304 2004 ι
1344 1952 1411 2006 Et
1448 1952 1639 2006 iterum
1675 1971 1688 2005 :
1720 1969 1737 2002 ι
1769 1950 1870 2007 Per
1895 1951 2071 2006 Evan-

482 2040 700 2112 gelium,
731 2042 926 2121 inquit,
959 2056 1059 2111 ego
1088 2056 1184 2096 vos
1210 2042 1370 2110 genui
1406 2041 1456 2112 (Ι
1485 2040 1609 2095 Cor.
1643 2046 1740 2113 iv).
1776 2062 1793 2093 ι
1922 2106 1925 2109 ν

560 2150 577 2184 ι
606 2133 737 2199 Quis
770 2149 991 2189 mensus
1019 2144 1103 2188 est
1130 2133 1329 2204 pugillo
1361 2149 1551 2203 aquas,
1592 2143 1646 2189 et
1688 2134 1857 2189 caelos
1893 2134 2071 2204 palmo

480 2223 841 2291 ponderavit?
868 2243 887 2275 ι
959 2223 1226 2293 Pugillum
1281 2224 1576 2279 Contractis
1615 2225 1796 2296 digitis
1832 2241 2072 2297 pugnum

482 2316 732 2371 dicimus.
803 2314 1021 2371 Palmus
1064 2324 1245 2371 autem
1292 2325 1377 2371 est
1423 2320 1643 2371 extenta
1691 2334 1883 2374 manus
1911 2358 1927 2385 ,
1974 2333 2073 2389 per

484 2419 853 2464 transversum
897 2420 928 2463 a
970 2397 1279 2463 summitate
1323 2408 1551 2479 pollicis,
1600 2425 1771 2480 usque
1812 2411 1879 2465 ad
1929 2426 2071 2466 sum-

481 2502 724 2557 mitatem
785 2500 993 2556 min‘imi
1058 2499 1234 2571 digiti.
1298 2500 1562 2556 Praedicta
1617 2509 1703 2556 est
1761 2501 1923 2572 igitur
1974 2517 2068 2556 su-

480 2608 577 2660 pra
632 2593 846 2648 vocatio
892 2593 1132 2663 gentium
1160 2633 1174 2657 ,
1226 2592 1281 2646 et
1328 2593 1611 2649 retributio
1657 2608 1863 2648 earum.
1915 2592 2071 2650 Nunc

480 2698 642 2747 vero,
686 2697 757 2737 ne
807 2683 1004 2752 aliquis
1053 2681 1317 2739 diliideret
1367 2685 1433 2739 de
1484 2686 1764 2742 vocatione
1813 2682 2066 2752 illarum,

480 2774 565 2828 his
613 2768 1157 2844 verbis'magnitudo
1211 2774 1455 2829 vocantis
1509 2776 1855 2846 eiprimitur.
1913 2768 2069 2843 Quod

482 2873 662 2919 autem
725 2863 959 2936 pugillus
1023 2864 1250 2920 Domino
1318 2864 1671 2935 omnipotenti
1735 2875 1790 2920 et
1859 2867 2069 2935 palmus

484 2953 810 3018 ascribitur,
867 2970 975 3009 non
1042 2963 1125 3009 est
1180 2954 1580 3025 intelligendum
1636 2958 1777 3025 quod
1834 2957 1923 3012 ille
1976 2944 2068 3027 qui

481 3041 710 3109 spiritus
752 3050 839 3095 est
882 3042 1118 3095 humana
1174 3041 1371 3096 habeat
1426 3040 1596 3096 ollicia
1648 3046 2012 3099 membrorum
2051 3045 2069 3099 Ξ

480 3131 579 3187 sed
617 3131 862 3201 quaedam
905 3140 986 3187 est
1034 3131 1329 3186 similitudo
1366 3170 1381 3196 ,
1418 3131 1485 3185 ad
1522 3131 1925 3200 exprimendam
1974 3148 2069 3204 po-‘

2170 1946 2323 2016 cujus
2351 1948 2493 2019 ligna
2524 1949 2703 2004 omnia
2736 1958 2793 2003 et
2821 1964 3015 2018 pecora
3046 1950 3123 2004 ibi
3154 1952 3448 2020 pascentia,
3490 1968 3608 2007 non
3641 1955 3752 2009 satis

2171 2054 2289 2094 esse
2328 2048 2533 2109 queunt
2579 2039 2800 2107 Domini
2846 2040 3150 2096 sacrificiis.
3209 2041 3277 2096 Et
3334 2051 3419 2097 est
3468 2042 3748 2099 similitudo

2168 2132 2433 2201 quaedam.
2483 2132 2609 2186 Acsi
2640 2132 2848 2187 diceret
2895 2132 3017 2187 aliis
3045 2133 3225 2188 verbis
3251 2147 3266 2186 :
3294 2133 3475 2187 Etiam
3503 2135 3554 2189 si
3589 2137 3748 2190 omnia

2170 2220 2425 2275 animalia
2468 2222 2876 2278 immolaveritis
2902 2262 2916 2289 ,
2962 2231 3019 2278 et
3066 2224 3209 2295 ligna
3258 2225 3651 2281 succenderitis
3683 2227 3745 2282 ad

2169 2311 2532 2367 Comburenda
2572 2312 2886 2368 holocausta
2910 2353 2926 2379 ,
2979 2329 3085 2369 non
3129 2312 3399 2371 sutIieient
3447 2316 3519 2372 ad
3545 2312 3737 2388 placau-

2169 2400 2295 2455 dam
2325 2411 2486 2456 tanta:
2517 2400 2818 2470 majestatis
2850 2405 3170 2473 potentiam.

2196 2502 2203 2507 '
2245 2507 2264 2540 ι
2295 2488 2495 2545 Omnes
2523 2501 2712 2561 gentes
2736 2531 2752 2557 ,
2782 2511 2801 2543 ι
2828 2493 3084 2549 subaudis
3116 2509 3235 2563 qum
3278 2495 3383 2550 sub
3426 2496 3558 2553 calo
3595 2505 3718 2560 sunt.

2175 2582 2371 2652 «quasi
2405 2598 2513 2637 non
2544 2584 2685 2648 sint,
2715 2586 2793 2640 sic
2821 2594 2946 2640 sunt
2979 2601 3162 2641 coram
3206 2602 3303 2653 eo,
3339 2607 3360 2642 ι
3395 2589 3507 2646 hoc
3544 2598 3645 2656 est,
3677 2589 3733 2643 in

2169 2675 2574 2743 cornparatione
2599 2674 2743 2729 illius
2771 2675 2862 2744 qui
2888 2676 3070 2730 omnia
3101 2677 3308 2747 implet.

2249 2774 2269 2815 t
2301 2763 2401 2819 Cui
2424 2779 2554 2834 ergo
2582 2765 2811 2820 similem
2841 2764 3046 2821 fecistis
3084 2768 3252 2821 Deum
3278 2788 3295 2820 ι
3338 2769 3539 2833 vivum,
3566 2784 3600 2825 o
3624 2784 3738 2840 gen"-

2170 2852 2311 2919 tiles,
2341 2869 2409 2908 ex
2434 2856 2683 2909 omnibus
2711 2855 3015 2911 simulacris
3039 2857 3388 2925 manufactis,
3428 2879 3449 2911 σ
3478 2869 3569 2914 aut
3590 2844 3739 2931 quatit

2169 2945 2457 3015 imaginem
2488 2946 2702 3016 ponetis
2721 2947 2772 3001 ei
2798 2966 2816 2999 ι
2856 2961 2920 3001 ex
2962 2947 3212 3003 omnibus
3257 2949 3361 3004 diis
3405 2951 3614 3016 vestris,
3651 2950 3735 3019 qui

2170 3036 2391 3105 spiritus
2435 3045 2518 3091 est
2542 3036 2566 3089 ?

2247 3143 2264 3175 ι
2294 3122 2545 3195 Nunquid
2592 3124 2837 3195 Sculptile
2890 3126 3141 3183 conﬂavit
3188 3127 3379 3185 faber?
3405 3140 3495 3186 aut
3534 3130 3731 3186 aurifex

482 3222 665 3277 tentia:
702 3221 820 3292 ejus
859 3222 1300 3294 magnitudinem.
1338 3221 1468 3290 Quis
1502 3224 1643 3278 enim
1681 3225 1859 3279 metiri
1890 3214 2136 3307 potestC
2167 3215 2419 3287 ﬁguravit
2450 3214 2597 3273 'illud
2626 3237 2645 3270 ι
2704 3217 3050 3273 simulacrum
3088 3234 3256 3286 auro,
3289 3229 3346 3274 ut
3371 3221 3529 3290 possit
3554 3222 3727 3275 simile

479 3322 667 3369 omnes
703 3328 891 3383 aquas,
933 3322 1027 3368 aut
1064 3315 1116 3366 in
1152 3314 1388 3383 pondere
1415 3313 1608 3368 cmlum
1641 3323 1946 3385 terramque
1975 3331 2066 3371 rea

480 3404 711 3475 digere?
759 3403 948 3459 Nullus
997 3404 1099 3459 nisi
1140 3404 1186 3458 is
1220 3404 1311 3474 qui
1354 3418 1421 3459 ex
1469 3405 1637 3458 nihilo
1686 3406 1865 3459 omnia
1914 3404 2061 3459 fecit.

485 3512 505 3545 ι
543 3492 676 3560 Quis
722 3493 977 3563 appendit
1028 3493 1201 3547 tribus
1238 3492 1422 3564 digitis
1465 3493 1661 3547 molem
1719 3502 1877 3548 terrm
1906 3534 1920 3559 ,
1950 3514 1968 3546 ι
2011 3494 2064 3547 id

479 3592 566 3639 est
600 3586 743 3655 quis
770 3584 1048 3656 su5pendit
1099 3576 1298 3638 terram
1336 3598 1499 3652 super
1535 3584 1792 3650 nihilum,
1834 3584 1935 3639 nisi
1972 3600 2066 3653 po-

480 3680 650 3728 testas
690 3672 992 3739 Trinitatis,
1040 3673 1203 3727 Pater
1240 3681 1293 3729 et
1331 3673 1498 3728 Filius
1550 3683 1605 3729 et
1655 3673 1888 3744 Spiritus
1936 3691 2063 3729 sau-

482 3765 646 3820 ctus?
699 3783 718 3817 ‹
761 3765 829 3820 Et
863 3766 983 3836 quis
1021 3765 1282 3828 libravit,
1310 3782 1331 3816 ι
1382 3765 1432 3819 id
1478 3774 1561 3819 est
1608 3766 1886 3834 suspendit
1942 3784 1960 3816 ι
2011 3766 2064 3818 in

479 3854 717 3923 pondere
760 3864 1013 3920 montes,
1055 3863 1109 3909 et
1164 3853 1329 3910 colles
1366 3854 1419 3909 in
1457 3862 1690 3920 statera,
1743 3875 1760 3906 ›
1803 3855 1855 3908 id
1892 3864 1975 3910 est
2010 3856 2063 3910 in

480 3944 693 4014 pondus
740 3946 948 4016 redegit
967 3946 989 3999 ?

555 4053 575 4086 ε
605 4035 736 4101 Quis
785 4036 988 4105 adjuvit
1036 4036 1287 4105 spiritum
1338 4035 1585 4100 Domini,
1617 4054 1635 4086 ι
1690 4036 1742 4089 in
1794 4036 2066 4091 creatione

480 4123 696 4178 scilicet
746 4124 923 4177 omnis
974 4132 1235 4177 creaturae
1266 4163 1280 4187 ,
1332 4138 1452 4192 qua:
1490 4124 1629 4177 trina
1670 4121 1950 4191 majestate
1983 4132 2067 4178 est

481 4216 667 4271 facta?
722 4213 932 4270 Nullus.
984 4214 1076 4269 ille
1113 4214 1257 4284 enim
1298 4216 1387 4286 qui
1425 4214 1515 4270 dat
1550 4214 1921 4271 fortitudinem
1961 4215 2063 4269 fel-

481 4307 588 4373 lis,
641 4303 840 4360 nullius
892 4305 1098 4376 indiget
1145 4305 1366 4359 auxilio.
1424 4324 1441 4356 ς
1488 4305 1597 4359 Aut
1643 4305 1764 4374 quis
1808 4305 2062 4361 consilia;

482 4399 596 4453 rius
629 4397 746 4469 ejus
779 4397 879 4452 fuit
924 4396 1073 4469 (Sap.
1107 4413 1192 4461 ix;
1228 4396 1379 4451 Rom.
1434 4397 1535 4469 XI),
1564 4418 1583 4450 ι
1628 4398 1682 4454 id
1717 4408 1800 4453 est
1837 4398 2063 4469 Spiritui

480 4497 693 4555 sancto,
720 4507 757 4564 ¹ι
789 4497 845 4543 et
883 4489 1119 4544 ostendit
1154 4489 1258 4552 illi,
1307 4507 1325 4540 ι
1365 4489 1619 4545 subaudis
1661 4489 1790 4561 quid
1837 4493 2063 4561 ageret?

2163 3316 2285 3360 esse
2329 3305 2439 3359 Deo
2481 3306 2573 3375 qui
2611 3305 2810 3375 ubique
2848 3307 2975 3361 est?
3022 3307 3152 3363 Acsi
3201 3309 3387 3365 diceret
3432 3307 3716 3377 :Nunquid

2163 3395 2455 3465 seulpendo
2496 3394 2625 3451 fecit
2664 3412 2788 3453 eum
2817 3398 3031 3468 aliquis,
3072 3409 3126 3454 et
3158 3414 3267 3455 non
3301 3402 3410 3471 ipse
3437 3402 3528 3469 qui
3550 3402 3724 3455 omnia

2164 3484 2292 3541 fecit
2315 3502 2345 3540 a
2373 3487 2589 3541 nemine
2617 3496 2701 3542 est
2726 3487 2900 3543 factus
2923 3490 2950 3543 ’ἶ
2981 3489 3108 3545 Haec
3133 3506 3235 3546 vox
3270 3492 3366 3546 Dei
3407 3492 3731 3562 omnipotem

2167 3573 2234 3628 tis
2270 3574 2552 3630 stultitiam
2582 3577 2821 3646 gentium
2858 3578 3157 3650 redarguit,
3185 3585 3247 3634 ut
3281 3580 3536 3637 recedant
3567 3597 3599 3636 a
3633 3589 3739 3637 cut-

2166 3667 2288 3718 tura
2321 3665 2755 3721 simulacrorum.

2239 3777 2257 3808 ι
2303 3757 2464 3812 Forte
2492 3757 2719 3829 lignum,
2750 3778 2769 3812 ι
2805 3759 2859 3815 id
2888 3769 2973 3816 est
3014 3740 3259 3819 durabile
3300 3783 3321 3817 ι
3354 3764 3523 3836 elegit
3559 3764 3740 3821 artifex

2163 3849 2377 3919 sapiens
2404 3869 2422 3901 ›
2454 3858 2513 3903 ιιι
2537 3849 2701 3904 faciat
2724 3850 2849 3907 inde
2875 3852 3034 3907 deum
3060 3866 3237 3909 suum.
3275 3855 3356 3909 Ex
3382 3856 3551 3928 lignis
3583 3858 3740 3927 impu«

2165 3939 2450 4006 tribilibus,
2479 3949 2534 3995 et
2559 3955 2628 3996 ex
2655 3956 2809 4008 auro,
2827 3950 2882 3997 et
2905 3954 3150 4013 argento,
3166 3940 3395 4016 aliisque
3424 3947 3653 4002 metallis
3672 3946 3741 4001 fa-

2163 4030 2380 4086 ciebant
2413 4033 2619 4102 antiqui
2647 4033 2956 4099 simulacra,
2976 4036 3048 4090 ‘ut
3071 4035 3228 4107 longa
3256 4044 3355 4107 per
3383 4046 3630 4108 tempora
3656 4039 3743 4093 du-

2163 4138 2286 4179 rare
2311 4133 2550 4194 possent.
2582 4124 2679 4181 His
2706 4127 2885 4183 verbis
2909 4130 3233 4196 ostenditur,
3264 4131 3409 4201 quod
3431 4131 3641 4186 nullum
3668 4146 3742 4185 ro-

2161 4217 2265 4273 bur
2294 4219 2367 4273 sit
2399 4219 2455 4274 in
2494 4220 2652 4276 idolis
2679 4222 2746 4277 ad
2780 4214 2877 4277 Dei
2904 4214 3389 4294 comparationem.

2238 4327 2257 4360 ‹
2286 4310 2537 4382 Nunquid
2562 4329 2671 4369 non
2694 4314 2864 4379 scitis,
2887 4334 2905 4366 ι
2933 4329 2967 4369 o
2990 4325 3196 4387 gentes,
3218 4334 3314 4388 per
3339 4319 3650 4374 naturalem
3677 4318 3741 4372 le-

2162 4414 2314 4471 gem,
2336 4409 2391 4457 ct
2427 4403 2808 4473 cognitionem,
2837 4414 3210 4462 creaturarum
3242 4423 3329 4462 me
3361 4417 3656 4474 aeternum,
3695 4416 3741 4463 et

2162 4493 2365 4549 idolum
2404 4495 2538 4550 nihil
2563 4498 2728 4552 esse?
2773 4516 2792 4549 ι
2821 4497 3074 4569 Nunquid
3110 4515 3218 4555 non
3252 4500 3481 4556 audistis
3507 4520 3535 4553 ι
3586 4501 3738 4569 legem

480 4578 670 4635 Nullus
707 4580 811 4635 nisi
851 4579 1011 4633 Pater
1044 4588 1099 4634 et
1138 4577 1304 4633 Filius
1330 4618 1345 4644 ,
1387 4593 1615 4649 quorum
1650 4596 1757 4634 una
1793 4592 1875 4636 est
1911 4591 2062 4650 pote—
2088 4572 2138 4630 D
2164 4599 2284 4653 qum
2313 4599 2410 4656 per
2438 4585 2621 4642 Mosen
2652 4585 2775 4644 data
2813 4591 2938 4645 est?
2984 4611 3002 4643 ι
3024 4591 3277 4662 Nunquid
3310 4607 3420 4647 non
3456 4594 3741 4648 annuntia-

482 4678 622 4735 stas,
659 4669 1036 4740 inseparabilis
1071 4668 1253 4725 Deitas
1296 4687 1309 4723 :
1344 4679 1399 4724 et
1431 4670 1521 4739 qui
1559 4678 1670 4725 tres
1708 4671 1761 4725 in
1796 4673 2059 4741 personis,

480 4775 648 4815 unum
679 4768 806 4815 sunt
840 4761 895 4814 in
935 4760 1163 4815 Deitate‘.
1202 4759 1557 4815 Consiliarius
1581 4770 1666 4816 est
1694 4761 1915 4830 Spiritui
1945 4779 2062 4817 san-

480 4859 590 4917 cto,
628 4851 720 4920 qui
757 4850 832 4905 illi
870 4851 963 4905 dat
996 4851 1210 4907 salubre
1247 4851 1531 4906 consilium
1556 4892 1571 4917 ,
1612 4852 1666 4906 in
1706 4867 1812 4922 quo
1856 4853 2061 4908 habitat

478 4943 622 5008 idem
655 4942 889 5012 Spiritus
928 4952 1170 4998 sanctus.

557 5051 574 5083 ι
603 5030 737 5086 Cum
777 5047 883 5103 quo
912 5033 1032 5088 iniit
1062 5032 1348 5088 consilium
1387 5053 1405 5087 ι
1443 5033 1533 5089 ille
1565 5033 1798 5103 Spiritus
1840 5044 2059 5091 sanctus

478 5122 711 5193 qualiter
737 5123 951 5192 operari
996 5123 1288 5188 debuisset,
1337 5142 1355 5175 ι
1385 5134 1440 5178 et
1486 5124 1744 5179 instruxit
1780 5133 1836 5180 et
1879 5125 2060 5180 docuit

479 5226 604 5267 eum
632 5211 881 5268 semitam
913 5212 1156 5283 iustitiae,
1198 5232 1217 5265 ι
1247 5211 1300 5267 id
1338 5221 1420 5267 est
1450 5214 1826 5269 rcctitudinem
1864 5222 2061 5284 Opera--

482 5301 665 5367 tionis,
695 5320 715 5353 ‹
744 5308 798 5356 et
825 5302 1058 5356 erudivit
1083 5317 1207 5361 eum
1236 5302 1481 5368 scientia,
1508 5311 1562 5358 et
1591 5304 1729 5358 viam
1764 5304 2060 5374 prudentia:

480 5392 716 5447 ostendit
753 5391 831 5446 illi
860 5392 923 5445 ξ’»
966 5391 1172 5447 Nullus.
1211 5391 1503 5448 Prudentia
1537 5403 1622 5450 est
1653 5395 1708 5448 in
1745 5395 2059 5463 appetendis

481 5483 655 5550 benis,
686 5491 742 5540 et
765 5484 1000 5540 vitandis
1029 5485 1205 5540 malis.

558 5591 577 5624 ι
609 5572 746 5630 Ecce
786 5582 972 5646 gentes
999 5594 1018 5627 ι
1072 5576 1214 5631 idola
1256 5578 1513 5643 colentes,
1552 5577 1636 5632 vel
1677 5591 1837 5634 omne
1874 5580 2062 5635 huma-

484 5681 611 5722 num
643 5681 813 5738 genus
840 5668 903 5722 ad
933 5669 1391 5739 comparationem
1420 5671 1545 5737 Dei,
1582 5689 1600 5723 ι
1628 5671 1782 5741 quasi
1819 5671 1959 5726 stilla
1992 5673 2063 5727 si-

485 5759 647 5815 tutan
701 5771 753 5819 et
794 5761 947 5832 quasi
983 5770 1316 5821 momentum
1355 5772 1568 5822 statera:
1615 5774 1874 5838 reputatae
1918 5774 2063 5825 sunt.

2164 4683 2277 4729 tum
2309 4682 2391 4730 est
2418 4696 2438 4727 ι
2469 4676 2537 4731 ab
2565 4673 2903 4747 initio—vobis
2938 4680 2989 4735 in
3025 4671 3164 4736 libro
3193 4680 3419 4737 Genesis
3447 4684 3635 4752 capite
3660 4682 3742 4736 de-

2162 4765 2304 4820 cimo
2325 4766 2573 4835 septimo,
2595 4769 2739 4836 quod
2759 4784 2859 4840 ego
2880 4785 3001 4824 sum
3021 4771 3161 4826 Deus
3181 4771 3327 4826 solus
3351 4771 3505 4825 vivus
3520 4771 3552 4826 ?
3578 4790 3598 4822 ε
3621 4770 3746 4825 Nun-

2162 4857 2291 4926 quid
2322 4874 2429 4914 non
2461 4859 2798 4918 intellexistis
2833 4862 3193 4918 fundamenta
3226 4872 3413 4929 terrm,
3439 4882 3459 4916 ι
3492 4863 3747 4921 subaudis

2162 4947 2287 5015 quia
2313 4962 2475 5016 super
2502 4957 2662 5005 tenue
2694 4950 3019 5007 elementum
3051 4952 3272 5008 fundata
3296 4953 3465 5008 sunt?

2239 5053 2257 5086 ι
2283 5035 2383 5102 Qui
2414 5036 2594 5103 sedet,
2636 5058 2655 5091 ι
2690 5039 2745 5094 id
2772 5050 2855 5096 est
2894 5043 2984 5110 qui
3008 5042 3216 5096 habitat
3249 5037 3286 5093 ι’
3311 5057 3476 5111 super
3502 5059 3696 5115 gyrum
3723 5061 3741 5094 ι

2166 5126 2269 5181 hoc
2310 5134 2394 5180 est
2441 5142 2602 5196 super
2638 5130 2922 5186 circuitum
2957 5150 2976 5183 ‹
3010 5142 3066 5187 et
3095 5133 3431 5188 habitatores
3469 5134 3614 5202 ejus,
3653 5152 3671 5186 ι
3699 5132 3747 5187 id

2164 5227 2249 5273 est
2288 5226 2473 5283 terrai,
2521 5230 2645 5275 sunt
2681 5221 2749 5277 ad
2785 5222 2900 5292 ejus
2938 5214 3392 5294 comparationem
3429 5226 3549 5280 sive
3596 5238 3748 5294 ange-

2166 5312 2341 5366 lorum
2392 5331 2411 5363 ι
2439 5314 2593 5382 quasi
2628 5314 2866 5372 locusta).
2904 5335 2924 5368 ι
2979 5310 3395 5372 Consideremus
3433 5318 3506 5373 ab
3544 5317 3748 5373 oriente

2167 5419 2337 5472 usque
2366 5404 2432 5458 ad
2459 5404 2818 5470 occidentem,
2850 5416 2954 5461 eta
2983 5408 3209 5463 meridie
3237 5423 3406 5480 usque
3431 5409 3505 5465 ad
3532 5416 3747 5479 septen-

2165 5495 2416 5561 trionem,
2449 5497 2630 5551 omnia
2654 5502 2853 5567 geuera
2881 5499 3161 5553 hominum
3203 5500 3344 5553 inter
3382 5501 3501 5554 hinc
3529 5500 3750 5554 climata

2169 5586 2467 5640 habitantia
2501 5604 2513 5639 :
2550 5594 2607 5641 et
2658 5587 2959 5643 videbimus
2993 5590 3152 5660 quia,
3184 5590 3250 5643 ad
3279 5591 3751 5660 comparationem

2168 5676 2296 5742 Dei,
2348 5677 2437 5745 qui
2485 5678 2666 5732 omnia
2710 5678 2892 5748 implet
2923 5690 2977 5734 et
3020 5681 3218 5752 ubique
3259 5688 3375 5743 est,
3408 5672 3580 5751 parva
3629 5685 3752 5733 sunt

2169 5776 2224 5824 et
2275 5767 2503 5824 modica.
2545 5767 2695 5837 «Qui
2744 5771 2985 5829 extendit
3027 5765 3452 5830 velut’nihilum
3495 5768 3701 5834 emlos.
3729 5785 3747 5818 ι
