4016 6500
325 497 431 558 913

1347 489 1701 550 causam.
1744 487 1809 546 IN
1849 456 2100 546 ιεΑιΑιι.
2139 517 2211 529 -
2248 486 2374 543 un.
2415 483 2502 543 n..

3489 478 3595 535 οη

322 612 582 670 subaudis
605 610 1006 679 subtilissimas,
1037 620 1093 667 et
1129 611 1495 676 tenuissimos,
1517 609 1657 664 sicut
1687 607 1913 670 fumum,
1942 607 1991 664 A
2021 605 2122 659 hoc
2159 605 2484 674 prtedicebat
2508 600 2794 670 Propheta.
2837 598 3096 654 Dicebant
3135 595 3277 653 enim
3307 608 3323 649 :
3354 595 3597 653 Abscon-

320 712 353 756 ἐ
379 711 437 758 et
471 702 730 773 expandit
769 716 863 758 eos
888 702 1028 758 sicut
1067 700 1472 757 tabernaculum
1505 699 1574 753 ad
1612 697 1918 753 inhabitan-

322 791 476 849 dum.
502 812 521 846 ι
550 792 643 848 Sic
662 800 788 847 sunt
817 792 940 848 caeli
957 810 987 847 a
1013 793 1125 849 Deo
1151 793 1349 863 parati,
1378 800 1441 847 ut
1461 792 1691 861 desuper
1711 788 1918 844 habitet

322 881 616 938 multitudo
652 883 967 953 angelorum
1002 891 1057 939 et
1085 885 1363 939 hominum
1406 882 1699 937 electorum
1733 896 1747 931 :
1790 876 1917 932 sub-

322 965 415 1027 lus
436 986 566 1027 vero
587 972 872 1028 multitudo
899 974 1173 1028 hominum
1200 1014 1214 1038 ,
1242 972 1397 1043 quasi
1422 971 1522 1027 sub
1549 956 1912 1025 tabernaculo.

400 1080 421 1117 ι
449 1064 552 1131 Qui
577 1066 670 1120 dat
699 1073 1035 1120 secretorum
1063 1074 1398 1121 scrutatores
1436 1062 1591 1133 quasi
1632 1076 1740 1127 non
1784 1059 1912 1124 sint,

321 1154 537 1227 iudices
565 1164 727 1212 terrae
751 1157 900 1212 velut
925 1157 1085 1211 inane
1114 1156 1261 1213 fecit.
1296 1176 1315 1209 ›
1366 1155 1709 1221 Scrutatores
1736 1166 1914 1207 secre-

324 1256 504 1304 torum
542 1257 701 1305 vocat
735 1249 1106 1321 philosophos,
1143 1250 1234 1320 qui
1276 1248 1502 1314 scrutati
1545 1254 1671 1313 sunt
1708 1253 1911 1301 statum

322 1336 450 1394 vitae
473 1325 776 1409 praesentis,
802 1349 1023 1395 naturas
1043 1324 1353 1405 animalium
1369 1331 1429 1395 et
1453 1339 1729 1403 arborum,
1755 1345 1911 1391 terra:

325 1418 620 1502 marisque.
653 1431 870 1489 Judices
894 1448 1025 1505 vero
1052 1443 1234 1499 terrae,
1258 1449 1415 1505 reges
1440 1439 1496 1487 et
1522 1430 1795 1503 principes
1818 1429 1913 1483 hu-

317 1521 409 1591 jus
437 1522 620 1578 surculi
653 1523 1020 1594 intelliguntur
1047 1538 1062 1577 :
1089 1539 1226 1594 quos
1254 1538 1443 1587 omnes
1467 1522 1533 1577 ad
1559 1519 1786 1585 nihilum
1824 1533 1910 1577 re-

324 1610 477 1682 digit.
535 1612 644 1667 Ubi.
672 1622 755 1668 est
800 1613 889 1668 illa
932 1596 1221 1668 multitudo
1258 1611 1628 1675 Hebraeorum,
1660 1624 1781 1679 quae
1807 1607 1909 1663 fuit

322 1703 380 1757 in
400 1705 626 1760 eremo?
675 1705 777 1761 Ubi
799 1713 924 1760 sunt
951 1712 1031 1759 tot
1052 1718 1227 1772 reges,
1252 1704 1343 1773 qui
1371 1702 1590 1769 fuerunt
1610 1717 1733 1756 cum
1755 1715 1909 1756 exer-

321 1796 520 1852 citibus
538 1798 655 1852 suis
680 1812 709 1850 a
734 1798 1031 1866 primordio
1052 1796 1234 1861 mundi
1256 1812 1425 1868 usque
1450 1796 1628 1852 nunc?
1664 1794 1755 1850 Sic
1780 1801 1908 1851 sunt

321 1886 479 1955 quasi
517 1902 625 1943 non
654 1887 879 1944 fuerint.
1604 1894 1607 1897 ’

2016 697 2125 752 dita
2141 706 2228 751 ‘est
2260 698 2342 751 via
2374 710 2495 753 mea
2522 710 2553 748 a
2579 691 2827 754 Domino,
2859 691 2962 745 hoc
2992 698 3109 755 est,
3137 702 3245 753 non
3270 687 3411 741 videt
3435 685 3599 755 justi-

2018 787 2147 842 tiam
2177 802 2351 841 meam
2370 826 2385 852 ,
2417 793 2471 841 et
2498 785 2641 840 bona
2664 797 2848 853 opera.
2900 781 2968 836 Et
2994 795 3024 833 a
3052 780 3162 834 Deo
3187 792 3308 832 meo
3331 777 3596 847 judicium

2015 894 2194 934 meum
2218 878 2489 944 transivit,
2509 879 2561 931 id
2593 885 2698 941 est,
2731 891 2836 929 non
2859 874 3003 943 juste
3032 886 3121 926 me
3142 868 3442 940 judicavit}
3468 868 3597 937 quia

2000 963 2261 1040 'permi’sit
2291 985 2376 1024 me
2405 969 2526 1025 duci
2552 967 2604 1023 in
2636 966 3020 1038 captivitatem,
3055 977 3177 1016 cum
3204 975 3307 1031 ego
3338 960 3477 1014 bona
3515 957 3595 1012 fe-

2002 1056 2200 1118 ‘cerim.
2249 1063 2315 1118 Et
2353 1069 2437 1116 est
2470 1075 2661 1115 sensus
2692 1077 2705 1113 :
2737 1057 2816 1113 Ad
2852 1058 3019 1111 Deum
3050 1063 3263 1109 terrena
3297 1066 3402 1105 non
3431 1051 3598 1120 perti-

2000 1156 2166 1221 nent,
2199 1164 2254 1210 et
2297 1155 2488 1210 sedens
2521 1155 2573 1207 in
2603 1152 2739 1207 coelo
2771 1146 3217 1206 nonconsiderat
3253 1143 3382 1214 quid
3431 1157 3598 1196 unus~

2012 1248 2242 1323 quisque
2279 1253 2523 1301 nostrum
2553 1243 2713 1298 faciat
2745 1257 2759 1296 :
2799 1241 3024 1309 ideoque
3053 1252 3152 1292 nos
3181 1235 3379 1313 injuste
3403 1232 3471 1286 ab
3500 1233 3601 1286 ho-

2011 1321 2183 1391 stibus
2208 1335 2581 1407 opprimimur.
2634 1333 2701 1387 Et
2730 1332 2869 1385 sicut
2902 1331 3077 1400 pisces
3114 1328 3170 1383 in
3205 1325 3360 1396 aquis
3390 1324 3497 1378 huc
3535 1321 3598 1377 il-

2009 1429 2204 1506 lucque
2227 1436 2436 1493 natant,
2466 1435 2520 1480 et
2547 1426 2687 1481 sicut
2718 1423 2904 1478 bestiae
2935 1429 2991 1475 et
3027 1416 3280 1474 animalia
3308 1417 3411 1471 hae
3452 1414 3598 1469 illac—

2004 1514 2115 1595 ‘que
2136 1512 2470 1588 discurrunt,
2503 1538 2609 1577 non
2642 1522 2901 1577 habentes
2926 1529 3197 1589 pastorem
3227 1528 3401 1584 neque
3421 1520 3599 1568 recto-

2008 1628 2147 1679 rem,
2206 1613 2284 1668 sic
2315 1627 2413 1667 nos
2441 1612 2601 1685 positi
2630 1611 2684 1666 in
2714 1619 2913 1665 terram
2943 1625 3048 1664 non
3083 1607 3347 1662 habemus
3378 1604 3477 1675 qui
3495 1617 3596 1657 nos

2004 1706 2162 1773 regat
2191 1712 2244 1759 et
2268 1690 2543 1768 defendat,
2575 1702 2702 1771 quia
2743 1717 2848 1755 non
2877 1708 2960 1756 est
2985 1699 3212 1755 Domino
3239 1711 3370 1755 cura
3409 1696 3475 1751 de
3507 1708 3600 1749 no-

2007 1796 2090 1855 bis
2120 1816 2133 1852 :
2168 1786 2386 1869 insuper
2421 1811 2521 1851 nec
2559 1810 2660 1850 nos
2692 1793 2855 1848 videt.
3222 1853 3227 1859 η

2082 1908 2101 1939 ι
2138 1887 2390 1957 Nunquid
2435 1901 2543 1941 non
2570 1885 2721 1940 scitis
2759 1904 2776 1934 ›
2806 1882 2858 1937 id
2886 1890 2988 1946 est,
3028 1895 3135 1936 non
3175 1877 3422 1943 creditis,
3451 1895 3469 1928 ι
3502 1886 3598 1939 aut

328 2014 333 2019 ·
397 1993 419 2028 ‘
446 1976 512 2031 Et
554 1977 771 2047 ειυίάεπι
812 1993 986 2048 neque
1024 1978 1285 2049 Planlal0,
1326 1994 1502 2049 neque
1535 1987 1681 2042 sato,
1728 1991 1903 2047 neque
1930 1967 1979 2028 Β
2009 1995 2116 2036 non
2142 1978 2369 2034 audistis
2397 1997 2414 2030 ι
2437 1978 2490 2032 in
2514 1975 2810 2046 Scripturis
2830 1993 2849 2025 ι
2870 1974 3012 2029 Deus
3036 1971 3396 2041 sempiternus
3417 1987 3435 2019 ι
3455 1962 3597 2023 unus

322 2066 586 2135 radicato,
617 2088 634 2121 ι
679 2071 782 2125 hoc
820 2079 904 2126 est
939 2071 1153 2128 firmato
1192 2092 1210 2124 ι
1237 2081 1292 2128 et
1331 2073 1385 2128 in
1421 2081 1564 2128 terra
1594 2081 1793 2127 trunco
1817 2087 1910 2127 eo—

320 2172 465 2222 rum,
495 2178 514 2211 ι
560 2159 615 2214 id
655 2169 737 2215 est
775 2162 829 2216 in
867 2165 1120 2231 praesenti
1161 2163 1270 2219 vita
1309 2172 1607 2219 statuarum
1647 2171 1910 2233 «repente

320 2245 470 2303 ﬂavit
499 2250 553 2305 in
576 2266 692 2319 eos,
720 2261 776 2307 et
799 2264 1082 2321 aruerunt,
1115 2275 1135 2309 ι
1155 2255 1259 2311 hoc
1282 2265 1388 2322 est,
1417 2256 1617 2312 Christi
1641 2248 1909 2311 Sententia

320 2341 471 2396 venit
495 2357 659 2413 super
684 2359 799 2410 eos,
828 2354 883 2401 et
914 2335 1116 2402 mortui
1146 2357 1283 2404 sunt
1307 2369 1325 2400 ‹
1344 2358 1400 2403 et
1427 2349 1585 2404 turbo
1621 2348 1777 2418 quasi
1811 2347 1909 2403 sti-

320 2430 502 2499 pulam
522 2432 733 2489 auferet
751 2449 873 2503 eos,
909 2453 926 2484 ι
958 2453 1113 2508 teges
1149 2438 1421 2504 videlicet,
1448 2449 1504 2493 ct
1529 2440 1818 2509 principes,
1844 2452 1909 2493 ac

319 2527 571 2591 potentes
598 2537 627 2575 a
664 2531 809 2578 statu
837 2524 962 2579 vita:
985 2526 1289 2595 praesentis,
1326 2528 1420 2597 qui
1462 2543 1571 2582 non
1606 2527 1912 2582 habuerunt

321 2622 540 2680 semper
573 2627 694 2668 esse
724 2622 783 2670 et
824 2628 981 2684 posse
1014 2634 1028 2669 :
1058 2630 1187 2672 caro
1220 2617 1367 2675 enim
1400 2616 1638 2673 fuerunt.
1679 2618 1910 2685 Quidam

322 2700 536 2756 codices
581 2702 820 2759 habent:
853 2704 1038 2775 Neque
1076 2707 1374 2777 plantatus,
1427 2724 1600 2779 neque
1634 2709 1910 2765 radicatus

321 2800 545 2848 truncus
573 2809 764 2850 eorum
791 2813 803 2849 :
836 2796 931 2852 sed
957 2797 1148 2853 melius
1175 2807 1259 2853 est
1290 2807 1346 2853 ut
1377 2799 1620 2854 dicamus
1648 2814 1745 2870 per
1765 2799 1912 2855 abla-

320 2878 529 2938 tivum:
555 2901 728 2956 neque
757 2897 895 2953 sato,
924 2904 1099 2959 neque
1135 2891 1399 2951 radicato.
1434 2891 1587 2947 Sicut
1620 2900 1913 2961 tempestas

322 2971 499 3030 aufert
529 2978 816 3047 stipulam,
849 2979 927 3034 sic
966 2981 1105 3036 Deus
1143 2983 1486 3054 omnipotens
1527 2996 1624 3039 sua
1670 2985 1909 3053 potentia

323 3064 464 3120 tellit
486 3067 554 3123 ab
583 3068 685 3124 hac
719 3070 829 3124 vita
861 3073 1141 3140 reprobos.
1226 3062 1231 3067 δ

397 3175 418 3209 ‹
446 3158 513 3212 Et
543 3160 630 3219 cui
664 3161 1141 3229 assimilastisme,
1181 3174 1238 3220 et
1279 3166 1605 3238 adaequastis
1636 3181 1746 3233 me,
1780 3167 1913 3223 dicit

322 3246 577 3316 Sanctus,
617 3272 653 3311 ι,
674 3253 728 3309 id
762 3262 857 3310 est
879 3254 1065 3312 Deus?
1110 3257 1377 3313 Allocutio
1412 3260 1763 3329 increpativa,
1799 3269 1907 3315 tam

2006 2093 2036 2151 ι
2082 2074 2340 2130 Dominus
2365 2072 2458 2144 qui
2504 2057 2714 2128 creavit
2758 2069 3017 2125 terminos
3060 2075 3221 2121 terrae
3253 2084 3272 2118 ι
3310 2079 3379 2119 ex
3423 2062 3594 2147 nihilo

2016 2185 2035 2219 ι
2072 2182 2178 2222 non
2205 2165 2438 2231 deficiet,
2462 2184 2479 2217 ι
2513 2174 2573 2218 ut
2608 2164 2802 2229 homo,
2829 2161 2957 2231 quia
2984 2159 3206 2231 Spiritus
3230 2165 3333 2223 est,
3365 2175 3384 2207 ι
3417 2170 3594 2224 neque

2012 2258 2299 2323 laborabit,
2334 2278 2352 2310 ι
2384 2257 2511 2327 quia
2533 2256 2774 2312 omnium
2798 2263 3168 2309 creaturarum
3192 2248 3453 2305 Dominus
3487 2255 3591 2309 est,

2010 2359 2069 2415 et
2096 2351 2277 2406 omnia
2301 2349 2580 2409 continet,
2610 2346 2900 2415 omniaque
2941 2359 3037 2399 sua
3065 2336 3350 2410 majestate
3378 2339 3597 2409 dispen-

2011 2441 2124 2496 sat!
2159 2457 2176 2490 ι
2206 2454 2306 2494 nec
2339 2446 2423 2493 est
2452 2457 2468 2488 ι
2496 2436 2721 2501 cuilibet
2744 2433 3050 2490 mortalium
3083 2452 3099 2483 ι
3130 2428 3471 2499 investigatio
3508 2443 3596 2482 sa-

2010 2530 2229 2607 pientia:
2257 2528 2374 2600 ejus
2393 2571 2408 2597 ,
2442 2549 2458 2581 ι
2492 2529 2616 2603 quia
2644 2527 2825 2593 omnia
2855 2524 3021 2580 novit.
3047 2523 3113 2578 Et
3135 2520 3407 2601 quomodo
3434 2526 3493 2572 tu
3520 2518 3598 2572 di-

2015 2623 2115 2689 cis,
2153 2624 2297 2692 quod
2320 2622 2586 2693 judicium
2618 2635 2724 2674 non
2756 2617 3024 2688 intelligit,
3046 2625 3096 2672 et
3123 2616 3221 2669 viae
3250 2622 3352 2679 tua:
3375 2611 3601 2673 abscon-

2015 2713 2141 2769 dita:
2170 2723 2299 2769 sunt
2316 2713 2385 2768 ab
2410 2726 2495 2768 eo.
2520 2732 2536 2763 ι
2561 2711 2664 2779 Qui
2694 2710 2787 2765 dat
2810 2708 2952 2764 lasso
2974 2727 2991 2760 ι
3011 2705 3214 2762 homini
3236 2725 3253 2756 ι
3276 2704 3550 2766 virtutem,
3574 2721 3591 2752 ι

2014 2804 2273 2860 subaudis
2310 2803 2458 2868 ﬁdei,
2507 2801 2591 2857 vel
2622 2801 2765 2855 vires
2793 2799 3056 2870 corporis.
3090 2818 3108 2849 ι
3145 2797 3212 2851 Ει
3247 2794 3332 2851 bis
3370 2793 3463 2864 qui
3490 2808 3598 2847 non

2015 2886 2144 2955 sunt
2168 2918 2186 2950 ι
2210 2897 2264 2952 in
2295 2896 2524 2959 malitia,
2551 2902 2610 2949 ut
2636 2894 2911 2963 quondam
2940 2912 2957 2942 ι
2995 2887 3367 2946 fortitudinem
3396 2906 3415 2937 ι
3442 2885 3600 2939 bona:

2014 2988 2369 3059 operationis.
2419 2986 2554 3040 Nam
2603 2974 2746 3040 Deus
2789 2983 3131 3052 omnipotens
3173 2988 3337 3033 tantm
3384 2974 3600 3031 fortitu-

2016 3080 2157 3139 diuis
2182 3088 2288 3145 est,
2338 3086 2399 3132 ut
2439 3094 2544 3132 non
2587 3076 2758 3130 solum
2803 3074 2917 3144 ipse
2955 3060 3073 3127 non.
3098 3069 3336 3140 indigeat
3374 3065 3599 3127 alterius

2016 3170 2263 3234 auxilio:
2298 3166 2394 3223 sed
2430 3166 2597 3222 etiam
2639 3165 2693 3219 in
2738 3180 2797 3221 se
2836 3162 3181 3234 sperantibus
3222 3156 3619 3217 fortitudinem,

2014 3262 2266 3317 omnibus
2292 3258 2496 3316 tribuit.
2531 3276 2549 3308 ι
2580 3255 2842 3312 Deficient
2869 3254 3022 3327 pueri
3065 3263 3121 3309 et
3154 3250 3498 3315 laborabunt,
3543 3258 3599 3303 et

322 3340 390 3435 illi
418 3340 632 3435 ξξιάεεξοε
657 3359 817 3435 quam
853 3345 924 3407 ad
957 3347 1183 3417 gentiles
1210 3347 1349 3405 idola
1378 3321 1639 3404 colentes.
1687 3321 1785 3404 Cui
1824 3366 1909 3405 as-
1938 3321 1981 3382 C
2006 3353 2245 3435 juvenes,
2261 3352 2316 3405 in
2340 3321 2889 3405 inﬁrmitatecadenti
2915 3368 2933 3400 ι
2962 3347 3174 3401 laetatur
3189 3346 3350 3400 homo
3381 3344 3435 3397 in
3462 3357 3596 3411 pue-

321 3431 600 3489 similastis
629 3448 715 3488 me
739 3432 979 3506 (inquit),
1001 3451 1033 3491 o
1060 3436 1255 3505 .ludtei,
1283 3439 1366 3505 vel
1390 3439 1709 3510 gentilesex
1736 3442 1911 3498 omni,

321 3520 425 3577 bus
449 3522 773 3589 diis,vestris
791 3525 831 3579 Ἰ.

399 3631 419 3665 ι
447 3609 647 3670 Levate
677 3616 730 3670 in
766 3617 1002 3684 excelso,
1037 3638 1055 3672 ο
1090 3619 1189 3676 hoc
1215 3630 1301 3677 est
1336 3624 1390 3678 in
1423 3625 1643 3690 coelum,
1684 3645 1701 3677 ι
1726 3625 1911 3683 oculos

323 3714 537 3761 vestros
565 3715 620 3760 et
645 3708 843 3776 videte,
899 3730 916 3763 ι
956 3712 1010 3765 id
1048 3722 1132 3767 est
1171 3712 1454 3785 intelligite
1488 3734 1507 3767 ι
1542 3718 1663 3787 quis
1704 3720 1911 3773 creavit

325 3797 441 3851 haec
468 3817 485 3848 ι
516 3813 637 3867 qua:
663 3799 736 3854 ibi
761 3802 1082 3857 consistunt.
1126 3803 1197 3859 Ut
1222 3804 1267 3859 si
1291 3805 1448 3860 aliter
1468 3822 1575 3862 non
1605 3807 1787 3873 vultis,
1813 3825 1910 3878 per

325 3896 633 3943 creaturam
680 3891 993 3964 intelligatis
1037 3894 1372 3951 Creatorem.
1430 3917 1448 3949 ι
1484 3896 1587 3964 Qui
1631 3899 1811 3953 educit
1857 3900 1911 3954 in

326 3994 553 4034 numero
591 3981 836 4036 militiam
870 3985 1095 4051 borum,
1136 4005 1154 4036 ι
1197 3987 1248 4052 id
1286 3996 1369 4043 est
1413 3989 1694 4055 caelorum,
1736 3991 1789 4046 id
1828 3999 1912 4048 est

324 4071 417 4140 qui
444 4072 607 4137 habet
635 4089 734 4144 per
758 4092 1045 4143 numerum
1069 4080 1287 4151 angelos
1315 4089 1370 4136 et
1393 4081 1608 4148 stellas;
1656 4103 1673 4134 ι
1705 4092 1762 4138 et
1789 4100 1909 4138 om-

327 4177 424 4218 nes
456 4183 473 4216 ι
495 4173 728 4232 sanctos,
753 4167 836 4221 vel
863 4169 1044 4225 stellas
1076 4189 1094 4221 ι
1122 4187 1188 4226 ex
1206 4173 1420 4229 nomine
1448 4183 1623 4239 vocat,
1656 4194 1673 4230 ι
1707 4176 1908 4231 subau-

328 4255 411 4310 dis
436 4256 523 4311 ille
564 4259 767 4313 creavit
797 4260 930 4315 haec.
976 4262 1218 4321 Militiam
1247 4265 1368 4320 coeli
1396 4266 1607 4322 duobus
1637 4267 1811 4321 modis
1831 4268 1911 4322 in-

327 4345 638 4417 telligimus,
682 4349 764 4402 vel
804 4351 1021 4422 angelos
1047 4395 1062 4419 ,
1095 4354 1180 4409 vel
1208 4355 1404 4411 sidera.
1459 4357 1739 4412 Psalmista
1766 4359 1911 4413 enim

329 4439 395 4493 de
425 4438 529 4495 hoc
556 4440 685 4495 dicit
712 4459 779 4509 τι(
801 4442 901 4509 Qui
931 4454 1178 4500 numerat
1209 4448 1604 4503 multitudinem
1633 4448 1912 4503 stellarum

330 4528 505 4599 (Psal.
547 4532 748 4602 cxm).
782 4553 800 4584 ι
861 4534 925 4588 Et
966 4534 1148 4589 Daniel
1183 4555 1195 4589 :
1234 4556 1252 4587 ‹
1282 4537 1445 4592 Millia
1486 4538 1711 4594 millium
1746 4540 1911 4594 mini-

2011 3424 2157 3513 ritia,
2192 3449 2244 3497 et
2267 3439 2569 3510 juventute,
2605 3446 2663 3494 et
2687 3438 2943 3503 sanitate,
2974 3436 3069 3491 sed
3105 3424 3317 3489 laborat
3357 3432 3411 3486 in
3444 3431 3598 3486 infir-

2011 3534 2199 3601 mitate
2224 3514 2287 3589 et.
2304 3539 2605 3596 senectute,
2634 3540 2688 3586 et
2713 3530 2823 3585 cito
2863 3528 3093 3585 decidet.
3124 3526 3269 3582 Deus
3291 3532 3473 3580 autem
3500 3522 3596 3592 qui

2010 3634 2247 3681 aeternus
2275 3637 2490 3694 semper
2517 3630 2602 3677 est
2625 3630 2679 3676 et
2704 3635 2917 3690 semper
2945 3634 3066 3675 esse
3101 3617 3284 3684 habet,
3315 3613 3452 3670 nihil
3492 3612 3595 3669 ho.-

2014 3734 2131 3773 rum
2163 3718 2387 3788 patitur,
2417 3716 2543 3786 quia
2581 3730 2720 3769 unus
2762 3713 3013 3781 idemque
3039 3725 3255 3780 semper
3282 3716 3367 3763 est
3412 3715 3469 3762 et
3494 3706 3597 3773 im:

2012 3807 2308 3862 mutabilis.
2331 3806 2636 3877 Allegorice
2665 3814 2843 3860 autem
2871 3822 2883 3857 :
2911 3803 2987 3858 illi
3013 3803 3103 3872 qui
3127 3816 3233 3856 non
3251 3807 3377 3855 sunt
3402 3799 3459 3853 in
3491 3796 3598 3852 ﬁde

2014 3900 2227 3957 solidati
2259 3909 2313 3954 et
2344 3876 2626 3969 pueriliter
2647 3900 2858 3959 vivunt,
2896 3895 3146 3951 delieieut
3166 3902 3219 3946 et
3247 3876 3593 3959 laborabunt,

2015 3982 2068 4045 id
2095 3999 2197 4057 est,
2222 3991 2275 4044 in
2302 3988 2553 4059 praesenti
2584 3987 2735 4042 labor
2757 3987 2861 4042 erit
2876 3986 2956 4040 eis
2979 3998 3218 4054 prteseus
3241 3973 3597 4046 cu'ra,etcor-

2016 4091 2175 4148 ruent
2203 4092 2323 4153 post
2347 4098 2413 4137 ex
2444 4089 2556 4137 toto
2585 4081 2844 4137 damnati.

2091 4194 2108 4227 ι
2142 4173 2244 4241 Qui
2273 4182 2456 4228 autem
2485 4182 2704 4243 sperant
2745 4172 2799 4228 in
2824 4170 3395 4239 Domino,mutabunt
3428 4166 3589 4221 forti—

2017 4264 2282 4319 tudinem.
2330 4283 2348 4316 ›
2383 4262 2689 4317 Notandum
2716 4264 2988 4333 quodnon
3018 4261 3149 4317 dicit
3183 4259 3410 4329 perdent
3438 4256 3597 4311 forti-

2016 4354 2279 4419 tudinem,
2322 4353 2417 4408 sed
2448 4355 2732 4408 mutabunt
2762 4370 2775 4406 :
2809 4354 2912 4407 hoc
2948 4361 3033 4411 est
3066 4350 3437 4405 fortitudinem
3471 4362 3598 4418 pec-

2015 4447 2119 4503 cati
2144 4446 2427 4501 mutabunt
2458 4446 2511 4499 in
2542 4444 2913 4498 fortitudinem
2935 4443 3088 4495 bona:
3109 4440 3461 4510 operationis.
3490 4437 3596 4505 Qui

2015 4539 2161 4592 enim
2191 4553 2298 4592 non
2322 4537 2374 4590 in
2407 4536 2521 4590 suis
2545 4535 2751 4590 viribus
2778 4534 2978 4594 habent
3004 4532 3277 4595 ﬁduciam,
3302 4530 3396 4585 sed
3420 4544 3593 4599 spem,

328 4622 577 4726 strabant
607 4623 656 4676 ei
693 4622 853 4693 (Dan.
886 4624 1002 4697 vn).
1037 4645 1054 4678 ι
1114 4645 1133 4677 t
1162 4625 1281 4681 Prae
1320 4627 1660 4693 multitudine
1687 4627 1905 4693 fortitu-
1936 4666 1986 4726 D
2019 4627 2277 4683 subaudis
2299 4627 2352 4682 in
2376 4627 2507 4692 Deo,
2530 4634 2584 4682 et
2603 4621 3159 4693 ejusmiserieordiam
3180 4619 3560 4691 praestolamur
3580 4662 3595 4686 ,

330 4712 473 4769 dinis
498 4721 553 4767 et
575 4712 785 4768 roboris
817 4714 951 4783 ejus,
975 4734 993 4767 ι
1014 4714 1067 4770 id
1089 4725 1174 4781 est
1208 4716 1299 4770 Dei
1329 4717 1731 4786 omnipotentis,
1769 4738 1788 4771 ι
1819 4735 1910 4775 ne-

329 4819 434 4875 que
455 4820 620 4859 unum
642 4824 661 4858 ι
695 4821 761 4860 ex
791 4806 875 4873 his
903 4821 1023 4876 qua:
1050 4808 1283 4863 diximus
1313 4827 1331 4860 ‹
1354 4808 1619 4879 reliquum
1645 4810 1778 4876 fuit,
1804 4831 1822 4863 ι
1852 4812 1906 4867 id

329 4907 414 4953 est
458 4898 691 4953 alienum
742 4913 773 4952 a
814 4914 1040 4954 numero
1081 4900 1218 4970 ejus.
1266 4899 1366 4955 Hic
1420 4901 1720 4956 ostenditur
1760 4903 1904 4972 quod

332 4990 475 5046 Deus
521 4991 861 5060 omnipotens
900 4991 1082 5046 omnia
1120 4991 1352 5047 visibilia
1391 5003 1445 5047 et
1486 4993 1772 5049 invisibilia
1810 5010 1904 5051 co-

331 5083 560 5154 gnoscit,
584 5090 638 5137 et
661 5091 852 5138 cuneta
879 5082 932 5137 in
955 5097 1198 5149 numero,
1220 5090 1273 5137 et
1295 5083 1554 5154 pondere,
1577 5094 1633 5139 et
1654 5101 1906 5141 mensura

330 5172 482 5231 fecit.

346 5262 351 5265 ’
409 5284 428 5316 ‹
455 5264 633 5331 Quare
663 5265 796 5319 dicis
825 5262 1012 5329 Jacob,
1054 5284 1070 5316 ι
1110 5265 1161 5319 id
1201 5273 1283 5320 est
1312 5265 1429 5320 duae
1472 5265 1641 5322 tribus
1683 5285 1702 5318 ι
1738 5276 1793 5323 et
1833 5266 1911 5323 lo-

334 5358 516 5429 queris
551 5358 733 5419 lsracl,
774 5378 791 5410 »
837 5359 940 5415 hoc
978 5367 1061 5413 est
1097 5360 1282 5415 decent
1320 5359 1512 5424 tribus,
1550 5377 1568 5411 ι
1598 5361 1913 5416 abscondita

299 5511 301 5514 ι
335 5461 420 5506 est
447 5451 534 5504 via
559 5463 679 5503 mea
706 5464 737 5501 a
768 5447 1015 5512 Domino,
1039 5458 1095 5504 et
1116 5466 1148 5505 a
1170 5451 1279 5505 Deo
1301 5465 1421 5506 meo
1445 5450 1707 5520 judicium
1734 5467 1912 5507 meum

337 5539 633 5598 transivit?
661 5560 679 5593 ›
735 5538 958 5606 Quando
988 5539 1253 5609 Propheta
1279 5540 1395 5594 haec
1427 5540 1745 5610 loquebatur
1766 5583 1781 5608 ,
1821 5543 1915 5601 de-

336 5648 453 5687 cem
487 5633 658 5687 tribus
685 5632 796 5703 jam
829 5630 1001 5684 ductae
1032 5638 1186 5684 erant
1219 5630 1274 5685 in
1303 5632 1685 5700 captivitatem,
1715 5642 1769 5686 et
1796 5632 1913 5690 dua:

338 5742 366 5779 a
393 5726 512 5780 huc
542 5725 893 5779 morabantur
919 5721 971 5774 in
1004 5727 1145 5774 terra
1176 5722 1628 5791 repromissionis.
1676 5724 1739 5777 Et
1770 5726 1913 5793 quod

340 5820 443 5895 illa:
466 5816 651 5874 decem
681 5816 929 5872 dicebant
967 5814 1139 5869 ducta:
1179 5814 1232 5877 in
1270 5815 1541 5887 Assyrios,
1586 5827 1637 5873 et
1681 5819 1796 5873 dua:
1835 5820 1914 5873 di-

341 5922 507 5966 ctum
538 5919 710 5976 erant,
744 5906 955 5977 quando
986 5907 1038 5961 in
1078 5904 1400 5978 Babylonem
1431 5908 1685 5964 ducendae
1709 5921 1863 5965 erant
1899 5929 1910 5965 :

2015 4720 2091 4775 illi
2116 4720 2232 4774 sine
2258 4718 2422 4773 dubio
2458 4725 2671 4771 mutant
2704 4714 3093 4771 fortitudinem.
3128 4713 3262 4780 Quia
3300 4712 3441 4767 sicut
3476 4711 3598 4766 fue-

2016 4822 2142 4868 runt
2166 4812 2335 4868 fortes
2361 4813 2427 4866 ad
2452 4810 2814 4882 perpetranda
2844 4810 3006 4877 mala,
3039 4811 3112 4864 ita
3144 4820 3272 4865 tunc
3315 4808 3484 4865 fortes
3526 4810 3594 4863 ad

2014 4905 2319 4975 peragenda
2358 4903 2612 4967 bona,.et
2649 4901 2928 4957 toleranda
2960 4901 3189 4957 adversa
3232 4916 3331 4973 pro
3373 4900 3595 4956 nomine

2015 4997 2236 5052 Christi.
2269 4996 2361 5051 Sic
2408 4996 2638 5066 legimus
2672 4995 2870 5051 multos
2916 5005 3135 5050 sanctos
3178 4995 3372 5063 egisse.
3412 4993 3594 5048 Pona-

2018 5104 2158 5152 mus,
2189 5088 2342 5142 verbi
2363 5090 2739 5158 gratia,unum
2764 5102 2831 5141 ex
2858 5086 3043 5141 multis
3068 5082 3290 5139 Paulum
3319 5084 3593 5153 quondam

2019 5170 2373 5235 fortissimum
2404 5187 2828 5249 persecutorem,
2860 5177 3205 5247 postmodum
3246 5192 3376 5232 vero
3408 5176 3596 5233 fortisv

2019 5272 2214 5337 simum
2246 5271 2676 5341 praedicatorem.
2708 5271 2808 5338 Qui
2835 5280 3041 5340 quanto
3074 5270 3308 5338 amplius
3354 5270 3456 5325 fuit
3487 5270 3600 5324 for-

2019 5365 2089 5418 tis
2116 5363 2351 5434 primum
2366 5363 2433 5418 ad
2454 5361 3095 5435 persequendoslelectos,
3122 5371 3273 5417 tanto
3296 5371 3480 5432 postea
3508 5376 3601 5415 (3.x-

2022 5456 2163 5519 stitit
2192 5453 2488 5510 ferventior
2509 5454 2577 5509 ad
2600 5453 3003 5525 prmdicandum
3030 5453 3302 5524 gentibus,
3320 5460 3376 5507 et
3398 5467 3597 5526 vocan-
3634 5518 3644 5527 ι

2021 5546 2147 5601 dum
2175 5560 2267 5601 eas
2304 5545 2373 5599 ad
2409 5545 2589 5600 fidem.
2618 5544 2789 5599 Aliter
2818 5561 2831 5598 :
2862 5544 2954 5613 qui
2993 5551 3211 5612 sperant
3245 5543 3299 5597 in
3343 5543 3594 5606 Domino,

2020 5639 2125 5711 hoc
2154 5645 2237 5692 est
2260 5636 2311 5691 in
2335 5652 2428 5707 spe
2450 5646 2665 5691 aeterna:
2688 5634 3053 5699 beatitudinis,
3078 5637 3361 5691 nmtabunt
3384 5634 3600 5690 fortitu-

2023 5728 2204 5784 dinem
2232 5737 2355 5798 post
2385 5735 2614 5782 mortem
2641 5727 2844 5792 carnis,
2871 5726 2999 5781 facti
3027 5726 3484 5797 incorruptibiles.

2099 5837 2117 5869 ι
2145 5818 2435 5873 Assument
2464 5832 2666 5887 pennas
2690 5817 2829 5872 sicut
2850 5818 3065 5886 aquilae,
3089 5838 3107 5869 ι
3131 5819 3233 5873 hoc
3264 5827 3347 5872 est
3375 5817 3598 5871 innova-

2027 5911 2225 5967 tionem
2256 5909 2445 5964 futura:
2490 5909 2631 5975 vitae,
2674 5908 2756 5963 vel
2800 5910 3235 5980 possibilitatem,
3284 5910 3591 5981 ut~possinl
