4016 6510
489 460 597 518 918

950 456 1305 512 nummus
1345 428 1823 509 HALBERSTAT.
1858 450 2071 505 EPISC.
2110 448 2259 505 ore.
2297 449 2477 529 psus
2516 450 2556 535 1.
2593 477 2663 488 -
2698 445 3050 527 COMMEN'l‘.
3091 449 3267 525 DIBL.

3634 456 3754 513 916

481 570 697 635 obviam
720 570 801 623 ire
823 567 1052 623 Domino
1078 569 1133 622 in
1160 584 1307 623 aera.
1334 568 1534 625 Dicunt
1576 568 1826 625 doctores
1862 584 1874 629 ;
1913 565 2045 633 Quia
2080 571 2126 630 Α
2155 567 2380 621 mortuis
2404 566 2721 631 resurrexit,
2748 567 3042 621 secundum
3074 569 3216 637 quod
3238 569 3385 623 Patri
3416 576 3749 642 respondit:

479 668 673 716 natura
703 667 787 714 est
824 658 1018 727 aquila:
1044 657 1273 712 utsenio
1295 655 1536 718 confecta
1569 671 1691 711 cum
1732 671 1840 710 non
1878 650 2049 725 possit

478 751 718 821 praedam
743 764 937 819 capere
956 787 973 813 ,
1013 749 1295 803 incurvato
1326 754 1503 810 rostro
1531 755 1587 801 et
1621 746 1913 802 contractis
1950 762 2050 799 un-

482 842 653 913 gulis,
676 854 903 898 accensa
938 842 1016 896 ira
1041 840 1229 911 tandiu
1257 840 1466 909 scilicet
1486 840 1619 895 dura
1642 849 1695 894 et
1728 840 1833 894 alta
1864 837 2049 915 atterit

480 942 740 996 rostrum,
764 938 823 986 ut
848 929 1180 1001 solummodo
1199 928 1485 1000 vestigium
1512 936 1745 985 maneat.
1774 928 1949 998 Atque
1972 928 2046 983 ita

485 1022 580 1092 pili
610 1023 717 1088 sui,
739 1030 795 1078 et
818 1036 977 1077 omne
1000 1023 1290 1090 innovatur
1316 1037 1534 1093 corpus,
1561 1030 1615 1078 et
1643 1022 1835 1091 pluma:
1863 1022 2041 1078 illius:

480 1114 563 1169 sic
606 1113 778 1168 saneti
822 1113 913 1182 qui
958 1127 1020 1181 se
1063 1112 1154 1169 hic
1191 1113 1520 1179 attriverant
1554 1111 1934 1167 mortllicando
1959 1125 2046 1173 se-

477 1204 642 1274 ipsos,
685 1204 1086 1265 innovabuntur
1128 1219 1229 1276 per
1273 1204 1760 1275 incorruptionem,
1805 1211 2045 1271 contem-

474 1295 689 1367 plantes
714 1295 880 1352 solem
902 1295 1127 1365 iustitiae
1152 1295 1427 1357 Christum
1460 1313 1473 1349 :
1499 1297 1641 1365 sicut
1664 1296 1830 1352 solem
1863 1295 2043 1369 aquila

474 1387 885 1467 irreverberatis
909 1389 1098 1445 oculis.
1128 1388 1336 1447 Etcum
1365 1389 1431 1443 ad
1460 1388 1754 1442 terminum
1790 1388 1917 1443 vita:
1952 1403 2044 1442 ve-

475 1480 676 1546 nerint,
705 1488 837 1536 tunc
890 1480 1156 1558 incipiunt
1196 1480 1400 1553 vivere,
1445 1490 1567 1535 cum
1595 1480 1848 1535 videntur
1887 1480 2043 1551 finire

474 1569 661 1625 vitam.
694 1589 713 1623 ι
741 1569 972 1637 Currant
1006 1555 1338 1641 iuniigrando
1381 1570 1449 1624 ad
1469 1569 1763 1647 Christum,
1795 1588 1813 1621 ι
1843 1578 1898 1624 et
1932 1586 2041 1643 non

478 1658 804 1715 laborabunt
824 1678 843 1710 ι
862 1660 985 1728 quia
1008 1659 1145 1714 visio
1172 1668 1373 1713 sanctae
1387 1656 1670 1713 Trinitatis
1695 1658 1802 1713 erit
1826 1659 1906 1714 eis
1926 1673 2044 1714 om-

476 1750 586 1804 nia.
629 1769 649 1802 ¢
682 1749 1045 1805 Ambulabunt
1080 1768 1098 1800 ι
1128 1749 1193 1804 de
1217 1749 1417 1803 virtute
1438 1748 1493 1802 in
1516 1749 1775 1803 virtutem
1806 1768 1825 1801 ι
1854 1757 2041 1819 etnon

476 1839 728 1896 deﬁcient
760 1859 778 1893 ι
813 1841 865 1912 in
893 1849 1150 1919 aeternum
1172 1838 1365 1914 victuri
1388 1849 1515 1919 cum
1540 1837 1788 1917 Domino.

1060 1989 1287 2047 CAPUT
1321 1989 1454 2045 XLI.

550 2122 567 2152 ι
591 2102 829 2157 Taceant
843 2103 910 2164 ad
928 2118 1014 2157 me
1041 2102 1249 2167 insulae,
1276 2111 1329 2157 et
1353 2109 1540 2172 gentes
1554 2108 1762 2161 mutent
1777 2098 1899 2159 forti
1909 2099 2045 2155 tudi-

467 2210 611 2248 nem.
638 2212 657 2245 ι
696 2191 808 2247 Vox
842 2194 959 2248 Dei.
983 2193 1112 2248 Tale
1139 2186 1266 2264 quid
1298 2194 1351 2247 in
1388 2193 1572 2248 Exodo
1605 2193 1832 2263 legimus
1862 2207 1877 2246 :
1905 2191 2044 2248 Audi

469 2281 656 2347 Israel,
682 2290 737 2337 et
768 2290 904 2339 tace.
931 2281 1122 2356 insulae
1142 2278 1393 2339 dicuntur
1418 2296 1482 2336 eo
1514 2281 1659 2352 quod
1685 2270 1741 2336 in
1772 2282 1909 2349 salo,
1939 2268 2045 2339 hoc

471 2381 557 2429 est
572 2374 627 2428 in
644 2360 803 2437 mari,
818 2375 926 2429 sint
945 2375 1152 2445 positae.
1170 2374 1237 2430 Et
1255 2373 1457 2429 insulas
1473 2374 1729 2429 debemus
1744 2374 2043 2445 intelligere

469 2476 671 2541 gentes,
698 2484 816 2539 quae
832 2485 862 2523 a
890 2468 1047 2524 salsis
1074 2468 1379 2538 amarisque
1402 2466 1654 2531 ﬂuctibus
1678 2465 1839 2536 hujus
1860 2466 2042 2523 saeculi

476 2559 791 2623 tunduntur.
823 2559 1080 2621 Taceant,
1135 2556 1327 2629 inquit,
1379 2557 1566 2615 insula:
1612 2558 1679 2613 ad
1723 2559 1827 2614 hoc
1864 2567 2047 2638 utan-1

475 2650 627 2704 diant
652 2665 737 2705 me
759 2649 1013 2724 primum,
1038 2650 1139 2704 hoc
1161 2660 1244 2703 est
1269 2656 1456 2719 gentes
1479 2658 1575 2717 per
1598 2648 1888 2718 apostolos.
1917 2665 1938 2698 ς
1974 2646 2043 2701 Ει

472 2746 681 2796 mutent
702 2740 1092 2809 fortitudinem.
1126 2759 1145 2808 μ
1173 2739 1449 2810 Quomodo
1472 2738 1669 2794 debent
1684 2747 1893 2793 mutare
1914 2753 2043 2809 gen-

470 2842 554 2886 tes
584 2831 993 2895 fortitudinem?
1023 2830 1099 2885 Eo
1139 2829 1299 2884 modo
1338 2845 1446 2899 quo
1484 2813 1745 2899 superius
1783 2829 2037 2894 diximus,

470 2931 531 2976 ut
560 2921 652 2991 qui
679 2920 847 2976 fortes
872 2919 1092 2995 fuerunt
1113 2920 1166 2973 in
1195 2919 1354 2986 malo,
1391 2920 1500 2977 sint
1526 2918 1781 2977 fortiores
1809 2920 1876 2973 ad
1899 2919 2039 2974 bona

467 3025 632 3080 opera
660 3009 985 3080 peragenda.
1016 3007 1217 3064 Beatus
1254 2996 1547 3079 Gregorius
1573 3009 1703 3063 dicit
1731 3009 1889 3063 aliam
1918 3024 2039 3064 esse

466 3100 837 3157 fortitudinem
850 3100 1170 3164 electorum,
1188 3099 1350 3152 aliam
1369 3098 1739 3167 reproborum.
1759 3097 2041 3152 Fortitudo

468 3193 766 3251 electorum
810 3199 893 3247 est
932 3192 1151 3247 vincere
1176 3192 1670 3273 concupiscentiam
1699 3182 1900 3257 carnis,
1925 3192 2042 3247 libi-

468 3286 649 3338 dinem
682 3283 954 3350 videlicet,
977 3285 1268 3355 appetitum
1294 3267 1635 3340 terrenarum
1667 3300 1876 3347 rerum,
1900 3274 2041 3339 ‘alia-
2068 3267 2115 3332 C

469 3391 575 3445 que
600 3374 750 3430 vitia.
773 3372 853 3429 Et‘
870 3374 916 3430 si
947 3376 1243 3432 necessitas
1272 3390 1330 3431 se
1358 3378 1693 3448 opposuerit,
1722 3392 1820 3448 pro
1842 3376 2045 3432 Christi

468 3468 686 3524 nomine
719 3476 983 3525 tormenta
1011 3469 1201 3524 mortis
1228 3466 1459 3523 libenter
1482 3467 1727 3523 sufferre.
1758 3468 2046 3523 Fortitudo

476 3569 658 3616 autem
700 3549 1050 3630 reproborum
1096 3569 1209 3625 est,
1257 3560 1546 3637 homicidia
1588 3558 1899 3630 adimplere,
1948 3540 2047 3629 per

467 3651 717 3720 rapinam
743 3649 968 3705 aliorum
1002 3649 1143 3705 bona
1169 3649 1384 3705 auferre
1408 3661 1463 3711 et
1492 3650 1710 3722 insuper
1750 3666 1847 3721 pro
1879 3638 2046 3707 lucris

472 3742 864 3816 temporalibus
903 3743 1092 3801 mortis
1120 3742 1360 3812 periculo
1395 3758 1453 3797 se
1492 3757 1780 3816 opponere.
1824 3760 1843 3794 ι
1875 3741 2042 3799 Acce-

471 3841 621 3909 dant,
645 3857 664 3890 ι
698 3838 954 3893 subaudis
1000 3845 1188 3909 gentes
1221 3837 1288 3892 ad
1313 3853 1399 3893 me
1445 3824 1735 3911 credendo,
1767 3820 1788 3888 ἱ
1819 3848 1876 3894 et
1913 3847 2042 3893 tunc

446 3914 759 3999 ioquantur
801 3946 819 3980 ι
847 3929 900 3983 id
932 3936 1016 3983 est
1041 3929 1185 3999 quod
1210 3928 1559 3984 crediderunt
1581 3929 1703 3984 aliis
1726 3929 2039 4003 praedicent.

473 4041 492 4070 α
530 4022 794 4076 Similiter
820 4022 887 4076 ad
907 4020 1170 4089 judicium
1199 4035 1552 4090 properemus
1586 4039 1604 4071 ›
1645 4011 1707 4076 ut
1731 4021 2043 4075 discernant

470 4114 613 4169 inter
633 4127 720 4167 me
741 4111 1002 4167 factorem
1025 4126 1202 4176 suum,
1221 4111 1435 4165 etidola
1468 4111 1657 4165 abillis
1689 4111 1997 4185 manufacta
2026 4130 2037 4166 :

472 4211 528 4295 et
550 4203 844 4271 disputent,
876 4210 1058 4255 utrum
1081 4201 1320 4254 omnium
1357 4201 1496 4256 Deus
1513 4201 1659 4271 juste
1689 4202 1868 4256 omnia
1896 4210 2039 4273 agat.

549 4310 566 4343 ι
588 4290 719 4358 Quis
734 4292 1015 4345 suscitavit
1028 4290 1095 4345 ab
1111 4290 1330 4346 Oriente
1348 4290 1575 4359 justum,
1601 4311 1617 4343 ›
1636 4292 1737 4347 hoe
1752 4302 1835 4347 est
1858 4291 2046 4348 Chris-

474 4379 624 4453 tum?
651 4376 766 4433 Vox
792 4376 885 4434 Dei
917 4376 1112 4446 Patris,
1139 4394 1236 4434 sua
1276 4379 1699 4451 interrogatione
1734 4390 1921 4451 gentes
1949 4382 2043 4436 do-

468 4466 644 4552 centis
665 4470 808 4540 quod
833 4471 1102 4540 ignorant.
1122 4471 1203 4525 Ah
1216 4469 1435 4527 Oriente
1462 4473 1602 4528 Deus
1625 4473 1788 4529 Pater
1809 4460 2052 4529 suscita-~

465 4562 544 4618 vit
563 4562 846 4617 Dominum
862 4571 1105 4617 nostrum
1119 4562 1302 4618 Jesum
1316 4563 1611 4629 Christum,
1630 4565 1754 4636 quia
1772 4558 1824 4620 in
1849 4565 2045 4647 Orien—g
2066 4603 2116 4662 υ

467 4653 542 4709 tis
589 4653 832 4723 partibus
873 4653 1053 4727 .ludzea
1094 4655 1360 4720 consistit,
1403 4656 1454 4709 in
1495 4657 1778 4726 quaillum
1804 4657 2037 4727 primum
2066 4653 2123 4701 ἶ

473 4746 744 4801 incarnari
784 4732 1081 4802 constituit.
1114 4768 1132 4798 c
1160 4748 1385 4803 Vocavit
1412 4764 1534 4803 eum
1583 4758 1642 4803 ut
1667 4759 1983 4819 sequeretur
2015 4770 2033 4801 ι

468 4834 522 4891 id
550 4846 655 4901 est,
684 4844 743 4889 ut
766 4835 881 4905 ejus
920 4837 1177 4911 voluntati
1219 4848 1451 4908 pareret.
1500 4838 1727 4894 Secutus
1755 4846 1837 4894 est
1871 4839 2040 4894 Filius

469 4929 709 4993 Patrem,
738 4928 863 4998 quia
903 4929 956 4983 in
987 4920 1234 4984 omnibus
1274 4931 1531 4985 voluntati
1574 4929 1689 4999 ejus
1734 4931 1932 5002 paruit.
1975 4931 2043 4986 Et

467 5008 725 5091 quidquid
749 5019 877 5090 egit,
895 5019 1073 5076 omnia
1100 5021 1164 5074 ad
1188 5020 1413 5089 gloriam
1439 5021 1582 5076 illius
1605 5023 1806 5088 retulit,
1836 5032 1887 5077 et
1916 5012 2043 5092 pec?

468 5120 651 5166 citum
682 5125 790 5171 non
816 5110 963 5177 fecit,
994 5127 1095 5168 nee
1113 5112 1266 5166 dolus
1290 5113 1538 5168 inventus
1566 5124 1648 5168 est
1675 5114 1727 5167 in
1769 5130 1864 5169 ore
1904 5113 2037 5182 ejus.

468 5202 764 5258 Suscitavit
784 5203 946 5257 etiam
976 5218 1099 5258 eum
1124 5204 1190 5258 ab
1213 5203 1433 5267 Oriente
1450 5203 1584 5274 (Isa.
1605 5206 1694 5277 xv)
1717 5206 1963 5275 :quando
1988 5206 2040 5260 in

470 5293 589 5363 ipso
602 5301 761 5349 terrae
779 5291 975 5349 Iudaeae
998 5294 1114 5349 loco
1141 5280 1268 5349 fecit
1286 5309 1407 5348 eum
1434 5308 1715 5364 resurgere
1741 5311 1769 5347 a
1792 5295 2038 5360 mortuis,

469 5395 528 5439 et
550 5386 802 5456 perduxit
821 5401 1013 5441 nomen
1044 5386 1184 5443 illius
1212 5403 1308 5456 per
1333 5385 1603 5454 apostolos
1626 5386 1679 5439 in
1706 5402 1894 5441 omnes
1915 5402 2043 5454 gen—

470 5485 573 5538 tes,
599 5483 654 5529 et
677 5474 811 5530 ﬁnes
839 5476 983 5530 orbis
1012 5485 1184 5531 terrae.
1222 5476 1445 5551 Yocavit
1473 5477 1632 5530 etiam
1665 5477 1823 5530 tertia
1866 5478 1950 5531 die
1976 5478 2040 5531 de

474 5568 745 5639 sepulcro,
786 5570 1079 5624 secundum
1114 5570 1240 5625 illud
1279 5570 1419 5638 quod
1454 5569 1660 5641 psalmo
1693 5571 2042 5641 quadragesi-

475 5675 564 5714 mo
603 5669 795 5731 quarto
839 5660 1118 5716 Psalmista
1165 5662 1277 5731 ipse
1323 5662 1451 5717 dicit
1490 5662 1556 5717 ad
1612 5662 1803 5717 Filium
1838 5682 1849 5716 :
1885 5682 1903 5713 ι
1936 5664 2041 5717 Ex-

474 5767 635 5820 surge
674 5752 838 5822 gloria
863 5768 980 5807 mea
1017 5750 1189 5823 (Psal.
1216 5742 1391 5818 xvnn,
1434 5777 1449 5807 ι
1485 5764 1538 5809 et
1569 5765 1781 5809 czctera.
1810 5754 2039 5810 Secutus

478 5849 553 5933 pst
584 5842 725 5895 enim
752 5841 939 5908 Filius,
968 5844 1092 5913 quia
1123 5845 1237 5899 voci
1272 5844 1388 5914 ejus
1415 5846 1670 5901 obcdiens
1702 5847 1858 5901 tertia
1890 5847 1975 5901 die
2011 5863 2039 5899 a

843 6499 1186 6507 A_______)—

684 6499 1186 6510 ____________

2071 1919 2121 1979 B

2148 652 2448 723 Exsurgam
2473 655 2728 712 diluculo.
2758 676 2776 708 ι
2808 656 2986 713 Dabit.
3022 677 3043 710 ι
3088 658 3231 714 Deus
3270 661 3533 718 subaudis
3570 663 3751 722 Pater

2153 761 2172 793 ι
2194 741 2246 811 in
2272 752 2560 816 conspectu
2586 743 2722 812 ejus,
2750 763 2770 797 ›
2790 746 2843 800 id
2856 755 2936 800 est
2953 746 3092 810 Filii,
3117 765 3136 798 ι
3163 757 3353 821 gentes
3370 769 3387 801 ι
3407 753 3745 822 etpopulos,

2146 830 2417 899 videlicet,
2457 833 2547 902 qni
2581 835 2635 889 in
2663 849 2787 889 eum
2816 836 3073 891 credituri
3096 846 3225 892 sunt
3268 857 3287 889 ι
3324 848 3380 893 et
3410 855 3575 911 reges
3604 842 3747 899 obti-

2146 922 2295 977 nebit
2342 942 2361 976 ι
2420 937 2518 994 per
2560 926 3003 995 praedicationem
3058 930 3431 999 apostolorum
3480 949 3741 992 suorum.

2145 1013 2296 1070 Multi
2337 1017 2482 1071 enim
2525 1034 2681 1089 reges
2709 1027 2765 1075 et
2802 1021 3078 1091 principes
3120 1026 3549 1095 prazdicantibus
3602 1046 3741 1101 apo—

2144 1104 2299 1175 stolis
2332 1107 2401 1168 ad
2428 1106 2588 1163 ﬁdem
2611 1109 2824 1165 Domini
2846 1122 3130 1177 venerunt.
3163 1133 3181 1167 ι
3212 1114 3373 1173 Dabit
3407 1134 3428 1170 ι
3462 1118 3618 1177 Deus
3639 1119 3741 1178 Pa-

2146 1201 2230 1265 ter
2253 1196 2630 1267 omnipotens;
2664 1199 2841 1271 gladio
2862 1200 2999 1270 ejus,
3021 1222 3039 1254 ι
3064 1204 3167 1259 hoc
3190 1215 3274 1261 est
3288 1206 3562 1263 doctrina:
3573 1224 3738 1265 evan-

2144 1284 2328 1355 gelica:
2359 1285 2479 1372 Filii
2514 1289 2595 1352 sui
2618 1329 2632 1352 ,
2662 1291 2967 1359 contrarias
3002 1299 3298 1364 potestates
3319 1315 3337 1349 ‹
3356 1300 3515 1366 quasi
3552 1299 3737 1370 pulve-

2144 1390 2284 1441 rem,
2309 1377 2448 1432 sicut
2472 1379 2723 1449 stipulam
2739 1391 2950 1455 raptam
2973 1398 3002 1439 a
3022 1394 3184 1441 vento
3204 1387 3355 1445 dabit
3370 1391 3527 1445 arcui
3550 1389 3733 1456 ejus.)

2144 1468 2247 1523 hoc
2260 1477 2342 1524 est
2364 1473 2616 1539 potestati
2641 1473 2785 1528 illius
2802 1490 2993 1546 omnes
3019 1477 3363 1541 adversarios
3390 1480 3535 1548 ejus.
3552 1470 3731 1539 Evané

2142 1558 2310 1629 gelica
2340 1560 2583 1617 doctrina
2616 1563 2828 1635 gladius
2848 1573 2952 1631 est,
2978 1575 3034 1622 et
3059 1567 3281 1623 verbum
3302 1572 3730 1640 prmdicationis,

2143 1665 2262 1719 qua:
2284 1660 2432 1706 secat
2458 1653 2647 1709 dividit
2671 1669 2799 1713 suos
2822 1656 3197 1714 observatores
3222 1675 3254 1714 a
3282 1661 3521 1730 collegio
3553 1678 3732 1733 repro-

2142 1739 2356 1807 borum.
2385 1741 2462 1796 De
2489 1743 2591 1799 hoc
2615 1744 2793 1815 gladio
2818 1746 2953 1801 dicit
2969 1747 3258 1818 Apostolus
3285 1768 3299 1804 :
3339 1769 3357 1823 ς
3392 1750 3462 1806 Et
3494 1752 3729 1827 gladius,

2144 1831 2287 1900 quod
2311 1840 2395 1887 est
2422 1834 2643 1889 verbum
2663 1835 2757 1890 Dei
2785 1833 2998 1907 (Ephes.
3023 1837 3121 1909 vi).
3156 1858 3177 1892 ›

2222 1960 2241 1993 α
2271 1942 2630 2017 Persequetur
2673 1962 2787 2014 eos,
2818 1969 2837 2001 ι
2869 1963 3025 2018 reges
3071 1951 3326 2009 videlicet
3352 1963 3411 2010 et
3455 1955 3727 2027 principes

2144 2035 2410 2104 gentium,
2439 2036 2532 2107 qui
2558 2039 2611 2093 in
2644 2055 2767 2094 eum
2791 2042 3016 2098 credere
3042 2043 3365 2111 noluerunt;
3416 2066 3437 2099 ι
3473 2050 3722 2107 transibit

2144 2124 2199 2180 in
2231 2140 2365 2194 pace
2397 2145 2415 2178 ›
2445 2127 2512 2182 de
2548 2131 2748 2190 mundo
2777 2131 2846 2185 ad
2883 2131 3123 2199 Patrem,
3160 2149 3362 2190 vocans
3395 2148 3631 2193 cunctos
3659 2139 3721 2193 ad

2143 2229 2355 2291 pacem,
2385 2225 2444 2271 ut
2479 2220 2896 2276 reconcilientur
2930 2221 3043 2278 Dee
3070 2242 3084 2277 :
3117 2243 3136 2275 ι
3169 2227 3361 2281 semita
3402 2227 3461 2281 in
3503 2230 3717 2298 pedibus

2144 2305 2262 2375 ejus
2295 2322 2401 2362 non
2430 2310 2733 2385 apparebit,
2765 2330 2787 2363 ι
2814 2312 2870 2366 id
2894 2321 2996 2377 est,
3032 2312 3274 2370 laborem
3313 2317 3415 2371 via:
3449 2332 3559 2372 non
3599 2335 3709 2374 sea-

2143 2398 2262 2464 tiet,
2296 2414 2396 2454 nec
2448 2399 2685 2472 aliquam
2721 2401 3113 2460 imbecillitatis
3159 2406 3417 2462 humana:
3459 2407 3701 2465 lassitudi-

2143 2501 2288 2543 nem.

2220 2615 2239 2651 ι
2270 2597 2402 2665 Quis
2447 2609 2702 2670 operatus
2746 2611 2832 2658 est
2875 2604 2993 2660 haec
3021 2613 3077 2661 et
3116 2605 3283 2661 fecit?
3314 2626 3334 2658 ι
3369 2605 3489 2663 Hoc
3537 2617 3614 2662 est
3644 2624 3703 2662 ea

2142 2704 2263 2759 quae
2290 2691 2540 2760 superius
2577 2691 2833 2748 diximus.
2877 2692 3009 2761 Quis
3043 2695 3299 2751 videlicet
3321 2711 3481 2767 reges
3504 2705 3559 2752 et
3578 2698 3712 2767 prin-

2142 2781 2288 2851 cipes
2313 2782 2536 2837 tradidit
2562 2785 2734 2848 arcui,
2758 2793 2813 2839 et
2836 2785 3015 2854 gladio
3042 2785 3165 2841 Filii
3195 2786 3330 2843 Dei?
3354 2807 3373 2839 σ
3392 2789 3463 2841 Ει
3485 2789 3605 2857 quis
3620 2803 3710 2843 vo-

2143 2871 2287 2947 cavit
2328 2890 2348 2923 »
2388 2871 2457 2927 ab
2484 2871 2709 2929 Oriente
2746 2872 2954 2942 justum
2987 2893 3006 2926 ι
3038 2891 3240 2931 vocans
3272 2878 3659 2947 generationes,
3686 2896 3707 2926 ι

2144 2964 2397 3021 subaudis
2418 2965 2487 3020 ad
2518 2966 2682 3022 fidem
2713 2985 2734 3019 ‹
2753 2967 2823 3023 ab
2842 2969 3067 3024 exordio
3096 2969 3324 3023 mundi?
3342 2989 3360 3019 ι
3381 2969 3578 3038 Utique
3605 2968 3707 3032 ille,

2143 3041 2490 3129 qui'cunctis
2540 3048 2861 3116 tacentibus.
2907 3060 3227 3130 sibimetipsi
3273 3061 3574 3133 respondit,
3633 3062 3708 3115 di-

2149 3144 2282 3204 cens
2305 3149 2502 3220 (Infra.
2534 3166 2679 3215 μιν,
2712 3161 2767 3207 et
2795 3151 2990 3223 xxvm)
3028 3169 3040 3205 :
3164 3161 3169 3167 ‘

2222 3266 2241 3303 ι
2279 3248 2391 3319 Ego
2422 3250 2682 3306 Dominus
2706 3251 2935 3318 primus,
2966 3270 2986 3302 ι
3009 3250 3062 3305 id
3083 3258 3171 3306 est
3189 3260 3312 3305 ante
3329 3265 3478 3318 quem
3498 3250 3687 3313 nullus,

2151 3356 2171 3388 ‹
2201 3344 2255 3391 et
2277 3338 2603 3392 novissimus
2630 3359 2649 3391 ι
2677 3350 2801 3409 post
2818 3353 2979 3409 quem
3006 3339 3205 3404 nullus,
3242 3359 3262 3391 ι
3286 3339 3384 3410 Ego
3406 3353 3518 3392 sum
3555 3357 3573 3388 ι
3599 3339 3686 3407 qui

2147 3428 2261 3484 haec
2282 3430 2462 3483 omnia
2487 3429 2665 3485 futura
2686 3433 2909 3503 praedixi
2926 3441 2980 3487 et
3001 3448 3167 3503 opere
3188 3425 3600 3502 adimplevi.lste
3620 3440 3702 3485 est

2146 3518 2235 3587 qui
2271 3520 2323 3573 in
2347 3517 2670 3591 Apocalypsi
2688 3519 2910 3576 Joannis
2939 3521 3235 3592 loquituru
3272 3522 3383 3592 Ego
3410 3537 3528 3575 sum
3545 3520 3704 3590 Alplta

2146 3617 2201 3697 et
2215 3607 2437 3681 Omega,
2455 3610 2558 3666 hoc
2572 3620 2655 3666 est
2674 3612 3000 3682 principium
3011 3622 3067 3667 et
3082 3613 3207 3669 ﬁnis
3221 3614 3406 3685 (Apoc.
3423 3629 3439 3666 ι
3457 3612 3673 3683 etuti).
3686 3631 3703 3662 ι

2222 3737 2241 3769 ι
2277 3716 2539 3773 Viderunt
2576 3737 2594 3771 ο
2630 3718 2801 3775 Deum
2850 3735 2948 3790 per
2996 3722 3156 3777 fidem
3186 3742 3205 3774 ι
3240 3721 3452 3786 insulae,
3494 3741 3513 3773 ι
3557 3723 3610 3776 id
3637 3730 3714 3776 est

2146 3796 2333 3878 gentes
2379 3807 2652 3873 Ecclesiae,
2694 3825 2815 3879 quae
2845 3811 3032 3865 mundi
3074 3809 3235 3879 hujus
3281 3812 3553 3867 sustinent
3587 3821 3712 3865 tem-

2144 3906 2401 3967 pestates,
2439 3917 2458 3949 ι
2493 3908 2549 3953 et
2574 3899 2871 3956 timuerunt
2899 3919 2917 3953 ι
2953 3916 3075 3955 eum
3105 3903 3231 3972 quia
3261 3902 3481 3956 initium
3510 3903 3714 3972 sapien-

2144 3986 2233 4040 tize
2266 3986 2425 4064 timor
2463 3987 2693 4043 Domini.
2722 3988 2785 4042 Et
2809 3989 2924 4055 sine
2950 3989 3142 4045 timore
3175 3978 3395 4046 difﬁcile.
3421 4002 3519 4044 aut
3546 3991 3715 4045 nulla-

2144 4086 2299 4131 tenus
2324 4078 2551 4132 virtutes
2573 4079 2970 4134 custodiuntur.
3007 4099 3024 4129 ι
3058 4079 3317 4135 Extrema
3350 4089 3514 4135 terrae
3542 4082 3716 4136 obstu-

2142 4158 2397 4237 puerunt,
2443 4189 2462 4219 ι
2496 4168 2754 4225 subaudis
2798 4171 3076 4229 audientes
3118 4172 3561 4240 prmdicationem
3602 4186 3717 4243 apo-

2143 4256 2425 4312 Stolorum.
2447 4259 2502 4312 In
2525 4274 2738 4315 onmem
2758 4260 2902 4315 enim
2926 4269 3126 4317 terram
3140 4262 3308 4316 exivit
3330 4276 3498 4318 sonus
3509 4279 3715 4326 eorum;

2147 4366 2166 4431 ᾳ
2204 4343 2790 4431 appropinquaverunt,
2828 4369 2845 4399 ι
2867 4349 3122 4413 subaudis
3152 4350 3219 4405 ad
3241 4350 3411 4406 Deum
3432 4368 3534 4422 per
3565 4353 3718 4407 fidem

2147 4428 2165 4491 ἀ
2197 4428 2256 4494 et
2293 4452 2637 4517 accesserunt
2664 4432 2688 4493 ⁷»
2717 4451 2907 4511 εθηῑθε
2928 4458 3032 4501 non
3073 4442 3190 4498 loco
3226 4445 3321 4500 sed
3352 4446 3569 4511 merito,
3601 4449 3716 4517 quia

2142 4521 2299 4601 lange
2326 4539 2482 4586 erant
2516 4533 2584 4586 ab
2616 4532 2725 4586 illo.

2220 4659 2238 4691 ι
2274 4641 2650 4713 Unusquisque
2680 4665 2697 4695 ι
2743 4645 2999 4702 subaudis
3037 4647 3369 4701 credentium
3416 4666 3435 4698 ι
3475 4649 3721 4717 pmximo

2146 4745 2243 4785 suo
2269 4751 2286 4783 ι
2328 4731 2430 4786 hoc
2466 4742 2549 4788 est
2586 4734 2744 4787 fratri
2787 4747 2885 4788 suo
2925 4734 3165 4788 credenti
3202 4752 3220 4785 ί
3253 4734 3635 4801 auxiliabilur,
3671 4745 3720 4788 et

2146 4818 2299 4873 fratri
2330 4835 2426 4875 suo
2452 4821 2589 4875 dicet
2616 4839 2628 4874 :
2667 4841 2684 4873 ι
2714 4821 3031 4895 Cont‘ortare
3065 4841 3081 4874 ι
3111 4823 3165 4876 in
3192 4822 3297 4878 ﬁde
3324 4822 3552 4878 Christi.
3584 4823 3721 4879 Gen-

2146 4908 2256 4968 tilis
2275 4910 2539 4979 quispiam
2561 4926 2850 4966 conversus
2873 4913 2939 4968 ad
2962 4912 3118 4969 fidem
3140 4910 3723 4979 Christi,confortatns

2147 5015 2229 5060 est
2251 5005 2362 5075 jam
2394 5008 2445 5060 in
2476 5007 2585 5062 illo.
2617 4992 3025 5087 Ferramentum
3051 5010 3225 5064 adhuc
3250 5024 3357 5065 non
3382 5010 3621 5081 pleniter
3645 5026 3720 5065 so.

2140 5097 2386 5163 lidatum,
2417 5100 2470 5152 in
2498 5094 2606 5154 Deo
2632 5100 3045 5156 confortabitur.
3212 5095 3219 5101 “
3268 5096 3269 5101 “

2217 5228 2233 5259 ‹
2258 5207 2594 5263 Coufortavit
2616 5209 2768 5264 faber
2791 5211 3016 5266 aerarius
3046 5211 3353 5279 percutiens
3386 5211 3624 5281 formam
3656 5213 3721 5266 si—

2140 5298 2394 5353 mulacris
2419 5298 2629 5362 malleo,
2653 5299 2743 5368 qui
2773 5299 3004 5359 cudebat
3033 5310 3161 5356 tunc
3187 5301 3445 5371 temporis
3466 5321 3485 5353 ι
3504 5302 3720 5371 quando

2141 5390 2278 5444 idola
2301 5389 2551 5444 colebant
2567 5409 2585 5439 ι
2607 5391 2792 5444 dicens
2811 5408 2821 5443 :
2839 5389 3058 5446 Glutino
3080 5410 3099 5442 ›
3120 5392 3222 5446 hoc
3242 5391 3720 5457 est,solidamento

2149 5501 2166 5531 ι
2197 5481 2393 5534 bonum
2408 5487 2511 5544 est,
2545 5500 2561 5530 ι
2594 5479 2735 5534 istud
2763 5479 3048 5550 glutinum,
3078 5499 3094 5532 ι
3117 5490 3171 5536 et
3193 5481 3519 5550 confortavit
3536 5497 3663 5535 eum
3695 5498 3716 5559 ξ

2142 5570 2399 5624 subaudis
2431 5570 2593 5623 Deum
2624 5586 2777 5625 suum
2811 5572 2864 5625 in
2897 5591 2912 5621 ι
2944 5572 3110 5627 clavis
3147 5581 3203 5625 ut
3240 5588 3345 5627 non
3382 5582 3714 5637 moveaturi

2144 5661 2398 5715 subaudis
2426 5661 2473 5715 si
2499 5663 2701 5716 venerit
2730 5671 2937 5717 ventus.
2973 5663 3035 5716 El
3067 5679 3255 5719 sensus
3284 5663 3441 5732 hujus
3463 5662 3717 5727 versiculi

2146 5754 2267 5813 ta'is
2295 5762 2414 5807 est:
2450 5753 2538 5806 lllc
2567 5754 2657 5823 qui
2699 5754 2967 5824 perfectus
3001 5755 3171 5810 fuerat
3214 5758 3267 5810 in
3311 5756 3444 5820 fide,
3487 5756 3712 5810 auxilia-

2180 5846 2285 5900 itur
2310 5844 2462 5899 fratri
2486 5861 2582 5901 suo
2608 5847 2789 5901 dicens
2819 5866 2830 5902 :
2860 5846 3019 5903 Vides
3048 5847 3150 5902 ista
3177 5848 3336 5915 idola,
3361 5846 3547 5915 frater,
3571 5854 3717 5914 certe
