4016 6468
1302 446 1665 533 Comatam.
1703 466 1772 523 lN
1804 463 1899 521 ISA

2006 462 2057 515 li.
2087 491 2154 500 -—
2185 458 2313 525 LIB.
2352 455 2414 517 ll.
3411 439 3516 493 918

264 508 369 564 9l7

268 631 380 672 non
405 619 530 670 sunt
557 608 666 666 dii:
697 603 789 663 sed
814 615 976 674 opera
1002 609 1259 653 manuum
1286 590 1566 647 hominum
1594 582 1757 641 surda
1785 588 1840 635 et
1866 583 1913 641 Α
1943 583 2129 630 turans
2152 612 2167 636 ,

2215 580 2271 625 et
2312 581 2479 639 quare
2526 564 2722 619 habeat
2771 568 2948 616 rostra
2994 553 3278 613 serrantia.
3328 553 3528 615 Altiori
3630 584 3647 591 ‹

272 642 380 672 “Du
405 642 530 670 bunt
557 642 630 666 υιι
654 650 666 664 ι
697 642 789 663 anu
885 642 976 658 νιιι
1004 642 1259 653 ’που-σα---
1288 642 1449 647 --ν-,εν
1485 642 1495 644 ε

272 713 445 768 muta,
473 699 787 757 confortare
808 642 994 749 i‘nrﬁde
1019 689 1113 745 Dei
1138 684 1247 741 vivi
1274 690 1331 739 et
1352 680 1487 737 veri.
1946 676 2076 716 vero
2099 656 2453 729 intelligentia
2480 654 2582 709 hoc
2605 649 2891 723 signiﬁcat,
2914 646 3040 718 quia
3065 642 3375 714 praedicatio
3397 657 3526 712 apo-

1546 767 1551 768 ,
1629 767 1636 768 ,
1980 761 1992 768 .
2034 751 2048 768 I
2066 766 2075 768 -
2104 765 2199 768 κηα-
2261 746 2483 768 _-_.-_2e
2537 743 2831 768 ...ι-...η-ζιιη
2875 746 3170 768 ηλιηοοηθιιις
3261 742 3314 768 ΔΙ
3361 734 3525 768 εηῖκῖι-

349 734 421 759 ιιᾰι
473 734 780 757 υυιιιυιιαιυ
809 734 863 749 ιιι
891 734 994 747 ιινιν
1023 734 1113 745 υν-
1153 734 1247 741 η.-
1280 734 1328 739 ν-
1369 734 1375 736 ν
1398 734 1463 737 ,η

349 814 368 850 ι
389 744 458 850 E’t
477 802 534 848 tu
551 787 737 854 Israel,
767 799 922 842 serve
936 771 1089 838 metis
1109 777 1292 839 Iacob,
1320 786 1478 844 quem
1507 767 1642 838 elegi
1666 777 1849 820 semen
1949 751 2205 807 stolorum
2253 746 2485 804 conterit
2533 743 2834 799 contrarias
2875 746 3173 810 potestates
3196 777 3211 802 ,
3261 742 3314 790 et
3361 734 3525 805 spiri-

1956 850 1966 854 -
2046 840 2059 854 ι
2222 852 2232 854 μ
2302 837 2399 854 νηρμ
2418 851 2459 854 κμ
2497 832 2786 854 -ι----.ε.-...
2817 846 2872 854 ..Α
2902 837 3082 854 ,ιι-...Α
3106 825 3386 854 ρηζηηίξη-νι
3407 824 3502 854 nn:

273 887 551 944 Abraham
581 879 741 937 amici
769 876 910 941 mei,
946 874 1002 928 in
1033 884 1161 941 quo,
1188 886 1207 920 ι
1242 866 1296 922 id
1324 872 1439 929 est,
1484 862 1541 915 in
1580 856 1849 914 Abraham

282 998 301 1033 ι
334 973 666 1050 apprehendi
690 979 764 1027 te.
795 989 815 1023 ι
866 965 1035 1022 Judaei
1061 964 1165 1018 hoc
1201 960 1266 1015 de
1305 972 1365 1013 se
1400 951 1705 1050 intelligunt
1728 987 1743 1012 ,
1787 959 1854 999 eo

276 1069 422 1142 quod
447 1084 513 1123 ex
542 1065 749 1122 semine
772 1059 1003 1121 Abrahae
1037 1050 1399 1109 recesserint:
1435 1045 1530 1101 sed
1555 1039 1745 1097 melius
1772 1043 1859 1091 est

274 1126 340 1217 ιῖι
369 1159 437 1214 ad
466 1153 806 1228 spiritualem
831 1146 998 1205 Israel
1027 1143 1159 1200 illud
1187 1140 1486 1201 referamus
1504 1175 1519 1200 ,
1550 1135 1653 1189 hoc
1678 1126 1763 1184 est
1790 1126 1858 1181 ad

280 1224 552 1322 apostolos
596 1245 691 1318 qui
734 1259 803 1300 ex
848 1241 1056 1298 semine
1095 1234 1327 1291 Abrahae
1375 1224 1659 1301 prapagati
1709 1227 1855 1278 sunt.

281 1317 723 1407 B-landieutisque
747 1332 941 1389 aﬁ'ectu
969 1324 1260 1396 alloquitur
1282 1322 1457 1391 ipsum
1484 1317 1708 1407 chorum
1735 1322 1862 1407 apo-

284 1429 548 1485 stolorum
576 1400 762 1481 dicens
786 1440 799 1477 :
823 1421 892 1475 Et
918 1426 979 1474 tu
1005 1414 1169 1477 Israel
1196 1426 1349 1468 serve
1377 1422 1546 1464 meus.
1571 1400 1863 1473 Prophetia

283 1537 393 1577 non
421 1525 604 1576 servat
629 1515 877 1573 ordinem
904 1507 1167 1566 historiae.
1201 1503 1335 1557 Post
1357 1495 1694 1556 vocationem
1720 1490 1865 1546 enim

287 1610 526 1682 gentium
547 1604 795 1678 quaedam
814 1600 1068 1657 viderunt
1091 1592 1299 1658 insulze,
1325 1597 1381 1644 et
1408 1587 1724 1641 timuerunt.
1755 1578 1866 1633 Vo-

286 1670 483 1758 cantur
506 1670 835 1768 et—apostoli,
862 1699 918 1747 et
945 1687 1321 1745 confortantur
1347 1680 1412 1736 ab
1435 1677 1525 1734 illo
1548 1673 1761 1749 (Matth.
1783 1670 1864 1741 x).

288 1797 368 1853 De
387 1795 508 1850 istis
530 1766 773 1862 loquitur
788 1794 843 1844 et
865 1781 1239 1853 Evangelium,
1260 1776 1386 1847 quia
1409 1772 1568 1862 elegit
1589 1766 1871 1862 duodecim

293 1882 583 1953 discipulos
630 1894 766 1949 quos
811 1871 1083 1944 apostolos
1128 1863 1427 1923 nominavit

294 1972 589 2029 notandum
608 2011 624 2038 ,
654 1969 781 2038 quia
809 1965 1042 2037 primum
1072 1966 1335 2015 vocantur
1361 1951 1536 2016 servi,

295 2060 594 2131 amicitiam
650 2035 1084 2113 introducantur.
1152 2048 1327 2102 Antea
1376 2042 1520 2098 enim
1570 2035 1877 2107 accepimus

298 2128 548 2225 spiritum
588 2148 865 2207 servitutis
904 2148 959 2202 in
997 2146 1277 2206 timorem,
1318 2146 1375 2195 et
1403 2144 1590 2208 postea
1622 2129 1779 2188 electi
1819 2128 1875 2183 in

297 2244 598 2300 amicitiam
626 2243 721 2298 Dei
753 2240 1050 2312 iungimur.
1102 2235 1300 2291 Semen
1326 2229 1559 2287 Abrahae
1590 2232 1874 2288 vocantur,

299 2335 428 2406 quia
459 2350 569 2390 non
614 2333 787 2388 solum
829 2329 1123 2387 secundum
1153 2340 1376 2383 carnem
1402 2323 1471 2378 de
1497 2320 1642 2375 illius
1670 2316 1879 2387 origine

300 2426 732 2482 descenderunt:
776 2423 869 2478 sed
909 2422 1036 2492 quia
1077 2420 1238 2474 ﬁdem
1272 2417 1504 2473 Abrahae
1541 2413 1880 2475 habuerunt,

302 2523 360 2573 et
396 2515 711 2573 obedientes
750 2513 863 2569 Deo
904 2510 1247 2566 exstiterunt.
1300 2505 1358 2560 ln
1402 2505 1513 2570 illo,
1560 2503 1665 2558 hoc
1701 2508 1784 2556 est
1826 2498 1883 2553 in

302 2608 615 2674 Abraham,
664 2602 1019 2677 apprehendit
1053 2616 1151 2675 eos
1195 2598 1264 2654 ab
1303 2595 1563 2654 extremis
1591 2604 1782 2657 terrm,
1830 2598 1887 2645 et

309 2716 340 2756 a
358 2699 668 2772 longinquis
692 2696 808 2766 ejus
837 2696 1034 2750 ﬁnibus
1053 2690 1265 2747 vocavit
1284 2703 1408 2744 eos:
1428 2685 1553 2758 quia
1578 2685 1646 2740 de
1669 2683 1889 2737 univer-

309 2790 386 2844 sis
414 2771 721 2844 nationibus
752 2783 1099 2855 congregavit
1123 2779 1337 2836 Judteos
1361 2778 1416 2833 in
1440 2775 1636 2846 quibus
1663 2771 1890 2842 dispersi

309 2887 486 2943 erant,
508 2885 562 2932 et
582 2877 735 2933 multi
759 2891 823 2931 ex
848 2876 925 2929 eis
948 2890 1045 2944 per
1068 2869 1504 2943 prmdicationem
1526 2862 1889 2935 apostolorum

313 2969 676 3024 crediderunt.
709 2965 829 3021 Tibi
861 2974 1065 3029 autem,
1092 2978 1126 3018 o
1153 2962 1354 3018 chorus
1384 2954 1774 3026 apostolorum,
1799 2950 1894 3021 qui

312 3077 373 3116 es
399 3075 587 3115 servus
615 3075 764 3115 meus
792 3069 846 3114 et
874 3057 1076 3112 electus
1103 3069 1277 3118 meus,
1306 3051 1397 3121 qui
1422 3046 1813 3120 praedicaturus
1836 3057 1896 3097 es

316 3151 566 3223 gentibus
602 3159 657 3205 et
691 3148 1095 3221 persecutiones
1123 3144 1386 3216 plurimas
1406 3155 1504 3213 pro
1522 3137 1739 3195 nomine
1776 3148 1899 3192 meo

314 3258 598 3314 passurus,
627 3243 748 3298 dico
774 3260 786 3296 :

1473 1860 1625 1932 (Luc.
1652 1856 1749 1928 Vl).
1805 1854 1873 1908 Et

395 3352 413 3385 ι
443 3333 522 3389 Νε
550 3334 742 3387 timeas
774 3352 793 3385 ›
842 3347 872 3385 a
902 3330 1039 3384 l‘acie
1064 3333 1471 3398 persecutorum
1506 3341 1524 3375 ι
1552 3320 1678 3390 quia
1720 3327 1899 3372 tecum
1927 3292 1974 3356 Ε
2005 3306 2156 3361 sitire
2188 3322 2201 3357 ε
2234 3302 2327 3357 sed
2354 3299 2567 3371 aperuit
2590 3299 2643 3351 in

320 3438 442 3477 sum
479 3437 577 3491 ego
606 3441 624 3472 ι
676 3422 813 3475 sicut
855 3419 966 3474 dixi
1001 3417 1098 3471 tibi
1134 3417 1188 3470 in
1221 3402 1549 3483 Evangelia:
1581 3427 1600 3461 ι
1632 3409 1772 3463 Ecce
1804 3419 1904 3476 ego

325 3513 605 3568 vobiscum
634 3527 751 3566 sum
778 3509 1028 3564 omnibus
1056 3506 1245 3561 diebus
1273 3518 1443 3573 usque
1469 3502 1536 3556 ad
1562 3511 1904 3555 consumma-

325 3604 529 3659 tionem
559 3602 741 3657 sreculi
764 3599 978 3670 (Matth.
1012 3595 1219 3667 xxvui).
1256 3615 1273 3647 ι
1323 3613 1341 3645 ι
1374 3592 1451 3647 Νε
1477 3590 1714 3646 declines
1739 3605 1770 3643 a
1796 3600 1903 3653 me,

326 3695 453 3767 quia
481 3708 580 3763 ego
606 3693 748 3748 Deus
775 3699 919 3753 tuus,
951 3709 969 3741 ›
1018 3686 1277 3744 subaudis
1310 3699 1428 3739 sum
1458 3682 1663 3736 veritas
1692 3688 1747 3733 et
1772 3678 1902 3731 vita.

332 3784 446 3837 Non
476 3797 646 3847 erres,
680 3797 748 3837 ne
775 3789 826 3835 te
858 3779 990 3833 falsa
1015 3776 1294 3847 persuasio
1320 3773 1584 3843 decipiat,
1624 3770 1768 3841 quod
1805 3769 1911 3823 tuis

331 3876 540 3930 viribus
582 3874 787 3945 peritus
833 3871 1037 3943 sylvam
1083 3869 1319 3939 gentium
1364 3872 1646 3935 penetres,
1683 3870 1739 3917 et
1773 3860 1913 3916 fero-

333 3966 580 4021 cissimas
607 3965 853 4019 nationes
878 3961 942 4015 ad
970 3959 1434 4045 mansuetudinem
1458 3955 1731 4025 Evangelii
1755 3968 1914 4008 voces

335 4056 516 4128 (Joan.
546 4056 678 4125 xiv).
727 4074 746 4105 ι
774 4050 1081 4109 Confortavi
1114 4059 1165 4104 te
1184 4043 1207 4113 ,’
1240 4056 1295 4102 et
1322 4046 1609 4101 auxiliatus
1635 4059 1751 4099 sum
1783 4043 1858 4097 tui
1891 4062 1908 4094 ι

336 4162 370 4199 o
397 4144 594 4199 chorus
623 4142 985 4213 apostolorum
1013 4158 1025 4192 :
1068 4158 1085 4189 ι
1116 4147 1170 4193 ει
1199 4136 1434 4206 suscepit
1458 4144 1508 4189 te
1532 4135 1751 4189 dextera
1784 4132 1917 4203 justi

338 4236 468 4302 mei,
498 4256 516 4289 ι
546 4235 598 4291 id
621 4243 721 4299 est,
749 4231 989 4304 potentia
1010 4230 1131 4284 Filii
1155 4228 1260 4283 mei
1288 4224 1590 4283 confortavi
1617 4233 1687 4279 te.

416 4351 436 4384 ι
464 4330 687 4394 Omnes,
717 4349 737 4383 ι
772 4323 1214 4384 subaudis‘Judaci
1260 4322 1373 4377 sive
1395 4318 1623 4391 gentiles
1657 4335 1674 4367 ι
1703 4315 1793 4385 qui
1825 4328 1920 4385 pu-

340 4433 505 4495 gnant
532 4423 817 4479 adversum
850 4429 921 4483 te,
951 4425 1113 4472 erunt
1141 4414 1295 4485 quasi
1327 4428 1435 4467 non
1467 4410 1593 4474 sint,
1625 4408 1750 4477 quia
1778 4405 1922 4474 peri—

343 4516 478 4570 bunt
505 4534 523 4567 ι
559 4529 587 4567 a
616 4511 754 4567 facie
777 4517 979 4564 vestra.

421 4624 439 4657 ‹
468 4605 579 4676 Ego
608 4602 868 4657 Dominus
899 4595 1309 4668 apprehendens
1348 4605 1568 4646 manum
1600 4597 1769 4652 tuam,
1803 4604 1821 4638 ι
1870 4586 1923 4641 id

346 4705 431 4755 est
451 4694 820 4767 operationem
846 4699 1014 4757 tuam,
1044 4696 1098 4743 et
1120 4701 1219 4757 ego
1245 4681 1424 4752 adjuvi
1451 4691 1525 4747 te,
1566 4695 1665 4751 pro
1689 4694 1754 4734 eo
1780 4677 1923 4746 quod

349 4798 433 4846 est
457 4786 722 4859 adjuvabo
744 4791 818 4839 te.

292 4862 303 4886 ⁸
428 4899 448 4930 ‹
478 4858 597 4934 Noli
636 4876 851 4938 timere,
881 4870 1082 4927 vermis
1109 4867 1295 4932 Iacob,
1326 4865 1417 4935 qui
1447 4862 1642 4918 mortui
1686 4858 1819 4916 estis
1857 4874 1923 4914 ex

352 4970 517 5027 Israel
544 4988 567 5023 ι
609 4965 865 5024 subaudis
891 4970 1131 5035 peccato.
1165 4958 1377 5014 Vermis
1405 4955 1703 5027 appellatur
1732 4954 1931 5008 chorus

357 5062 718 5134 apostolorum
747 5065 967 5129 propter
995 5052 1376 5116 humilitatem,
1410 5048 1627 5103 imitans
1657 5045 1806 5101 illum
1837 5044 1931 5114 qui

358 5155 490 5209 dicit
532 5154 586 5207 in
628 5150 870 5223 psalmo:
908 5167 925 5200 ι
958 5146 1070 5217 Ego
1097 5152 1276 5199 autem
1303 5155 1422 5195 sum
1449 5137 1681 5202 vermis,
1729 5145 1785 5190 et
1824 5150 1932 5189 non

359 5248 522 5301 homo
546 5241 720 5313 (Psal.
745 5238 884 5311 xxx).
912 5258 930 5290 ι
967 5237 1119 5291 Sicut
1147 5234 1290 5289 enim
1314 5229 1515 5285 vermis
1543 5237 1742 5283 terram
1768 5239 1931 5296 pene—

360 5342 492 5398 trat,
514 5333 587 5386 ita
611 5345 788 5386 sermo
808 5327 1134 5399 apostolicus
1163 5324 1401 5395 gentium
1426 5318 1589 5375 corda
1611 5314 1934 5387 penetravit.

365 5423 558 5479 Mortui
582 5427 707 5477 sunt
729 5435 795 5474 ex
817 5418 923 5473 illis
942 5427 1184 5488 peccato,
1201 5415 1293 5483 qui
1315 5412 1499 5467 dicunt
1518 5423 1639 5464 cum
1660 5405 1935 5476 apostolo:

284 5536 285 5539 η
370 5535 387 5567 ι
416 5514 666 5584 Quotidie
704 5509 905 5566 morior
943 5518 1163 5579 propter
1198 5511 1434 5559 vestram
1479 5498 1725 5570 gloriam,
1749 5495 1945 5550 fratres

368 5606 419 5679 (1
452 5604 575 5660 Cor.
602 5601 715 5674 xv).
749 5622 766 5653 ι
822 5601 927 5655 Et:
963 5616 981 5649 ι
1014 5596 1148 5651 Vivo
1175 5602 1353 5649 autem
1375 5590 1487 5660 jam
1527 5603 1633 5643 non
1662 5601 1784 5658 ego,
1815 5584 1948 5639 vivit

373 5675 501 5753 vero
527 5698 580 5752 in
607 5711 694 5750 me
717 5694 965 5750 Christus
984 5686 1125 5761 (Gal.
1148 5687 1230 5758 ιι).
1257 5706 1275 5739 ι
1319 5705 1335 5736 ι
1358 5683 1520 5740 Posui
1544 5688 1595 5737 te
1616 5679 1771 5751 quasi
1796 5675 1948 5748 plau-

372 5800 545 5843 strum
578 5788 833 5842 triturans
866 5797 1097 5847 novum,
1141 5778 1348 5834 habens
1387 5784 1565 5832 rostra
1605 5769 1892 5828 serrantia.
1926 5786 1944 5817 ι

376 5876 583 5953 Str-pius
606 5882 718 5953 jam
740 5895 901 5951 supra
925 5878 1124 5935 dictum
1152 5880 1255 5939 est,
1274 5870 1403 5942 quid
1434 5868 1503 5926 sit
1527 5866 1826 5939 plaustrum
1856 5860 1953 5917 tri-

1952 840 2150 895 tualem
2175 837 2468 911 nequitiam
2490 832 2789 890 elevaritem
2816 846 2874 886 se
2897 837 3085 886 contra
3106 825 3387 883 scientiam
3407 824 3525 879 Dei.

1959 949 1978 983 ι
2008 928 2311 985 Triturabis
2359 933 2599 989 montes,
2650 931 2706 979 et
2754 921 2918 978 colles
2964 918 3318 975 comminues.
3349 934 3368 968 ι
3427 914 3533 969 Ρει·

1954 1028 2187 1087 montes,
2211 1032 2368 1085 reges
2390 1026 2443 1072 et
2463 1023 2758 1089 potestates
2778 1012 2935 1071 istius
2957 1008 3137 1066 saeculi
3158 1008 3531 1077 designantur,

1957 1109 2116 1167 sicuti
2154 1122 2254 1179 per
2281 1106 2444 1162 colles
2470 1104 2696 1161 minoris
2722 1101 2978 1175 potentia:
3002 1109 3058 1155 et
3083 1095 3361 1167 dignitatis
3386 1091 3536 1164 prin-

1959 1203 2127 1273 eipes,
2141 1202 2232 1271 qui
2260 1207 2480 1270 propter
2503 1198 2650 1253 lucra
2680 1192 2997 1266 temporalia
3018 1191 3074 1249 in
3097 1188 3405 1260 superbiam
3429 1184 3540 1240 eri-

1960 1301 2178 1364 guntur.
2227 1291 2520 1347 Possumus
2550 1289 2713 1343 etiam
2740 1287 2937 1352 dicere,
2967 1282 3110 1354 quod
3140 1276 3542 1336 ecclesiasticus

1963 1385 2047 1440 vir
2073 1383 2236 1439 habet
2261 1381 2584 1453 evangelica:
2610 1376 3010 1451 praedicationis
3038 1382 3215 1429 rostra
3251 1368 3542 1433 serrantia,

1963 1484 2024 1530 ut
2048 1483 2297 1530 conterat
2322 1471 2723 1528 incredulorum
2751 1467 3040 1523 durissima
3066 1463 3250 1520 corda.

2043 1584 2061 1622 ι
2089 1565 2155 1619 Ει
2180 1563 2463 1619 ventilabit
2488 1574 2604 1626 eos,
2634 1578 2651 1611 ι
2678 1572 2937 1629 separans
2965 1556 3204 1611 triticum
3222 1568 3252 1607 a
3278 1549 3469 1623 paleis,
3491 1548 3546 1603 id

1970 1664 2085 1720 est,
2125 1668 2315 1709 omnes
2365 1651 2568 1707 electos
2612 1650 2679 1705 ab
2720 1637 3102 1704 haereticorum
3140 1641 3543 1712 conjunctione.

1976 1766 1996 1799 ι
2023 1748 2087 1802 Et
2111 1755 2308 1802 ventus
2339 1743 2488 1799 tollet
2512 1757 2629 1807 eos,
2677 1760 2696 1794 ι
2716 1741 2770 1796 id
2798 1749 2902 1805 est,
2933 1740 3171 1808 ipsorum
3186 1733 3439 1807 superbia
3468 1732 3550 1786 iu-

1975 1841 2205 1897 terﬁciet
2234 1855 2347 1896 eos.
2386 1856 2403 1890 ι
2431 1838 2498 1893 Et
2528 1845 2585 1891 tu
2607 1834 2904 1891 exsultabis
2933 1832 2989 1887 in
3014 1832 3244 1887 Domino
3278 1850 3295 1880 ι
3326 1842 3448 1884 cum
3476 1825 3555 1878 vi—

1579 1918 1775 2004 deinde
1817 1944 1871 1998 in
1897 1941 1947 2003 B
1974 1937 2119 1993 deris
2147 1935 2417 1989 daemones
2444 1929 2661 2001 egredi,
2703 1936 2759 1982 et
2786 1924 3020 1982 humiles
3045 1922 3207 1978 corde
3234 1918 3461 1975 exaltari
3490 1918 3559 1971 ad

1979 2030 2215 2088 culmina
2240 2027 2527 2082 virtutum.
2564 2020 2734 2077 Valde
2775 2019 2919 2074 enim
2956 2014 3126 2087 gavisi
3157 2019 3283 2085 sunt
3310 2008 3558 2081 apostoli,

1977 2135 2101 2176 cum
2130 2133 2227 2189 per
2250 2112 2688 2188 praedicationem
2719 2122 2873 2164 suam
2898 2105 3146 2161 viderunt
3172 2107 3361 2173 gentes
3386 2098 3454 2152 ab
3480 2112 3563 2151 er-

1980 2226 2105 2267 rore
2131 2207 2197 2264 ad
2224 2207 2383 2262 ﬁdem
2409 2202 2675 2260 converti.

2060 2319 2078 2351 ι
2112 2299 2277 2370 Egeni
2308 2304 2363 2352 et
2395 2308 2661 2366 pauperes
2688 2296 2941 2364 qumrunt
2966 2300 3159 2357 aquas,
3182 2291 3236 2337 et
3258 2286 3363 2336 non
3392 2286 3516 2335 sunt
3544 2296 3557 2330 :

1984 2392 2163 2462 lingua
2202 2402 2386 2443 eorum
2412 2385 2503 2440 siti
2540 2384 2701 2438 aruit.
2733 2401 2751 2435 ι
2789 2379 3029 2435 Gentiles
3055 2375 3392 2446 appellantur
3413 2371 3567 2441 egeni

1987 2492 2041 2538 et
2070 2493 2357 2552 pauperes,
2386 2476 2510 2546 quia
2543 2489 2649 2529 non
2678 2471 2947 2527 habebant
2966 2468 3163 2539 legem,
3196 2472 3251 2519 et
3274 2462 3569 2533 prophetas

1985 2590 2089 2630 nec
2130 2568 2422 2642 apostolos,
2468 2579 2642 2635 neque
2681 2563 2913 2633 aliquem
2942 2560 3220 2615 doctorem
3247 2554 3339 2625 qui
3367 2567 3461 2607 eos
3503 2551 3570 2604 ad

1989 2663 2183 2736 gaudia
2211 2659 2404 2732 patriae
2432 2654 2670 2713 caelestis
2701 2652 2984 2715 invitaret,
3028 2657 3084 2703 et
3116 2646 3206 2717 qui
3250 2646 3331 2701 eis
3375 2657 3571 2712 panem

1992 2746 2341 2828 spiritualem'
2368 2753 2693 2823 porrigeret.
2745 2745 2910 2817 Egeni
2955 2742 3182 2823 gentiles
3222 2746 3277 2793 et
3311 2748 3576 2808 pauperes

1994 2855 2242 2922 quaerunt
2273 2859 2462 2915 aquas,
2498 2844 2549 2897 id
2574 2850 2657 2897 est
2676 2838 2979 2894 doctrinam
3010 2820 3371 2904 spiritualem,
3405 2843 3435 2880 a
3464 2824 3577 2880 suis

1995 2916 2351 3018 philosophis,
2383 2944 2438 2991 et
2464 2949 2570 2989 non
2601 2938 2727 2988 sunt
2747 2932 2801 2984 in
2826 2928 2930 2983 illis
2957 2923 3215 2982 doctrina:
3246 2916 3577 2989 spirituales.

1998 3035 2229 3103 ideoque
2255 3031 2437 3098 lingua
2460 3041 2647 3082 eorum
2674 3025 2764 3078 siti
2789 3021 2933 3076 aruit
2964 3019 3079 3074 sine
3115 3016 3235 3084 lege
3262 3028 3323 3066 ac
3352 3008 3582 3081 propbc-
3656 3036 3661 3043 -

2002 3101 2180 3179 tarum
2212 3119 2465 3177 oraculis.
2506 3117 2798 3187 Propterea
2828 3110 3086 3166 Dominus
3113 3107 3255 3161 Deus
3280 3101 3441 3158 Israel
3474 3117 3585 3154 non

2007 3231 2102 3271 eos
2137 3213 2353 3285 penitus
2381 3208 2707 3277 dereliquit,
2755 3220 2855 3259 nec
2896 3204 2948 3256 in
2995 3209 3255 3256 aeternum
3284 3209 3475 3266 passus
3504 3200 3589 3246 est

2677 3296 2883 3365 supinis
2910 3292 3136 3347 collibus
3164 3287 3408 3353 ﬁumina,
3453 3292 3507 3335 et
3536 3283 3589 3335 in

2006 3395 2183 3451 medio
2205 3406 2516 3462 camporum
2539 3388 2734 3443 fontes.
2763 3384 2939 3440 Colles
2965 3384 3019 3437 in
3045 3382 3147 3436 isto
3169 3379 3286 3435 loco
3309 3377 3362 3431 in
3388 3376 3591 3431 bonam

2008 3497 2218 3560 partem
2247 3485 2636 3555 intelliguntur.

2088 3598 2106 3630 ι
2138 3577 2391 3648 Aperiam
2437 3574 2491 3628 in
2530 3573 2736 3643 supinis
2766 3590 2783 3622 ι
2819 3570 2922 3624 hoc
2959 3566 3126 3625 estin
3157 3559 3471 3631 inquinatis,
3504 3555 3591 3611 vel

2011 3645 2306 3726 humilibus
2331 3664 2631 3738 gentibus,«
2652 3661 2892 3723 ﬁumina,
2916 3678 2934 3710 ι
2956 3658 3059 3712 hoc
3072 3664 3157 3709 est
3169 3651 3469 3707 doctrinam
3488 3645 3594 3700 Ve-

2016 3762 2147 3817 teris
2167 3768 2221 3815 et
2241 3735 2374 3813 Novi
2389 3753 2741 3811 Testamenti.
2760 3749 2986 3821 Aperuit
3010 3746 3151 3799 Deus
3174 3740 3515 3810 omnipotens
3540 3735 3593 3788 iu

2018 3852 2310 3909 humilibus
2347 3846 2655 3902 hominibus
2692 3841 2972 3898 scientiam
3009 3836 3314 3891 divinorum
3355 3826 3598 3897 eloquim

2019 3960 2162 4009 rum,
2178 3953 2237 3997 ut
2253 3941 2353 3996 fuit
2365 3938 2748 4007 Hieronymus,
2772 3929 3119 4003 Augustinus,
3135 3921 3473 3983 Ambrosius,
3493 3932 3598 3971 cae-

2020 4036 2228 4105 terique
2256 4033 2504 4087 doctores
2528 4028 2620 4097 qui
2648 4025 2802 4081 nobis
2833 4018 3091 4094 mysteria
3119 4016 3298 4071 divina
3330 4011 3598 4084 patefece—

2022 4137 2169 4192 runt,
2188 4132 2464 4180 sumentes
2490 4136 2657 4193 aquas
2678 4119 2746 4174 ab
2769 4117 2861 4173 illo
2886 4116 2977 4187 qui
3001 4113 3138 4169 dixit
3158 4127 3253 4180 per
3272 4105 3561 4163 Jeremiam
3584 4120 3596 4155 :

2028 4238 2047 4271 ι
2080 4217 2163 4272 Με
2202 4214 2649 4282 derelinquerunt
2679 4209 2884 4263 fontem
2916 4219 3066 4276 aqua)
3095 4202 3233 4257 vivm
3261 4197 3401 4268 (Jer.
3432 4193 3537 4266 tt),
3578 4215 3596 4245 ι

2023 4309 2075 4363 id
2122 4315 2225 4372 est,
2271 4305 2412 4359 dona
2452 4302 2640 4373 gratia:
2675 4298 2909 4370 Spiritus
2954 4293 3147 4357 sancti.
3180 4293 3257 4346 De
3297 4290 3400 4345 hoc
3441 4288 3606 4343 etiam

2023 4397 2243 4452 flumine
2272 4394 2402 4450 dicit
2422 4391 2705 4446 Psalmista
2730 4408 2743 4443 :
2774 4407 2792 4439 ι
2819 4383 3084 4442 Fluminis
3116 4383 3346 4450 impetus
3366 4377 3606 4433 laetiﬁcat

2024 4490 2302 4546 civitatem
2325 4486 2420 4541 Dei
2448 4504 2460 4538 :
2490 4503 2509 4536 ι
2537 4490 2593 4539 ει
2618 4502 2635 4535 ι
2666 4480 2863 4535 ﬁumen
2887 4477 2980 4531 Dei
3006 4474 3268 4546 repletum
3290 4478 3374 4527 est
3394 4467 3551 4538 aquis
3580 4486 3598 4517 ι

2029 4579 2203 4653 (Psal.
2232 4594 2336 4635 XLV
2359 4585 2407 4631 et
2430 4574 2600 4647 μιν).
2635 4571 2790 4640 Quod
2819 4578 3000 4625 autem
3028 4565 3160 4621 dicit
3192 4581 3212 4614 ‹
3240 4569 3296 4617 ει
3335 4560 3390 4614 in
3429 4557 3609 4613 medio

2028 4685 2341 4743 camporum
2359 4668 2560 4733 fontes,
2592 4685 2609 4718 ι
2640 4663 2872 4734 idipsum
2898 4670 2983 4717 est
3008 4666 3068 4711 ut
3087 4653 3336 4726 superius
3352 4649 3608 4706 diximus.

2034 4784 2051 4816 ι
2079 4738 2284 4820 Portam
2312 4763 2585 4818 desertum
2613 4775 2631 4810 ›
2667 4757 2771 4810 hoc
2800 4761 2884 4808 est
2913 4738 3266 4823 gentilitatem
3295 4764 3311 4796 ι
3337 4744 3391 4798 in
3420 4749 3613 4810 stagna

2030 4867 2314 4925 aquarum,
2356 4869 2373 4901 ι
2410 4849 2463 4903 id
2494 4855 2578 4902 est
2609 4843 2887 4900 inﬁuentia
2912 4840 3314 4910 Scripturarum
3351 4852 3368 4884 ι
3407 4841 3462 4887 ει
3496 4838 3608 4883 ter-

2030 4962 2147 4999 ram
2179 4943 2377 4998 inviam
2410 4941 2464 4994 in
2492 4939 2637 4993 rivos
2664 4949 2946 5006 aquarum.
2981 4952 2998 4983 ι
3056 4929 3223 4984 Terra
3254 4925 3398 4980 invia
3424 4919 3610 4991 appel—

2032 5036 2177 5090 latur
2197 5031 2488 5102 gentilitas,
2507 5029 2658 5098 quia,
2689 5035 2814 5082 ante
2842 5025 3127 5080 adventum
3146 5017 3268 5071 Filii
3294 5014 3410 5078 Dei,
3436 5010 3615 5066 nullus

2038 5127 2217 5182 fuerat
2236 5123 2303 5178 ad
2328 5137 2447 5177 eam
2477 5121 2675 5187 missus
2700 5117 2978 5187 pr0pheta,
3014 5109 3192 5165 nullus
3223 5103 3496 5178 apostolus
3524 5120 3535 5155 :
3565 5111 3621 5155 et

2042 5233 2148 5272 non
2177 5225 2293 5271 erat
2321 5214 2376 5268 in
2402 5211 2495 5266 illo
2523 5211 2615 5280 qui
2643 5207 2779 5262 dixit
2804 5224 2817 5259 :
2848 5225 2865 5255 ι
2896 5204 3008 5273 Ego
3038 5214 3157 5255 sum
3183 5198 3295 5262 via,
3324 5204 3377 5251 et
3404 5194 3533 5257 vita,
3564 5201 3623 5248 et

2044 5309 2247 5364 veritas
2277 5304 2457 5377 (Joan.
2486 5304 2619 5375 xw).
2650 5321 2669 5354 ι
2724 5319 2741 5350 ι
2771 5296 2919 5353 Dabo
2948 5295 3003 5349 in
3032 5290 3321 5348 solitudine
3350 5295 3585 5359 myrtum
3606 5323 3622 5350 ,

2046 5407 2102 5454 et
2128 5397 2373 5467 spinam,
2414 5402 2469 5448 et
2505 5393 2708 5465 lignum
2736 5387 2911 5443 olivte.
2945 5404 2963 5437 ι
3001 5382 3294 5451 Postquam
3323 5377 3463 5433 datae
3496 5382 3625 5431 sunt

2049 5490 2104 5545 in
2133 5489 2346 5543 deserto
2364 5484 2449 5541 vel
2477 5484 2533 5539 in
2563 5479 2852 5536 solitudine
2881 5474 3123 5547 gentium
3148 5486 3325 5541 aquae,
3347 5472 3628 5536 coeperunt

2050 5581 2273 5636 arbores
2298 5578 2371 5633 ibi
2398 5575 2548 5632 oriri.
2582 5573 2871 5628 Videamus
2897 5567 3027 5638 quid
3055 5564 3211 5621 nobis
3240 5563 3468 5617 innuant
3496 5557 3626 5612 ista-

2051 5688 2170 5729 rum
2200 5672 2453 5727 arborum
2484 5664 2723 5720 nomina.
2760 5661 2965 5717 Cedrus
2992 5658 3152 5713 arbor
3180 5662 3264 5711 est
3293 5651 3414 5707 miri
3445 5646 3630 5704 odoris

2052 5774 2108 5820 et
2138 5759 2513 5832 imputribilis,
2561 5769 2660 5823 per
2701 5752 2845 5822 quod
2886 5748 3259 5821 signiﬁcantur
3297 5736 3630 5801 sanctissimi

2053 5857 2156 5913 viri
2183 5851 2440 5911 miracula
2467 5856 2766 5920 patrantes,
2806 5845 2860 5899 in
2900 5852 3159 5898 mtcrnum
3192 5836 3383 5893 victuri
3406 5876 3419 5901 ,
3451 5842 3505 5889 et
3532 5833 3625 5886 hoc
