4016 6518
493 459 598 516 θη

947 452 1314 531 mamoms
1353 451 1826 530 HALBEBSTAT.
1862 451 2054 526 salso

2161 453 2261 507 re.
2303 453 2480 526 rans
2518 453 2557 508 ι.
2595 483 2664 494 --
2701 450 3047 510 COMMENT.
3093 449 3267 524 ΒΙΒῙ..

3651 449 3774 505 920

496 581 625 641 num
661 567 882 623 odorem
925 537 1248 628 reddentes;
1283 565 1374 633 qui
1403 565 1588 636 dicunt
1613 579 1734 620 cum
1765 564 2021 641 Apostolo
2050 583 2060 615 :
2095 574 2139 626 Α
2243 583 2261 614 ‹
2299 564 2368 640 Ut
2393 565 2608 632 videant
2639 584 2658 616 ι
2689 565 2764 620 illi
2791 567 2881 634 qui
2911 564 3210 634 imperfecti
3249 564 3424 619 adhuc
3463 574 3622 629 sunt,
3672 582 3772 622 ce-

461 727 464 730 ,
503 676 521 707 ι
552 656 750 712 Christi
797 658 968 711 bonus
1012 657 1145 710 odor
1174 671 1360 710 sumus
1402 655 1510 710 Deo
1550 655 1604 726 in
1645 655 1791 710 omni
1838 655 1954 710 loco
1983 654 2064 724 (Il

498 748 620 802 Cor.
650 747 731 819 ιι).
763 767 780 800 ι
819 748 972 816 Quod
1000 757 1176 820 autem
1206 747 1354 824 addit
1383 750 1612 818 spinam,
1638 749 1692 802 in
1719 749 2068 820 Septuaginta

497 839 727 896 habetur
761 850 914 895 seta:
951 841 1046 894 Est
1085 833 1264 912 autem
1305 847 1418 895 seta
1462 841 1625 894 arbor
1661 841 2066 896 similitudinem

459 987 465 992 ,
497 929 631 984 alba:
661 930 828 998 spinae
857 931 1080 1006 habens,
1107 930 1259 1000 mirae
1285 930 1518 1008 levitatis
1544 939 1599 987 et
1625 933 1774 986 mine
1800 931 2067 986 fortitudi-

497 1019 605 1084 nis,
634 1019 888 1090 miraeque
909 1021 1322 1092 pulchritudinis
1333 1022 1601 1077 exsistens
1626 1032 1680 1078 et
1700 1023 2062 1092 imputribilis,

497 1126 564 1165 ex
587 1109 738 1179 cujus
762 1110 906 1181 ligno
927 1111 1064 1180 Area
1090 1111 1353 1167 fabricata
1373 1121 1476 1167 est.
1512 1113 1664 1168 Unde
1687 1098 1742 1168 et
1763 1115 1929 1185 regio,
1953 1115 2066 1171 sive

497 1209 643 1279 terra
665 1201 718 1255 in
733 1216 837 1270 qua
857 1203 1116 1281 nascitur,
1134 1202 1340 1279 Sethim
1366 1203 1678 1277 appellatur.
1704 1205 1869 1274 Spina
1890 1207 2066 1276 primo

495 1294 708 1362 parenti
736 1303 922 1369 nostro
948 1295 1070 1370 data
1105 1305 1188 1350 est
1220 1311 1319 1364 pro
1344 1310 1525 1366 poena,
1558 1297 1768 1361 dicente
1796 1299 2022 1358 Domino
2047 1315 2059 1351 :

503 1399 522 1430 ι
552 1380 719 1436 Terra
756 1389 845 1435 tua
884 1383 1069 1451 spinas
1097 1392 1152 1437 et
1178 1383 1402 1439 tribulos
1432 1385 1758 1456 germinabit
1791 1387 1883 1440 tibi
1910 1385 2060 1456 (Gen.

497 1471 651 1541 "1).:
711 1471 818 1527 Sed
865 1482 1050 1542 postea
1095 1474 1377 1544 gentilitati
1425 1475 1546 1544 data
1596 1482 1679 1529 est
1724 1491 1823 1545 pro
1870 1476 2058 1546 gloria.

496 1560 635 1628 Quid
664 1551 793 1631 ergo
817 1577 916 1634 per
939 1564 1146 1632 spinam
1173 1580 1293 1633 qua:
1318 1565 1525 1635 pungit,
1554 1566 1656 1620 nisi
1685 1566 2064 1634 praedicatores

495 1651 668 1706 sancti
707 1652 762 1707 in
800 1654 905 1707 isto
936 1653 1054 1708 loco
1085 1655 1491 1725 intelliguntur:
1534 1655 1660 1724 quia
1698 1656 1907 1710 illorum
1938 1671 2064 1726 pec-

496 1749 618 1796 cata
657 1757 763 1797 non
798 1744 1048 1814 palpant,
1090 1745 1182 1800 sed
1221 1746 1503 1802 manifeste
1535 1747 1879 1817 redarguunt.
1927 1746 2061 1801 Cum

494 1847 623 1902 ergo
651 1833 873 1902 quilibet
899 1845 1112 1890 sanctus
1141 1838 1456 1905 praedicator
1478 1837 1715 1907 disputat
1746 1838 1813 1892 de
1837 1837 1980 1904 vitiis
2004 1845 2060 1892 et

492 1922 802 1988 virtutibus,
825 1922 889 1979 de
912 1916 1069 1994 pcena
1092 1902 1441 1997 reproborum
1465 1936 1519 1982 et
1538 1902 1706 1998 gloria
1729 1902 2018 2001 electorum
2048 1970 2062 1993 ,
2095 1902 2140 1960 Β

495 2011 800 2086 auditorum
845 2029 1064 2090 suorum
1110 2017 1272 2072 corda
1314 2018 1633 2087 quibusdam
1682 2020 2063 2087 punctionibus

493 2101 767 2168 stimulat,
814 2120 1112 2175 provocans
1141 2123 1234 2162 cos
1273 2110 1339 2163 ad
1381 2111 1846 2178 compunctionem
1885 2113 2061 2180 ι)ωηί-

492 2191 691 2247 tentiam
729 2211 748 2244 α
780 2193 1031 2264 Myrtum.
1087 2215 1104 2248 ι
1140 2196 1343 2268 Myrtus
1369 2201 1661 2255 aromatica
1693 2203 1856 2257 arbor
1884 2212 1967 2257 est
2009 2212 2064 2258 et

495 2281 858 2356 lmputribilis.
910 2285 1072 2361 Cujus
1112 2303 1272 2357 succo
1300 2289 1538 2344 membra
1581 2290 1723 2346 fessa
1766 2292 2064 2348 solidantur

492 2380 548 2426 et
580 2383 918 2444 reparantur,
961 2393 1057 2449 per
1085 2367 1244 2448 quam
1280 2381 1630 2452 designantur
1663 2384 1835 2439 sancti
1869 2386 2062 2456 pracdi-

491 2472 724 2530 catores,
751 2468 842 2536 qui
871 2482 965 2523 sua
993 2459 1374 2552 praedicatione
1416 2481 1472 2546 et
1515 2476 1886 2549 consolatione
1915 2477 2063 2532 infir-

491 2569 704 2610 morum
731 2556 896 2624 corda
928 2560 994 2613 ad
1031 2561 1168 2635 bona
1197 2578 1361 2632 opera
1403 2567 1607 2636 agenda
1648 2566 1973 2622 confirmant
2009 2575 2063 2623 et

491 2644 752 2714 solidant,
785 2649 1026 2708 dicentes
1051 2668 1171 2707 cum
1199 2654 1453 2723 Apostolo
1479 2675 1490 2709 :
1524 2675 1540 2702 ι
1575 2658 1897 2714 Benedictus
1924 2660 2064 2716 Deus

490 2745 546 2789 et
583 2735 740 2793 Pater
769 2739 980 2795 Domini
1017 2745 1184 2798 nostri
1212 2744 1339 2800 Jesu
1365 2745 1594 2818 Christi,
1633 2750 1723 2824 qui
1755 2749 2065 2805 consolatur

491 2842 590 2882 nos
617 2827 672 2881 in
701 2831 846 2884 omni
876 2832 1220 2890 tribulatione
1248 2846 1427 2909 nostra
1448 2879 1463 2903 ,
1499 2849 1556 2892 ut
1583 2841 1852 2908 possimus
1881 2851 1936 2897 et
1959 2843 2060 2913 ipsi

492 2920 760 2974 consolari
787 2937 882 2977 eos
907 2925 996 2994 qui
1027 2926 1078 2979 in
1103 2929 1247 2982 omni
1277 2945 1528 2999 pressura
1551 2941 1676 3004 sunt
1697 2932 1782 3007 (II
1805 2933 1924 3006 Cor.
1954 2933 2014 3006 ι).
2039 2953 2057 2986 ι

497 3026 516 3054 ι
535 3007 762 3078 Lignum
789 3013 960 3068 olivaa.
993 3033 1010 3065 ι
1030 3013 1186 3071 Eleos
1207 3017 1412 3084 Grazce,
1441 3021 1638 3075 dicitur
1663 3023 2060 3089 misericordia;

492 3108 545 3152 et
574 3113 670 3167 per
696 3101 896 3172 lignum
927 3106 1080 3161 oliva:
1110 3108 1477 3180 intelliguntur
1513 3112 1944 3185 eleemosynarii,
1970 3116 2062 3187 qui

494 3190 656 3246 lucidi
679 3202 803 3247 sunt
828 3210 894 3249 ex
921 3199 1287 3255 misericordia
1309 3203 1447 3257 sicut
1464 3190 1660 3259 oleum.
1695 3206 2058 3266 Misericordia

492 3293 676 3336 nostra
731 3293 816 3340 est
871 3289 1197 3370 esurientem
1240 3307 1496 3361 pascere,
1539 3295 1808 3352 sitientem
1851 3307 2058 3368 potare,

492 3371 694 3460 nudum
722 3377 950 3460 vestire,
995 3387 1049 3432 et
1079 3379 1131 3433 in
1159 3382 1304 3436 omni
1340 3383 1682 3440 tribulatione
1725 3395 1781 3441 et
1819 3390 2063 3459 angustia

490 3459 644 3516 fratri
672 3461 979 3532 subvenire,
1008 3467 1236 3524 inscium
1257 3468 1456 3528 'docere
1474 3474 1686 3545 (Matth.
1708 3471 1857 3547 xxv),
1879 3488 1934 3532 et
1958 3479 2060 3533 alia

491 3553 884 3622 hujuscemodi.
919 3559 994 3632 De
1021 3560 1136 3615 istis
1165 3563 1357 3630 talibus
1382 3547 1514 3642 dicit
1542 3566 1830 3636 Dominus:
1863 3586 1881 3618 ι
1912 3567 2060 3637 Beati

494 3644 892 3715 misericordes,
922 3652 1175 3720 quoniam
1203 3654 1304 3722 ipsi
1329 3655 1490 3710 Deum
1518 3657 1793 3730 videbunt,
1817 3668 1872 3713 et
1902 3660 2061 3732 mise-

492 3735 778 3792 ricordiam
801 3753 1199 3811 consequentur
1223 3764 1234 3799 :
1265 3747 1331 3800 Et
1355 3749 1578 3813 esurivi,
1603 3758 1656 3804 et
1681 3750 1902 3808 dedistis
1929 3733 2059 3808 mihi

491 3829 819 3884 manducare
837 3829 1140 3904 (Matt/LV).
1165 3855 1183 3887 ι
1216 3855 1234 3886 ι
1255 3836 1456 3892 Ponam
1491 3841 1541 3894 in
1574 3840 1788 3904 deserto
1820 3818 2058 3913 gentium

490 3920 743 3986 abietem,
775 3923 976 3978 ulmum
1010 3935 1064 3980 et
1089 3927 1290 3982 buxum
1323 3931 1496 3985 simul.
1530 3953 1547 3984 ›
1596 3932 1760 3989 Abies
1791 3935 1953 3989 arbor
1979 3944 2063 3997 est

491 4003 641 4066 mira:
680 4014 1007 4080 altitudinis,
1054 4033 1120 4072 ex
1155 4035 1257 4088 qua
1289 4021 1380 4089 pix
1409 4023 1708 4092 conficitur.
1763 4023 1901 4090 Quid
1933 4041 2059 4094 ergo

487 4118 586 4172 per
613 4105 843 4166 abietem
873 4107 1024 4175 cujus
1055 4119 1214 4180 caput
1239 4126 1374 4179 pene
1399 4128 1566 4184 usque
1591 4116 1656 4169 ad
1686 4117 1854 4170 nubes
1881 4133 2060 4182 assurg

487 4195 584 4263 git,
604 4195 703 4248 nisi
727 4197 1106 4273 prmdicatores
1128 4200 1322 4264 sancti,
1346 4203 1437 4269 qui
1461 4203 1637 4257 adhuc
1658 4205 1813 4273 positi
1839 4207 1892 4260 in
1919 4216 2058 4261 terra

489 4298 738 4360 corpore,
755 4292 934 4356 mente
956 4285 1193 4363 coelestia
1217 4289 1525 4358 possident?
1541 4291 1778 4367 dicentes
1793 4310 1912 4349 cum
1926 4273 2060 4367 Apo-

488 4374 627 4428 stolo
647 4393 658 4428 :
681 4393 698 4424 ‹
719 4368 909 4456 Nostra
936 4382 1274 4435 conversatio
1299 4382 1353 4435 in
1381 4382 1534 4437 coelis
1558 4393 1638 4438 est
1662 4365 1878 4456 (Philip.
1905 4365 2006 4457 tu).

488 4464 675 4522 Ulmus
703 4467 863 4521 arbor
887 4477 970 4524 est
998 4468 1342 4543 infructuosa.
1390 4471 1537 4526 Solet
1562 4481 1740 4546 tamen
1770 4474 2056 4548 aliquando

2171 654 2344 718 drum,
2373 655 2476 709 hoc
2500 665 2584 711 est
2614 665 2668 710 et
2690 655 3000 710 clarissimis
3037 664 3341 710 sanctorum
3370 655 3668 724 miraculis
3708 669 3768 714 et

2167 746 2333 801 odore
2370 747 2631 819 virtutum
2656 755 3023 811 coruscantes,
3049 765 3066 797 ‹
3098 756 3154 802 et
3178 747 3375 810 sciant,
3401 748 3529 815 quia
3561 749 3772 819 Domi-

2166 854 2268 892 nus
2295 837 2422 892 fecit
2449 859 2466 890 ›
2496 839 2598 914 hoc
2622 847 2725 902 est,
2749 838 2967 892 cedrum
2994 838 3138 892 dedit
3159 837 3214 908 in
3241 838 3620 913 solitudinem,
3653 857 3676 891 ι
3707 846 3770 895 et

2167 929 2469 1003 recogitent
2507 947 2525 980 ι
2566 930 2669 996 hoc
2705 936 2788 983 est
2832 936 2888 982 et
2923 928 3186 982 reducant
3210 929 3262 981 in
3289 929 3624 982 memoriam
3655 929 3761 992 mi-

2166 1020 2347 1086 racula
2373 1028 2428 1074 et
2459 1020 2601 1074 bona
2640 1033 2804 1088 opera
2832 1019 2973 1072 illius
2995 1037 3012 1070 ι
3039 1026 3093 1073 et
3117 1018 3418 1091 intelligant
3445 1019 3696 1088 pariter,
3735 1039 3754 1071 ι

2166 1109 2221 1163 id
2256 1117 2340 1164 est
2380 1108 2741 1178 intelligentes
2787 1108 3066 1167 imitentur
3109 1107 3279 1171 illum,
3323 1108 3472 1161 verbi
3523 1109 3756 1178 gratia:

2166 1200 2420 1256 Videntes
2461 1201 2680 1255 cedrum
2703 1241 2718 1266 ,
2769 1201 2871 1257 hoc
2905 1207 2988 1254 est
3027 1199 3324 1268 quemlibet
3356 1211 3619 1254 sanctum
3656 1199 3759 1254 mi-

2166 1290 2364 1346 raculis
2389 1273 2805 1354 coruscantem,
2831 1298 2886 1362 et
2922 1290 3120 1362 bonum
3157 1289 3380 1366 odorem
3416 1304 3484 1364 et;
3530 1304 3598 1342 se
3636 1291 3755 1344 red-

2166 1382 2378 1458 dentem
2405 1399 2418 1434 :
2459 1381 2710 1435 studeant
2747 1390 3008 1450 quantum
3052 1380 3236 1434 valent
3260 1395 3383 1435 cum
3410 1380 3510 1434 Dei
3541 1381 3756 1448 adjuto-

2166 1475 2246 1545 rio
2281 1474 2428 1528 illum
2451 1474 2673 1528 imitari.
2710 1472 2972 1528 Similiter
3000 1472 3242 1528 videntes
3268 1473 3504 1527 abietem
3527 1513 3544 1538 ,
3588 1473 3647 1526 id
3675 1483 3754 1538 est

2164 1563 2455 1633 quemlibet
2479 1573 2721 1617 sanctum
2753 1563 2805 1616 in
2833 1571 3034 1615 terram
3060 1569 3362 1616 morantem
3391 1576 3640 1631 corpore
3660 1603 3676 1626 ,
3701 1573 3753 1616 et

2164 1655 2361 1709 mentis
2384 1653 2836 1731 contemplatione
2862 1653 2927 1708 ad
2953 1652 3192 1708 cmlestia
3217 1652 3572 1724 anhelantem
3591 1693 3610 1718 ,
3637 1653 3750 1722 imi-

2165 1755 2344 1813 tentur
2375 1745 2524 1812 illum
2560 1744 2917 1823 despicientes
2955 1752 3170 1798 terrena
3205 1751 3261 1799 et
3303 1759 3544 1814 supema
3592 1759 3747 1821 appe-

2168 1847 2360 1904 tentes.
2499 1825 2501 1829 ’

2243 1948 2261 1980 ι
2292 1929 2464 1998 Prope
2502 1926 2663 1990 facile
2682 1926 2941 1995 judicium
2971 1934 3208 1982 vestrum
3227 1967 3241 1990 ,
3269 1926 3403 1981 dicit
3441 1924 3743 1989 Dominus,

2147 2021 2372 2092 (afferte,
2401 2022 2446 2076 si
2473 2020 2600 2090 quid
2630 2020 2768 2075 forte
2793 2020 3026 2084 habetis,
3055 2019 3188 2074 dicit
3214 2034 3306 2074 rex
3336 2017 3528 2073 Jacob.
3562 2037 3583 2070 ›
3612 2016 3741 2083 Quo-

2165 2114 2323 2184 modo
2363 2115 2599 2169 diximus
2639 2113 2906 2183 duplicem
2947 2126 3066 2174 esse
3105 2109 3271 2166 Jacob
3313 2119 3368 2165 et
3407 2109 3618 2172 lsrael,
3643 2126 3737 2165 non

2162 2205 2496 2261 credentium
2540 2203 2822 2265 videlicet,
2868 2209 2922 2256 et
2962 2200 3295 2264 credentium
3346 2199 3401 2252 in
3429 2199 3734 2252 Dominum

2161 2298 2528 2366 salvatorem:
2569 2295 2644 2364 ita
2686 2294 2878 2364 duplex
2921 2291 3268 2362 intelligenda
3297 2299 3382 2345 est
3427 2289 3726 2359 gentilitas:

2161 2389 2215 2444 in
2258 2387 2600 2452 credentibus
2638 2394 2693 2442 et
2732 2401 2838 2450 non
2881 2381 3240 2438 credentibus.
3283 2379 3720 2448 Loquiturquein

2161 2479 2264 2534 isto
2298 2475 2415 2532 loco
2448 2461 2629 2539 sermo
2671 2474 2884 2529 divinus
2918 2472 2985 2525 ad
3021 2486 3147 2534 eos,
3176 2471 3269 2538 qui
3295 2485 3365 2523 ex
3392 2469 3627 2539 gentibus
3661 2468 3707 2524 in

2161 2567 2449 2622 Dominum
2479 2566 2700 2629 credere
2727 2562 3013 2618 noluerunt
3033 2575 3132 2630 per
3156 2559 3593 2629 prazdicationem
3612 2571 3718 2624 apo-

2162 2657 2423 2716 stolorum
2446 2697 2459 2719 ,
2486 2663 2541 2709 et
2565 2636 2926 2724 provocantur
2951 2651 3017 2705 ad
3039 2650 3300 2720 judicium
3321 2691 3335 2714 ,
3366 2665 3541 2718 quare
3565 2647 3724 2707 nolue-

2161 2757 2288 2804 runt
2314 2748 2495 2802 videre
2518 2757 2569 2800 et
2595 2747 2735 2800 scire
2757 2753 2812 2800 et
2836 2743 3139 2820 recogitare
3165 2756 3230 2795 ac
3254 2741 3581 2810 intelligere,
3608 2739 3726 2806 quia

2163 2853 2356 2893 manus
2382 2835 2616 2899 Domini,
2642 2835 2693 2888 id
2713 2841 2796 2888 est
2820 2839 3053 2902 potestas
3078 2838 3132 2884 et
3157 2829 3592 2896 fortitudoillius,
3609 2826 3727 2880 fecit

2162 2945 2410 2986 crescere
2435 2929 2489 2982 in
2516 2927 2805 2982 solitudine
2833 2925 3090 2996 cedrum,
3117 2931 3176 2977 ut
3213 2923 3557 2976 imitarentur
3585 2920 3723 2988 illam

2163 3030 2494 3089 caeterasque
2518 3019 2740 3073 arbores
2760 3057 2775 3081 ,
2800 3031 2898 3085 per
2933 3030 3068 3084 quas
3092 3001 3479 3090 isiguifi‘cantur
3514 3013 3722 3073 ordines

2163 3110 2476 3166 electorum.
2506 3109 2680 3177 Prope
2704 3105 2895 3168 facite,
2927 3104 3143 3175 (inquit)
3179 3103 3436 3171 judicium
3464 3111 3716 3161 vestrum,

2164 3185 2294 3255 dicit
2324 3200 2597 3264 Dominus,
2625 3198 2676 3252 id
2695 3205 2796 3261 est,
2825 3195 3250 3266 apprOpinquate
3275 3194 3336 3246 ad
3353 3192 3715 3260 judicium,’et

2159 3291 2468 3363 iudicemur
2507 3289 2686 3344 simul.
2715 3288 2852 3355 Quid
2891 3295 2974 3342 est
3000 3287 3143 3357 quod
3170 3286 3319 3340 debui
3349 3283 3490 3342 vobis
3528 3281 3702 3336 facere
3763 3283 3770 3290 ‘

2163 3391 2218 3437 et
2262 3397 2367 3436 non
2413 3381 2555 3435 feci?
2581 3380 2692 3448 Ego
2738 3379 2859 3433 dedi
2905 3379 2960 3431 in
3003 3376 3292 3431 solitudine
3330 3374 3560 3444 cedrum,
3595 3372 3705 3440 hoc

2162 3457 2247 3529 est
2283 3474 2458 3544 virum
2496 3470 2848 3540 praeclarum,
2890 3466 3149 3522 miracula
3185 3474 3518 3536 patrantem,
3543 3472 3591 3517 et
3613 3463 3715 3516 bo-

2168 3553 2548 3623 num'odorem
2579 3563 2646 3615 de
2675 3575 2734 3615 se
2765 3559 3115 3622 reddentem,
3160 3565 3214 3613 et
3259 3555 3480 3610 noluisti
3525 3551 3720 3606 imitari

2163 3656 2333 3710 illum.
2369 3653 2586 3718 Alfene,
2627 3653 2673 3707 si
2707 3652 2836 3722 quid
2872 3651 3014 3705 forte
3038 3649 3359 3720 (subaudis)
3397 3646 3592 3701 idolum
3624 3645 3722 3708 hae

2162 3726 2334 3810 hetis,
2362 3724 2495 3806 dixit
2521 3761 2614 3808 rex
2650 3742 2836 3818 Iacob.
2872 3741 3148 3796 Accedant
3183 3737 3420 3810 (inquit)
3464 3736 3602 3791 idola
3633 3751 3722 3789 ve-

2162 3850 2277 3914 stra
2329 3819 2659 3914 fortissima,
2707 3836 2994 3909 in§quibus
3041 3833 3353 3898 confiditis,
3401 3829 3725 3897 vel,aﬂ‘erte

2161 3911 2324 3997 unum
2367 3931 2506 3999 quod
2535 3911 2726 3984 fortius
2750 3929 2998 3983 omnibus
3032 3935 3141 3990 est,
3181 3934 3235 3980 et
3266 3924 3578 3994 judicemus
3613 3922 3728 3990 quis

2163 4009 2354 4077 debeat
2390 4021 2515 4076 coli.
2556 4021 2667 4088 Ego
2703 4005 2794 4092 qui
2833 4019 2936 4075 feci
2972 4034 3066 4074 vos
3092 4025 3147 4073 et
3173 4015 3405 4080 redemi,
3433 4030 3502 4068 an
3528 4015 3624 4084 qui
3649 4012 3725 4066 fa-

2161 4124 2277 4168 ctus
2305 4121 2387 4166 est
2415 4128 2443 4165 a
2475 4112 2623 4165 vobis
2647 4113 2668 4164 ?
2871 4095 2874 4099 ’

2165 4187 2178 4198 ’
2238 4222 2254 4252 ι
2297 4200 2574 4276 Accedant
2626 4221 2662 4276 av
2698 4199 2836 4255 idola
2890 4207 3069 4276 vestra
3118 4217 3136 4249 ‹
3174 4204 3231 4252 et
3277 4193 3530 4250 nuntient
3580 4191 3726 4247 nobis

2158 4311 2278 4367 quae
2305 4276 2482 4357 futura
2521 4273 2664 4357 sunt,
2702 4311 2718 4343 ι
2747 4291 2831 4346 vel
2863 4291 2928 4345 de
2965 4273 3199 4361 adventu
3226 4287 3347 4341 Filii
3385 4286 3523 4349 mei,
3554 4284 3644 4338 vel
3669 4283 3726 4336 de

2158 4384 2525 4456 redemptione
2569 4381 2843 4456 gentium,
2890 4389 2945 4435 et
2989 4380 3300 4450 expulsione
3348 4392 3464 4432 sua.
3497 4395 3515 4427 ι
3549 4374 3725 4429 Prima

2157 4492 2277 4546 quae
2307 4455 2521 4529 fuerunt
2546 4455 2858 4528 annuntiate
2881 4470 2908 4537 ,’
2931 4480 2984 4526 et
3023 4455 3283 4549 ponemus
3316 4485 3409 4523 cor
3443 4479 3724 4525 nostrum.

486 4559 648 4613 vitam
671 4571 881 4630 gestare
897 4555 1024 4615 cum
1049 4562 1220 4625 botro,
1241 4562 1716 4640 significanturque
1737 4580 1832 4634 per
1851 4567 2051 4622 ulmum
2083 4593 2132 4652 Β
2159 4577 2213 4624 et
2250 4569 2482 4623 sciemus
2524 4566 2813 4630 novissima
2853 4579 3060 4634 eorum.
3097 4582 3114 4614 ι
3161 4561 3563 4640 Apostropham
3606 4560 3727 4613 facit

486 4652 681 4707 divites
705 4652 861 4706 istius
887 4651 1090 4721 sreculi,
1111 4654 1200 4728 qui
1223 4652 1454 4730 ollicium
1480 4655 1804 4732 praedicandi
1832 4672 1936 4712 non
1962 4659 2055 4712 ha-

485 4745 633 4805 bent,
664 4742 917 4796 miracula
949 4759 1054 4797 non
1085 4742 1316 4807 faciunt,
1348 4744 1450 4820 nisi
1497 4747 1865 4800 tantummodo
1896 4748 2052 4820 fidem

487 4835 783 4904 simplicem
815 4835 1092 4900 habentes,
1125 4837 1236 4890 suis
1262 4836 1513 4905 operibus
1537 4847 1591 4908 et
1617 4837 1816 4915 divitiis
1844 4853 2046 4896 susten-

491 4932 604 4978 tant
639 4925 785 4978 illum
816 4927 904 4994 qui
936 4926 1157 4980 verbum
1191 4927 1589 4995 praedicationis
1621 4935 1676 4983 et
1709 4914 1811 4983 Sibi
1846 4939 1900 4984 et
1935 4914 2054 4985 aliis

489 5015 866 5080 administrat,
918 5025 972 5071 et
1005 5017 1219 5087 insuper
1249 5019 1314 5072 ab
1343 5019 1646 5074 incursione
1681 5021 1914 5075 hostium
1941 5063 1955 5084 ,
2004 5023 2048 5077 si

484 5123 707 5163 necesse
746 5107 940 5175 fuerit,
990 5119 1224 5166 tuentur.
1281 5111 1458 5166 Buxus
1497 5113 1660 5167 arbor
1685 5121 1768 5166 est
1797 5099 2049 5175 humilis,

481 5197 757 5253 viriditate
795 5202 1067 5267 gaudens:
1102 5209 1157 5257 et
1185 5201 1370 5256 dicunt
1409 5203 1572 5271 aliqui
1614 5202 1753 5272 quod
1801 5204 2047 5272 imputri-

484 5287 608 5342 bilis
648 5287 734 5359 sit.
784 5289 887 5367 Per
915 5291 1113 5345 buxum
1161 5308 1290 5362 ergo
1329 5292 1702 5361 significantur
1743 5294 1914 5348 sancti
1955 5294 2043 5361 qui

485 5377 843 5433 humilitatem
898 5379 1106 5435 Domini
1158 5389 1454 5442 sectantur.
1506 5389 1560 5435 et
1602 5381 1875 5436 viriditate
1924 5382 2045 5460 fidei

484 5468 704 5542 pollent,
728 5469 1004 5537 ipsamque
1029 5471 1350 5546 viriditatem
1383 5471 1500 5525 fidei
1527 5485 1686 5540 quam
1715 5471 1929 5533 habent,
1953 5469 2049 5524 flo—
2075 5537 2078 5540 g

488 5549 636 5612 ribus
672 5558 933 5614 bonorum
974 5575 1197 5630 operum
1235 5562 1514 5616 adornant.
1571 5559 1694 5614 Haec
1721 5561 1899 5614 omnia
1928 5575 2048 5631 quae

487 5650 739 5716 diximus,
784 5651 827 5704 si
871 5650 1008 5705 bene
1039 5652 1438 5721 perpendimus,
1481 5652 1535 5706 in
1579 5658 1762 5706 sancta
1808 5651 2045 5706 Ecclesia

485 5742 834 5796 inveniemus.
885 5742 948 5797 Et
978 5759 1143 5813 quare
1168 5744 1268 5798 hoc
1301 5744 1443 5798 dedit
1475 5743 1730 5810 Dominus
1757 5743 1809 5800 in
1834 5743 2045 5802 deserto

483 5823 796 5922 gentilium?
1195 5824 1202 5826 ﬁ

2160 4661 2226 4715 ad
2262 4660 2423 4724 idola,
2461 4674 2580 4729 qua:
2616 4675 2717 4714 nec
2741 4658 3016 4734 audiendi,
3044 4670 3144 4731 nec
3165 4654 3525 4731 respondendi
3560 4653 3724 4708 facul-

2159 4757 2323 4805 tatem
2347 4750 2642 4819 possident,
2663 4734 2762 4804 sed
2788 4733 3120 4803 insensibilia
3145 4754 3287 4800 sunt.
3305 4745 3348 4799 Ο
3373 4743 3533 4808 idola,
3565 4746 3614 4800 si
3643 4758 3728 4812 po-

2157 4841 2311 4914 testis
2346 4842 2526 4910 priora
2553 4841 2904 4911 annuntiare,
2932 4840 3039 4912 hoc
3060 4847 3143 4902 est
3170 4839 3438 4918 quomodo
3464 4838 3552 4900 vel
3599 4852 3725 4906 qua-

2155 4932 2276 4991 liter
2308 4947 2407 5001 ego
2443 4939 2497 4984 et
2529 4930 2696 4985 Filius
2730 4946 2884 4985 meus
2923 4946 3047 4985 cum
3085 4939 3272 4986 sancto
3299 4929 3503 4999 Spiritu
3542 4928 3726 4984 omnia

2156 5021 2383 5081 fecimus
2412 5036 2476 5096 eat
2505 5020 2687 5073 nihilo.
2724 5040 2740 5070 ‹
2775 5020 2842 5074 Et
2868 5019 3043 5074 futura
3065 5061 3078 5080 .
3114 5040 3130 5070 ι
3157 5003 3442 5074 adventum
3473 5018 3728 5072 videlicet

2153 5110 2274 5164 Filii
2300 5111 2437 5172 mei,
2466 5118 2519 5162 et
2543 5110 2874 5188 vocationem
2904 5111 3163 5179 gentium,
3187 5119 3241 5186 et
3268 5118 3504 5180 vestram
3531 5105 3724 5182 expule

2154 5201 2357 5256 sionem
2383 5216 2411 5266 ξι
2440 5183 2690 5256 cordibus
2723 5201 2998 5254 hominum
3026 5183 3359 5262 annuntiate,
3385 5209 3436 5253 et
3460 5212 3725 5267 ponemus

2153 5307 2247 5348 cor
2268 5298 2512 5345 nostrum
2530 5331 2544 5353 ,
2577 5291 2628 5344 id
2656 5299 2738 5353 est
2766 5289 3093 5363 voluntatem
3122 5302 3392 5362 nostram,
3423 5299 3485 5356 ut
3507 5305 3607 5344 vos
3635 5289 3726 5344 ha-

2153 5383 2373 5438 beamus
2399 5397 2495 5452 pro
2519 5382 2622 5437 diis
2646 5382 2813 5447 veris,
2840 5390 2893 5436 et
2919 5384 3151 5445 sciemus
3180 5383 3469 5438 novissima
3499 5397 3719 5445 eorum,

2152 5475 2256 5530 hoc
2278 5480 2361 5527 est
2389 5487 2507 5527 cum
2535 5471 2983 5526 annuntiavcritis
3010 5471 3161 5531 nobis
3189 5471 3388 5539 priora.
3421 5477 3554 5525 tunc
3581 5471 3718 5524 scie-

2155 5580 2275 5619 mus
2299 5561 2590 5617 novissima
2619 5576 2835 5626 eorum,
2881 5561 2933 5615 id
2955 5570 3038 5614 est
3065 5560 3130 5614 ad
3155 5575 3315 5630 quam
3344 5559 3503 5615 fidem
3527 5575 3718 5631 perve-

2154 5656 2323 5708 niant.

2231 5762 2248 5793 ι
2280 5741 2407 5810 Qua:
2430 5750 2653 5796 ventura
2688 5751 2813 5795 sunt
2847 5741 3074 5795 indicate
3112 5741 3281 5805 nobis,
3317 5759 3333 5791 ι
3359 5756 3393 5794 o
3427 5740 3587 5801 idola,
3617 5741 3718 5794 hoc

2155 5843 2255 5902 est,
2285 5835 2571 5890 adventum
2594 5832 2712 5888 Filii
2739 5834 2861 5899 mei,
2878 5840 2929 5889 et
2952 5841 3142 5888 caetera
3168 5847 3283 5902 quae
3307 5833 3552 5901 superius
3575 5833 3716 5886 dicta
