4016 6466
171 444 267 502 σει

1244 431 1591 502 COMMENT.
1629 430 1696 486 IN
1730 429 1981 486 ISAIAM.
2018 459 2087 468 —
2119 430 2244 505 Lm.
2278 430 2343 484 ιι.

3293 426 3400 482 923

166 564 312 629 sunt.
343 573 362 608 ι
392 554 537 621 Bene
562 565 773 624 quoque
799 557 892 605 aut
930 547 1066 603 male
1093 542 1166 618 (si
1189 545 1454 618 potestis)
1494 543 1675 607 facite,
1705 560 1723 594 ι
1755 545 1806 604 Α
1833 548 1940 606 εει,
1963 560 1981 593 ι
2015 541 2067 595 id
2092 549 2177 595 est
2206 541 2413 609 rediget
2438 556 2456 590 ι
2476 537 2820 609 magistratus
2849 536 3005 607 quasi
3029 535 3222 600 lutum,
3252 553 3270 587 ι
3298 536 3402 591 hoc

167 665 202 704 ο
248 645 420 711 idola,
450 663 470 697 ι
499 654 555 702 ει
593 645 894 713 loquamur,
941 650 997 695 et
1032 640 1311 696 videamus
1354 636 1514 693 simul
1546 655 1564 687 ›
1609 633 1733 704 quis

168 738 310 794 Deus
335 736 438 792 coli
467 736 660 792 debeat
692 735 760 788 ab
796 730 1122 788 hominibus.
1162 728 1258 783 liis
1289 726 1467 783 verbis
1494 723 1733 795 ostendi-

170 837 279 893 tur,
309 827 438 897 quia
460 834 582 896 post
607 824 891 879 adventum
920 820 1038 874 Filii
1063 820 1158 874 Dei
1186 819 1368 873 omnia
1396 816 1534 892 idola
1557 813 1730 879 conti-

169 926 428 983 cuerunt,
462 925 518 971 et
554 914 689 970 nihil
724 914 791 969 de
824 912 1041 968 Christo
1080 917 1368 985 potuerunt
1407 907 1731 982 praedicere,

169 1012 410 1081 nihilque
435 1011 501 1065 de
524 1010 678 1064 ruina
704 1016 757 1063 et
780 1005 1125 1061 subversione
1147 1017 1366 1059 suorum
1391 999 1730 1069 templorum.

168 1082 229 1156 Si
262 1100 410 1156 enim
446 1114 554 1154 non
590 1103 878 1169 potuerunt
915 1109 1071 1167 suum
1110 1093 1384 1164 interitum
1410 1089 1734 1161 praedicere,

167 1190 437 1261 quomodo
477 1190 596 1244 aliis
638 1188 779 1242 mala
819 1186 904 1256 vel
935 1187 1075 1241 bona
1110 1190 1402 1256 potuerunt
1439 1179 1737 1236 nuntiare?

166 1279 326 1334 Aliud
353 1293 565 1357 quoque
592 1277 799 1351 signum
825 1282 907 1329 est
926 1313 942 1343 ,
969 1272 1105 1347 idola
1132 1272 1260 1325 deos
1284 1285 1390 1341 non
1427 1284 1564 1333 esse,
1594 1266 1736 1357 quod

168 1384 271 1424 nec
296 1368 436 1423 bene
464 1355 686 1438 possunt
713 1364 924 1437 facere,
952 1378 1051 1419 nec
1078 1361 1234 1416 male.
1263 1359 1380 1414 Non
1406 1358 1545 1427 quod
1572 1355 1732 1418 idola,

168 1459 255 1515 vel
279 1459 553 1534 dmmones
576 1456 874 1534 assidentes
898 1454 1081 1518 idolis,
1123 1451 1264 1506 mala
1292 1463 1434 1527 saepe
1458 1463 1565 1503 non
1591 1445 1735 1501 fece-

170 1558 328 1614 runt,
370 1529 469 1619 sed
509 1550 636 1620 quia
674 1529 784 1603 nisi
820 1554 1061 1616 potestas
1102 1557 1360 1598 concessa
1390 1541 1472 1596 eis
1500 1538 1665 1594 fuerit
1705 1553 1739 1609 a

170 1640 399 1696 Domino
417 1682 432 1707 ,
461 1642 565 1696 hoc
585 1640 767 1695 facere
792 1653 899 1691 non
928 1635 1154 1706 possint.
1183 1634 1463 1687 Diemones
1484 1629 1630 1685 enim
1658 1629 1740 1695 in:-

170 1732 555 1804 grediebantur
578 1733 634 1786 in
660 1727 983 1790 simulacris,
1013 1733 1089 1790 et,
1119 1723 1345 1783 Domino
1370 1720 1736 1793 permittente,

1831 640 1937 698 εει,
1962 632 2233 702 principes
2259 632 2416 702 hujus
2449 631 2635 686 mundi
2661 630 2745 685 vel
2780 630 3072 699 daemones,
3107 630 3198 700 qui
3233 629 3401 700 magi-

1832 722 2057 787 sterium
2082 722 2341 776 tenebant
2371 736 2533 792 super
2563 735 2731 795 genus
2759 721 3073 775 humanum.
3108 737 3126 773 ι
3161 720 3227 791 Et
3256 721 3402 775 velut

1830 811 2031 887 plastes
2084 810 2408 866 conculcans
2461 798 2705 865 humum.
2741 828 2759 863 θ
2793 809 3002 866 Plastes
3056 817 3140 865 est
3170 809 3399 888 ﬁgulus,

1833 900 2127 955 fabricator
2166 915 2411 955 arcuum.
2457 898 2611 955 Sicut
2646 901 2841 972 ﬁgulus
2869 901 3153 957 conculcat
3191 902 3398 971 lutum,

1834 1002 1891 1047 et
1943 994 2163 1047 humum
2208 993 2276 1047 ad
2328 993 2728 1061 componendas
2776 993 2955 1049 ollas:
3012 994 3092 1049 sic
3143 993 3402 1064 Dominus

1832 1082 1989 1139 Jesus
2038 1083 2089 1137 in
2141 1098 2240 1138 suo
2290 1083 2520 1137 adventu
2579 1083 2917 1139 conculcavit
2967 1093 3024 1139 et
3078 1083 3287 1152 redegit
3333 1083 3403 1138 aii

1835 1175 2062 1229 nihilum
2091 1188 2306 1230 omnem
2345 1161 2641 1244 potentiam
2670 1176 2826 1232 istius
2854 1175 3035 1230 surculi
3066 1193 3079 1230 :
3111 1185 3172 1230 ut
3202 1174 3404 1230 faceret

1823 1268 2030 1344 .exinde
2057 1266 2325 1343 quoddam
2355 1282 2451 1337 vas
2478 1267 2534 1321 in
2566 1268 2856 1336 honorem,
2886 1268 3150 1339 quoddam
3186 1268 3241 1322 in
3271 1282 3402 1323 con-

1836 1361 2132 1441 tumeliam.

1913 1470 1932 1503 ‹
1965 1451 2096 1518 Quis
2135 1452 2475 1507 annuntiavit
2517 1453 2584 1507 ab
2626 1453 2849 1509 exordio
2892 1462 2952 1509 ut
2995 1454 3231 1510 sciamus
3272 1461 3328 1518 et
3373 1470 3404 1509 a

1836 1541 2122 1612 principio,
2142 1560 2160 1593 ι
2188 1550 2556 1607 creaturarum
2577 1544 2821 1612 priedixit
2848 1542 3027 1615 futura
3054 1563 3071 1595 ι
3091 1552 3150 1599 ιιι
3165 1543 3408 1600 dicamus

1838 1617 1964 1701 quia
1985 1630 2163 1700 justus
2192 1639 2293 1686 est.
2326 1649 2345 1697 ρ
2372 1631 2438 1686 Ει
2467 1616 2550 1686 εει
2589 1618 2779 1688 sensus
2810 1648 2824 1687 :
2857 1632 2987 1699 Quis
3025 1634 3167 1689 Deus
3212 1634 3311 1688 fuit
3351 1634 3407 1688 in

1838 1721 2105 1791 gentibus,
2137 1729 2199 1776 ut
2224 1723 2573 1795 annuntiaret
2602 1724 2887 1779 adventum
2919 1725 3039 1779 Filii
3068 1724 3207 1780 Dei?
3239 1723 3296 1793 Si
3326 1732 3410 1779 est

170 1802 313 1893 saepe
338 1823 517 1878 futura
542 1821 924 1893 przedicebant.
954 1803 1184 1872 Maxime
1213 1831 1341 1871 vero
1373 1813 1501 1869 talia
1542 1814 1744 1879 dabant
1773 1880 1813 1893 __
1841 1810 2036 1882 aliquis
2070 1811 2214 1867 Deus
2253 1814 2344 1883 qui
2384 1814 2498 1869 haec
2539 1802 2764 1879 fecerit,
2804 1816 3046 1870 dicemus
3080 1816 3204 1885 quia
3231 1814 3410 1885 justus

172 1880 459 1985 responsa,
490 1880 560 1965 ut.
576 1908 862 1980 dupliciter
886 1915 1068 1977 posset
1092 1904 1337 1975 intelligi.
1371 1903 1440 1960 Ut
1461 1910 1545 1959 est
1568 1901 1735 1982 illud:
1770 1880 1815 1940 Β
1842 1880 1946 1978 est.
1986 1920 2004 1952 ι
2038 1900 2157 1957 Νοη
2206 1880 2291 1957 εει
2338 1904 2482 1957 enim
2533 1918 2706 1973 neque
2752 1906 3079 1981 annuntians
3096 1880 3135 1969 -ι
3169 1880 3409 1975 tempora

355 2027 446 2077 Aio
469 2032 522 2076 te
545 2025 738 2075 Eacida
759 2023 995 2074 Romanos
1016 2023 1210 2074 vincere
1232 2033 1391 2085 posse.

176 2149 198 2180 ε
230 2129 539 2201 anuamnr
557 2130 740 2194 simul,
773 2149 792 2182 ι
824 2128 878 2184 id
901 2136 1007 2194 est,
1031 2127 1172 2183 sicut
1198 2140 1297 2197 ego
1320 2124 1511 2195 loquor
1534 2122 1736 2191 futura,

171 2219 248 2273 Ita
274 2219 565 2289 loquantur
592 2228 647 2274 et
677 2219 773 2273 illi.

250 2326 271 2360 ι
296 2309 433 2365 Ecce
454 2325 552 2365 vos
574 2310 707 2365 estis
731 2325 797 2364 ex
822 2308 1015 2373 nihilo,
1035 2326 1054 2360 ι
1079 2323 1113 2371 q
1136 2307 1300 2373 idola,
1318 2304 1594 2367 subaudis,
1611 2302 1739 2373 quia

169 2399 240 2455 ab
269 2399 577 2454 hominibus
601 2399 743 2453 facta
769 2400 900 2453 estis
928 2399 1020 2467 qui
1049 2398 1182 2452 nihil
1211 2405 1355 2452 sunt.
1388 2395 1583 2450 Paulus
1611 2409 1742 2463 apo-.

170 2489 343 2547 stolus
372 2486 497 2567 dicit
525 2506 538 2542 :
570 2507 588 2540 ι
618 2488 752 2554 Quia
782 2487 981 2542 idolum
1004 2486 1139 2541 nihil
1162 2493 1277 2550 est,
1303 2494 1359 2540 et
1385 2484 1740 2539 fabricatores

167 2579 434 2635 ldelorum
482 2578 615 2633 nihil
657 2585 782 2633 sunt
816 2576 885 2647 (I
919 2575 1041 2631 Cor.
1079 2576 1236 2647 νιιι).
1263 2594 1282 2627 ι
1318 2575 1389 2632 Ut
1428 2576 1485 2629 in
1526 2573 1741 2631 Psalmo.

169 2668 439 2723 habetur:
473 2685 492 2718 ε
526 2665 741 2721 Similes
774 2665 878 2720 illis
916 2663 1049 2721 ﬁant
1081 2664 1172 2735 qui
1208 2664 1413 2719 faciunt
1441 2678 1503 2718 ea
1544 2660 1736 2733 (Psal.

167 2772 368 2813 cxxxrv
390 2755 408 2827 )
429 2796 444 2822 ,
476 2776 495 2809 ι
526 2756 631 2815 hoc
658 2764 742 2811 est
769 2754 899 2809 nihil
928 2762 1054 2812 sunt
1082 2754 1223 2813 idola
1242 2794 1257 2820 ,
1288 2762 1343 2810 et
1376 2760 1635 2823 quantum
1671 2752 1740 2807 ad

168 2848 371 2902 cultum
400 2847 663 2918 pertinet,
693 2846 783 2915 qui
813 2844 1013 2900 faciunt
1037 2860 1100 2901 ea
1126 2845 1260 2904 nihil
1291 2853 1433 2905 sunt.
1468 2862 1486 2895 ι
1516 2843 1581 2899 Et
1605 2858 1742 2914 opus

167 2947 430 3003 vestrum,
466 2956 485 2989 ι
512 2938 614 2992 hoc
635 2946 721 2993 est
748 2935 905 3000 idola,
942 2953 961 2986 ‹
993 2951 1059 2991 ex
1081 2950 1146 2992 eo
1178 2935 1320 3005 quod
1355 2950 1460 2993 non
1495 2942 1598 3000 est,
1632 2954 1650 2986 ι
1685 2934 1739 2988 id

168 3037 276 3093 est,
306 3030 409 3083 hoc
436 3027 578 3097 quod
607 3027 660 3083 in
692 3028 817 3085 deos
846 3024 1092 3080 fabricati
1123 3026 1276 3097 estis,
1310 3024 1444 3078 nihil
1480 3031 1583 3087 est,
1611 3022 1739 3091 quia

168 3135 278 3176 non
309 3127 437 3177 sunt
465 3119 558 3173 dii.
590 3118 885 3178 Possumus
912 3117 1074 3175 etiam
1105 3117 1209 3171 hoc
1237 3114 1440 3180 referre
1468 3114 1537 3170 ad
1561 3112 1701 3169 idola
1720 3154 1736 3183 ,

171 3211 316 3280 quod
350 3209 478 3265 dicit
512 3227 524 3262 :
554 3208 691 3264 Ecce
723 3224 820 3263 vos
851 3208 983 3262 estis
1015 3221 1083 3261 ex
1118 3205 1287 3261 nihilo
1315 3221 1330 3258 :
1366 3206 1507 3261 sicut
1536 3205 1736 3274 dictum
1764 3228 1812 3291 ρ

169 3303 450 3366 habemus,
472 3309 528 3357 et
554 3303 656 3356 hoc
680 3301 821 3369 quod
847 3300 976 3353 dicit
998 3314 1133 3368 opus
1153 3308 1390 3362 vestrum
1415 3311 1483 3355 ex
1506 3310 1571 3350 eo
1595 3295 1739 3365 quod

169 3406 277 3446 non
309 3400 423 3456 est,
453 3392 520 3445 ad
546 3390 778 3443 cultores
804 3388 1065 3442 idolorum
1084 3426 1099 3452 ,
1128 3394 1385 3455 quantum
1410 3386 1648 3456 pertinet
1674 3383 1743 3453 ad

168 3482 454 3538 materiam
492 3479 635 3535 unde
671 3479 810 3534 idola
848 3476 1081 3541 ﬁebant,
1126 3476 1377 3532 videlicet
1422 3490 1616 3530 aurum
1654 3473 1738 3529 vel

170 3571 317 3627 aliud
357 3570 661 3641 hujusmodi
682 3610 695 3635 ,
728 3568 929 3638 aliquid
953 3575 1103 3633 erat,
1135 3568 1229 3623 sed
1257 3566 1371 3638 ipse
1400 3566 1575 3621 cultus
1603 3565 1740 3640 nihil

170 3670 309 3716 erat.
341 3661 565 3730 Insuper
591 3668 646 3715 et
674 3660 742 3715 ad
772 3658 1225 3727 comparationem
1256 3658 1372 3712 auri
1398 3666 1454 3712 et
1476 3657 1630 3723 teris,
1654 3657 1740 3712 vel

169 3754 314 3808 illius
339 3754 479 3807 unde
507 3752 737 3814 ﬁebant,
764 3749 897 3804 nihil
920 3759 1059 3805 erat.
1091 3768 1110 3802 ‹
1141 3748 1485 3803 Abominatio
1509 3755 1624 3813 est,
1648 3747 1740 3817 qui

167 3844 331 3913 elegit
354 3858 472 3901 vos.
502 3861 521 3894 ι
547 3843 650 3897 hoc
673 3848 757 3911 est
780 3839 1008 3909 abjcctio
1026 3848 1083 3896 et
1108 3839 1415 3906 detestatio,
1442 3838 1531 3894 ille
1554 3839 1736 3906 homo,

164 3936 263 4005 qui
292 3933 545 3989 conﬁavit
566 3948 693 3997 vos,
725 3948 758 3988 ο
786 3931 946 3987 idola.

246 4044 266 4078 ι
307 4024 576 4081 Suscitavi
614 4026 683 4080 ab
718 4025 1000 4094 aquilone,
1034 4025 1217 4079 veniet
1262 4024 1330 4080 ab
1366 4030 1489 4080 ortu
1524 4022 1672 4080 solis.
1712 4043 1732 4078 ι

166 4115 290 4169 Vox
314 4114 408 4169 Dei
429 4113 625 4191 Patris.
656 4102 849 4183 Aquilo
875 4120 958 4168 est
986 4122 1176 4169 ventus
1205 4113 1431 4184 frigidus
1454 4120 1508 4167 et
1531 4122 1739 4168 contra-

165 4208 317 4272 rius,
353 4214 409 4260 et
441 4204 705 4282 signiﬁcat
743 4204 1035 4281 diabolum.
1082 4204 1375 4260 Suscitavit
1422 4220 1550 4276 ergo
1596 4204 1737 4260 Deus

164 4298 337 4354 Pater
384 4297 609 4366 gentiles
648 4297 716 4351 ab
762 4295 1012 4365 aquilone
1053 4296 1334 4366 degentes,
1373 4297 1477 4351 hoc
1519 4304 1605 4351 est
1646 4296 1737 4364 qui

164 4388 343 4457 frigus
371 4387 574 4441 erroris
600 4387 965 4457 patiebantur,
993 4402 1224 4456 quorum
1255 4387 1415 4442 corda
1448 4403 1554 4440 non
1584 4387 1738 4441 arde-

162 4477 305 4530 bant
337 4490 522 4531 amore
553 4475 857 4531 dilectionis
891 4475 986 4529 Dei
1031 4484 1087 4529 et
1120 4476 1372 4544 proximi.
1414 4476 1482 4529 Et
1518 4475 1735 4539 veniet,

162 4563 424 4620 subaudis
461 4564 706 4637 Christus
744 4565 812 4618 ab
842 4572 963 4639 ortu
997 4563 1154 4628 solis,
1205 4566 1258 4617 in
1292 4578 1451 4633 quem
1495 4564 1733 4618 credent.
1762 4574 1817 4641 Π

161 4655 253 4710 Ab
279 4660 401 4709 ortu
430 4654 558 4710 solis
587 4654 771 4709 venire
808 4654 1023 4719 dicitur,
1054 4655 1178 4723 quia
1211 4653 1391 4708 Judaea
1422 4654 1476 4708 in
1498 4653 1734 4710 Orientis

157 4748 415 4820 partibus
446 4756 548 4803 est.
587 4747 679 4803 Ille
711 4748 893 4802 veniet
927 4747 994 4802 ab
1031 4755 1154 4802 ortu
1192 4746 1348 4809 solis,
1387 4745 1454 4801 de
1488 4762 1594 4816 quo
1640 4762 1734 4801 su-

160 4854 269 4911 pra
303 4839 504 4895 dictum
537 4846 618 4894 est
647 4856 660 4892 :
707 4857 726 4889 (
757 4837 858 4905 Qui
883 4836 1164 4892 suscitavit
1187 4837 1253 4890 ab
1276 4834 1493 4891 Oriente
1526 4834 1731 4904 justum

162 4935 372 5005 (supra,
401 4932 513 5002 1x);
549 4952 567 4985 ι
609 4939 663 4987 ει
687 4931 792 4985 alio
820 4930 938 4985 loco
965 4946 978 4984 :
1008 4947 1027 4981 ι
1058 4929 1195 4984 Ecce
1228 4928 1312 4982 vir
1333 4928 1515 4983 oriens
1538 4942 1732 4983 nomen

159 5022 287 5091 ejus
320 5018 505 5092 (Zach.
533 5019 632 5091 vi).
665 5038 684 5073 ι
715 5019 946 5089 Ideoque
977 5017 1259 5074 suscitabit
1294 5027 1479 5089 gentes
1515 5017 1579 5071 de
1612 5017 1735 5071 inﬁ—

159 5114 388 5169 delitate
411 5112 477 5166 ad
507 5111 698 5178 ﬁdem,
729 5119 789 5165 ut
818 5109 1043 5165 credant
1079 5110 1131 5163 in
1169 5123 1291 5163 eum
1312 5150 1326 5174 ,
1359 5107 1449 5177 qui
1486 5106 1633 5161 venit
1663 5108 1731 5160 ab

156 5212 292 5260 ortu
326 5202 474 5258 solis.
512 5202 576 5256 Et
611 5216 778 5271 quare
812 5200 943 5256 dicit
975 5199 1260 5254 Dominum
1292 5197 1476 5252 venire
1509 5197 1577 5252 ab
1609 5206 1730 5252 ortu

154 5293 296 5349 solis
336 5293 405 5345 ad
438 5299 655 5360 gentes,
691 5305 812 5345 cum
847 5291 961 5360 ipse
995 5306 1099 5345 non
1144 5288 1517 5361 przedicaverit
1561 5288 1734 5358 genti-

156 5383 311 5439 bus?
339 5381 501 5438 Venit
535 5380 749 5449 quidem
786 5396 882 5449 per
911 5381 1181 5449 apostolos
1208 5396 1335 5436 suos
1353 5421 1368 5445 ,
1398 5380 1522 5448 quia
1551 5381 1728 5434 omnia

152 5487 287 5545 qua
315 5469 538 5542 apostoli
572 5468 775 5538 operati
810 5478 965 5535 sunt,
1004 5485 1101 5538 per
1139 5470 1311 5539 ipsum
1345 5478 1401 5523 et
1429 5470 1482 5522 in
1517 5471 1732 5524 nomine

152 5563 282 5632 ejus
307 5569 364 5619 et
390 5562 444 5618 in
476 5561 685 5616 Iaudem
710 5556 827 5627 ejus
852 5557 1111 5612 fecerunt.
1143 5559 1206 5612 Et
1231 5558 1335 5613 nisi
1362 5558 1475 5627 ipse
1501 5559 1734 5613 venisset

153 5663 220 5711 et
257 5652 611 5708 illuminasset
645 5648 807 5706 corda
846 5647 1114 5719 gentium,
1145 5648 1198 5702 in
1228 5664 1422 5702 vanum
1462 5649 1732 5718 expende—

154 5742 731 5814 rentprtedicationem
759 5754 930 5796 suam.
963 5757 980 5790 ι
1006 5737 1230 5794 Vocavit
1253 5754 1446 5794 nomen
1471 5754 1670 5804 meum,
1704 5760 1721 5793 ι

152 5835 420 5894 subaudis
445 5877 459 5899 ,
496 5836 587 5890 ille
619 5834 712 5903 qui
747 5834 923 5888 veniet
956 5834 1025 5887 ab
1063 5842 1182 5897 ortu
1220 5830 1378 5897 solis,
1412 5851 1429 5882 ‹
1466 5842 1518 5886 ει
1555 5830 1723 5885 addu—

1836 1992 2110 2069 praeterita
2131 2009 2150 2043 ι
2172 2007 2343 2062 neque
2363 1994 2665 2064 pmdicens
2686 2013 2703 2044 ι
2731 1993 2909 2048 futura
2939 2010 3006 2055 ex
3033 1996 3282 2053 omnibus
3308 1995 3411 2051 diis

1835 2080 2033 2136 vestris
2063 2099 2077 2155 :_
2114 2100 2133 2134 ι
2167 2098 2342 2153 neque
2390 2084 2613 2140 audiens
2660 2100 2937 2141 sermones
2964 2094 3193 2151 vestros,
3229 2105 3248 2138 ι
3283 2086 3411 2155 quia

1837 2173 1973 2228 muti
2014 2183 2068 2229 et
2109 2175 2257 2229 surdi
2302 2183 2445 2252 sunt.
2490 2174 2603 2237 Hoc
2628 2185 2712 2253 est
2740 2177 2884 2247 quod
2908 2175 3020 2244 jam
3057 2175 3304 2252 superius
3332 2176 3412 2231 di-

1837 2262 2053 2328 ximus,
2094 2264 2219 2333 quia
2257 2271 2379 2333 post
2418 2264 2707 2318 adventum
2758 2265 2972 2332 Domini
3020 2273 3075 2319 et
3124 2275 3411 2337 postquam

1838 2352 1971 2408 ﬁdes
1999 2353 2116 2424 ejus
2144 2355 2306 2422 coepit
2333 2354 2547 2408 dilatari
2586 2369 2684 2424 per
2721 2355 2941 2420 orbem,
2980 2356 3252 2418 daemones
3294 2370 3415 2434 qua:

1837 2457 2096 2513 responsa
2127 2453 2251 2498 ante
2284 2444 2423 2499 soliti
2453 2453 2610 2499 erant
2639 2445 2769 2501 dare
2789 2486 2803 2512 ,
2833 2446 3228 2502 conticuerunt.

1914 2554 1933 2587 ‹
1957 2534 2172 2590 Primus
2200 2536 2266 2589 ad
2291 2534 2420 2590 Sion
2448 2535 2595 2590 dicet
2621 2550 2636 2589 :
2667 2537 2806 2591 Ecce
2836 2537 3046 2602 adsum,
3073 2547 3128 2592 et
3157 2535 3412 2591 Hierusa-

1838 2624 1943 2681 lem
1987 2626 2373 2697 evangelistam
2410 2627 2569 2681 dabo.
2604 2646 2625 2679 ›
2660 2626 2765 2682 Per
2796 2626 2924 2683 Sion
2959 2627 3117 2699 (quae
3146 2612 3411 2697 intrepre-

1838 2721 1987 2769 tatur
2032 2714 2314 2785 speculum
2363 2714 2477 2769 sive
2506 2715 2825 2786 speculatio)
2858 2724 2913 2770 et
2947 2731 3046 2785 per
3075 2715 3410 2771 Hierusalem

1839 2801 1999 2874 (qua:
2040 2804 2430 2873 interpretatur
2482 2805 2621 2859 visio
2674 2802 2861 2875 pacis)
2900 2803 3232 2875 signiﬁcatur
3283 2803 3414 2859 cho-

1839 2910 1935 2951 rus
1959 2895 2407 2966 priedicatorum,
2443 2904 2498 2951 et
2527 2896 2850 2951 universalis
2880 2896 3141 2952 Ecclesia.
3172 2896 3408 2964 Primus,

1837 2986 1944 3041 hoc
1982 2993 2068 3041 est
2110 2986 2499 3056 primogenitus
2546 3001 2699 3041 meus
2739 2986 2929 3051 Filius,
2968 2987 3098 3042 dicit
3142 2986 3208 3041 ad
3246 2986 3407 3053 Sion,

1839 3075 1894 3131 id
1933 3085 2049 3141 est,
2084 3077 2153 3130 ad
2192 3083 2408 3135 sanctos
2436 3076 2706 3146 apostolos
2735 3086 2791 3131 et
2818 3078 3200 3147 praedicatores
3229 3097 3242 3132 :
3274 3078 3414 3133 Ecce

1840 3166 2027 3222 adsum
2048 3205 2064 3232 ,
2091 3182 2125 3221 o
2151 3166 2379 3236 apostoli
2410 3166 2545 3231 mei,
2577 3175 2633 3221 et
2662 3166 2995 3222 Hierusalem
3026 3169 3412 3239 evangelistam

1840 3254 2013 3321 dabo,
2043 3256 2146 3310 hoc
2170 3264 2258 3310 est
2283 3264 2499 3311 sanctos
2524 3257 2615 3323 qui
2645 3266 2805 3310 erunt
2840 3258 2893 3310 in
2934 3258 3172 3313 Ecclesia
3194 3299 3208 3322 ,
3239 3260 3376 3313 dabo
3395 3301 3412 3324 ,

1839 3354 1902 3400 ut
1920 3346 2028 3400 sint
2046 3347 2427 3417 praedicatores
2448 3356 2501 3401 et
2522 3348 2927 3403 annuntiatores
2946 3350 3209 3405 veritatis.
3234 3351 3380 3405 Evau
3404 3384 3411 3390 -

1840 3435 2030 3507 gelista
2071 3435 2272 3492 dicitur.
2305 3435 2480 3491 bonus
2518 3437 2925 3505 interpretator,
2957 3445 3013 3493 et
3038 3438 3218 3509 posuit
3245 3456 3412 3494 unum

1839 3539 1939 3596 pro
1972 3526 2175 3581 multis.

1916 3635 1935 3670 ι
1970 3617 2039 3673 Ει
2059 3618 2167 3673 vidi
2197 3632 2298 3687 ego
2326 3639 2346 3671 ι
2378 3618 2517 3673 Deus
2545 3620 2883 3690 omnipotens
2911 3640 2929 3673 ι
2957 3629 3011 3676 ει
3038 3637 3142 3676 non
3170 3631 3286 3677 erat
3312 3639 3409 3678 ne-

1840 3724 1945 3781 que
1972 3725 2040 3765 ex
2080 3710 2221 3778 istis,
2264 3731 2281 3763 ›
2313 3712 2569 3766 subaudis
2607 3712 2910 3768 simulacris
2955 3713 3038 3767 vel
3081 3714 3411 3769 daemonibus

1847 3819 1867 3853 ο
1902 3802 2184 3872 quisquam
2207 3842 2223 3868 ,
2254 3805 2347 3872 qui
2377 3801 2538 3856 iniret
2578 3803 2885 3867 consilium,
2920 3821 2938 3855 ι
2975 3804 3078 3857 hoc
3106 3811 3187 3857 est
3207 3803 3297 3871 qui
3327 3805 3411 3857 in-

1840 3900 2007 3947 traret
2034 3893 2088 3947 in
2116 3893 2400 3948 consilium
2420 3933 2434 3959 ,
2468 3912 2487 3943 ί
2520 3900 2575 3947 et
2604 3893 2966 3963 interrogatus
3002 3914 3020 3945 ι
3052 3910 3081 3947 a
3113 3893 3412 3947 cultoribus

1839 3984 1982 4050 suis,
2014 4002 2032 4035 ι
2061 3985 2413 4053 responderet
2436 3985 2678 4038 verbum.
2704 4005 2724 4037 ι
2754 3984 2907 4041 Licet
2933 3986 3077 4040 enim
3116 3984 3412 4054 interroga-

1841 4085 2011 4141 retur,
2044 4092 2154 4143 non
2184 4083 2364 4132 tamen
2390 4084 2605 4147 poterat
2635 4080 2981 4147 respondere.

1916 4184 1935 4217 ι
1970 4167 2109 4223 Ecce
2136 4182 2344 4233 omnes,
2377 4187 2395 4219 ι
2425 4168 2681 4223 subaudis
2707 4169 2944 4223 cultores
2974 4168 3291 4234 idolorum;
3325 4167 3409 4222 in-

1833 4255 1987 4325 justi.
2018 4278 2037 4311 ›
2068 4277 2085 4308 ι
2116 4257 2184 4311 Ει
2202 4272 2338 4311 vana
2355 4272 2515 4326 opera
2534 4273 2742 4323 eorum,
2766 4278 2783 4310 ›
2804 4259 2856 4312 id
2880 4266 2986 4323 est,
3016 4258 3194 4313 cultus
3221 4274 3409 4313 eorum

1839 4350 1987 4403 velut
2017 4366 2035 4399 ‹
2062 4359 2254 4403 ventus
2273 4355 2327 4401 et
2361 4346 2517 4401 inane
2546 4347 2893 4403 simulacrum
2912 4362 3121 4413 eorum,
3153 4366 3170 4398 ι
3202 4348 3305 4403 hoc
3328 4359 3413 4403 cst

1842 4440 2051 4518 inutile.
2474 4429 2481 4439 ’

2406 4529 2633 4586 CAPUT
2678 4529 2834 4585 XLII.

1916 4662 1935 4696 ι
1967 4644 2107 4703 Ecce
2145 4658 2335 4699 servus
2374 4658 2558 4707 meus,
2599 4642 2884 4713 suscipiam
2924 4658 3067 4699 eum.
3103 4662 3122 4695 ι
3153 4641 3269 4698 Vox
3313 4642 3409 4698 Dei

1839 4734 2016 4813 Patris
2042 4737 2107 4791 de
2134 4735 2288 4790 Filio.
2312 4735 2572 4789 Dominus
2598 4734 2756 4790 Jesns
2778 4734 3028 4792 Christus
3056 4736 3198 4790 Deus
3225 4743 3279 4791 et
3307 4735 3407 4790 ho-

1839 4842 1926 4882 mo
1963 4835 2065 4883 est.
2108 4826 2165 4880 In
2205 4833 2467 4895 quantum
2510 4826 2577 4881 ad
2617 4824 2949 4881 divinitatem
2991 4827 3224 4897 pertinet
3269 4828 3410 4881 Deus

1838 4924 1950 4980 est,
1983 4924 2282 4971 coaeternus
2309 4923 2363 4968 et
2393 4916 2868 4972 consubstantia‘lis
2898 4916 3066 4971 Patri.
3100 4916 3406 4972 Secundum

1838 5010 2227 5064 humanitatem
2249 5024 2378 5063 vero
2399 5024 2588 5064 servus
2614 5009 2934 5079 appellatur,
2960 5009 3085 5079 quia
3109 5008 3410 5063 minoratus

1838 5110 1920 5155 est
1940 5101 2095 5171 paulo
2117 5101 2293 5155 minus
2312 5101 2378 5155 ab
2402 5100 2627 5170 angelis.
2645 5099 2843 5156 Servus
2868 5101 3027 5155 etiam
3051 5107 3269 5153 vocatus
3292 5105 3403 5161 est,

1837 5192 1963 5261 quia
1997 5209 2015 5241 ‹
2056 5206 2178 5244 cum
2211 5190 2262 5243 in
2295 5188 2465 5243 forma
2509 5189 2602 5245 Dei
2645 5201 2818 5257 esset,
2860 5187 3163 5243 humiliavit
3198 5203 3256 5243 se
3298 5187 3407 5242 for-

1840 5297 1983 5335 mam
2014 5282 2155 5335 servi
2186 5280 2456 5348 accipiens
2486 5278 2708 5351 (Philip.
2739 5279 2819 5350 n).
2850 5299 2868 5331 ι
2897 5279 3039 5334 Deus
3066 5279 3407 5350 omnipotens

1840 5374 1999 5428 Pater
2028 5388 2243 5427 servum
2265 5413 2280 5436 ,
2309 5365 2558 5427 videlicet
2609 5373 2894 5426 Dominum
2940 5380 3184 5426 nostrum
3221 5370 3404 5427 Jesum

1839 5466 2112 5521 Christum
2144 5463 2554 5535 quadragesimo
2580 5464 2665 5517 die
2696 5463 3103 5517 resurrectionis
3133 5463 3404 5532 suscepit,

1838 5556 2056 5611 elevans
2095 5570 2219 5610 eum
2269 5571 2430 5625 supra
2473 5556 2653 5609 omnia
2697 5554 2870 5608 sidera
2916 5563 2970 5610 et
3013 5570 3174 5624 super
3216 5569 3405 5609 omnes

1838 5647 2040 5712 ccelos,
2098 5657 2154 5701 et
2210 5648 2482 5702 collocans
2547 5646 2598 5700 in
2671 5646 2858 5701 dextra
2914 5647 3212 5717 majestatis
3267 5663 3399 5703 suae.

1842 5759 1859 5789 ι
1886 5740 2101 5794 Electus
2129 5754 2301 5802 mens,
2332 5739 2655 5808 complacuit
2682 5739 2782 5793 sibi
2813 5740 2863 5793 in
2892 5740 2979 5794 illo
3008 5740 3184 5794 anima
3215 5754 3350 5795 mea.
3379 5759 3394 5789 ι

1834 5833 2051 5887 Electus
2099 5843 2180 5887 est
2221 5834 2328 5887 Deo
2377 5834 2521 5887 Patri
2569 5832 2824 5889 Dominus
2854 5834 3042 5900 Jesus,
3088 5836 3225 5890 sicut
3267 5845 3399 5890 tem-
