4016 6462
172 488 279 545 923

1224 488 1573 547 COMMENT.
1616 485 1680 541 ΙΝ
1716 484 1967 540 ISAIAM.
2008 517 2077 528 --
2110 489 2233 543 LIB.
2280 490 2340 543 II.

3304 490 3407 546 926

174 608 331 657 nocte
354 602 558 661 erroris
583 608 638 657 et
663 600 993 656 inﬁdelitatis
1010 641 1023 668 ,
1054 609 1108 656 et
1133 602 1362 672 caligine
1390 607 1731 672 peccatorum
1759 598 1807 657 A
1837 597 2133 670 intelligere
2155 601 2298 656 hunc
2318 601 2574 657 mundum
2592 642 2606 666 ,
2633 601 2686 656 in
2709 614 2869 672 quem
2895 601 2971 656 illi
2996 602 3405 669 descenderunt,

173 690 338 760 positi
363 698 540 745 erant.

249 800 269 834 ‹
301 781 412 853 Ego
436 781 715 837 Dominus.
747 779 960 837 Hoc'est
975 796 1167 837 nomen
1191 796 1388 845 meum,
1411 801 1430 834 ι
1458 778 1736 847 subaudis,

173 881 236 931 ut
265 872 527 928 Dominus
565 888 727 929 vocer
754 871 823 929 ab
851 873 1129 939 omnibus,
1165 873 1291 945 quia
1319 872 1567 927 dominor
1592 868 1738 945 omni

172 973 460 1021 creaturae.
481 963 750 1021 «Gloriam
776 980 952 1021 meam
975 962 1130 1018 alteri
1156 978 1261 1025 non
1289 961 1446 1017 dabo.
1470 979 1488 1011 ι
1507 959 1624 1013 Non
1648 973 1742 1012 ex-

174 1054 345 1111 cludit
371 1054 570 1112 Filium
606 1069 636 1112 a
663 1054 834 1126 gloria
865 1068 982 1119 sua,
1023 1053 1153 1122 quia
1182 1053 1296 1122 ipse
1327 1050 1495 1109 Filius
1518 1049 1650 1104 dicit
1686 1048 1740 1105 in

173 1148 466 1220 Evangelia
496 1168 509 1203 :
546 1168 566 1202 ‹
600 1148 850 1203 Clariﬁca
878 1161 985 1211 me,
1011 1145 1193 1209 Pater,
1227 1143 1301 1209 (id
1328 1150 1429 1207 est,
1445 1142 1740 1197 honoriﬁca

173 1255 281 1306 me,
313 1239 497 1311 Pater)
534 1241 675 1311 apud
706 1239 1047 1310 temetipsum
1066 1279 1082 1305 ,
1114 1237 1359 1292 claritate
1386 1249 1545 1305 quam
1577 1232 1740 1288 habui

172 1329 487 1408 priusquam
535 1328 767 1384 mundus
812 1335 958 1383 esset
1007 1324 1189 1398 (Joan.
1222 1340 1300 1379 xu
1324 1364 1340 1390 ,
1372 1323 1526 1393 xvtt).
1566 1339 1586 1373 ι
1623 1320 1743 1375 Non

172 1420 320 1475 enim
360 1420 529 1486 dixit,
566 1419 793 1491 gloriam
833 1433 1009 1476 meam
1049 1416 1182 1473 nulli
1220 1416 1395 1481 dabo;
1428 1414 1556 1486 quia
1582 1413 1627 1467 si
1657 1412 1740 1467 di-

173 1513 366 1579 xisset,
390 1513 708 1568 exclusisset
731 1511 916 1581 utique
935 1510 1130 1566 Filium
1155 1524 1170 1565 :
1198 1508 1294 1563 sed
1322 1506 1547 1578 gloriam
1566 1517 1743 1558 meam

172 1602 329 1658 alteri
355 1617 464 1658 non
494 1602 657 1668 dabo,
683 1599 939 1659 subaudis
967 1607 1165 1671 praeter
1193 1605 1249 1651 te
1271 1596 1358 1650 cui
1388 1592 1509 1650 dedi
1528 1633 1543 1658 ,
1573 1600 1628 1648 et
1655 1591 1742 1647 cui

171 1695 396 1752 daturus
439 1711 578 1750 sum.
607 1694 701 1750 Sic
741 1694 887 1749 enim
932 1690 1209 1760 respondit
1246 1688 1404 1754 Filio,
1432 1687 1498 1742 ad
1527 1700 1592 1742 ea
1622 1698 1743 1755 qua:

170 1786 381 1844 dixerat
410 1786 581 1842 Filius
613 1803 625 1839 :
654 1784 723 1839 Et
749 1780 1065 1855 gloriﬁcavi,
1096 1787 1151 1835 et
1180 1779 1379 1835 iterum
1407 1776 1739 1848 gloriﬁcabo.

173 1876 246 1933 Ut
269 1876 505 1931 sciamus
528 1874 737 1944 plenius
763 1888 860 1943 per
884 1871 1025 1928 hanc
1049 1870 1371 1926 sententiam
1396 1883 1504 1923 non
1530 1865 1740 1922 excludi

1840 690 2123 745 audientes
2158 706 2190 745 a
2224 690 2495 747 Domino:
2525 709 2544 743 ι
2577 691 2654 746 lte
2680 693 2735 747 in
2762 690 3017 747 mundum
3055 692 3364 748 universum
3388 692 3435 760 ρ

1838 779 2127 848 przedicate
2151 779 2497 851 Evangelium
2523 780 2727 853 (Marc.
2759 797 2847 837 xvi
2863 781 2905 853 ).
2929 802 2948 835 ι
2973 781 3050 836 llli
3074 792 3252 839 autem
3278 798 3409 838 eun—

1840 879 1923 925 tes
1944 872 2336 941 deseenderunt
2364 873 2419 929 in
2445 888 2593 929 mare
2611 915 2627 938 ,
2653 875 2755 929 hoc
2777 882 2892 941 est,
2914 874 2968 929 in
2996 875 3253 930 mundum
3279 889 3409 945 gen-

1842 960 1972 1014 tium
1994 999 2009 1025 ,
2034 962 2128 1017 ubi
2150 962 2521 1017 sustinuerunt
2567 972 2914 1034 tempestates
2941 963 3407 1036 persecutionum;

1841 1058 1895 1107 et
1926 1051 2189 1121 procellas
2219 1053 2603 1133 tribulationis.
2639 1053 3034 1110 Plenitudinem
3064 1054 3221 1110 istius
3245 1055 3414 1109 maris

1843 1141 2080 1212 appellat
2103 1142 2347 1207 homines
2366 1182 2381 1210 ,
2413 1143 2617 1199 insulas
2644 1159 2774 1213 vero
2802 1145 3141 1200 diversitates
3170 1145 3411 1215 gentium

1842 1232 2217 1288 ecclesiarum.
2247 1233 2291 1289 Ο
2317 1234 2500 1304 populi
2529 1233 2621 1305 qui
2645 1234 2971 1291 descenditis
2995 1236 3050 1290 in
3075 1250 3226 1291 mare
3255 1234 3413 1289 istius

1841 1322 2027 1378 sreeuli
2044 1363 2060 1389 ,
2087 1330 2142 1377 et
2171 1322 2449 1392 plenitudo
2475 1312 2592 1394 ejus
2610 1364 2624 1387 ,
2655 1324 2710 1378 id
2735 1331 2849 1397 est,
2881 1325 3130 1379 homines
3156 1323 3410 1378 habitan-

1846 1421 1925 1468 tes
1972 1412 2030 1467 in
2080 1427 2165 1468 eo.
2202 1412 2418 1477 Insulae,
2461 1413 2565 1467 hoc
2597 1421 2713 1478 est,
2751 1413 2978 1468 diversae
3013 1422 3201 1485 gentes
3240 1413 3415 1468 diver-

1843 1519 2024 1574 saeque
2065 1504 2342 1570 ecclesiae,
2394 1511 2449 1559 et
2490 1504 2826 1559 habitatores
2874 1519 3061 1560 earum
3093 1504 3412 1569 insularum,

1844 1594 2057 1650 laudate
2085 1594 2407 1660 Dominum,
2444 1600 2660 1649 cantate
2695 1593 2966 1655 canticum
3005 1607 3203 1671 novum
3244 1607 3413 1649 evan-

1843 1684 2029 1758 gelica:
2071 1684 2498 1755 praadicationis.
3161 1670 3164 1675 ’

1920 1802 1940 1836 ι
1961 1784 2131 1840 Levet
2157 1781 2450 1849 desertum,
2476 1801 2497 1835 ›
2527 1782 2633 1838 hoc
2655 1788 2757 1848 est,
2785 1781 3015 1852 populus
3042 1782 3281 1855 gentium
3312 1798 3332 1833 ι
3362 1788 3418 1836 et

1846 1875 2091 1932 civitates
2119 1873 2236 1943 ejus
2263 1893 2283 1927 ι
2312 1889 2501 1930 vocem
2531 1888 2704 1939 suam,
2745 1873 2838 1942 qui
2873 1874 3118 1929 desertus
3138 1881 3192 1951 et
3216 1871 3414 1927 dereli-

169 1968 367 2025 Filium
386 1984 417 2023 a
440 1942 607 2040 gloria
631 1967 728 2024 Dei
753 1942 947 2031 Datris,
977 1963 1072 2021 sed
1096 1957 1258 2029 idola,
1274 1962 1554 2034 sequentia
1576 1961 1741 2018 verba
1768 1942 1817 2019 Β
1844 1978 1967 2025 ctus
1987 1942 2158 2023 erata
2181 1968 2290 2023 Deo
2311 1974 2533 2039 propter
2555 1965 2935 2022 idololatriam.
2953 1942 3180 2031 Quidam
3202 1963 3417 2019 codices
3442 1990 3445 1991 ν

174 2067 457 2137 testantur.
488 2078 507 2112 ι
529 2060 596 2115 Et
616 2060 829 2115 laudem
856 2072 1031 2140 meam
1056 2076 1075 2111 ι
1107 2057 1282 2127 inquit
1311 2074 1330 2111 ι
1350 2054 1687 2128 sculptilibus
1714 2073 1737 2138 ξ

170 2148 426 2206 subaudis
443 2191 459 2216 ,
491 2165 600 2205 non
631 2150 787 2225 dabo.

244 2257 264 2290 ι
299 2237 428 2309 Quae
452 2239 626 2308 prima
652 2236 871 2294 fuerunt
897 2252 1023 2293 ecce
1049 2243 1339 2303 venerunt,
1365 2249 1502 2291 nova
1529 2249 1743 2305 quoque

168 2342 272 2398 ego
297 2329 582 2383 annuntio.
610 2348 627 2381 ι
658 2328 789 2395 Quae
817 2326 1033 2382 fuerunt
1064 2327 1152 2381 illa
1186 2326 1358 2396 prima
1387 2339 1506 2395 qua:
1532 2324 1744 2381 locutus

169 2419 297 2476 est?
323 2418 429 2475 Per
451 2420 830 2497 patriarchas,
867 2433 963 2488 per
1000 2417 1180 2475 Mosen
1202 2458 1217 2481 ,
1254 2427 1584 2487 canorosque
1618 2431 1745 2486 pro-

168 2510 390 2582 phetas,
438 2508 507 2565 de
555 2508 788 2564 adventu
826 2507 1086 2563 ‘videlicet
1135 2523 1252 2563 suo.
1308 2507 1510 2561 Novam
1562 2516 1742 2561 autem

169 2607 331 2655 vocat
373 2599 814 2670 praedicationem
866 2597 1182 2669 Evangelii,
1231 2597 1569 2653 voeationem
1615 2611 1746 2668 gen-

169 2692 337 2760 tium,
367 2692 665 2747 novitatem
694 2691 840 2747 ﬁdei.
876 2691 944 2746 Et
979 2701 1060 2746 est
1097 2706 1333 2747 sensus:
1361 2691 1492 2758 Quae
1533 2691 1744 2748 locutus

169 2797 413 2856 sumper
460 2783 752 2857 prophetas
807 2782 875 2839 de
922 2782 1207 2841 nativitate
1247 2797 1400 2851 mea,
1446 2788 1511 2841 de
1550 2784 1746 2856 praedi-

167 2876 382 2933 catione
401 2918 416 2943 ,
445 2877 511 2932 de
535 2876 811 2931 miraculis
833 2875 970 2930 meis
992 2917 1005 2942 ,
1033 2875 1098 2932 de
1135 2877 1419 2948 passione,
1457 2877 1524 2931 de
1559 2891 1743 2931 resur-

169 2964 446 3033 rectione,
494 2967 745 3023 universa
810 2967 1076 3037 completa
1142 2976 1287 3023 sunt.
1352 2968 1505 3022 Nunc
1563 2976 1744 3027 autem

168 3061 430 3115 annuntio
466 3060 621 3114 vobis
658 3075 826 3126 nova,
867 3061 1202 3115 vocationem
1242 3062 1511 3131 gentium,
1553 3074 1743 3130 repro-

168 3148 440 3207 bationem
489 3149 827 3216 Judteorum,
874 3158 929 3205 et
953 3150 1353 3205 subversionem
1384 3149 1740 3204 Hierusalem.

175 3260 194 3292 σ
227 3239 528 3311 Antequam
567 3242 833 3308 oriantur,
878 3243 1062 3297 audita
1103 3243 1256 3298 vobis
1302 3241 1518 3296 faciam.
1556 3261 1574 3294 ι
1616 3242 1739 3296 ldeo

168 3332 430 3388 annuntio
470 3334 622 3386 vobis
651 3349 784 3386 nova
804 3374 818 3397 ,
845 3342 906 3387 ut
930 3333 1380 3403 quemadmodum
1414 3331 1594 3399 priora
1620 3344 1741 3383 cer-

168 3424 295 3478 nitis
337 3424 497 3478 rebus
537 3423 748 3492 expleta
780 3442 792 3476 :
835 3423 915 3479 sic
954 3431 1008 3478 et
1047 3438 1111 3480 ea
1151 3440 1272 3493 qua:
1311 3440 1453 3478 nunc
1476 3423 1740 3494 praedico,

170 3513 409 3567 credatis
437 3527 555 3567 esse
582 3522 827 3571 ventura.
1738 3506 1741 3509 Α

245 3624 262 3656 ι
291 3604 518 3660 Cantate
545 3605 769 3659 Domino
794 3605 1062 3661 canticum
1092 3621 1310 3660 novum.
1331 3623 1350 3657 ι
1379 3604 1478 3673 Qui
1503 3614 1629 3661 sunt
1653 3605 1739 3661 isti

169 3693 363 3764 quibus
385 3693 698 3763 przecipitur
718 3692 940 3749 cantare
963 3695 1190 3750 Domino
1212 3695 1483 3749 canticum
1509 3696 1743 3750 novum?

169 3783 411 3855 Apostoli
431 3824 447 3848 ,
469 3793 523 3839 et
546 3784 827 3855 apostolici
852 3785 974 3839 viri.
1004 3785 1286 3841 Canticum
1309 3795 1489 3841 autem
1512 3800 1709 3840 novum
1724 3827 1741 3852 ,

169 3875 479 3946 evangelica
499 3876 809 3946 pratdicatio
829 3885 930 3932 est.
948 3876 1265 3947 Praecipitur
1286 3886 1463 3932 autem
1488 3878 1744 3948 apostolis

169 3968 369 4023 sanctis
393 3976 446 4023 et
469 3967 914 4038 praedicatoribus
941 3969 1145 4024 sanctis
1165 4010 1180 4035 ,
1219 3977 1280 4024 ut
1317 3977 1535 4025 cantent
1573 3969 1743 4025 canti-

171 4075 293 4115 cum
321 4075 519 4115 novum
538 4102 553 4126 ,
582 4062 880 4116 doctrinam
908 4061 1115 4116 scilicet
1139 4062 1415 4134 Evangelii
1454 4064 1741 4131 praedicent

172 4166 508 4222 nequaquam
537 4151 592 4206 in
617 4159 887 4207 vetustate
907 4152 1135 4220 litteras,
1168 4154 1262 4209 sed
1295 4154 1348 4209 in
1376 4155 1613 4210 novitate
1636 4155 1743 4225 spi-

171 4244 327 4300 ritus.
355 4243 466 4299 Nec
492 4243 665 4300 solum
694 4245 745 4299 in
774 4247 941 4302 veteri
967 4246 1357 4315 instrumento,
1379 4248 1473 4303 sed
1498 4250 1661 4304 etiam
1687 4250 1740 4304 in

170 4351 327 4392 novo.
359 4353 379 4388 ι
407 4336 473 4391 Et
499 4336 711 4393 laudem
742 4335 859 4405 ejus
874 4347 1126 4393 resonent
1152 4339 1217 4393 ad
1244 4349 1485 4394 extrema
1510 4349 1688 4404 teme,
1717 4359 1735 4390 ι

170 4430 273 4483 hoc
301 4434 417 4492 est,
447 4427 701 4482 universo
729 4428 929 4487 mundo
954 4429 1277 4483 annuntient
1304 4429 1515 4483 laudem
1550 4428 1742 4483 nativi-

169 4518 298 4574 tatis
326 4516 441 4586 ejus
458 4558 474 4584 ,
501 4517 768 4587 passionis
790 4559 804 4584 ,
832 4519 1247 4573 resurrectionis
1264 4559 1278 4583 ,
1305 4518 1742 4587 ascensionisque

167 4609 233 4663 ad
258 4607 442 4663 caalos.
467 4608 597 4674 «Qui
618 4608 945 4662 descenditis
964 4608 1017 4661 in
1043 4623 1214 4672 mare,
1233 4618 1286 4664 et
1308 4608 1582 4678 plenitudo
1603 4612 1737 4680 ejus,
1770 4647 1818 4705 Β

168 4697 357 4753 insula:
376 4707 431 4754 et
453 4697 785 4753 habitatores
804 4711 989 4752 earum
1009 4740 1023 4762 ,
1052 4718 1068 4750 ι
1092 4699 1349 4756 subaudis
1375 4708 1592 4755 cantate
1615 4716 1739 4755 can~

168 4790 339 4843 ticum
380 4803 611 4854 novum,
646 4787 938 4857 laudesque
977 4788 1094 4858 ejus
1131 4798 1369 4843 narrate.
1402 4789 1502 4856 Qui
1529 4790 1636 4845 sint
1664 4790 1735 4844 illi

164 4884 258 4953 qui
308 4897 506 4938 cauere
557 4884 825 4946 debeant,
876 4881 1147 4951 Evangelii
1190 4882 1467 4950 sequentia
1509 4881 1735 4936 manife-

164 4982 333 5027 stam.
361 4972 464 5040 Qui
492 4973 846 5037 descenditis,
873 4972 1076 5041 inquit,
1108 4973 1161 5026 in
1189 4988 1336 5027 mare
1354 5014 1368 5037 ,
1398 4982 1451 5027 et
1476 4974 1737 5045 navigatis

164 5063 299 5119 illud
329 5062 561 5135 (Matth.
592 5079 645 5118 tv
666 5061 709 5135 ).
733 5063 975 5134 Apostoli
1001 5064 1054 5117 in
1080 5063 1258 5121 littore
1272 5062 1427 5134 juxta
1458 5080 1606 5121 mare
1631 5066 1737 5127 Ge-

162 5171 329 5212 nesar
353 5155 490 5211 retia
515 5171 613 5211 sua
640 5155 981 5217 reﬁciebant,
1008 5155 1223 5225 quando
1252 5150 1537 5211 a'Domino
1562 5158 1737 5212 vocati

161 5255 313 5301 sunt.
337 5244 403 5299 Et
421 5253 543 5314 post
565 5245 932 5301 ascensionem
959 5245 1171 5301 Domini
1194 5262 1293 5315 per
1318 5247 1543 5303 adversa
1567 5249 1736 5303 maria

158 5337 498 5392 transierunt
516 5334 584 5389 ad
605 5344 792 5404 gentes
829 5333 1005 5407 (Rom.
1040 5336 1165 5408 xv).
1192 5337 1258 5391 Et
1281 5337 1501 5406 quidam
1525 5336 1590 5391 de
1616 5336 1743 5392 Hie-

156 5426 398 5483 rusalem
419 5440 591 5495 usque
614 5424 882 5495 illyricum
908 5426 1339 5495 praedicaverunt
1363 5427 1737 5498 Evangelium,

154 5529 216 5575 et
235 5531 407 5589 usque
430 5515 738 5587 Hispaniam
756 5555 771 5580 ,
796 5514 1069 5584 capientes
1106 5516 1160 5570 in
1196 5517 1347 5571 brevi
1379 5525 1617 5587 tempore
1643 5535 1738 5574 sua

152 5608 546 5682 praedicatione
573 5605 741 5661 multa
766 5619 962 5676 genera
1005 5605 1286 5660 hominum
1332 5606 1501 5675 ipsam
1527 5622 1740 5677 quoque

153 5704 425 5759 Romana:
444 5701 594 5756 urbis
618 5699 912 5771 potentiam
932 5739 948 5765 ,
997 5706 1059 5753 ut
1100 5698 1413 5768 impleretur
1443 5699 1569 5754 illud
1596 5702 1739 5771 quod

153 5794 427 5850 Dominus
460 5793 541 5849 eis
573 5792 708 5848 dixit
734 5810 747 5846 :
783 5810 801 5842 ε
829 5789 1020 5847 Venite
1048 5797 1167 5860 post
1197 5805 1313 5854 me,
1342 5797 1397 5844 et
1423 5789 1615 5846 faciam
1643 5806 1739 5847 vos

150 5886 465 5958 piscatores
494 5883 792 5939 hominum.
828 5880 949 5936 iVel
973 5881 1137 5936 etiam
1163 5896 1259 5952 per
1280 5895 1430 5937 mare
1454 5897 1737 5952 possumus

1840 2060 2043 2116 habent
2072 2059 2284 2115 laetetur
2310 2058 2583 2114 desertum
2600 2097 2616 2124 ,
2656 2057 2873 2127 quidam
2900 2056 3082 2110 laudet
3109 2056 3381 2111 desertum
3398 2095 3415 2123 ,

1840 2152 2057 2224 quidam
2085 2152 2250 2206 etiam
2274 2150 2608 2207 sublevetur.
2650 2150 2755 2206 Sed
2785 2150 2927 2206 istud
2953 2164 3118 2204 unum
3145 2164 3254 2203 non
3281 2163 3416 2204 con-

1839 2244 2007 2301 venit.
2059 2242 2116 2297 Si
2166 2243 2462 2299 dixerimus
2503 2241 2737 2305 laetetur,
2779 2241 2885 2295 erit
2915 2256 3143 2296 sensus:
3179 2239 3419 2297 Laetetur

1841 2332 2147 2398 desertum,
2184 2332 2310 2402 quia
2341 2331 2571 2387 redemit
2603 2330 2737 2385 illud
2765 2330 3024 2385 Dominus
3052 2330 3118 2386 de
3145 2337 3320 2386 morte
3352 2331 3419 2385 ad

1840 2424 2027 2478 vitam.
2061 2422 2118 2478 Si
2147 2423 2447 2477 dixerimus
2474 2422 2676 2488 laudet,
2706 2422 2811 2477 erit
2833 2436 3063 2477 sensus:
3096 2420 3305 2477 Laudet
3327 2421 3421 2477 de-

1841 2523 2044 2571 sertum
2064 2523 2368 2571 creatorem
2390 2528 2567 2578 suum,
2589 2512 2681 2581 qui
2707 2526 2830 2567 eum
2854 2511 3089 2568 redemit
3107 2510 3173 2568 de
3192 2510 3423 2567 vinculis

1841 2612 2208 2676 peccatorum,
2240 2612 2295 2659 et
2324 2603 2601 2673 adoptavit
2626 2602 2682 2656 in
2711 2601 2901 2659 ﬁlium.
2951 2601 3059 2659 Sed
3086 2616 3154 2658 ex
3186 2603 3270 2657 his
3296 2617 3417 2666 om-

1841 2695 2001 2751 nibus
2032 2695 2225 2751 melius
2253 2704 2338 2753 est
2361 2703 2421 2749 ut
2452 2694 2728 2761 dicamus,
2766 2695 2929 2750 levet.
2979 2695 3144 2750 Levet
3172 2708 3300 2765 ergo
3327 2694 3421 2749 de—

1844 2794 2077 2852 sertum,
2122 2786 2222 2841 hoc
2253 2792 2337 2841 est
2372 2786 2648 2857 gentilitas
2669 2826 2684 2849 ,
2708 2799 2897 2840 vocem
2926 2800 3077 2840 suam
3096 2824 3112 2851 ,
3150 2792 3204 2839 et
3232 2784 3423 2839 insulae

1842 2879 1958 2948 ejus
1992 2880 2059 2934 ad
2100 2878 2424 2933 laudandum
2452 2877 2737 2932 Dominum
2758 2915 2774 2941 ,
2820 2875 3056 2945 gaudens
3093 2889 3153 2933 se
3178 2883 3421 2944 ereptam

1844 2972 1911 3028 de
1937 2972 2250 3025 inﬁdelitate
2272 2971 2337 3024 ad
2359 2970 2543 3034 Iidem,
2568 2968 2634 3023 de
2658 2968 2897 3044 tenebris
2921 2968 2990 3022 ad
3011 2982 3193 3021 veram
3220 2966 3419 3031 lucem,

1844 3071 1896 3123 et
1916 3065 1982 3117 de
2004 3070 2175 3118 morte
2195 3062 2263 3117 ad
2283 3063 2472 3115 vitam.
2505 3079 2526 3112 ‹
2545 3059 2605 3114 1η
2627 3061 2876 3116 domibus
2898 3059 3162 3115 habitavit
3181 3058 3372 3123 Cedar,
3394 3077 3413 3111 ι

1844 3152 2016 3223 Cedar
2041 3153 2182 3207 ﬁlius
2209 3151 2311 3207 fuit
2334 3151 2577 3206 lsmaelis
2595 3191 2611 3217 ,
2652 3167 2682 3205 a
2706 3165 2814 3220 quo
2839 3158 2892 3206 et
2916 3149 3194 3219 provincia
3221 3163 3421 3204 nomen

1846 3244 2072 3312 accepit,
2106 3245 2284 3311 inqua
2311 3250 2366 3295 et
2392 3241 2651 3296 Saraceni
2690 3238 3109 3311 babitant(Gen.
3133 3238 3283 3308 xxv).
3318 3238 3420 3304 Qui

1844 3348 2182 3403 nequaquam
2213 3330 2488 3395 Saraceni,
2527 3330 2625 3386 sed
2665 3331 2734 3384 ab
2759 3330 2909 3399 Agar
2933 3329 3169 3398 Agareni
3196 3328 3417 3383 debuis-

1843 3432 1964 3479 sent
1992 3422 2289 3491 nuncupari
2325 3436 2339 3474 :
2371 3421 2497 3491 quia
2524 3420 2719 3476 lsmael
2758 3436 2788 3476 a
2822 3436 2930 3492 quo
2958 3421 3218 3492 originem
3247 3421 3417 3477 duxe-

1844 3522 2006 3578 runt,
2054 3512 2195 3566 ﬁlius
2233 3511 2331 3565 fuit
2369 3511 2511 3579 Agar
2540 3511 2748 3566 ancillae
2777 3510 2944 3567 Sane.
2999 3512 3107 3567 Sed
3146 3512 3271 3582 quia
3314 3526 3418 3583 pro

1843 3612 1993 3658 certo
2018 3609 2346 3673 cognoscunt
2369 3616 2426 3657 se
2450 3602 2589 3656 ﬁlios
2610 3616 2730 3657 esse
2751 3602 2976 3666 ancillae,
2997 3610 3053 3657 et
3073 3617 3181 3656 non
3203 3600 3383 3656 liberte
3398 3642 3414 3667 ,

1845 3693 2135 3761 improprie
2160 3706 2353 3745 nomen
2385 3692 2653 3747 libertatis
2680 3692 2781 3746 sibi
2810 3694 3119 3748 asciverunt
3144 3710 3157 3744 :
3194 3707 3301 3747 non
3329 3706 3419 3747 so-

1842 3782 1951 3837 lum
1975 3781 2049 3835 illi
2072 3780 2160 3850 qui
2190 3795 2220 3833 a
2241 3778 2416 3834 Cedar
2444 3780 2554 3834 ﬁlio
2580 3780 2819 3836 lsmaelis
2842 3781 3103 3851 originem
3125 3781 3413 3844 duxerunt,

1842 3872 1937 3925 sed
1988 3885 2178 3925 omnes
2237 3869 2438 3938 posteri
2496 3884 2684 3925 eorum
2733 3870 2825 3939 qui
2874 3886 2941 3926 ex
2988 3869 3239 3925 omnibus
3293 3869 3417 3925 ﬁliis

1841 3959 2082 4015 lsmaelis
2116 3967 2531 4031 processerunt,
2578 3958 2701 4028 quia
2729 3973 2804 4013 xu
2831 3959 2995 4014 duces
3019 3957 3312 4029 generavit.
3348 3957 3418 4010 Et

1841 4061 2102 4121 quantum
2127 4053 2195 4106 ad
2220 4050 2457 4107 litteram
2486 4051 2699 4117 attinet,
2722 4049 2912 4114 Cedar,
2938 4050 2991 4105 id
3014 4056 3099 4104 est
3133 4047 3411 4113 Saraceni,

1843 4157 1948 4196 non
1977 4141 2029 4194 in
2062 4140 2310 4196 domibus
2339 4141 2586 4195 habitant
2610 4180 2625 4205 ,
2675 4140 2770 4196 sed
2799 4140 2853 4196 in
2884 4138 3131 4195 tentoriis
3158 4144 3213 4192 et
3239 4138 3294 4192 in
3327 4145 3412 4190 ta-

1841 4230 2163 4286 bernaculis.
2217 4230 2485 4297 Quantum
2518 4231 2584 4285 ad
2614 4231 2858 4286 altiorem
2885 4228 3320 4299 intelligentiam,
3358 4227 3414 4281 in

1842 4321 2116 4386 domibus,
2161 4321 2263 4376 hoc
2291 4330 2407 4387 est,
2450 4323 2505 4375 in
2534 4322 2778 4377 ecclesiis
2807 4322 3071 4377 habitabit
3098 4322 3291 4387 Cedar,
3326 4332 3416 4375 ve-

1842 4413 1997 4469 niens
2048 4412 2117 4469 ad
2165 4413 2325 4468 ﬁdem
2377 4428 2473 4482 per
2518 4413 2957 4481 praedicationem
3009 4412 3412 4483 apostolorum,

1843 4520 2009 4575 agens
2037 4512 2228 4559 contra
2254 4503 2698 4558 consuetudinem
2738 4517 2889 4557 suam
2907 4544 2921 4567 ,
2962 4512 3024 4558 ut
3048 4503 3141 4573 qui
3168 4501 3414 4557 insolitus

1844 4606 1963 4654 erat
1991 4597 2240 4652 habitare
2289 4596 2342 4649 in
2372 4595 2638 4660 domibus,
2672 4595 2881 4650 habitet
2904 4595 2957 4649 in
2997 4594 3260 4657 ecclesiis,
3298 4594 3412 4664 jam

1846 4690 2021 4751 ﬁdelis
2048 4688 2332 4744 exsistens.
2367 4686 2550 4741 Potest
2570 4695 2625 4740 et
2650 4686 2805 4740 aliter
2831 4686 3077 4756 intelligi.
3105 4684 3209 4740 Per
3237 4683 3411 4738 Cedar

1846 4782 1969 4852 (qui
2015 4780 2401 4849 interpretatur
2441 4775 2709 4846 tenebrre)
2756 4776 3127 4847 signiﬁcantur
3167 4774 3411 4845 gentiles,

1844 4872 1937 4940 qui
1976 4872 2032 4925 in
2075 4869 2310 4925 tenebris
2338 4868 2539 4922 erroris
2582 4875 2636 4920 et
2682 4866 3016 4921 iutidelitatis
3048 4866 3207 4936 positi
3233 4874 3409 4920 erant.

1845 4962 1950 5016 Sed
1973 4970 2254 5032 postquam
2278 4965 2538 5012 venerunt
2558 4957 2623 5010 ad
2647 4957 2827 5022 ﬁdem,
2850 4958 3125 5011 audientes
3145 4955 3415 5026 apostolos

1843 5066 2066 5110 cantare
2094 5055 2363 5109 canticum
2404 5066 2601 5105 novum
2645 5051 2967 5120 evangelica}
2996 5048 3410 5118 praedicationis,

1841 5154 2124 5215 coeperunt
2153 5145 2205 5198 in
2235 5142 2483 5197 domibus
2514 5141 2783 5203 habitare,
2813 5141 2912 5194 hoc
2940 5151 3040 5201 est,
3070 5140 3123 5192 in
3148 5136 3409 5193 ecclesiis.

1848 5256 1865 5288 ι
1898 5237 2139 5291 Laudate
2164 5236 2499 5290 habitatores
2536 5218 2709 5287 Petra:
2754 5231 3059 5287 Dominum.
3099 5248 3118 5281 ι
3163 5228 3321 5283 Petra
3358 5230 3411 5281 in

1843 5329 1947 5386 isto
1972 5330 2111 5395 loco,
2140 5342 2332 5383 nomen
2358 5335 2439 5382 est
2464 5326 2700 5381 civitatis
2737 5324 2788 5377 in
2813 5321 3090 5393 provincia
3118 5319 3415 5374 Palaestina:

1843 5426 1968 5481 sita.
2016 5420 2363 5492 Signiﬁcatur
2388 5426 2569 5474 autem
2596 5433 2692 5488 per
2719 5417 2853 5479 hoc,
2882 5414 3024 5485 quod
3053 5412 3290 5483 gentium
3320 5425 3415 5479 po-

1844 5518 2002 5589 pulus
2049 5516 2293 5571 desertus
2335 5513 2487 5582 prius
2514 5527 2541 5565 a
2573 5508 2764 5564 notitia
2802 5507 2940 5571 Dei,
2994 5515 3049 5558 et
3099 5503 3416 5559 idololatria:

1844 5607 2122 5664 erroribus
2162 5604 2451 5674 obligatus,
2479 5600 2547 5655 ad
2580 5598 2768 5653 laudes
2804 5596 3015 5652 Domini
3047 5600 3410 5650 convertatur.

1852 5718 1870 5751 ι
1892 5696 2181 5755 Devertice
2205 5692 2472 5748 montium
2489 5687 2821 5753 clamabunt,
2846 5704 2867 5737 ι
2893 5684 3166 5743 subaudis,
3189 5679 3411 5751 apostoli

1844 5800 1897 5848 et
1918 5788 2298 5860 praedicatores
2318 5780 2511 5844 sancti,
2534 5777 2746 5834 excelsa
2773 5792 2893 5831 cum
2915 5789 3044 5829 voce
3069 5770 3415 5860 Evangelium

1846 5858 2217 5952 praedicantes.
2253 5873 2329 5929 De
2355 5869 2555 5925 vertice
2583 5866 2843 5922 montium
2871 5864 3069 5919 clamat
3098 5858 3417 5931 praedicator
