4016 6488
597 449 700 506 927

598 656 965 719 postponens,
1017 656 1127 701 tota
1172 644 1371 699 mentis
1411 643 1709 696 intentione
1749 638 1987 695 caelestia
2030 653 2163 691 con-

574 737 928 806 templatur:
978 742 1033 789 et
1064 736 1166 789 hoc
1194 732 1337 802 quod
1363 730 1540 785 verbis
1580 729 1870 799 praedicat,
1912 726 2166 797 operibus

596 834 845 881 exornat.
895 825 992 879 His
1041 833 1097 877 ct
1135 824 1333 878 talibus
1369 820 1568 875 dicitur
1597 828 1799 891 (supra,
1828 818 1955 889 XL):
1993 817 2167 886 Super

601 924 839 971 montem
874 914 1178 977 excelsum,
1225 914 1278 967 id
1318 921 1433 976 est,
1478 926 1640 981 super
1665 908 1875 965 culmen
1906 909 2165 983 virtutum

598 1006 852 1072 ascende,
883 1007 974 1077 qui
1002 1004 1341 1074 evangelizas
1368 1002 1518 1058 Sion.

675 1116 695 1149 ι
723 1097 930 1152 Ponent
952 1097 1179 1152 Domino
1222 1094 1469 1169 gloriam,
1500 1112 1517 1144 ι
1554 1090 1829 1156 subaudis,
1863 1089 2086 1164 apostoli
2113 1096 2169 1144 et

601 1188 982 1259 praedicatores
1005 1187 1176 1252 verbi,
1190 1186 1246 1239 in
1268 1183 1520 1240 cordibus
1540 1182 1900 1251 subjectorum
1924 1194 2164 1252 suorum.

600 1296 625 1329 ι
654 1277 719 1332 Et
747 1277 958 1331 laudem
987 1275 1102 1346 ejus
1141 1276 1195 1330 in
1234 1274 1448 1339 insulis,
1480 1293 1497 1325 ι
1526 1270 1645 1327 hoc
1668 1281 1749 1327 est
1788 1273 1842 1326 in
1886 1273 2168 1343 gentibus,

594 1387 624 1419 ἰ
655 1367 996 1441 nuntiabunt.
1026 1386 1045 1419 ι
1086 1366 1145 1421 in
1170 1381 1384 1421 omnem
1411 1365 1553 1421 enim
1584 1373 1782 1419 terram
1812 1364 1980 1418 exivit
2007 1376 2170 1419 sonus

596 1460 998 1531 praedicationis
1023 1474 1232 1514 eorum.

676 1568 696 1601 ε
726 1548 985 1604 Dominus
1026 1548 1166 1603 sicut
1203 1546 1360 1604 fortis
1397 1547 1719 1617 egredietur,
1751 1547 1892 1603 sicut
1918 1545 2001 1600 vir
2031 1559 2173 1616 prae-

601 1641 764 1696 ii-ator
791 1641 1074 1695 suscitahit
1110 1639 1306 1705 zelum,
1343 1659 1363 1692 ι
1400 1640 1503 1693 hoc
1530 1648 1635 1704 est,
1663 1639 1920 1705 ultionem
1961 1645 2016 1692 et
2035 1626 2170 1704 “vin-

600 1730 801 1785 dictam
819 1770 833 1794 ,
872 1744 1034 1798 super
1057 1729 1268 1784 Judaeos
1297 1728 1543 1783 inimicos
1570 1743 1696 1783 suos
1715 1768 1729 1792 ,
1768 1741 1930 1796 super
1956 1724 2173 1780 fortitu-

600 1820 783 1874 dinem
811 1828 865 1874 et
889 1819 1180 1888 potentiam
1207 1819 1592 1873 Romanorum.
1627 1818 1751 1873 Haec
1781 1833 1898 1887 qua:
1927 1816 2176 1887 leguntur

1073 440 1426 497 ﬂAYMONlS
1466 434 1919 493 BALBEBSTAT
1962 432 2171 503 EPISC.
2199 388 2348 486 OPP;
2392 427 2571 498 PARS
2605 425 2647 497 ι.
2690 457 2757 467 -—-
2792 423 3141 482 COMMENT.
3185 424 3353 478 BIBL.

596 560 849 630 quisque,
877 572 1038 627 quum
1070 556 1122 609 in
1151 554 1384 609 culmine
1407 552 1664 606 virtutum
1692 549 1921 619 positus,
1949 554 2162 617 terrena
2192 550 2245 609 Α
2342 558 2361 592 t
2392 541 2808 633 Ducamczecos
2851 538 2904 593 in
2944 538 3088 633 viam
3132 551 3293 607 quam
3343 535 3623 633 nesciunt.
3663 556 3684 589 ι
3720 537 3855 633 (hirci

2267 637 2422 685 erant
2459 627 2714 699 gentiles,
2761 642 2869 682 non
2908 626 3154 681 cmcitate
3187 626 3432 694 corporis
3471 626 3571 683 sed
3621 625 3852 692 mentis,

2266 720 2392 791 quia
2418 720 2474 786 in
2497 718 2735 773 tenebris
2761 726 3107 788 peccatorum
3132 715 3407 784 jacebant.
3440 714 3542 769 V‘ia
3565 730 3677 783 per
3697 731 3849 784 quam

2266 808 2493 880 gentiles
2516 809 2674 864 modo
2693 807 2992 875 ambulant,
3012 805 3258 861 Christus
3280 813 3362 859 est
3385 805 3476 874 qui
3505 805 3687 858 dixit:
3709 824 3728 856 ι
3752 805 3849 876 Ego

2267 916 2385 956 sum
2411 902 2520 967 via,
2551 901 2767 965 veritas,
2801 908 2854 955 et
2881 899 2989 958 vita
3014 896 3194 976 (Ioan.
3222 896 3356 967 xiv).
3383 917 3402 949 ι
3440 898 3657 951 Ducam
3688 912 3845 953 ceco:

2267 993 2325 1061 in
2352 993 2495 1047 viam
2525 1008 2687 1063 quam
2717 992 2990 1057 nesciunt,
3022 989 3077 1044 id
3103 997 3219 1055 est,
3245 990 3441 1045 ducam
3466 1003 3570 1044 cos
3597 991 3668 1043 ad
3702 990 3844 1045 tidem

2268 1098 2478 1148 meam,
2526 1090 2587 1150 ut
2631 1082 2856 1149 credant
2890 1082 2944 1152 in
2982 1095 3069 1135 me
3114 1087 3462 1150 quemantea
3502 1079 3838 1148 ignorabant.

2274 1189 2292 1223 ι
2324 1170 2380 1224 ιη
2425 1171 2631 1226 semitis
2675 1186 2809 1241 quas
2856 1170 3269 1240 ignoraverunt,
3315 1168 3615 1223 ambulare
3652 1183 3743 1225 eos
3774 1169 3840 1224 fa-

2270 1260 2430 1315 ciam.
2460 1280 2477 1314 ι
2540 1260 2633 1315 lite
2680 1254 2883 1315 semita:
2922 1246 3197 1336 propheta:
3242 1259 3655 1331 intelliguntur.
3706 1259 3837 1316 Sicut

2270 1351 2412 1407 enim
2443 1365 2541 1422 per
2569 1352 2815 1419 semitam
2844 1351 3156 1423 pervenitur
3180 1351 3248 1406 ad
3272 1351 3451 1420 viam,
3499 1351 3592 1417 sic
3626 1367 3723 1407 nos
3755 1368 3835 1423 per

2270 1439 2411 1494 dicta
2447 1440 2829 1509 prophetarum
2858 1448 2912 1495 et
2939 1439 3182 1519 exempla
3212 1440 3579 1511 pervenimus
3615 1441 3682 1496 ad
3707 1441 3829 1498 Chri-

2272 1540 2451 1587 stum:
2486 1532 2611 1602 quia
2650 1533 2725 1587 ibi
2761 1532 3068 1588 continetur
3094 1533 3374 1599 nativitas,
3418 1534 3645 1605 passio,
3680 1548 3827 1601 resuro

2272 1624 2465 1689 rectio,
2493 1632 2549 1679 et
2581 1624 2829 1691 ascensio
2855 1625 2993 1694 ejus,
3024 1638 3089 1679 ac
3113 1624 3322 1686 vocatio
3353 1633 3581 1679 nostra.
3616 1642 3637 1675 ι
3662 1624 3824 1679 Pomm

2274 1716 2522 1771 tenebras
2548 1730 2728 1771 coram
2756 1717 2835 1781 eis
2864 1716 2919 1770 in
2947 1714 3144 1782 lucem,
3174 1724 3229 1771 et
3250 1730 3421 1787 prava
3450 1716 3514 1770 in
3549 1726 3720 1781 recta,
3742 1736 3758 1770 ο
3782 1718 3820 1772 id

2274 1817 2376 1879 est,
2401 1821 2582 1863 coram
2609 1808 2854 1878 gentibus
2881 1807 2934 1861 in
2961 1807 3139 1865 lucem
3164 1821 3369 1872 veram,
3400 1815 3457 1861 et
3481 1809 3814 1878 cognitionem

601 1911 656 1965 in
699 1912 818 1967 loco
856 1913 981 1973 isto,
1029 1924 1059 1965 a
1093 1911 1352 1965 Romanis
1381 1910 1608 1965 Domino
1639 1910 1983 1980 permittente
2021 1922 2172 1964 com-
2200 1894 2247 1956 B
2274 1900 2370 1955 Dei
2397 1899 2799 1970 omnipotentis.
2817 1898 2891 1967 Et
2929 1899 3403 1970 prava,,snbaudis
3436 1900 3617 1954 corda
3646 1915 3818 1963 comm.

600 2000 746 2070 picta
772 2008 917 2056 sunt.
941 2000 1097 2068 Quod
1122 2008 1299 2054 autem
1329 1998 1547 2063 dicitur,
1575 1998 1836 2052 Dominus
1859 1997 1998 2051 sicut
2020 1995 2177 2074 fortis

599 2091 932 2161 egredietur,
969 2091 1045 2144 ita
1080 2099 1167 2144 est
1202 2088 1607 2158 intelligendum
1628 2128 1642 2153 ,
1687 2096 1748 2141 ut
1783 2088 1850 2142 de
1889 2087 2175 2141 clementia

601 2197 699 2237 sua
743 2191 798 2237 et
839 2183 1251 2238 mansuetudine
1280 2196 1476 2251 magna
1505 2182 1716 2236 dicatur
1739 2182 1921 2247 exire,
1961 2182 2174 2251 quando

603 2274 893 2329 vindictam
918 2275 1144 2345 suscipit
1165 2275 1232 2329 de
1255 2274 1501 2329 hostibus
1522 2275 1665 2330 suis:
1696 2290 1799 2328 non
1822 2275 1963 2344 quod
1986 2290 2174 2330 revera

600 2370 781 2428 exeat,
801 2363 895 2418 sed
917 2364 1044 2434 quia
1074 2364 1146 2418 ita
1174 2363 1385 2418 videtur
1407 2363 1512 2418 illis
1542 2364 1607 2417 de
1636 2363 1830 2432 quibus
1859 2365 2173 2434 suscipitur.

532 2512 535 2517 i
600 2454 956 2524 Compar-ator
981 2462 1160 2508 autem
1191 2453 1487 2508 fortissimo
1511 2444 1826 2523 praeliatori,
1854 2454 1944 2524 qui
1974 2462 2178 2524 pugnat

601 2551 792 2599 contra
828 2544 1168 2599 adversarios
1210 2558 1356 2609 suos,
1403 2551 1458 2596 et
1500 2545 1726 2599 suscitat
1764 2546 1820 2598 in
1861 2544 2041 2598 animo
2080 2559 2177 2598 suo

601 2636 777 2690 zelum
821 2644 878 2690 et
917 2635 1185 2691 fervorem
1227 2634 1521 2689 ulciscendi
1567 2644 1752 2689 contra
1801 2635 1983 2690 hostes
2028 2650 2173 2707 suos.

608 2746 628 2778 ι
652 2726 1049 2782 Vociferabitur
1077 2737 1132 2783 et
1162 2726 1414 2782 clamabit
1435 2747 1452 2778 ι
1482 2733 1667 2795 aperte
1696 2727 1959 2782 insaniam
1988 2742 2175 2782 eorum

605 2820 953 2890 redarguens.
1006 2840 1023 2871 ι
1051 2820 1178 2885 Vos,
1212 2820 1482 2889 inquiens,
1519 2808 1587 2874 ex
1621 2829 1775 2889 patre
1810 2821 2021 2876 diabolo
2047 2821 2178 2875 estis

604 2908 790 2980 (Joan.
840 2912 978 2982 vm).
1011 2931 1029 2964 ι
1076 2931 1093 2963 ι
1124 2912 1193 2966 Ει
1232 2927 1397 2982 super
1437 2911 1686 2965 inimicos
1730 2927 1878 2975 suos,
1906 2932 1924 2963 ι
1968 2910 2179 2966 Iudaeos

603 3000 833 3065 scilicet,
864 3018 884 3052 ‹
910 3000 1327 3056 confortabitur.
1348 3000 1532 3064 Tacui,
1565 3015 1781 3070 semper
1802 3001 1946 3064 silui,
1969 3001 2179 3069 patiens

608 3089 704 3156 fui,
739 3091 880 3146 sicut
907 3093 1126 3160 pariens
1161 3092 1371 3160 loquar.
1404 3111 1422 3142 ι
1468 3092 1694 3157 Quidam
1740 3091 1954 3147 codices
1985 3093 2182 3165 habent

607 3182 938 3251 parturiens,
981 3183 1084 3238 'sed
1129 3184 1321 3239 melius
1359 3191 1441 3237 est
1477 3184 1714 3253 pariens.
1766 3183 2027 3254 Loquitur
2052 3199 2181 3240 vero

606 3272 797 3328 contra
824 3271 1061 3337 Iudaeos,
1102 3280 1156 3328 et
1192 3282 1277 3329 est
1304 3288 1529 3328 sensus:
1561 3274 1657 3328 Diu
1686 3289 1780 3328 vos
1809 3274 2181 3344 delinquentes

608 3361 820 3431 portavi
849 3370 903 3415 et
932 3361 1182 3425 sustinui,
1211 3371 1531 3432 exspectans
1559 3371 1742 3418 utrum
1777 3363 1881 3418 mei
1916 3379 2183 3420 memores

606 3453 837 3509 essetis.
868 3452 975 3508 Sed
1006 3454 1131 3523 quia
1162 3468 1270 3508 non
1304 3453 1465 3509 vultis
1508 3469 1667 3525 agere
1710 3456 2087 3526 paenitentiam
2127 3465 2185 3513 et

608 3542 851 3597 converti
886 3542 952 3596 ad
990 3558 1099 3608 me,
1126 3558 1466 3613 nequaquam
1497 3543 1635 3598 ultra
1665 3546 1853 3600 tacebo
1883 3564 1894 3599 :
1926 3546 2022 3601 sed
2047 3547 2186 3609 sicut

610 3630 832 3700 pariens
858 3631 981 3686 dum
1023 3633 1075 3687 in
1117 3631 1288 3688 lucem
1322 3632 1595 3703 profundit
1626 3633 1906 3700 infantem,
1939 3645 1993 3690 et
2026 3651 2182 3706 aper-

614 3730 729 3776 tum
758 3719 887 3776 facit
916 3722 1056 3791 quod
1092 3723 1240 3793 prius
1264 3723 1503 3778 clausum
1534 3724 1832 3780 visceribus
1862 3727 2144 3782 tenebatur
2168 3746 2181 3782 :

611 3813 689 3868 ita
734 3827 834 3884 ego
880 3813 1024 3883 quod
1073 3815 1161 3869 diu
1209 3815 1352 3869 tacui
1396 3815 1668 3869 sustinens
1709 3816 1954 3872 miserias
1981 3827 2187 3874 vestras

610 3903 771 3958 modo
797 3902 1088 3981 proferam,
1120 3913 1177 3958 et
1202 3904 1583 3959 demonstrabo
1606 3905 1863 3971 dolorem,
1893 3918 1947 3962 et
1974 3909 2189 3963 simula-

613 3993 811 4048 tionem
840 4009 1004 4061 quam
1030 4007 1241 4064 semper
1269 3986 1429 4048 habui
1462 4011 1625 4065 super
1652 3997 1946 4053 sceleribus
1972 4001 2183 4056 vestris.

615 4100 637 4133 ο
667 4081 945 4151 Dissipabo
974 4102 994 4133 ι
1028 4090 1203 4136 vestra
1233 4083 1459 4137 consilia
1499 4103 1517 4135 t
1546 4094 1599 4139 et
1627 4086 1928 4143 absorbebo
1956 4088 2135 4160 simul,
2162 4109 2191 4147 ι,

616 4172 669 4226 id
697 4179 801 4237 est,
829 4172 1018 4226 delebo
1050 4170 1297 4226 inimicus
1322 4188 1470 4228 meos
1494 4173 1725 4229 Judrcos.

690 4281 709 4315 ‹
740 4265 991 4322 Desertus
1016 4263 1207 4319 faciam
1238 4274 1450 4321 montes
1474 4276 1528 4321 et
1564 4269 1749 4333 colles,
1791 4278 1840 4326 et
1870 4286 2029 4344 omne
2070 4288 2190 4344 gra-

617 4370 741 4410 men
776 4354 969 4417 eorum
1010 4357 1313 4411 cxsiccabo.
1349 4376 1367 4409 ι
1406 4357 1523 4431 _Pcr
1551 4368 1777 4426 montes,
1829 4362 2189 4434 intelligamus

615 4447 909 4519 principes,
933 4449 1157 4513 scribas,
1183 4456 1236 4503 et
1265 4449 1581 4518 pharis'eos,
1613 4466 1679 4505 ac
1705 4454 2033 4509 sacerdotes.
2086 4454 2190 4509 Per

2206 3232 2251 3293 C

2272 2011 2468 2068 ponam
2499 1996 2569 2065 in,
2593 2003 2761 2050 recta.
2816 1993 2990 2059 Prava
3019 2004 3074 2049 et
3102 2002 3343 2048 tortuosa
3374 1994 3557 2049 corda
3587 1991 3817 2063 gentilium

2274 2082 2535 2142 conversa
2563 2095 2690 2140 sunt
2720 2085 2773 2139 in
2804 2093 2954 2141 recta
2980 2103 2993 2138 :
3031 2093 3092 2138 ut
3116 2084 3355 2155 legentes
3385 2084 3545 2155 dicta
3573 2083 3814 2154 propheta-

2273 2192 2394 2232 rum
2425 2176 2729 2249 intelligant
2752 2193 2869 2249 qua;
2900 2177 2975 2232 ibi
3004 2177 3369 2245 continentur,
3398 2185 3456 2231 et
3482 2175 3658 2230 oculis
3681 2174 3818 2231 cordis

2273 2266 2416 2322 clare
2435 2254 2636 2321 Christi
2666 2266 2847 2321 lumen
2877 2266 3162 2337 aspiciant.
3206 2284 3224 2317 ι
3254 2264 3380 2320 Hazc
3407 2266 3579 2319 verba
3606 2262 3696 2319 feci
3715 2264 3811 2318 eis.

2273 2373 2370 2428 pro
2392 2372 2474 2423 eo,
2498 2358 2639 2427 quod
2669 2365 2751 2412 est
2778 2356 2996 2425 faciam,
3020 2357 3277 2412 subaudis
3302 2371 3428 2426 qum
3444 2358 3684 2427 superius
3705 2356 3810 2420 dixi,

2275 2452 2523 2523 videlicet
2546 2452 2896 2519 vastationem
2916 2450 3304 2506 Romanorum.
3335 2469 3355 2501 ι
3378 2450 3452 2504 Et
3472 2465 3572 2504 non
3587 2447 3801 2517 dereliqni

2274 2558 2388 2608 eos,
2420 2563 2437 2595 ι
2470 2560 2569 2614 pro
2595 2559 2680 2613 eo,
2705 2545 2848 2615 quod
2870 2552 2951 2599 est
2975 2559 3080 2599 non
3105 2542 3504 2612 derelinquam,
3524 2544 3567 2597 si
3584 2541 3810 2611 peniten-

2275 2636 2407 2690 tiam
2432 2635 2675 2706 egerint,
2712 2634 2817 2690 Sed
2848 2634 2975 2707 quid
3006 2633 3259 2705 fecerunt,
3278 2634 3401 2703 illi,
3428 2635 3664 2691 nolentes
3687 2647 3817 2704 agere.

2277 2726 2692 2798 paenitentiam?
3720 2714 3731 2721 ’

2356 2838 2374 2871 ‹
2397 2818 2655 2875 Conversi
2678 2828 2805 2874 sunt
2824 2827 3143 2886 retrorsum,
3156 2838 3173 2870 ι
3193 2819 3244 2874 id
3261 2828 3367 2884 est,
3383 2820 3440 2875 in
3464 2819 3808 2876 inﬁdelitatem.

2276 2910 2567 2979 Postquam
2585 2912 2845 2966 Dominus
2867 2911 3108 2965 ascendit
3127 2910 3193 2966 ad
3214 2911 3398 2974 caelos,
3418 2912 3820 2981 dimisitaposto-

2279 3001 2359 3055 los
2382 3002 2433 3055 in
2463 3001 2643 3056 Iudaea
2668 3009 2726 3056 ut
2750 3002 3107 3072 prmdicarent
3124 3000 3342 3067 Judazis,
3368 3012 3426 3057 et
3444 3004 3761 3074 baptizarent
3778 3002 3823 3055 in

2283 3091 2499 3144 nomine
2527 3099 2727 3145 sancta:
2750 3089 3052 3157 Trinitatis,
3070 3090 3340 3163 deditque
3366 3092 3446 3146 eis
3481 3093 3701 3162 spatium
3729 3106 3825 3161 prec

2281 3180 2487 3234 nitendi
2519 3189 2728 3251 tempus
2750 3182 3103 3254 quadraginta
3130 3196 3410 3239 annorum.
3436 3182 3513 3249 lUi
3536 3190 3711 3236 autem
3732 3195 3829 3235 non

2282 3269 2455 3324 solum
2493 3270 2547 3324 in
2585 3286 2708 3325 eum
2752 3272 2970 3326 credere
3013 3270 3297 3325 noluerunt
3320 3312 3334 3335 ,
3376 3271 3468 3325 sed
3496 3271 3652 3323 etiam
3685 3271 3843 3339 ipsos,

2283 3361 2555 3431 apostolos
2582 3362 2695 3429 suis
2721 3362 2786 3417 de
2813 3362 3008 3417 finibus
3038 3362 3373 3436 expulerunt.
3415 3360 3494 3417 Ob
3517 3376 3674 3431 quam
3705 3374 3831 3415 cau-

2283 3466 2397 3506 sam
2418 3492 2433 3517 ,
2464 3452 2716 3508 videlicet
2755 3462 2977 3523 propter
3010 3439 3153 3521 quod
3194 3451 3477 3507 Dominum
3503 3452 3697 3521 injuste
3722 3464 3831 3505 cru-

2284 3540 2607 3613 cifixerunt,
2664 3549 2720 3595 et
2772 3539 2889 3608 ejus
2933 3540 3205 3611 apostolos
3259 3541 3529 3611 persecuti
3581 3551 3739 3604 sunt,
3784 3545 3831 3593 et

2285 3630 2654 3701 ptenitentiam
2686 3645 2847 3699 agere
2879 3629 3202 3684 noluerunt:
3239 3629 3425 3684 traditi
3453 3638 3577 3683 sunt
3600 3630 3655 3683 in
3681 3626 3827 3681 mani-

2283 3708 2384 3775 bus
2428 3721 2814 3776 Romanorum.
2866 3740 2884 3771 ‹
2924 3718 3338 3774 Confundantur
3382 3719 3723 3784 confusione,
3757 3718 3830 3786 qui

2285 3814 2565 3870 confidunt
2594 3814 2649 3868 in
2679 3813 2909 3884 sculptili
2928 3854 2940 3877 ,
2986 3813 3087 3883 qui
3106 3814 3290 3868 dicunt
3326 3812 3586 3868 conflatili
3612 3832 3625 3867 :
3654 3813 3751 3867 Vos
3774 3810 3831 3864 dii

2288 3907 2479 3961 nostri.
2505 3925 2524 3957 ›
2546 3905 2620 3960 De
2638 3906 2886 3977 gentibus
2921 3905 3157 3975 loquitur
3169 3905 3262 3975 qui
3292 3906 3709 3975 pmdicantibns
3729 3919 3827 3972 apo-

2288 3998 2440 4053 stolis
2469 3998 2691 4053 credere
2718 3997 3025 4063 noluerunt,
3057 4006 3443 4066 permanentes
3481 3999 3541 4051 in
3584 4001 3690 4052 suis
3715 4009 3828 4051 erro-

2289 4090 2459 4144 ribus.
2482 4108 2499 4140 (
2523 4087 2681 4142 Surdi
2703 4087 2902 4151 audite,
2918 4096 2972 4142 et
2985 4087 3414 4155 cmciintuemini
3440 4087 3507 4140 ad
3526 4086 3824 4141 videndum

2289 4187 2365 4241 De
2392 4186 2587 4256 quibus
2624 4186 2725 4240 ista
2762 4185 3321 4255 propheticussermo
3360 4185 3550 4251 dicat,
3598 4185 3649 4255 in
3685 4179 3829 4237 subse-

2288 4275 2576 4344 quentibus
2604 4276 2867 4338 ostendit,
2908 4276 3093 4329 dicens
3121 4293 3134 4327 ε
3180 4275 3313 4342 Quis
3344 4284 3431 4329 est
3460 4291 3648 4332 emcns
3675 4272 3757 4328 nisi
3777 4269 3827 4322 ad

2290 4378 2446 4433 quem
2472 4379 2657 4419 servos
2683 4372 2739 4418 ct
2765 4364 2981 4433 nuntios
3006 4380 3153 4419 meos
3181 4366 3474 4434 prophetas
3495 4365 3665 4421 misi?

2366 4472 2385 4503 ι
2418 4453 2576 4507 Surdi
2607 4493 2621 4518 ,
2663 4453 2859 4507 audite.
2887 4472 2904 4503 ι
2939 4452 3093 4507 Haud
3134 4453 3354 4517 dubium
3386 4453 3529 4522 quin
3576 4454 3642 4509 de
3676 4448 3821 4504 ludatis

617 4540 801 4605 colles,
833 4538 1132 4599 mediocres
1156 4541 1385 4610 judiccs,
1418 4542 1654 4605 scilicet,
1689 4543 1932 4599 tribunos
1967 4553 2021 4600 et
2056 4561 2185 4601 cen-
2217 4576 2265 4639 υ
2291 4544 2431 4598 dicta
2460 4560 2579 4623 esse
2612 4555 2841 4609 constet,
2872 4545 2963 4614 qui
2994 4545 3139 4599 surdi
3170 4552 3325 4609 erant
3356 4560 3465 4615 non
3496 4545 3735 4615 corporis
3755 4554 3820 4592 atl-

617 4633 879 4687 turiones.
922 4631 1027 4685 Per
1056 4646 1275 4701 gramen
1298 4646 1426 4685 vero
1465 4633 1717 4702 populum
1741 4634 1843 4689 illis
1865 4635 2179 4705 subjectum.

618 4723 738 4778 Uno
766 4723 910 4777 enim
942 4731 1177 4791 tempore
1204 4723 1504 4793 principes,
1545 4732 1599 4778 et
1626 4724 1879 4793 juvenes,
1915 4734 1971 4781 et
1997 4743 2181 4793 senes,

618 4814 902 4882 omnisque
930 4815 1043 4884 ejus
1065 4816 1291 4885 pupulus
1310 4815 1544 4885 absorpti
1573 4828 1715 4880 sunt,
1745 4826 1800 4872 et
1824 4820 2100 4887 cxsiccati,
2132 4822 2184 4877 id

617 4913 723 4970 est,
742 4904 1008 4959 interfecti
1033 4919 1061 4957 a
1084 4906 1360 4970 Romanis,
1383 4906 1541 4971 fame,
1562 4907 1756 4976 gladio,
1779 4916 1832 4963 et
1852 4896 2179 4978 captivitate.

624 5018 643 5049 ι
671 4997 871 5051 Ponam
900 4995 1116 5051 ﬂumina
1148 4998 1199 5052 in
1228 4998 1448 5063 insulas,
1481 5019 1497 5050 ι
1548 5000 1603 5055 id
1632 5010 1720 5069 est
1740 5041 1754 5063 ,
1799 5003 2182 5058 abundantiam

620 5088 861 5143 scientia:
894 5088 945 5143 in
972 5097 1175 5159 gentes.
1219 5109 1236 5140 ‹
1265 5089 1331 5143 Et
1361 5099 1547 5158 stagna
1576 5091 1884 5153 arefaciam.
1919 5113 1937 5145 ι
1974 5095 2077 5149 hoc
2106 5103 2190 5149 est
2224 5090 2227 5095 ’

619 5192 717 5231 vos
741 5178 833 5247 qui
861 5178 1113 5233 videmini
1148 5177 1349 5232 habere
1379 5180 1657 5235 scientiam
1685 5180 1836 5252 legis,
1867 5181 2059 5238 faciam
2090 5199 2187 5238 ex-

622 5279 803 5340 pertes
845 5285 876 5325 a
924 5272 1145 5327 scientia
1186 5273 1301 5327 Dei.
1357 5273 1423 5328 Et
1452 5283 1537 5330 est
1562 5291 1786 5331 sensus:
1820 5276 1996 5344 Quum
2028 5294 2122 5335 vos
2158 5295 2188 5334 a

623 5358 919 5427 majoribus
945 5376 1115 5431 usque
1149 5361 1216 5416 ad
1256 5364 1491 5418 minores
1516 5365 1786 5431 delevere,
1815 5374 1939 5423 tunc
1969 5367 2187 5424 flumina

625 5448 888 5504 doctrinae.
924 5464 1056 5506 mea:
1096 5453 1163 5507 ad
1201 5454 1407 5509 insulas
1442 5455 1679 5524 gentium
1707 5471 1928 5511 currere
1955 5458 2146 5514 faciam
2178 5479 2189 5513 :

2292 4634 2458 4699 ribus,
2486 4620 2577 4689 sed
2608 4635 2714 4689 illis
2740 4629 2873 4703 quas
2900 4634 3165 4705 Dominus
3214 4634 3444 4704 requirit
3471 4635 3533 4688 in
3571 4630 3824 4702 Evangelii).

2290 4725 2508 4782 dicens:
2533 4745 2552 4779 ε
2582 4725 2682 4792 Qui
2700 4718 3035 4781 habetaures
3048 4726 3297 4792 audiendi
3312 4726 3495 4780 audiat
3516 4726 3673 4798 (Luc.
3688 4723 3823 4789 vmju

2291 4819 2343 4873 id
2366 4827 2469 4884 est,
2500 4819 2591 4888 qui
2625 4818 2788 4873 habet
2813 4818 3246 4889 intelligentiam,
3278 4817 3555 4889 intelligat
3583 4833 3699 4888 qua:
3724 4813 3827 4867 dico.

2290 4909 2397 4965 Illis
2429 4912 2572 4966 enim
2606 4910 2820 4966 dixerat
2855 4907 3125 4979 Propheta
3154 4909 3399 4979 superius
3437 4908 3589 4978 (cap.
3621 4908 3691 4975 vi)
3720 4902 3831 4959 :Au-

2293 5003 2405 5056 ditn
2437 5004 2668 5057 audietis
2693 5003 2914 5057 auribus
2935 5002 3196 5071 corporis,
3219 5008 3274 5054 et
3301 5015 3405 5068 non
3438 4998 3749 5070 intelligetis
3767 5008 3833 5046 au-

2297 5091 2446 5147 ribus
2478 5092 2693 5147 mentis.
2721 5084 2882 5156 Cteci,
2909 5089 3191 5161 intuemini
3235 5089 3300 5142 ad
3334 5088 3659 5150 videndum,
3691 5086 3737 5140 id
3762 5088 3832 5138 est.

2296 5184 2385 5252 qui
2423 5183 2476 5238 in
2502 5168 2738 5239 tenebris
2763 5181 3090 5249 infidelitatis
3113 5180 3262 5243 estis,
3288 5178 3493 5248 aperite
3521 5179 3710 5234 oculos
3726 5187 3838 5230 men-

2299 5275 2366 5327 tis
2391 5273 2457 5326 ad
2479 5272 2766 5327 videndum
2799 5271 3134 5326 Salvatorem
3171 5277 3426 5324 vestrum.

2374 5363 2533 5430 «Quis
2554 5379 2746 5428 cmcus,
2764 5364 2867 5417 nisi
2888 5378 3075 5418 servus
3099 5376 3251 5417 meus
3267 5359 3454 5424 Israel,
3470 5368 3530 5414 et
3545 5354 3842 5425 surdus'qnis

2296 5460 2412 5517 est,
2449 5452 2551 5505 nisi
2589 5452 2653 5505 ad
2687 5466 2844 5525 quem
2897 5450 3112 5504 nuntios
3149 5464 3332 5513 meos,
3369 5448 3690 5518 prophetas,
3719 5439 3843 5500 misi?

625 5546 682 5591 ct
710 5546 900 5610 stagna
919 5581 933 5606 ,
968 5542 1070 5596 hoc
1097 5552 1213 5608 est,
1252 5558 1350 5598 vos
1379 5543 1469 5611 qui
1499 5542 1919 5611 profunditatem
1957 5548 2195 5603 scientia:
2299 5541 2431 5608 Quis
2454 5541 2771 5606 caecus,nisi
2804 5538 3445 5609 lsrael,quivenundatus
3463 5549 3552 5593 est
3574 5560 3591 5591 ι
3610 5531 3845 5609 peccatis?

626 5632 899 5699 quondam
950 5633 1252 5699 habuistis,
1316 5634 1556 5704 redigam
1609 5633 1662 5687 in
1720 5635 2026 5692 ariditatem
2058 5680 2073 5704 ,
2138 5647 2197 5693 ut

627 5720 866 5791 legentes
900 5724 1040 5779 dicta
1084 5723 1212 5794 legis
1257 5733 1311 5779 ct
1351 5725 1736 5795 prophetarum
1775 5724 2070 5798 intelligere
2107 5744 2196 5784 nc-

629 5813 855 5885 quentia.

2299 5636 2395 5692 Cui
2410 5635 2551 5689 enim
2568 5635 2735 5689 servit
2756 5636 2897 5703 quis,
2914 5632 3027 5699 ejus
3048 5641 3101 5687 et
3116 5646 3302 5699 servus
3322 5638 3426 5703 est.
3441 5650 3458 5681 ι
3484 5630 3625 5698 Quis
3640 5640 3841 5685 aecus.»

2302 5724 2401 5778 nisi
2420 5724 2509 5793 qui
2542 5741 2561 5772 ι
2598 5739 2785 5777 servus
2817 5722 3022 5776 Domini
3059 5741 3077 5771 ι
3112 5721 3212 5775 fuit
3237 5719 3421 5789 prius?
3449 5719 3550 5776 Cui
3582 5718 3804 5774 dicitur:

2359 5815 2485 5883 «Qui
2501 5815 2649 5869 vides
2665 5815 2851 5878 multa,
2876 5833 2891 5864 ι
2915 5829 2945 5867 o
2963 5812 3147 5879 israel,
3170 5812 3219 5868 id
3235 5811 3416 5882 estqui
3434 5809 3848 5879 intelligislegm

3758 424 3859 481 918
