4016 6486
601 343 701 398 951

1074 337 1430 393 liAYMONlS
1468 333 1927 391 HALBERSTAT
1965 332 2178 390 EPISC.
2221 330 2373 390 OPP.
2407 329 2586 386 PARS
2624 330 2668 385 l.
2708 361 2777 371 —
2815 329 3165 387 COMMENT.
3207 333 3376 387 BIBL.

3773 335 3878 413 9s:

600 469 741 519 rum,
759 454 878 507 etin
896 450 1030 505 fines
1043 449 1190 505 orbis
1205 458 1366 503 terra:
1380 447 1539 502 verba
1555 444 1925 516 eorum(Psal.
1943 443 2117 514 xvut).
2142 461 2161 496 ι
2196 447 2243 508 Α
2272 455 2430 496 aures
2457 442 2717 510 corporis,
2762 443 2854 497 sed
2878 444 3029 499 surdi
3069 454 3227 499 erant
3253 463 3266 497 :
3298 445 3426 513 quia
3449 446 3762 505 obturatas
3780 449 3871 506 ha-

597 542 916 612 Propitiatio
937 555 1066 610 ergo
1093 548 1148 593 et
1171 537 1383 606 justitia
1431 535 1796 605 apostolorum
1839 533 1985 590 salus
2032 533 2164 589 ista-

600 651 720 691 rum
745 642 801 689 et
830 634 1059 688 aliarum
1089 631 1370 701 regionum
1396 627 1517 682 fuit.

672 744 690 777 ι
722 724 804 778 Ex
828 738 935 792 quo
958 719 1291 775 honorabilis
1316 717 1493 772 iactus
1515 733 1575 772 es
1598 717 1652 772 in
1687 714 1856 771 oculis
1881 715 2040 781 meis,
2078 730 2097 765 ι
2131 730 2164 769 o

596 816 795 871 chorus
824 811 1214 882 apostolorum,
1247 827 1266 859 ‹
1319 817 1374 862 et
1401 807 1670 879 gloriosus
1701 819 1799 874 ego
1827 804 1987 859 dilexi
2037 814 2109 858 te.
2139 822 2158 855 ι

596 905 749 959 Tunc
795 900 1123 958 honorabilis
1148 909 1201 954 et
1247 898 1511 970 gloriosus
1560 895 1923 967 apostolorum
1967 894 2164 949 chorus

601 1007 758 1055 actus
784 1005 867 1052 est
898 996 953 1049 in
980 995 1150 1050 oculis
1181 993 1415 1057 Domini,
1448 991 1664 1061 quando
1699 989 1979 1044 audientes
2002 1004 2032 1043 a
2061 988 2165 1043 Do-

596 1089 742 1144 mino
774 1106 787 1141 :
837 1105 855 1138 t
886 1087 1089 1140 Euntes
1136 1085 1191 1139 in
1230 1083 1540 1137 universum
1571 1080 1827 1137 mundum
1876 1079 2163 1149 praedicate

592 1179 940 1251 Evangelium
973 1176 1163 1248 (Marc.
1198 1174 1309 1245 xvi)
1351 1192 1362 1227 :
1405 1194 1424 1226 ι
1478 1171 1703 1242 profecti
1733 1171 2165 1241 prasdicaveruut

592 1270 793 1340 ubique
811 1267 1037 1322 Domino
1052 1273 1391 1336 cooperante.
1424 1264 1520 1317 «Et
1542 1264 1680 1317 dabo
1704 1263 1949 1317 homines
1971 1277 2065 1329 pro
2088 1272 2160 1328 te,

591 1370 647 1417 et
666 1359 892 1431 populos
916 1374 1015 1428 pro
1040 1358 1217 1410 anima
1240 1364 1351 1410 tua.
1390 1375 1408 1406 ι
1436 1355 1502 1409 Et
1533 1363 1615 1410 est
1641 1370 1831 1410 sensus
1860 1372 1871 1406 :
1902 1353 2165 1421 Quantos-

591 1467 801 1521 cunque
829 1448 1074 1520 poteritis
1096 1453 1412 1501 convertere
1441 1444 1504 1498 ad
1528 1445 1686 1500 fidem
1712 1460 1881 1499 meam
1909 1458 2005 1514 per
2026 1458 2164 1513 pra:-

591 1542 911 1597 dicationem
940 1546 1173 1593 vestram
1200 1551 1267 1590 ex
1295 1536 1540 1592 omnibus
1562 1536 1831 1606 gentibus,
1858 1549 1956 1604 pro
1990 1534 2163 1589 omni-

592 1632 693 1686 bus
719 1630 1025 1685 mercedem
1054 1627 1348 1699 recipietis.

668 1740 686 1776 ς
712 1720 844 1797 ξΝοΗ
896 1718 1108 1785 (i'mere,
1141 1739 1159 1771 ι
1185 1734 1218 1773 o
1246 1719 1443 1773 chorus
1473 1715 1861 1785 apostolorum,
1911 1730 2066 1784 reges
2109 1721 2164 1769 et

2263 534 2464 589 hebant
2486 549 2645 590 aures
2676 537 2892 602 mentis,
2919 547 2978 592 ut
2998 539 3284 607 nequirent
3309 540 3498 597 audire
3522 541 3726 614 legem
3754 545 3868 607 Dei.

2264 623 2400 679 Nam
2426 633 2482 680 et
2510 624 2746 696 Spiritus
2772 638 2993 686 sanctus
3018 646 3117 701 per
3146 631 3342 687 Isaiam
3387 635 3739 704 prophetam
3770 638 3866 696 hoc

2264 714 2443 782 ipsum
2481 716 2826 785 praedixerat,
2870 719 3117 788 inquiens
3154 736 3166 772 :
3198 721 3345 776 Aure
3371 724 3623 779 audietis
3654 735 3717 779 et
3763 744 3860 783 non

2264 803 2594 874 intelligetis,
2645 815 2702 861 et
2726 806 2910 863 oculos
2935 808 3224 876 habebitis,
3254 820 3309 866 et
3348 827 3457 866 non
3507 816 3862 886 perspiciens

2265 900 2465 967 (supra,
2495 896 2595 968 vi).
2625 897 2694 953 Et
2716 900 3008 954 notandum
3052 902 3299 975 primumf
3320 902 3530 960 factam
3585 922 3719 963 esse
3767 926 3856 967 vo.

2263 987 2529 1043 cationem
2549 987 2878 1056 Iudaeorum,
2907 992 3100 1047 deinde
3120 994 3384 1063 gentium,
3410 997 3569 1052 sicut
3602 998 3855 1059 Dominus

2264 1078 2430 1133 dixit:
2462 1096 2481 1130 t
2504 1079 2621 1135 Non
2646 1095 2765 1134 sum
2795 1081 2992 1136 missus
3022 1082 3125 1136 nisi
3147 1084 3214 1138 ad
3234 1100 3362 1140 oves
3387 1088 3651 1155 perditas
3679 1091 3853 1150 domus

2263 1168 2427 1224 Israel
2451 1169 2667 1240 (Matth.
2683 1172 2796 1243 xv).
2820 1172 2977 1226 tTale
2999 1173 3126 1242 quid
3139 1184 3192 1228 et
3206 1176 3396 1232 beatus
3418 1177 3636 1235 Paulus
3649 1192 3849 1251 aposto-

2265 1263 2348 1315 lus
2362 1261 2556 1331 legitur
2570 1262 2771 1317 dixisse
2793 1263 2848 1317 in
2862 1263 3087 1319 Actibus
3108 1268 3476 1336 apostolorum
3499 1287 3518 1324 ;
3533 1289 3556 1323 ι
3570 1270 3845 1345 Vobisqui-

2263 1349 2384 1406 dem
2408 1350 2691 1420 oportebat
2705 1352 2938 1420 primum
2962 1353 3109 1424 loqui
3125 1356 3349 1412 verbum
3365 1359 3483 1426 Dei,
3502 1361 3614 1415 sed
3628 1363 3751 1431 quia
3768 1380 3840 1421 re-

2264 1441 2447 1510 pulisli
2468 1441 2616 1506 illud,
2635 1456 2761 1496 ecce
2786 1445 3153 1499 convertimur
3171 1447 3239 1501 ad
3262 1457 3455 1517 gentes
3478 1451 3640 1519 (Act.
3662 1456 3791 1524 xm).
3815 1475 3832 1509 ι

2343 1550 2361 1583 ι
2397 1531 2596 1587 Omnes
2619 1540 2805 1603 gentes
2827 1545 3163 1606 congregatae
3183 1548 3310 1593 sunt
3330 1541 3523 1608 simul,
3540 1552 3604 1596 et
3630 1545 3833 1604 collect:

2265 1630 2391 1675 sunt
2416 1621 2610 1675 tribus.
2648 1640 2667 1671 ι
2714 1621 3007 1692 Postquam
3043 1625 3415 1694 crediderunt,
3445 1631 3552 1699 qui
3581 1633 3827 1700 ιιι-Μεδύ-

2265 1711 2376 1763 nati
2415 1718 2567 1763 erant
2593 1724 2657 1764 ex
2687 1709 2906 1777 Judaeis,
2946 1712 3001 1767 in
3029 1713 3326 1782 Christum,
3353 1729 3711 1791 congregans
3733 1735 3819 1777 sunt

591 1816 861 1888 principes
890 1814 1042 1867 istius
1070 1810 1271 1876 saeculi,
1313 1825 1379 1864 ac
1425 1814 1833 1879 persecutorum
1879 1806 2160 1870 smvitiam,
2193 1820 2239 1881 Β
2267 1812 2321 1859 et
2342 1814 2548 1873 gentes.
2579 1804 2927 1876 Congregata:
2956 1814 3082 1862 sunt
3115 1823 3243 1878 ergo
3285 1818 3505 1880 gentes,
3535 1822 3601 1867 et
3627 1814 3814 1872 collecta:

596 1925 614 1957 ι
647 1906 899 1975 quoniam
927 1912 1102 1957 tecum
1128 1917 1226 1973 ego
1253 1915 1371 1956 sum
1406 1919 1425 1952 ι
1456 1900 1546 1968 qui
1577 1899 1779 1954 redemi
1808 1907 1880 1962 te,
1900 1907 1953 1954 et
1974 1899 2081 1953 dixi
2110 1899 2162 1952 in

589 1996 879 2067 Evangelia
916 2004 1030 2049 tam
1066 1994 1163 2049 tibi
1199 2009 1363 2064 quam
1388 1992 1594 2046 cunctis
1632 1991 1917 2045 ﬁdelibus:
1976 2006 1994 2041 t
2027 1992 2164 2045 Ecce

589 2105 689 2160 ego
713 2087 992 2142 vobiscum
1043 2100 1162 2140 sum
1201 2082 1452 2138 omnibus
1478 2080 1685 2146 diebus,
1719 2095 1889 2150 usque
1923 2081 1989 2134 ad
2030 2096 2161 2135 con-

590 2180 1003 2236 summationem
1024 2176 1201 2232 saeculi
1224 2175 1436 2249 (Matth.
1478 2172 1691 2244 xxviii).
1731 2193 1749 2226 ι
1789 2191 1807 2222 ι
1841 2173 1924 2227 Ab
1945 2172 2162 2229 Oriente

589 2272 850 2327 adducam
881 2283 1068 2324 semen
1115 2274 1284 2330 tuum,
1322 2284 1340 2316 ι
1373 2278 1406 2317 ο
1433 2264 1630 2317 chorus
1673 2256 2061 2331 apostolorum,
2094 2261 2162 2315 ad

588 2361 890 2417 Ecclesiam
912 2373 1109 2422 meam,
1137 2375 1155 2407 ι
1183 2366 1238 2412 et
1270 2355 1337 2409 ab
1362 2353 1650 2409 Occidente
1676 2350 2013 2421 congregabo
2042 2359 2110 2404 te.
2136 2369 2155 2401 ι

587 2452 690 2507 Per
719 2452 819 2505 has
854 2449 988 2503 duas
1018 2456 1198 2518 partes
1233 2445 1442 2510 mundi,
1484 2452 1720 2514 quatuor
1755 2442 1972 2495 climata
2001 2440 2163 2494 debe-

588 2555 707 2594 mus
746 2536 1063 2606 intelligere,
1096 2550 1160 2587 ex
1189 2534 1383 2601 quibus
1423 2531 1744 2601 colliguntur
1786 2528 1853 2581 ad
1890 2528 2070 2591 fidem,
2107 2536 2161 2582 et

587 2636 982 2701 congregantur
1019 2627 1084 2680 ad
1122 2626 1384 2679 unitatem
1413 2624 1688 2686 Ecclesim,
1734 2630 1790 2676 et
1825 2620 1869 2676 si
1907 2636 2013 2675 non
2043 2637 2162 2676 cor-

587 2734 715 2790 pore
751 2729 926 2773 tamen
954 2724 1149 2771 mente.
1187 2715 1340 2770 Unde
1367 2715 1495 2769 dicit
1524 2714 1576 2767 in
1607 2711 1927 2782 Evangelia:
1965 2730 1982 2761 ι
2012 2710 2160 2765 Multi

584 2812 800 2866 venient
838 2811 905 2865 ab
930 2809 1149 2864 Oriente
1177 2817 1231 2861 et
1258 2805 1566 2871 Occidente,
1592 2813 1649 2859 et
1675 2805 2016 2883 recuinbent.
2037 2820 2159 2857 cum

584 2902 880 2964 Abraham,
916 2899 1063 2953 Isaac
1088 2906 1142 2952 et
1176 2896 1339 2952 Jacob
1364 2898 1417 2950 in
1460 2911 1624 2966 regno
1650 2895 1911 2951 cmlorum
1943 2894 2155 2965 (Matth.

586 2993 724 3063 vui).
757 3010 775 3042 ι
808 2991 866 3045 Si
898 2991 1210 3060 quaerimus,
1245 2988 1386 3057 quod
1410 2988 1480 3041 sit
1505 3002 1687 3041 semen
1707 2985 2071 3055 apostolorum
2095 2984 2161 3038 de

586 3099 694 3154 quo
729 3082 819 3136 hic
864 3080 1100 3148 loquitur
1132 3095 1146 3131 :
1177 3086 1325 3148 patet
1371 3079 1436 3131 de
1476 3076 1678 3131 semine
1726 3074 1990 3144 spirituali
2040 3088 2160 3127 esse

2265 1906 2390 1971 sunt
2428 1896 2615 1960 tribus,
2664 1898 2768 1952 hoc
2803 1904 2887 1952 est
2916 1895 3104 1953 Judzei.
3145 1899 3213 1953 Et
3255 1898 3460 1957 factum
3502 1912 3604 1960 est
3655 1913 3819 1961 tamex

2263 1989 2511 2059 gentibus
2536 2003 2697 2057 quam
2731 2003 2795 2043 ex
2824 1986 3025 2044 Judzeis
3052 2005 3219 2045 unum
3244 1992 3384 2047 ovile
3414 1994 3646 2051 Domini
3670 1997 3815 2069 (loca.

2264 2084 2339 2151 χ),
2391 2081 2444 2134 in
2494 2095 2599 2149 quo
2632 2082 2870 2150 quotidie
2906 2092 3306 2153 congregantur
3331 2087 3555 2143 unitate
3606 2090 3741 2157 fidei,
3774 2092 3817 2144 in

2262 2170 2607 2240 baptismate,
2642 2179 2697 2225 et
2735 2172 2789 2225 in
2819 2186 2924 2225 una
2970 2175 3315 2243 perceptione
3344 2181 3606 2247 corporis
3634 2191 3683 2234 et
3708 2196 3814 2237 san-

2262 2259 2439 2327 guinis
2466 2258 2690 2314 Christi.
2728 2279 2746 2311 (
2794 2259 2925 2326 Quis
2967 2262 3023 2316 in
3065 2264 3235 2329 vobis,
3272 2283 3292 2317 ι
3325 2280 3360 2320 o
3384 2268 3641 2336 gentiles,
3674 2289 3692 2322 ι
3726 2287 3809 2324 an-

2260 2349 2473 2402 nuntiet
2520 2348 2684 2414 istud,
2715 2368 2732 2399 ι
2763 2350 3036 2416 subaudis,
3070 2354 3211 2422 quod
3256 2352 3480 2414 locutus
3517 2360 3806 2416 estDeusde

2262 2439 2493 2493 adventu
2522 2439 2646 2494 Filii
2674 2441 2777 2507 sui,
2810 2461 2828 2494 ι
2853 2451 2909 2497 et
2930 2458 3049 2513 quae
3070 2445 3243 2515 prima
3265 2456 3395 2502 sunt
3425 2450 3598 2506 audire
3617 2468 3703 2508 nos
3722 2454 3794 2508 fa-

2262 2530 2403 2584 ciet?
2465 2550 2483 2582 ι
2536 2530 2593 2585 Si
2642 2541 2768 2586 sunt
2815 2534 2887 2588 dii
2936 2537 3102 2590 vestri
3155 2538 3292 2604 veri,
3337 2542 3804 2598 annuntientvobis

2260 2620 2531 2691 prmterita
2559 2622 2672 2676 sive
2694 2621 2893 2689 futura,
2919 2624 3059 2679 sicut
3079 2626 3341 2684 Dominus
3361 2642 3575 2687 noster.
3601 2634 3804 2704 Alloqui-

2263 2723 2354 2767 tur
2381 2714 2655 2784 Pmpheta
2684 2716 2929 2786 gentiles,
2947 2718 3240 2776 vol'enseos
3260 2737 3551 2781 removere
3575 2728 3641 2782 ab
3668 2726 3802 2781 idolo-

2263 2801 2418 2856 latria
2443 2812 2499 2857 et
2526 2804 2673 2858 cultu
2706 2806 3029 2861 dmmonum.
3062 2826 3080 2860 ‹
3124 2808 3262 2865 Dent
3289 2821 3463 2870 testes
3491 2832 3695 2884 eorum,
3726 2838 3743 2869 ›
3766 2818 3805 2872 id

2262 2904 2368 2958 est,
2395 2895 2495 2963 ipsi
2523 2893 2599 2948 dii
2630 2903 2795 2950 testes
2836 2912 2981 2964 suos,
3016 2917 3034 2949 ι
3073 2908 3131 2953 ut
3145 2899 3541 2971 justiticentur,
3573 2926 3593 2960 ι
3626 2908 3725 2962 hoc
3746 2918 3812 2962 est

2261 2995 2321 3039 ut
2342 2987 2472 3056 justi
2505 2996 2561 3042 et
2587 2989 2699 3042 veri
2728 2989 2995 3055 dicantur,
3028 3010 3048 3044 ι
3083 3001 3138 3047 et
3166 2996 3406 3066 audiant,
3444 3018 3465 3052 ο
3501 3000 3598 3066 illi,
3622 3000 3710 3070 qui
3732 3016 3811 3056 eas

2264 3076 2516 3147 ignorant
2546 3094 2664 3133 esse
2694 3096 2852 3136 veros
2885 3082 3036 3151 deos,
3070 3103 3089 3135 t
3121 3092 3176 3138 et
3201 3086 3384 3142 dicant
3416 3108 3436 3141 ι
3464 3091 3587 3160 quia
3610 3092 3719 3147 veri
3743 3093 3812 3146 dii

586 3175 806 3230 dictum.
838 3171 1035 3226 Omnes
1058 3169 1200 3224 enim
1231 3167 1321 3238 qui
1351 3182 1448 3236 per
1475 3164 1909 3235 praedicationem
1941 3163 2155 3218 illorum
2182 3162 2225 3226 C
2259 3176 2400 3221 sunt.
2427 3167 2535 3223 lsto
2577 3170 2634 3223 in
2664 3169 2782 3227 loco
2820 3182 2902 3227 est
2948 3174 3051 3230 iste
3076 3176 3371 3233 versiculus
3396 3179 3809 3250 distinguemus,

584 3262 949 3326 crediderunt,
972 3275 1155 3315 semen
1177 3273 1364 3313 eorum
1394 3266 1520 3312 sunt
1554 3274 1567 3310 :
1597 3257 1737 3312 sicut
1755 3257 1885 3312 dicit
1909 3257 2158 3327 egregius

583 3352 902 3422 praedicator
930 3370 944 3404 :
983 3369 1002 3402 ι
1023 3350 1199 3405 Filioli
1226 3349 1332 3404 mei
1355 3362 1490 3419 quos
1518 3348 1711 3403 iterum
1734 3348 1977 3420 parturio
2009 3347 2152 3419 (Gal.

582 3444 677 3517 tv).
715 3463 734 3497 ι
769 3443 835 3497 Ει
862 3460 874 3497 :
905 3461 923 3493 ι
951 3443 1055 3497 Per
1084 3441 1429 3512 Evangelium
1457 3456 1558 3512 ego
1583 3455 1680 3495 vos
1709 3440 1886 3511 genui.
1913 3459 1932 3492 ι

660 3552 679 3585 ι
711 3533 894 3587 Dicam
924 3531 1182 3601 aquiloni,
1218 3550 1237 3584 ι
1273 3531 1330 3587 id
1354 3540 1458 3598 est,
1486 3529 1700 3586 diabolo
1731 3548 1751 3581 ‹
1781 3531 1867 3596 da,
1898 3548 1915 3581 ι
1953 3530 2155 3585 subau-

583 3624 686 3689 dis,
718 3622 860 3676 ﬁlios
898 3636 1067 3687 meos,
1095 3636 1232 3691 quos
1262 3628 1413 3678 tenes
1442 3622 1684 3692 captivos
1714 3620 1970 3690 apostolis
1999 3622 2153 3676 meis.

586 3734 607 3768 ι
640 3717 706 3771 Et
734 3725 917 3770 austro
944 3714 1137 3778 dicam,
1169 3714 1278 3769 noli
1305 3715 1591 3784 prohibere
1638 3733 1657 3766 ι
1690 3713 1831 3769 ﬁlios
1859 3728 2026 3779 meos,
2062 3729 2155 3769 ve-

581 3811 789 3865 nientes
814 3808 880 3863 ad
896 3807 1056 3863 [idem
1068 3807 1344 3863 Ecclesiae.
1377 3827 1395 3860 t
1424 3806 1589 3862 Aufer
1619 3798 1756 3861 filios
1783 3821 1931 3861 meos
1952 3806 2019 3862 de
2042 3805 2157 3860 lon-

581 3900 801 3970 ginquo,
831 3917 849 3950 »
877 3913 910 3953 o
930 3898 1130 3953 chorus
1150 3897 1536 3969 apostolorum,
1559 3896 1610 3950 id
1631 3904 1733 3961 est,
1755 3894 2006 3966 populum
2028 3911 2157 3965 gen-

581 3991 715 4044 tium
765 3989 858 4060 qui
904 3988 1058 4059 longe
1108 4003 1139 4042 a
1195 3988 1505 4058 cognitione
1549 3986 1643 4041 Dei
1674 3995 1778 4042 est.
1818 4004 1836 4037 ‹
1897 3986 1966 4039 Ει
2016 3984 2155 4040 ﬁlias

579 4095 753 4144 meas,
824 4098 843 4130 ι
900 4078 952 4132 id
987 4087 1073 4132 est
1119 4080 1351 4142 animas,
1394 4078 1604 4131 scilicet
1644 4076 2055 4147 prmdestinatas
2087 4076 2154 4130 ad

581 4181 834 4234 regnum,
862 4164 994 4219 all‘er
1018 4182 1036 4215 ‹
1073 4165 1142 4219 ab
1162 4164 1418 4218 extremis
1450 4173 1627 4228 terrm,
1660 4183 1679 4214 ι
1717 4164 1784 4217 ab
1804 4163 1974 4230 india,
2004 4163 2151 4219 scili-

581 4266 669 4312 cet
713 4254 1011 4341 IEthiopia.
1044 4254 1139 4309 Vel
1167 4270 1264 4325 per
1289 4254 1425 4309 filias
1472 4254 1833 4325 intelligamus
1875 4254 2149 4322 mulieres,

582 4364 702 4419 quae
737 4348 805 4403 ad
852 4347 1137 4403 Dominum
1168 4364 1263 4418 per
1286 4348 1444 4403 fidem
1485 4357 1767 4403 venerunt.
1793 4347 2153 4405 Crediderunt

580 4454 774 4510 nempe
799 4440 937 4506 viri,
975 4441 1319 4494 crediderunt
1362 4448 1418 4493 et
1444 4438 1675 4493 femime.
1706 4438 1787 4494 Ad
1826 4440 1928 4493 hoc
1970 4447 2152 4494 autem

2259 3264 2314 3313 et
2340 3259 2406 3313 ad
2428 3262 2708 3330 sequentia
2728 3262 3053 3332 jungendus.

2334 3364 2355 3400 ι
2385 3348 2494 3404 Vos
2521 3364 2649 3404 vere
2681 3359 2845 3407 testes
2872 3352 3002 3420 mei,
3034 3352 3167 3409 dicit
3195 3354 3463 3411 Dominus.
3495 3375 3516 3408 ι
3551 3357 3691 3415 Vere
3712 3373 3813 3416 vos

2258 3445 2427 3494 testes
2456 3440 2564 3495 mei
2603 3442 2877 3511 propheta:
2915 3450 2970 3496 et
2996 3444 3246 3513 apostoli,
3282 3446 3412 3501 dicit
3448 3447 3700 3505 Dominus
3718 3448 3814 3505 Pa-

2258 3534 2341 3581 ter
2374 3545 2388 3581 :
2417 3527 2544 3597 quia
2581 3544 2679 3598 per
2717 3543 2816 3585 vos
2863 3528 3073 3586 locutus
3093 3547 3233 3586 sum.
3263 3551 3282 3585 ι
3317 3533 3385 3589 Et
3403 3550 3591 3592 servus
3609 3552 3807 3604 meus,»

2256 3619 2531 3684 subaudis,
2564 3618 2828 3686 Christus,
2863 3639 2882 3671 ι
2917 3635 3076 3691 quem
3101 3623 3237 3693 elegi
3277 3642 3295 3676 ι
3323 3625 3378 3680 in
3405 3641 3514 3696 quo
3538 3629 3671 3683 mihi
3693 3630 3814 3686 bene

2255 3711 2554 3781 eomplacui
2599 3711 2815 3784 (Matth.
2871 3729 2966 3779 ιιι;
2997 3712 3126 3769 Luc.
3162 3718 3271 3785 ιιι),
3308 3718 3587 3786 subaudis,
3623 3721 3730 3789 ipse
3768 3732 3813 3775 et

2256 3803 2409 3858 testis
2432 3803 2722 3858 verborum
2767 3818 3033 3869 meorum,
3077 3822 3097 3857 t
3144 3815 3203 3859 ut
3228 3807 3417 3863 sciatis
3441 3812 3574 3880 quia
3602 3812 3711 3882 ipse
3730 3827 3813 3881 ego

2256 3907 2376 3948 sum
2420 3893 2581 3949 Deus.
2615 3914 2634 3945 ›
2670 3894 2745 3949 De
2775 3895 2878 3951 hoc
2904 3911 3061 3953 servo
3108 3897 3247 3953 dixit
3296 3902 3553 3970 superius
3588 3916 3605 3955 :
3645 3920 3663 3953 ς
3694 3901 3814 3956 Ecce

2256 3999 2443 4041 servus
2490 4000 2661 4065 meus,
2707 3986 2996 4056 suscipiam
3036 4002 3162 4042 eum
3209 3987 3377 4059 (sup.,
3424 4005 3543 4056 xu,
3594 3991 3814 4062 nn).l-Zt

2256 4073 2383 4129 illud
2430 4092 2443 4129 :
2497 4074 2746 4145 Magnum
2789 4077 2886 4131 tibi
2936 4084 3040 4145 est,
3094 4080 3273 4134 vocari
3306 4087 3359 4134 te
3395 4095 3811 4150 puerummeum

2260 4166 2449 4237 (infra,
2483 4168 2652 4238 χιιι).
2693 4182 2713 4220 ι
2756 4187 2775 4219 t
2810 4169 2952 4224 Ante
2976 4186 3063 4226 me
3107 4186 3214 4226 non
3244 4179 3329 4227 est
3371 4170 3645 4231 formator
3675 4175 3810 4239 Dens,

2254 4268 2311 4313 et
2348 4268 2471 4329 post
2497 4276 2582 4315 me
2607 4276 2713 4316 non
2743 4262 2867 4316 erit.
2920 4283 2940 4314 ι
2978 4261 3092 4319 Vox
3119 4263 3212 4319 Dei
3252 4263 3451 4320 Patris.
3482 4264 3713 4333 Quidam
3737 4280 3810 4320 co-

2254 4348 2402 4403 dices
2428 4344 2639 4405 habent
2677 4368 2689 4402 :
2723 4349 2862 4406 Ante
2888 4368 2974 4407 me
3000 4349 3111 4408 non
3128 4363 3212 4410 est
3242 4354 3511 4411 formatus
3540 4358 3701 4413 Dens.
3725 4355 3807 4412 Sed

2253 4438 2447 4494 melius
2474 4449 2527 4494 et
2551 4442 2754 4496 rectius
2793 4453 2881 4498 est
2918 4443 3180 4501 formator
3208 4446 3411 4502 dicere.
3452 4446 3670 4521 Pagani
3693 4450 3800 4504 dice-

580 4535 726 4604 quod
770 4534 920 4599 dicit,
952 4531 1084 4587 affer
1111 4532 1247 4586 ﬁlios
1277 4546 1427 4586 meos
1454 4531 1678 4601 gentiles
1724 4532 1791 4586 de
1835 4530 2146 4602 longinquo,
2172 4528 2229 4590 D
2251 4532 2385 4587 bant
2417 4533 2484 4587 de
2513 4532 2614 4588 diis
2634 4534 2744 4589 suis
2773 4553 2785 4587 :
2813 4534 2919 4590 Iste
2945 4536 3077 4593 deus
3104 4548 3288 4594 noster
3315 4538 3446 4596 fecit
3465 4544 3682 4598 omnia.
3701 4541 3802 4596 Vet-

579 4627 813 4698 pertinet
856 4626 999 4696 quod
1050 4625 1240 4680 beatus
1276 4624 1566 4693 Apostolus
1619 4623 1876 4693 loquitur,
1916 4623 2142 4677 dicens:

586 4736 606 4769 ι
638 4713 747 4771 Vos
769 4716 859 4785 qui
885 4715 1052 4769 eratis
1078 4714 1256 4782 longe,
1287 4713 1415 4769 facti
1450 4713 1582 4769 estis
1607 4726 1772 4782 prope
1798 4713 1852 4767 in
1887 4711 2150 4780 sanguine

579 4811 779 4867 Christi
804 4810 1016 4881 (Ephes.
1045 4809 1125 4879 ιι).
1156 4829 1177 4862 ι

658 4920 678 4954 ‹
704 4902 773 4957 Ει
805 4916 1020 4956 omnem
1048 4900 1344 4966 hominem,
1374 4900 1468 4970 qui
1498 4901 1717 4954 invocat
1743 4914 1936 4954 nomen
1964 4914 2145 4954 meum

578 4998 634 5053 in
650 4995 873 5069 gloriam
899 5009 1093 5059 meam,
1117 5013 1135 5045 ι
1161 4994 1438 5058 subaudis,
1461 4993 1719 5048 adducam
1743 4994 1809 5047 ad
1834 4992 2147 5048 societatem

578 5088 872 5142 electorum
900 5101 1165 5141 meorum.
1204 5103 1223 5136 ι
1258 5083 1449 5139 Creavi
1483 5090 1606 5140 eum
1643 5104 1660 5136 ι
1697 5100 1941 5154 corpore,
1973 5084 2065 5154 qui
2093 5084 2146 5137 in

579 5191 666 5232 me
708 5175 1009 5232 crediturus
1033 5183 1135 5230 est.
1171 5194 1189 5225 ι
1224 5165 1474 5229 Formavi
1501 5190 1627 5229 eum
1660 5192 1678 5225 ι
1716 5175 1770 5228 in
1805 5174 2005 5238 anima,
2042 5191 2061 5222 ί
2094 5179 2151 5225 et

578 5265 682 5323 feci
721 5282 865 5332 eum,
916 5286 934 5318 ι
969 5266 1222 5322 subaudis
1268 5265 1656 5328 Christianum,
1709 5263 1794 5318 vel
1846 5262 2148 5334 apostolum

578 5356 893 5428 quemlibet,
914 5355 999 5409 vel
1023 5356 1297 5426 gentilem.

654 5462 676 5499 ι
706 5446 855 5502 Educ
875 5447 1126 5517 populum
1154 5447 1318 5512 foras,
1357 5466 1376 5499 ι
1421 5447 1485 5502 de
1534 5442 1849 5501 infidelitate
1873 5445 1939 5499 ad
1967 5445 2146 5509 ﬁdem,

578 5538 648 5593 de
676 5545 849 5593 morte
875 5539 941 5593 ad
963 5539 1148 5605 vitam,
1177 5540 1243 5593 de
1264 5538 1503 5592 tenebris
1532 5537 1735 5591 erroris
1768 5536 1836 5590 ad
1862 5550 2041 5590 veram
2069 5536 2149 5589 lu-

578 5645 719 5686 cem.
743 5629 860 5687 Vox
890 5631 981 5685 Dei
1006 5630 1184 5686 Patris
1215 5631 1283 5685 ad
1303 5629 1497 5684 Filium
1528 5629 1595 5683 de
1621 5625 1818 5682 ludatis
1844 5628 1932 5697 qui
1967 5627 2152 5683 oculos

580 5721 850 5777 habebant
882 5722 1143 5791 corporis,
1170 5721 1264 5778 sed
1292 5721 1416 5776 crcci
1462 5727 1618 5776 erant
1647 5725 1843 5774 mente.
1891 5717 2152 5773 Similiter

502 6470 825 6478 *4.
863 6469 913 6471 ___
976 6468 995 6469 κ
1019 6467 1029 6469 -
1042 6467 1048 6469 .
1162 6465 1219 6467 ᾉγ
1322 6464 1343 6465 7

2250 4624 2304 4678 bi
2339 4625 2512 4695 gratia
2540 4627 2606 4681 ad
2630 4625 2815 4682 Jovem
2844 4645 2857 4681 :
2885 4628 3053 4694 Jovis,
3079 4639 3136 4685 tu
3177 4645 3237 4687 es
3278 4634 3409 4689 deus
3456 4648 3625 4692 meus
3658 4648 3805 4695 verus.

2251 4714 2380 4784 quia
2412 4723 2465 4769 tu
2491 4717 2688 4771 creasti
2716 4727 2770 4772 et
2821 4721 2962 4790 regis
3000 4720 3303 4792 Olympum,
3344 4722 3451 4778 hoc
3474 4732 3594 4792 est,
3623 4724 3804 4782 οωιω

2253 4806 2454 4860 Contra
2494 4805 2625 4861 dicit
2665 4807 2804 4863 Deus
2847 4809 3187 4879 omnipotens
3235 4828 3249 4864 :
3300 4812 3441 4868 Ante
3480 4829 3585 4871 me
3622 4821 3811 4871 nonest

2254 4897 2395 4950 Deus
2424 4894 2684 4951 formator
2718 4898 2945 4967 alicuius
2983 4901 3086 4955 rei.
3125 4900 3236 4971 Ego
3275 4917 3395 4957 sum
3423 4902 3699 4961 formator
3721 4902 3809 4974 pri-

2251 5000 2392 5051 mus,
2420 4985 2546 5053 quia
2577 5001 2741 5054 quum
2783 5003 2887 5042 non
2922 4998 3126 5056 essent,
3177 4992 3358 5047 omnia
3386 4991 3493 5049 feci
3532 5011 3612 5051 ex
3645 4994 3806 5050 nihilo.

2250 5077 2530 5145 Quomodo
2550 5079 2692 5133 enim
2722 5089 2933 5148 poterat
2951 5080 3144 5151 aliquis
3173 5082 3394 5138 deorum
3419 5083 3696 5141 falsorum
3721 5082 3810 5137 for-

2250 5178 2428 5224 mator
2458 5184 2598 5234 esse,
2644 5169 2849 5224 scilicet
2888 5170 3115 5240 alicujus
3138 5173 3241 5239 rei,
3285 5189 3449 5244 quum
3477 5190 3599 5232 non
3628 5184 3764 5232 esset
3783 5188 3809 5227 a

2249 5277 2357 5331 quo
2392 5261 2750 5317 formaretur?
2786 5264 2927 5319 idola
2955 5267 3099 5320 enim
3142 5278 3268 5324 sunt
3295 5270 3460 5327 surda
3502 5280 3571 5329 et
3603 5281 3743 5328 muta
3765 5274 3809 5323 et

2249 5356 2581 5410 insensibilia
2628 5356 2880 5413 manibus
2928 5358 3204 5414 hominum
3256 5361 3508 5417 formata.
3577 5365 3728 5432 Quod
3770 5361 3811 5416 si

2252 5448 2488 5504 refertur
2514 5448 2581 5503 ad
2620 5448 2913 5517 diabolum,
2943 5451 3036 5520 qui
3076 5467 3217 5522 saepe
3255 5468 3351 5522 per
3377 5454 3521 5509 idola
3566 5468 3811 5526 responsa

2253 5538 2435 5603 dabat,
2466 5539 2734 5609 quomodo
2765 5547 2978 5609 poterat
3015 5539 3276 5597 formator
3310 5556 3429 5597 esse
3469 5544 3719 5600 omnium
3740 5555 3814 5597 re-

2253 5646 2403 5695 rum,
2451 5630 2543 5700 qui
2581 5644 2648 5683 ex
2679 5638 2917 5700 tempore
2958 5646 2987 5684 a
3015 5632 3123 5687 Deo
3149 5641 3232 5689 est
3268 5633 3475 5693 factus?
3528 5634 3591 5690 Si
3631 5631 3815 5691 dixerié

2256 5738 2398 5788 mus,
2439 5731 2563 5777 ante
2592 5738 2678 5778 me
2716 5740 2824 5795 non
2869 5733 2951 5779 est
2977 5723 3236 5785 formatus
3262 5727 3427 5796 Deus,
3456 5730 3566 5786 erit
3594 5740 3813 5787 senats:
