4016 6446
134 337 231 395 935

1202 321 1551 382 COMMENT.
1592 320 1657 376 IN
1696 318 1949 375 lSAlAM.
1986 349 2058 358 —
2095 318 2220 373 LIB.
2261 319 2323 373 il.

3257 318 3362 376 9'54

130 440 262 513 Ante
290 466 377 508 me
404 464 511 509 non
538 457 623 507 est
663 447 984 504 fabricatum
1031 442 1247 513 aliquod
1288 440 1509 503 idolum,
1556 436 1681 507 quia
1712 438 1759 496 Α
1785 433 1970 504 perbia
1999 442 2245 504 potentes
2267 431 2427 502 hujus
2452 432 2631 488 steculi
2662 433 2968 498 universos,
2996 439 3053 488 et
3092 433 3365 491 daemones

130 560 225 618 ego
252 542 477 600 formavi
503 542 775 598 hominem
813 539 1038 609 justum,
1067 550 1098 589 a
1138 549 1244 604 quo
1269 540 1454 603 postea
1492 530 1689 599 injuste

130 635 384 692 fabricata
410 640 534 690 sunt
573 632 732 687 idola.
766 628 873 684 Sed
909 642 1016 682 non
1046 625 1297 696 eongruit
1324 620 1554 692 pleniter
1591 620 1688 675 iste

129 741 331 786 sensus.
378 723 530 792 Quod
574 729 754 776 autem
784 720 934 783 dicit,
974 725 1031 773 et
1079 723 1200 785 post
1232 729 1320 769 me
1361 727 1469 768 non
1516 710 1621 767 erit
1670 728 1686 763 :

129 815 267 872 idem
288 822 370 869 est
395 812 538 883 quod
565 813 618 867 in
644 807 963 880 Apocalypsi
992 806 1189 861 dicitur
1217 824 1231 859 :
1262 823 1281 856 ι
1318 803 1429 873 Ego
1458 816 1577 857 sum
1599 798 1691 853 Al-

130 905 231 975 pha
257 912 312 959 et
343 901 567 973 Omega,
599 900 808 954 initium
840 906 895 951 et
917 895 1037 951 ﬁnis
1061 895 1241 965 (Apoc.
1268 909 1307 958 ι,
1336 891 1492 963 xxn).
1523 907 1543 942 ι

205 995 343 1065 (Ego
360 1008 497 1057 sum,
514 1006 613 1063 ego
638 1006 756 1045 sum
780 987 1059 1051 Dominus,
1083 993 1264 1039 etnon
1280 991 1363 1037 est
1378 982 1580 1049 absque
1604 990 1690 1031 me

131 1082 381 1139 salvator.
404 1101 422 1133 ›
441 1080 658 1135 lteratio
672 1079 956 1141 sermonis,
974 1073 1313 1130 confirmatio
1338 1071 1413 1125 rei
1438 1067 1689 1124 est.Cum

131 1173 257 1227 dicit
288 1172 430 1226 Deus
462 1169 645 1235 Pater,
682 1169 884 1236 absque
920 1181 1006 1220 me
1044 1179 1152 1219 non
1183 1170 1268 1217 est
1296 1161 1553 1225 salvator,
1581 1173 1689 1213 non

132 1264 365 1319 excludit
384 1262 578 1316 Filium
600 1275 631 1313 a
663 1273 740 1326 se,
770 1272 945 1327 neque
970 1255 1229 1325 Spiritum
1250 1259 1496 1308 sanctum
1524 1266 1537 1302 :
1566 1248 1690 1319 quia

132 1368 301 1424 neque
324 1353 491 1407 Filius
510 1360 590 1406 est
605 1351 807 1418 absque
829 1348 990 1402 Patre
1011 1360 1185 1415 neque
1199 1343 1432 1414 Spiritus
1452 1349 1687 1403 sanctus,

131 1457 235 1512 quo
271 1456 435 1495 unum
462 1447 604 1495 sunt.
622 1437 771 1493 Sicut
790 1436 1048 1491 Dominus
1073 1433 1207 1488 dicit
1238 1451 1292 1486 ει
1315 1431 1427 1501 Ego
1451 1437 1506 1485 et
1530 1428 1693 1484 Pater

131 1548 293 1587 unum
315 1546 518 1587 sumus.
543 1530 655 1600 Ego
670 1530 724 1583 in
745 1527 925 1592 Patre,
939 1537 993 1581 et
1014 1525 1174 1580 Pater
1195 1524 1251 1578 in
1265 1537 1349 1577 me
1366 1519 1546 1594 (Joan.
1574 1519 1685 1590 χ).›

132 1622 233 1677 Sed
265 1623 407 1691 quod
438 1622 586 1687 dicit,
614 1621 816 1689 absque
836 1633 922 1672 me
953 1633 1059 1670 non
1085 1622 1167 1670 est
1193 1613 1447 1679 salvator,
1483 1611 1587 1666 tale
1608 1617 1694 1664 est

130 1728 193 1767 ac
237 1711 283 1767 si
319 1712 523 1767 diceret
553 1730 565 1765 :
602 1711 660 1764 in
691 1722 777 1763 me
824 1716 908 1763 est
936 1706 1192 1769 salvator,
1225 1703 1392 1758 Filius
1443 1701 1693 1757 videlicet

1787 524 1951 578 etiam
1979 522 2187 579 detraxi
2209 524 2276 579 de
2303 523 2556 578 cordibus
2593 523 2894 588 hominum,
2922 523 3014 592 qui
3054 523 3363 595 gloriaban-

1790 622 1877 667 tur
1897 628 1965 666 ex
1992 613 2273 667 animabus
2290 628 2426 683 quas
2453 613 2777 682 deceperant
2803 631 2815 666 :
2850 621 2908 667 ut
2933 628 3030 682 per
3060 614 3217 670 Iidem
3244 629 3364 685 per-

1788 701 1988 756 fectam
2014 710 2070 757 et
2093 703 2433 759 dilectionem
2476 712 2682 759 certam
2715 711 2902 772 regnet
2922 703 3093 760 Filius
3127 719 3281 760 meus
3309 706 3366 761 in

1788 793 2039 849 cordibus
2060 794 2359 860 hominum,
2384 794 2768 864 praedicatione
2792 804 2974 853 vestra
2995 796 3292 852 instructis.

1864 896 1883 935 t
1914 884 2024 955 Ego
2044 885 2301 941 Dominus
2315 893 2531 941 sanctus
2541 895 2742 953 vester,
2765 905 2783 938 ›
2804 902 2837 940 ο
2858 886 3107 956 apostoli,
3131 906 3150 939 ι
3174 903 3367 945 creans

1788 975 1975 1040 Israel,
2011 995 2031 1028 ι
2066 991 2162 1029 rex
2188 985 2388 1042 vester,
2417 993 2450 1032 ο
2483 977 2683 1033 chorus
2713 979 3101 1049 apostolorum.

1865 1084 1883 1118 ι
1920 1065 2044 1121 llaec
2058 1066 2462 1122 dicitDominus
2490 1068 2581 1137 qui
2610 1068 2760 1123 dedit
2796 1089 2813 1120 ι
2844 1068 2969 1124 filiis
2988 1068 3151 1124 Israel
3183 1087 3202 1120 ι
3224 1069 3368 1125 viam

1792 1158 1846 1212 in
1881 1156 2014 1211 mari
2048 1177 2067 1210 ι
2102 1156 2307 1222 Rubro,
2346 1174 2364 1207 ι
2403 1166 2459 1212 et
2488 1158 2542 1211 in
2589 1159 2744 1229 aquis
2770 1160 3116 1225 torrentibus,
3151 1178 3169 1211 ι
3201 1158 3256 1214 id
3283 1166 3371 1213 est

1790 1247 2099 1303 fortissimis
2131 1267 2150 1300 ‹
2196 1249 2478 1313 semitam,
2538 1269 2555 1300 ι
2587 1249 2639 1302 in
2689 1249 2923 1305 Iordane
2973 1251 3244 1317 videlicet,
3284 1251 3369 1307 vel

1790 1337 1956 1393 etiam
1986 1338 2041 1391 in
2088 1338 2291 1401 Arnen,
2329 1339 2468 1394 sicut
2498 1338 2635 1392 dixit
2675 1338 2850 1394 Moses
2892 1359 2905 1393 :
2942 1358 2963 1392 ε
3003 1342 3365 1407 Quemadmo-

1792 1430 1917 1484 dum
1942 1425 2070 1480 fecit
2097 1425 2150 1479 in
2178 1427 2314 1480 mari
2337 1427 2541 1492 Rubro,
2569 1428 2814 1496 praebens
2838 1430 2993 1483 vobis
3015 1431 3117 1485 iter
3143 1445 3240 1501 per
3268 1431 3370 1484 sic-

1792 1531 1915 1573 cum
1950 1530 2119 1580 mare,
2159 1515 2239 1569 sic
2268 1514 2430 1570 faciet
2483 1516 2536 1568 in
2565 1516 2894 1571 torrentibus
2939 1517 3121 1571 Arnon
3174 1517 3366 1588 (Num.

1793 1610 1929 1681 xxi).
1963 1628 1982 1661 ι
2018 1608 2135 1677 ipse
2164 1608 2308 1663 enim
2335 1607 2428 1677 qui
2458 1607 2605 1662 dedit
2641 1608 2695 1662 in
2727 1609 2863 1662 mari
2892 1610 3032 1663 viam
3056 1618 3112 1664 et
3134 1609 3185 1662 in
3214 1610 3370 1679 aquis

1792 1700 2042 1757 Iordanis
2068 1700 2334 1764 semitam,
2363 1698 2632 1762 videlicet,
2662 1706 2721 1751 ut
2762 1700 3004 1768 egressio
3033 1714 3102 1753 ex
3138 1699 3372 1770 Egypto

130 1817 301 1866 meus,
326 1816 423 1870 per
442 1815 602 1869 quem
624 1798 836 1853 decrevi
863 1797 1075 1852 salvare
1094 1809 1262 1865 genus
1286 1794 1597 1848 humanum.
1623 1790 1689 1844 Et
1718 1778 1765 1838 Β
1791 1798 1846 1845 et
1869 1787 2131 1843 introitus
2163 1787 2217 1860 in
2258 1796 2460 1841 terram
2489 1787 2921 1856 repromissionis
2952 1788 3174 1843 haberet
3200 1792 3369 1843 mira-

131 1892 268 1945 sicut
306 1906 444 1945 unus
503 1888 749 1943 Christus
789 1888 1048 1942 Dominus
1092 1901 1198 1940 non
1234 1884 1409 1938 aufert
1446 1881 1594 1936 Patri
1624 1895 1693 1936 ne

132 1979 387 2033 Dominus
425 1979 497 2033 sit
524 1996 539 2031 :
571 1979 650 2034 sic
690 1992 830 2033 unus
856 1977 998 2031 Deus
1019 1974 1177 2029 Pater
1206 1974 1441 2029 salvator
1466 1988 1573 2027 non
1596 1986 1692 2025 au-

130 2069 237 2125 fert
258 2069 391 2126 Filio
412 2085 479 2125 ne
501 2070 573 2124 sit
593 2078 648 2125 et
671 2070 783 2139 ipse
808 2068 1062 2123 salvator.
1088 2065 1183 2121 Sic
1202 2066 1344 2121 enim
1367 2064 1499 2119 dicit
1523 2062 1694 2117 Filius

131 2160 186 2214 in
229 2160 515 2231 Evangelia
547 2178 560 2213 :
599 2177 620 2212 ί
656 2158 809 2214 Sicut
833 2158 994 2213 Pater
1019 2171 1157 2227 quos
1189 2155 1303 2210 vult
1327 2153 1583 2218 vivificat,
1615 2152 1694 2208 sic

131 2260 184 2303 et
214 2249 377 2305 Filius
405 2266 541 2320 quos
564 2250 680 2305 vult
713 2250 948 2305 vivificat
977 2248 1159 2319 (Joan.
1207 2247 1282 2319 v).
1321 2266 1339 2300 ι
1377 2245 1513 2312 Quia
1556 2245 1695 2299 sicut

131 2338 288 2393 Pater
310 2340 473 2394 habet
498 2340 662 2394 vitam
694 2341 747 2395 in
772 2340 1078 2409 semetipso,
1112 2340 1190 2411 sic
1216 2338 1360 2393 dedit
1382 2346 1437 2392 et
1461 2336 1595 2390 Filio
1619 2335 1695 2389 vi-

132 2437 238 2482 tam
266 2429 463 2483 habere
498 2430 550 2482 in
579 2431 889 2500 semetipso,
912 2430 1014 2484 hoc
1036 2437 1141 2494 est,
1174 2428 1253 2483 sic
1278 2428 1465 2497 genuit
1502 2426 1694 2480 Filium

131 2519 295 2575 vitam
324 2521 629 2575 habentem.

206 2629 224 2661 ι
258 2610 368 2679 Ego
394 2610 708 2664 aunuutiavi
743 2628 762 2662 ›
798 2609 1134 2665 nativitatem
1162 2606 1283 2664 Filii
1312 2608 1438 2674 mei,
1462 2608 1696 2662 vocatio-

132 2719 253 2759 nem
281 2705 537 2772 geutium,
562 2703 926 2773 expulsionem
966 2703 1287 2757 daemonum.
1324 2721 1341 2753 ι
1381 2701 1490 2772 Ego
1525 2699 1698 2755 salva-

133 2793 185 2846 vi
210 2813 227 2845 ›
262 2807 358 2862 per
380 2786 576 2847 Filium
604 2810 782 2849 meum
813 2809 981 2864 genus
1006 2794 1319 2857 humanum,
1348 2807 1446 2863 pro
1471 2806 1536 2845 eo
1555 2790 1698 2859 quod

133 2891 218 2938 est
245 2884 477 2938 salvabo.
510 2902 528 2935 ι
562 2884 817 2939 Auditum
844 2883 946 2937 feci
981 2903 999 2935 ι
1029 2884 1360 2951 ριέειεῐίῑιιιιι
1386 2889 1439 2935 et
1460 2880 1698 2934 futurum

138 2991 158 3024 ς
188 2980 241 3027 et
272 2989 377 3027 non
414 2974 514 3027 fuit
538 2974 593 3028 iu
615 2976 765 3030 vobis
800 2994 819 3027 ι
847 2975 1129 3044 propheta,
1163 2973 1249 3028 vel
1289 2971 1584 3042 apostolus,
1617 2970 1699 3025 vel

139 3084 157 3116 ι
204 3064 407 3120 alienus
434 3084 452 3116 ι
480 3066 639 3132 Deus,
667 3075 725 3119 ut
747 3074 932 3136 gentes
960 3066 1210 3119 dicebant
1242 3083 1261 3115 ‹
1295 3079 1390 3118 vos
1423 3081 1441 3114 ι
1466 3063 1695 3132 prophe-

131 3165 202 3208 ta:
221 3155 506 3225 etapostoli
535 3173 553 3205 ι
578 3122 890 3220 ιεειεδυωθί,
913 3155 1042 3210 dicit
1065 3155 1341 3219 Dominus,
1372 3173 1390 3206 ι
1418 3152 1694 3217 subaudis,
1724 3122 1769 3186 Ο

129 3246 257 3314 quia
284 3248 422 3315 quod
443 3248 666 3318 przedixi
692 3248 931 3302 futurum
968 3247 1165 3301 veniet.

210 3360 227 3391 ι
260 3341 375 3396 Non
402 3352 483 3396 est
517 3343 608 3412 qui
644 3343 709 3396 de
759 3357 921 3395 manu
953 3355 1068 3395 mea
1100 3346 1257 3393 eruat
1285 3355 1306 3391 ι
1342 3336 1564 3406 aliquid,
1595 3336 1698 3390 hoc

131 3439 215 3486 est
244 3431 309 3485 de
336 3439 604 3500 potestate
629 3429 751 3486 Filii
778 3430 904 3495 mei,
940 3428 1025 3483 vel
1054 3429 1120 3482 de
1156 3442 1296 3482 mea.
1327 3445 1344 3477 ‹
1366 3425 1641 3497 Operabor
1673 3442 1691 3477 ι

134 3522 359 3578 salutem
403 3521 642 3592 gentium
668 3539 687 3573 ι
733 3532 789 3577 et
820 3522 942 3591 quis
987 3528 1214 3585 avertet,
1246 3539 1265 3573 ι
1293 3519 1414 3589 quis
1459 3518 1701 3572 destruet

138 3636 157 3668 ι
198 3615 321 3670 illud
350 3634 369 3667 ι
404 3615 542 3685 quod
570 3630 669 3686 ego
695 3614 906 3670 fecero?
934 3613 1065 3681 Quis
1092 3620 1346 3683 operatus
1363 3618 1449 3666 est
1471 3609 1697 3665 salutem

132 3706 395 3778 gentium,
435 3705 540 3759 nisi
575 3706 688 3776 ipse
716 3707 810 3775 qui
831 3721 989 3761 verus
1013 3713 1097 3760 est
1122 3704 1298 3759 Deus?
1322 3703 1527 3758 Nullus.

210 3814 227 3846 ι
260 3795 384 3850 Haec
411 3794 541 3851 dicit
564 3796 820 3852 Dominus
840 3797 1148 3866 redemptor
1170 3786 1604 3862 vester,sanctus
1628 3793 1702 3849 ls-

132 3884 266 3939 rael.
302 3903 320 3936 »
356 3884 470 3940 Vox
500 3884 595 3941 Dei
624 3884 799 3941 Patris
826 3886 893 3941 ad
930 3885 1220 3956 apostolos.
1278 3883 1405 3939 Haec
1451 3898 1572 3954 quae
1617 3899 1700 3937 se-

132 3984 393 4043 quuntur,
424 3974 554 4029 dicit
582 3975 839 4031 Dominus
877 3977 1183 4045 redemptor
1217 3984 1395 4031 vester
1427 3993 1444 4026 ι
1482 3983 1701 4045 propter

132 4078 250 4128 vos,
281 4083 298 4115 ι
329 4065 600 4133 oapostoli
624 4065 718 4119 filii
746 4066 869 4130 mei,
892 4084 911 4117 ι
940 4066 1061 4120 misi
1084 4065 1138 4118 in
1162 4064 1508 4135 Babylonem,
1526 4070 1580 4118 et
1608 4063 1701 4117 de-

133 4155 277 4210 traxi
292 4167 469 4211 vectes
482 4158 781 4223 universos,
804 4166 857 4213 et
871 4156 1147 4212 Chaldmos
1162 4157 1215 4211 in
1233 4156 1454 4212 navibus
1476 4155 1702 4227 glorian-

134 4257 235 4301 tes.
265 4267 283 4300 ι
317 4248 586 4315 Quantum
609 4249 674 4304 ad
696 4250 929 4305 litteram
952 4250 1204 4319 pertinet,-
1228 4247 1463 4318 Babylon
1481 4248 1602 4301 ideo
1624 4248 1703 4302 in-

134 4346 464 4406 terpretatur
507 4337 775 4404 confusio,
807 4339 931 4410 quia
967 4339 1040 4394 ibi
1071 4337 1358 4393 confusum
1387 4346 1472 4393 est
1497 4337 1700 4392 labium

1795 1878 1993 1942 culum,
2026 1877 2141 1946 ipse
2184 1875 2447 1948 (inquam)
2501 1874 2696 1944 deiecit
2725 1875 2996 1945 principes
3028 1875 3187 1943 hujus
3214 1893 3369 1931 mun-

1794 1968 1849 2023 di
1879 1969 1945 2023 de
1978 1967 2246 2037 superbia,
2270 1975 2324 2022 et
2347 1967 2615 2022 convertit
2637 1966 2705 2021 ad
2739 1967 3096 2021 humilitatem
3128 1966 3371 2038 Evange—

1794 2061 1876 2128 lii,
1905 2061 2215 2131 expulitque
2252 2062 2521 2117 daemones
2551 2060 2617 2115 de
2642 2060 2893 2115 cordibus
2922 2061 3199 2116 hominum
3246 2062 3369 2132 qui.

1795 2154 1898 2209 bus
1924 2151 2390 2222 principabantur,
2417 2151 2665 2220 prmbens
2690 2151 2835 2205 viam
2872 2151 3132 2221 apostolis
3157 2160 3212 2206 et
3240 2167 3376 2223 pra:-

1797 2243 2128 2298 dicatoribus
2156 2244 2267 2297 suis
2293 2243 2347 2296 in
2370 2242 2506 2296 mari
2536 2241 2733 2313 (Ea-od.
2763 2242 2898 2312 XIV),
2929 2243 3031 2299 hoc
3061 2252 3145 2299 est
3181 2244 3236 2299 in
3267 2244 3372 2299 hoc

1798 2335 2017 2398 mundo,
2052 2333 2297 2387 utlihere
2324 2341 2546 2403 possent
2580 2333 2894 2403 praadicare.

1875 2441 1894 2475 ι
1932 2424 2044 2494 Ego
2087 2424 2247 2479 eduxi
2289 2424 2606 2495 quadrigam
2652 2425 2717 2478 de
2761 2423 2996 2496 [Egypto
3043 2433 3099 2480 et
3151 2440 3373 2495 equum,

1801 2534 1991 2589 agmen
2036 2527 2092 2572 et
2148 2518 2447 2573 robustum.
2488 2534 2507 2568 ι
2558 2517 2884 2588 Quadrigam
2928 2526 2982 2572 et
3010 2534 3226 2588 equum,
3276 2535 3378 2589 pro

1800 2608 1982 2663 multis
2021 2609 2295 2678 quadrigis
2324 2619 2379 2663 et
2411 2608 2680 2676 equitibus
2710 2608 2862 2673 dixit,
2900 2608 3041 2663 sicut
3090 2623 3279 2679 agmen
3323 2616 3378 2661 et

1801 2701 2076 2754 robustum
2120 2717 2217 2769 pro
2252 2701 2434 2755 multis
2468 2700 2771 2769 agminibus
2814 2709 2868 2754 et
2899 2701 3241 2755 multitudine
3288 2718 3375 2755 ro-

1801 2791 2101 2844 bustozum.
2153 2808 2172 2841 ί
2216 2788 2388 2843 Simul
2438 2790 2870 2854 obdormicrunt,
2933 2808 2951 2842 ι
2999 2790 3051 2843 id
3090 2801 3174 2845 est
3215 2790 3377 2845 simul

1802 2883 1999 2936 mortui
2021 2891 2165 2937 sunt.
2205 2900 2223 2933 ι
2256 2881 2365 2936 Nec
2388 2891 2667 2951 resurgent
2698 2898 2715 2933 ι
2754 2883 2878 2953 quia
2906 2898 3095 2937 somno
3120 2893 3379 2953 perpetuo

1803 2970 2028 3026 involuti
2063 2978 2209 3027 sunt.
2245 2989 2265 3024 ι
2310 2973 2539 3027 Contriti
2589 2980 2715 3028 sunt
2751 2991 2769 3025 ι
2805 2974 2871 3027 ab
2910 2972 3064 3043 aquis
3102 2973 3284 3027 multis
3324 2973 3379 3028 in

1805 3072 2099 3118 momento.
2139 3082 2157 3114 ι
2197 3063 2361 3130 Quasi
2400 3062 2567 3117 linum
2595 3064 2850 3118 exstincti
2878 3072 3023 3118 sunt.
3065 3083 3084 3116 ι
3120 3064 3288 3119 Sicuti
3318 3065 3381 3120 li-

1802 3171 1928 3208 num
1977 3155 2030 3208 in
2078 3164 2355 3208 momento
2376 3156 2741 3219 succenditur,-
2771 3164 2824 3210 et
2846 3156 2955 3211 cito
2983 3158 3375 3228 exstinguitur:

1800 3246 1878 3300 sic
1902 3244 1979 3298 illi
2002 3246 2055 3298 in
2098 3254 2372 3300 momento
2411 3243 2609 3299 mortui
2649 3255 2791 3309 sunt,
2832 3257 2886 3301 et
2939 3249 3193 3302 exstincti
3241 3256 3370 3303 sunt

1800 3334 1867 3388 de
1907 3340 2070 3387 terra.

1878 3444 1897 3478 ι
1934 3424 2033 3491 Ne,
2064 3426 2421 3482 memineritis
2456 3442 2475 3479 ι
2508 3443 2542 3483 o
2577 3429 2827 3499 apostoli,
2863 3448 2884 3483 ί
2915 3431 3156 3501 priorum
3194 3451 3213 3484 ι
3256 3447 3376 3503 qua:

1800 3513 1910 3569 dixi
1936 3514 2022 3585 (II
2050 3514 2173 3569 Cor.
2198 3515 2272 3586 γ),
2304 3516 2553 3572 videlicet
2571 3519 2712 3573 viam
2752 3519 2947 3574 factam
2973 3536 3003 3575 a
3029 3537 3117 3577 me
3141 3522 3195 3577 in
3217 3524 3377 3590 mari,

1800 3613 1857 3660 et
1879 3604 2127 3660 semitam
2149 3605 2203 3659 in
2229 3603 2483 3671 Iordane,
2519 3625 2537 3657 ι
2563 3616 2617 3662 et
2635 3600 2855 3677 antiqua
2887 3624 2956 3664 ne
2978 3610 3318 3677 intueamini,
3349 3633 3369 3666 ι

1800 3696 1928 3764 quia
1969 3693 2178 3762 majora
2209 3694 2448 3751 facturus
2476 3712 2594 3751 sum
2623 3712 2743 3767 ego,
2774 3709 2829 3753 et
2868 3715 2962 3754 vos
2981 3715 3079 3769 per
3103 3718 3209 3767 me,
3240 3717 3373 3772 quo-

1801 3800 1921 3839 rum
1981 3786 2384 3855 comparatione
2431 3787 2701 3857 praeterita
2769 3804 2940 3858 pauca
2992 3790 3380 3861 iudicabuntur

1803 3876 1985 3947 (Apoc.
2016 3876 2162 3948 xxv).

1876 3987 1895 4019 ι
1944 3966 2145 4022 Ponam
2186 3968 2240 4021 in
2268 3967 2485 4023 deserto
2521 3988 2540 4020 ι
2581 3970 2863 4040 gentilium
2893 3989 2912 4023 ‹
2948 3972 3112 4039 viam,
3146 3993 3164 4026 ι
3198 3974 3248 4028 id
3271 3985 3376 4041 est,

1800 4060 2091 4124 Christum,
2122 4061 2248 4130 quia
2271 4061 2385 4130 ipse
2415 4069 2501 4115 est
2529 4078 2548 4111 ‹
2576 4063 2684 4127 via,
2712 4063 2937 4129 veritas,
2964 4074 3019 4118 et
3054 4064 3161 4119 vita
3190 4063 3372 4135 (Joau.

1801 4152 1933 4223 xlv).
1964 4170 1982 4202 ι
2022 4169 2042 4201 ι
2077 4150 2144 4204 Ει
2185 4151 2240 4204 in
2289 4151 2434 4205 invio
2482 4149 2721 4217 ﬂumina,
2755 4171 2774 4203 ι
2825 4153 2926 4207 hoc
2952 4161 3035 4207 est
3081 4152 3135 4208 in
3165 4154 3379 4208 deserto

1801 4240 2112 4311 gentilium,
2145 4241 2238 4294 ubi
2277 4257 2384 4296 non
2424 4249 2544 4295 erat
2594 4243 2839 4296 doctrina
2874 4244 3190 4312 spiritualis,
3242 4246 3379 4301 dabo

1800 4332 2020 4386 flumina
2050 4348 2064 4385 :
2094 4332 2373 4386 scientiam
2401 4333 2647 4387 videlicet
2675 4334 2886 4387 Veteris
2925 4343 2981 4387 et
3027 4333 3159 4387 Novi
3187 4335 3378 4389 Testae

132 4429 398 4483 universa:
445 4437 620 4484 terra}.
669 4430 938 4498 Quantum
981 4429 1051 4485 ad
1090 4428 1333 4484 altiorem
1371 4428 1699 4482 intellectum
1725 4461 1779 4521 Β
1803 4425 1991 4481 menti.
2022 4423 2151 4480 Hac
2175 4431 2304 4480 sunt
2336 4439 2473 4479 nova
2496 4438 2617 4495 quae
2650 4426 2899 4495 superius
2927 4440 2986 4479 se
3014 4426 3263 4495 promisit
3287 4426 3374 4480 fa-

131 4517 347 4582 attinet,
378 4519 520 4573 hunc
555 4520 809 4573 mundum
835 4518 1122 4589 significat,
1149 4517 1240 4586 qui
1260 4517 1578 4572 adveniente
1596 4516 1701 4570 Do-
1726 4516 1764 4521 ⁷
1802 4528 1947 4572 cere.

130 4605 280 4660 mino
302 4605 358 4659 in
381 4620 542 4662 carne
560 4608 612 4662 in
634 4607 945 4663 confusione
966 4615 1305 4678 peccatorum
1320 4605 1524 4676 positus
1556 4613 1694 4660 erat.

128 4694 234 4749 Per
265 4705 444 4750 vectes
472 4696 832 4765 intelligamus
855 4710 1006 4767 reges
1042 4704 1096 4751 et
1124 4696 1392 4766 principes
1417 4703 1695 4766 potentes-

127 4800 238 4855 que
292 4785 447 4840 istius
492 4787 691 4852 saaculi,
727 4786 853 4856 quia
882 4787 1021 4842 sicut
1048 4787 1290 4841 vectibus
1322 4793 1570 4856 portatur
1598 4784 1698 4839 ali-

127 4875 283 4946 quid,
309 4876 387 4931 sic
415 4876 627 4932 illorum
655 4878 949 4931 munimine
978 4892 1170 4947 pompa
1215 4875 1375 4945 hujus
1409 4874 1591 4930 mundi
1624 4873 1701 4931 fee

127 4966 377 5021 rebatur.
409 4967 679 5034 Quantum
716 4983 845 5022 vero
889 4968 1148 5024 historico
1190 4967 1440 5039 congruit
1494 4966 1703 5023 intelle-

123 5058 265 5123 ctui,
294 5058 414 5115 ideo
445 5061 574 5115 dicit
602 5060 877 5117 Chaldaeos
904 5061 1196 5132 gloriantes
1226 5061 1278 5115 in
1305 5059 1533 5115 navibus
1566 5060 1699 5126 suis,

125 5149 260 5217 quia
285 5148 542 5207 habentes
563 5151 728 5206 multa
781 5162 837 5207 et
888 5168 1081 5224 magna
1128 5151 1347 5208 ﬂumina
1390 5152 1702 5221 peritissimi

121 5248 313 5295 nautae
332 5242 685 5296 exsistebant.
705 5242 895 5298 Altiori
911 5253 1088 5299 autem
1108 5242 1484 5314 intelligentia,
1500 5241 1701 5296 idcirco

120 5332 235 5386 hoc
280 5332 431 5397 dicit,
483 5331 610 5399 quia
664 5333 869 5388 animas
916 5335 1234 5389 miserorum
1278 5332 1553 5388 hominum
1601 5346 1701 5400 per

114 5420 328 5476 ﬂuctus
360 5419 513 5475 istius
549 5420 732 5473 mundi
783 5420 1072 5487 daemones,
1116 5422 1206 5491 qui
1253 5437 1351 5491 per
1383 5436 1477 5476 eos
1504 5421 1699 5476 intelli-

115 5518 355 5582 guntur,
375 5511 563 5581 vagari
588 5509 871 5565 faciebant.
898 5510 1121 5582 Propter
1143 5528 1237 5566 vos
1258 5513 1496 5583 (inquit),
1521 5527 1553 5567 ο
1575 5528 1701 5581 apo-

117 5598 256 5654 stoli
275 5601 539 5665 mei,misi
569 5602 622 5657 in
648 5601 994 5672 Babylonem,
1012 5603 1112 5657 hoc
1135 5611 1218 5657 est
1238 5602 1290 5656 in
1319 5603 1575 5657 mundum
1607 5607 1698 5673 qui

113 5690 360 5760 degebat
394 5693 447 5747 in
476 5692 787 5749 confusione
815 5706 1177 5764 peccatorum,
1204 5702 1259 5749 et
1283 5693 1491 5749 detraxi
1520 5695 1583 5750 de
1610 5710 1699 5749 su-

1880 4624 1900 4657 c
1926 4603 2259 4661 Gloriflcabit
2284 4620 2370 4660 me
2392 4604 2565 4660 bestia
2592 4606 2729 4676 agri,
2754 4607 3015 4661 dracones
3035 4618 3089 4661 et
3119 4607 3379 4662 struthio—

1805 4712 1921 4762 nes,
1950 4698 2076 4767 quia
2103 4698 2222 4752 dedi
2254 4697 2307 4751 in
2334 4697 2550 4752 deserto
2579 4713 2769 4767 aquas,
2799 4707 2853 4751 et
2878 4697 3097 4753 flumina
3129 4698 3181 4753 in
3213 4699 3375 4763 invio,

1804 4796 1868 4842 ut
1899 4788 2082 4844 darem
2108 4798 2289 4858 potum
2321 4788 2518 4859 populo
2539 4804 2678 4844 meo.
2709 4809 2728 4841 ι
2756 4789 2961 4844 Bestias
2992 4774 3223 4861 appellat
3254 4807 3380 4861 gen-

1808 4879 1950 4946 tiles,
1980 4879 2070 4949 qui
2093 4894 2242 4934 more
2266 4880 2561 4934 bestiarum
2588 4880 2843 4933 vivebant
2869 4882 3181 4951 ignorantes
3203 4881 3371 4935 Crea~

1807 4979 2003 5036 torem,
2046 4978 2101 5024 et
2128 4971 2415 5024 adorantes
2457 4978 2761 5025 creaturam
2798 4970 2969 5042 (Rom.
3004 4973 3064 5039 ι).
3098 4971 3201 5024 Per
3246 4969 3375 5023 dra-

1806 5076 1991 5123 cones.
2013 5061 2106 5130 qui
2128 5075 2392 5116 venenum
2419 5059 2619 5115 habent
2642 5070 2697 5115 et
2724 5062 3069 5124 interficiunt,
3091 5073 3378 5130 possumus

1806 5150 2105 5221 intelligere
2147 5151 2444 5206 homicidas
2477 5159 2533 5206 et
2561 5151 2858 5206 malitiosos
2893 5150 3159 5215 homines,
3189 5150 3377 5221 plenos

1805 5243 2069 5313 sanguine
2094 5242 2483 5313 proximorum.
2500 5243 2744 5299 Struthio
2769 5244 2883 5296 avis
2906 5250 2989 5295 cst
3015 5257 3227 5314 magna,
3249 5242 3378 5296 bre-

1805 5334 2023 5389 vitatem
2055 5349 2351 5403 pennarum
2392 5334 2615 5389 habens.
2644 5334 2852 5387 volatus
2892 5347 2997 5386 non
3027 5346 3196 5401 capax
3230 5350 3243 5385 :
3282 5345 3381 5401 per

1809 5439 1970 5493 quam
2015 5423 2387 5495 signiﬁcanwr
2428 5424 2743 5496 hypocritm,
2781 5422 2870 5492 qui
2919 5436 3123 5492 pennas
3161 5422 3376 5491 quidem

1806 5516 2058 5571 videntur
2086 5516 2286 5571 habere
2324 5516 2605 5581 virtutum,
2636 5516 2728 5571 sed
2766 5515 2834 5569 ad
2871 5514 3062 5568 altiora
3104 5520 3377 5583 nequeunt

1806 5609 2117 5664 ascendere.
2169 5609 2293 5666 ideo
2323 5611 2539 5681 (inquit)
2577 5624 2663 5664 me
2699 5608 3074 5679 glorificabunt
3129 5604 3380 5678 gentiles,

1804 5697 1895 5766 qui
1922 5698 2200 5754 homicida:
2230 5700 2479 5756 malitiosi
2512 5708 2667 5755 antea
2688 5705 2844 5753 erant
2872 5696 3168 5755 bestialiter
3193 5696 3376 5751 γίνεαι
