4016 6510
569 392 674 449 955
1032 380 1386 439 HAYMONIS
1427 375 1902 433 HALBERSTAT.
1943 370 2158 427 EPISC.

2205 369 2355 426 OPP.
2396 367 2598 424 PARS.
2639 361 3138 421 I.—-COMMENT.
3178 360 3346 415 BlBL.
3771 354 3880 409 956

571 514 675 570 tes,
706 504 830 575 qula
858 501 977 557 dedi
1008 501 1061 555 in
1090 499 1303 554 deserto
1337 509 1522 551 eorum
1545 491 1827 548 scientiam
1858 486 2069 542 Veteris
2097 493 2150 539 et
2177 484 2229 545 Α
2252 498 2463 538 marum
2498 491 2710 536 tuarum
2734 493 2839 533 non
2868 475 3144 532 inebriasti
3165 489 3273 540 me,
3306 492 3326 527 ι
3358 472 3415 527 id
3435 478 3555 536 est,
3593 482 3726 525 non
3756 483 3878 524 sum

573 596 709 653 Novi
723 571 1078 658 'Testamenti,
1094 599 1155 646 ut
1172 592 1354 645 darem
1371 586 1563 656 pupulo
1576 599 1696 639 meo
1718 571 1959 638 credenti
1985 578 2039 632 in
2065 582 2151 631 me

573 698 756 759 potum
786 686 1002 748 mentis,
1040 683 1269 754 gratiam
1300 678 1551 733 videlicet
1579 675 1815 746 Spiritus
1850 669 2043 733 sancti,
2075 668 2149 747 sie

575 787 668 835 cut
695 778 884 833 dixiin
914 773 1199 844 Evangelia
1240 788 1253 823 :
1289 770 1390 836 Qui
1433 768 1549 824 sitit
1577 766 1762 821 veniat
1805 772 1860 817 et
1884 762 2051 816 bibat.
2088 759 2155 813 Et

577 871 645 926 de
664 877 856 954 ventre
875 857 990 934 eths
1016 864 1182 918 ﬂuent
1208 876 1362 931 aqua:
1393 860 1527 913 viva:
1568 856 1748 928 (Joan.
1777 853 1898 922 vn).

656 1000 676 1034 ι
713 979 972 1049 Populum
1001 977 1184 1040 istum,
1225 993 1243 1026 ι
1283 972 1541 1029 subaudis
1571 968 1823 1041 gentilem
1850 966 2156 1031 credentem

582 1073 638 1129 in
665 1084 770 1134 me,
803 1088 821 1120 ι
855 1066 1081 1122 formavi
1104 1064 1238 1119 mihi
1275 1083 1294 1116 ι
1329 1070 1554 1117 utesset
1578 1058 1936 1115 Christianus.
1968 1075 1985 1107 ι
2019 1046 2159 1108 Lau-

583 1165 705 1220 dem
735 1176 911 1218 meam
947 1158 1211 1222 narrabit,
1250 1176 1268 1208 ›
1315 1157 1419 1211 hoc
1449 1162 1533 1210 est
1575 1146 1909 1207 nativitatem
1960 1163 2156 1212 meam,

582 1258 909 1331 passionem,
940 1251 1355 1309 resurrectionis
1413 1246 1766 1317 triumphum,
1832 1242 2161 1298 ascensionis

588 1364 727 1404 mea:
763 1348 1011 1419 gloriam.

662 1479 683 1512 ι
716 1458 832 1514 Νοη
868 1456 953 1511 me
986 1453 1248 1513 invocasti
1269 1494 1282 1518 ,
1307 1451 1493 1515 Jacob,
1536 1465 1635 1504 nec
1668 1444 1922 1501 laborasli
1952 1444 2002 1498 in
2055 1458 2159 1506 me,

587 1538 773 1606 Israel.
797 1568 813 1599 ι
844 1546 1140 1615 Sicutijam
1159 1544 1405 1612 superius
1428 1542 1680 1603 diximus,
1705 1539 1810 1591 duo
1835 1545 1958 1589 sunt
1978 1533 2165 1599 Jacob,

591 1638 824 1693 carnalis
850 1646 905 1693 et
925 1634 1238 1705 spiritualis,
1266 1643 1322 1686 et
1348 1634 1452 1687 duo
1474 1639 1596 1686 sunt
1625 1628 1809 1684 Israel.
1838 1628 1903 1681 Et
1937 1627 2165 1680 ubicun—

594 1745 699 1799 que
723 1728 940 1797 ponitur
964 1726 1126 1780 Israel
1158 1723 1238 1778 vel
1263 1722 1429 1777 Jacob
1451 1722 1566 1777 sine
1594 1719 1828 1774 nominis
1850 1718 2170 1786 interpretaé

2252 573 2565 628 deleCtatus.
2597 570 2868 633 Calamus,
2907 565 3155 621 surculus
3179 572 3261 620 est
3289 560 3684 617 aromaticus.
3728 558 3879 615 Thus

2254 671 2431 718 autem
2461 653 2515 717 et
2540 660 2808 717 calamum
2850 663 2951 737 pro
2999 656 3252 711 OmnibUs
3290 650 3612 724 pigmentis
3662 650 3872 721 posuit.

2255 752 2372 807 Non
2402 748 2598 817 emisti,
2635 748 2830 818 inquit,
2884 754 3107 815 argento
3132 744 3419 809 calamum,
3464 736 3591 797 hoc
3622 748 3743 805 est,
3772 748 3871 795 non

2254 844 2485 916 praecepi
2511 841 2630 906 tibi,
2659 841 2787 894 dare
2810 844 2997 892 aurum
3024 846 3077 892 et
3098 843 3381 907 argentum
3402 841 3608 898 tuum,
3644 840 3714 884 ut
3734 846 3871 887 eme-

2258 954 2347 993 res
2368 937 2562 993 exinde
2591 934 2740 988 Varia
2769 947 2968 1004 genera
2994 941 3048 985 et
3071 930 3309 999 pretiosa
3354 927 3865 983 odoramentorum

2259 1038 2315 1084 et
2334 1030 2727 1100 pigmentorum
2756 1027 2823 1079 ad
2844 1020 3175 1078 offerendum
3201 1019 3357 1083 mihi,
3380 1018 3519 1088 quia
3549 1031 3677 1071 non
3698 1014 3867 1086 place-

2262 1122 2390 1176 bant
2419 1118 2586 1175 Oculis
2616 1114 2911 1185 maiestatis
2952 1129 3107 1179 meae,
3137 1127 3202 1167 eo
3241 1111 3386 1180 quod
3416 1108 3762 1164 communia
3788 1123 3861 1161 es-

2264 1218 2385 1264 sent
2423 1208 2580 1263 idolis
2619 1224 2631 1261 :
2686 1224 2705 1257 ι
2752 1205 3139 1259 Verumtamen
3185 1201 3389 1256 servire
3426 1214 3531 1255 me
3590 1196 3775 1252 fecisti
3808 1198 3857 1250 in

2263 1302 2499 1373 peccatis
2523 1300 2644 1354 luis.
2676 1318 2694 1351 ι
2725 1298 2942 1353 Servire
2971 1294 3197 1348 facimus
3219 1290 3389 1347 Deum
3415 1290 3849 1358 omnipotentem

2269 1392 2322 1445 in
2357 1391 2591 1460 peccatis
2619 1387 2839 1452 nostris,
2864 1387 2955 1455 qui
2986 1384 3233 1439 nolumus
3259 1379 3517 1436 converti
3572 1379 3647 1432 ab
3674 1376 3849 1446 iniqui-

2270 1480 2491 1545 tatibus,
2523 1487 2577 1532 et
2600 1478 2688 1532 ille
2727 1478 2848 1545 pius
2888 1483 2943 1529 et
2980 1473 3289 1528 misericors
3329 1477 3642 1538 exspectat
3681 1483 3771 1521 nos
3792 1467 3844 1519 ad

2270 1570 2659 1640 pmnilentiam.
2700 1586 2717 1618 ι
2753 1564 3036 1620 Prtebuisti
3066 1563 3198 1617 mihi
3235 1561 3479 1615 laborem
3520 1558 3590 1611 in
3621 1557 3842 1625 iniquita-

2274 1660 2418 1714 tibus
2445 1659 2571 1713 tuis.
2624 1676 2642 1709 ι
2675 1656 2821 1710 Idem
2858 1661 2942 1708 est
2976 1666 3187 1707 sensus.
3216 1651 3407 1705 Potest
3449 1649 3578 1702 hoc
3611 1655 3670 1700 et
3693 1647 3749 1699 ad
3769 1644 3835 1700 Ja-

2276 1739 2420 1805 daeos
2456 1748 2665 1813 referri,
2710 1746 2802 1816 qui
2847 1751 2969 1815 post
3015 1743 3228 1797 Domini
3270 1740 3670 1796 ascensionem
3696 1736 3825 1790 udae-

596 1819 763 1882 uone’
816 1824 876 1869 ut
922 1814 1087 1869 JaCOb
1136 1813 1307 1868 eleae
1352 1826 1520 1873 meus’
1566 1818 1620 1864 et
1659 1807 1958 1901 reciissmc
2010 1822 2169 1901 {luem
2277 1849 2400 1894 runt
2426 1807 2694 1901 converti,
2724 1807 2779 1888 et
2806 1807 2874 1887 ad
2905 1842 2998 1887 eos
3027 1831 3118 1900 qui
3144 1832 3423 1898 hucusque
3450 1829 3516 1881 in
3554 1825 3821 1879 infideﬁlale

595 1910 753 1979 elegi,
784 1910 849 1963 de
889 1906 1154 1977 spirituali
1183 1912 1268 1959 est
1305 1901 1727 1972 intelligendum.
1755 1898 1869 1954 Non
1897 1912 1981 1952 me
2018 1898 2175 1951 iuvo-,

596 2000 753 2066 casti,
773 2000 969 2068 inquit,
990 1996 1177 2052 Jacob.
1194 1997 1486 2050 Possumus
1510 1994 1611 2045 hoc
1632 1989 1835 2044 referre
1857 1989 1922 2043 ad
1944 1988 2061 2042 illos
2082 1986 2174 2057 qui

546 2140 555 2145 -
597 2101 723 2145 ante
763 2091 1049 2144 adventum
1093 2085 1307 2141 Domini
1349 2081 1490 2137 idola
1515 2081 1816 2144 coluerunt,
1850 2078 1931 2132 vel
1971 2079 2036 2132 ad
2057 2077 2174 2130 illos

600 2181 693 2251 qui
742 2188 863 2248 post
914 2177 1125 2252 Domini
1172 2172 1544 2229 ascensionem
1590 2170 1813 2224 credere
1869 2167 2173 2230 noluerunt,

600 2277 977 2342 permanentes
1009 2268 1061 2320 in
1086 2264 1402 2319 infidelitate
1429 2277 1545 2316 sua.
1572 2261 1822 2315 Dicamus
1846 2258 2081 2328 primum
2109 2256 2177 2310 de

605 2362 704 2423 eis,
734 2359 825 2427 qui
859 2368 985 2412 ante
1014 2352 1302 2410 adventum
1341 2353 1552 2407 Domini
1583 2349 1921 2420 przevaricati
1971 2355 2095 2401 sunt
2123 2348 2177 2401 in

602 2449 783 2503 idolis.
816 2447 968 2518 Smpe
1015 2445 1285 2500 invocavit
1311 2442 1479 2497 Israel
1505 2442 1790 2496 Dominum
1821 2446 1876 2495 et
1908 2437 2181 2493 exaudivit

603 2552 749 2592 eum.
794 2534 890 2590 Illo
939 2545 1117 2590 autem
1178 2543 1439 2603 tempore,
1471 2530 1685 2600 quando
1722 2529 1824 2584 ista
1862 2527 2181 2597 loquebatur

603 2629 772 2683 Isaias
806 2643 872 2681 ex
913 2641 1142 2697 persona
1182 2622 1565 2689 Domini,licct
1592 2621 1896 2675 invocasset
1931 2632 2047 2682 ore,
2073 2630 2180 2670 non

606 2719 893 2773 invocabat
913 2731 1097 2786 opere.
1115 2713 1229 2768 Non
1259 2712 1542 2777 invocasti,
1560 2711 1753 2781 inquit,
1771 2724 1876 2775 me,
1892 2707 2076 2772 Jacob,
2109 2706 2182 2761 si-

609 2816 700 2864 cut
736 2806 1066 2862 invocaudus
1094 2800 1243 2860 eram
1276 2822 1290 2858 :
1319 2804 1444 2874 quia
1474 2817 1560 2857 me
1590 2802 1852 2857 invocasti
1893 2814 2010 2864 ore,
2042 2797 2183 2852 idola

609 2917 738 2957 vero
767 2910 948 2956 mente
972 2910 1028 2955 et
1057 2915 1240 2969 opere.
1275 2898 1386 2954 Nec
1418 2898 1676 2953 Iaborasti
1704 2898 1759 2952 in
1781 2912 1888 2961 me,
1914 2894 2099 2960 Israel,
2135 2894 2188 2948 id

610 3004 716 3057 est,
743 3007 849 3045 non
873 2990 974 3045 feci
1004 2991 1253 3044 laborare
1276 2989 1327 3043 in
1357 2989 1684 3058 acquirendo
1702 2988 1934 3057 pretiosa
1960 2999 2186 3055 qumque

613 3083 682 3135 ad
710 3080 1041 3135 offerendum
1063 3080 1192 3133 mihi
1227 3097 1240 3133 :
1273 3079 1357 3133 vel
1384 3094 1491 3133 non
1520 3077 1776 3133 laborasti
1802 3077 1857 3131 in
1879 3092 1965 3131 me
1987 3076 2187 3130 solum-

620 3170 798 3224 modo.

695 3297 716 3331 ι
769 3278 888 3334 Non
929 3278 1169 3333 obtulisti
1202 3277 1335 3332 mihi
1381 3276 1607 3333 arietem
1642 3275 1943 3332 holocausti
1993 3276 2092 3341 tui,
2135 3284 2192 3330 et

620 3370 855 3427 victimis
883 3371 988 3425 tuis
1017 3386 1120 3424 non
1147 3368 1460 3437 glorificasti
1492 3382 1597 3422 mc.
1640 3388 1660 3420 ι
1697 3348 2088 3437 Smpe‘quidem
2118 3367 2194 3420 vi-

622 3465 850 3520 debatur
878 3461 1072 3517 offerre
1118 3461 1346 3517 Domino
1391 3460 1722 3526 holocausta,
1761 3461 1855 3515 sed
1883 3475 1989 3514 non
2018 3459 2193 3514 susci-

621 3556 805 3626 piebat
832 3556 964 3625 ipse,
1002 3569 1067 3610 eo
1101 3554 1242 3623 quod
1285 3552 1589 3608 communia
1619 3560 1801 3605 essent
1832 3550 1907 3604 illi
1934 3559 1989 3605 et
2017 3550 2191 3605 idolis.

625 3645 851 3699 Domino
878 3644 1153 3699 auferebat
1180 3658 1365 3708 manu,
1394 3648 1450 3697 et
1480 3641 1635 3696 idolis
1663 3640 1975 3697 immolabat
2010 3638 2189 3695 corde.

625 3736 701 3788 Ac
729 3735 774 3787 si
802 3734 1004 3789 diceret
1048 3732 1167 3785 aliis
1197 3731 1378 3785 verbis
1410 3749 1423 3783 :
1460 3729 1758 3784 Arbitraris
1795 3728 2015 3798 quidem
2042 3728 2199 3782 obtu-

623 3824 750 3877 lisse
786 3831 838 3878 te
876 3823 1005 3877 mihi
1044 3821 1313 3884 victimas,
1358 3827 1413 3874 et
1451 3811 1758 3873 inimolasse
1790 3818 1988 3872 arietes
2036 3831 2052 3870 :
2105 3816 2199 3870 sed

625 3915 765 3968 scias
800 3931 829 3967 a
862 3929 945 3967 me
991 3929 1096 3966 non
1127 3927 1247 3966 esse
1293 3919 1592 3980 susceptos,
1623 3909 1752 3978 quia
1780 3908 1913 3963 mihi
1941 3914 1996 3961 et
2040 3905 2199 3961 idolis

626 4022 939 4061 communes
955 4016 1127 4060 erant.
1150 4006 1409 4072 lllumque
1433 4019 1653 4059 sensum
1682 4003 1875 4072 repetit
1898 4002 1963 4057 de
1983 4015 2089 4071 quo
2108 4015 2196 4054 su-

628 4100 809 4168 perius
840 4098 976 4151 dixit
1018 4115 1031 4150 :
1067 4114 1085 4146 ‹
1122 4095 1192 4150 Ut
1219 4096 1347 4163 quid
1382 4094 1513 4148 mihi
1550 4093 1757 4147 offertis
1802 4090 2199 4145 multitudinem

628 4192 970 4245 victimarum
1008 4195 1330 4250 vestrarum,
1364 4186 1495 4241 dicit
1532 4184 1826 4239 Dominus?
1858 4181 2059 4253 (supra,
2093 4181 2144 4251 ι)
2177 4195 2196 4231 ι

631 4281 827 4334 Plenus
846 4292 988 4343 sum,
1006 4277 1059 4332 id
1080 4284 1183 4341 est,
1204 4276 1349 4330 nulla
1363 4291 1422 4331 re
1442 4276 1673 4345 indigeo.
1689 4274 1819 4329 Tale
1830 4281 1913 4329 est
1926 4274 2027 4328 hoc
2045 4271 2204 4341 quale

631 4378 687 4426 et
708 4369 855 4435 illud,
876 4368 1018 4440 quod
1039 4384 1136 4439 per
1158 4366 1325 4423 Amos
1348 4367 1665 4438 prophetam
1688 4366 1925 4435 loquitur
1958 4382 1970 4418 :
2005 4383 2023 4416 ι
2058 4363 2205 4417 Nun-

633 4461 761 4532 quid
785 4460 1109 4515 sacrificium
1135 4458 1407 4513 obtulistis
1434 4458 1589 4524 mihi,
1612 4457 1705 4511 filii
1729 4456 1913 4520 Israel,
1944 4470 2043 4524 per
2065 4470 2201 4524 qua-

633 4554 884 4623 draginta
913 4567 1083 4607 annos
1105 4593 1120 4617 ,
1152 4561 1206 4607 et
1248 4566 1353 4606 non
1389 4552 1569 4620 potius
1611 4551 1722 4605 Deo
1751 4556 1932 4604 vestro
1961 4546 2205 4602 Moloch?
2240 4524 2284 4582 θ

635 4648 838 4717 (Amas,
864 4647 916 4717 v)
947 4664 965 4698 ι
998 4644 1115 4698 Non
1142 4644 1285 4697 enim
1315 4644 1429 4696 vult
1454 4643 1595 4698 Deus
1620 4649 1851 4712 partem,
1879 4639 1973 4695 sed
2010 4648 2204 4694 totum.

636 4736 747 4793 Nec
785 4736 1085 4791 delectatur
1131 4734 1399 4789 sacrificio
1449 4734 1675 4799 carnali,
1715 4733 1810 4787 sed
1849 4730 2114 4802 spirituali
2141 4730 2206 4784 de

639 4843 747 4898 quo
773 4827 1060 4882 Psalmista
1090 4826 1219 4881 dicit
1243 4840 1256 4878 :
1282 4844 1300 4876 ε
1325 4824 1662 4880 Sacrificium
1689 4824 1796 4878 Deo
1821 4823 2047 4892 spiritus
2076 4836 2207 4876 con-

639 4916 953 4981 tribulatus;
998 4931 1093 4971 cor
1140 4900 1427 4969 contritum
1469 4924 1523 4969 et
1551 4914 1889 4969 humiliatum
1933 4912 2073 4967 Deus
2100 4927 2207 4965 non

640 5008 850 5078 spernit
894 5005 1066 5078 (Paul.
1115 5008 1325 5077 χχχιχ).
1361 5025 1380 5058 ι
1420 5024 1439 5055 ι
1491 5005 1610 5059 Non
1643 5013 1694 5059 te
1740 5003 1943 5059 servire
1980 5001 2109 5058 fecit
2153 5003 2207 5055 in

640 5101 933 5165 oblatione,
958 5115 1056 5153 nzc
1078 5099 1314 5152 laborem
1345 5096 1441 5150 tibi
1470 5097 1699 5165 praebuit
1726 5096 1780 5150 in
1807 5095 1984 5148 thure.
2017 5112 2034 5144 ι
2068 5092 2210 5146 Prm-

645 5192 789 5260 cepit
818 5191 1075 5245 Dominus
1103 5189 1284 5243 offerri
1319 5188 1422 5242 sibi
1448 5188 1764 5252 oblationes,
1801 5195 1854 5241 et
1878 5184 2060 5241 oderri
2089 5184 2211 5238 thus

644 5298 743 5351 per
771 5281 978 5352 singula
1016 5282 1262 5336 sabbata.
1300 5280 1475 5346 Quare
1497 5295 1624 5351 ergo
1650 5296 1795 5335 nunc
1816 5280 1919 5334 ista
1946 5278 2109 5333 dicit?
2135 5278 2214 5332 Ac

649 5376 694 5430 si
728 5368 931 5431 diceret
949 5375 1069 5429 aliis
1092 5375 1269 5429 verbis
1297 5389 1311 5426 :
1339 5373 1461 5429 Ideo
1495 5388 1600 5427 non
1638 5383 1690 5426 te
1714 5372 1821 5426 feci
1840 5372 2066 5433 servire,
2089 5370 2215 5439 quia

648 5481 755 5523 non
779 5467 1045 5536 exquisivi
1077 5483 1107 5519 a
1138 5475 1191 5520 te
1220 5466 1513 5535 pretiosum
1539 5464 1913 5534 quippiam,ut
1932 5465 1985 5518 in
2012 5477 2221 5533 praepa-

650 5556 835 5610 randis
857 5545 938 5610 eis
963 5556 1210 5610 laborare
1247 5564 1299 5609 te
1340 5553 1596 5610 facerem.
1628 5552 1725 5607 Vel
1760 5554 1923 5608 etiam
1966 5551 2090 5607 ideo
2115 5566 2222 5606 non

650 5645 751 5699 feci
785 5654 838 5699 te
862 5646 1085 5711 servire,
1115 5645 1240 5714 quia
1266 5645 1623 5716 suscipiebam
1649 5642 1916 5699 sacrificia
1950 5652 2059 5698 tua.

730 5776 747 5809 ι
780 5755 892 5812 Non
919 5757 1093 5812 emisti
1118 5757 1246 5812 mihi
1270 5765 1493 5830 argento
1514 5756 1797 5822 calamum,
1827 5764 1881 5809 et
1904 5753 2059 5825 adipe
2076 5754 2225 5811 victi-

2274 1935 2675 2002 permanentes,
2698 1923 3022 1981 sacrificium
3051 1918 3235 1976 verum
3258 1921 3403 1991 quod
3428 1916 3559 1987 jam
3594 1918 3829 1987 impletum

2276 2031 2378 2087 est,
2430 2022 2484 2075 in
2529 2020 2701 2090 figura
2737 2017 2912 2072 adhuc
2958 2023 3162 2080 tenent,
3199 2010 3270 2068 'et
3299 2013 3488 2067 omnia
3533 2024 3661 2080 quae
3679 2009 3834 2063 oﬁerre

2277 2115 2505 2170 Domino
2529 2114 2804 2175 videntur,
2835 2111 2932 2180 pro
2961 2108 3126 2163 nihilo
3152 2109 3376 2170 ducunt,
3409 2102 3544 2161 licet
3576 2097 3725 2159 idolis
3746 2119 3832 2158 non

2278 2204 2555 2261 immolent
2603 2212 2690 2259 ea.
2721 2201 2861 2257 Dicit
2890 2214 3019 2270 ergo
3052 2199 3312 2253 Deminus
3337 2195 3514 2251 Iacob
3551 2205 3609 2251 et
3640 2194 3835 2249 lsraeliti

2280 2296 2573 2352 carnaliter
2610 2293 2787 2364 agenti
2818 2310 2831 2346 :
2862 2290 2980 2345 Non
3015 2305 3102 2345 me
3130 2289 3419 2352 invocasti,
3448 2281 3639 2353 Iacob,
3664 2301 3751 2340 nec
3771 2286 3835 2339 la-

2278 2390 2482 2447 borasti
2505 2389 2560 2444 in
2582 2402 2689 2452 me,
2711 2384 2894 2440 Israel.
2913 2385 2979 2438 Et
3000 2391 3083 2438 est
3103 2397 3332 2437 sensus:
3360 2380 3557 2433 Bestiis
3578 2378 3701 2448 agri,
3725 2377 3835 2430 dra-

2281 2482 2527 2545 conibus,
2581 2476 2995 2540 struthionibu’s,
3036 2474 3139 2528 hoc
3174 2467 3258 2527 est
3289 2462 3571 2541 gentilibus
3612 2482 3692 2520 me
3719 2466 3815 2518 lau~

2283 2570 2559 2633 dantibus,
2589 2576 2647 2622 tu
2693 2579 3037 2635 nequaquam
3077 2575 3164 2616 me
3191 2556 3455 2615 invocare
3493 2557 3718 2622 voluisti,
3740 2571 3832 2610 nec

2283 2657 2532 2711 laborare
2562 2662 2620 2707 ut
2644 2656 2921 2724 peccatum
2956 2649 3261 2721 negationis
3282 2647 3607 2717 poenitentia
3630 2644 3824 2699 deletes.

2284 2749 2351 2804 Et
2396 2749 2524 2803 licet
2572 2747 2819 2802 videatur
2859 2742 2954 2798 tibi
3000 2742 3144 2813 quod
3191 2741 3513 2796 holocausta
3545 2748 3599 2794 et
3634 2737 3819 2792 victim

2287 2847 2448 2909 atque
2470 2839 2689 2893 incensa
2716 2849 2835 2904 qua:
2862 2833 3023 2889 ofl‘ers
3046 2832 3293 2903 placeant
3316 2831 3449 2885 mihi
3472 2849 3487 2884 :
3512 2846 3611 2885 nec
3632 2828 3819 2884 delector

2289 2930 2343 2983 in
2369 2929 2468 2993 eis,
2518 2927 2642 2996 quia
2670 2925 2845 2980 adhuc
2874 2925 2928 2978 in
2977 2931 3246 2978 vetustate
3271 2923 3483 2992 peccati
3512 2935 3831 2993 permanens,

2288 3030 2397 3074 non
2421 3018 2502 3073 vis
2532 3016 2761 3071 transire
2783 3015 2851 3069 ad
2872 3013 3167 3068 novitatem
3188 3011 3490 3081 Evangelii.

2367 3129 2385 3161 ε
2422 3110 2534 3181 Ego
2566 3114 2705 3174 Sum,
2734 3114 2833 3177 ego
2864 3107 2997 3175 ipse,
3048 3105 3141 3174 qui
3181 3103 3332 3158 deleo
3374 3102 3689 3173 iniquitates
3739 3112 3841 3153 tuas

2215 3175 2263 3243 c
2294 3175 2512 3272 propter
2550 3214 2637 3254 me
2668 3205 2683 3251 ἐ
2723 3175 2790 3252 et
2823 3196 3167 3266 peccatorum
3216 3193 3418 3246 tuorum
3456 3207 3561 3245 non
3599 3191 3845 3244 record..-

2295 3292 2410 3347 bor.
2447 3310 2465 3343 ι
2500 3288 2803 3357 Alloquitur
2838 3285 2997 3340 modo
3031 3283 3247 3337 Judmos
3269 3288 3317 3335 et
3348 3281 3587 3333 hortatur
3623 3278 3695 3331 ad
3723 3292 3843 3345 poe-

2293 3379 2599 3443 nitentiam,
2654 3376 2975 3448 promittens
3015 3375 3095 3430 eis
3136 3374 3343 3428 veniam
3378 3370 3706 3425 delictorum.
3734 3368 3847 3437 Ego

2297 3488 2436 3537 sum,
2473 3471 2667 3539 inquit,
2696 3470 2816 3540 pius
2856 3475 2912 3523 et
2958 3467 3288 3529 misericors,
3320 3463 3406 3533 qui
3438 3461 3621 3516 delebo
3661 3460 3844 3528 iniqui-

2297 3572 2440 3618 tates
2491 3570 2609 3617 tuas
2654 3562 2700 3616 si
2741 3557 3114 3632 paenitentiam
3142 3556 3341 3628 egeris,
3368 3560 3586 3625 propter
3618 3550 3725 3616 me,
3752 3564 3844 3603 non

2297 3659 2518 3726 propter
2546 3663 2617 3709 te.
2654 3653 2721 3707 Et
2743 3658 3089 3722 peccatorum
3120 3656 3335 3704 tuorum
3374 3647 3516 3700 ultra
3539 3660 3649 3700 non
3686 3658 3842 3697 recor-

2300 3746 2486 3809 dabor,
2516 3754 2801 3816 postquam
2840 3742 3048 3798 fructus
3074 3741 3266 3809 dignos
3293 3737 3627 3809 paenitentiae
3654 3733 3840 3789 feceris.

2378 3854 2397 3887 ι
2428 3835 2611 3890 Reduc
2640 3848 2727 3888 me
2754 3833 2809 3887 in
2838 3830 3177 3895 memoriam,
3207 3837 3265 3883 et
3295 3826 3607 3896 iudicemur
3634 3822 3795 3879 simul.
3822 3842 3835 3871 ι

2301 3927 2414 3982 Hoc
2439 3934 2524 3981 est
2563 3924 2849 3980 recordare
2883 3922 3123 3977 omnium
3160 3920 3427 3975 bonorum
3456 3931 3581 3987 qua:
3614 3914 3709 3969 tibi
3742 3912 3838 3971 feci.

2300 4017 2516 4086 quando
2537 4014 2698 4070 eduxi
2727 4021 2778 4067 te
2819 4013 2885 4067 de
2909 4012 3067 4066 domo
3116 4009 3411 4071 servitutis,
3438 4017 3496 4061 et
3523 4002 3781 4059 introduxi
3800 4002 3839 4054 in

2302 4116 2503 4161 terram
2532 4104 2781 4159 omnibus
2810 4100 3086 4157 meliorem
3128 4101 3182 4154 in
3214 4098 3383 4169 signis
3413 4104 3471 4150 et
3506 4094 3774 4150 miraculis
3802 4104 3841 4143 et

2301 4198 2542 4270 potentia
2585 4208 2803 4265 magna,
2857 4204 2912 4248 et
2952 4191 3402 4263 quemadmodum
3440 4186 3625 4243 delevi
3671 4202 3697 4239 a
3736 4181 3841 4237 facie

2306 4298 2395 4344 tua
2422 4296 2606 4358 gentes
2630 4287 2827 4341 multas
2851 4293 2906 4339 et
2945 4282 3134 4339 fortes.
3175 4282 3243 4336 Et
3275 4279 3596 4348 iudicemur
3624 4276 3777 4337 simul,
3802 4273 3839 4325 il

2305 4382 2408 4446 eSt,
2431 4378 2801 4432 discernamus
2821 4374 2950 4444 quid
2973 4371 3595 4442 facereﬁibi'debueram
3615 4367 3739 4437 quod
3760 4378 3837 4416 non

2307 4467 2550 4533 fecerim,
2583 4475 2637 4521 et
2666 4478 2831 4535 argue
2854 4478 2959 4519 me.
2987 4456 3089 4529 Qui
3113 4476 3303 4516 sensus
3332 4459 3555 4531 plenius
3585 4460 3779 4514 habetur
3795 4454 3832 4503 in

2312 4559 2519 4615 Michea
2548 4577 2561 4612 ε
2598 4577 2616 4610 ι
2643 4556 2844 4626 POpule
2870 4570 3040 4618 meus,
3069 4554 3199 4624 quid
3229 4550 3331 4606 feci
3354 4550 3473 4617 tibi,
3494 4560 3603 4605 aut
3628 4546 3737 4619 quid
3755 4557 3836 4597 ωο-

2310 4651 2477 4706 lestus
2510 4649 2586 4703 fui
2610 4648 2726 4713 tibi,
2753 4647 3017 4716 responde
3038 4644 3170 4698 mihi
3197 4642 3382 4714 (Mich.
3405 4642 3517 4704 in).
3546 4660 3570 4693 δ
3608 4659 3627 4691 α
3650 4637 3787 4691 Nam
3808 4630 3839 4683 si

2312 4740 2440 4810 quid
2465 4740 2631 4794 habes
2652 4778 2665 4802 ,
2691 4747 2749 4791 ut
2784 4735 3119 4806 justiﬁceris,
3156 4752 3174 4785 ι
3205 4734 3425 4800 loquere
3460 4739 3516 4783 tu
3552 4734 3787 4799 peccator
3811 4719 3842 4770 si

2311 4838 2441 4908 quid
2470 4837 2597 4892 boni
2622 4833 2816 4899 fecisti,
2841 4847 2909 4886 ne
2939 4832 2983 4886 si
3013 4846 3114 4902 ego
3138 4843 3353 4900 cmpero
3376 4828 3526 4897 loqui
3561 4815 3845 4890 dicas,un

2274 4912 2287 4923 ’
2312 4927 2532 4999 propter
2556 4941 2672 4981 mea
2703 4922 3034 4991 multiloquia
3057 4936 3293 4989 nequeas
3321 4917 3679 4986 respondere.

2388 4994 2430 5070 ι-
2445 5017 2604 5071 Pater
2638 5025 2761 5070 tuus
2806 5014 3012 5083 primus
3040 5002 3308 5081 peccavit,
3348 5017 3404 5061 et
3446 5005 3767 5076 interpretes
3795 4994 3847 5050 ιιιῐ

2313 5108 2648 5180 przevaricati
2679 5112 2804 5161 sunt
2830 5104 2884 5159 in
2912 5118 3019 5158 me.
3048 5122 3065 5155 ι
3102 5101 3263 5155 Pater
3283 5114 3473 5155 eorum
3501 5098 3597 5151 vel
3626 5091 3850 5150 Abraham

2316 5198 2690 5270 intelligendus
2725 5201 2829 5261 est,
2885 5196 2975 5264 qui
3017 5191 3264 5264 peccavit
3309 5189 3573 5245 dubitans
3604 5190 3659 5243 in
3705 5194 3851 5251 νίψω·

2318 5291 2595 5354 missione,
2641 5298 2696 5345 et
2724 5295 2914 5359 petens
2944 5286 3155 5355 signum
3181 5298 3195 5336 :
3222 5282 3307 5336 vel
3344 5281 3522 5335 omnis
3555 5280 3653 5334 ille
3672 5270 3855 5348 populus

2323 5382 2416 5453 qui
2462 5390 2708 5435 mortuus
2740 5380 2904 5434 estin
2943 5376 3157 5431 deserto
3185 5373 3458 5445 peccando
3490 5382 3687 5426 contra
3720 5362 3857 5421 Domi-

2325 5489 2454 5529 num
2499 5468 2651 5543 (Gen.
2686 5470 2800 5542 xv).
2832 5470 3157 5539 lnterp'retes
3192 5458 3372 5520 autem
3401 5463 3697 5525 dicuntur,
3738 5451 3859 5526 quasi

2327 5568 2466 5623 inter
2495 5572 2698 5637 partes,
2740 5562 2834 5632 qui
2866 5562 3006 5614 inter
3046 5559 3179 5614 duos
3225 5557 3539 5612 discurrunt
3582 5565 3762 5625 pacem
3805 5544 3863 5596 fe-

2328 5665 2510 5714 rentes
2536 5673 2550 5711 :
2575 5668 2708 5725 quos
2735 5654 2788 5707 in
2829 5651 2931 5706 hoc
2954 5649 3072 5703 loco
3106 5647 3289 5702 Mosen
3318 5655 3373 5701 et
3394 5647 3582 5701 Aaron
3617 5645 3865 5700 possumus

2331 5753 2648 5824 intelligere,
2701 5749 2790 5808 oui
2842 5744 3180 5818 praevaricati
3214 5753 3339 5800 sunt
3365 5743 3434 5799 ad
3472 5757 3648 5814 aquas
3684 5736 3869 5796 009m“
