4016 6468
165 410 264 469 957

1238 397 1590 456 COMMENT.
1633 397 1696 452 IN
1732 398 1984 453 ISAIA‘M.
2025 427 2094 437 —-
2128 397 2256 452 LIB.
2295 396 2362 452 II.

3309 388 3414 446 938

88 549 92 554 ·
166 523 415 581 dictionis
449 495 638 594 (Num.
668 519 786 592 xx),
819 521 921 575 hoc
944 525 1046 584 est,
1077 531 1107 570 a
1137 513 1414 570 voluntate
1442 512 1535 566 Dei
1570 526 1742 565 rcccs—
1771 525 1817 584 Α
1837 509 1989 578 juxta
2021 509 2446 578 prieterﬁuentes
2495 520 2662 576 aquas
2710 505 2813 559 sita
2861 503 2950 568 sit,
2985 502 3086 556 hoc
3117 502 3265 594 estsi
3296 502 3422 558 hinc

166 623 372 673 serunt.

242 727 262 760 ι
292 709 359 762 Et
383 705 746 762 contaminavi
796 705 1067 774 principes
1094 711 1335 764 sanctos,
1372 720 1388 750 ι
1426 699 1478 753 id
1517 707 1597 754 est
1621 713 1746 753 con-

166 799 421 854 taminari
454 797 676 866 permisi
709 795 891 850 Mosen
915 803 967 849 ct
988 793 1185 847 Aaron.
1219 791 1362 857 Quos
1391 791 1592 844 idcirco
1615 805 1745 844 con-

168 892 462 947 taminasse
495 889 646 952 dicit,
677 889 802 958 quia
834 898 1030 941 terram
1062 885 1496 954 repromissionis
1537 900 1640 936 non
1668 883 1749 935 in-

169 992 470 1041 traverunt.
503 1001 520 1032 ι
553 982 684 1036 Dedi
711 983 777 1035 ad
815 981 1239 1034 internecionem
1272 978 1458 1040 Jacob,
1489 996 1506 1027 ι
1535 977 1636 1030 hoc
1666 982 1750 1028 est

175 1079 244 1134 ad
270 1078 725 1133 interfectionem.
762 1094 779 1125 ‹
815 1075 880 1128 Et
905 1073 1068 1129 Israel
1098 1073 1151 1126 in
1192 1070 1600 1140 blasphemiam,
1636 1088 1653 1119 ι
1695 1073 1754 1120 ut

177 1173 386 1238 nullus,
426 1179 621 1242 prater
653 1171 789 1224 duos
829 1181 893 1222 ex
937 1167 1022 1222 his
1049 1167 1138 1235 qui
1182 1165 1246 1218 de
1281 1162 1515 1234 {Egypto
1549 1159 1754 1230 egressi

176 1271 321 1326 sunt,
340 1262 572 1316 intraret
590 1260 641 1313 in
659 1269 857 1314 terram
880 1252 1314 1326 repromissionis
1333 1268 1347 1313 ;
1370 1251 1464 1304 sed
1489 1249 1754 1304 cadavera

175 1368 362 1408 eorum
422 1350 668 1421 jacerent
738 1350 792 1403 in
848 1345 1155 1410 solitudine,
1217 1351 1414 1412 praeter
1481 1339 1642 1395 Josue
1702 1345 1758 1392 et

179 1442 402 1513 Caleph.

743 1506 969 1564 CAPUT
1007 1505 1191 1560 XLIV.

256 1645 276 1679 ι
313 1627 380 1682 Εῑ
409 1641 552 1680 nunc
567 1623 711 1688 audi,
739 1621 906 1676 Jacob
934 1635 1089 1674 serve
1119 1632 1270 1672 meus
1295 1621 1350 1670 et
1373 1612 1560 1677 Israel,
1592 1624 1754 1680 quem

181 1719 336 1790 elegi.
374 1737 393 1771 ι
421 1719 656 1773 Locutus
683 1723 767 1769 est
793 1711 1040 1780 superius
1089 1710 1154 1762 de
1179 1705 1344 1761 Israel
1371 1715 1427 1759 et
1455 1703 1618 1758 Iacob
1639 1715 1758 1754 car-

178 1811 290 1866 nali
339 1828 352 1864 :
399 1824 544 1864 nunc
579 1813 757 1860 autem
800 1802 1088 1871 alloquitur
1119 1801 1344 1854 chorum
1389 1794 1756 1864 apostolorum

181 1911 235 1957 et
265 1901 548 1956 credentes
592 1913 659 1952 ex
700 1896 919 1959 Iudaeis,

184 1993 445 2064 dignitate
477 1989 720 2046 honoris.
771 1988 839 2042 Et
877 2002 1041 2050 nunc,
1069 2001 1102 2040 ο
1132 1985 1328 2039 chorus
1375 1981 1762 2051 apostolorum,

183 2083 310 2153 quia
350 2081 516 2138 Israel
552 2079 784 2136 carnalis
821 2080 873 2132 in
905 2077 1219 2132 inﬁdelitate
1253 2081 1532 2146 permanet
1568 2081 1622 2126 et
1656 2085 1764 2125 non

180 2178 298 2230 vult
320 2192 406 2232 me
428 2175 636 2241 audire,
668 2182 726 2228 tu
743 2173 834 2243 qui
862 2188 922 2226 es
951 2186 1139 2226 servus
1159 2182 1334 2234 meus,
1358 2168 1564 2222 electus
1587 2179 1762 2228 meus,

184 2266 310 2321 audi
344 2267 598 2320 mandata
622 2279 740 2319 mea
768 2272 823 2318 et
851 2278 1015 2332 opere
1041 2260 1296 2332 adimple.

260 2375 276 2406 ι
309 2355 433 2410 Haec
464 2355 594 2410 dicit
629 2353 885 2408 Dominus
915 2350 1118 2406 faciens
1143 2359 1198 2406 te
1243 2369 1264 2401 ι
1296 2349 1350 2403 ἱη
1391 2363 1620 2418 corpore
1659 2365 1678 2398 ι
1710 2354 1767 2400 et

183 2445 425 2502 formans
464 2455 515 2500 te
553 2465 572 2497 ι
610 2446 665 2499 in
688 2445 890 2506 anima,
921 2463 938 2494 ε
976 2443 1045 2495 ab
1075 2450 1229 2497 utero
1257 2440 1548 2495 auxiliator
1583 2449 1706 2493 tuus
1740 2457 1759 2490 ι

185 2537 311 2609 quia
363 2552 486 2592 cum
531 2552 638 2590 non
683 2549 831 2590 esses
878 2533 982 2590 feci
1020 2543 1089 2588 te.
1139 2552 1157 2584 ι
1197 2532 1317 2588 Noli
1350 2533 1559 2595 timere,
1609 2546 1765 2586 serve

185 2642 339 2680 meus
361 2624 528 2680 Jacob
551 2633 607 2679 et
627 2624 966 2689 Rectissime,
995 2638 1156 2692 quem
1180 2623 1336 2693 elegi.
1365 2642 1386 2675 ›
1408 2622 1548 2676 Dicit
1575 2621 1766 2676 beatus

185 2716 565 2788 Hieronymus,
622 2715 745 2784 quia
798 2714 962 2769 Israel
1023 2713 1316 2768 secundum
1379 2712 1766 2783 pr0prietatem

186 2804 429 2862 Hebraeae
451 2804 644 2876 lingua:
661 2806 877 2874 proprie
901 2813 1101 2867 rectus,
1134 2803 1247 2858 sive
1285 2803 1642 2866 rectissimus,
1679 2802 1764 2855 in-

187 2907 535 2969 terpretatur.
569 2896 679 2952 Hoc
708 2905 885 2950 autem
909 2896 1052 2966 quod
1095 2896 1178 2948 vir
1202 2894 1394 2949 videns
1423 2893 1591 2948 Deum
1634 2894 1768 2948 dici-

187 2999 298 3054 tur,
350 3005 453 3042 non
500 2989 555 3042 in
593 2988 886 3059 scriptione
934 2987 1238 3041 litterarum
1270 2996 1372 3052 est,
1407 2988 1500 3041 sed
1531 2987 1583 3040 in
1632 3001 1766 3040 sono

187 3081 339 3135 vocis
367 3079 641 3144 consistit;
673 3082 816 3134 unde
844 3080 988 3150 quod
1017 3080 1104 3134 hic
1133 3079 1330 3133 dicitur
1359 3097 1371 3132 :
1404 3077 1523 3133 Noli
1553 3079 1763 3143 timere,

188 3189 348 3228 serve
395 3188 547 3227 meus
572 3171 826 3228 Jacob’et
852 3173 1170 3228 Rectissime
1192 3211 1207 3237 ,
1253 3187 1412 3240 quem
1455 3172 1588 3242 elegi
1619 3190 1631 3224 ε
1665 3171 1769 3224 tale

189 3271 276 3317 est
304 3279 367 3316 ac
406 3263 449 3316 si
473 3264 746 3317 diceretur
777 3281 790 3316 :
823 3273 876 3317 et
900 3262 1067 3316 Israel
1107 3277 1266 3330 quem
1295 3261 1450 3331 elegi.

269 3374 284 3402 ι
315 3352 593 3407 Effundam
627 3353 769 3406 enim
797 3368 1016 3422 aquam,
1047 3371 1064 3402 ι
1097 3353 1200 3406 hoc
1230 3360 1312 3405 est
1344 3352 1642 3406 doctrinam
1671 3353 1771 3415 Vc.-

188 3444 323 3498 teris
349 3454 403 3498 et
433 3443 561 3496 Novi
583 3443 913 3498 Testamenti
948 3461 965 3493 ‹
1006 3458 1166 3512 super
1194 3443 1469 3498 sitientem
1504 3464 1521 3493 ι
1556 3445 1769 3512 gentili-

188 3541 358 3587 tatem
393 3551 410 3582 ι
453 3540 507 3585 et
547 3530 746 3586 fluenta
784 3552 802 3582 ι
852 3532 1519 3600 divinorumeloquiorum
1555 3551 1572 3582 ι
1610 3549 1774 3602 super

192 3623 422 3680 aridam.
487 3643 506 3676 ι
560 3624 846 3680 Gentilitas
901 3639 1022 3692 qua:
1075 3633 1194 3678 erat
1241 3624 1450 3689 sitiens,
1497 3625 1612 3694 ipsa
1657 3633 1778 3679 erat

191 3724 250 3772 et
275 3716 424 3770 arida
453 3734 465 3769 :
495 3715 621 3786 quia
648 3730 754 3769 non
780 3715 1011 3770 habebat
1032 3716 1314 3770 humorem
1341 3715 1645 3770 dilectionis
1681 3716 1774 3770 Dei

192 3816 251 3861 et
283 3806 538 3876 proximi.
577 3825 594 3856 ‹
631 3805 911 3860 Eﬁ‘undam
941 3806 1083 3859 enim
1113 3806 1361 3876 spiritum
1398 3822 1562 3874 super
1590 3820 1776 3860 semen

193 3908 372 3964 tuum,
410 3920 428 3951 ι
470 3916 502 3953 o
533 3899 730 3953 chorus
772 3898 1160 3968 apostolorum,
1208 3918 1224 3948 ε
1260 3907 1316 3951 et
1348 3899 1778 3952 benedictionem

195 4010 371 4048 meam
404 4009 566 4062 super
594 3992 812 4061 stirpem
845 3999 1012 4044 tuam.
1053 4009 1070 4041 ›
1108 3990 1304 4045 Semen
1339 3989 1616 4059 spirituale
1651 4003 1779 4057 apo-

195 4084 458 4139 stolorum
501 4093 556 4136 et
582 4083 746 4151 stirps
770 4097 960 4135 omnes
985 4081 1274 4135 credentes
1296 4089 1442 4143 sunt,
1471 4079 1562 4149 qui
1589 4092 1779 4132 eorum

196 4176 603 4252 praedicatione,
647 4172 929 4243 exemplis,
963 4171 1262 4236 miraculis,
1292 4171 1375 4226 vel
1403 4171 1618 4241 scriptis
1662 4169 1780 4223 illu-

194 4268 387 4323 minati
433 4266 498 4320 ad
536 4265 694 4319 ﬁdem
724 4271 1008 4327 venerunt,
1039 4262 1122 4316 vel
1168 4261 1332 4317 futuri
1365 4271 1492 4318 sunt
1517 4276 1685 4332 usque
1712 4261 1783 4315 ad

198 4344 430 4412 extremi
470 4355 658 4424 judicii
705 4355 868 4409 diem.
907 4354 1082 4423 Super
1132 4355 1233 4408 hoc
1276 4370 1461 4408 semen
1520 4353 1782 4408 Dominus

200 4450 463 4521 Spiritum
495 4458 742 4503 sanctum
766 4463 920 4502 suum
949 4447 1107 4512 fudit,
1140 4449 1356 4516 quando
1379 4449 1433 4500 in
1458 4447 1782 4516 baptismate

198 4554 251 4597 et
280 4557 377 4611 per
416 4539 818 4609 impositioncm
855 4553 1110 4592 manuum
1137 4539 1515 4607 episcoporum
1547 4537 1784 4607 gratiam

201 4632 437 4703 Spiritus
487 4631 568 4685 sui
607 4630 656 4684 ei
709 4628 918 4682 tribuit.
965 4627 1403 4684 Benedictionem
1439 4629 1600 4682 etiam
1644 4628 1783 4682 fudit

199 4739 363 4791 super
384 4723 607 4792 stirpem
633 4735 845 4788 eorum,
868 4723 992 4792 quia
1014 4722 1116 4776 nisi
1145 4723 1257 4791 ipse
1278 4722 1599 4776 illustrasset
1619 4721 1785 4776 corda

197 4813 468 4883 gentium,
551 4811 830 4868 incassum
910 4813 1275 4884 expenderent
1345 4811 1786 4882 praedicationem

196 4920 373 4958 suam.
399 4903 515 4962 Nisi
539 4905 685 4962 enim
710 4906 969 4960 Dominus
996 4919 1089 4959 cor
1121 4904 1472 4960 illustraverit
1504 4904 1782 4970 auditoris,

197 4998 253 5051 in
285 5013 486 5077 vatum
519 5000 730 5055 laborat
765 4997 942 5068 lingua
964 4997 1218 5051 doctoris.

281 5113 300 5143 ι
340 5092 404 5146 Et
433 5091 812 5162 germinabunt
833 5090 973 5144 inter
996 5089 1214 5155 herbas,
1241 5088 1393 5158 quasi
1423 5087 1614 5143 salices
1631 5088 1786 5158 juxta

203 5184 635 5256 prmterﬁuentes
683 5197 869 5252 aquas.
934 5201 953 5234 ι
1009 5180 1186 5236 Herba
1237 5181 1512 5236 viriditate
1560 5181 1783 5253 gaudet;

204 5278 284 5331 illi
339 5290 470 5345 ergo
505 5274 598 5344 qui
648 5285 978 5328 renovantur
1019 5273 1070 5327 in
1122 5274 1467 5343 baptismate,
1518 5282 1572 5328 et
1621 5273 1788 5327 bene-

205 5365 503 5421 dictionem
533 5361 742 5415 Domini
779 5372 1057 5417 merentur
1084 5364 1349 5433 accipere,
1404 5363 1587 5418 herbis
1611 5363 1792 5416 viren-

207 5457 357 5512 tibus
385 5461 771 5523 comparantur
803 5470 814 5506 :
842 5454 968 5522 quia
1007 5454 1268 5510 habentes
1306 5455 1632 5510 viriditatem
1667 5455 1800 5511 ﬁdei

209 5551 589 5615 bonorumque
635 5560 859 5615 operum
890 5585 904 5610 ,
951 5547 1330 5615 germinabunt
1377 5547 1585 5604 fructus
1640 5550 1795 5604 bona:

213 5639 546 5712 operationis
577 5639 719 5693 inter
747 5637 1049 5702 credentes,
1083 5638 1173 5707 qui
1203 5639 1316 5708 jam
1362 5640 1559 5696 ﬁrmati
1595 5641 1794 5696 radici-

216 5732 321 5785 bus
341 5730 665 5784 viriditatem
689 5739 742 5784 et
765 5731 862 5802 ipsi
892 5730 1101 5799 plenam
1124 5731 1417 5799 possident.
1443 5731 1546 5787 Per
1576 5733 1793 5787 salieem

223 5825 363 5892 (qum.
418 5820 747 5875 infructuosa
795 5831 879 5876 est
927 5831 981 5875 et
1010 5822 1116 5875 cito
1163 5823 1444 5890 accrescit,
1487 5825 1723 5879 maxime
1751 5825 1794 5880 si

665 5916 936 5976 PATROL.
984 5914 1202 5976 CXVI.

1807 4588 1862 4649 D

1847 602 1970 656 inde
1998 601 2151 670 aquis
2173 600 2420 662 vallatur,
2445 606 2498 651 et
2529 613 2649 666 quze
2675 597 2838 649 etiam
2867 594 2911 647 si
2943 600 3153 662 sumpta
3182 591 3344 647 fuerit
3368 593 3422 648 in

1849 696 1970 748 cibo
1998 693 2078 746 vel
2105 702 2253 762 potu,
2284 693 2425 746 sicut
2446 690 2653 761 physici
2683 690 2891 752 dicunt,
2921 686 3158 743 sterilem
3192 688 3365 741 reddit
3391 703 3422 742 a

1849 801 1955 856 quo
1977 784 2226 855 sumitur)
2249 783 2582 854 signiﬁcatur
2602 782 2896 852 gentilitas,
2927 797 3044 849 qum
3079 781 3277 834 sterilis
3301 789 3426 835 ante

1852 877 2142 931 adventum
2169 875 2381 929 Domini
2413 874 2622 928 exstitit
2651 890 2679 926 a
2707 872 2972 926 fructibus
3005 872 3266 925 bonorum
3298 886 3425 940 ope-

1852 982 1970 1021 rum
2000 986 2010 1019 :
2041 965 2132 1020 sed
2154 976 2339 1035 postea
2368 980 2536 1033 aquas
2565 964 2820 1018 doctrinae
2848 961 3336 1032 evangelicmjuxta
3367 977 3428 1017 se

1853 1057 2078 1122 habens,
2135 1064 2439 1125 quabantea
2492 1053 2827 1108 infructuosa
2863 1061 3001 1115 erat,
3043 1053 3191 1121 quasi
3239 1062 3430 1107 contra

1856 1155 2108 1201 naturam
2138 1145 2364 1216 protulit
2395 1145 2626 1199 fructum
2653 1145 2930 1198 virtutum.
2957 1142 3251 1199 Possumus
3270 1145 3432 1198 etiam

1855 1251 1950 1306 per
1997 1236 2193 1289 herbas
2221 1244 2275 1289 et
2305 1234 2499 1289 salices
2527 1235 2796 1304 geminam
2848 1235 3186 1288 vocationem
3237 1233 3433 1287 intelli-

1856 1340 1982 1397 gere
2010 1326 2271 1395 gentium,
2295 1325 2549 1378 videlicet
2578 1340 2642 1378 ac
2662 1323 2970 1378 Iudaeorum
3000 1343 3011 1377 :
3042 1333 3098 1378 ut
3121 1341 3216 1394 per
3235 1325 3432 1378 herbas

1857 1417 2218 1486 intelligamus
2267 1414 2662 1469 multitudinem
2713 1417 2950 1485 gentium
2998 1417 3325 1470 venientium
3369 1417 3434 1472 ad

1857 1509 2038 1571 ﬁdem,
2070 1522 2165 1575 per
2195 1506 2387 1560 salices
2429 1519 2558 1559 vero
2582 1507 2911 1574 primitivan‘i
2946 1507 3233 1562 ecclesiam
3259 1524 3321 1562 ex
3346 1505 3437 1561 Ju~

1859 1598 2008 1661 dacis,
2033 1611 2151 1666 qua:
2173 1595 2594 1665 praedicantibus
2613 1597 2871 1665 apostolis
2901 1598 3008 1650 cito
3035 1599 3225 1652 crevit.

1935 1711 1951 1740 ι
1973 1689 2098 1753 Iste,
2123 1709 2140 1740 ι
2165 1687 2420 1742 subaudis
2435 1704 2574 1742 unus
2595 1687 2822 1742 credens
2836 1689 3125 1755 etﬁdelis,c
3151 1691 3325 1745 dicet:
3350 1691 3448 1744 Do-

1860 1779 1992 1835 mini
2014 1795 2113 1849 ego
2136 1794 2254 1833 sum
2287 1799 2305 1830 ι
2331 1794 2520 1832 servus
2544 1794 2641 1848 per
2670 1779 2828 1833 ﬁdem
2858 1790 2911 1834 et
2926 1782 3316 1849 operationem,
3338 1799 3443 1836 non

961 1908 1083 1949 cum
1133 1890 1409 1962 privilegio
1436 1887 1670 1942 nominis
1700 1894 1758 1941 et
1783 1875 1830 1934 B
1860 1869 2147 1933 idolorum,
2172 1869 2297 1938 quia
2322 1871 2390 1924 ab
2410 1869 2498 1923 illo
2521 1886 2639 1924 sum
2665 1871 2992 1940 redemptus.
3027 1891 3043 1922 ‹
3072 1873 3139 1926 Et
3157 1873 3245 1927 ille
3269 1895 3286 1925 ›
3309 1875 3448 1928 alius

1873 1982 1890 2013 ‹
1925 1962 2096 2017 ﬁdelis
2117 1963 2332 2016 vocabit
2356 1982 2375 2014 ι
2408 1971 2723 2033 peccatores
2747 1964 2812 2016 ad
2839 1965 3210 2033 paenitentiam
3240 1984 3256 2015 ι
3282 1966 3333 2019 in
3353 1983 3449 2020 no—

1866 2058 2012 2110 mine
2033 2055 2219 2119 Jacob,
2248 2075 2266 2106 ι
2296 2056 2400 2110 hoc
2429 2065 2512 2109 est
2541 2065 2599 2109 ut
2625 2056 2930 2126 supplantet
2962 2057 3114 2122 vitia,
3135 2059 3271 2111 sicut
3292 2057 3451 2112 etille

1868 2148 2014 2202 fecit.
2043 2168 2061 2198 ‹
2093 2149 2158 2202 Et
2185 2147 2294 2212 hic,
2324 2167 2342 2198 ι
2375 2149 2427 2202 id
2455 2157 2538 2202 est
2563 2147 2649 2202 ille
2670 2148 2826 2212 alius,
2851 2167 2868 2198 ε
2908 2149 3108 2226 scribet
3129 2165 3289 2203 manu
3314 2166 3409 2204 sua
3434 2169 3446 2204 :

1867 2240 2081 2295 Domini
2099 2255 2197 2310 ego
2220 2254 2338 2294 sum
2361 2255 2573 2305 servus,
2597 2260 2614 2290 ι
2637 2239 2723 2294 vel
2746 2241 3040 2295 secundum
3063 2242 3202 2310 quod
3225 2242 3455 2311 Septua-

1867 2334 2017 2404 ginta
2047 2333 2230 2388 dicuut
2264 2351 2276 2385 :
2313 2333 2408 2386 Dei
2454 2348 2573 2386 sum
2605 2332 2781 2396 miles,
2812 2342 2870 2386 ut
2920 2334 2985 2387 de
3029 2334 3282 2388 tirocinio
3313 2349 3450 2388 novo

1868 2426 2131 2497 glorietur
2159 2442 2218 2480 se
2261 2425 2488 2480 militem
2531 2440 2650 2480 esse
2699 2425 2920 2480 Christi.
2969 2426 3199 2493 Quidam
3240 2426 3452 2482 codices

1869 2518 2101 2572 habent:
2122 2518 2334 2573 Scribet
2359 2519 2413 2573 in
2435 2534 2596 2573 manu
2613 2534 2707 2573 sua
2732 2518 2990 2586 Domino;
3014 2521 3106 2575 sed
3123 2521 3311 2576 beatus
3327 2520 3452 2576 Ilie-

1870 2627 2126 2681 ronymus
2160 2611 2372 2665 Domini
2413 2612 2540 2666 dicit
2575 2611 2870 2667 secundum
2900 2612 3220 2668 Hebraicam
3251 2614 3452 2668 verita-

1871 2709 2000 2765 tem,
2024 2710 2078 2756 et
2097 2702 2192 2756 Dei
2215 2717 2332 2756 sum
2362 2703 2656 2756 secundum
2680 2705 2821 2772 quod
2847 2703 3197 2775 Septuaginta
3225 2705 3408 2758 dicunt
3435 2723 3449 2759 :

1871 2793 2013 2863 quod
2034 2802 2087 2848 et
2103 2795 2341 2863 apertius
2357 2802 2438 2848 est
2462 2793 2673 2849 dicere:
2695 2796 2896 2850 scribet
2911 2795 3120 2850 Domini
3143 2813 3259 2851 sum
3277 2797 3450 2864 miles,

1870 2901 2030 2955 quam
2080 2886 2279 2941 scribet
2307 2902 2470 2941 manu
2513 2903 2610 2942 sua
2646 2887 2894 2943 Domino.
2934 2887 3138 2944 Tamen
3174 2891 3219 2944 si
3255 2869 3454 2945 dixeri;

1871 2994 1991 3032 mus
2022 2979 2248 3034 Domino
2273 3020 2288 3043 ,
2320 2980 2425 3034 erit
2462 2995 2652 3035 sensus
2690 2990 2750 3034 ut
2793 2981 2994 3034 scribat
3044 2982 3272 3036 Domino
3309 2983 3452 3051 quod

1871 3072 2213 3127 Christianus
2249 3083 2332 3127 est
2362 3091 2372 3125 :
2407 3069 2549 3142 quod
2585 3073 2745 3127 ﬁdem
2775 3075 2892 3143 ejus
2918 3073 3103 3141 habet,
3128 3075 3267 3127 sicut
3297 3090 3454 3144 egre-

1873 3169 1990 3238 gius
2016 3166 2339 3236 praedicator
2361 3181 2581 3219 suarum
2614 3165 2666 3218 in
2697 3165 2877 3234 capite,
2894 3164 3243 3233 epistolarum
3277 3175 3329 3219 et
3351 3166 3455 3220 ﬁne

1873 3259 2005 3312 dicit
2028 3274 2040 3308 :
2074 3255 2275 3308 Paulus
2305 3269 2491 3308 servus
2509 3255 2636 3308 Jesu
2660 3253 2885 3318 Christi,
2909 3267 3128 3308 vocatus
3156 3256 3450 3323 apostolus.

1872 3349 1942 3401 Et
1969 3362 2067 3416 ego
2099 3345 2294 3398 Paulus
2322 3361 2510 3398 servus
2555 3343 2680 3398 Jesu
2727 3343 2928 3398 Christi
2961 3344 3148 3412 scripsi
3193 3345 3305 3398 haec
3334 3360 3453 3397 mea

1873 3453 2058 3493 manu.
2093 3455 2109 3486 ι
2141 3436 2207 3489 Ει
2230 3437 2282 3488 in
2309 3437 2525 3488 nomine
2556 3434 2719 3490 Israel
2753 3416 3142 3490 assimilabitur
3175 3456 3191 3487 ι
3227 3437 3456 3505 quilibet

1875 3527 2113 3590 illorum,
2161 3535 2219 3579 ut
2249 3527 2389 3596 quod
2437 3542 2541 3580 non
2583 3525 2746 3580 habet
2793 3543 2859 3581 ex
2895 3542 3080 3591 carne,
3111 3528 3305 3582 habeat
3361 3542 3459 3598 per

1877 3617 2056 3672 ﬁdem.
2080 3617 2322 3673 Gentiles
2347 3635 2494 3688 ergo,
2522 3619 2612 3688 qui
2643 3634 2747 3673 non
2767 3628 2891 3673 sunt
2917 3621 3210 3674 secundum
3235 3637 3453 3676 carnem

1877 3727 1944 3767 ex
1968 3712 2217 3780 prosapia
2242 3712 2537 3779 Abraham,
2570 3713 3134 3769 assimilanturlsraeli
3165 3717 3216 3769 in
3241 3718 3456 3771 nomine

1879 3801 1994 3872 (qui
2042 3803 2429 3871 interpretatur
2480 3805 2564 3857 vir
2591 3804 2778 3858 videns
2824 3804 3040 3876 Deum),
3077 3808 3198 3876 quia
3225 3808 3324 3877 ipsi
3364 3824 3459 3878 per

1879 3891 2040 3946 ﬁdem
2084 3902 2138 3948 et
2165 3894 2533 3963 Operationem
2565 3903 2841 3950 merentur
2876 3897 2929 3950 in
2979 3899 3226 3966 praesenti
3262 3899 3460 3954 srcculo

1878 3985 2040 4053 positi
2090 3985 2440 4054 contemplari
2473 3987 2660 4050 Deum,
2693 3995 2746 4040 et
2792 3989 2845 4042 in
2892 3987 3072 4042 futuro
3120 3992 3458 4062 contempla-

1880 4076 2082 4130 buntur
2114 4077 2253 4132 facie
2287 4078 2354 4130 ad
2389 4077 2600 4132 faciem.
2646 4077 2761 4134 Non
2798 4088 2974 4136 tamen
3005 4097 3194 4135 onmes
3237 4083 3463 4153 gentiles

1882 4168 2249 4223 assimilantur
2301 4167 2522 4236 Israr-li,
2591 4170 2682 4225 sed
2751 4175 3123 4228 tantummodo
3182 4177 3462 4230 credentes

1883 4257 1973 4324 qui
2018 4257 2296 4324 possident
2329 4259 2488 4313 modo
2534 4259 2704 4330 legem
2739 4270 2791 4315 et
2823 4265 3136 4330 prophetas,
3166 4280 3462 4336 omnesque

1884 4349 2086 4418 gratias
2113 4348 2347 4420 Spiritus
2373 4353 2567 4418 sancti,
2607 4368 2726 4422 qure
2755 4355 2953 4423 populo
2988 4355 3152 4411 Israel
3183 4361 3463 4426 promissa:

1884 4453 2028 4499 sunt.

1963 4553 1981 4585 ‹
2006 4534 2131 4590 Haec
2147 4537 2275 4591 dicit
2296 4537 2551 4592 Dominus
2578 4555 2672 4594 rex
2702 4540 2866 4596 Israel
2897 4562 2908 4595 :
2930 4543 3038 4613 Ego
3060 4545 3267 4615 primus
3289 4566 3305 4596 ι
3338 4555 3464 4601 ante

1891 4641 2052 4695 quem
2076 4627 2275 4693 nullus,
2308 4649 2324 4679 ι
2349 4639 2402 4684 et
2429 4646 2527 4699 ego
2555 4633 2878 4688 novissimus
2909 4646 3030 4704 post
3047 4656 3065 4686 ι
3084 4653 3242 4706 quem
3267 4638 3463 4702 nullus,

1894 4726 1948 4771 et
1975 4718 2174 4788 absque
2204 4735 2290 4774 me
2326 4736 2431 4774 non
2465 4731 2548 4775 est
2576 4722 2716 4777 Deus
2753 4743 2770 4775 ι
2802 4741 2964 4781 verus
2985 4737 3040 4782 et
3062 4728 3314 4784 salvator.
3340 4729 3470 4785 Post

1893 4814 2229 4868 vocationem
2281 4817 2518 4885 gentium
2573 4826 2628 4871 et
2663 4818 2979 4875 effusionem
3024 4821 3257 4892 Spiritus
3296 4824 3470 4879 sancti

1894 4919 2054 4972 quem
2085 4905 2296 4959 cunctis
2323 4906 2665 4962 credentibus
2692 4910 2940 4965 daturum
2972 4928 3030 4966 se
3056 4927 3173 4968 esse
3199 4915 3465 4982 promisit,

1896 4997 2112 5064 quando
2131 5012 2230 5065 pro
2254 4997 2515 5052 varietate
2538 5000 2850 5055 meritorum
2877 5018 3094 5057 suorum
3126 5004 3264 5056 alius
3285 5004 3426 5058 dicet
3453 5023 3465 5058 :

1895 5085 2107 5140 Domini
2137 5103 2235 5155 ego
2257 5103 2396 5153 sum,
2428 5089 2563 5144 alius
2589 5093 2804 5147 vocabit
2833 5093 2882 5147 in
2914 5094 3130 5148 nomine
3154 5094 3320 5149 Jacoh
3347 5111 3470 5164 pec-

1895 5185 2106 5232 catores
2141 5178 2207 5231 ad
2242 5179 2636 5247 paenitentiam,
2670 5183 2807 5236 alius
2827 5183 3030 5236 scribet
3059 5199 3217 5238 manu
3249 5201 3343 5240 sua
3369 5185 3472 5240 Do-

1897 5268 2044 5321 mino
2083 5282 2202 5322 esse
2244 5285 2302 5324 se
2331 5270 2564 5335 Domini,
2611 5282 2664 5325 et
2693 5273 2831 5326 alius
2871 5273 3256 5328 assimilabitur
3288 5276 3338 5328 in
3371 5293 3468 5331 no-

1899 5361 2043 5415 mine
2068 5361 2252 5427 Israel,
2282 5372 2360 5428 ut,
2396 5364 2597 5420 relictis
2623 5364 2796 5430 idolis,
2825 5363 2984 5419 unius
3006 5366 3099 5419 Dei
3127 5365 3333 5420 cultura
3358 5367 3427 5422 sit
3456 5384 3468 5423 :

1899 5451 2140 5521 loquitur
2184 5462 2368 5508 contra
2431 5454 2664 5511 cultores
2718 5453 2981 5510 idolorum
3041 5457 3130 5526 qui
3185 5457 3474 5514 noluerunt

1895 5542 2158 5597 converﬁ.

1974 5657 1992 5689 ι
2030 5639 2162 5705 Quis
2211 5640 2404 5694 similis
2453 5640 2555 5694 mei
2597 5647 2678 5695 est
2710 5659 2728 5691 ι
2767 5639 2821 5694 ἱη
2848 5639 3040 5695 idolis?
3076 5660 3092 5691 ‹
3140 5654 3294 5698 vocet
3350 5662 3368 5694 ι
3411 5659 3474 5700 ea

1898 5747 2017 5802 quae
2059 5746 2165 5785 non
2193 5740 2319 5786 sunt
2349 5740 2603 5801 tanquam
2629 5747 2692 5786 ea
2721 5747 2841 5802 quze
2880 5742 3002 5787 sunt
3039 5753 3056 5784 ο
3091 5743 3146 5787 et
3181 5734 3423 5789 ordinem
3452 5755 3470 5786 ι

1899 5833 2272 5879 creaturarum
2308 5839 2547 5878 mearum
2583 5843 2601 5874 ‹
2637 5834 2865 5894 exponat
2895 5825 3060 5888 mihi;
3103 5843 3120 5876 ›
3155 5841 3253 5895 ego
3297 5829 3476 5883 creavi

3003 5916 3081 5976 30
