4016 6456
599 416 706 476 939

1062 414 1419 472 navuoms
1456 412 1939 472 HALBERSTAT.
1980 364 2208 473 Elusa:
2242 414 2394 475 opp.
2433 411 2634 472 rans.
2674 415 2797 472 I.-—
2829 413 3185 472 COMMENT.
3224 414 3396 472 BlBL.

3768 422 3866 482 940

594 530 776 589 omnia
798 544 919 585 cum
936 543 1044 585 non
1068 536 1272 595 essent,
1295 548 1312 581 ι
1333 537 1566 599 exponat
1587 549 1605 582 ι
1638 529 1726 584 ille
1742 529 2011 600 quomodo
2024 531 2174 585 ordi-
2204 540 2261 600 Α
2284 531 2462 587 domo.
2500 551 2519 583 ›
2550 530 2681 599 Quis
2723 531 2868 588 enim
2904 530 3075 601 possit
3104 531 3207 586 hoc
3235 522 3480 597 credere,
3522 532 3675 603 quod
3700 538 3864 610 ascia,

593 630 720 678 nata
749 629 875 676 sunt
909 637 922 673 :
955 637 975 672 ι
1009 634 1077 674 ex
1110 635 1216 690 quo
1263 621 1517 675 constitui
1549 620 1804 690 populum
1844 621 2123 690 antiquum
2158 641 2172 677 :

590 722 820 769 ventura
846 719 904 768 et
929 727 1048 782 qua:
1076 710 1256 765 futura
1290 718 1416 765 sunt
1454 712 1777 765 annuntient
1819 712 1918 766 eis.
1954 731 1971 762 ι
2000 711 2177 783 Popu-

590 800 702 859 lum
732 803 1010 874 autiquum
1034 802 1265 873 appellat
1291 801 1375 857 vel
1410 817 1571 857 omne
1593 816 1762 872 genus
1784 801 2077 855 humanum
2105 801 2176 856 ab

589 895 787 962 Adam,
827 895 911 951 vel
963 896 1219 965 papulum
1266 893 1641 959 lsraeliticum,
1699 908 1857 962 quem
1912 893 2073 964 elegit
2117 893 2175 949 in

588 988 882 1044 Abraham.
911 987 981 1043 Et
1008 994 1092 1043 est
1120 1002 1312 1044 sensus
1342 1006 1356 1042 :
1384 987 1463 1043 Ex
1492 1003 1599 1057 quo
1635 986 1888 1041 constitui
1917 985 2173 1056 populum

587 1082 868 1152 antiquum
895 1096 926 1134 a
954 1080 1130 1151 primo
1157 1079 1397 1144 homine,
1432 1086 1492 1132 ut
1536 1078 1669 1133 mihi
1706 1059 1955 1143 se'rviret,
1986 1076 2071 1131 vel
2096 1076 2173 1132 ls-

588 1172 890 1230 raeliticum
915 1170 1195 1243 populum,
1232 1178 1294 1224 ut
1322 1168 1454 1225 mihi
1490 1175 1635 1223 esset
1669 1168 1896 1239 populus
1933 1167 2171 1237 peculia-

585 1267 679 1331 ris,
730 1277 959 1323 ventura
1006 1273 1062 1319 et
1111 1263 1292 1318 futura
1322 1261 1639 1319 annuntiavi
1667 1260 1765 1317 eis.
1795 1260 1861 1313 Et
1892 1260 2031 1314 sicut
2071 1272 2171 1329 ego

582 1356 902 1412 annnntiavi
927 1355 1006 1411 eis
1048 1353 1248 1417 futura,
1282 1353 1327 1407 si
1349 1349 1475 1407 sunt
1502 1352 1621 1407 veri
1642 1350 1735 1417 dii,
1766 1350 2087 1404 annuntient
2113 1355 2172 1404 et

582 1450 686 1520 ipsi
716 1447 969 1505 similiter
997 1462 1116 1519 quae
1143 1443 1325 1501 futura
1350 1452 1495 1500 sunt.
1995 1514 2008 1522 .

657 1561 676 1593 ι
712 1539 1117 1605 Nolitetimere,
1142 1556 1158 1586 ι
1178 1553 1211 1594 o
1241 1536 1540 1601 credentes,
1564 1542 1975 1606 persecuturum
2009 1532 2167 1587 δεενί-

580 1632 711 1688 tiam
733 1632 827 1702 qui
847 1630 984 1686 idola
1006 1630 1213 1694 colunt,
1235 1648 1251 1679 ι
1282 1643 1459 1701 neque
1482 1623 1875 1681 conturbemini
1903 1644 1921 1676 ι
1947 1614 2171 1695 preptcr

580 1723 754 1777 atinas
796 1737 1013 1787 eorum;
1052 1741 1070 1772 ι
1111 1736 1176 1775 ex
1205 1726 1355 1785 tunc,
1390 1738 1408 1771 ι
1443 1717 1497 1773 id
1524 1725 1606 1772 est
1640 1732 1709 1773 ex
1748 1732 1855 1793 quo
1893 1715 2031 1787 elegi
2067 1730 2170 1786 po-

579 1818 759 1889 pulum
793 1818 1073 1889 antiquum
1101 1834 1120 1866 ι
1158 1815 1345 1870 audire
1386 1812 1510 1879 feci,
1553 1821 1609 1869 et
1629 1811 1947 1868 annuntiuvi
1972 1830 1989 1862 ι
2021 1810 2168 1882 quod

2282 622 2410 676 lima
2432 663 2446 689 ,
2477 630 2532 677 et
2553 624 2776 677 cerebro
2803 622 3104 692 malleoque
3131 624 3394 681 formetur
3408 624 3553 679 Deus
3569 665 3587 690 ,
3617 634 3679 680 et
3699 628 3784 683 vel
3811 631 3862 687 in

2280 713 2473 783 primis
2519 712 2806 768 simulacra
2844 712 3135 769 fundantur
3162 722 3217 768 et
3242 715 3295 769 in
3325 716 3531 770 circino
3563 724 3782 773 tornata
3814 722 3860 778 in

2281 804 2411 859 deos
2466 815 2689 876 repente
2745 815 3118 877 consurgant:
3169 808 3471 878 przesertim
3515 825 3648 864 cum
3695 812 3860 883 vilitas

2281 896 2415 950 artis
2435 895 2489 949 in
2517 894 2659 951 fame
2686 903 2740 951 et
2766 897 2854 951 siti
2892 895 3114 952 artificis
3142 896 3587 954 demonstretur?

2356 1005 2375 1037 ι
2407 986 2646 1042 Succidit
2675 1008 2693 1040 ι
2726 988 2813 1043 ille
2834 988 3092 1058 lignarios
3115 1010 3132 1040 ι
3170 991 3361 1045 cedros
3395 1011 3412 1043 ι
3451 991 3520 1045 ad
3552 990 3853 1050 fabricanda

2279 1076 2443 1142 idola,
2481 1098 2498 1129 ι
2527 1078 2647 1132 tulit
2678 1078 2874 1145 ilicem,
2909 1087 2963 1134 et
2992 1094 3272 1148 quercum,
3290 1095 3408 1150 qua:
3431 1088 3708 1137 steterant
3726 1104 3744 1135 ι
3770 1102 3852 1156 per

2277 1168 2449 1221 multa
2480 1177 2722 1237 tempora
2757 1188 2774 1219 ι
2798 1169 2938 1223 inter
2959 1169 3062 1222 alia
3091 1169 3235 1240 ligna
3259 1171 3463 1225 saltus:
3498 1191 3518 1224 ι
3548 1183 3612 1228 et
3646 1173 3849 1231 fabrica-

2276 1264 2367 1313 tus
2399 1266 2482 1313 est
2513 1260 2633 1314 inde
2659 1259 3029 1315 simulacrum.
3068 1279 3086 1311 ι
3118 1259 3390 1318 Plantavit
3410 1265 3613 1333 pinum
3649 1286 3668 1318 ι
3694 1277 3747 1320 ιιι
3775 1266 3843 1321 fa-

2276 1357 2427 1419 ceret
2454 1364 2520 1404 ex
2548 1340 2623 1404 ea
2653 1349 2834 1416 deum,
2868 1368 2887 1402 ι
2923 1365 3084 1421 quam
3112 1352 3307 1422 pluvias
3340 1373 3359 1405 ι
3392 1370 3493 1425 per
3520 1357 3730 1416 multos
3752 1360 3842 1416 dies

2283 1458 2302 1491 ί
2699 1519 2783 1566 est
2819 1512 2839 1563 δ
2886 1512 2975 1567 illa
3020 1514 3179 1583 pinus
3216 1529 3284 1570 ex
3310 1524 3465 1586 parte
3496 1534 3518 1567 ι
3558 1517 3841 1573 hominibus

2275 1603 2331 1656 in
2355 1600 2558 1657 focum.
2593 1600 2835 1673 Sumpsit
2872 1616 2938 1657 ex
2967 1604 3047 1660 eis
3083 1624 3102 1657 ι
3133 1605 3381 1662 videlicet
3400 1622 3470 1662 ex
3498 1609 3699 1674 cedro,
3726 1610 3835 1672 ilice,

2275 1706 2479 1762 quercu
2501 1701 2555 1747 et
2584 1693 2710 1763 pino
2741 1710 2761 1743 ι
2797 1699 2853 1748 et
2876 1694 3171 1750 calefactus
3195 1705 3279 1752 est
3306 1712 3370 1752 ex
3402 1698 3504 1753 eis.
3543 1718 3567 1751 ι

2350 1804 2370 1837 ι
2402 1785 2691 1856 Reliquum
2729 1796 2911 1841 autem
2948 1786 3063 1856 ejus
3097 1790 3256 1844 deum
3285 1790 3436 1858 fecit,
3474 1814 3493 1843 ι
3528 1794 3591 1847 id
3636 1803 3715 1849 est
3740 1796 3833 1849 reﬁ-

578 1878 778 1964 idolum
799 1878 1034 1963 nihilest
1062 1922 1076 1961 :
1100 1907 1194 1962 sed
1221 1921 1357 1979 opus
1378 1878 1635 1963 manuum
1661 1903 1941 1959 hominum
1966 1921 1980 1957 :
2011 1878 2168 1959 (vos
2198 1896 2249 1958 B
2275 1892 2441 1979 qu“?
2469 1879 2613 1948 quod
2642 1880 2921 1979 τθξηθηθξίν
2950 1878 3236 1936 fabricam
3265 1884 3368 1938 Sibi
3400 1885 3721 1979 inridolum.

574 2000 706 2055 estis
755 2007 922 2054 testes
978 1997 1106 2063 mei,
1145 2016 1163 2049 ι
1220 2011 1254 2052 o
1305 1994 1487 2066 p0puli
1528 1994 1663 2062 mei,
1714 1994 1843 2065 quia
1893 2008 1993 2066 ego
2038 2010 2160 2050 sum

576 2090 718 2143 Deus
740 2089 1003 2144 universae
1021 2095 1201 2154 terrae,
1231 2106 1250 2138 ‹
1279 2086 1519 2158 nunquid
1542 2094 1626 2142 est
1657 2084 1798 2140 Deus
1819 2084 2025 2156 absque
2048 2101 2159 2152 me,

574 2190 630 2235 et
656 2179 917 2234 formator
938 2194 1103 2248 quem
1151 2193 1249 2249 ego
1285 2193 1394 2235 non
1423 2177 1703 2232 noverim?
1753 2194 1771 2227 ›
1805 2174 1863 2231 Si
1901 2176 2039 2232 alius
2077 2183 2163 2233 est

574 2270 715 2325 Deus
738 2281 936 2341 praeter
956 2286 1042 2325 me
1069 2277 1124 2326 et
1149 2269 1432 2336 formator,
1459 2282 1679 2324 necesse
1707 2276 1794 2323 est
1822 2274 1881 2322 ut
1907 2267 2159 2323 ostenda-

573 2370 661 2417 tur
686 2371 742 2416 et
788 2361 923 2416 alius
969 2342 1207 2417 mundus
1229 2376 1371 2418 esse.
1404 2357 1511 2415 Sed
1536 2359 1662 2430 quia
1701 2373 1810 2413 non
1854 2357 2160 2413 invenietur

570 2472 747 2531 neque
767 2455 1050 2522 formator,
1078 2470 1253 2525 neque
1282 2454 1533 2519 mundus,
1564 2451 1710 2509 nullo
1732 2452 1892 2508 modo
1916 2450 2053 2506 alius
2075 2457 2161 2506 est

570 2546 714 2603 Deus
734 2557 932 2620 praeter
959 2562 1047 2602 me
1072 2548 1165 2620 qui
1194 2533 1426 2601 formavi
1453 2545 1639 2600 istum.

648 2659 665 2690 ι
702 2640 906 2697 Plastes
928 2640 1077 2707 idoli,
1108 2660 1126 2692 ι
1157 2640 1213 2696 id
1229 2649 1312 2695 est
1332 2638 1656 2697 formatores
1678 2637 1945 2694 idolorum
1973 2657 1991 2689 ‹
2023 2637 2160 2693 nihil

569 2745 711 2800 sunt,
752 2755 770 2788 ›
806 2734 944 2792 sicut
965 2734 1255 2791 Psalmista
1278 2734 1408 2791 dicit
1438 2752 1451 2789 :
1482 2753 1500 2786 ι
1530 2733 1746 2790 Similes
1775 2732 1879 2788 illis
1907 2731 2041 2788 ﬁant
2065 2732 2161 2807 qui

567 2827 849 2883 fhciuntea
870 2824 1042 2899 (Psal.
1065 2825 1309 2897 (γυιων).
1341 2844 1359 2876 ι
1384 2843 1401 2876 ι
1432 2824 1498 2879 Et
1516 2822 1887 2879 amentissima
1911 2837 2153 2888 eorum,»

566 2919 823 2975 subaudis
853 2918 1012 2983 idola,
1052 2936 1070 2968 ι
1101 2934 1208 2974 non
1240 2917 1539 2988 proderunt
1562 2915 1664 2981 eis,
1695 2934 1713 2965 ι
1744 2915 1848 2969 hoc
1874 2920 1959 2969 est
1981 2912 2157 2968 culto-

570 3008 720 3064 ribus
761 3008 874 3062 suis
928 3008 983 3062 in
1026 3007 1111 3063 die
1143 3006 1410 3069 examinis
1455 3004 1898 3072 uniuscujusque.
1952 3001 2160 3057 Plastes

568 3100 816 3157 Grazcum
849 3106 969 3165 est,
1006 3106 1060 3153 et
1088 3096 1287 3152 dicitur
1331 3095 1594 3151 formator
1642 3096 1755 3150 sive
1807 3094 2157 3163 compositor.

573 3210 591 3241 ι
630 3188 733 3260 ipsi
775 3208 793 3241 ι
822 3186 1025 3259 plastes
1069 3204 1086 3236 ι
1136 3191 1263 3240 sunt
1291 3190 1456 3238 testes
1488 3196 1699 3249 eorum,
1744 3201 1763 3234 ι
1790 3182 1843 3236 id
1874 3190 1956 3236 est
1988 3180 2161 3236 idolo-

2345 1987 2365 2021 ο
2390 1968 2511 2024 Non
2540 1971 2917 2042 recOgitantin
2947 1981 3127 2027 mente
3153 1989 3251 2028 sua
3285 1995 3303 2026 ι
3337 1978 3485 2045 quod
3504 1992 3620 2048 ego
3648 1978 3827 2033 fecerim

2266 2073 2392 2127 eos,
2424 2079 2449 2112 ι
2488 2074 2663 2131 neque
2696 2072 3031 2133 cognoscunt
3067 2083 3087 2115 ›
3119 2066 3247 2135 quia
3292 2068 3392 2137 ipsi
3446 2084 3561 2123 non
3610 2083 3728 2125 sunt
3752 2073 3825 2137 dii,

2267 2154 2362 2209 sed
2390 2166 2555 2224 opera
2590 2169 2853 2209 manuum
2868 2156 3169 2224 hominum,
3206 2176 3226 2209 ι
3253 2174 3433 2229 neque
3460 2165 3719 2230 sentiunt,
3746 2184 3762 2214 ι
3783 2175 3825 2218 et

2263 2258 2374 2298 non
2417 2243 2720 2316 intelligunt
2749 2264 2769 2296 ι
2811 2254 2871 2305 ut
2914 2245 3095 2302 dicant
3124 2267 3145 2301 ι
3185 2251 3327 2318 apud
3353 2265 3433 2307 se.
3467 2272 3487 2303 ι
3519 2252 3822 2309 Medicum

2265 2333 2385 2404 ejus
2421 2335 2697 2395 censbam
2719 2336 2865 2407 igne,
2895 2346 2951 2392 et
2971 2340 3093 2393 coxi
3121 2354 3286 2411 super
3322 2345 3598 2400 carbones
3624 2347 3723 2416 ejus
3739 2362 3818 2416 pa-

2264 2442 2400 2484 nes:
2432 2431 2554 2485 eoxi
2594 2446 2787 2487 carnes
2829 2445 2896 2487 eo
2941 2442 2998 2488 et
3039 2437 3273 2502 comedi,
3310 2445 3367 2493 et
3403 2437 3479 2493 de
3509 2438 3693 2509 reliquo
3712 2439 3810 2507 ejus

2265 2521 2468 2576 idolum
2493 2521 2724 2577 faciam?
2747 2524 2888 2578 Ante
2918 2532 3165 2581 truncum
3193 2527 3323 2599 ligni
3352 2531 3659 2600 procidam‘!
3676 2552 3691 2583 ι
3710 2530 3810 2586 Non

2266 2610 2494 2681 faciam,
2533 2616 2739 2684 quare?

2342 2725 2361 2758 ι
2388 2706 2524 2774 Quia
2540 2720 2665 2778 pars
2692 2707 2808 2777 ejus
2837 2707 2974 2763 cluis
2986 2714 3102 2764 est:
3127 2723 3223 2765 cor
3244 2710 3515 2782 insipiens
3534 2712 3823 2770 adoravitil-

2265 2800 2379 2866 iud,
2412 2807 2468 2856 et
2492 2816 2601 2856 non
2630 2798 2879 2855 liberavit
2901 2802 3135 2857 animam
3165 2819 3313 2859 suam
3340 2820 3358 2859 :
3390 2815 3447 2860 et
3469 2823 3643 2878 neque
3668 2808 3818 2862 dicet:

2265 2890 2429 2947 Forte
2459 2882 2487 2941 »γ
2528 2891 2583 2945 id
2621 2898 2704 2945 est
2740 2888 2967 2946 forsitan
3003 2910 3023 2944 ι
3075 2894 3413 2949 mendacium
3452 2908 3538 2951 est
3586 2899 3639 2952 iu
3686 2910 3827 2951 manu

2263 2996 2405 3038 mea.
2444 3002 2464 3035 ι
2495 2982 2632 3037 Cum
2657 2982 2910 3038 adoraret
2944 2984 3028 3039 vel
3064 2984 3357 3042 fabricaret
3395 2988 3617 3055 idolum,
3650 2990 3827 3045 debue-

2266 3083 2353 3128 rat
2378 3074 2483 3129 ista
2510 3074 2751 3145 cogitare
2775 3083 2831 3130 et
2876 3076 3057 3131 dicere
3086 3079 3228 3147 apud
3264 3080 3612 3149 semetipsum
3640 3098 3657 3135 :
3688 3079 3829 3135 Certe

2266 3166 2321 3219 in
2342 3181 2505 3221 manu
2552 3181 2695 3232 mea,
2729 3168 2786 3223 id
2818 3174 2903 3223 est
2934 3168 2989 3223 in
3023 3171 3337 3240 operatione
3359 3188 3471 3227 mea
3496 3175 3832 3229 mendacium

567 3298 706 3346 rum,
740 3299 757 3334 ι
788 3280 910 3352 quia
935 3295 1043 3335 non
1062 3278 1267 3344 vident,
1292 3291 1467 3349 neque
1497 3275 1824 3348 intelligunt,
1846 3284 1904 3330 ut
1927 3274 2158 3335 confun-

2265 3268 2366 3326 est,
2398 3261 2525 3331 quia
2548 3262 2654 3316 hoc
2682 3262 2826 3331 quod
2850 3275 2949 3332 pro
2978 3263 3079 3318 deo
3102 3264 3224 3320 colo
3251 3275 3299 3321 et
3325 3275 3490 3331 teneo,
3513 3282 3677 3337 opera
3708 3282 3825 3321 ma-

568 3375 767 3431 dantur
802 3394 820 3425 »
848 3386 1009 3442 super
1033 3385 1221 3426 errore
1249 3384 1366 3434 suo,
1398 3368 1657 3425 subaudis
1678 3368 1802 3424 ideo
1826 3376 2149 3424 suuttestes.

566 3463 659 3520 Sic
683 3463 826 3517 enim
850 3460 1138 3517 Psalmista
1167 3459 1300 3514 dicit
1335 3477 1348 3513 :
1380 3459 1554 3515 Aures
1588 3459 1791 3515 habent
1837 3467 1891 3515 et
1921 3472 2028 3513 non
2058 3473 2154 3512 au-

565 3554 735 3619 dient,
788 3552 974 3609 oculos
1022 3551 1226 3607 habent
1274 3557 1329 3606 et
1370 3562 1478 3606 non
1517 3550 1734 3618 vident,
1767 3550 1895 3623 quia
1927 3565 2033 3609 non
2069 3558 2155 3605 est

565 3647 791 3717 spiritus
822 3647 876 3702 in
902 3647 1004 3702 eis.

639 3758 660 3791 ‹
695 3738 828 3812 Quis
858 3737 1114 3795 formavit
1161 3737 1357 3804 Deum,
1399 3744 1454 3803 et
1504 3736 1753 3813 sculptile
1799 3735 2063 3797 conflavit,
2084 3738 2156 3799 ad

563 3832 700 3888 nihil
740 3831 874 3888 utile
897 3831 923 3886 i

639 3941 660 3975 ι
704 3922 848 3979 Ecce
875 3935 1062 3978 omnes
1088 3920 1381 3993 participes
1406 3920 1523 3992 ejus
1544 3917 1983 3977 confundentur:
2020 3938 2040 3972 ›
2076 3918 2154 3973 vi-

564 4014 760 4073 delicet
780 4022 837 4070 et
858 4014 949 4084 qui
981 4012 1255 4078 formavit,
1283 4020 1339 4066 et
1369 4011 1460 4081 qui
1482 4010 1753 4077 adoravit;
1790 4029 1808 4061 ι
1844 4007 1982 4069 fabri
2005 4009 2152 4064 enim

563 4117 691 4164 sunt
718 4122 786 4162 ex
832 4105 1142 4161 hominibus
1192 4123 1211 4156 ι
1243 4103 1310 4157 ad
1337 4102 1649 4158 fabricanda
1686 4102 1855 4167 idola;
1894 4121 1912 4154 ι
1953 4116 2151 4167 conve-

563 4197 718 4253 nient
753 4209 982 4261 omnes,
1018 4212 1037 4246 ι
1089 4192 1352 4249 subaudis
1402 4190 1759 4251 fabricatores
1810 4191 2154 4273 cultoresque

566 4287 834 4344 idolorum
862 4288 917 4342 in
956 4286 1042 4342 die
1062 4284 1254 4356 judicii
1297 4305 1315 4337 ι
1349 4284 1569 4340 stabunt
1606 4304 1625 4337 ι
1659 4284 1725 4340 ad
1748 4282 2013 4356 judicium
2051 4306 2069 4338 ι
2100 4295 2154 4341 et

563 4382 855 4454 pavebunt,
881 4401 900 4434 ι
926 4380 1275 4438 recordantes
1300 4387 1646 4450 peccatorum
1666 4392 1887 4434 suorum
1915 4397 1932 4431 ι
1950 4387 2006 4435 et
2025 4394 2155 4451 eon-

564 4473 861 4529 fundentur
882 4472 1045 4528 simul
1072 4491 1092 4525 ι
1123 4472 1190 4527 ab
1210 4485 1397 4527 errore
1421 4485 1542 4527 suo.

641 4584 661 4617 ι
680 4564 856 4620 Faber
876 4563 1141 4619 ferrarius
1159 4564 1286 4619 lima
1301 4571 1557 4635 operatus
1579 4571 1663 4618 est
1688 4582 1706 4615 ι
1737 4562 1969 4619 idolum:
1991 4581 2009 4616 ι
2031 4578 2154 4619 esu-

562 4655 675 4721 riet
700 4673 718 4706 ι
751 4651 1017 4709 formator
1044 4653 1184 4724 ejus,
1230 4614 1366 4724 quiar
1386 4670 1495 4710 non
1536 4653 1684 4709 dabit
1713 4653 1763 4708 ei
1790 4653 1968 4708 cibum
1997 4652 2153 4737 deus,
2181 4614 2234 4683 Β

562 4762 700 4804 suus
730 4763 749 4798 ι
777 4755 831 4801 et
852 4745 1065 4803 deficiet
1091 4765 1110 4798 ι
1138 4761 1237 4817 pro
1267 4747 1475 4814 labore,
1509 4765 1529 4798 ι
1556 4756 1737 4802 etnon
1762 4747 1910 4802 hibet
1936 4762 2152 4818 aquam,

485 4876 492 4887 η
563 4846 621 4897 et
664 4838 912 4904 lacesset,
970 4857 990 4891 ι
1023 4839 1079 4894 id
1108 4850 1192 4895 est
1233 4839 1281 4895 si
1320 4854 1427 4895 non
1458 4839 1659 4896 biberit
1696 4853 1892 4910 aquam
1940 4838 2154 4895 aliunde

490 4944 518 5005 ιε
564 4933 829 4998 lacesset,
869 4931 995 5002 quia
1046 4946 1152 4986 non
1200 4931 1455 5002 praebebit
1495 4932 1546 4986 ei
1588 4929 1722 4985 deus
1770 4945 1900 5010 suus
1943 4937 2150 5000 potum.

644 5044 663 5077 ι
681 5022 892 5081 Artifex
912 5023 1173 5095 liguarius
1192 5025 1433 5079 extendit
1454 5038 1724 5091 normam,
1753 5044 1771 5076 ι
1792 5025 1895 5079 hoc
1915 5032 1999 5080 est
2016 5038 2154 5097 pra:-

562 5120 777 5194 paravit
800 5118 1058 5190 regulam,
1089 5127 1148 5172 ut
1162 5125 1346 5189 posset
1375 5117 1443 5173 ad
1472 5118 1853 5175 rectitudinem
1878 5117 2148 5174 deducere

564 5210 697 5267 illud
727 5209 960 5275 idolum;
994 5228 1011 5269 ι
1046 5206 1299 5264 formavit
1327 5207 1459 5262 illud
1503 5208 1558 5263 in
1588 5227 1607 5259 ι
1641 5206 1866 5275 idolum,
1893 5206 1948 5265 id
1978 5216 2063 5264 est
2091 5207 2147 5262 in

563 5284 871 5360 rtmcinam.
898 5300 1147 5361 Runcina
1171 5300 1436 5381 quoddam
1468 5299 1756 5357 artiﬁcium
1794 5309 1880 5355 est
1908 5300 2146 5373 lignarii,

565 5392 769 5477 gracile
798 5401 854 5447 et
882 5404 1189 5457 recurvum,
1218 5403 1286 5446 ex
1311 5403 1423 5461 quo
1443 5399 1705 5446 cavantur
1730 5388 1923 5444 tabulae
1958 5388 2148 5445 domus

563 5490 627 5542 ιιι
660 5500 768 5542 una
812 5482 969 5540 alteri
1004 5490 1376 5539 connectatur.
1426 5502 1445 5535 ι
1499 5481 1651 5536 Fecit
1688 5480 1817 5535 illud
1872 5500 1891 5533 ι
1945 5480 2147 5538 idolum

573 5596 595 5631 ι
629 5578 687 5634 in
709 5575 1093 5647 angularibus,
1113 5595 1132 5628 ι
1166 5575 1269 5630 hoc
1293 5582 1379 5630 est
1406 5573 1756 5643 quadratum,
1799 5590 1818 5625 ι
1853 5572 1995 5635 etin
2036 5574 2146 5629 cir-

567 5669 690 5726 cino
719 5667 955 5722 tornavit
982 5665 1136 5731 illud,
1160 5686 1179 5719 ι
1213 5667 1318 5720 hoc
1338 5673 1425 5720 est
1450 5665 1504 5719 in
1535 5672 1695 5719 torno
1716 5672 1772 5719 et
1794 5666 2146 5732 rotunditate,

575 5776 597 5812 ι
629 5767 683 5812 et
724 5757 852 5813 fecit.
895 5778 914 5810 ›
947 5757 1021 5812 ibi
1062 5757 1115 5810 in
1140 5755 1423 5825 quadrato,
1452 5753 1537 5809 vel
1562 5754 1615 5810 in
1641 5755 1871 5811 rotundo
1904 5775 1922 5806 ι
1955 5756 2145 5829 imagi-

2257 3367 2426 3406 nuum
2463 3366 2705 3407 mearum
2732 3360 2833 3408 est.
2858 3353 2985 3410 Hice
3004 3356 3309 3412 debuerunt
3336 3358 3478 3429 vigili
3505 3368 3681 3413 mente
3699 3373 3828 3429 per-

2255 3442 2496 3512 pendere
2540 3442 2776 3497 cultores
2807 3443 3093 3512 idolorum,
3141 3448 3237 3502 sed
3283 3463 3390 3503 non
3434 3449 3697 3505 fecerunt.
3738 3449 3835 3505 Ca-

2254 3535 2474 3606 pientur
2521 3534 2579 3589 in
2616 3535 2898 3605 iniquitate
2925 3550 3043 3603 sua,
3095 3553 3196 3595 nec
3236 3539 3607 3596 liberabuntur
3639 3541 3830 3597 auxilio

2256 3624 2483 3684 deorum
2510 3643 2752 3684 suorum.
3660 3622 3680 3643 '

2333 3738 2353 3771 ι
2397 3719 2722 3778 Mementote
2751 3722 2945 3779 horum
2974 3723 3163 3794 Iacob,
3195 3734 3253 3782 et
3275 3727 3470 3794 lsrael,
3496 3731 3625 3799 quia
3659 3744 3832 3785 servus

2256 3824 2410 3869 meus
2439 3827 2499 3869 es
2524 3820 2601 3868 tu.
2636 3834 2655 3868 ι
2684 3814 2840 3871 Modo
2865 3815 3159 3887 alloquitur
3178 3819 3437 3889 populum
3464 3820 3831 3883 lsraeliticum,

2256 3915 2315 3963 et
2342 3906 2527 3962 fideles
2571 3907 2663 3977 qui
2702 3908 2756 3963 in
2787 3911 3023 3966 adventu
3066 3912 3280 3967 Domini
3309 3914 3683 3971 crediderunt.
3712 3914 3832 3971 Cum

2255 3998 2439 4054 omnia
2461 3999 2532 4053 ita
2565 4000 2755 4055 sintut
2779 4000 2910 4067 dixi,
2941 4011 2997 4058 et
3026 4003 3169 4059 idola
3195 4005 3335 4061 scias
3358 4021 3481 4062 esse
3504 4007 3759 4079 figmenta
3786 4016 3831 4063 et

2257 4092 2673 4162 compositiones
2704 4094 2981 4150 hominum
3013 4114 3025 4150 :
3068 4116 3088 4149 ι
3124 4113 3223 4153 nec
3253 4099 3623 4169 obliviscaris,
3660 4123 3680 4154 ι
3721 4101 3832 4156 ols-

2257 4182 2394 4248 rael,
2422 4201 2441 4234 ι
2461 4185 2722 4240 creatoris
2748 4187 2845 4253 tui,
2868 4206 2885 4238 ι
2914 4197 2971 4242 ιιι
2989 4189 3183 4245 adores
3210 4190 3371 4257 idola,
3387 4206 3511 4262 quae
3533 4193 3594 4248 in
3617 4195 3829 4249 adventu

2257 4262 2379 4329 Filii
2404 4276 2509 4331 mei
2532 4277 2854 4333 destruenda
2876 4286 3025 4346 sunt,
3042 4281 3245 4352 tibique
3265 4281 3369 4354 ipsi
3393 4282 3662 4354 injuriam
3684 4284 3829 4339 facias

2256 4374 2317 4423 ut
2342 4366 2533 4425 adores
2561 4385 2724 4441 opera
2751 4386 3006 4428 manuum
3037 4382 3267 4429 tuarum.

2334 4488 2353 4521 ι
2391 4470 2594 4539 Delevi,
2632 4491 2650 4524 ι
2684 4488 2784 4545 pro
2817 4489 2883 4530 eo
2924 4475 3071 4545 quod
3112 4487 3194 4532 est
3238 4477 3451 4545 delebo,
3490 4497 3509 4531 ι
3549 4494 3615 4538 ιιι
3655 4482 3823 4537 nubem

2258 4556 2572 4639 iniquitates
2611 4573 2750 4631 tuas,
2782 4575 2840 4621 et
2863 4568 3016 4637 quasi
3044 4568 3293 4624 nebulam
3320 4580 3555 4643 peccata
3590 4583 3700 4629 tua.
3732 4594 3747 4624 ι
3780 4570 3829 4625 Si

2259 4657 2494 4713 audieris
2518 4674 2625 4726 me,
2659 4654 2855 4726 lsrael,
2887 4669 2941 4714 et
2966 4663 3261 4719 attenderis
3286 4679 3406 4735 quae
3435 4666 3543 4721 tibi
3576 4669 3828 4740 precipio,

2259 4748 2334 4806 ita
2386 4750 2574 4807 delebo
2601 4751 2655 4807 in
2683 4752 2918 4808 adventu
2966 4752 3087 4809 Filii
3131 4755 3237 4810 mei
3282 4756 3615 4829 iniquitates
3651 4772 3763 4816 tuas
3791 4769 3839 4814 et

2256 4852 2478 4916 peccata
2525 4852 2638 4910 tua,
2664 4844 2821 4903 sicuti
2869 4844 3181 4901 dissolvitur
3206 4848 3376 4903 nubes
3414 4852 3741 4916 tenebrosa,
3768 4848 3835 4904 vel

2257 4930 2448 4989 nebula
2476 4950 2505 4988 a
2531 4932 2712 4991 calore
2741 4934 2894 5002 solis,
2919 4936 3003 4992 vel
3036 4944 3198 4992 vento
3230 4947 3479 5008 raptante
3508 4952 3836 5000 attenuatur.

2264 5047 2283 5080 ι
2307 5027 2601 5083 Revertere
2628 5027 2696 5083 ad
2738 5044 2845 5093 me,
2875 5047 2893 5079 ι
2922 5043 2956 5083 o
2990 5028 3180 5096 lsrael,
3214 5039 3271 5086 et
3312 5045 3413 5103 age
3436 5035 3835 5102 paenitentiam.

2263 5140 2283 5173 ι
2320 5120 2571 5190 quoniam
2600 5118 2805 5177 redemi
2835 5126 2908 5187 te,
2949 5139 2967 5170 ›
2989 5136 3086 5190 pro
3113 5136 3179 5177 eo
3216 5122 3359 5195 quod
3385 5132 3475 5183 est
3501 5128 3839 5184 redimitus

2254 5214 2492 5295 pretioso
2514 5213 2774 5289 sanguine
2801 5202 2923 5275 Filii
2956 5215 3081 5270 mei.

2331 5324 2348 5354 .-
2372 5303 2630 5371 Laudate,
2655 5306 2800 5375 caeli,
2824 5308 3081 5379 quoniam
3106 5305 3234 5364 fecit
3253 5307 3842 5371 Dominusmiserieor-

2256 5395 2402 5463 diam
2428 5412 2551 5455 cum
2580 5396 2767 5464 Jacoh,
2795 5398 3019 5473 jubilate
3045 5408 3288 5457 extrema
3310 5406 3489 5456 teme.
3526 5421 3547 5455 ι
3585 5402 3703 5460 Per
3745 5418 3843 5460 ete-

2255 5487 2336 5557 los
2358 5489 2614 5555 debemus
2644 5491 2945 5563 intelligere
2966 5494 3207 5549 summas
3229 5491 3507 5564 angelicas
3538 5503 3847 5565 potestates

2250 5576 2307 5634 in
2348 5580 2486 5637 coelo
2539 5580 2856 5647 residentes,
2886 5591 2940 5637 et
2974 5598 3071 5652 per
3109 5588 3355 5645 extrema,
3392 5590 3563 5641 terrae
3591 5586 3848 5643 similiter

2248 5656 2522 5747 angelicas
2546 5679 2858 5742 potestates,
2885 5685 3003 5740 qua:
3046 5679 3286 5741 prtesunt
3330 5672 3658 5731 hominibus
3698 5675 3850 5730 habi~

2249 5758 2488 5814 tantibus
2546 5761 2599 5815 in
2655 5772 2819 5817 terra.
2878 5758 2975 5816 Vel
3026 5761 3190 5817 etiam
3252 5777 3351 5833 per
3388 5771 3653 5821 extrema
3694 5777 3849 5822 terra

566 5860 691 5908 nem
722 5850 823 5905 viri
862 5849 1018 5919 quasi
1066 5848 1370 5917 speciosum
1420 5848 1690 5904 hominem
1719 5848 2051 5905 habitantem
2087 5849 2143 5903 in
2245 5850 2469 5916 apostoli
2501 5858 2556 5905 et
2596 5853 2869 5921 prepbetae
2911 5830 3271 5922 intelligendi
3288 5830 3447 5914 sunt.
3475 5869 3729 5923 quorum
3760 5858 3848 5911 do-
