  <div class='ocr_page' id='page_1' title='image "/cluster/home/n/w/nwhite01/storage/ocr_20150623/116/hvd.32044015466881/473.png"; bbox 0 0 4016 6468; ppageno 0'>
   <div class='ocr_carea' id='block_1_1' title="bbox 523 292 629 351">
    <p class='ocr_par' dir='ltr' id='par_1_1' title="bbox 523 292 629 351">
     <span class='ocr_line' id='line_1_1' title="bbox 523 292 629 351; baseline -0.019 0"><span class='ocrx_word' id='word_1_1' title='bbox 523 292 629 351; x_wconf 70' lang='grc'>945</span> 
     </span>
    </p>
   </div>
   <div class='ocr_carea' id='block_1_2' title="bbox 987 292 3313 352">
    <p class='ocr_par' dir='ltr' id='par_1_2' title="bbox 987 292 3313 352">
     <span class='ocr_line' id='line_1_2' title="bbox 987 292 3313 352; baseline 0.001 -4"><span class='ocrx_word' id='word_1_2' title='bbox 987 293 1344 350; x_wconf 79' lang='lat' dir='ltr'><strong>HAYMONIS</strong></span> <span class='ocrx_word' id='word_1_3' title='bbox 1385 292 1862 352; x_wconf 81' lang='lat' dir='ltr'><strong>IIALBERSTAT.</strong></span> <span class='ocrx_word' id='word_1_4' title='bbox 1901 295 2119 352; x_wconf 85' lang='lat' dir='ltr'><strong>EPISC.</strong></span> <span class='ocrx_word' id='word_1_5' title='bbox 2160 295 2310 352; x_wconf 84' lang='lat' dir='ltr'><strong>OPP.</strong></span> <span class='ocrx_word' id='word_1_6' title='bbox 2341 295 2540 352; x_wconf 83' lang='lat' dir='ltr'><strong>PARS.</strong></span> <span class='ocrx_word' id='word_1_7' title='bbox 2585 297 2624 350; x_wconf 96' lang='lat' dir='ltr'><strong>I.</strong></span> <span class='ocrx_word' id='word_1_8' title='bbox 2649 326 2719 336; x_wconf 93' lang='lat'><strong><em>—</em></strong></span> <span class='ocrx_word' id='word_1_9' title='bbox 2751 295 3104 352; x_wconf 81' lang='lat' dir='ltr'><strong>COMMENT.</strong></span> <span class='ocrx_word' id='word_1_10' title='bbox 3142 295 3313 350; x_wconf 87' lang='lat' dir='ltr'><strong>BIBL.</strong></span> 
     </span>
    </p>
   </div>
   <div class='ocr_carea' id='block_1_3' title="bbox 3689 299 3802 354">
    <p class='ocr_par' dir='ltr' id='par_1_3' title="bbox 3689 299 3802 354">
     <span class='ocr_line' id='line_1_3' title="bbox 3689 299 3802 354; baseline -0.009 0"><span class='ocrx_word' id='word_1_11' title='bbox 3689 299 3802 354; x_wconf 71' lang='lat' dir='ltr'><strong>9M</strong></span> 
     </span>
    </p>
   </div>
   <div class='ocr_carea' id='block_1_4' title="bbox 523 401 3803 480">
    <p class='ocr_par' dir='ltr' id='par_1_4' title="bbox 523 401 3803 480">
     <span class='ocr_line' id='line_1_4' title="bbox 523 401 3803 480; baseline -0.001 -17"><span class='ocrx_word' id='word_1_12' title='bbox 523 406 720 480; x_wconf 90' lang='lat' dir='ltr'><strong>(inquit</strong></span> <span class='ocrx_word' id='word_1_13' title='bbox 748 407 938 461; x_wconf 90' lang='lat' dir='ltr'><strong>beatus</strong></span> <span class='ocrx_word' id='word_1_14' title='bbox 978 405 1400 478; x_wconf 86' lang='lat' dir='ltr'><strong>Hieronymus)?</strong></span> <span class='ocrx_word' id='word_1_15' title='bbox 1429 406 1561 473; x_wconf 83' lang='lat' dir='ltr'><strong>Quis</strong></span> <span class='ocrx_word' id='word_1_16' title='bbox 1590 423 1695 461; x_wconf 88' lang='lat' dir='ltr'><strong>non</strong></span> <span class='ocrx_word' id='word_1_17' title='bbox 1724 423 1910 478; x_wconf 87' lang='lat' dir='ltr'><strong>regum</strong></span> <span class='ocrx_word' id='word_1_18' title='bbox 1950 414 2098 478; x_wconf 87' lang='lat' dir='ltr'><strong>terga</strong></span> <span class='ocrx_word' id='word_1_19' title='bbox 2125 417 2174 476; x_wconf 81' lang='grc' dir='ltr'>Α</span> <span class='ocrx_word' id='word_1_20' title='bbox 2200 405 2344 470; x_wconf 91' lang='lat' dir='ltr'><strong>bras,</strong></span> <span class='ocrx_word' id='word_1_21' title='bbox 2387 425 2405 458; x_wconf 78' lang='grc' dir='ltr'><strong><em>ι</em></strong></span> <span class='ocrx_word' id='word_1_22' title='bbox 2439 405 2491 459; x_wconf 88' lang='lat' dir='ltr'><strong>id</strong></span> <span class='ocrx_word' id='word_1_23' title='bbox 2519 412 2606 459; x_wconf 89' lang='lat' dir='ltr'><strong>est</strong></span> <span class='ocrx_word' id='word_1_24' title='bbox 2629 412 2838 460; x_wconf 89' lang='lat' dir='ltr'><strong>noctem</strong></span> <span class='ocrx_word' id='word_1_25' title='bbox 2873 421 2883 456; x_wconf 93' lang='lat'><strong>:</strong></span> <span class='ocrx_word' id='word_1_26' title='bbox 2919 421 2936 453; x_wconf 74' lang='grc' dir='ltr'>ι</span> <span class='ocrx_word' id='word_1_27' title='bbox 2976 401 3182 458; x_wconf 80' lang='lat' dir='ltr'><strong>faciens</strong></span> <span class='ocrx_word' id='word_1_28' title='bbox 3226 417 3440 473; x_wconf 90' lang='lat' dir='ltr'><strong>pacem,</strong></span> <span class='ocrx_word' id='word_1_29' title='bbox 3483 412 3539 458; x_wconf 90' lang='lat' dir='ltr'><strong>et</strong></span> <span class='ocrx_word' id='word_1_30' title='bbox 3591 419 3803 464; x_wconf 80' lang='lat' dir='ltr'><strong>creans</strong></span> 
     </span>
    </p>
   </div>
   <div class='ocr_carea' id='block_1_5' title="bbox 523 497 2102 570">
    <p class='ocr_par' dir='ltr' id='par_1_5' title="bbox 523 497 2102 570">
     <span class='ocr_line' id='line_1_5' title="bbox 523 497 2102 570; baseline -0.004 -14"><span class='ocrx_word' id='word_1_31' title='bbox 523 500 751 570; x_wconf 88' lang='lat' dir='ltr'><strong>subjecit</strong></span> <span class='ocrx_word' id='word_1_32' title='bbox 796 498 906 552; x_wconf 88' lang='lat' dir='ltr'><strong>illi?</strong></span> <span class='ocrx_word' id='word_1_33' title='bbox 959 497 1058 564; x_wconf 91' lang='lat' dir='ltr'><strong>Qui</strong></span> <span class='ocrx_word' id='word_1_34' title='bbox 1109 499 1266 560; x_wconf 89' lang='lat' dir='ltr'><strong>muri,</strong></span> <span class='ocrx_word' id='word_1_35' title='bbox 1297 498 1446 568; x_wconf 88' lang='lat' dir='ltr'><strong>prius</strong></span> <span class='ocrx_word' id='word_1_36' title='bbox 1478 497 1952 568; x_wconf 77' lang='lat' dir='ltr'><strong>inexpugnabiles,</strong></span> <span class='ocrx_word' id='word_1_37' title='bbox 1995 511 2102 550; x_wconf 90' lang='lat' dir='ltr'><strong>non</strong></span> 
     </span>
    </p>
   </div>
   <div class='ocr_carea' id='block_1_6' title="bbox 522 587 2103 657">
    <p class='ocr_par' dir='ltr' id='par_1_6' title="bbox 522 587 2103 657">
     <span class='ocr_line' id='line_1_6' title="bbox 522 587 2103 657; baseline -0.004 -9"><span class='ocrx_word' id='word_1_38' title='bbox 522 593 671 648; x_wconf 92' lang='lat' dir='ltr'><strong>illius</strong></span> <span class='ocrx_word' id='word_1_39' title='bbox 720 591 997 646; x_wconf 79' lang='lat' dir='ltr'><strong>obsidione</strong></span> <span class='ocrx_word' id='word_1_40' title='bbox 1049 589 1290 643; x_wconf 80' lang='lat' dir='ltr'><strong>subversi</strong></span> <span class='ocrx_word' id='word_1_41' title='bbox 1354 589 1512 643; x_wconf 87' lang='lat' dir='ltr'><strong>sunt?</strong></span> <span class='ocrx_word' id='word_1_42' title='bbox 1561 589 1687 642; x_wconf 84' lang='lat' dir='ltr'><strong>Haec</strong></span> <span class='ocrx_word' id='word_1_43' title='bbox 1745 588 1837 657; x_wconf 90' lang='lat' dir='ltr'><strong>qui</strong></span> <span class='ocrx_word' id='word_1_44' title='bbox 1895 587 2103 656; x_wconf 81' lang='lat' dir='ltr'><strong>plenius</strong></span> 
     </span>
    </p>
   </div>
   <div class='ocr_carea' id='block_1_7' title="bbox 523 678 2103 752">
    <p class='ocr_par' dir='ltr' id='par_1_7' title="bbox 523 678 2103 752">
     <span class='ocr_line' id='line_1_7' title="bbox 523 678 2103 752; baseline -0.004 -14"><span class='ocrx_word' id='word_1_45' title='bbox 523 697 854 752; x_wconf 74' lang='lat' dir='ltr'><strong>cognoscere</strong></span> <span class='ocrx_word' id='word_1_46' title='bbox 913 681 1046 746; x_wconf 95' lang='lat' dir='ltr'><strong>vult,</strong></span> <span class='ocrx_word' id='word_1_47' title='bbox 1093 680 1232 746; x_wconf 86' lang='lat' dir='ltr'><strong>legat</strong></span> <span class='ocrx_word' id='word_1_48' title='bbox 1277 680 1556 733; x_wconf 72' lang='lat' dir='ltr'><strong>historiam</strong></span> <span class='ocrx_word' id='word_1_49' title='bbox 1621 678 1988 747; x_wconf 81' lang='lat' dir='ltr'><strong>XenOphontis</strong></span> <span class='ocrx_word' id='word_1_50' title='bbox 2037 678 2103 731; x_wconf 91' lang='lat' dir='ltr'><strong>de</strong></span> 
     </span>
    </p>
   </div>
   <div class='ocr_carea' id='block_1_8' title="bbox 521 769 2102 843">
    <p class='ocr_par' dir='ltr' id='par_1_8' title="bbox 521 769 2102 843">
     <span class='ocr_line' id='line_1_8' title="bbox 521 769 2102 843; baseline -0.004 -15"><span class='ocrx_word' id='word_1_51' title='bbox 521 772 662 843; x_wconf 84' lang='lat' dir='ltr'><strong>Cyro</strong></span> <span class='ocrx_word' id='word_1_52' title='bbox 715 771 938 840; x_wconf 86' lang='lat' dir='ltr'><strong>majore,</strong></span> <span class='ocrx_word' id='word_1_53' title='bbox 991 779 1045 823; x_wconf 88' lang='lat' dir='ltr'><strong>et</strong></span> <span class='ocrx_word' id='word_1_54' title='bbox 1091 769 1328 823; x_wconf 80' lang='lat' dir='ltr'><strong>inveniet</strong></span> <span class='ocrx_word' id='word_1_55' title='bbox 1375 784 1438 822; x_wconf 89' lang='lat' dir='ltr'><strong>ea</strong></span> <span class='ocrx_word' id='word_1_56' title='bbox 1496 784 1616 822; x_wconf 87' lang='lat' dir='ltr'><strong>esse</strong></span> <span class='ocrx_word' id='word_1_57' title='bbox 1663 769 1925 837; x_wconf 89' lang='lat' dir='ltr'><strong>completa</strong></span> <span class='ocrx_word' id='word_1_58' title='bbox 1982 783 2102 836; x_wconf 78' lang='lat' dir='ltr'><strong>quae</strong></span> 
     </span>
    </p>
   </div>
   <div class='ocr_carea' id='block_1_9' title="bbox 519 859 2010 934">
    <p class='ocr_par' dir='ltr' id='par_1_9' title="bbox 519 859 2010 934">
     <span class='ocr_line' id='line_1_9' title="bbox 519 859 2010 934; baseline -0.003 -18"><span class='ocrx_word' id='word_1_59' title='bbox 519 862 688 918; x_wconf 88' lang='lat' dir='ltr'><strong>Isaias</strong></span> <span class='ocrx_word' id='word_1_60' title='bbox 716 863 872 934; x_wconf 89' lang='lat' dir='ltr'><strong>longe</strong></span> <span class='ocrx_word' id='word_1_61' title='bbox 900 871 1022 915; x_wconf 88' lang='lat' dir='ltr'><strong>ante</strong></span> <span class='ocrx_word' id='word_1_62' title='bbox 1047 860 1324 930; x_wconf 57' lang='lat' dir='ltr'><strong>praedixit,</strong></span> <span class='ocrx_word' id='word_1_63' title='bbox 1357 860 1583 914; x_wconf 88' lang='lat' dir='ltr'><strong>Domino</strong></span> <span class='ocrx_word' id='word_1_64' title='bbox 1613 859 2010 913; x_wconf 76' lang='lat' dir='ltr'><strong>manifestante.</strong></span> 
     </span>
    </p>
   </div>
   <div class='ocr_carea' id='block_1_10' title="bbox 591 953 2102 1027">
    <p class='ocr_par' dir='ltr' id='par_1_10' title="bbox 591 953 2102 1027">
     <span class='ocr_line' id='line_1_10' title="bbox 591 953 2102 1027; baseline -0.003 -17"><span class='ocrx_word' id='word_1_65' title='bbox 591 954 617 1010; x_wconf 74' lang='grc' dir='ltr'>ἰ</span> <span class='ocrx_word' id='word_1_66' title='bbox 653 960 719 1013; x_wconf 86' lang='grc' dir='ltr'><strong>Ει</strong></span> <span class='ocrx_word' id='word_1_67' title='bbox 748 960 884 1012; x_wconf 90' lang='lat' dir='ltr'><strong>dabo</strong></span> <span class='ocrx_word' id='word_1_68' title='bbox 908 958 1021 1020; x_wconf 89' lang='lat' dir='ltr'><strong>tibi,</strong></span> <span class='ocrx_word' id='word_1_69' title='bbox 1063 977 1080 1008; x_wconf 86' lang='grc'><strong>›</strong></span> <span class='ocrx_word' id='word_1_70' title='bbox 1105 956 1261 1027; x_wconf 86' lang='lat' dir='ltr'><strong>Cyre,</strong></span> <span class='ocrx_word' id='word_1_71' title='bbox 1291 975 1308 1005; x_wconf 85' lang='grc'><em>‹</em></span> <span class='ocrx_word' id='word_1_72' title='bbox 1343 957 1624 1009; x_wconf 79' lang='lat' dir='ltr'><strong>thesauros</strong></span> <span class='ocrx_word' id='word_1_73' title='bbox 1660 974 1677 1005; x_wconf 71' lang='grc' dir='ltr'><strong>ι</strong></span> <span class='ocrx_word' id='word_1_74' title='bbox 1716 968 1900 1023; x_wconf 86' lang='lat' dir='ltr'><strong>regum</strong></span> <span class='ocrx_word' id='word_1_75' title='bbox 1923 972 1941 1002; x_wconf 87' lang='grc'><strong><em>‹</em></strong></span> <span class='ocrx_word' id='word_1_76' title='bbox 1981 953 2102 1006; x_wconf 87' lang='lat' dir='ltr'><strong>abs-</strong></span> 
     </span>
    </p>
   </div>
   <div class='ocr_carea' id='block_1_11' title="bbox 521 1048 2103 1111">
    <p class='ocr_par' dir='ltr' id='par_1_11' title="bbox 521 1048 2103 1111">
     <span class='ocr_line' id='line_1_11' title="bbox 521 1048 2103 1111; baseline -0.006 -4"><span class='ocrx_word' id='word_1_77' title='bbox 521 1052 769 1107; x_wconf 90' lang='lat' dir='ltr'><strong>conditos</strong></span> <span class='ocrx_word' id='word_1_78' title='bbox 802 1071 820 1102; x_wconf 69' lang='grc' dir='ltr'>ι</span> <span class='ocrx_word' id='word_1_79' title='bbox 861 1059 916 1104; x_wconf 91' lang='lat' dir='ltr'><strong>et</strong></span> <span class='ocrx_word' id='word_1_80' title='bbox 960 1050 1293 1103; x_wconf 89' lang='lat' dir='ltr'><strong>diversarum</strong></span> <span class='ocrx_word' id='word_1_81' title='bbox 1338 1048 1589 1111; x_wconf 88' lang='lat' dir='ltr'><strong>urbium,</strong></span> <span class='ocrx_word' id='word_1_82' title='bbox 1629 1065 1646 1097; x_wconf 77' lang='grc' dir='ltr'>ι</span> <span class='ocrx_word' id='word_1_83' title='bbox 1689 1056 1742 1098; x_wconf 84' lang='lat' dir='ltr'><strong>et</strong></span> <span class='ocrx_word' id='word_1_84' title='bbox 1785 1060 1979 1098; x_wconf 86' lang='lat' dir='ltr'><strong>arcana</strong></span> <span class='ocrx_word' id='word_1_85' title='bbox 2021 1058 2103 1098; x_wconf 87' lang='lat' dir='ltr'><strong>se-</strong></span> 
     </span>
    </p>
   </div>
   <div class='ocr_carea' id='block_1_12' title="bbox 519 1135 2100 1211">
    <p class='ocr_par' dir='ltr' id='par_1_12' title="bbox 519 1135 2100 1211">
     <span class='ocr_line' id='line_1_12' title="bbox 519 1135 2100 1211; baseline -0.007 -12"><span class='ocrx_word' id='word_1_86' title='bbox 519 1153 813 1209; x_wconf 89' lang='lat' dir='ltr'><strong>cretorum,</strong></span> <span class='ocrx_word' id='word_1_87' title='bbox 839 1163 856 1195; x_wconf 79' lang='lat' dir='ltr'><strong>t</strong></span> <span class='ocrx_word' id='word_1_88' title='bbox 884 1144 936 1196; x_wconf 92' lang='lat' dir='ltr'><strong>id</strong></span> <span class='ocrx_word' id='word_1_89' title='bbox 959 1153 1042 1197; x_wconf 92' lang='lat' dir='ltr'><strong>est</strong></span> <span class='ocrx_word' id='word_1_90' title='bbox 1068 1157 1129 1196; x_wconf 90' lang='lat' dir='ltr'><strong>ea</strong></span> <span class='ocrx_word' id='word_1_91' title='bbox 1155 1156 1274 1211; x_wconf 71' lang='lat' dir='ltr'><strong>qua:</strong></span> <span class='ocrx_word' id='word_1_92' title='bbox 1309 1156 1462 1210; x_wconf 76' lang='lat' dir='ltr'><strong>reges</strong></span> <span class='ocrx_word' id='word_1_93' title='bbox 1488 1148 1541 1192; x_wconf 90' lang='lat' dir='ltr'><strong>et</strong></span> <span class='ocrx_word' id='word_1_94' title='bbox 1565 1138 1761 1208; x_wconf 74' lang='lat' dir='ltr'><strong>regina:</strong></span> <span class='ocrx_word' id='word_1_95' title='bbox 1780 1139 1832 1191; x_wconf 94' lang='lat' dir='ltr'><strong>in</strong></span> <span class='ocrx_word' id='word_1_96' title='bbox 1860 1135 2100 1192; x_wconf 85' lang='lat' dir='ltr'><strong>conclavi</strong></span> 
     </span>
    </p>
   </div>
   <div class='ocr_carea' id='block_1_13' title="bbox 519 1229 2102 1315">
    <p class='ocr_par' dir='ltr' id='par_1_13' title="bbox 519 1229 2102 1315">
     <span class='ocr_line' id='line_1_13' title="bbox 519 1229 2102 1315; baseline -0.008 -25"><span class='ocrx_word' id='word_1_97' title='bbox 519 1251 732 1305; x_wconf 87' lang='lat' dir='ltr'><strong>semper</strong></span> <span class='ocrx_word' id='word_1_98' title='bbox 777 1235 1080 1298; x_wconf 82' lang='lat' dir='ltr'><strong>habebant,</strong></span> <span class='ocrx_word' id='word_1_99' title='bbox 1131 1233 1228 1286; x_wconf 89' lang='lat' dir='ltr'><strong>tibi</strong></span> <span class='ocrx_word' id='word_1_100' title='bbox 1273 1232 1431 1286; x_wconf 85' lang='lat' dir='ltr'><strong>dabo.</strong></span> <span class='ocrx_word' id='word_1_101' title='bbox 1488 1231 1555 1283; x_wconf 89' lang='lat' dir='ltr'><strong>Et</strong></span> <span class='ocrx_word' id='word_1_102' title='bbox 1600 1245 1766 1298; x_wconf 90' lang='lat' dir='ltr'><strong>quare</strong></span> <span class='ocrx_word' id='word_1_103' title='bbox 1805 1229 1945 1284; x_wconf 91' lang='lat' dir='ltr'><strong>hoc?</strong></span> <span class='ocrx_word' id='word_1_104' title='bbox 1991 1247 2008 1277; x_wconf 85' lang='grc'><em>‹</em></span> <span class='ocrx_word' id='word_1_105' title='bbox 2046 1236 2102 1315; x_wconf 50' lang='grc' dir='ltr'><strong>(μ</strong></span> 
     </span>
    </p>
   </div>
   <div class='ocr_carea' id='block_1_14' title="bbox 519 1319 2100 1395">
    <p class='ocr_par' dir='ltr' id='par_1_14' title="bbox 519 1319 2100 1395">
     <span class='ocr_line' id='line_1_14' title="bbox 519 1319 2100 1395; baseline -0.004 -16"><span class='ocrx_word' id='word_1_106' title='bbox 519 1327 683 1391; x_wconf 89' lang='lat' dir='ltr'><strong>scias,</strong></span> <span class='ocrx_word' id='word_1_107' title='bbox 711 1326 836 1395; x_wconf 84' lang='lat' dir='ltr'><strong>quia</strong></span> <span class='ocrx_word' id='word_1_108' title='bbox 863 1340 963 1395; x_wconf 93' lang='lat' dir='ltr'><strong>ego</strong></span> <span class='ocrx_word' id='word_1_109' title='bbox 987 1324 1266 1388; x_wconf 89' lang='lat' dir='ltr'><strong>Dominus,</strong></span> <span class='ocrx_word' id='word_1_110' title='bbox 1293 1322 1383 1391; x_wconf 89' lang='lat' dir='ltr'><strong>qui</strong></span> <span class='ocrx_word' id='word_1_111' title='bbox 1408 1336 1542 1375; x_wconf 92' lang='lat' dir='ltr'><strong>voco</strong></span> <span class='ocrx_word' id='word_1_112' title='bbox 1569 1335 1760 1373; x_wconf 92' lang='lat' dir='ltr'><strong>nomen</strong></span> <span class='ocrx_word' id='word_1_113' title='bbox 1786 1329 1935 1372; x_wconf 91' lang='lat' dir='ltr'><strong>tuum</strong></span> <span class='ocrx_word' id='word_1_114' title='bbox 1956 1319 2100 1372; x_wconf 87' lang='lat' dir='ltr'><strong>Deus</strong></span> 
     </span>
    </p>
   </div>
   <div class='ocr_carea' id='block_1_15' title="bbox 518 1407 2098 1486">
    <p class='ocr_par' dir='ltr' id='par_1_15' title="bbox 518 1407 2098 1486">
     <span class='ocr_line' id='line_1_15' title="bbox 518 1407 2098 1486; baseline -0.005 -16"><span class='ocrx_word' id='word_1_115' title='bbox 518 1417 700 1478; x_wconf 89' lang='lat' dir='ltr'><strong>Israel,</strong></span> <span class='ocrx_word' id='word_1_116' title='bbox 734 1437 752 1468; x_wconf 73' lang='grc' dir='ltr'><strong><em>ι</em></strong></span> <span class='ocrx_word' id='word_1_117' title='bbox 783 1417 940 1486; x_wconf 83' lang='lat' dir='ltr'><strong>longe</strong></span> <span class='ocrx_word' id='word_1_118' title='bbox 965 1425 1257 1484; x_wconf 86' lang='lat' dir='ltr'><strong>antequam</strong></span> <span class='ocrx_word' id='word_1_119' title='bbox 1285 1413 1547 1467; x_wconf 91' lang='lat' dir='ltr'><strong>nascaris.</strong></span> <span class='ocrx_word' id='word_1_120' title='bbox 1581 1409 1732 1464; x_wconf 88' lang='lat' dir='ltr'><strong>Sicut</strong></span> <span class='ocrx_word' id='word_1_121' title='bbox 1756 1409 1884 1464; x_wconf 94' lang='lat' dir='ltr'><strong>olim</strong></span> <span class='ocrx_word' id='word_1_122' title='bbox 1911 1407 2098 1463; x_wconf 89' lang='lat' dir='ltr'><strong>vocavi</strong></span> 
     </span>
    </p>
   </div>
   <div class='ocr_carea' id='block_1_16' title="bbox 518 1497 2100 1572">
    <p class='ocr_par' dir='ltr' id='par_1_16' title="bbox 518 1497 2100 1572">
     <span class='ocr_line' id='line_1_16' title="bbox 518 1497 2100 1572; baseline -0.003 -14"><span class='ocrx_word' id='word_1_123' title='bbox 518 1504 667 1560; x_wconf 88' lang='lat' dir='ltr'><strong>Isaac</strong></span> <span class='ocrx_word' id='word_1_124' title='bbox 690 1513 746 1558; x_wconf 91' lang='lat' dir='ltr'><strong>et</strong></span> <span class='ocrx_word' id='word_1_125' title='bbox 789 1504 975 1569; x_wconf 86' lang='lat' dir='ltr'><strong>Jacob,</strong></span> <span class='ocrx_word' id='word_1_126' title='bbox 1007 1512 1062 1558; x_wconf 91' lang='lat' dir='ltr'><strong>et</strong></span> <span class='ocrx_word' id='word_1_127' title='bbox 1095 1504 1263 1556; x_wconf 91' lang='lat' dir='ltr'><strong>multa</strong></span> <span class='ocrx_word' id='word_1_128' title='bbox 1310 1511 1433 1556; x_wconf 90' lang='lat' dir='ltr'><strong>ante</strong></span> <span class='ocrx_word' id='word_1_129' title='bbox 1466 1501 1690 1572; x_wconf 76' lang='lat' dir='ltr'><strong>praedixi</strong></span> <span class='ocrx_word' id='word_1_130' title='bbox 1735 1499 1800 1564; x_wconf 89' lang='lat' dir='ltr'><strong>de</strong></span> <span class='ocrx_word' id='word_1_131' title='bbox 1829 1509 1902 1562; x_wconf 92' lang='lat' dir='ltr'><strong>te,</strong></span> <span class='ocrx_word' id='word_1_132' title='bbox 1936 1507 1995 1552; x_wconf 91' lang='lat' dir='ltr'><strong>ut</strong></span> <span class='ocrx_word' id='word_1_133' title='bbox 2031 1497 2100 1553; x_wconf 90' lang='lat' dir='ltr'><strong>de</strong></span> 
     </span>
    </p>
   </div>
   <div class='ocr_carea' id='block_1_17' title="bbox 519 1591 2099 1662">
    <p class='ocr_par' dir='ltr' id='par_1_17' title="bbox 519 1591 2099 1662">
     <span class='ocr_line' id='line_1_17' title="bbox 519 1591 2099 1662; baseline -0.004 -14"><span class='ocrx_word' id='word_1_134' title='bbox 519 1596 667 1648; x_wconf 87' lang='lat' dir='ltr'><strong>Isaac</strong></span> <span class='ocrx_word' id='word_1_135' title='bbox 689 1605 742 1648; x_wconf 91' lang='lat' dir='ltr'><strong>et</strong></span> <span class='ocrx_word' id='word_1_136' title='bbox 765 1594 932 1649; x_wconf 86' lang='lat' dir='ltr'><strong>Josia.</strong></span> <span class='ocrx_word' id='word_1_137' title='bbox 961 1595 1026 1648; x_wconf 88' lang='lat' dir='ltr'><strong>Et</strong></span> <span class='ocrx_word' id='word_1_138' title='bbox 1048 1595 1151 1648; x_wconf 92' lang='lat' dir='ltr'><strong>hoc</strong></span> <span class='ocrx_word' id='word_1_139' title='bbox 1178 1607 1285 1647; x_wconf 91' lang='lat' dir='ltr'><strong>non</strong></span> <span class='ocrx_word' id='word_1_140' title='bbox 1311 1591 1414 1647; x_wconf 82' lang='lat' dir='ltr'><strong>feci</strong></span> <span class='ocrx_word' id='word_1_141' title='bbox 1439 1599 1660 1662; x_wconf 87' lang='lat' dir='ltr'><strong>propter</strong></span> <span class='ocrx_word' id='word_1_142' title='bbox 1687 1598 1759 1656; x_wconf 91' lang='lat' dir='ltr'><strong>te,</strong></span> <span class='ocrx_word' id='word_1_143' title='bbox 1784 1603 1958 1659; x_wconf 87' lang='lat' dir='ltr'><strong>neque</strong></span> <span class='ocrx_word' id='word_1_144' title='bbox 1997 1603 2099 1659; x_wconf 92' lang='lat' dir='ltr'><strong>pro</strong></span> 
     </span>
    </p>
   </div>
   <div class='ocr_carea' id='block_1_18' title="bbox 521 1685 1659 1750">
    <p class='ocr_par' dir='ltr' id='par_1_18' title="bbox 521 1685 1659 1750">
     <span class='ocr_line' id='line_1_18' title="bbox 521 1685 1659 1750; baseline -0.004 -10"><span class='ocrx_word' id='word_1_145' title='bbox 521 1695 613 1740; x_wconf 92' lang='lat' dir='ltr'><strong>tuo</strong></span> <span class='ocrx_word' id='word_1_146' title='bbox 639 1687 855 1750; x_wconf 90' lang='lat' dir='ltr'><strong>merito,</strong></span> <span class='ocrx_word' id='word_1_147' title='bbox 888 1685 982 1740; x_wconf 90' lang='lat' dir='ltr'><strong>sed</strong></span> <span class='ocrx_word' id='word_1_148' title='bbox 1013 1703 1026 1738; x_wconf 89' lang='lat'><strong>:</strong></span> <span class='ocrx_word' id='word_1_149' title='bbox 1643 1687 1659 1702; x_wconf 90' lang='lat'><strong><em>’</em></strong></span> 
     </span>
    </p>
   </div>
   <div class='ocr_carea' id='block_1_19' title="bbox 2205 493 3799 567">
    <p class='ocr_par' dir='ltr' id='par_1_19' title="bbox 2205 493 3799 567">
     <span class='ocr_line' id='line_1_19' title="bbox 2205 493 3799 567; baseline 0.002 -16"><span class='ocrx_word' id='word_1_150' title='bbox 2205 497 2425 563; x_wconf 90' lang='lat' dir='ltr'><strong>malum,</strong></span> <span class='ocrx_word' id='word_1_151' title='bbox 2473 517 2490 549; x_wconf 73' lang='grc' dir='ltr'><strong><em>ι</em></strong></span> <span class='ocrx_word' id='word_1_152' title='bbox 2524 497 2576 550; x_wconf 90' lang='lat' dir='ltr'><strong>id</strong></span> <span class='ocrx_word' id='word_1_153' title='bbox 2609 506 2693 551; x_wconf 91' lang='lat' dir='ltr'><strong>est</strong></span> <span class='ocrx_word' id='word_1_154' title='bbox 2717 495 2934 559; x_wconf 88' lang='lat' dir='ltr'><strong>bellum,</strong></span> <span class='ocrx_word' id='word_1_155' title='bbox 2965 495 3046 550; x_wconf 92' lang='lat' dir='ltr'><strong>vel</strong></span> <span class='ocrx_word' id='word_1_156' title='bbox 3073 493 3420 550; x_wconf 80' lang='lat' dir='ltr'><strong>afﬂictionem</strong></span> <span class='ocrx_word' id='word_1_157' title='bbox 3445 514 3465 564; x_wconf 17' lang='grc' dir='ltr'><strong>ὰς</strong></span> <span class='ocrx_word' id='word_1_158' title='bbox 3501 515 3520 548; x_wconf 72' lang='grc' dir='ltr'>ι</span> <span class='ocrx_word' id='word_1_159' title='bbox 3553 513 3670 567; x_wconf 82' lang='lat' dir='ltr'><strong>ego</strong></span> <span class='ocrx_word' id='word_1_160' title='bbox 3701 501 3799 554; x_wconf 90' lang='lat' dir='ltr'><strong>Do-</strong></span> 
     </span>
    </p>
   </div>
   <div class='ocr_carea' id='block_1_20' title="bbox 2204 583 3799 656">
    <p class='ocr_par' dir='ltr' id='par_1_20' title="bbox 2204 583 3799 656">
     <span class='ocr_line' id='line_1_20' title="bbox 2204 583 3799 656; baseline 0.003 -18"><span class='ocrx_word' id='word_1_161' title='bbox 2204 585 2384 639; x_wconf 89' lang='lat' dir='ltr'><strong>minus</strong></span> <span class='ocrx_word' id='word_1_162' title='bbox 2410 584 2612 639; x_wconf 82' lang='lat' dir='ltr'><strong>faciens</strong></span> <span class='ocrx_word' id='word_1_163' title='bbox 2639 586 2819 638; x_wconf 89' lang='lat' dir='ltr'><strong>omnia</strong></span> <span class='ocrx_word' id='word_1_164' title='bbox 2846 585 2980 637; x_wconf 71' lang='lat' dir='ltr'><strong>htec.</strong></span> <span class='ocrx_word' id='word_1_165' title='bbox 3026 603 3045 635; x_wconf 75' lang='grc' dir='ltr'><strong><em>ι</em></strong></span> <span class='ocrx_word' id='word_1_166' title='bbox 3077 583 3202 637; x_wconf 89' lang='lat' dir='ltr'><strong>Sive</strong></span> <span class='ocrx_word' id='word_1_167' title='bbox 3246 584 3410 638; x_wconf 87' lang='lat' dir='ltr'><strong>etiam</strong></span> <span class='ocrx_word' id='word_1_168' title='bbox 3440 585 3629 640; x_wconf 88' lang='lat' dir='ltr'><strong>lucem</strong></span> <span class='ocrx_word' id='word_1_169' title='bbox 3675 604 3799 656; x_wconf 85' lang='lat' dir='ltr'><strong>pos-</strong></span> 
     </span>
    </p>
   </div>
   <div class='ocr_carea' id='block_1_21' title="bbox 2205 674 3798 744">
    <p class='ocr_par' dir='ltr' id='par_1_21' title="bbox 2205 674 3798 744">
     <span class='ocr_line' id='line_1_21' title="bbox 2205 674 3798 744; baseline 0 -14"><span class='ocrx_word' id='word_1_170' title='bbox 2205 691 2389 730; x_wconf 87' lang='lat' dir='ltr'><strong>sumus</strong></span> <span class='ocrx_word' id='word_1_171' title='bbox 2418 675 2714 743; x_wconf 83' lang='lat' dir='ltr'><strong>intelligere</strong></span> <span class='ocrx_word' id='word_1_172' title='bbox 2737 674 3062 728; x_wconf 83' lang='lat' dir='ltr'><strong>laxationem</strong></span> <span class='ocrx_word' id='word_1_173' title='bbox 3095 674 3449 741; x_wconf 83' lang='lat' dir='ltr'><strong>captivitatis,</strong></span> <span class='ocrx_word' id='word_1_174' title='bbox 3474 685 3533 727; x_wconf 90' lang='lat' dir='ltr'><strong>et</strong></span> <span class='ocrx_word' id='word_1_175' title='bbox 3573 691 3683 744; x_wconf 89' lang='lat' dir='ltr'><strong>per</strong></span> <span class='ocrx_word' id='word_1_176' title='bbox 3723 688 3798 733; x_wconf 84' lang='lat' dir='ltr'><strong>te-</strong></span> 
     </span>
    </p>
   </div>
   <div class='ocr_carea' id='block_1_22' title="bbox 2204 765 3799 835">
    <p class='ocr_par' dir='ltr' id='par_1_22' title="bbox 2204 765 3799 835">
     <span class='ocr_line' id='line_1_22' title="bbox 2204 765 3799 835; baseline 0.001 -13"><span class='ocrx_word' id='word_1_177' title='bbox 2204 769 2400 822; x_wconf 86' lang='lat' dir='ltr'><strong>nebras</strong></span> <span class='ocrx_word' id='word_1_178' title='bbox 2443 767 2830 835; x_wconf 85' lang='lat' dir='ltr'><strong>captivitatem,</strong></span> <span class='ocrx_word' id='word_1_179' title='bbox 2861 774 2915 819; x_wconf 91' lang='lat' dir='ltr'><strong>et</strong></span> <span class='ocrx_word' id='word_1_180' title='bbox 2943 780 3040 834; x_wconf 86' lang='lat' dir='ltr'><strong>per</strong></span> <span class='ocrx_word' id='word_1_181' title='bbox 3067 765 3269 818; x_wconf 88' lang='lat' dir='ltr'><strong>malum</strong></span> <span class='ocrx_word' id='word_1_182' title='bbox 3322 767 3568 819; x_wconf 86' lang='lat' dir='ltr'><strong>laborem</strong></span> <span class='ocrx_word' id='word_1_183' title='bbox 3606 784 3620 818; x_wconf 91' lang='lat'><strong>:</strong></span> <span class='ocrx_word' id='word_1_184' title='bbox 3659 769 3799 824; x_wconf 89' lang='lat' dir='ltr'><strong>sicut</strong></span> 
     </span>
    </p>
   </div>
   <div class='ocr_carea' id='block_1_23' title="bbox 2203 853 3794 928">
    <p class='ocr_par' dir='ltr' id='par_1_23' title="bbox 2203 853 3794 928">
     <span class='ocr_line' id='line_1_23' title="bbox 2203 853 3794 928; baseline 0.001 -16"><span class='ocrx_word' id='word_1_185' title='bbox 2203 858 2257 912; x_wconf 91' lang='lat' dir='ltr'><strong>in</strong></span> <span class='ocrx_word' id='word_1_186' title='bbox 2299 856 2586 928; x_wconf 89' lang='lat' dir='ltr'><strong>Evangelio</strong></span> <span class='ocrx_word' id='word_1_187' title='bbox 2628 874 2640 909; x_wconf 93' lang='lat'><strong>:</strong></span> <span class='ocrx_word' id='word_1_188' title='bbox 2689 875 2708 905; x_wconf 72' lang='grc' dir='ltr'>ι</span> <span class='ocrx_word' id='word_1_189' title='bbox 2756 853 2989 919; x_wconf 77' lang='lat' dir='ltr'><strong>Suﬂicit,</strong></span> <span class='ocrx_word' id='word_1_190' title='bbox 3045 854 3249 923; x_wconf 87' lang='lat' dir='ltr'><strong>inquit,</strong></span> <span class='ocrx_word' id='word_1_191' title='bbox 3297 855 3405 909; x_wconf 90' lang='lat' dir='ltr'><strong>diei</strong></span> <span class='ocrx_word' id='word_1_192' title='bbox 3448 855 3670 911; x_wconf 87' lang='lat' dir='ltr'><strong>malitia</strong></span> <span class='ocrx_word' id='word_1_193' title='bbox 3701 875 3794 913; x_wconf 85' lang='lat' dir='ltr'><strong>sua</strong></span> 
     </span>
    </p>
   </div>
   <div class='ocr_carea' id='block_1_24' title="bbox 2203 944 3792 1017">
    <p class='ocr_par' dir='ltr' id='par_1_24' title="bbox 2203 944 3792 1017">
     <span class='ocr_line' id='line_1_24' title="bbox 2203 944 3792 1017; baseline 0.002 -18"><span class='ocrx_word' id='word_1_194' title='bbox 2203 945 2406 1017; x_wconf 73' lang='lat' dir='ltr'><strong>(Manli</strong></span> <span class='ocrx_word' id='word_1_195' title='bbox 2475 944 2598 1016; x_wconf 89' lang='lat' dir='ltr'><strong>vt),</strong></span> <span class='ocrx_word' id='word_1_196' title='bbox 2662 964 2680 996; x_wconf 71' lang='grc' dir='ltr'><strong><em>ι</em></strong></span> <span class='ocrx_word' id='word_1_197' title='bbox 2736 945 2786 999; x_wconf 90' lang='lat' dir='ltr'><strong>id</strong></span> <span class='ocrx_word' id='word_1_198' title='bbox 2838 953 2922 998; x_wconf 91' lang='lat' dir='ltr'><strong>est</strong></span> <span class='ocrx_word' id='word_1_199' title='bbox 2965 944 3118 998; x_wconf 81' lang='lat' dir='ltr'><strong>labor</strong></span> <span class='ocrx_word' id='word_1_200' title='bbox 3162 959 3312 998; x_wconf 91' lang='lat' dir='ltr'><strong>suus.</strong></span> <span class='ocrx_word' id='word_1_201' title='bbox 3362 945 3492 1000; x_wconf 81' lang='lat' dir='ltr'><strong>Acsi</strong></span> <span class='ocrx_word' id='word_1_202' title='bbox 3540 947 3792 1003; x_wconf 85' lang='lat' dir='ltr'><strong>diceret:</strong></span> 
     </span>
    </p>
   </div>
   <div class='ocr_carea' id='block_1_25' title="bbox 2202 1037 3794 1109">
    <p class='ocr_par' dir='ltr' id='par_1_25' title="bbox 2202 1037 3794 1109">
     <span class='ocr_line' id='line_1_25' title="bbox 2202 1037 3794 1109; baseline 0.001 -17"><span class='ocrx_word' id='word_1_203' title='bbox 2202 1039 2312 1109; x_wconf 88' lang='lat' dir='ltr'><strong>Ego</strong></span> <span class='ocrx_word' id='word_1_204' title='bbox 2341 1038 2600 1092; x_wconf 89' lang='lat' dir='ltr'><strong>Dominus</strong></span> <span class='ocrx_word' id='word_1_205' title='bbox 2623 1039 2713 1107; x_wconf 91' lang='lat' dir='ltr'><strong>qui</strong></span> <span class='ocrx_word' id='word_1_206' title='bbox 2740 1053 2836 1092; x_wconf 91' lang='lat' dir='ltr'><strong>vos</strong></span> <span class='ocrx_word' id='word_1_207' title='bbox 2861 1037 3002 1091; x_wconf 90' lang='lat' dir='ltr'><strong>male</strong></span> <span class='ocrx_word' id='word_1_208' title='bbox 3031 1047 3253 1107; x_wconf 84' lang='lat' dir='ltr'><strong>agentes</strong></span> <span class='ocrx_word' id='word_1_209' title='bbox 3278 1047 3334 1094; x_wconf 93' lang='lat' dir='ltr'><strong>et</strong></span> <span class='ocrx_word' id='word_1_210' title='bbox 3358 1055 3389 1092; x_wconf 91' lang='lat' dir='ltr'><strong>a</strong></span> <span class='ocrx_word' id='word_1_211' title='bbox 3416 1055 3509 1092; x_wconf 88' lang='lat' dir='ltr'><strong>me</strong></span> <span class='ocrx_word' id='word_1_212' title='bbox 3544 1039 3794 1094; x_wconf 80' lang='lat' dir='ltr'><strong>receden-</strong></span> 
     </span>
    </p>
   </div>
   <div class='ocr_carea' id='block_1_26' title="bbox 2203 1129 3789 1199">
    <p class='ocr_par' dir='ltr' id='par_1_26' title="bbox 2203 1129 3789 1199">
     <span class='ocr_line' id='line_1_26' title="bbox 2203 1129 3789 1199; baseline 0.003 -18"><span class='ocrx_word' id='word_1_213' title='bbox 2203 1138 2284 1184; x_wconf 88' lang='lat' dir='ltr'><strong>tes</strong></span> <span class='ocrx_word' id='word_1_214' title='bbox 2318 1130 2370 1182; x_wconf 91' lang='lat' dir='ltr'><strong>in</strong></span> <span class='ocrx_word' id='word_1_215' title='bbox 2392 1129 2760 1199; x_wconf 86' lang='lat' dir='ltr'><strong>captivitatem</strong></span> <span class='ocrx_word' id='word_1_216' title='bbox 2791 1130 3120 1193; x_wconf 87' lang='lat' dir='ltr'><strong>transmitto,</strong></span> <span class='ocrx_word' id='word_1_217' title='bbox 3146 1138 3201 1183; x_wconf 93' lang='lat' dir='ltr'><strong>et</strong></span> <span class='ocrx_word' id='word_1_218' title='bbox 3221 1132 3421 1184; x_wconf 84' lang='lat' dir='ltr'><strong>iterum</strong></span> <span class='ocrx_word' id='word_1_219' title='bbox 3450 1137 3789 1185; x_wconf 83' lang='lat' dir='ltr'><strong>revertentes</strong></span> 
     </span>
    </p>
   </div>
   <div class='ocr_carea' id='block_1_27' title="bbox 2202 1221 3786 1294">
    <p class='ocr_par' dir='ltr' id='par_1_27' title="bbox 2202 1221 3786 1294">
     <span class='ocr_line' id='line_1_27' title="bbox 2202 1221 3786 1294; baseline 0.003 -20"><span class='ocrx_word' id='word_1_220' title='bbox 2202 1221 2268 1274; x_wconf 88' lang='lat' dir='ltr'><strong>ad</strong></span> <span class='ocrx_word' id='word_1_221' title='bbox 2294 1237 2377 1276; x_wconf 90' lang='lat' dir='ltr'><strong>me</strong></span> <span class='ocrx_word' id='word_1_222' title='bbox 2403 1237 2537 1291; x_wconf 91' lang='lat' dir='ltr'><strong>puro</strong></span> <span class='ocrx_word' id='word_1_223' title='bbox 2558 1222 2624 1276; x_wconf 91' lang='lat' dir='ltr'><strong>de</strong></span> <span class='ocrx_word' id='word_1_224' title='bbox 2653 1221 2835 1286; x_wconf 88' lang='lat' dir='ltr'><strong>corde,</strong></span> <span class='ocrx_word' id='word_1_225' title='bbox 2868 1222 3066 1276; x_wconf 85' lang='lat' dir='ltr'><strong>reduco</strong></span> <span class='ocrx_word' id='word_1_226' title='bbox 3087 1223 3142 1276; x_wconf 92' lang='lat' dir='ltr'><strong>in</strong></span> <span class='ocrx_word' id='word_1_227' title='bbox 3165 1223 3402 1294; x_wconf 86' lang='lat' dir='ltr'><strong>patriam</strong></span> <span class='ocrx_word' id='word_1_228' title='bbox 3424 1225 3673 1293; x_wconf 77' lang='lat' dir='ltr'><strong>propriae</strong></span> <span class='ocrx_word' id='word_1_229' title='bbox 3698 1225 3786 1279; x_wconf 84' lang='lat' dir='ltr'><strong>tel-</strong></span> 
     </span>
    </p>
   </div>
   <div class='ocr_carea' id='block_1_28' title="bbox 2200 1308 2352 1363">
    <p class='ocr_par' dir='ltr' id='par_1_28' title="bbox 2200 1308 2352 1363">
     <span class='ocr_line' id='line_1_28' title="bbox 2200 1308 2352 1363; baseline -0.007 -1"><span class='ocrx_word' id='word_1_230' title='bbox 2200 1308 2352 1363; x_wconf 91' lang='lat' dir='ltr'><strong>luris.</strong></span> 
     </span>
    </p>
   </div>
   <div class='ocr_carea' id='block_1_29' title="bbox 2278 1401 3784 1472">
    <p class='ocr_par' dir='ltr' id='par_1_29' title="bbox 2278 1401 3784 1472">
     <span class='ocr_line' id='line_1_29' title="bbox 2278 1401 3784 1472; baseline 0.003 -21"><span class='ocrx_word' id='word_1_231' title='bbox 2278 1419 2296 1451; x_wconf 85' lang='grc'><em>‹</em></span> <span class='ocrx_word' id='word_1_232' title='bbox 2334 1401 2552 1466; x_wconf 80' lang='lat' dir='ltr'><strong>Rorate,</strong></span> <span class='ocrx_word' id='word_1_233' title='bbox 2584 1401 2730 1468; x_wconf 64' lang='lat' dir='ltr'><strong>caeli,</strong></span> <span class='ocrx_word' id='word_1_234' title='bbox 2762 1401 3014 1472; x_wconf 85' lang='lat' dir='ltr'><strong>desuper.</strong></span> <span class='ocrx_word' id='word_1_235' title='bbox 3049 1410 3104 1456; x_wconf 91' lang='lat' dir='ltr'><strong>et</strong></span> <span class='ocrx_word' id='word_1_236' title='bbox 3131 1402 3300 1457; x_wconf 87' lang='lat' dir='ltr'><strong>nubes</strong></span> <span class='ocrx_word' id='word_1_237' title='bbox 3327 1402 3527 1472; x_wconf 89' lang='lat' dir='ltr'><strong>pluant</strong></span> <span class='ocrx_word' id='word_1_238' title='bbox 3551 1401 3784 1471; x_wconf 90' lang='lat' dir='ltr'><strong>justum,</strong></span> 
     </span>
    </p>
   </div>
   <div class='ocr_carea' id='block_1_30' title="bbox 2202 1494 3784 1565">
    <p class='ocr_par' dir='ltr' id='par_1_30' title="bbox 2202 1494 3784 1565">
     <span class='ocr_line' id='line_1_30' title="bbox 2202 1494 3784 1565; baseline 0.001 -17"><span class='ocrx_word' id='word_1_239' title='bbox 2202 1494 2476 1564; x_wconf 88' lang='lat' dir='ltr'><strong>aperiatur</strong></span> <span class='ocrx_word' id='word_1_240' title='bbox 2507 1504 2649 1549; x_wconf 88' lang='lat' dir='ltr'><strong>terra</strong></span> <span class='ocrx_word' id='word_1_241' title='bbox 2693 1504 2748 1549; x_wconf 90' lang='lat' dir='ltr'><strong>et</strong></span> <span class='ocrx_word' id='word_1_242' title='bbox 2789 1497 3058 1565; x_wconf 82' lang='lat' dir='ltr'><strong>germinet</strong></span> <span class='ocrx_word' id='word_1_243' title='bbox 3087 1494 3452 1560; x_wconf 88' lang='lat' dir='ltr'><strong>Salvatorem,</strong></span> <span class='ocrx_word' id='word_1_244' title='bbox 3489 1505 3551 1549; x_wconf 87' lang='lat' dir='ltr'><strong>et</strong></span> <span class='ocrx_word' id='word_1_245' title='bbox 3583 1495 3784 1565; x_wconf 71' lang='lat' dir='ltr'><strong>justiti:</strong></span> 
     </span>
    </p>
   </div>
   <div class='ocr_carea' id='block_1_31' title="bbox 2199 1587 3784 1658">
    <p class='ocr_par' dir='ltr' id='par_1_31' title="bbox 2199 1587 3784 1658">
     <span class='ocr_line' id='line_1_31' title="bbox 2199 1587 3784 1658; baseline -0.001 -15"><span class='ocrx_word' id='word_1_246' title='bbox 2199 1589 2406 1643; x_wconf 91' lang='lat' dir='ltr'><strong>oriatur</strong></span> <span class='ocrx_word' id='word_1_247' title='bbox 2430 1588 2607 1642; x_wconf 89' lang='lat' dir='ltr'><strong>simul.</strong></span> <span class='ocrx_word' id='word_1_248' title='bbox 2647 1607 2665 1638; x_wconf 74' lang='grc' dir='ltr'><strong>ι</strong></span> <span class='ocrx_word' id='word_1_249' title='bbox 2700 1587 2950 1658; x_wconf 89' lang='lat' dir='ltr'><strong>Loquens</strong></span> <span class='ocrx_word' id='word_1_250' title='bbox 2987 1590 3233 1658; x_wconf 88' lang='lat' dir='ltr'><strong>superius</strong></span> <span class='ocrx_word' id='word_1_251' title='bbox 3265 1603 3446 1642; x_wconf 88' lang='lat' dir='ltr'><strong>sermo</strong></span> <span class='ocrx_word' id='word_1_252' title='bbox 3477 1588 3702 1641; x_wconf 84' lang='lat' dir='ltr'><strong>divinus</strong></span> <span class='ocrx_word' id='word_1_253' title='bbox 3730 1589 3784 1642; x_wconf 76' lang='lat' dir='ltr'><strong>de</strong></span> 
     </span>
    </p>
   </div>
   <div class='ocr_carea' id='block_1_32' title="bbox 2199 1680 3779 1752">
    <p class='ocr_par' dir='ltr' id='par_1_32' title="bbox 2199 1680 3779 1752">
     <span class='ocr_line' id='line_1_32' title="bbox 2199 1680 3779 1752; baseline -0.001 -16"><span class='ocrx_word' id='word_1_254' title='bbox 2199 1680 2338 1752; x_wconf 89' lang='lat' dir='ltr'><strong>Cyro</strong></span> <span class='ocrx_word' id='word_1_255' title='bbox 2366 1696 2490 1751; x_wconf 90' lang='lat' dir='ltr'><strong>rege</strong></span> <span class='ocrx_word' id='word_1_256' title='bbox 2515 1680 2800 1734; x_wconf 82' lang='lat' dir='ltr'><strong>Persarum</strong></span> <span class='ocrx_word' id='word_1_257' title='bbox 2830 1682 2921 1749; x_wconf 87' lang='lat' dir='ltr'><strong>qui</strong></span> <span class='ocrx_word' id='word_1_258' title='bbox 2947 1681 3318 1750; x_wconf 84' lang='lat' dir='ltr'><strong>captivitatem</strong></span> <span class='ocrx_word' id='word_1_259' title='bbox 3347 1681 3651 1744; x_wconf 77' lang='lat' dir='ltr'><strong>relaxavit,</strong></span> <span class='ocrx_word' id='word_1_260' title='bbox 3668 1697 3779 1752; x_wconf 52' lang='lat' dir='ltr'><strong>qur</strong></span> 
     </span>
    </p>
   </div>
   <div class='ocr_carea' id='block_1_33' title="bbox 594 1770 3775 1846">
    <p class='ocr_par' dir='ltr' id='par_1_33' title="bbox 594 1770 3775 1846">
     <span class='ocr_line' id='line_1_33' title="bbox 594 1770 3775 1846; baseline -0 -19"><span class='ocrx_word' id='word_1_261' title='bbox 594 1793 612 1826; x_wconf 74' lang='grc' dir='ltr'>ι</span> <span class='ocrx_word' id='word_1_262' title='bbox 657 1775 882 1843; x_wconf 82' lang='lat' dir='ltr'><strong>Propter</strong></span> <span class='ocrx_word' id='word_1_263' title='bbox 914 1789 1128 1829; x_wconf 89' lang='lat' dir='ltr'><strong>servum</strong></span> <span class='ocrx_word' id='word_1_264' title='bbox 1158 1789 1338 1828; x_wconf 89' lang='lat' dir='ltr'><strong>meum</strong></span> <span class='ocrx_word' id='word_1_265' title='bbox 1358 1771 1546 1836; x_wconf 83' lang='lat' dir='ltr'><strong>Jacob,</strong></span> <span class='ocrx_word' id='word_1_266' title='bbox 1579 1780 1634 1827; x_wconf 90' lang='lat' dir='ltr'><strong>et</strong></span> <span class='ocrx_word' id='word_1_267' title='bbox 1672 1771 1834 1826; x_wconf 87' lang='lat' dir='ltr'><strong>Israel</strong></span> <span class='ocrx_word' id='word_1_268' title='bbox 1862 1770 2090 1826; x_wconf 90' lang='lat' dir='ltr'><strong>electum</strong></span> <span class='ocrx_word' id='word_1_269' title='bbox 2121 1787 2168 1846; x_wconf 79' lang='grc' dir='ltr'><strong>Β</strong></span> <span class='ocrx_word' id='word_1_270' title='bbox 2197 1773 2322 1827; x_wconf 89' lang='lat' dir='ltr'><strong>liter</strong></span> <span class='ocrx_word' id='word_1_271' title='bbox 2347 1782 2471 1826; x_wconf 89' lang='lat' dir='ltr'><strong>ante</strong></span> <span class='ocrx_word' id='word_1_272' title='bbox 2499 1773 2653 1843; x_wconf 84' lang='lat' dir='ltr'><strong>longe</strong></span> <span class='ocrx_word' id='word_1_273' title='bbox 2677 1772 2993 1843; x_wconf 67' lang='lat' dir='ltr'><strong>praadictum</strong></span> <span class='ocrx_word' id='word_1_274' title='bbox 3034 1774 3104 1826; x_wconf 91' lang='lat' dir='ltr'><strong>sit</strong></span> <span class='ocrx_word' id='word_1_275' title='bbox 3133 1789 3162 1826; x_wconf 90' lang='lat' dir='ltr'><strong>a</strong></span> <span class='ocrx_word' id='word_1_276' title='bbox 3210 1772 3437 1826; x_wconf 91' lang='lat' dir='ltr'><strong>Domino</strong></span> <span class='ocrx_word' id='word_1_277' title='bbox 3476 1789 3490 1824; x_wconf 92' lang='lat'><strong>:</strong></span> <span class='ocrx_word' id='word_1_278' title='bbox 3529 1788 3679 1826; x_wconf 91' lang='lat' dir='ltr'><strong>nunc</strong></span> <span class='ocrx_word' id='word_1_279' title='bbox 3722 1774 3775 1826; x_wconf 87' lang='lat' dir='ltr'><strong>de</strong></span> 
     </span>
    </p>
   </div>
   <div class='ocr_carea' id='block_1_34' title="bbox 517 1865 2097 1934">
    <p class='ocr_par' dir='ltr' id='par_1_34' title="bbox 517 1865 2097 1934">
     <span class='ocr_line' id='line_1_34' title="bbox 517 1865 2097 1934; baseline -0.002 -15"><span class='ocrx_word' id='word_1_280' title='bbox 517 1880 718 1930; x_wconf 89' lang='lat' dir='ltr'><strong>meum,</strong></span> <span class='ocrx_word' id='word_1_281' title='bbox 752 1884 770 1916; x_wconf 72' lang='grc' dir='ltr'><strong>ι</strong></span> <span class='ocrx_word' id='word_1_282' title='bbox 808 1875 866 1919; x_wconf 92' lang='lat' dir='ltr'><strong>ut</strong></span> <span class='ocrx_word' id='word_1_283' title='bbox 890 1865 1128 1920; x_wconf 88' lang='lat' dir='ltr'><strong>dimittas</strong></span> <span class='ocrx_word' id='word_1_284' title='bbox 1158 1880 1280 1919; x_wconf 91' lang='lat' dir='ltr'><strong>eum</strong></span> <span class='ocrx_word' id='word_1_285' title='bbox 1303 1881 1369 1918; x_wconf 76' lang='lat' dir='ltr'><strong>ex</strong></span> <span class='ocrx_word' id='word_1_286' title='bbox 1401 1865 1732 1934; x_wconf 86' lang='lat' dir='ltr'><strong>captivitate,</strong></span> <span class='ocrx_word' id='word_1_287' title='bbox 1759 1870 1813 1916; x_wconf 89' lang='lat' dir='ltr'><strong>et</strong></span> <span class='ocrx_word' id='word_1_288' title='bbox 1842 1876 2097 1931; x_wconf 85' lang='lat' dir='ltr'><strong>recogno-</strong></span> 
     </span>
    </p>
   </div>
   <div class='ocr_carea' id='block_1_35' title="bbox 516 1951 2093 2026">
    <p class='ocr_par' dir='ltr' id='par_1_35' title="bbox 516 1951 2093 2026">
     <span class='ocr_line' id='line_1_35' title="bbox 516 1951 2093 2026; baseline -0.004 -16"><span class='ocrx_word' id='word_1_289' title='bbox 516 1971 635 2010; x_wconf 85' lang='lat' dir='ltr'><strong>scas</strong></span> <span class='ocrx_word' id='word_1_290' title='bbox 665 1971 783 2025; x_wconf 70' lang='lat' dir='ltr'><strong>qua:</strong></span> <span class='ocrx_word' id='word_1_291' title='bbox 814 1955 909 2009; x_wconf 90' lang='lat' dir='ltr'><strong>tibi</strong></span> <span class='ocrx_word' id='word_1_292' title='bbox 937 1963 1062 2010; x_wconf 88' lang='lat' dir='ltr'><strong>ante</strong></span> <span class='ocrx_word' id='word_1_293' title='bbox 1083 1955 1306 2026; x_wconf 67' lang='lat' dir='ltr'><strong>praedixi</strong></span> <span class='ocrx_word' id='word_1_294' title='bbox 1328 1969 1490 2024; x_wconf 88' lang='lat' dir='ltr'><strong>quam</strong></span> <span class='ocrx_word' id='word_1_295' title='bbox 1517 1952 1846 2016; x_wconf 88' lang='lat' dir='ltr'><strong>nascereris,</strong></span> <span class='ocrx_word' id='word_1_296' title='bbox 1871 1960 1929 2004; x_wconf 94' lang='lat' dir='ltr'><strong>ut</strong></span> <span class='ocrx_word' id='word_1_297' title='bbox 1955 1951 2093 2005; x_wconf 90' lang='lat' dir='ltr'><strong>bona</strong></span> 
     </span>
    </p>
   </div>
   <div class='ocr_carea' id='block_1_36' title="bbox 515 2045 2095 2118">
    <p class='ocr_par' dir='ltr' id='par_1_36' title="bbox 515 2045 2095 2118">
     <span class='ocr_line' id='line_1_36' title="bbox 515 2045 2095 2118; baseline -0.005 -13"><span class='ocrx_word' id='word_1_298' title='bbox 515 2050 686 2105; x_wconf 86' lang='lat' dir='ltr'><strong>servis</strong></span> <span class='ocrx_word' id='word_1_299' title='bbox 734 2050 869 2104; x_wconf 88' lang='lat' dir='ltr'><strong>meis</strong></span> <span class='ocrx_word' id='word_1_300' title='bbox 898 2050 1208 2118; x_wconf 87' lang='lat' dir='ltr'><strong>impendere</strong></span> <span class='ocrx_word' id='word_1_301' title='bbox 1247 2050 1482 2103; x_wconf 90' lang='lat' dir='ltr'><strong>studeas.</strong></span> <span class='ocrx_word' id='word_1_302' title='bbox 1522 2066 1540 2097; x_wconf 87' lang='grc'><strong>‹</strong></span> <span class='ocrx_word' id='word_1_303' title='bbox 1575 2047 1640 2100; x_wconf 90' lang='lat' dir='ltr'><strong>Et</strong></span> <span class='ocrx_word' id='word_1_304' title='bbox 1675 2045 1861 2100; x_wconf 87' lang='lat' dir='ltr'><strong>vocavi</strong></span> <span class='ocrx_word' id='word_1_305' title='bbox 1905 2053 1958 2098; x_wconf 91' lang='lat' dir='ltr'><strong>te</strong></span> <span class='ocrx_word' id='word_1_306' title='bbox 1999 2059 2095 2098; x_wconf 87' lang='lat' dir='ltr'><strong>no-</strong></span> 
     </span>
    </p>
   </div>
   <div class='ocr_carea' id='block_1_37' title="bbox 514 2135 2092 2211">
    <p class='ocr_par' dir='ltr' id='par_1_37' title="bbox 514 2135 2092 2211">
     <span class='ocr_line' id='line_1_37' title="bbox 514 2135 2092 2211; baseline -0.004 -15"><span class='ocrx_word' id='word_1_307' title='bbox 514 2143 658 2196; x_wconf 89' lang='lat' dir='ltr'><strong>mine</strong></span> <span class='ocrx_word' id='word_1_308' title='bbox 682 2151 792 2206; x_wconf 83' lang='lat' dir='ltr'><strong>tuo,</strong></span> <span class='ocrx_word' id='word_1_309' title='bbox 828 2160 846 2192; x_wconf 74' lang='grc' dir='ltr'><strong><em>ι</em></strong></span> <span class='ocrx_word' id='word_1_310' title='bbox 881 2142 982 2195; x_wconf 88' lang='lat' dir='ltr'><strong>hoc</strong></span> <span class='ocrx_word' id='word_1_311' title='bbox 1005 2151 1182 2205; x_wconf 87' lang='lat' dir='ltr'><strong>est,ut</strong></span> <span class='ocrx_word' id='word_1_312' title='bbox 1209 2140 1379 2211; x_wconf 83' lang='lat' dir='ltr'><strong>Cyrus</strong></span> <span class='ocrx_word' id='word_1_313' title='bbox 1402 2139 1712 2193; x_wconf 88' lang='lat' dir='ltr'><strong>vocarcris:</strong></span> <span class='ocrx_word' id='word_1_314' title='bbox 1753 2157 1770 2188; x_wconf 75' lang='grc' dir='ltr'>ι</span> <span class='ocrx_word' id='word_1_315' title='bbox 1803 2135 2092 2191; x_wconf 88' lang='lat' dir='ltr'><strong>assimilavi</strong></span> 
     </span>
    </p>
   </div>
   <div class='ocr_carea' id='block_1_38' title="bbox 516 2213 2086 2300">
    <p class='ocr_par' dir='ltr' id='par_1_38' title="bbox 516 2213 2086 2300">
     <span class='ocr_line' id='line_1_38' title="bbox 516 2213 2086 2300; baseline -0.005 -12"><span class='ocrx_word' id='word_1_316' title='bbox 516 2244 567 2288; x_wconf 91' lang='lat' dir='ltr'><strong>te</strong></span> <span class='ocrx_word' id='word_1_317' title='bbox 615 2255 631 2284; x_wconf 75' lang='grc' dir='ltr'><strong><em>ι</em></strong></span> <span class='ocrx_word' id='word_1_318' title='bbox 669 2234 721 2288; x_wconf 94' lang='lat' dir='ltr'><strong>in</strong></span> <span class='ocrx_word' id='word_1_319' title='bbox 748 2213 964 2287; x_wconf 67' lang='lat' dir='ltr'><strong>nomine</strong></span> <span class='ocrx_word' id='word_1_320' title='bbox 987 2232 1104 2287; x_wconf 88' lang='lat' dir='ltr'><strong>Filii</strong></span> <span class='ocrx_word' id='word_1_321' title='bbox 1130 2232 1272 2296; x_wconf 89' lang='lat' dir='ltr'><strong>mei,</strong></span> <span class='ocrx_word' id='word_1_322' title='bbox 1305 2250 1322 2281; x_wconf 70' lang='grc' dir='ltr'>ε</span> <span class='ocrx_word' id='word_1_323' title='bbox 1365 2240 1418 2285; x_wconf 88' lang='lat' dir='ltr'><strong>et</strong></span> <span class='ocrx_word' id='word_1_324' title='bbox 1447 2247 1553 2285; x_wconf 92' lang='lat' dir='ltr'><strong>non</strong></span> <span class='ocrx_word' id='word_1_325' title='bbox 1583 2230 1878 2300; x_wconf 85' lang='lat' dir='ltr'><strong>cognovisti</strong></span> <span class='ocrx_word' id='word_1_326' title='bbox 1907 2244 2010 2283; x_wconf 91' lang='lat' dir='ltr'><strong>me.</strong></span> <span class='ocrx_word' id='word_1_327' title='bbox 2067 2247 2086 2280; x_wconf 71' lang='grc' dir='ltr'><strong><em>ι</em></strong></span> 
     </span>
    </p>
   </div>
   <div class='ocr_carea' id='block_1_39' title="bbox 513 2320 2094 2381">
    <p class='ocr_par' dir='ltr' id='par_1_39' title="bbox 513 2320 2094 2381">
     <span class='ocr_line' id='line_1_39' title="bbox 513 2320 2094 2381; baseline -0.003 -3"><span class='ocrx_word' id='word_1_328' title='bbox 513 2325 663 2378; x_wconf 82' lang='lat' dir='ltr'><strong>Multi</strong></span> <span class='ocrx_word' id='word_1_329' title='bbox 701 2324 890 2379; x_wconf 91' lang='lat' dir='ltr'><strong>volunt</strong></span> <span class='ocrx_word' id='word_1_330' title='bbox 919 2323 1030 2381; x_wconf 64' lang='lat' dir='ltr'><strong>haec</strong></span> <span class='ocrx_word' id='word_1_331' title='bbox 1065 2322 1269 2378; x_wconf 84' lang='lat' dir='ltr'><strong>referre</strong></span> <span class='ocrx_word' id='word_1_332' title='bbox 1307 2323 1373 2377; x_wconf 90' lang='lat' dir='ltr'><strong>ad</strong></span> <span class='ocrx_word' id='word_1_333' title='bbox 1411 2323 1694 2376; x_wconf 89' lang='lat' dir='ltr'><strong>Dominum</strong></span> <span class='ocrx_word' id='word_1_334' title='bbox 1726 2320 1910 2376; x_wconf 84' lang='lat' dir='ltr'><strong>Jesum</strong></span> <span class='ocrx_word' id='word_1_335' title='bbox 1938 2321 2094 2375; x_wconf 89' lang='lat' dir='ltr'><strong>Chri-</strong></span> 
     </span>
    </p>
   </div>
   <div class='ocr_carea' id='block_1_40' title="bbox 512 2415 2094 2486">
    <p class='ocr_par' dir='ltr' id='par_1_40' title="bbox 512 2415 2094 2486">
     <span class='ocr_line' id='line_1_40' title="bbox 512 2415 2094 2486; baseline -0.001 -15"><span class='ocrx_word' id='word_1_336' title='bbox 512 2426 673 2480; x_wconf 89' lang='lat' dir='ltr'><strong>stum,</strong></span> <span class='ocrx_word' id='word_1_337' title='bbox 705 2433 825 2486; x_wconf 76' lang='lat' dir='ltr'><strong>qua:</strong></span> <span class='ocrx_word' id='word_1_338' title='bbox 851 2417 904 2470; x_wconf 91' lang='lat' dir='ltr'><strong>in</strong></span> <span class='ocrx_word' id='word_1_339' title='bbox 939 2417 1041 2472; x_wconf 90' lang='lat' dir='ltr'><strong>hac</strong></span> <span class='ocrx_word' id='word_1_340' title='bbox 1083 2419 1348 2473; x_wconf 86' lang='lat' dir='ltr'><strong>sententia</strong></span> <span class='ocrx_word' id='word_1_341' title='bbox 1397 2417 1650 2471; x_wconf 86' lang='lat' dir='ltr'><strong>dicuntur</strong></span> <span class='ocrx_word' id='word_1_342' title='bbox 1693 2433 1706 2469; x_wconf 86' lang='lat'><strong>:</strong></span> <span class='ocrx_word' id='word_1_343' title='bbox 1740 2417 1834 2470; x_wconf 89' lang='lat' dir='ltr'><strong>sed</strong></span> <span class='ocrx_word' id='word_1_344' title='bbox 1863 2431 1968 2469; x_wconf 93' lang='lat' dir='ltr'><strong>non</strong></span> <span class='ocrx_word' id='word_1_345' title='bbox 2016 2415 2094 2470; x_wconf 88' lang='lat' dir='ltr'><strong>lo—</strong></span> 
     </span>
    </p>
   </div>
   <div class='ocr_carea' id='block_1_41' title="bbox 512 2507 2093 2578">
    <p class='ocr_par' dir='ltr' id='par_1_41' title="bbox 512 2507 2093 2578">
     <span class='ocr_line' id='line_1_41' title="bbox 512 2507 2093 2578; baseline 0 -18"><span class='ocrx_word' id='word_1_346' title='bbox 512 2519 751 2578; x_wconf 88' lang='lat' dir='ltr'><strong>quuntur</strong></span> <span class='ocrx_word' id='word_1_347' title='bbox 773 2525 834 2563; x_wconf 84' lang='lat' dir='ltr'><strong>ea</strong></span> <span class='ocrx_word' id='word_1_348' title='bbox 865 2524 983 2578; x_wconf 63' lang='lat' dir='ltr'><strong>quae</strong></span> <span class='ocrx_word' id='word_1_349' title='bbox 1016 2524 1145 2563; x_wconf 89' lang='lat' dir='ltr'><strong>vera</strong></span> <span class='ocrx_word' id='word_1_350' title='bbox 1174 2516 1319 2563; x_wconf 88' lang='lat' dir='ltr'><strong>sunt.</strong></span> <span class='ocrx_word' id='word_1_351' title='bbox 1349 2507 1541 2578; x_wconf 87' lang='lat' dir='ltr'><strong>Cyrus,</strong></span> <span class='ocrx_word' id='word_1_352' title='bbox 1572 2507 1662 2576; x_wconf 86' lang='lat' dir='ltr'><strong>qui</strong></span> <span class='ocrx_word' id='word_1_353' title='bbox 1705 2507 2093 2576; x_wconf 85' lang='lat' dir='ltr'><strong>interpretatur</strong></span> 
     </span>
    </p>
   </div>
   <div class='ocr_carea' id='block_1_42' title="bbox 512 2598 2091 2668">
    <p class='ocr_par' dir='ltr' id='par_1_42' title="bbox 512 2598 2091 2668">
     <span class='ocr_line' id='line_1_42' title="bbox 512 2598 2091 2668; baseline 0 -15"><span class='ocrx_word' id='word_1_354' title='bbox 512 2599 705 2664; x_wconf 58' lang='lat' dir='ltr'><strong>haeres,</strong></span> <span class='ocrx_word' id='word_1_355' title='bbox 739 2614 862 2652; x_wconf 88' lang='lat' dir='ltr'><strong>nam</strong></span> <span class='ocrx_word' id='word_1_356' title='bbox 889 2607 943 2653; x_wconf 87' lang='lat' dir='ltr'><strong>et</strong></span> <span class='ocrx_word' id='word_1_357' title='bbox 974 2599 1086 2668; x_wconf 89' lang='lat' dir='ltr'><strong>ipse</strong></span> <span class='ocrx_word' id='word_1_358' title='bbox 1116 2599 1484 2654; x_wconf 62' lang='lat' dir='ltr'><strong>hatreditatem</strong></span> <span class='ocrx_word' id='word_1_359' title='bbox 1519 2598 1769 2652; x_wconf 87' lang='lat' dir='ltr'><strong>avunculi</strong></span> <span class='ocrx_word' id='word_1_360' title='bbox 1803 2600 1884 2653; x_wconf 91' lang='lat' dir='ltr'><strong>sui</strong></span> <span class='ocrx_word' id='word_1_361' title='bbox 1912 2599 2091 2653; x_wconf 88' lang='lat' dir='ltr'><strong>Daran</strong></span> 
     </span>
    </p>
   </div>
   <div class='ocr_carea' id='block_1_43' title="bbox 511 2688 2094 2760">
    <p class='ocr_par' dir='ltr' id='par_1_43' title="bbox 511 2688 2094 2760">
     <span class='ocr_line' id='line_1_43' title="bbox 511 2688 2094 2760; baseline -0.001 -16"><span class='ocrx_word' id='word_1_362' title='bbox 511 2690 750 2760; x_wconf 89' lang='lat' dir='ltr'><strong>suscepit</strong></span> <span class='ocrx_word' id='word_1_363' title='bbox 785 2706 798 2742; x_wconf 92' lang='lat'><strong>:</strong></span> <span class='ocrx_word' id='word_1_364' title='bbox 830 2704 1052 2757; x_wconf 82' lang='lat' dir='ltr'><strong>regnum</strong></span> <span class='ocrx_word' id='word_1_365' title='bbox 1082 2689 1330 2743; x_wconf 87' lang='lat' dir='ltr'><strong>videlicet</strong></span> <span class='ocrx_word' id='word_1_366' title='bbox 1358 2688 1792 2758; x_wconf 83' lang='lat' dir='ltr'><strong>Babyloniorum,</strong></span> <span class='ocrx_word' id='word_1_367' title='bbox 1823 2688 2094 2743; x_wconf 64' lang='lat' dir='ltr'><strong>Chaldaeo-</strong></span> 
     </span>
    </p>
   </div>
   <div class='ocr_carea' id='block_1_44' title="bbox 511 2777 2087 2850">
    <p class='ocr_par' dir='ltr' id='par_1_44' title="bbox 511 2777 2087 2850">
     <span class='ocr_line' id='line_1_44' title="bbox 511 2777 2087 2850; baseline -0.001 -16"><span class='ocrx_word' id='word_1_368' title='bbox 511 2796 660 2844; x_wconf 90' lang='lat' dir='ltr'><strong>rum,</strong></span> <span class='ocrx_word' id='word_1_369' title='bbox 709 2779 984 2834; x_wconf 83' lang='lat' dir='ltr'><strong>Medorum</strong></span> <span class='ocrx_word' id='word_1_370' title='bbox 1037 2788 1091 2833; x_wconf 90' lang='lat' dir='ltr'><strong>et</strong></span> <span class='ocrx_word' id='word_1_371' title='bbox 1141 2779 1462 2843; x_wconf 85' lang='lat' dir='ltr'><strong>Persarum,</strong></span> <span class='ocrx_word' id='word_1_372' title='bbox 1491 2787 1651 2847; x_wconf 89' lang='lat' dir='ltr'><strong>atque</strong></span> <span class='ocrx_word' id='word_1_373' title='bbox 1681 2777 2087 2850; x_wconf 68' lang='lat' dir='ltr'><strong>Egyptiorum,</strong></span> 
     </span>
    </p>
   </div>
   <div class='ocr_carea' id='block_1_45' title="bbox 509 2871 2091 2941">
    <p class='ocr_par' dir='ltr' id='par_1_45' title="bbox 509 2871 2091 2941">
     <span class='ocr_line' id='line_1_45' title="bbox 509 2871 2091 2941; baseline 0.001 -16"><span class='ocrx_word' id='word_1_374' title='bbox 509 2880 563 2925; x_wconf 90' lang='lat' dir='ltr'><strong>et</strong></span> <span class='ocrx_word' id='word_1_375' title='bbox 612 2871 702 2941; x_wconf 93' lang='lat' dir='ltr'><strong>qui</strong></span> <span class='ocrx_word' id='word_1_376' title='bbox 748 2871 994 2926; x_wconf 87' lang='lat' dir='ltr'><strong>Christus</strong></span> <span class='ocrx_word' id='word_1_377' title='bbox 1041 2871 1205 2924; x_wconf 90' lang='lat' dir='ltr'><strong>etiam</strong></span> <span class='ocrx_word' id='word_1_378' title='bbox 1257 2879 1478 2924; x_wconf 90' lang='lat' dir='ltr'><strong>vocatur</strong></span> <span class='ocrx_word' id='word_1_379' title='bbox 1522 2879 1740 2940; x_wconf 90' lang='lat' dir='ltr'><strong>propter</strong></span> <span class='ocrx_word' id='word_1_380' title='bbox 1775 2871 2091 2940; x_wconf 90' lang='lat' dir='ltr'><strong>dignitatem</strong></span> 
     </span>
    </p>
   </div>
   <div class='ocr_carea' id='block_1_46' title="bbox 509 2960 2091 3030">
    <p class='ocr_par' dir='ltr' id='par_1_46' title="bbox 509 2960 2091 3030">
     <span class='ocr_line' id='line_1_46' title="bbox 509 2960 2091 3030; baseline 0.003 -17"><span class='ocrx_word' id='word_1_381' title='bbox 509 2962 720 3030; x_wconf 87' lang='lat' dir='ltr'><strong>imperii</strong></span> <span class='ocrx_word' id='word_1_382' title='bbox 773 2980 785 3014; x_wconf 88' lang='lat'><strong>:</strong></span> <span class='ocrx_word' id='word_1_383' title='bbox 843 2960 1131 3015; x_wconf 90' lang='lat' dir='ltr'><strong>assimilari</strong></span> <span class='ocrx_word' id='word_1_384' title='bbox 1182 2961 1378 3013; x_wconf 83' lang='lat' dir='ltr'><strong>dicitur</strong></span> <span class='ocrx_word' id='word_1_385' title='bbox 1424 2960 1650 3015; x_wconf 89' lang='lat' dir='ltr'><strong>Domino</strong></span> <span class='ocrx_word' id='word_1_386' title='bbox 1696 2960 1821 3016; x_wconf 81' lang='lat' dir='ltr'><strong>Jesu</strong></span> <span class='ocrx_word' id='word_1_387' title='bbox 1874 2962 2091 3018; x_wconf 90' lang='lat' dir='ltr'><strong>Christo</strong></span> 
     </span>
    </p>
   </div>
   <div class='ocr_carea' id='block_1_47' title="bbox 505 3035 2084 3121">
    <p class='ocr_par' dir='ltr' id='par_1_47' title="bbox 505 3035 2084 3121">
     <span class='ocr_line' id='line_1_47' title="bbox 505 3035 2084 3121; baseline 0.001 -16"><span class='ocrx_word' id='word_1_388' title='bbox 505 3035 718 3106; x_wconf 78' lang='lat' dir='ltr'><strong>tantum</strong></span> <span class='ocrx_word' id='word_1_389' title='bbox 749 3053 802 3106; x_wconf 93' lang='lat' dir='ltr'><strong>in</strong></span> <span class='ocrx_word' id='word_1_390' title='bbox 829 3053 1045 3107; x_wconf 89' lang='lat' dir='ltr'><strong>nomine</strong></span> <span class='ocrx_word' id='word_1_391' title='bbox 1072 3052 1162 3119; x_wconf 90' lang='lat' dir='ltr'><strong>qui</strong></span> <span class='ocrx_word' id='word_1_392' title='bbox 1192 3052 1556 3106; x_wconf 63' lang='lat' dir='ltr'><strong>haereditate“:</strong></span> <span class='ocrx_word' id='word_1_393' title='bbox 1589 3067 1617 3104; x_wconf 90' lang='lat' dir='ltr'><strong>a</strong></span> <span class='ocrx_word' id='word_1_394' title='bbox 1647 3062 1801 3121; x_wconf 88' lang='lat' dir='ltr'><strong>patre</strong></span> <span class='ocrx_word' id='word_1_395' title='bbox 1820 3054 2084 3121; x_wconf 88' lang='lat' dir='ltr'><strong>suscepit:</strong></span> 
     </span>
    </p>
   </div>
   <div class='ocr_carea' id='block_1_48' title="bbox 2199 1866 3776 1936">
    <p class='ocr_par' dir='ltr' id='par_1_48' title="bbox 2199 1866 3776 1936">
     <span class='ocr_line' id='line_1_48' title="bbox 2199 1866 3776 1936; baseline -0.001 -14"><span class='ocrx_word' id='word_1_396' title='bbox 2199 1867 2429 1923; x_wconf 90' lang='lat' dir='ltr'><strong>adventu</strong></span> <span class='ocrx_word' id='word_1_397' title='bbox 2459 1867 2670 1922; x_wconf 88' lang='lat' dir='ltr'><strong>Domini</strong></span> <span class='ocrx_word' id='word_1_398' title='bbox 2701 1867 2998 1921; x_wconf 86' lang='lat' dir='ltr'><strong>Salvatoris</strong></span> <span class='ocrx_word' id='word_1_399' title='bbox 3036 1875 3091 1920; x_wconf 89' lang='lat' dir='ltr'><strong>et</strong></span> <span class='ocrx_word' id='word_1_400' title='bbox 3134 1877 3400 1935; x_wconf 88' lang='lat' dir='ltr'><strong>conceptu</strong></span> <span class='ocrx_word' id='word_1_401' title='bbox 3441 1866 3598 1920; x_wconf 87' lang='lat' dir='ltr'><strong>illius</strong></span> <span class='ocrx_word' id='word_1_402' title='bbox 3629 1867 3776 1936; x_wconf 87' lang='lat' dir='ltr'><strong>loqui-</strong></span> 
     </span>
    </p>
   </div>
   <div class='ocr_carea' id='block_1_49' title="bbox 2199 1956 3772 2027">
    <p class='ocr_par' dir='ltr' id='par_1_49' title="bbox 2199 1956 3772 2027">
     <span class='ocr_line' id='line_1_49' title="bbox 2199 1956 3772 2027; baseline -0.001 -16"><span class='ocrx_word' id='word_1_403' title='bbox 2199 1967 2287 2012; x_wconf 90' lang='lat' dir='ltr'><strong>tur</strong></span> <span class='ocrx_word' id='word_1_404' title='bbox 2317 1976 2328 2010; x_wconf 90' lang='lat'><strong>:</strong></span> <span class='ocrx_word' id='word_1_405' title='bbox 2364 1959 2408 2013; x_wconf 90' lang='lat'>0</span> <span class='ocrx_word' id='word_1_406' title='bbox 2437 1959 2580 2023; x_wconf 61' lang='lat' dir='ltr'><strong>caeli,</strong></span> <span class='ocrx_word' id='word_1_407' title='bbox 2613 1967 2794 2012; x_wconf 89' lang='lat' dir='ltr'><strong>rorate</strong></span> <span class='ocrx_word' id='word_1_408' title='bbox 2824 1959 3076 2027; x_wconf 90' lang='lat' dir='ltr'><strong>desuper,</strong></span> <span class='ocrx_word' id='word_1_409' title='bbox 3120 1956 3171 2012; x_wconf 93' lang='lat' dir='ltr'><strong>id</strong></span> <span class='ocrx_word' id='word_1_410' title='bbox 3202 1967 3287 2011; x_wconf 91' lang='lat' dir='ltr'><strong>est</strong></span> <span class='ocrx_word' id='word_1_411' title='bbox 3315 1972 3496 2012; x_wconf 86' lang='lat' dir='ltr'><strong>rorem</strong></span> <span class='ocrx_word' id='word_1_412' title='bbox 3538 1958 3772 2011; x_wconf 85' lang='lat' dir='ltr'><strong>emittite.</strong></span> 
     </span>
    </p>
   </div>
   <div class='ocr_carea' id='block_1_50' title="bbox 2198 2047 3773 2120">
    <p class='ocr_par' dir='ltr' id='par_1_50' title="bbox 2198 2047 3773 2120">
     <span class='ocr_line' id='line_1_50' title="bbox 2198 2047 3773 2120; baseline 0.001 -19"><span class='ocrx_word' id='word_1_413' title='bbox 2198 2047 2300 2102; x_wconf 85' lang='lat' dir='ltr'><strong>Per</strong></span> <span class='ocrx_word' id='word_1_414' title='bbox 2341 2050 2537 2104; x_wconf 75' lang='lat' dir='ltr'><strong>coelum</strong></span> <span class='ocrx_word' id='word_1_415' title='bbox 2573 2050 2832 2104; x_wconf 86' lang='lat' dir='ltr'><strong>debemus</strong></span> <span class='ocrx_word' id='word_1_416' title='bbox 2867 2049 3170 2117; x_wconf 78' lang='lat' dir='ltr'><strong>intelligere</strong></span> <span class='ocrx_word' id='word_1_417' title='bbox 3204 2049 3428 2120; x_wconf 86' lang='lat' dir='ltr'><strong>angelos</strong></span> <span class='ocrx_word' id='word_1_418' title='bbox 3455 2050 3773 2103; x_wconf 84' lang='lat' dir='ltr'><strong>habitatores</strong></span> 
     </span>
    </p>
   </div>
   <div class='ocr_carea' id='block_1_51' title="bbox 2196 2139 3770 2211">
    <p class='ocr_par' dir='ltr' id='par_1_51' title="bbox 2196 2139 3770 2211">
     <span class='ocr_line' id='line_1_51' title="bbox 2196 2139 3770 2211; baseline 0 -19"><span class='ocrx_word' id='word_1_419' title='bbox 2196 2139 2476 2202; x_wconf 71' lang='lat' dir='ltr'><strong>cmlorum,</strong></span> <span class='ocrx_word' id='word_1_420' title='bbox 2507 2148 2561 2192; x_wconf 90' lang='lat' dir='ltr'><strong>et</strong></span> <span class='ocrx_word' id='word_1_421' title='bbox 2590 2139 2798 2207; x_wconf 85' lang='lat' dir='ltr'><strong>positus</strong></span> <span class='ocrx_word' id='word_1_422' title='bbox 2826 2147 2910 2193; x_wconf 85' lang='lat' dir='ltr'><strong>est</strong></span> <span class='ocrx_word' id='word_1_423' title='bbox 2933 2139 3158 2209; x_wconf 87' lang='lat' dir='ltr'><strong>pluralis</strong></span> <span class='ocrx_word' id='word_1_424' title='bbox 3184 2155 3448 2194; x_wconf 87' lang='lat' dir='ltr'><strong>numerus</strong></span> <span class='ocrx_word' id='word_1_425' title='bbox 3476 2155 3583 2211; x_wconf 84' lang='lat' dir='ltr'><strong>pro</strong></span> <span class='ocrx_word' id='word_1_426' title='bbox 3604 2142 3770 2210; x_wconf 83' lang='lat' dir='ltr'><strong>singu-</strong></span> 
     </span>
    </p>
   </div>
   <div class='ocr_carea' id='block_1_52' title="bbox 2197 2229 3766 2301">
    <p class='ocr_par' dir='ltr' id='par_1_52' title="bbox 2197 2229 3766 2301">
     <span class='ocr_line' id='line_1_52' title="bbox 2197 2229 3766 2301; baseline 0.001 -19"><span class='ocrx_word' id='word_1_427' title='bbox 2197 2229 2317 2285; x_wconf 88' lang='lat' dir='ltr'><strong>lari.</strong></span> <span class='ocrx_word' id='word_1_428' title='bbox 2344 2231 2449 2286; x_wconf 86' lang='lat' dir='ltr'><strong>Per</strong></span> <span class='ocrx_word' id='word_1_429' title='bbox 2489 2245 2666 2285; x_wconf 88' lang='lat' dir='ltr'><strong>rorem</strong></span> <span class='ocrx_word' id='word_1_430' title='bbox 2695 2232 2862 2286; x_wconf 88' lang='lat' dir='ltr'><strong>verba</strong></span> <span class='ocrx_word' id='word_1_431' title='bbox 2891 2231 3154 2300; x_wconf 88' lang='lat' dir='ltr'><strong>angelica.</strong></span> <span class='ocrx_word' id='word_1_432' title='bbox 3205 2232 3345 2285; x_wconf 88' lang='lat' dir='ltr'><strong>Dicit</strong></span> <span class='ocrx_word' id='word_1_433' title='bbox 3373 2232 3574 2286; x_wconf 85' lang='lat' dir='ltr'><strong>beatus</strong></span> <span class='ocrx_word' id='word_1_434' title='bbox 3601 2233 3766 2301; x_wconf 78' lang='lat' dir='ltr'><strong>Augu-</strong></span> 
     </span>
    </p>
   </div>
   <div class='ocr_carea' id='block_1_53' title="bbox 2196 2320 3762 2390">
    <p class='ocr_par' dir='ltr' id='par_1_53' title="bbox 2196 2320 3762 2390">
     <span class='ocr_line' id='line_1_53' title="bbox 2196 2320 3762 2390; baseline 0 -14"><span class='ocrx_word' id='word_1_435' title='bbox 2196 2323 2369 2376; x_wconf 90' lang='lat' dir='ltr'><strong>stinus</strong></span> <span class='ocrx_word' id='word_1_436' title='bbox 2399 2338 2412 2373; x_wconf 87' lang='lat'><strong>:</strong></span> <span class='ocrx_word' id='word_1_437' title='bbox 2444 2321 2640 2376; x_wconf 85' lang='lat' dir='ltr'><strong>Veniat</strong></span> <span class='ocrx_word' id='word_1_438' title='bbox 2669 2320 2885 2376; x_wconf 85' lang='lat' dir='ltr'><strong>Gabriel</strong></span> <span class='ocrx_word' id='word_1_439' title='bbox 2913 2322 3292 2390; x_wconf 87' lang='lat' dir='ltr'><strong>archangelus,</strong></span> <span class='ocrx_word' id='word_1_440' title='bbox 3315 2330 3370 2376; x_wconf 90' lang='lat' dir='ltr'><strong>et</strong></span> <span class='ocrx_word' id='word_1_441' title='bbox 3385 2323 3602 2375; x_wconf 81' lang='lat' dir='ltr'><strong>emittat</strong></span> <span class='ocrx_word' id='word_1_442' title='bbox 3625 2323 3762 2376; x_wconf 84' lang='lat' dir='ltr'><strong>nobis</strong></span> 
     </span>
    </p>
   </div>
   <div class='ocr_carea' id='block_1_54' title="bbox 2194 2412 3750 2477">
    <p class='ocr_par' dir='ltr' id='par_1_54' title="bbox 2194 2412 3750 2477">
     <span class='ocr_line' id='line_1_54' title="bbox 2194 2412 3750 2477; baseline -0.003 -10"><span class='ocrx_word' id='word_1_443' title='bbox 2194 2429 2398 2477; x_wconf 84' lang='lat' dir='ltr'><strong>rorem,</strong></span> <span class='ocrx_word' id='word_1_444' title='bbox 2430 2413 2485 2467; x_wconf 91' lang='lat' dir='ltr'><strong>id</strong></span> <span class='ocrx_word' id='word_1_445' title='bbox 2520 2425 2603 2467; x_wconf 87' lang='lat' dir='ltr'><strong>est</strong></span> <span class='ocrx_word' id='word_1_446' title='bbox 2653 2413 2938 2466; x_wconf 89' lang='lat' dir='ltr'><strong>annuntiet</strong></span> <span class='ocrx_word' id='word_1_447' title='bbox 2966 2413 3300 2467; x_wconf 87' lang='lat' dir='ltr'><strong>nativitatem</strong></span> <span class='ocrx_word' id='word_1_448' title='bbox 3348 2412 3565 2466; x_wconf 87' lang='lat' dir='ltr'><strong>Domini</strong></span> <span class='ocrx_word' id='word_1_449' title='bbox 3601 2412 3750 2466; x_wconf 78' lang='lat' dir='ltr'><strong>salva-</strong></span> 
     </span>
    </p>
   </div>
   <div class='ocr_carea' id='block_1_55' title="bbox 2195 2503 3748 2576">
    <p class='ocr_par' dir='ltr' id='par_1_55' title="bbox 2195 2503 3748 2576">
     <span class='ocr_line' id='line_1_55' title="bbox 2195 2503 3748 2576; baseline -0.003 -15"><span class='ocrx_word' id='word_1_450' title='bbox 2195 2509 2347 2561; x_wconf 90' lang='lat' dir='ltr'><strong>toris.</strong></span> <span class='ocrx_word' id='word_1_451' title='bbox 2377 2508 2442 2561; x_wconf 87' lang='lat' dir='ltr'><strong>Et</strong></span> <span class='ocrx_word' id='word_1_452' title='bbox 2468 2508 2641 2561; x_wconf 90' lang='lat' dir='ltr'><strong>nubes</strong></span> <span class='ocrx_word' id='word_1_453' title='bbox 2669 2506 2856 2575; x_wconf 89' lang='lat' dir='ltr'><strong>pluant</strong></span> <span class='ocrx_word' id='word_1_454' title='bbox 2878 2507 3104 2576; x_wconf 88' lang='lat' dir='ltr'><strong>justum.</strong></span> <span class='ocrx_word' id='word_1_455' title='bbox 3133 2506 3273 2573; x_wconf 90' lang='lat' dir='ltr'><strong>Quid</strong></span> <span class='ocrx_word' id='word_1_456' title='bbox 3299 2520 3401 2575; x_wconf 91' lang='lat' dir='ltr'><strong>per</strong></span> <span class='ocrx_word' id='word_1_457' title='bbox 3429 2507 3586 2559; x_wconf 85' lang='lat' dir='ltr'><strong>nubes</strong></span> <span class='ocrx_word' id='word_1_458' title='bbox 3609 2503 3748 2557; x_wconf 84' lang='lat' dir='ltr'><strong>intel-</strong></span> 
     </span>
    </p>
   </div>
   <div class='ocr_carea' id='block_1_56' title="bbox 2194 2597 3759 2671">
    <p class='ocr_par' dir='ltr' id='par_1_56' title="bbox 2194 2597 3759 2671">
     <span class='ocr_line' id='line_1_56' title="bbox 2194 2597 3759 2671; baseline -0.003 -18"><span class='ocrx_word' id='word_1_459' title='bbox 2194 2600 2360 2671; x_wconf 87' lang='lat' dir='ltr'><strong>ligere</strong></span> <span class='ocrx_word' id='word_1_460' title='bbox 2385 2601 2662 2657; x_wconf 87' lang='lat' dir='ltr'><strong>debemus.</strong></span> <span class='ocrx_word' id='word_1_461' title='bbox 2706 2600 2810 2653; x_wconf 88' lang='lat' dir='ltr'><strong>nisi</strong></span> <span class='ocrx_word' id='word_1_462' title='bbox 2863 2602 3156 2670; x_wconf 87' lang='lat' dir='ltr'><strong>prophetas</strong></span> <span class='ocrx_word' id='word_1_463' title='bbox 3203 2599 3295 2668; x_wconf 91' lang='lat' dir='ltr'><strong>qui</strong></span> <span class='ocrx_word' id='word_1_464' title='bbox 3337 2600 3499 2652; x_wconf 86' lang='lat' dir='ltr'><strong>nobis</strong></span> <span class='ocrx_word' id='word_1_465' title='bbox 3546 2597 3759 2667; x_wconf 77' lang='lat' dir='ltr'><strong>pluviam</strong></span> 
     </span>
    </p>
   </div>
   <div class='ocr_carea' id='block_1_57' title="bbox 2193 2691 3762 2762">
    <p class='ocr_par' dir='ltr' id='par_1_57' title="bbox 2193 2691 3762 2762">
     <span class='ocr_line' id='line_1_57' title="bbox 2193 2691 3762 2762; baseline -0.003 -14"><span class='ocrx_word' id='word_1_466' title='bbox 2193 2694 2484 2748; x_wconf 87' lang='lat' dir='ltr'><strong>salutarem</strong></span> <span class='ocrx_word' id='word_1_467' title='bbox 2513 2691 2775 2747; x_wconf 90' lang='lat' dir='ltr'><strong>dederunt</strong></span> <span class='ocrx_word' id='word_1_468' title='bbox 2825 2693 2968 2746; x_wconf 89' lang='lat' dir='ltr'><strong>unde</strong></span> <span class='ocrx_word' id='word_1_469' title='bbox 3017 2691 3312 2762; x_wconf 84' lang='lat' dir='ltr'><strong>irrigantur</strong></span> <span class='ocrx_word' id='word_1_470' title='bbox 3357 2691 3526 2745; x_wconf 84' lang='lat' dir='ltr'><strong>corda</strong></span> <span class='ocrx_word' id='word_1_471' title='bbox 3575 2701 3762 2752; x_wconf 80' lang='lat' dir='ltr'><strong>nosu&#39;a,</strong></span> 
     </span>
    </p>
   </div>
   <div class='ocr_carea' id='block_1_58' title="bbox 2194 2784 3766 2853">
    <p class='ocr_par' dir='ltr' id='par_1_58' title="bbox 2194 2784 3766 2853">
     <span class='ocr_line' id='line_1_58' title="bbox 2194 2784 3766 2853; baseline -0.003 -15"><span class='ocrx_word' id='word_1_472' title='bbox 2194 2785 2562 2839; x_wconf 89' lang='lat' dir='ltr'><strong>annuntiando</strong></span> <span class='ocrx_word' id='word_1_473' title='bbox 2592 2784 2924 2837; x_wconf 88' lang='lat' dir='ltr'><strong>nativitatem</strong></span> <span class='ocrx_word' id='word_1_474' title='bbox 2958 2784 3185 2847; x_wconf 88' lang='lat' dir='ltr'><strong>Domini,</strong></span> <span class='ocrx_word' id='word_1_475' title='bbox 3232 2784 3566 2853; x_wconf 87' lang='lat' dir='ltr'><strong>passionem,</strong></span> <span class='ocrx_word' id='word_1_476' title='bbox 3609 2797 3766 2837; x_wconf 62' lang='lat' dir='ltr'><strong>resuro</strong></span> 
     </span>
    </p>
   </div>
   <div class='ocr_carea' id='block_1_59' title="bbox 2194 2873 3767 2944">
    <p class='ocr_par' dir='ltr' id='par_1_59' title="bbox 2194 2873 3767 2944">
     <span class='ocr_line' id='line_1_59' title="bbox 2194 2873 3767 2944; baseline 0.001 -14"><span class='ocrx_word' id='word_1_477' title='bbox 2194 2876 2509 2938; x_wconf 89' lang='lat' dir='ltr'><strong>rectionem,</strong></span> <span class='ocrx_word' id='word_1_478' title='bbox 2538 2873 3178 2944; x_wconf 84' lang='lat' dir='ltr'><strong>ascensionemque-ejns,</strong></span> <span class='ocrx_word' id='word_1_479' title='bbox 3229 2875 3619 2931; x_wconf 80' lang='lat' dir='ltr'><strong>beatitudinem</strong></span> <span class='ocrx_word' id='word_1_480' title='bbox 3669 2874 3767 2931; x_wconf 87' lang='lat' dir='ltr'><strong>cle-</strong></span> 
     </span>
    </p>
   </div>
   <div class='ocr_carea' id='block_1_60' title="bbox 2191 2969 3765 3040">
    <p class='ocr_par' dir='ltr' id='par_1_60' title="bbox 2191 2969 3765 3040">
     <span class='ocr_line' id='line_1_60' title="bbox 2191 2969 3765 3040; baseline 0.001 -18"><span class='ocrx_word' id='word_1_481' title='bbox 2191 2977 2403 3023; x_wconf 90' lang='lat' dir='ltr'><strong>ctorum</strong></span> <span class='ocrx_word' id='word_1_482' title='bbox 2431 2976 2485 3022; x_wconf 90' lang='lat' dir='ltr'><strong>et</strong></span> <span class='ocrx_word' id='word_1_483' title='bbox 2508 2981 2723 3037; x_wconf 76' lang='lat' dir='ltr'><strong>poenam</strong></span> <span class='ocrx_word' id='word_1_484' title='bbox 2754 2969 3140 3038; x_wconf 86' lang='lat' dir='ltr'><strong>reproborum?</strong></span> <span class='ocrx_word' id='word_1_485' title='bbox 3184 2969 3258 3024; x_wconf 91' lang='lat' dir='ltr'><strong>De</strong></span> <span class='ocrx_word' id='word_1_486' title='bbox 3307 2971 3504 3039; x_wconf 89' lang='lat' dir='ltr'><strong>quibus</strong></span> <span class='ocrx_word' id='word_1_487' title='bbox 3531 2981 3587 3026; x_wconf 91' lang='lat' dir='ltr'><strong>et</strong></span> <span class='ocrx_word' id='word_1_488' title='bbox 3621 2986 3765 3040; x_wconf 82' lang='lat' dir='ltr'><strong>supe-</strong></span> 
     </span>
    </p>
   </div>
   <div class='ocr_carea' id='block_1_61' title="bbox 2193 3059 3766 3129">
    <p class='ocr_par' dir='ltr' id='par_1_61' title="bbox 2193 3059 3766 3129">
     <span class='ocr_line' id='line_1_61' title="bbox 2193 3059 3766 3129; baseline 0.002 -15"><span class='ocrx_word' id='word_1_489' title='bbox 2193 3060 2306 3114; x_wconf 89' lang='lat' dir='ltr'><strong>rius</strong></span> <span class='ocrx_word' id='word_1_490' title='bbox 2331 3060 2519 3128; x_wconf 89' lang='lat' dir='ltr'><strong>quinto</strong></span> <span class='ocrx_word' id='word_1_491' title='bbox 2540 3070 2595 3114; x_wconf 91' lang='lat' dir='ltr'><strong>et</strong></span> <span class='ocrx_word' id='word_1_492' title='bbox 2626 3059 2856 3128; x_wconf 88' lang='lat' dir='ltr'><strong>septimo</strong></span> <span class='ocrx_word' id='word_1_493' title='bbox 2885 3061 3063 3129; x_wconf 89' lang='lat' dir='ltr'><strong>capite</strong></span> <span class='ocrx_word' id='word_1_494' title='bbox 3091 3061 3294 3115; x_wconf 90' lang='lat' dir='ltr'><strong>dicitur</strong></span> <span class='ocrx_word' id='word_1_495' title='bbox 3328 3079 3340 3113; x_wconf 90' lang='lat'><strong>:</strong></span> <span class='ocrx_word' id='word_1_496' title='bbox 3380 3061 3648 3117; x_wconf 81' lang='lat' dir='ltr'><strong>Mandabo</strong></span> <span class='ocrx_word' id='word_1_497' title='bbox 3673 3079 3766 3117; x_wconf 83' lang='lat' dir='ltr'><strong>nu-</strong></span> 
     </span>
    </p>
   </div>
   <div class='ocr_carea' id='block_1_62' title="bbox 509 3141 3763 3219">
    <p class='ocr_par' dir='ltr' id='par_1_62' title="bbox 509 3141 3763 3219">
     <span class='ocr_line' id='line_1_62' title="bbox 509 3141 3763 3219; baseline 0.003 -21"><span class='ocrx_word' id='word_1_498' title='bbox 509 3145 648 3198; x_wconf 90' lang='lat' dir='ltr'><strong>sicut</strong></span> <span class='ocrx_word' id='word_1_499' title='bbox 689 3142 743 3195; x_wconf 92' lang='lat' dir='ltr'><strong>in</strong></span> <span class='ocrx_word' id='word_1_500' title='bbox 780 3141 985 3212; x_wconf 89' lang='lat' dir='ltr'><strong>psalmo</strong></span> <span class='ocrx_word' id='word_1_501' title='bbox 1027 3143 1254 3196; x_wconf 88' lang='lat' dir='ltr'><strong>habetur</strong></span> <span class='ocrx_word' id='word_1_502' title='bbox 1297 3159 1308 3194; x_wconf 91' lang='lat'><strong>:</strong></span> <span class='ocrx_word' id='word_1_503' title='bbox 1348 3161 1364 3190; x_wconf 77' lang='grc' dir='ltr'>ι</span> <span class='ocrx_word' id='word_1_504' title='bbox 1399 3141 1618 3196; x_wconf 86' lang='lat' dir='ltr'><strong>Postula</strong></span> <span class='ocrx_word' id='word_1_505' title='bbox 1654 3159 1682 3195; x_wconf 89' lang='lat' dir='ltr'><strong>a</strong></span> <span class='ocrx_word' id='word_1_506' title='bbox 1719 3158 1803 3197; x_wconf 89' lang='lat' dir='ltr'><strong>me</strong></span> <span class='ocrx_word' id='word_1_507' title='bbox 1829 3184 1842 3208; x_wconf 91' lang='lat'><strong>,</strong></span> <span class='ocrx_word' id='word_1_508' title='bbox 1872 3152 1926 3196; x_wconf 91' lang='lat' dir='ltr'><strong>et</strong></span> <span class='ocrx_word' id='word_1_509' title='bbox 1955 3144 2092 3198; x_wconf 90' lang='lat' dir='ltr'><strong>dabo</strong></span> <span class='ocrx_word' id='word_1_510' title='bbox 2120 3147 2164 3208; x_wconf 91' lang='lat' dir='ltr'><strong>C</strong></span> <span class='ocrx_word' id='word_1_511' title='bbox 2195 3151 2376 3215; x_wconf 90' lang='lat' dir='ltr'><strong>bibus,</strong></span> <span class='ocrx_word' id='word_1_512' title='bbox 2409 3166 2476 3204; x_wconf 90' lang='lat' dir='ltr'><strong>ne</strong></span> <span class='ocrx_word' id='word_1_513' title='bbox 2503 3150 2690 3219; x_wconf 90' lang='lat' dir='ltr'><strong>pluant</strong></span> <span class='ocrx_word' id='word_1_514' title='bbox 2716 3167 2876 3219; x_wconf 88' lang='lat' dir='ltr'><strong>super</strong></span> <span class='ocrx_word' id='word_1_515' title='bbox 2897 3167 2990 3206; x_wconf 91' lang='lat' dir='ltr'><strong>eos</strong></span> <span class='ocrx_word' id='word_1_516' title='bbox 3018 3153 3264 3207; x_wconf 89' lang='lat' dir='ltr'><strong>imbrem.</strong></span> <span class='ocrx_word' id='word_1_517' title='bbox 3293 3153 3563 3208; x_wconf 86' lang='lat' dir='ltr'><strong>Ponamus</strong></span> <span class='ocrx_word' id='word_1_518' title='bbox 3606 3170 3763 3208; x_wconf 79' lang='lat' dir='ltr'><strong>unum</strong></span> 
     </span>
    </p>
   </div>
   <div class='ocr_carea' id='block_1_63' title="bbox 506 3230 2089 3302">
    <p class='ocr_par' dir='ltr' id='par_1_63' title="bbox 506 3230 2089 3302">
     <span class='ocr_line' id='line_1_63' title="bbox 506 3230 2089 3302; baseline 0 -15"><span class='ocrx_word' id='word_1_519' title='bbox 506 3234 602 3287; x_wconf 88' lang='lat' dir='ltr'><strong>tibi</strong></span> <span class='ocrx_word' id='word_1_520' title='bbox 642 3242 829 3302; x_wconf 86' lang='lat' dir='ltr'><strong>gentes</strong></span> <span class='ocrx_word' id='word_1_521' title='bbox 869 3232 1234 3286; x_wconf 64' lang='lat' dir='ltr'><strong>haereditatem</strong></span> <span class='ocrx_word' id='word_1_522' title='bbox 1280 3241 1425 3286; x_wconf 90' lang='lat' dir='ltr'><strong>tuam</strong></span> <span class='ocrx_word' id='word_1_523' title='bbox 1467 3230 1638 3301; x_wconf 84' lang='lat' dir='ltr'><strong>(Psal.</strong></span> <span class='ocrx_word' id='word_1_524' title='bbox 1671 3232 1755 3300; x_wconf 84' lang='lat' dir='ltr'><strong>lt).</strong></span> <span class='ocrx_word' id='word_1_525' title='bbox 1817 3251 1834 3283; x_wconf 82' lang='grc'>›</span> <span class='ocrx_word' id='word_1_526' title='bbox 1890 3232 1956 3286; x_wconf 85' lang='lat' dir='ltr'><strong>Et</strong></span> <span class='ocrx_word' id='word_1_527' title='bbox 1997 3234 2089 3301; x_wconf 89' lang='lat' dir='ltr'><strong>qui</strong></span> 
     </span>
    </p>
   </div>
   <div class='ocr_carea' id='block_1_64' title="bbox 477 3323 2090 3393">
    <p class='ocr_par' dir='ltr' id='par_1_64' title="bbox 477 3323 2090 3393">
     <span class='ocr_line' id='line_1_64' title="bbox 477 3323 2090 3393; baseline -0.001 -13"><span class='ocrx_word' id='word_1_528' title='bbox 477 3333 701 3380; x_wconf 61' lang='lat' dir='ltr'><strong>‘unctus</strong></span> <span class='ocrx_word' id='word_1_529' title='bbox 719 3333 802 3380; x_wconf 90' lang='lat' dir='ltr'><strong>est</strong></span> <span class='ocrx_word' id='word_1_530' title='bbox 838 3323 956 3379; x_wconf 86' lang='lat' dir='ltr'><strong>oleo</strong></span> <span class='ocrx_word' id='word_1_531' title='bbox 983 3324 1180 3379; x_wconf 84' lang='lat' dir='ltr'><strong>laetitiae</strong></span> <span class='ocrx_word' id='word_1_532' title='bbox 1207 3339 1316 3393; x_wconf 70' lang='lat' dir='ltr'><strong>pra:</strong></span> <span class='ocrx_word' id='word_1_533' title='bbox 1367 3324 1721 3393; x_wconf 85' lang='lat' dir='ltr'><strong>participibus</strong></span> <span class='ocrx_word' id='word_1_534' title='bbox 1762 3325 1894 3379; x_wconf 91' lang='lat' dir='ltr'><strong>suis.</strong></span> <span class='ocrx_word' id='word_1_535' title='bbox 1940 3325 2090 3380; x_wconf 80' lang='lat' dir='ltr'><strong>Assi-</strong></span> 
     </span>
    </p>
   </div>
   <div class='ocr_carea' id='block_1_65' title="bbox 502 3415 2086 3487">
    <p class='ocr_par' dir='ltr' id='par_1_65' title="bbox 502 3415 2086 3487">
     <span class='ocr_line' id='line_1_65' title="bbox 502 3415 2086 3487; baseline -0.001 -16"><span class='ocrx_word' id='word_1_536' title='bbox 502 3418 684 3472; x_wconf 90' lang='lat' dir='ltr'><strong>milavi</strong></span> <span class='ocrx_word' id='word_1_537' title='bbox 711 3426 762 3473; x_wconf 88' lang='lat' dir='ltr'><strong>te</strong></span> <span class='ocrx_word' id='word_1_538' title='bbox 787 3417 1004 3487; x_wconf 89' lang='lat' dir='ltr'><strong>(inquit)</strong></span> <span class='ocrx_word' id='word_1_539' title='bbox 1027 3417 1078 3470; x_wconf 91' lang='lat' dir='ltr'><strong>in</strong></span> <span class='ocrx_word' id='word_1_540' title='bbox 1109 3416 1324 3471; x_wconf 91' lang='lat' dir='ltr'><strong>nomine</strong></span> <span class='ocrx_word' id='word_1_541' title='bbox 1352 3415 1489 3470; x_wconf 85' lang='lat' dir='ltr'><strong>Filio</strong></span> <span class='ocrx_word' id='word_1_542' title='bbox 1515 3431 1656 3481; x_wconf 88' lang='lat' dir='ltr'><strong>meo,</strong></span> <span class='ocrx_word' id='word_1_543' title='bbox 1683 3425 1738 3471; x_wconf 90' lang='lat' dir='ltr'><strong>et</strong></span> <span class='ocrx_word' id='word_1_544' title='bbox 1761 3430 1867 3470; x_wconf 90' lang='lat' dir='ltr'><strong>non</strong></span> <span class='ocrx_word' id='word_1_545' title='bbox 1885 3431 2086 3486; x_wconf 85' lang='lat' dir='ltr'><strong>cogno-</strong></span> 
     </span>
    </p>
   </div>
   <div class='ocr_carea' id='block_1_66' title="bbox 504 3506 2088 3576">
    <p class='ocr_par' dir='ltr' id='par_1_66' title="bbox 504 3506 2088 3576">
     <span class='ocr_line' id='line_1_66' title="bbox 504 3506 2088 3576; baseline -0.001 -14"><span class='ocrx_word' id='word_1_546' title='bbox 504 3510 629 3564; x_wconf 86' lang='lat' dir='ltr'><strong>visti</strong></span> <span class='ocrx_word' id='word_1_547' title='bbox 657 3524 744 3564; x_wconf 87' lang='lat' dir='ltr'><strong>me</strong></span> <span class='ocrx_word' id='word_1_548' title='bbox 767 3523 887 3562; x_wconf 90' lang='lat' dir='ltr'><strong>esse</strong></span> <span class='ocrx_word' id='word_1_549' title='bbox 914 3523 1097 3561; x_wconf 84' lang='lat' dir='ltr'><strong>verum</strong></span> <span class='ocrx_word' id='word_1_550' title='bbox 1125 3509 1313 3572; x_wconf 87' lang='lat' dir='ltr'><strong>Deum,</strong></span> <span class='ocrx_word' id='word_1_551' title='bbox 1347 3507 1437 3576; x_wconf 87' lang='lat' dir='ltr'><strong>qui</strong></span> <span class='ocrx_word' id='word_1_552' title='bbox 1465 3516 1515 3560; x_wconf 89' lang='lat' dir='ltr'><strong>te</strong></span> <span class='ocrx_word' id='word_1_553' title='bbox 1541 3506 1641 3562; x_wconf 84' lang='lat' dir='ltr'><strong>feci</strong></span> <span class='ocrx_word' id='word_1_554' title='bbox 1669 3509 1927 3562; x_wconf 90' lang='lat' dir='ltr'><strong>victorem</strong></span> <span class='ocrx_word' id='word_1_555' title='bbox 1959 3506 2088 3560; x_wconf 84' lang='lat' dir='ltr'><strong>ntul-</strong></span> 
     </span>
    </p>
   </div>
   <div class='ocr_carea' id='block_1_67' title="bbox 503 3599 2087 3672">
    <p class='ocr_par' dir='ltr' id='par_1_67' title="bbox 503 3599 2087 3672">
     <span class='ocr_line' id='line_1_67' title="bbox 503 3599 2087 3672; baseline -0.002 -16"><span class='ocrx_word' id='word_1_556' title='bbox 503 3611 678 3656; x_wconf 90' lang='lat' dir='ltr'><strong>tarum</strong></span> <span class='ocrx_word' id='word_1_557' title='bbox 702 3601 942 3672; x_wconf 89' lang='lat' dir='ltr'><strong>gentium</strong></span> <span class='ocrx_word' id='word_1_558' title='bbox 971 3617 982 3652; x_wconf 92' lang='lat'><strong>:</strong></span> <span class='ocrx_word' id='word_1_559' title='bbox 1012 3600 1104 3654; x_wconf 89' lang='lat' dir='ltr'><strong>sed</strong></span> <span class='ocrx_word' id='word_1_560' title='bbox 1126 3599 1364 3655; x_wconf 87' lang='lat' dir='ltr'><strong>adorasti</strong></span> <span class='ocrx_word' id='word_1_561' title='bbox 1398 3599 1537 3653; x_wconf 89' lang='lat' dir='ltr'><strong>idola</strong></span> <span class='ocrx_word' id='word_1_562' title='bbox 1578 3616 1698 3669; x_wconf 71' lang='lat' dir='ltr'><strong>qua:</strong></span> <span class='ocrx_word' id='word_1_563' title='bbox 1730 3600 1822 3653; x_wconf 89' lang='lat' dir='ltr'><strong>tibi</strong></span> <span class='ocrx_word' id='word_1_564' title='bbox 1866 3599 1939 3652; x_wconf 91' lang='lat' dir='ltr'><strong>nil</strong></span> <span class='ocrx_word' id='word_1_565' title='bbox 1963 3613 2087 3668; x_wconf 91' lang='lat' dir='ltr'><strong>pro-</strong></span> 
     </span>
    </p>
   </div>
   <div class='ocr_carea' id='block_1_68' title="bbox 504 3691 743 3748">
    <p class='ocr_par' dir='ltr' id='par_1_68' title="bbox 504 3691 743 3748">
     <span class='ocr_line' id='line_1_68' title="bbox 504 3691 743 3748; baseline 0.008 -4"><span class='ocrx_word' id='word_1_566' title='bbox 504 3691 743 3748; x_wconf 78' lang='lat' dir='ltr'><strong>fuerunt.</strong></span> 
     </span>
    </p>
   </div>
   <div class='ocr_carea' id='block_1_69' title="bbox 578 3779 2079 3851">
    <p class='ocr_par' dir='ltr' id='par_1_69' title="bbox 578 3779 2079 3851">
     <span class='ocr_line' id='line_1_69' title="bbox 578 3779 2079 3851; baseline 0.001 -18"><span class='ocrx_word' id='word_1_567' title='bbox 578 3803 596 3833; x_wconf 73' lang='grc' dir='ltr'>ι</span> <span class='ocrx_word' id='word_1_568' title='bbox 622 3783 732 3851; x_wconf 86' lang='lat' dir='ltr'><strong>Ego</strong></span> <span class='ocrx_word' id='word_1_569' title='bbox 763 3783 1042 3846; x_wconf 90' lang='lat' dir='ltr'><strong>Dominus,</strong></span> <span class='ocrx_word' id='word_1_570' title='bbox 1078 3789 1133 3835; x_wconf 92' lang='lat' dir='ltr'><strong>et</strong></span> <span class='ocrx_word' id='word_1_571' title='bbox 1159 3796 1263 3834; x_wconf 91' lang='lat' dir='ltr'><strong>non</strong></span> <span class='ocrx_word' id='word_1_572' title='bbox 1293 3789 1379 3836; x_wconf 92' lang='lat' dir='ltr'><strong>est</strong></span> <span class='ocrx_word' id='word_1_573' title='bbox 1405 3779 1635 3849; x_wconf 87' lang='lat' dir='ltr'><strong>amplius</strong></span> <span class='ocrx_word' id='word_1_574' title='bbox 1674 3799 1691 3830; x_wconf 79' lang='grc'>›</span> <span class='ocrx_word' id='word_1_575' title='bbox 1732 3779 1874 3835; x_wconf 91' lang='lat' dir='ltr'><strong>Deus</strong></span> <span class='ocrx_word' id='word_1_576' title='bbox 1902 3795 2079 3845; x_wconf 89' lang='lat' dir='ltr'><strong>verus,</strong></span> 
     </span>
    </p>
   </div>
   <div class='ocr_carea' id='block_1_70' title="bbox 508 3872 2082 3928">
    <p class='ocr_par' dir='ltr' id='par_1_70' title="bbox 508 3872 2082 3928">
     <span class='ocr_line' id='line_1_70' title="bbox 508 3872 2082 3928; baseline 0.001 -4"><span class='ocrx_word' id='word_1_577' title='bbox 508 3893 526 3924; x_wconf 76' lang='grc' dir='ltr'>ι</span> <span class='ocrx_word' id='word_1_578' title='bbox 567 3883 718 3928; x_wconf 76' lang='lat' dir='ltr'><strong>extra</strong></span> <span class='ocrx_word' id='word_1_579' title='bbox 747 3889 961 3927; x_wconf 91' lang='lat' dir='ltr'><strong>menon</strong></span> <span class='ocrx_word' id='word_1_580' title='bbox 991 3883 1074 3927; x_wconf 89' lang='lat' dir='ltr'><strong>est</strong></span> <span class='ocrx_word' id='word_1_581' title='bbox 1120 3873 1279 3927; x_wconf 89' lang='lat' dir='ltr'><strong>Deus.</strong></span> <span class='ocrx_word' id='word_1_582' title='bbox 1322 3892 1338 3922; x_wconf 77' lang='grc' dir='ltr'><strong>ι</strong></span> <span class='ocrx_word' id='word_1_583' title='bbox 1377 3872 1491 3927; x_wconf 84' lang='grc' dir='ltr'><strong>Νοη</strong></span> <span class='ocrx_word' id='word_1_584' title='bbox 1544 3873 1780 3926; x_wconf 83' lang='lat' dir='ltr'><strong>excludit</strong></span> <span class='ocrx_word' id='word_1_585' title='bbox 1827 3872 2022 3926; x_wconf 86' lang='lat' dir='ltr'><strong>Filium</strong></span> <span class='ocrx_word' id='word_1_586' title='bbox 2051 3887 2082 3926; x_wconf 88' lang='lat' dir='ltr'><strong>a</strong></span> 
     </span>
    </p>
   </div>
   <div class='ocr_carea' id='block_1_71' title="bbox 502 3963 2084 4034">
    <p class='ocr_par' dir='ltr' id='par_1_71' title="bbox 502 3963 2084 4034">
     <span class='ocr_line' id='line_1_71' title="bbox 502 3963 2084 4034; baseline 0 -16"><span class='ocrx_word' id='word_1_587' title='bbox 502 3981 560 4020; x_wconf 90' lang='lat' dir='ltr'><strong>se</strong></span> <span class='ocrx_word' id='word_1_588' title='bbox 607 3979 781 4034; x_wconf 90' lang='lat' dir='ltr'><strong>neque</strong></span> <span class='ocrx_word' id='word_1_589' title='bbox 827 3963 1087 4034; x_wconf 89' lang='lat' dir='ltr'><strong>Spiritum</strong></span> <span class='ocrx_word' id='word_1_590' title='bbox 1137 3972 1414 4028; x_wconf 88' lang='lat' dir='ltr'><strong>sanctum,</strong></span> <span class='ocrx_word' id='word_1_591' title='bbox 1467 3980 1588 4018; x_wconf 84' lang='lat' dir='ltr'><strong>eum</strong></span> <span class='ocrx_word' id='word_1_592' title='bbox 1617 3964 1743 4017; x_wconf 86' lang='lat' dir='ltr'><strong>dicit</strong></span> <span class='ocrx_word' id='word_1_593' title='bbox 1793 3973 1947 4018; x_wconf 74' lang='lat' dir='ltr'><strong>extra</strong></span> <span class='ocrx_word' id='word_1_594' title='bbox 1997 3979 2084 4018; x_wconf 89' lang='lat' dir='ltr'><strong>me</strong></span> 
     </span>
    </p>
   </div>
   <div class='ocr_carea' id='block_1_72' title="bbox 502 4053 2082 4122">
    <p class='ocr_par' dir='ltr' id='par_1_72' title="bbox 502 4053 2082 4122">
     <span class='ocr_line' id='line_1_72' title="bbox 502 4053 2082 4122; baseline 0 -14"><span class='ocrx_word' id='word_1_595' title='bbox 502 4071 606 4109; x_wconf 92' lang='lat' dir='ltr'><strong>non</strong></span> <span class='ocrx_word' id='word_1_596' title='bbox 638 4065 719 4109; x_wconf 87' lang='lat' dir='ltr'><strong>est</strong></span> <span class='ocrx_word' id='word_1_597' title='bbox 752 4057 890 4109; x_wconf 91' lang='lat' dir='ltr'><strong>Deus</strong></span> <span class='ocrx_word' id='word_1_598' title='bbox 913 4095 926 4117; x_wconf 94' lang='lat'><strong>,</strong></span> <span class='ocrx_word' id='word_1_599' title='bbox 959 4055 1085 4122; x_wconf 90' lang='lat' dir='ltr'><strong>quia</strong></span> <span class='ocrx_word' id='word_1_600' title='bbox 1113 4053 1275 4106; x_wconf 87' lang='lat' dir='ltr'><strong>Pater</strong></span> <span class='ocrx_word' id='word_1_601' title='bbox 1324 4070 1444 4107; x_wconf 89' lang='lat' dir='ltr'><strong>cum</strong></span> <span class='ocrx_word' id='word_1_602' title='bbox 1482 4054 1618 4107; x_wconf 84' lang='lat' dir='ltr'><strong>Filio</strong></span> <span class='ocrx_word' id='word_1_603' title='bbox 1646 4063 1701 4107; x_wconf 88' lang='lat' dir='ltr'><strong>et</strong></span> <span class='ocrx_word' id='word_1_604' title='bbox 1727 4054 1928 4122; x_wconf 88' lang='lat' dir='ltr'><strong>Spiritu</strong></span> <span class='ocrx_word' id='word_1_605' title='bbox 1959 4071 2082 4108; x_wconf 87' lang='lat' dir='ltr'><strong>san-</strong></span> 
     </span>
    </p>
   </div>
   <div class='ocr_carea' id='block_1_73' title="bbox 501 4145 2081 4218">
    <p class='ocr_par' dir='ltr' id='par_1_73' title="bbox 501 4145 2081 4218">
     <span class='ocr_line' id='line_1_73' title="bbox 501 4145 2081 4218; baseline 0.001 -19"><span class='ocrx_word' id='word_1_606' title='bbox 501 4157 588 4199; x_wconf 86' lang='lat' dir='ltr'><strong>eto</strong></span> <span class='ocrx_word' id='word_1_607' title='bbox 624 4163 761 4200; x_wconf 88' lang='lat' dir='ltr'><strong>unus</strong></span> <span class='ocrx_word' id='word_1_608' title='bbox 792 4157 872 4199; x_wconf 90' lang='lat' dir='ltr'><strong>est</strong></span> <span class='ocrx_word' id='word_1_609' title='bbox 889 4147 1048 4209; x_wconf 82' lang='lat' dir='ltr'><strong>Deus,</strong></span> <span class='ocrx_word' id='word_1_610' title='bbox 1081 4145 1220 4198; x_wconf 91' lang='lat' dir='ltr'><strong>sicut</strong></span> <span class='ocrx_word' id='word_1_611' title='bbox 1251 4145 1488 4214; x_wconf 91' lang='lat' dir='ltr'><strong>loquitur</strong></span> <span class='ocrx_word' id='word_1_612' title='bbox 1516 4146 1630 4214; x_wconf 86' lang='lat' dir='ltr'><strong>ipse</strong></span> <span class='ocrx_word' id='word_1_613' title='bbox 1660 4145 1830 4199; x_wconf 79' lang='lat' dir='ltr'><strong>Filius</strong></span> <span class='ocrx_word' id='word_1_614' title='bbox 1863 4165 1874 4198; x_wconf 91' lang='lat'><strong>:</strong></span> <span class='ocrx_word' id='word_1_615' title='bbox 1915 4168 1930 4196; x_wconf 74' lang='grc' dir='ltr'>ι</span> <span class='ocrx_word' id='word_1_616' title='bbox 1970 4147 2081 4218; x_wconf 82' lang='lat' dir='ltr'><strong>Ego</strong></span> 
     </span>
    </p>
   </div>
   <div class='ocr_carea' id='block_1_74' title="bbox 500 4234 2080 4306">
    <p class='ocr_par' dir='ltr' id='par_1_74' title="bbox 500 4234 2080 4306">
     <span class='ocr_line' id='line_1_74' title="bbox 500 4234 2080 4306; baseline 0.001 -17"><span class='ocrx_word' id='word_1_617' title='bbox 500 4238 553 4289; x_wconf 89' lang='lat' dir='ltr'><strong>in</strong></span> <span class='ocrx_word' id='word_1_618' title='bbox 587 4235 747 4289; x_wconf 87' lang='lat' dir='ltr'><strong>Patre</strong></span> <span class='ocrx_word' id='word_1_619' title='bbox 775 4244 827 4288; x_wconf 90' lang='lat' dir='ltr'><strong>et</strong></span> <span class='ocrx_word' id='word_1_620' title='bbox 843 4234 1074 4289; x_wconf 70' lang='lat' dir='ltr'><strong>Paterin</strong></span> <span class='ocrx_word' id='word_1_621' title='bbox 1096 4249 1180 4288; x_wconf 91' lang='lat' dir='ltr'><strong>me</strong></span> <span class='ocrx_word' id='word_1_622' title='bbox 1195 4244 1295 4289; x_wconf 90' lang='lat' dir='ltr'><strong>est.</strong></span> <span class='ocrx_word' id='word_1_623' title='bbox 1332 4255 1348 4284; x_wconf 70' lang='lat' dir='ltr'><strong>t</strong></span> <span class='ocrx_word' id='word_1_624' title='bbox 1377 4235 1467 4299; x_wconf 91' lang='lat' dir='ltr'><strong>Et,</strong></span> <span class='ocrx_word' id='word_1_625' title='bbox 1489 4255 1505 4285; x_wconf 74' lang='grc' dir='ltr'>ι</span> <span class='ocrx_word' id='word_1_626' title='bbox 1543 4236 1718 4306; x_wconf 88' lang='lat' dir='ltr'><strong>Egoet</strong></span> <span class='ocrx_word' id='word_1_627' title='bbox 1739 4237 1901 4292; x_wconf 87' lang='lat' dir='ltr'><strong>Pater</strong></span> <span class='ocrx_word' id='word_1_628' title='bbox 1915 4254 2080 4292; x_wconf 90' lang='lat' dir='ltr'><strong>unum</strong></span> 
     </span>
    </p>
   </div>
   <div class='ocr_carea' id='block_1_75' title="bbox 501 4327 2080 4399">
    <p class='ocr_par' dir='ltr' id='par_1_75' title="bbox 501 4327 2080 4399">
     <span class='ocr_line' id='line_1_75' title="bbox 501 4327 2080 4399; baseline 0 -15"><span class='ocrx_word' id='word_1_629' title='bbox 501 4342 688 4384; x_wconf 89' lang='lat' dir='ltr'><strong>sumus</strong></span> <span class='ocrx_word' id='word_1_630' title='bbox 717 4328 897 4398; x_wconf 80' lang='lat' dir='ltr'><strong>(Joan.</strong></span> <span class='ocrx_word' id='word_1_631' title='bbox 928 4344 1040 4394; x_wconf 81' lang='lat' dir='ltr'><strong>xw,</strong></span> <span class='ocrx_word' id='word_1_632' title='bbox 1073 4327 1150 4399; x_wconf 76' lang='grc' dir='ltr'><strong>ι).</strong></span> <span class='ocrx_word' id='word_1_633' title='bbox 1190 4348 1210 4381; x_wconf 84' lang='grc'><strong>›</strong></span> <span class='ocrx_word' id='word_1_634' title='bbox 1273 4346 1290 4378; x_wconf 72' lang='grc' dir='ltr'>ι</span> <span class='ocrx_word' id='word_1_635' title='bbox 1330 4329 1551 4383; x_wconf 77' lang='lat' dir='ltr'><strong>Acciuxi</strong></span> <span class='ocrx_word' id='word_1_636' title='bbox 1590 4337 1642 4384; x_wconf 89' lang='lat' dir='ltr'><strong>te</strong></span> <span class='ocrx_word' id='word_1_637' title='bbox 1695 4349 1714 4382; x_wconf 75' lang='grc' dir='ltr'><strong><em>ι</em></strong></span> <span class='ocrx_word' id='word_1_638' title='bbox 1769 4330 1968 4385; x_wconf 91' lang='lat' dir='ltr'><strong>virtute</strong></span> <span class='ocrx_word' id='word_1_639' title='bbox 2022 4339 2080 4384; x_wconf 91' lang='lat' dir='ltr'><strong>ut</strong></span> 
     </span>
    </p>
   </div>
   <div class='ocr_carea' id='block_1_76' title="bbox 414 4407 2074 4490">
    <p class='ocr_par' dir='ltr' id='par_1_76' title="bbox 414 4407 2074 4490">
     <span class='ocr_line' id='line_1_76' title="bbox 414 4407 2074 4490; baseline 0.002 -18"><span class='ocrx_word' id='word_1_640' title='bbox 414 4407 422 4421; x_wconf 87' lang='grc'><em>’</em></span> <span class='ocrx_word' id='word_1_641' title='bbox 473 4419 810 4488; x_wconf 71' lang='lat' dir='ltr'><strong>.acquireres</strong></span> <span class='ocrx_word' id='word_1_642' title='bbox 847 4420 942 4474; x_wconf 92' lang='lat' dir='ltr'><strong>tibi</strong></span> <span class='ocrx_word' id='word_1_643' title='bbox 973 4434 1157 4490; x_wconf 88' lang='lat' dir='ltr'><strong>regna,</strong></span> <span class='ocrx_word' id='word_1_644' title='bbox 1189 4436 1208 4469; x_wconf 72' lang='grc' dir='ltr'><strong><em>ι</em></strong></span> <span class='ocrx_word' id='word_1_645' title='bbox 1237 4427 1293 4472; x_wconf 91' lang='lat' dir='ltr'><strong>et</strong></span> <span class='ocrx_word' id='word_1_646' title='bbox 1318 4435 1424 4473; x_wconf 93' lang='lat' dir='ltr'><strong>non</strong></span> <span class='ocrx_word' id='word_1_647' title='bbox 1447 4419 1743 4490; x_wconf 88' lang='lat' dir='ltr'><strong>cognovisti</strong></span> <span class='ocrx_word' id='word_1_648' title='bbox 1775 4435 1876 4481; x_wconf 91' lang='lat' dir='ltr'><strong>me,</strong></span> <span class='ocrx_word' id='word_1_649' title='bbox 1919 4441 1936 4470; x_wconf 74' lang='grc' dir='ltr'>ι</span> <span class='ocrx_word' id='word_1_650' title='bbox 1969 4420 2074 4475; x_wconf 90' lang='lat' dir='ltr'><strong>sic-</strong></span> 
     </span>
    </p>
   </div>
   <div class='ocr_carea' id='block_1_77' title="bbox 498 4499 2154 4583">
    <p class='ocr_par' dir='ltr' id='par_1_77' title="bbox 498 4499 2154 4583">
     <span class='ocr_line' id='line_1_77' title="bbox 498 4499 2154 4583; baseline 0.001 -15"><span class='ocrx_word' id='word_1_651' title='bbox 498 4513 576 4568; x_wconf 90' lang='lat' dir='ltr'><strong>uti</strong></span> <span class='ocrx_word' id='word_1_652' title='bbox 608 4513 1013 4583; x_wconf 86' lang='lat' dir='ltr'><strong>cognoscendus</strong></span> <span class='ocrx_word' id='word_1_653' title='bbox 1058 4527 1227 4566; x_wconf 90' lang='lat' dir='ltr'><strong>eram.</strong></span> <span class='ocrx_word' id='word_1_654' title='bbox 1265 4512 1496 4582; x_wconf 89' lang='lat' dir='ltr'><strong>Ideoque</strong></span> <span class='ocrx_word' id='word_1_655' title='bbox 1528 4515 1741 4569; x_wconf 83' lang='lat' dir='ltr'><strong>accinxi</strong></span> <span class='ocrx_word' id='word_1_656' title='bbox 1783 4523 1834 4569; x_wconf 91' lang='lat' dir='ltr'><strong>te</strong></span> <span class='ocrx_word' id='word_1_657' title='bbox 1879 4515 2076 4571; x_wconf 89' lang='lat' dir='ltr'><strong>virtute</strong></span> <span class='ocrx_word' id='word_1_658' title='bbox 2102 4499 2154 4558; x_wconf 83' lang='lat' dir='ltr'><strong>D</strong></span> 
     </span>
    </p>
   </div>
   <div class='ocr_carea' id='block_1_78' title="bbox 497 4603 1289 4673">
    <p class='ocr_par' dir='ltr' id='par_1_78' title="bbox 497 4603 1289 4673">
     <span class='ocr_line' id='line_1_78' title="bbox 497 4603 1289 4673; baseline 0 -17"><span class='ocrx_word' id='word_1_659' title='bbox 497 4611 552 4656; x_wconf 89' lang='lat' dir='ltr'><strong>et</strong></span> <span class='ocrx_word' id='word_1_660' title='bbox 579 4604 698 4657; x_wconf 89' lang='lat' dir='ltr'><strong>dedi</strong></span> <span class='ocrx_word' id='word_1_661' title='bbox 727 4603 951 4669; x_wconf 83' lang='lat' dir='ltr'><strong>gloriam</strong></span> <span class='ocrx_word' id='word_1_662' title='bbox 981 4618 1289 4673; x_wconf 85' lang='lat' dir='ltr'><strong>regnorum.</strong></span> 
     </span>
    </p>
   </div>
   <div class='ocr_carea' id='block_1_79' title="bbox 577 4691 2074 4769">
    <p class='ocr_par' dir='ltr' id='par_1_79' title="bbox 577 4691 2074 4769">
     <span class='ocr_line' id='line_1_79' title="bbox 577 4691 2074 4769; baseline 0.008 -27"><span class='ocrx_word' id='word_1_663' title='bbox 577 4711 596 4742; x_wconf 84' lang='grc'><em>‹</em></span> <span class='ocrx_word' id='word_1_664' title='bbox 630 4691 697 4746; x_wconf 88' lang='lat' dir='ltr'><strong>Ut</strong></span> <span class='ocrx_word' id='word_1_665' title='bbox 722 4707 818 4762; x_wconf 87' lang='lat' dir='ltr'><strong>per</strong></span> <span class='ocrx_word' id='word_1_666' title='bbox 844 4701 894 4745; x_wconf 92' lang='lat' dir='ltr'><strong>te</strong></span> <span class='ocrx_word' id='word_1_667' title='bbox 916 4693 1088 4746; x_wconf 88' lang='lat' dir='ltr'><strong>sciant</strong></span> <span class='ocrx_word' id='word_1_668' title='bbox 1117 4696 1208 4764; x_wconf 90' lang='lat' dir='ltr'><strong>qui</strong></span> <span class='ocrx_word' id='word_1_669' title='bbox 1236 4696 1302 4750; x_wconf 90' lang='lat' dir='ltr'><strong>ab</strong></span> <span class='ocrx_word' id='word_1_670' title='bbox 1332 4703 1452 4750; x_wconf 92' lang='lat' dir='ltr'><strong>ortu</strong></span> <span class='ocrx_word' id='word_1_671' title='bbox 1482 4697 1609 4751; x_wconf 90' lang='lat' dir='ltr'><strong>solis</strong></span> <span class='ocrx_word' id='word_1_672' title='bbox 1637 4709 1780 4762; x_wconf 92' lang='lat' dir='ltr'><strong>sunt,</strong></span> <span class='ocrx_word' id='word_1_673' title='bbox 1805 4709 1858 4753; x_wconf 91' lang='lat' dir='ltr'><strong>et</strong></span> <span class='ocrx_word' id='word_1_674' title='bbox 1887 4699 1978 4769; x_wconf 91' lang='lat' dir='ltr'><strong>qui</strong></span> <span class='ocrx_word' id='word_1_675' title='bbox 2006 4701 2074 4755; x_wconf 89' lang='lat' dir='ltr'><strong>ab</strong></span> 
     </span>
    </p>
   </div>
   <div class='ocr_carea' id='block_1_80' title="bbox 497 4783 2074 4860">
    <p class='ocr_par' dir='ltr' id='par_1_80' title="bbox 497 4783 2074 4860">
     <span class='ocr_line' id='line_1_80' title="bbox 497 4783 2074 4860; baseline 0.005 -22"><span class='ocrx_word' id='word_1_676' title='bbox 497 4783 799 4848; x_wconf 89' lang='lat' dir='ltr'><strong>occidente,</strong></span> <span class='ocrx_word' id='word_1_677' title='bbox 832 4783 1085 4851; x_wconf 90' lang='lat' dir='ltr'><strong>quoniam</strong></span> <span class='ocrx_word' id='word_1_678' title='bbox 1133 4787 1336 4855; x_wconf 82' lang='lat' dir='ltr'><strong>absque</strong></span> <span class='ocrx_word' id='word_1_679' title='bbox 1385 4802 1468 4840; x_wconf 93' lang='lat' dir='ltr'><strong>me</strong></span> <span class='ocrx_word' id='word_1_680' title='bbox 1513 4803 1616 4841; x_wconf 91' lang='lat' dir='ltr'><strong>non</strong></span> <span class='ocrx_word' id='word_1_681' title='bbox 1646 4797 1730 4842; x_wconf 90' lang='lat' dir='ltr'><strong>est</strong></span> <span class='ocrx_word' id='word_1_682' title='bbox 1771 4789 1929 4845; x_wconf 88' lang='lat' dir='ltr'><strong>Deus.</strong></span> <span class='ocrx_word' id='word_1_683' title='bbox 1961 4789 2074 4860; x_wconf 88' lang='lat' dir='ltr'><strong>Ego</strong></span> 
     </span>
    </p>
   </div>
   <div class='ocr_carea' id='block_1_81' title="bbox 499 4875 2074 4949">
    <p class='ocr_par' dir='ltr' id='par_1_81' title="bbox 499 4875 2074 4949">
     <span class='ocr_line' id='line_1_81' title="bbox 499 4875 2074 4949; baseline 0.003 -19"><span class='ocrx_word' id='word_1_684' title='bbox 499 4875 778 4939; x_wconf 88' lang='lat' dir='ltr'><strong>Dominus,</strong></span> <span class='ocrx_word' id='word_1_685' title='bbox 808 4882 862 4928; x_wconf 88' lang='lat' dir='ltr'><strong>et</strong></span> <span class='ocrx_word' id='word_1_686' title='bbox 889 4891 992 4928; x_wconf 94' lang='lat' dir='ltr'><strong>non</strong></span> <span class='ocrx_word' id='word_1_687' title='bbox 1024 4886 1102 4930; x_wconf 88' lang='lat' dir='ltr'><strong>est</strong></span> <span class='ocrx_word' id='word_1_688' title='bbox 1134 4878 1286 4931; x_wconf 86' lang='lat' dir='ltr'><strong>alter.</strong></span> <span class='ocrx_word' id='word_1_689' title='bbox 1330 4897 1346 4927; x_wconf 74' lang='grc' dir='ltr'>ι</span> <span class='ocrx_word' id='word_1_690' title='bbox 1381 4879 1599 4949; x_wconf 87' lang='lat' dir='ltr'><strong>Legitur</strong></span> <span class='ocrx_word' id='word_1_691' title='bbox 1630 4880 1682 4933; x_wconf 92' lang='lat' dir='ltr'><strong>in</strong></span> <span class='ocrx_word' id='word_1_692' title='bbox 1713 4881 1984 4934; x_wconf 86' lang='lat' dir='ltr'><strong>volumine</strong></span> <span class='ocrx_word' id='word_1_693' title='bbox 2013 4883 2074 4936; x_wconf 94' lang='lat' dir='ltr'><strong>li-</strong></span> 
     </span>
    </p>
   </div>
   <div class='ocr_carea' id='block_1_82' title="bbox 498 4965 2068 5040">
    <p class='ocr_par' dir='ltr' id='par_1_82' title="bbox 498 4965 2068 5040">
     <span class='ocr_line' id='line_1_82' title="bbox 498 4965 2068 5040; baseline 0.005 -22"><span class='ocrx_word' id='word_1_694' title='bbox 498 4966 578 5019; x_wconf 90' lang='lat' dir='ltr'><strong>bri</strong></span> <span class='ocrx_word' id='word_1_695' title='bbox 625 4965 807 5021; x_wconf 71' lang='lat' dir='ltr'><strong>Esdrte</strong></span> <span class='ocrx_word' id='word_1_696' title='bbox 838 4968 1120 5037; x_wconf 83' lang='lat' dir='ltr'><strong>scripsisse</strong></span> <span class='ocrx_word' id='word_1_697' title='bbox 1165 4967 1364 5038; x_wconf 88' lang='lat' dir='ltr'><strong>Cyrum</strong></span> <span class='ocrx_word' id='word_1_698' title='bbox 1410 4970 1479 5022; x_wconf 89' lang='lat' dir='ltr'><strong>ad</strong></span> <span class='ocrx_word' id='word_1_699' title='bbox 1517 4985 1704 5024; x_wconf 88' lang='lat' dir='ltr'><strong>omnes</strong></span> <span class='ocrx_word' id='word_1_700' title='bbox 1731 4980 1934 5040; x_wconf 82' lang='lat' dir='ltr'><strong>gentes,</strong></span> <span class='ocrx_word' id='word_1_701' title='bbox 1964 4987 2068 5026; x_wconf 91' lang='lat' dir='ltr'><strong>non</strong></span> 
     </span>
    </p>
   </div>
   <div class='ocr_carea' id='block_1_83' title="bbox 494 5058 2071 5129">
    <p class='ocr_par' dir='ltr' id='par_1_83' title="bbox 494 5058 2071 5129">
     <span class='ocr_line' id='line_1_83' title="bbox 494 5058 2071 5129; baseline 0.004 -19"><span class='ocrx_word' id='word_1_702' title='bbox 494 5073 616 5111; x_wconf 88' lang='lat' dir='ltr'><strong>esse</strong></span> <span class='ocrx_word' id='word_1_703' title='bbox 645 5058 807 5112; x_wconf 86' lang='lat' dir='ltr'><strong>alium</strong></span> <span class='ocrx_word' id='word_1_704' title='bbox 837 5059 1002 5113; x_wconf 91' lang='lat' dir='ltr'><strong>Deum</strong></span> <span class='ocrx_word' id='word_1_705' title='bbox 1029 5067 1230 5129; x_wconf 70' lang='lat' dir='ltr'><strong>praztet:</strong></span> <span class='ocrx_word' id='word_1_706' title='bbox 1252 5059 1537 5114; x_wconf 88' lang='lat' dir='ltr'><strong>Dominum</strong></span> <span class='ocrx_word' id='word_1_707' title='bbox 1567 5062 1735 5115; x_wconf 88' lang='lat' dir='ltr'><strong>Deum</strong></span> <span class='ocrx_word' id='word_1_708' title='bbox 1758 5062 1942 5116; x_wconf 91' lang='lat' dir='ltr'><strong>Israel.</strong></span> <span class='ocrx_word' id='word_1_709' title='bbox 1974 5061 2071 5116; x_wconf 82' lang='lat' dir='ltr'><strong>Vel</strong></span> 
     </span>
    </p>
   </div>
   <div class='ocr_carea' id='block_1_84' title="bbox 495 5149 2072 5222">
    <p class='ocr_par' dir='ltr' id='par_1_84' title="bbox 495 5149 2072 5222">
     <span class='ocr_line' id='line_1_84' title="bbox 495 5149 2072 5222; baseline 0.006 -23"><span class='ocrx_word' id='word_1_710' title='bbox 495 5149 658 5201; x_wconf 86' lang='lat' dir='ltr'><strong>etiam</strong></span> <span class='ocrx_word' id='word_1_711' title='bbox 691 5149 762 5201; x_wconf 90' lang='lat' dir='ltr'><strong>ita</strong></span> <span class='ocrx_word' id='word_1_712' title='bbox 797 5149 1202 5219; x_wconf 87' lang='lat' dir='ltr'><strong>intelligendum</strong></span> <span class='ocrx_word' id='word_1_713' title='bbox 1243 5161 1344 5216; x_wconf 90' lang='lat' dir='ltr'><strong>est,</strong></span> <span class='ocrx_word' id='word_1_714' title='bbox 1378 5161 1438 5206; x_wconf 93' lang='lat' dir='ltr'><strong>ut</strong></span> <span class='ocrx_word' id='word_1_715' title='bbox 1465 5167 1530 5206; x_wconf 85' lang='lat' dir='ltr'><strong>ex</strong></span> <span class='ocrx_word' id='word_1_716' title='bbox 1561 5154 1895 5222; x_wconf 88' lang='lat' dir='ltr'><strong>captivorum</strong></span> <span class='ocrx_word' id='word_1_717' title='bbox 1927 5153 2072 5208; x_wconf 77' lang='lat' dir='ltr'><strong>laxa-</strong></span> 
     </span>
    </p>
   </div>
   <div class='ocr_carea' id='block_1_85' title="bbox 494 5240 2070 5312">
    <p class='ocr_par' dir='ltr' id='par_1_85' title="bbox 494 5240 2070 5312">
     <span class='ocr_line' id='line_1_85' title="bbox 494 5240 2070 5312; baseline 0.005 -19"><span class='ocrx_word' id='word_1_718' title='bbox 494 5240 642 5294; x_wconf 90' lang='lat' dir='ltr'><strong>tione</strong></span> <span class='ocrx_word' id='word_1_719' title='bbox 680 5241 771 5296; x_wconf 88' lang='lat' dir='ltr'><strong>Dei</strong></span> <span class='ocrx_word' id='word_1_720' title='bbox 801 5242 1183 5312; x_wconf 90' lang='lat' dir='ltr'><strong>omnipotentis</strong></span> <span class='ocrx_word' id='word_1_721' title='bbox 1223 5244 1507 5299; x_wconf 87' lang='lat' dir='ltr'><strong>clementia</strong></span> <span class='ocrx_word' id='word_1_722' title='bbox 1537 5246 1716 5300; x_wconf 89' lang='lat' dir='ltr'><strong>notior</strong></span> <span class='ocrx_word' id='word_1_723' title='bbox 1760 5247 1971 5302; x_wconf 88' lang='lat' dir='ltr'><strong>cunctis</strong></span> <span class='ocrx_word' id='word_1_724' title='bbox 2015 5247 2070 5301; x_wconf 91' lang='lat' dir='ltr'><strong>in</strong></span> 
     </span>
    </p>
   </div>
   <div class='ocr_carea' id='block_1_86' title="bbox 492 5331 2072 5409">
    <p class='ocr_par' dir='ltr' id='par_1_86' title="bbox 492 5331 2072 5409">
     <span class='ocr_line' id='line_1_86' title="bbox 492 5331 2072 5409; baseline 0.006 -26"><span class='ocrx_word' id='word_1_725' title='bbox 492 5331 704 5401; x_wconf 81' lang='lat' dir='ltr'><strong>pupulis</strong></span> <span class='ocrx_word' id='word_1_726' title='bbox 729 5331 871 5387; x_wconf 77' lang='lat' dir='ltr'><strong>facta</strong></span> <span class='ocrx_word' id='word_1_727' title='bbox 897 5341 998 5388; x_wconf 90' lang='lat' dir='ltr'><strong>est.</strong></span> <span class='ocrx_word' id='word_1_728' title='bbox 1035 5335 1175 5389; x_wconf 89' lang='lat' dir='ltr'><strong>Dicit</strong></span> <span class='ocrx_word' id='word_1_729' title='bbox 1201 5335 1466 5406; x_wconf 75' lang='lat' dir='ltr'><strong>Iosephus</strong></span> <span class='ocrx_word' id='word_1_730' title='bbox 1493 5337 1545 5391; x_wconf 92' lang='lat' dir='ltr'><strong>in</strong></span> <span class='ocrx_word' id='word_1_731' title='bbox 1572 5337 1809 5392; x_wconf 76' lang='lat' dir='ltr'><strong>Historia</strong></span> <span class='ocrx_word' id='word_1_732' title='bbox 1829 5339 2072 5409; x_wconf 76' lang='lat' dir='ltr'><strong>Antiqui-</strong></span> 
     </span>
    </p>
   </div>
   <div class='ocr_carea' id='block_1_87' title="bbox 495 5424 2070 5499">
    <p class='ocr_par' dir='ltr' id='par_1_87' title="bbox 495 5424 2070 5499">
     <span class='ocr_line' id='line_1_87' title="bbox 495 5424 2070 5499; baseline 0.008 -26"><span class='ocrx_word' id='word_1_733' title='bbox 495 5430 692 5485; x_wconf 76' lang='lat' dir='ltr'><strong>talum,</strong></span> <span class='ocrx_word' id='word_1_734' title='bbox 729 5424 929 5480; x_wconf 90' lang='lat' dir='ltr'><strong>idcirco</strong></span> <span class='ocrx_word' id='word_1_735' title='bbox 981 5425 1262 5482; x_wconf 89' lang='lat' dir='ltr'><strong>dimissum</strong></span> <span class='ocrx_word' id='word_1_736' title='bbox 1307 5443 1426 5483; x_wconf 91' lang='lat' dir='ltr'><strong>esse</strong></span> <span class='ocrx_word' id='word_1_737' title='bbox 1488 5430 1743 5499; x_wconf 91' lang='lat' dir='ltr'><strong>populum</strong></span> <span class='ocrx_word' id='word_1_738' title='bbox 1786 5446 1817 5484; x_wconf 93' lang='lat' dir='ltr'><strong>a</strong></span> <span class='ocrx_word' id='word_1_739' title='bbox 1854 5431 2070 5486; x_wconf 90' lang='lat' dir='ltr'><strong>vinculo</strong></span> 
     </span>
    </p>
   </div>
   <div class='ocr_carea' id='block_1_88' title="bbox 495 5513 2068 5592">
    <p class='ocr_par' dir='ltr' id='par_1_88' title="bbox 495 5513 2068 5592">
     <span class='ocr_line' id='line_1_88' title="bbox 495 5513 2068 5592; baseline 0.009 -28"><span class='ocrx_word' id='word_1_740' title='bbox 495 5513 842 5580; x_wconf 85' lang='lat' dir='ltr'><strong>captivitatis,</strong></span> <span class='ocrx_word' id='word_1_741' title='bbox 893 5517 1019 5585; x_wconf 90' lang='lat' dir='ltr'><strong>quia</strong></span> <span class='ocrx_word' id='word_1_742' title='bbox 1065 5517 1194 5590; x_wconf 88' lang='lat' dir='ltr'><strong>legit</strong></span> <span class='ocrx_word' id='word_1_743' title='bbox 1238 5519 1328 5575; x_wconf 91' lang='lat' dir='ltr'><strong>ille</strong></span> <span class='ocrx_word' id='word_1_744' title='bbox 1367 5521 1422 5573; x_wconf 92' lang='lat' dir='ltr'><strong>in</strong></span> <span class='ocrx_word' id='word_1_745' title='bbox 1473 5519 1611 5575; x_wconf 90' lang='lat' dir='ltr'><strong>libro</strong></span> <span class='ocrx_word' id='word_1_746' title='bbox 1653 5520 1804 5575; x_wconf 66' lang='lat' dir='ltr'><strong>Isaiae</strong></span> <span class='ocrx_word' id='word_1_747' title='bbox 1854 5536 1918 5577; x_wconf 89' lang='lat' dir='ltr'><strong>ea</strong></span> <span class='ocrx_word' id='word_1_748' title='bbox 1949 5537 2068 5592; x_wconf 73' lang='lat' dir='ltr'><strong>qua:</strong></span> 
     </span>
    </p>
   </div>
   <div class='ocr_carea' id='block_1_89' title="bbox 493 5600 2060 5680">
    <p class='ocr_par' dir='ltr' id='par_1_89' title="bbox 493 5600 2060 5680">
     <span class='ocr_line' id='line_1_89' title="bbox 493 5600 2060 5680; baseline 0.008 -24"><span class='ocrx_word' id='word_1_749' title='bbox 493 5600 750 5658; x_wconf 82' lang='lat' dir='ltr'><strong>Dominus</strong></span> <span class='ocrx_word' id='word_1_750' title='bbox 774 5619 872 5674; x_wconf 84' lang='lat' dir='ltr'><strong>per</strong></span> <span class='ocrx_word' id='word_1_751' title='bbox 897 5606 1088 5663; x_wconf 89' lang='lat' dir='ltr'><strong>Isaiam</strong></span> <span class='ocrx_word' id='word_1_752' title='bbox 1122 5611 1437 5680; x_wconf 88' lang='lat' dir='ltr'><strong>prophetam</strong></span> <span class='ocrx_word' id='word_1_753' title='bbox 1466 5611 1533 5665; x_wconf 88' lang='lat' dir='ltr'><strong>de</strong></span> <span class='ocrx_word' id='word_1_754' title='bbox 1572 5610 1664 5664; x_wconf 93' lang='lat' dir='ltr'><strong>illo</strong></span> <span class='ocrx_word' id='word_1_755' title='bbox 1719 5613 2060 5680; x_wconf 66' lang='lat' dir='ltr'><strong>praedixerat.</strong></span> 
     </span>
    </p>
   </div>
   <div class='ocr_carea' id='block_1_90' title="bbox 570 5693 2065 5767">
    <p class='ocr_par' dir='ltr' id='par_1_90' title="bbox 570 5693 2065 5767">
     <span class='ocr_line' id='line_1_90' title="bbox 570 5693 2065 5767; baseline 0.009 -20"><span class='ocrx_word' id='word_1_756' title='bbox 570 5710 587 5740; x_wconf 85' lang='grc'><em>‹</em></span> <span class='ocrx_word' id='word_1_757' title='bbox 626 5693 886 5753; x_wconf 87' lang='lat' dir='ltr'><strong>Formans</strong></span> <span class='ocrx_word' id='word_1_758' title='bbox 915 5697 1106 5764; x_wconf 89' lang='lat' dir='ltr'><strong>lucem,</strong></span> <span class='ocrx_word' id='word_1_759' title='bbox 1148 5721 1165 5753; x_wconf 84' lang='grc'>›</span> <span class='ocrx_word' id='word_1_760' title='bbox 1208 5702 1260 5755; x_wconf 89' lang='lat' dir='ltr'><strong>id</strong></span> <span class='ocrx_word' id='word_1_761' title='bbox 1303 5711 1386 5757; x_wconf 88' lang='lat' dir='ltr'><strong>est</strong></span> <span class='ocrx_word' id='word_1_762' title='bbox 1428 5703 1589 5767; x_wconf 88' lang='lat' dir='ltr'><strong>diem,</strong></span> <span class='ocrx_word' id='word_1_763' title='bbox 1638 5721 1655 5754; x_wconf 85' lang='grc'><em>‹</em></span> <span class='ocrx_word' id='word_1_764' title='bbox 1689 5719 1880 5759; x_wconf 80' lang='lat' dir='ltr'><strong>creatis</strong></span> <span class='ocrx_word' id='word_1_765' title='bbox 1921 5714 2065 5761; x_wconf 83' lang='lat' dir='ltr'><strong>tene-</strong></span> 
     </span>
    </p>
   </div>
   <div class='ocr_carea' id='block_1_91' title="bbox 399 6447 1157 6461">
    <p class='ocr_par' dir='ltr' id='par_1_91' title="bbox 399 6452 1157 6460">
     <span class='ocr_line' id='line_1_91' title="bbox 399 6452 1157 6460; baseline -0.011 1"><span class='ocrx_word' id='word_1_766' title='bbox 399 6453 903 6460; x_wconf 33' lang='lat'><strong>__—__—777—</strong></span> <span class='ocrx_word' id='word_1_767' title='bbox 1033 6452 1058 6453; x_wconf 33' lang='grc' dir='ltr'><em>κ</em></span> <span class='ocrx_word' id='word_1_768' title='bbox 1077 6452 1157 6453; x_wconf 38' lang='lat' dir='ltr'><strong>i7</strong></span> 
     </span>
    </p>
   </div>
   <div class='ocr_carea' id='block_1_92' title="bbox 2189 3243 3758 3313">
    <p class='ocr_par' dir='ltr' id='par_1_92' title="bbox 2189 3243 3758 3313">
     <span class='ocr_line' id='line_1_92' title="bbox 2189 3243 3758 3313; baseline 0 -15"><span class='ocrx_word' id='word_1_769' title='bbox 2189 3245 2388 3298; x_wconf 89' lang='lat' dir='ltr'><strong>nubem</strong></span> <span class='ocrx_word' id='word_1_770' title='bbox 2415 3259 2482 3298; x_wconf 80' lang='lat' dir='ltr'><strong>ex</strong></span> <span class='ocrx_word' id='word_1_771' title='bbox 2509 3243 2691 3297; x_wconf 89' lang='lat' dir='ltr'><strong>multis</strong></span> <span class='ocrx_word' id='word_1_772' title='bbox 2713 3243 2904 3297; x_wconf 89' lang='lat' dir='ltr'><strong>Isaiam</strong></span> <span class='ocrx_word' id='word_1_773' title='bbox 2931 3245 3264 3313; x_wconf 82' lang='lat' dir='ltr'><strong>prophetam,</strong></span> <span class='ocrx_word' id='word_1_774' title='bbox 3291 3253 3342 3298; x_wconf 92' lang='lat' dir='ltr'><strong>et</strong></span> <span class='ocrx_word' id='word_1_775' title='bbox 3364 3247 3758 3300; x_wconf 84' lang='lat' dir='ltr'><strong>consideremus</strong></span> 
     </span>
    </p>
   </div>
   <div class='ocr_carea' id='block_1_93' title="bbox 2189 3334 3757 3414">
    <p class='ocr_par' dir='ltr' id='par_1_93' title="bbox 2189 3334 3757 3414">
     <span class='ocr_line' id='line_1_93' title="bbox 2189 3334 3757 3414; baseline 0 -25"><span class='ocrx_word' id='word_1_776' title='bbox 2189 3336 2317 3404; x_wconf 91' lang='lat' dir='ltr'><strong>quid</strong></span> <span class='ocrx_word' id='word_1_777' title='bbox 2351 3336 2518 3414; x_wconf 83' lang='lat' dir='ltr'><strong>nobis</strong></span> <span class='ocrx_word' id='word_1_778' title='bbox 2547 3334 2833 3405; x_wconf 88' lang='lat' dir='ltr'><strong>protulerit</strong></span> <span class='ocrx_word' id='word_1_779' title='bbox 2866 3352 2878 3386; x_wconf 85' lang='lat'><strong>:</strong></span> <span class='ocrx_word' id='word_1_780' title='bbox 2912 3336 3050 3390; x_wconf 87' lang='lat' dir='ltr'><strong>Ecce</strong></span> <span class='ocrx_word' id='word_1_781' title='bbox 3079 3337 3300 3407; x_wconf 85' lang='lat' dir='ltr'><strong>(inquit)</strong></span> <span class='ocrx_word' id='word_1_782' title='bbox 3327 3338 3463 3406; x_wconf 80' lang='lat' dir='ltr'><strong>virgo</strong></span> <span class='ocrx_word' id='word_1_783' title='bbox 3488 3335 3757 3404; x_wconf 83' lang='lat' dir='ltr'><strong>concipiet</strong></span> 
     </span>
    </p>
   </div>
   <div class='ocr_carea' id='block_1_94' title="bbox 2188 3427 3765 3499">
    <p class='ocr_par' dir='ltr' id='par_1_94' title="bbox 2188 3427 3765 3499">
     <span class='ocr_line' id='line_1_94' title="bbox 2188 3427 3765 3499; baseline -0.001 -16"><span class='ocrx_word' id='word_1_784' title='bbox 2188 3438 2241 3484; x_wconf 91' lang='lat' dir='ltr'><strong>et</strong></span> <span class='ocrx_word' id='word_1_785' title='bbox 2266 3430 2442 3499; x_wconf 89' lang='lat' dir='ltr'><strong>pariet</strong></span> <span class='ocrx_word' id='word_1_786' title='bbox 2487 3429 2674 3492; x_wconf 86' lang='lat' dir='ltr'><strong>tilium,</strong></span> <span class='ocrx_word' id='word_1_787' title='bbox 2727 3437 2783 3482; x_wconf 88' lang='lat' dir='ltr'><strong>et</strong></span> <span class='ocrx_word' id='word_1_788' title='bbox 2826 3429 3111 3484; x_wconf 87' lang='lat' dir='ltr'><strong>vocabitur</strong></span> <span class='ocrx_word' id='word_1_789' title='bbox 3162 3445 3357 3484; x_wconf 89' lang='lat' dir='ltr'><strong>nomen</strong></span> <span class='ocrx_word' id='word_1_790' title='bbox 3410 3427 3522 3495; x_wconf 85' lang='lat' dir='ltr'><strong>ejus</strong></span> <span class='ocrx_word' id='word_1_791' title='bbox 3547 3428 3765 3482; x_wconf 74' lang='lat' dir='ltr'><strong>Emma-</strong></span> 
     </span>
    </p>
   </div>
   <div class='ocr_carea' id='block_1_95' title="bbox 2189 3519 3765 3589">
    <p class='ocr_par' dir='ltr' id='par_1_95' title="bbox 2189 3519 3765 3589">
     <span class='ocr_line' id='line_1_95' title="bbox 2189 3519 3765 3589; baseline 0.002 -16"><span class='ocrx_word' id='word_1_792' title='bbox 2189 3519 2330 3573; x_wconf 89' lang='lat' dir='ltr'><strong>nuel.</strong></span> <span class='ocrx_word' id='word_1_793' title='bbox 2372 3520 2440 3574; x_wconf 89' lang='lat' dir='ltr'><strong>Et</strong></span> <span class='ocrx_word' id='word_1_794' title='bbox 2466 3519 2596 3573; x_wconf 90' lang='lat' dir='ltr'><strong>illud</strong></span> <span class='ocrx_word' id='word_1_795' title='bbox 2626 3537 2637 3571; x_wconf 93' lang='lat'><strong>:</strong></span> <span class='ocrx_word' id='word_1_796' title='bbox 2671 3519 2871 3574; x_wconf 86' lang='lat' dir='ltr'><strong>Emitte</strong></span> <span class='ocrx_word' id='word_1_797' title='bbox 2907 3535 3128 3589; x_wconf 86' lang='lat' dir='ltr'><strong>agnum,</strong></span> <span class='ocrx_word' id='word_1_798' title='bbox 3170 3520 3419 3584; x_wconf 89' lang='lat' dir='ltr'><strong>Domine,</strong></span> <span class='ocrx_word' id='word_1_799' title='bbox 3469 3521 3765 3576; x_wconf 85' lang='lat' dir='ltr'><strong>dominato-</strong></span> 
     </span>
    </p>
   </div>
   <div class='ocr_carea' id='block_1_96' title="bbox 2185 3612 3762 3678">
    <p class='ocr_par' dir='ltr' id='par_1_96' title="bbox 2185 3612 3762 3678">
     <span class='ocr_line' id='line_1_96' title="bbox 2185 3612 3762 3678; baseline 0 -12"><span class='ocrx_word' id='word_1_800' title='bbox 2185 3627 2300 3666; x_wconf 89' lang='lat' dir='ltr'><strong>rem</strong></span> <span class='ocrx_word' id='word_1_801' title='bbox 2329 3621 2504 3678; x_wconf 65' lang='lat' dir='ltr'><strong>terrae,</strong></span> <span class='ocrx_word' id='word_1_802' title='bbox 2538 3613 2604 3667; x_wconf 93' lang='lat' dir='ltr'><strong>de</strong></span> <span class='ocrx_word' id='word_1_803' title='bbox 2651 3612 2812 3667; x_wconf 88' lang='lat' dir='ltr'><strong>Petra</strong></span> <span class='ocrx_word' id='word_1_804' title='bbox 2847 3614 3048 3668; x_wconf 88' lang='lat' dir='ltr'><strong>deserti</strong></span> <span class='ocrx_word' id='word_1_805' title='bbox 3089 3615 3155 3667; x_wconf 90' lang='lat' dir='ltr'><strong>ad</strong></span> <span class='ocrx_word' id='word_1_806' title='bbox 3192 3623 3434 3668; x_wconf 89' lang='lat' dir='ltr'><strong>montem</strong></span> <span class='ocrx_word' id='word_1_807' title='bbox 3463 3613 3586 3668; x_wconf 71' lang='lat' dir='ltr'><strong>ﬁlia:</strong></span> <span class='ocrx_word' id='word_1_808' title='bbox 3617 3614 3762 3669; x_wconf 88' lang='lat' dir='ltr'><strong>Sion.</strong></span> 
     </span>
    </p>
   </div>
   <div class='ocr_carea' id='block_1_97' title="bbox 2186 3703 3767 3778">
    <p class='ocr_par' dir='ltr' id='par_1_97' title="bbox 2186 3703 3767 3778">
     <span class='ocr_line' id='line_1_97' title="bbox 2186 3703 3767 3778; baseline 0.003 -21"><span class='ocrx_word' id='word_1_809' title='bbox 2186 3703 2326 3759; x_wconf 90' lang='lat' dir='ltr'><strong>Ecce</strong></span> <span class='ocrx_word' id='word_1_810' title='bbox 2359 3705 2539 3773; x_wconf 89' lang='lat' dir='ltr'><strong>pluvia</strong></span> <span class='ocrx_word' id='word_1_811' title='bbox 2565 3705 2843 3771; x_wconf 89' lang='lat' dir='ltr'><strong>salutaris,</strong></span> <span class='ocrx_word' id='word_1_812' title='bbox 2884 3722 2992 3776; x_wconf 88' lang='lat' dir='ltr'><strong>qua</strong></span> <span class='ocrx_word' id='word_1_813' title='bbox 3041 3707 3336 3778; x_wconf 85' lang='lat' dir='ltr'><strong>irrigantur</strong></span> <span class='ocrx_word' id='word_1_814' title='bbox 3373 3707 3541 3762; x_wconf 87' lang='lat' dir='ltr'><strong>corda</strong></span> <span class='ocrx_word' id='word_1_815' title='bbox 3589 3717 3767 3761; x_wconf 78' lang='lat' dir='ltr'><strong>nostra</strong></span> 
     </span>
    </p>
   </div>
   <div class='ocr_carea' id='block_1_98' title="bbox 2185 3795 3764 3869">
    <p class='ocr_par' dir='ltr' id='par_1_98' title="bbox 2185 3795 3764 3869">
     <span class='ocr_line' id='line_1_98' title="bbox 2185 3795 3764 3869; baseline 0.003 -21"><span class='ocrx_word' id='word_1_816' title='bbox 2185 3795 2251 3848; x_wconf 88' lang='lat' dir='ltr'><strong>ad</strong></span> <span class='ocrx_word' id='word_1_817' title='bbox 2299 3795 2697 3866; x_wconf 87' lang='lat' dir='ltr'><strong>intelligendam</strong></span> <span class='ocrx_word' id='word_1_818' title='bbox 2751 3797 3088 3853; x_wconf 87' lang='lat' dir='ltr'><strong>nativitatem</strong></span> <span class='ocrx_word' id='word_1_819' title='bbox 3135 3799 3306 3852; x_wconf 90' lang='lat' dir='ltr'><strong>nostri</strong></span> <span class='ocrx_word' id='word_1_820' title='bbox 3376 3799 3764 3869; x_wconf 78' lang='lat' dir='ltr'><strong>Redemptoris.</strong></span> 
     </span>
    </p>
   </div>
   <div class='ocr_carea' id='block_1_99' title="bbox 2185 3885 3764 3960">
    <p class='ocr_par' dir='ltr' id='par_1_99' title="bbox 2185 3885 3764 3960">
     <span class='ocr_line' id='line_1_99' title="bbox 2185 3885 3764 3960; baseline 0.001 -21"><span class='ocrx_word' id='word_1_821' title='bbox 2185 3885 2440 3955; x_wconf 91' lang='lat' dir='ltr'><strong>Sequitur</strong></span> <span class='ocrx_word' id='word_1_822' title='bbox 2478 3904 2489 3938; x_wconf 89' lang='lat'><strong>:</strong></span> <span class='ocrx_word' id='word_1_823' title='bbox 2522 3888 2812 3956; x_wconf 79' lang='lat' dir='ltr'><strong>Aperiatur</strong></span> <span class='ocrx_word' id='word_1_824' title='bbox 2839 3896 2983 3942; x_wconf 90' lang='lat' dir='ltr'><strong>terra</strong></span> <span class='ocrx_word' id='word_1_825' title='bbox 3011 3898 3066 3942; x_wconf 89' lang='lat' dir='ltr'><strong>et</strong></span> <span class='ocrx_word' id='word_1_826' title='bbox 3113 3891 3379 3960; x_wconf 87' lang='lat' dir='ltr'><strong>germinet</strong></span> <span class='ocrx_word' id='word_1_827' title='bbox 3413 3889 3764 3945; x_wconf 84' lang='lat' dir='ltr'><strong>Salvatorem.</strong></span> 
     </span>
    </p>
   </div>
   <div class='ocr_carea' id='block_1_100' title="bbox 2184 3978 3766 4053">
    <p class='ocr_par' dir='ltr' id='par_1_100' title="bbox 2184 3978 3766 4053">
     <span class='ocr_line' id='line_1_100' title="bbox 2184 3978 3766 4053; baseline 0.004 -22"><span class='ocrx_word' id='word_1_828' title='bbox 2184 3978 2409 4032; x_wconf 89' lang='lat' dir='ltr'><strong>Terram</strong></span> <span class='ocrx_word' id='word_1_829' title='bbox 2451 3979 2683 4049; x_wconf 89' lang='lat' dir='ltr'><strong>appellat</strong></span> <span class='ocrx_word' id='word_1_830' title='bbox 2705 3980 3074 4034; x_wconf 87' lang='lat' dir='ltr'><strong>beatissimam</strong></span> <span class='ocrx_word' id='word_1_831' title='bbox 3099 3983 3362 4052; x_wconf 81' lang='lat' dir='ltr'><strong>virginem</strong></span> <span class='ocrx_word' id='word_1_832' title='bbox 3384 3983 3634 4046; x_wconf 82' lang='lat' dir='ltr'><strong>Mariam,</strong></span> <span class='ocrx_word' id='word_1_833' title='bbox 3657 3998 3766 4053; x_wconf 71' lang='lat' dir='ltr'><strong>qua:</strong></span> 
     </span>
    </p>
   </div>
   <div class='ocr_carea' id='block_1_101' title="bbox 2182 4070 3764 4142">
    <p class='ocr_par' dir='ltr' id='par_1_101' title="bbox 2182 4070 3764 4142">
     <span class='ocr_line' id='line_1_101' title="bbox 2182 4070 3764 4142; baseline 0.004 -20"><span class='ocrx_word' id='word_1_834' title='bbox 2182 4071 2506 4139; x_wconf 83' lang='lat' dir='ltr'><strong>germinavit</strong></span> <span class='ocrx_word' id='word_1_835' title='bbox 2547 4070 2835 4124; x_wconf 91' lang='lat' dir='ltr'><strong>Dominum</strong></span> <span class='ocrx_word' id='word_1_836' title='bbox 2870 4071 3224 4126; x_wconf 88' lang='lat' dir='ltr'><strong>Salvatorem.</strong></span> <span class='ocrx_word' id='word_1_837' title='bbox 3259 4073 3553 4142; x_wconf 81' lang='lat' dir='ltr'><strong>Aperiatur</strong></span> <span class='ocrx_word' id='word_1_838' title='bbox 3607 4085 3764 4137; x_wconf 84' lang='lat' dir='ltr'><strong>terra,</strong></span> 
     </span>
    </p>
   </div>
   <div class='ocr_carea' id='block_1_102' title="bbox 2184 4163 3766 4234">
    <p class='ocr_par' dir='ltr' id='par_1_102' title="bbox 2184 4163 3766 4234">
     <span class='ocr_line' id='line_1_102' title="bbox 2184 4163 3766 4234; baseline 0.006 -19"><span class='ocrx_word' id='word_1_839' title='bbox 2184 4163 2283 4217; x_wconf 92' lang='lat' dir='ltr'><strong>hoc</strong></span> <span class='ocrx_word' id='word_1_840' title='bbox 2311 4173 2391 4216; x_wconf 86' lang='lat' dir='ltr'><strong>est</strong></span> <span class='ocrx_word' id='word_1_841' title='bbox 2419 4179 2511 4216; x_wconf 87' lang='lat' dir='ltr'><strong>cor</strong></span> <span class='ocrx_word' id='word_1_842' title='bbox 2541 4165 2777 4234; x_wconf 74' lang='lat' dir='ltr'><strong>Virginis</strong></span> <span class='ocrx_word' id='word_1_843' title='bbox 2797 4166 2863 4219; x_wconf 90' lang='lat' dir='ltr'><strong>ad</strong></span> <span class='ocrx_word' id='word_1_844' title='bbox 2893 4167 3240 4220; x_wconf 84' lang='lat' dir='ltr'><strong>credendum.</strong></span> <span class='ocrx_word' id='word_1_845' title='bbox 3270 4167 3405 4221; x_wconf 81' lang='lat' dir='ltr'><strong>Nam</strong></span> <span class='ocrx_word' id='word_1_846' title='bbox 3437 4185 3564 4222; x_wconf 88' lang='lat' dir='ltr'><strong>cum</strong></span> <span class='ocrx_word' id='word_1_847' title='bbox 3589 4171 3658 4224; x_wconf 88' lang='lat' dir='ltr'><strong>ab</strong></span> <span class='ocrx_word' id='word_1_848' title='bbox 3683 4186 3766 4224; x_wconf 85' lang='lat' dir='ltr'><strong>an-</strong></span> 
     </span>
    </p>
   </div>
   <div class='ocr_carea' id='block_1_103' title="bbox 2181 4252 3760 4327">
    <p class='ocr_par' dir='ltr' id='par_1_103' title="bbox 2181 4252 3760 4327">
     <span class='ocr_line' id='line_1_103' title="bbox 2181 4252 3760 4327; baseline 0.006 -23"><span class='ocrx_word' id='word_1_849' title='bbox 2181 4252 2298 4322; x_wconf 88' lang='lat' dir='ltr'><strong>gelo</strong></span> <span class='ocrx_word' id='word_1_850' title='bbox 2312 4253 2708 4322; x_wconf 84' lang='lat' dir='ltr'><strong>audisset(Luc.</strong></span> <span class='ocrx_word' id='word_1_851' title='bbox 2725 4255 2816 4324; x_wconf 64' lang='lat'><strong>1)::</strong></span> <span class='ocrx_word' id='word_1_852' title='bbox 2841 4269 2968 4310; x_wconf 88' lang='lat' dir='ltr'><strong>ecce</strong></span> <span class='ocrx_word' id='word_1_853' title='bbox 2983 4257 3255 4325; x_wconf 88' lang='lat' dir='ltr'><strong>concipies</strong></span> <span class='ocrx_word' id='word_1_854' title='bbox 3269 4267 3322 4311; x_wconf 90' lang='lat' dir='ltr'><strong>et</strong></span> <span class='ocrx_word' id='word_1_855' title='bbox 3338 4258 3524 4327; x_wconf 88' lang='lat' dir='ltr'><strong>paries</strong></span> <span class='ocrx_word' id='word_1_856' title='bbox 3539 4260 3706 4315; x_wconf 84' lang='lat' dir='ltr'><strong>(ilium</strong></span> <span class='ocrx_word' id='word_1_857' title='bbox 3720 4279 3760 4315; x_wconf 73' lang='grc' dir='ltr'><strong>τι</strong></span> 
     </span>
    </p>
   </div>
   <div class='ocr_carea' id='block_1_104' title="bbox 2179 4341 3763 4417">
    <p class='ocr_par' dir='ltr' id='par_1_104' title="bbox 2179 4341 3763 4417">
     <span class='ocr_line' id='line_1_104' title="bbox 2179 4341 3763 4417; baseline 0.008 -20"><span class='ocrx_word' id='word_1_858' title='bbox 2179 4342 2356 4397; x_wconf 78' lang='lat' dir='ltr'><strong>dixit:</strong></span> <span class='ocrx_word' id='word_1_859' title='bbox 2393 4361 2411 4392; x_wconf 85' lang='grc'><strong><em>‹</em></strong></span> <span class='ocrx_word' id='word_1_860' title='bbox 2451 4341 2730 4410; x_wconf 85' lang='lat' dir='ltr'><strong>Quomodo</strong></span> <span class='ocrx_word' id='word_1_861' title='bbox 2757 4345 2810 4398; x_wconf 92' lang='lat' dir='ltr'><strong>in</strong></span> <span class='ocrx_word' id='word_1_862' title='bbox 2859 4360 2945 4400; x_wconf 89' lang='lat' dir='ltr'><strong>me</strong></span> <span class='ocrx_word' id='word_1_863' title='bbox 2983 4346 3076 4401; x_wconf 83' lang='lat' dir='ltr'><strong>ﬁet</strong></span> <span class='ocrx_word' id='word_1_864' title='bbox 3105 4348 3272 4412; x_wconf 90' lang='lat' dir='ltr'><strong>istud,</strong></span> <span class='ocrx_word' id='word_1_865' title='bbox 3302 4350 3568 4417; x_wconf 90' lang='lat' dir='ltr'><strong>quoniam</strong></span> <span class='ocrx_word' id='word_1_866' title='bbox 3599 4355 3763 4408; x_wconf 79' lang='lat' dir='ltr'><strong>virum</strong></span> 
     </span>
    </p>
   </div>
   <div class='ocr_carea' id='block_1_105' title="bbox 2179 4437 3761 4513">
    <p class='ocr_par' dir='ltr' id='par_1_105' title="bbox 2179 4437 3761 4513">
     <span class='ocr_line' id='line_1_105' title="bbox 2179 4437 3761 4513; baseline 0.009 -26"><span class='ocrx_word' id='word_1_867' title='bbox 2179 4451 2284 4488; x_wconf 90' lang='lat' dir='ltr'><strong>non</strong></span> <span class='ocrx_word' id='word_1_868' title='bbox 2309 4437 2608 4506; x_wconf 78' lang='lat' dir='ltr'><strong>cognosco?</strong></span> <span class='ocrx_word' id='word_1_869' title='bbox 2630 4456 2648 4488; x_wconf 73' lang='grc' dir='ltr'><strong><em>ι</em></strong></span> <span class='ocrx_word' id='word_1_870' title='bbox 2676 4437 2744 4492; x_wconf 84' lang='grc' dir='ltr'><strong>Ει</strong></span> <span class='ocrx_word' id='word_1_871' title='bbox 2771 4438 3024 4509; x_wconf 88' lang='lat' dir='ltr'><strong>angelus:</strong></span> <span class='ocrx_word' id='word_1_872' title='bbox 3057 4459 3076 4490; x_wconf 71' lang='grc' dir='ltr'>ι</span> <span class='ocrx_word' id='word_1_873' title='bbox 3115 4440 3373 4510; x_wconf 86' lang='lat' dir='ltr'><strong>Spiritus,</strong></span> <span class='ocrx_word' id='word_1_874' title='bbox 3407 4443 3624 4513; x_wconf 90' lang='lat' dir='ltr'><strong>inquit,</strong></span> <span class='ocrx_word' id='word_1_875' title='bbox 3654 4462 3761 4501; x_wconf 79' lang='lat' dir='ltr'><strong>san-</strong></span> 
     </span>
    </p>
   </div>
   <div class='ocr_carea' id='block_1_106' title="bbox 2181 4529 3759 4597">
    <p class='ocr_par' dir='ltr' id='par_1_106' title="bbox 2181 4529 3759 4597">
     <span class='ocr_line' id='line_1_106' title="bbox 2181 4529 3759 4597; baseline 0.008 -16"><span class='ocrx_word' id='word_1_876' title='bbox 2181 4537 2298 4581; x_wconf 89' lang='lat' dir='ltr'><strong>ctus</strong></span> <span class='ocrx_word' id='word_1_877' title='bbox 2326 4529 2672 4597; x_wconf 73' lang='lat' dir='ltr'><strong>Superveniet</strong></span> <span class='ocrx_word' id='word_1_878' title='bbox 2702 4530 2756 4583; x_wconf 89' lang='lat' dir='ltr'><strong>in</strong></span> <span class='ocrx_word' id='word_1_879' title='bbox 2787 4539 2862 4594; x_wconf 90' lang='lat' dir='ltr'><strong>te,</strong></span> <span class='ocrx_word' id='word_1_880' title='bbox 2890 4537 2944 4584; x_wconf 90' lang='lat' dir='ltr'><strong>et</strong></span> <span class='ocrx_word' id='word_1_881' title='bbox 2969 4533 3142 4586; x_wconf 89' lang='lat' dir='ltr'><strong>virtus</strong></span> <span class='ocrx_word' id='word_1_882' title='bbox 3171 4534 3438 4590; x_wconf 80' lang='lat' dir='ltr'><strong>Altissimi</strong></span> <span class='ocrx_word' id='word_1_883' title='bbox 3470 4537 3759 4592; x_wconf 87' lang='lat' dir='ltr'><strong>obumbra-</strong></span> 
     </span>
    </p>
   </div>
   <div class='ocr_carea' id='block_1_107' title="bbox 2181 4618 3763 4698">
    <p class='ocr_par' dir='ltr' id='par_1_107' title="bbox 2181 4618 3763 4698">
     <span class='ocr_line' id='line_1_107' title="bbox 2181 4618 3763 4698; baseline 0.007 -26"><span class='ocrx_word' id='word_1_884' title='bbox 2181 4618 2263 4672; x_wconf 88' lang='lat' dir='ltr'><strong>bit</strong></span> <span class='ocrx_word' id='word_1_885' title='bbox 2292 4619 2407 4673; x_wconf 88' lang='lat' dir='ltr'><strong>tibi.</strong></span> <span class='ocrx_word' id='word_1_886' title='bbox 2438 4638 2456 4669; x_wconf 86' lang='grc'><strong>›</strong></span> <span class='ocrx_word' id='word_1_887' title='bbox 2476 4619 2602 4674; x_wconf 69' lang='grc' dir='ltr'>Ηωο</span> <span class='ocrx_word' id='word_1_888' title='bbox 2627 4635 2749 4675; x_wconf 93' lang='lat' dir='ltr'><strong>cum</strong></span> <span class='ocrx_word' id='word_1_889' title='bbox 2782 4623 3044 4687; x_wconf 88' lang='lat' dir='ltr'><strong>audisset,</strong></span> <span class='ocrx_word' id='word_1_890' title='bbox 3069 4635 3314 4691; x_wconf 87' lang='lat' dir='ltr'><strong>apertum</strong></span> <span class='ocrx_word' id='word_1_891' title='bbox 3331 4635 3415 4681; x_wconf 92' lang='lat' dir='ltr'><strong>est</strong></span> <span class='ocrx_word' id='word_1_892' title='bbox 3433 4643 3535 4683; x_wconf 87' lang='lat' dir='ltr'><strong>cor</strong></span> <span class='ocrx_word' id='word_1_893' title='bbox 3559 4630 3681 4698; x_wconf 82' lang='lat' dir='ltr'><strong>ejus</strong></span> <span class='ocrx_word' id='word_1_894' title='bbox 3705 4629 3763 4684; x_wconf 86' lang='lat' dir='ltr'><strong>ad</strong></span> 
     </span>
    </p>
   </div>
   <div class='ocr_carea' id='block_1_108' title="bbox 2179 4707 3763 4782">
    <p class='ocr_par' dir='ltr' id='par_1_108' title="bbox 2179 4707 3763 4782">
     <span class='ocr_line' id='line_1_108' title="bbox 2179 4707 3763 4782; baseline 0.008 -20"><span class='ocrx_word' id='word_1_895' title='bbox 2179 4707 2526 4774; x_wconf 90' lang='lat' dir='ltr'><strong>credendum,</strong></span> <span class='ocrx_word' id='word_1_896' title='bbox 2559 4717 2614 4764; x_wconf 92' lang='lat' dir='ltr'><strong>et</strong></span> <span class='ocrx_word' id='word_1_897' title='bbox 2639 4711 2714 4763; x_wconf 88' lang='lat' dir='ltr'><strong>ait</strong></span> <span class='ocrx_word' id='word_1_898' title='bbox 2744 4725 2759 4764; x_wconf 92' lang='lat'><strong>:</strong></span> <span class='ocrx_word' id='word_1_899' title='bbox 2799 4729 2817 4761; x_wconf 73' lang='grc' dir='ltr'><strong><em>ι</em></strong></span> <span class='ocrx_word' id='word_1_900' title='bbox 2853 4711 2992 4767; x_wconf 89' lang='lat' dir='ltr'><strong>Ecce</strong></span> <span class='ocrx_word' id='word_1_901' title='bbox 3021 4714 3214 4768; x_wconf 88' lang='lat' dir='ltr'><strong>ancilla</strong></span> <span class='ocrx_word' id='word_1_902' title='bbox 3248 4716 3484 4782; x_wconf 91' lang='lat' dir='ltr'><strong>Domini,</strong></span> <span class='ocrx_word' id='word_1_903' title='bbox 3521 4720 3619 4774; x_wconf 83' lang='lat' dir='ltr'><strong>ﬁat</strong></span> <span class='ocrx_word' id='word_1_904' title='bbox 3643 4722 3763 4775; x_wconf 85' lang='lat' dir='ltr'><strong>mihi</strong></span> 
     </span>
    </p>
   </div>
   <div class='ocr_carea' id='block_1_109' title="bbox 2180 4800 3761 4875">
    <p class='ocr_par' dir='ltr' id='par_1_109' title="bbox 2180 4800 3761 4875">
     <span class='ocr_line' id='line_1_109' title="bbox 2180 4800 3761 4875; baseline 0.007 -22"><span class='ocrx_word' id='word_1_905' title='bbox 2180 4800 2474 4853; x_wconf 86' lang='lat' dir='ltr'><strong>secundum</strong></span> <span class='ocrx_word' id='word_1_906' title='bbox 2501 4801 2725 4854; x_wconf 89' lang='lat' dir='ltr'><strong>verbum</strong></span> <span class='ocrx_word' id='word_1_907' title='bbox 2752 4811 2923 4856; x_wconf 90' lang='lat' dir='ltr'><strong>tuum.</strong></span> <span class='ocrx_word' id='word_1_908' title='bbox 2965 4823 2983 4854; x_wconf 75' lang='grc' dir='ltr'><strong><em>ι</em></strong></span> <span class='ocrx_word' id='word_1_909' title='bbox 3011 4803 3076 4856; x_wconf 84' lang='grc' dir='ltr'><strong>Ει</strong></span> <span class='ocrx_word' id='word_1_910' title='bbox 3115 4807 3378 4875; x_wconf 86' lang='lat' dir='ltr'><strong>germinet</strong></span> <span class='ocrx_word' id='word_1_911' title='bbox 3405 4809 3761 4866; x_wconf 87' lang='lat' dir='ltr'><strong>SaIvatorem.</strong></span> 
     </span>
    </p>
   </div>
   <div class='ocr_carea' id='block_1_110' title="bbox 2178 4887 3764 4968">
    <p class='ocr_par' dir='ltr' id='par_1_110' title="bbox 2178 4887 3764 4968">
     <span class='ocr_line' id='line_1_110' title="bbox 2178 4887 3764 4968; baseline 0.004 -26"><span class='ocrx_word' id='word_1_912' title='bbox 2178 4887 2336 4943; x_wconf 84' lang='lat' dir='ltr'><strong>Jesus</strong></span> <span class='ocrx_word' id='word_1_913' title='bbox 2379 4889 2771 4958; x_wconf 89' lang='lat' dir='ltr'><strong>interpretatur</strong></span> <span class='ocrx_word' id='word_1_914' title='bbox 2819 4891 3087 4948; x_wconf 88' lang='lat' dir='ltr'><strong>Salvator.</strong></span> <span class='ocrx_word' id='word_1_915' title='bbox 3149 4896 3216 4950; x_wconf 78' lang='lat' dir='ltr'><strong>Et</strong></span> <span class='ocrx_word' id='word_1_916' title='bbox 3269 4914 3440 4968; x_wconf 83' lang='lat' dir='ltr'><strong>quare</strong></span> <span class='ocrx_word' id='word_1_917' title='bbox 3481 4901 3764 4960; x_wconf 64' lang='lat' dir='ltr'><strong>Salvator?</strong></span> 
     </span>
    </p>
   </div>
   <div class='ocr_carea' id='block_1_111' title="bbox 2179 4980 3765 5063">
    <p class='ocr_par' dir='ltr' id='par_1_111' title="bbox 2179 4980 3765 5063">
     <span class='ocr_line' id='line_1_111' title="bbox 2179 4980 3765 5063; baseline 0.013 -34"><span class='ocrx_word' id='word_1_918' title='bbox 2179 4981 2302 5048; x_wconf 92' lang='lat' dir='ltr'><strong>quia</strong></span> <span class='ocrx_word' id='word_1_919' title='bbox 2329 4980 2440 5049; x_wconf 89' lang='lat' dir='ltr'><strong>ipse</strong></span> <span class='ocrx_word' id='word_1_920' title='bbox 2461 4980 2667 5034; x_wconf 89' lang='lat' dir='ltr'><strong>salvum</strong></span> <span class='ocrx_word' id='word_1_921' title='bbox 2693 4982 2853 5036; x_wconf 82' lang='lat' dir='ltr'><strong>faciet</strong></span> <span class='ocrx_word' id='word_1_922' title='bbox 2872 4985 3127 5054; x_wconf 89' lang='lat' dir='ltr'><strong>populum</strong></span> <span class='ocrx_word' id='word_1_923' title='bbox 3150 5002 3307 5042; x_wconf 87' lang='lat' dir='ltr'><strong>suum</strong></span> <span class='ocrx_word' id='word_1_924' title='bbox 3339 5007 3369 5045; x_wconf 90' lang='lat' dir='ltr'><strong>a</strong></span> <span class='ocrx_word' id='word_1_925' title='bbox 3401 4997 3648 5063; x_wconf 86' lang='lat' dir='ltr'><strong>peccatis</strong></span> <span class='ocrx_word' id='word_1_926' title='bbox 3684 5010 3765 5050; x_wconf 87' lang='lat' dir='ltr'><strong>eo-</strong></span> 
     </span>
    </p>
   </div>
   <div class='ocr_carea' id='block_1_112' title="bbox 2179 5070 3761 5150">
    <p class='ocr_par' dir='ltr' id='par_1_112' title="bbox 2179 5070 3761 5150">
     <span class='ocr_line' id='line_1_112' title="bbox 2179 5070 3761 5150; baseline 0.011 -28"><span class='ocrx_word' id='word_1_927' title='bbox 2179 5085 2320 5124; x_wconf 89' lang='lat' dir='ltr'><strong>rum.</strong></span> <span class='ocrx_word' id='word_1_928' title='bbox 2368 5070 2432 5124; x_wconf 89' lang='lat' dir='ltr'><strong>Et</strong></span> <span class='ocrx_word' id='word_1_929' title='bbox 2455 5071 2560 5126; x_wconf 88' lang='lat' dir='ltr'><strong>tale</strong></span> <span class='ocrx_word' id='word_1_930' title='bbox 2599 5081 2684 5126; x_wconf 90' lang='lat' dir='ltr'><strong>est</strong></span> <span class='ocrx_word' id='word_1_931' title='bbox 2715 5075 2856 5144; x_wconf 89' lang='lat' dir='ltr'><strong>quod</strong></span> <span class='ocrx_word' id='word_1_932' title='bbox 2899 5077 3048 5139; x_wconf 88' lang='lat' dir='ltr'><strong>dicit.</strong></span> <span class='ocrx_word' id='word_1_933' title='bbox 3095 5081 3362 5150; x_wconf 88' lang='lat' dir='ltr'><strong>germinet</strong></span> <span class='ocrx_word' id='word_1_934' title='bbox 3400 5082 3761 5150; x_wconf 66' lang='lat' dir='ltr'><strong>San&#39;atorem,</strong></span> 
     </span>
    </p>
   </div>
   <div class='ocr_carea' id='block_1_113' title="bbox 2179 5159 3764 5242">
    <p class='ocr_par' dir='ltr' id='par_1_113' title="bbox 2179 5159 3764 5242">
     <span class='ocr_line' id='line_1_113' title="bbox 2179 5159 3764 5242; baseline 0.013 -31"><span class='ocrx_word' id='word_1_935' title='bbox 2179 5159 2334 5228; x_wconf 90' lang='lat' dir='ltr'><strong>quasi</strong></span> <span class='ocrx_word' id='word_1_936' title='bbox 2359 5161 2564 5214; x_wconf 89' lang='lat' dir='ltr'><strong>diceret</strong></span> <span class='ocrx_word' id='word_1_937' title='bbox 2602 5160 2807 5217; x_wconf 74' lang='lat' dir='ltr'><strong>Iesum.</strong></span> <span class='ocrx_word' id='word_1_938' title='bbox 2834 5165 2924 5220; x_wconf 91' lang='lat' dir='ltr'><strong>Sic</strong></span> <span class='ocrx_word' id='word_1_939' title='bbox 2947 5169 3091 5221; x_wconf 90' lang='lat' dir='ltr'><strong>enim</strong></span> <span class='ocrx_word' id='word_1_940' title='bbox 3114 5169 3250 5225; x_wconf 78' lang='lat' dir='ltr'><strong>dixit</strong></span> <span class='ocrx_word' id='word_1_941' title='bbox 3275 5172 3502 5242; x_wconf 87' lang='lat' dir='ltr'><strong>angelus</strong></span> <span class='ocrx_word' id='word_1_942' title='bbox 3547 5195 3560 5228; x_wconf 91' lang='lat'><strong>:</strong></span> <span class='ocrx_word' id='word_1_943' title='bbox 3611 5197 3631 5226; x_wconf 70' lang='grc' dir='ltr'>ι</span> <span class='ocrx_word' id='word_1_944' title='bbox 3667 5178 3764 5232; x_wconf 77' lang='lat' dir='ltr'><strong>V&#39;o-</strong></span> 
     </span>
    </p>
   </div>
   <div class='ocr_carea' id='block_1_114' title="bbox 2179 5252 3764 5333">
    <p class='ocr_par' dir='ltr' id='par_1_114' title="bbox 2179 5252 3764 5333">
     <span class='ocr_line' id='line_1_114' title="bbox 2179 5252 3764 5333; baseline 0.013 -28"><span class='ocrx_word' id='word_1_945' title='bbox 2179 5252 2388 5306; x_wconf 91' lang='lat' dir='ltr'><strong>cabitur</strong></span> <span class='ocrx_word' id='word_1_946' title='bbox 2409 5269 2605 5308; x_wconf 91' lang='lat' dir='ltr'><strong>nomen</strong></span> <span class='ocrx_word' id='word_1_947' title='bbox 2628 5256 2742 5325; x_wconf 85' lang='lat' dir='ltr'><strong>ejus</strong></span> <span class='ocrx_word' id='word_1_948' title='bbox 2764 5255 2920 5310; x_wconf 83' lang='lat' dir='ltr'><strong>Jesus</strong></span> <span class='ocrx_word' id='word_1_949' title='bbox 2938 5257 3152 5330; x_wconf 75' lang='lat' dir='ltr'><strong>(Matth.</strong></span> <span class='ocrx_word' id='word_1_950' title='bbox 3173 5262 3235 5333; x_wconf 86' lang='grc' dir='ltr'><strong>ι).</strong></span> <span class='ocrx_word' id='word_1_951' title='bbox 3268 5282 3286 5314; x_wconf 80' lang='grc' dir='ltr'><strong><em>ι</em></strong></span> <span class='ocrx_word' id='word_1_952' title='bbox 3308 5263 3376 5318; x_wconf 83' lang='grc' dir='ltr'><strong>Ει</strong></span> <span class='ocrx_word' id='word_1_953' title='bbox 3387 5264 3602 5331; x_wconf 85' lang='lat' dir='ltr'><strong>justitia</strong></span> <span class='ocrx_word' id='word_1_954' title='bbox 3624 5256 3764 5325; x_wconf 70' lang='lat' dir='ltr'><strong>oria—</strong></span> 
     </span>
    </p>
   </div>
   <div class='ocr_carea' id='block_1_115' title="bbox 2179 5342 3764 5428">
    <p class='ocr_par' dir='ltr' id='par_1_115' title="bbox 2179 5342 3764 5428">
     <span class='ocr_line' id='line_1_115' title="bbox 2179 5342 3764 5428; baseline 0.014 -34"><span class='ocrx_word' id='word_1_955' title='bbox 2179 5350 2268 5396; x_wconf 90' lang='lat' dir='ltr'><strong>tur</strong></span> <span class='ocrx_word' id='word_1_956' title='bbox 2287 5342 2465 5397; x_wconf 90' lang='lat' dir='ltr'><strong>simul.</strong></span> <span class='ocrx_word' id='word_1_957' title='bbox 2508 5345 2627 5414; x_wconf 85' lang='lat' dir='ltr'><strong>Ipse</strong></span> <span class='ocrx_word' id='word_1_958' title='bbox 2669 5345 2964 5415; x_wconf 89' lang='lat' dir='ltr'><strong>estjustus,</strong></span> <span class='ocrx_word' id='word_1_959' title='bbox 2983 5351 3113 5420; x_wconf 89' lang='lat' dir='ltr'><strong>quia</strong></span> <span class='ocrx_word' id='word_1_960' title='bbox 3151 5365 3434 5422; x_wconf 87' lang='lat' dir='ltr'><strong>peccatum</strong></span> <span class='ocrx_word' id='word_1_961' title='bbox 3459 5374 3571 5412; x_wconf 91' lang='lat' dir='ltr'><strong>non</strong></span> <span class='ocrx_word' id='word_1_962' title='bbox 3611 5359 3764 5428; x_wconf 77' lang='lat' dir='ltr'><strong>fecit,</strong></span> 
     </span>
    </p>
   </div>
   <div class='ocr_carea' id='block_1_116' title="bbox 2175 5432 3759 5518">
    <p class='ocr_par' dir='ltr' id='par_1_116' title="bbox 2175 5432 3759 5518">
     <span class='ocr_line' id='line_1_116' title="bbox 2175 5432 3759 5518; baseline 0.014 -34"><span class='ocrx_word' id='word_1_963' title='bbox 2175 5445 2275 5486; x_wconf 90' lang='lat' dir='ltr'><strong>nec</strong></span> <span class='ocrx_word' id='word_1_964' title='bbox 2295 5432 2445 5487; x_wconf 91' lang='lat' dir='ltr'><strong>dolus</strong></span> <span class='ocrx_word' id='word_1_965' title='bbox 2469 5433 2719 5489; x_wconf 89' lang='lat' dir='ltr'><strong>inventus</strong></span> <span class='ocrx_word' id='word_1_966' title='bbox 2762 5438 2920 5491; x_wconf 90' lang='lat' dir='ltr'><strong>estin</strong></span> <span class='ocrx_word' id='word_1_967' title='bbox 2943 5453 3036 5494; x_wconf 89' lang='lat' dir='ltr'><strong>ore</strong></span> <span class='ocrx_word' id='word_1_968' title='bbox 3057 5441 3190 5510; x_wconf 87' lang='lat' dir='ltr'><strong>ejus.</strong></span> <span class='ocrx_word' id='word_1_969' title='bbox 3228 5443 3348 5512; x_wconf 89' lang='lat' dir='ltr'><strong>Ipse</strong></span> <span class='ocrx_word' id='word_1_970' title='bbox 3384 5457 3470 5500; x_wconf 93' lang='lat' dir='ltr'><strong>est</strong></span> <span class='ocrx_word' id='word_1_971' title='bbox 3504 5449 3759 5518; x_wconf 75' lang='lat' dir='ltr'><strong>justitia:</strong></span> 
     </span>
    </p>
   </div>
   <div class='ocr_carea' id='block_1_117' title="bbox 2171 5520 3761 5606">
    <p class='ocr_par' dir='ltr' id='par_1_117' title="bbox 2171 5520 3761 5606">
     <span class='ocr_line' id='line_1_117' title="bbox 2171 5520 3761 5606; baseline 0.014 -33"><span class='ocrx_word' id='word_1_972' title='bbox 2171 5520 2298 5588; x_wconf 90' lang='lat' dir='ltr'><strong>quia</strong></span> <span class='ocrx_word' id='word_1_973' title='bbox 2321 5521 2437 5590; x_wconf 90' lang='lat' dir='ltr'><strong>ipse</strong></span> <span class='ocrx_word' id='word_1_974' title='bbox 2453 5522 2716 5592; x_wconf 79' lang='lat' dir='ltr'><strong>justiticat</strong></span> <span class='ocrx_word' id='word_1_975' title='bbox 2737 5528 3020 5584; x_wconf 89' lang='lat' dir='ltr'><strong>credentes</strong></span> <span class='ocrx_word' id='word_1_976' title='bbox 3050 5531 3100 5584; x_wconf 92' lang='lat' dir='ltr'><strong>in</strong></span> <span class='ocrx_word' id='word_1_977' title='bbox 3123 5548 3197 5587; x_wconf 90' lang='lat' dir='ltr'><strong>se.</strong></span> <span class='ocrx_word' id='word_1_978' title='bbox 3227 5535 3302 5588; x_wconf 93' lang='lat' dir='ltr'><strong>De</strong></span> <span class='ocrx_word' id='word_1_979' title='bbox 3324 5551 3432 5606; x_wconf 91' lang='lat' dir='ltr'><strong>quo</strong></span> <span class='ocrx_word' id='word_1_980' title='bbox 3452 5547 3512 5591; x_wconf 91' lang='lat' dir='ltr'><strong>et</strong></span> <span class='ocrx_word' id='word_1_981' title='bbox 3527 5540 3761 5596; x_wconf 90' lang='lat' dir='ltr'><strong>dicitur:</strong></span> 
     </span>
    </p>
   </div>
   <div class='ocr_carea' id='block_1_118' title="bbox 2176 5611 3757 5703">
    <p class='ocr_par' dir='ltr' id='par_1_118' title="bbox 2176 5611 3757 5703">
     <span class='ocr_line' id='line_1_118' title="bbox 2176 5611 3757 5703; baseline 0.016 -40"><span class='ocrx_word' id='word_1_982' title='bbox 2176 5633 2192 5661; x_wconf 76' lang='grc' dir='ltr'>ι</span> <span class='ocrx_word' id='word_1_983' title='bbox 2212 5611 2398 5669; x_wconf 87' lang='lat' dir='ltr'><strong>Justus</strong></span> <span class='ocrx_word' id='word_1_984' title='bbox 2413 5625 2588 5670; x_wconf 91' lang='lat' dir='ltr'><strong>autem</strong></span> <span class='ocrx_word' id='word_1_985' title='bbox 2607 5634 2758 5674; x_wconf 90' lang='lat' dir='ltr'><strong>meus</strong></span> <span class='ocrx_word' id='word_1_986' title='bbox 2778 5635 2844 5674; x_wconf 82' lang='lat' dir='ltr'><strong>ex</strong></span> <span class='ocrx_word' id='word_1_987' title='bbox 2868 5620 2972 5675; x_wconf 82' lang='lat' dir='ltr'><strong>ﬁde</strong></span> <span class='ocrx_word' id='word_1_988' title='bbox 2995 5624 3126 5678; x_wconf 89' lang='lat' dir='ltr'><strong>vivit</strong></span> <span class='ocrx_word' id='word_1_989' title='bbox 3143 5624 3319 5694; x_wconf 85' lang='lat' dir='ltr'><strong>(Rom.</strong></span> <span class='ocrx_word' id='word_1_990' title='bbox 3345 5629 3408 5697; x_wconf 84' lang='grc' dir='ltr'><strong>ι).</strong></span> <span class='ocrx_word' id='word_1_991' title='bbox 3432 5649 3451 5682; x_wconf 76' lang='grc' dir='ltr'><strong><em>ι</em></strong></span> <span class='ocrx_word' id='word_1_992' title='bbox 3487 5649 3506 5682; x_wconf 88' lang='grc'><strong>‹</strong></span> <span class='ocrx_word' id='word_1_993' title='bbox 3533 5633 3646 5703; x_wconf 80' lang='lat' dir='ltr'><strong>Ego</strong></span> <span class='ocrx_word' id='word_1_994' title='bbox 3662 5636 3757 5688; x_wconf 80' lang='lat' dir='ltr'><strong>Dn-</strong></span> 
     </span>
    </p>
   </div>
   <div class='ocr_carea' id='block_1_119' title="bbox 2166 5707 3762 5786">
    <p class='ocr_par' dir='ltr' id='par_1_119' title="bbox 2166 5707 3762 5786">
     <span class='ocr_line' id='line_1_119' title="bbox 2166 5707 3762 5786; baseline 0.012 -25"><span class='ocrx_word' id='word_1_995' title='bbox 2166 5707 2366 5772; x_wconf 90' lang='lat' dir='ltr'><strong>minus,</strong></span> <span class='ocrx_word' id='word_1_996' title='bbox 2401 5728 2415 5758; x_wconf 74' lang='grc' dir='ltr'><strong>ι</strong></span> <span class='ocrx_word' id='word_1_997' title='bbox 2450 5710 2704 5765; x_wconf 87' lang='lat' dir='ltr'><strong>subaudis</strong></span> <span class='ocrx_word' id='word_1_998' title='bbox 2732 5711 2908 5778; x_wconf 85' lang='lat' dir='ltr'><strong>Pater,</strong></span> <span class='ocrx_word' id='word_1_999' title='bbox 2947 5732 2964 5764; x_wconf 73' lang='grc' dir='ltr'>ι</span> <span class='ocrx_word' id='word_1_1000' title='bbox 2995 5719 3172 5772; x_wconf 86' lang='lat' dir='ltr'><strong>creavi</strong></span> <span class='ocrx_word' id='word_1_1001' title='bbox 3203 5735 3345 5774; x_wconf 92' lang='lat' dir='ltr'><strong>eum.</strong></span> <span class='ocrx_word' id='word_1_1002' title='bbox 3384 5742 3401 5772; x_wconf 82' lang='grc'>›</span> <span class='ocrx_word' id='word_1_1003' title='bbox 3447 5723 3762 5786; x_wconf 72' lang='lat' dir='ltr'><strong>Secundum</strong></span> 
     </span>
    </p>
   </div>
  </div>
