4016 6462
265 477 370 532 945

1327 480 1680 540 COMMENT.
1720 481 1788 538 IN
1824 480 2077 539 ISAIAM.
2116 510 2187 521 —-
2222 478 2349 536 LIB.
2387 479 2450 536 ll.

3412 486 3520 543 946

263 588 601 644 divinitatem
646 603 752 644 non
795 592 999 646 creavit
1028 608 1151 648 eum
1179 594 1321 650 Deus
1345 594 1522 660 Pater,
1552 596 1677 665 quia
1707 610 1833 651 eon-
1860 596 1912 657 Α
1938 607 2037 663 ego
2060 592 2163 648 feci
2186 602 2385 648 terram
2410 603 2470 648 ut
2494 588 2833 650 habitaretur
2860 597 2930 652 ab
2949 596 3275 662 hominibus,
3307 609 3363 654 et
3405 615 3519 656 cm-

262 679 631 735 substantialis
664 690 720 735 et
755 693 1055 737 coaeternus
1080 694 1162 739 est
1188 685 1284 740 illi.
1314 684 1583 753 Quantum
1611 700 1739 741 vero
1765 686 1833 740 ad

259 768 649 823 humanitatem
684 770 939 838 pertinet,
964 773 1171 827 creavit
1196 790 1339 839 eum,
1367 776 1492 845 quia
1519 774 1833 845 operatione

259 857 495 929 Spiritus
527 860 701 915 sancti
724 877 923 932 corpus
950 864 1239 933 assumpsit
1279 865 1332 918 in
1380 874 1533 919 utero
1560 864 1828 935 virginali,

256 952 398 1009 sicut
450 953 588 1007 dixit
613 953 851 1025 angelus.
887 972 905 1005 ι
944 953 1182 1025 Spiritus
1225 966 1443 1012 sanctus
1491 957 1834 1026 superveniet

257 1044 311 1098 in
338 1053 407 1111 te,
434 1053 492 1098 et
518 1045 693 1100 virtus
713 1045 974 1100 Altissimi
1004 1046 1349 1103 obumbrabit
1372 1049 1486 1102 tibi.
1512 1068 1531 1100 ι
1552 1048 1616 1101 Et
1640 1062 1831 1101 nocan—

251 1133 405 1200 dum,
439 1151 560 1190 cum
584 1136 818 1191 dicimus
850 1139 1160 1207 Operatione
1186 1140 1355 1194 sancti
1403 1139 1636 1209 Spiritus
1676 1138 1829 1195 illum

252 1244 374 1285 esse
404 1228 695 1285 formatum
728 1232 781 1286 in
826 1240 983 1287 utero
1030 1232 1300 1303 virginali,
1356 1248 1462 1286 non
1510 1245 1827 1301 separamus

256 1319 432 1377 Patris
456 1322 747 1391 potentiam
771 1331 824 1377 et
854 1322 974 1376 Filii
1004 1325 1070 1378 ab
1094 1338 1177 1386 eo,
1212 1333 1271 1378 ut
1309 1325 1426 1379 sine
1469 1324 1630 1377 Patre
1660 1333 1714 1378 et
1745 1322 1828 1377 Fi-

255 1414 328 1469 lio
361 1412 675 1468 formaverit
703 1413 831 1468 illud
861 1428 1074 1483 corpus.
1099 1413 1235 1478 Quia
1261 1421 1444 1468 sancta
1475 1413 1712 1467 Trinitas
1750 1413 1826 1467 in-

252 1504 570 1574 separabilis
620 1514 674 1557 et
716 1503 1055 1559 indivisibilis
1078 1513 1162 1559 est
1195 1521 1207 1556 :
1238 1504 1461 1573 ideoque
1509 1512 1619 1557 tota
1648 1504 1824 1558 Trini-

252 1606 336 1650 tas
360 1578 490 1649 illud
518 1602 738 1664 operata
767 1604 867 1649 est.
898 1595 1028 1661 Qua:
1055 1596 1196 1650 enim
1227 1605 1481 1665 operatur
1507 1596 1664 1650 Pater
1693 1614 1706 1650 :
1733 1612 1824 1651 ea-

250 1689 369 1743 dem
383 1697 436 1742 et
454 1687 641 1751 Filius,
661 1686 846 1741 eadem
868 1686 1168 1756 ctSpiritus
1181 1697 1420 1742 sanctus.
1451 1688 1651 1742 Tamen
1689 1704 1822 1758 quo-

249 1779 410 1832 modo
440 1779 567 1831 illud
600 1788 799 1841 actum,
833 1777 1079 1831 humanae
1107 1776 1384 1849 fragilitati
1419 1793 1524 1832 non
1568 1778 1820 1834 concedi-

250 1876 339 1921 tur
361 1868 651 1922 discutere.
686 1867 837 1922 Unde
865 1876 920 1922 et
940 1867 1110 1923 Isaias
1134 1870 1265 1923 dicit
1294 1886 1307 1921 :
1347 1889 1365 1921 ‹
1396 1868 1817 1925 Generationem

1936 680 2017 737 los
2043 682 2260 737 extendi
2299 683 2548 754 desuper,
2590 698 2789 756 eosque
2813 688 3073 741 varietate
3123 698 3391 744 astrorum
3417 693 3516 746 de-

1936 775 2137 833 coravi,
2174 783 2233 830 ut
2262 784 2606 831 morarentur
2640 778 2696 832 in
2722 786 2865 833 terra
2901 779 3140 835 cultores
3168 781 3263 836 Dei
3308 801 3322 835 :
3383 784 3516 853 quid

1937 865 2136 918 mirum
2167 874 2250 919 est
2278 866 2322 920 si
2368 866 2562 921 Filium
2604 882 2784 922 meum
2823 868 3029 937 justum
3084 886 3267 940 regem
3310 874 3434 928 misi
3458 874 3515 929 in

1935 953 2216 1017 mundum,
2240 963 2299 1008 ut
2325 955 2454 1010 mihi
2478 957 3001 1025 acquireret-multos
3023 960 3163 1015 filios
3186 962 3515 1032 adeptivos?

1933 1044 2002 1099 Et
2021 1046 2393 1114 quid‘mirum,
2427 1048 2471 1103 si
2500 1061 2623 1102 eum
2654 1050 2913 1105 suscitavi
2952 1067 2983 1105 a
3026 1054 3277 1119 mortuis,
3326 1062 3386 1107 ut
3413 1068 3513 1108 sua

1930 1142 2107 1188 morte
2128 1150 2319 1191 omnes
2350 1135 2604 1192 liberaret
2629 1154 2661 1192 a
2687 1154 2827 1194 nexu
2868 1141 3081 1207 mortis,
3127 1143 3221 1213 qui
3262 1144 3515 1199 omnibus

1929 1224 2021 1293 qui
2044 1224 2231 1279 vivunt
2250 1235 2448 1295 priesto
2475 1235 2532 1281 ut
2551 1229 2718 1283 vitam
2749 1230 3029 1285 habeant?

1922 1360 1930 1369 .
2003 1336 2022 1368 ‹
2045 1318 2158 1388 Ego
2182 1319 2435 1374 suscitavi
2466 1335 2590 1375 eum
2623 1322 2690 1374 ad
2716 1320 3010 1389 justitiam,
3042 1344 3061 1377 ι
3087 1326 3426 1391 subauditur,
3451 1334 3514 1381 ut

1927 1406 1999 1461 sit
2019 1407 2273 1472 salvator,
2298 1424 2406 1462 non
2430 1409 2604 1464 solum
2634 1408 2962 1477 Iudaeorum,
2993 1415 3087 1468 sed
3109 1415 3269 1469 etiam
3295 1423 3353 1469 et
3374 1431 3509 1485 gen-

1927 1498 2093 1563 tium;
2121 1518 2139 1550 ι
2166 1507 2222 1553 et
2244 1514 2433 1554 omnes
2460 1501 2575 1555 vias
2592 1501 2709 1570 ejus
2736 1502 2983 1573 dirigam,
3021 1524 3038 1555 ι
3077 1505 3131 1560 id
3166 1515 3250 1561 est
3269 1507 3511 1563 actiones

1924 1596 1980 1644 et
2004 1604 2187 1658 opera,
2211 1599 2477 1659 quatenus
2498 1603 2776 1661 peccatum
2805 1611 2910 1650 non
2939 1595 3121 1663 faciat,
3146 1613 3321 1669 neque
3353 1599 3509 1656 dolus

1925 1680 2231 1735 inveniatur
2256 1682 2308 1735 in
2332 1696 2427 1736 ore
2450 1684 2585 1752 ejus.
2637 1704 2653 1733 ι
2692 1684 2812 1755 Ipse
2846 1708 2863 1737 ι
2911 1687 2950 1740 F
2958 1688 3082 1743 ilius
3124 1705 3277 1744 meus
3300 1709 3319 1740 ι
3340 1688 3509 1744 ωᾱίο-

1925 1774 2073 1828 cabit
2092 1775 2364 1829 civitatem
2418 1790 2613 1840 meam,
2645 1796 2662 1827 ι
2692 1778 2797 1831 hoc
2839 1788 2923 1832 est
2962 1780 3259 1834 Ecclesiam
3308 1795 3506 1845 meam,

1923 1878 2036 1923 tam
2064 1885 2132 1923 ex
2160 1870 2410 1939 gentibus
2439 1885 2599 1939 quam
2625 1886 2692 1925 ex
2720 1871 2940 1926 Judaeis.
2977 1892 2996 1923 ι
3041 1873 3107 1926 Et
3141 1873 3510 1941 captivitatem

248 1955 364 2024 ejus
377 1957 500 2026 quis
523 1956 1117 2029 enarrabit(qura,t.ut
1140 1958 1195 2029 )?
1218 1978 1236 2010 ι
1257 1959 1820 2030 Etpraecursorillius:
1852 1950 1898 2009 Β
1929 1973 2104 2014 meam
2133 1960 2368 2014 dimittet
2404 1980 2422 2011 ι
2450 1961 2768 2015 subauditur
2789 1962 3032 2017 liberam.
3063 1961 3291 2029 Quidam
3326 1962 3512 2018 volunt

252 2069 272 2101 ι
319 2049 432 2105 Νοη
477 2067 595 2105 sum
649 2051 865 2121 (inquit)
904 2053 1098 2123 dignus
1139 2053 1348 2125 solvere
1376 2053 1493 2121 ejus
1529 2055 1822 2125 corrigiam

248 2144 600 2197 calceamenti
660 2142 843 2213 (Joan.
878 2148 940 2213 ι),
982 2166 999 2196 ι
1032 2146 1134 2201 hoc
1186 2155 1270 2201 est
1306 2124 1574 2218 .mysteria
1622 2124 1823 2202 utrius.

245 2247 349 2303 que
388 2235 687 2297 nativitatis
717 2236 833 2304 ejus
861 2237 1096 2292 enodare
1120 2253 1226 2293 non
1255 2238 1428 2294 valeo.

320 2343 338 2374 ‹
368 2323 459 2377 Va:
508 2325 599 2393 qui
641 2326 962 2381 contradicit
1012 2327 1190 2383 lictori
1220 2344 1340 2394 suo,
1366 2337 1503 2384 testa
1531 2330 1599 2384 de
1633 2330 1823 2386 samiis

246 2421 422 2469 teme.
461 2434 479 2466 ι
510 2414 706 2470 Samus
733 2416 927 2471 civitas
975 2427 1076 2483 est,
1104 2419 1155 2471 in
1202 2435 1307 2487 qua
1349 2419 1580 2489 primum
1609 2421 1823 2474 inventa

244 2517 324 2562 est
351 2507 440 2561 illa
466 2524 557 2562 ars
580 2508 951 2579 fingendorum
974 2509 1335 2566 vasculorum.
1362 2510 1430 2564 Et
1456 2511 1561 2564 tale
1575 2505 1656 2565 est
1675 2512 1823 2581 quod

245 2599 391 2663 dicit,
426 2608 561 2653 testa
604 2600 671 2654 de
716 2601 903 2655 samiis
928 2610 1103 2666 terrm,
1131 2602 1285 2671 quasi
1326 2602 1531 2657 diceret
1577 2610 1717 2656 testa
1753 2602 1821 2657 de

245 2690 394 2743 testis
422 2699 600 2744 terrae.
630 2690 839 2745 Factori
871 2699 925 2744 et
946 2690 1108 2759 figulo
1138 2702 1482 2761 comparatur
1527 2693 1669 2746 Deus
1700 2708 1819 2746 om-

244 2782 514 2851 nipotens,
542 2782 667 2850 quia
696 2782 811 2852 ipse
855 2797 954 2836 sua
1004 2783 1246 2853 potentia
1276 2782 1527 2838 formavit
1558 2782 1821 2838 universi-

245 2880 408 2928 tatem
435 2874 590 2928 istius
616 2873 819 2928 mundi.
858 2873 952 2928 Vae
986 2873 1061 2928 illi
1090 2875 1183 2943 qui
1211 2874 1539 2929 contradicit
1574 2874 1821 2942 omnipo-

243 2966 374 3021 tenti
404 2965 514 3020 Deo
546 2965 736 3020 facturi
792 2981 891 3021 suo
938 2966 1161 3036 aliquid,
1190 2982 1219 3020 a
1250 2982 1357 3037 quo
1403 2967 1516 3035 ipse
1556 2965 1821 3022 formatus

242 3069 343 3113 est.
371 3059 494 3114 Acsi
535 3060 737 3115 diceret
771 3077 799 3122 ε,
821 3059 911 3113 Va:
932 3059 1030 3125 illi,
1059 3060 1152 3129 qui
1190 3076 1295 3115 non
1330 3060 1501 3134 credit
1543 3058 1821 3115 Christum

241 3167 361 3207 esse
389 3161 670 3207 venturum
700 3152 754 3205 in
784 3166 968 3218 carne,
1002 3152 1380 3208 contradicens
1395 3152 1560 3207 verbo
1579 3152 1822 3222 omnipo-

241 3245 403 3299 tentis
430 3245 543 3299 Dei.
577 3265 595 3295 ‹
628 3243 879 3314 Nunquid
929 3245 1061 3299 dicit
1107 3245 1277 3299 lutum
1315 3245 1475 3315 figulo
1504 3260 1601 3299 suo
1637 3263 1650 3297 ε
1680 3243 1818 3311 Quid

242 3336 411 3391 facis?
443 3346 656 3406 etopus
684 3345 830 3390 tuum
855 3337 1060 3405 absque
1088 3336 1340 3390 manibus
1368 3344 1470 3389 est.
1508 3355 1526 3387 ι
1556 3334 1709 3388 Sicut
1729 3333 1819 3388 illa

243 3438 382 3485 testa
408 3429 493 3483 vel
537 3428 704 3482 lutum
748 3442 851 3481 non
894 3435 1068 3497 potest
1103 3427 1470 3482 contradicere
1498 3426 1691 3481 factori
1722 3441 1821 3480 suo

244 3521 450 3584 dicens,
481 3518 597 3575 Hoc
631 3517 771 3587 quod
798 3517 1045 3587 operaris
1072 3517 1275 3587 absque
1304 3516 1554 3571 manibus
1580 3526 1665 3570 est
1689 3532 1701 3567 :
1741 3516 1820 3570 sic

243 3614 479 3667 humana
525 3619 775 3667 creatura
834 3611 1021 3678 nequit
1064 3611 1316 3665 resistere
1380 3608 1644 3664 conditori
1697 3622 1813 3663 suo.

248 3724 264 3756 ι
295 3705 385 3759 Vte
407 3704 497 3774 qui
514 3704 642 3758 dicit
667 3723 685 3755 ι
707 3702 813 3757 Deo
840 3722 859 3753 ι
880 3701 1049 3767 Patri,
1077 3701 1215 3770 Quid
1231 3702 1489 3773 generas?
1510 3720 1526 3751 ι
1566 3699 1819 3755 subaudi-

243 3808 330 3850 tur
354 3794 546 3848 Filium
566 3793 825 3863 zequalem
854 3791 945 3847 tibi
968 3811 986 3843 ε
1009 3800 1064 3848 et
1079 3791 1310 3855 mulieri,
1338 3811 1356 3842 ι
1380 3790 1549 3845 beatae
1570 3789 1819 3844 videlicet

244 3888 447 3954 Marias,
478 3906 497 3937 ι
528 3886 666 3955 Quid
697 3886 934 3955 parturis
978 3905 996 3937 ι
1035 3885 1177 3955 quod
1226 3899 1331 3939 non
1376 3898 1442 3937 ex
1484 3882 1691 3937 semine
1715 3880 1817 3934 viri

243 3983 563 4053 suscepisti?
595 3983 669 4036 De
698 3995 801 4050 qua
823 3980 1045 4034 muliere
1066 3979 1193 4034 dicit
1217 3977 1505 4047 Apostolus
1545 3993 1557 4028 :
1608 3994 1625 4027 ι
1658 3974 1818 4030 Chri-

240 4085 355 4130 slus
378 4076 549 4130 factus
575 4082 658 4127 est
672 4073 738 4127 de
754 4072 999 4136 muliere,
1027 4070 1201 4126 factus
1228 4070 1329 4125 sub
1357 4070 1473 4141 lege
1496 4065 1637 4141 (Gal.
1673 4068 1769 4139 tv).
1793 4087 1812 4118 ι

318 4185 336 4217 ‹
372 4165 495 4220 Haec
522 4164 652 4219 dicit
674 4162 933 4218 Dominus
963 4169 1183 4217 sanctus
1208 4160 1392 4224 Israel,
1413 4160 1615 4230 plastes
1635 4158 1769 4229 ejus,
1792 4176 1811 4209 ι

244 4259 298 4314 id
320 4266 400 4314 est
429 4265 641 4313 creator
664 4254 746 4309 vel
778 4253 1039 4308 formator
1064 4271 1077 4306 :
1107 4252 1310 4322 plastes
1341 4250 1723 4317 Graecumjest,
1762 4256 1819 4302 et

243 4350 441 4405 dicitur
468 4347 729 4403 formator
751 4346 864 4400 sive
884 4345 1196 4415 plasmator.
1217 4343 1519 4398 Plasmator
1538 4343 1656 4411 ejus
1670 4340 1816 4397 Deus

242 4442 407 4496 Pater
433 4449 536 4504 est,
584 4440 706 4509 quia
735 4438 1028 4509 plasmavit
1067 4453 1192 4492 eum
1243 4437 1298 4492 in
1346 4445 1500 4490 utero
1540 4434 1812 4505 virginali.

247 4553 267 4586 ι
295 4534 528 4589 Ventura
555 4550 573 4583 ι
596 4531 846 4602 mysteria
880 4549 897 4579 ‹
925 4531 1251 4598 interrogate
1267 4543 1373 4591 me,
1398 4546 1415 4577 ι
1433 4525 1664 4589 οιιιὸωἰ,
1690 4545 1708 4576 ‹
1732 4540 1819 4581 su-

188 4680 189 4685 η
242 4641 341 4696 per
361 4625 497 4678 filios
522 4637 690 4688 meos,
724 4641 741 4671 ι
769 4620 1090 4675 subauditur
1115 4618 1418 4689 adeptivos,
1445 4618 1534 4687 qui
1558 4615 1813 4671 credituri

243 4728 368 4773 sunt
400 4733 493 4787 per
507 4715 697 4770 Filium
729 4726 930 4777 meum,
949 4712 1216 4781 quomodo
1236 4711 1460 4767 debeam
1487 4725 1580 4765 eos
1608 4723 1811 4779 regere,

249 4829 268 4861 ι
297 4818 353 4863 et
378 4823 537 4878 super
582 4821 718 4876 opus
773 4819 1026 4858 manuum
1056 4818 1295 4857 mearum
1324 4802 1576 4856 mandate
1614 4802 1765 4866 mihi,
1792 4821 1809 4853 ι

246 4905 349 4957 hoc
385 4910 465 4956 est
487 4897 761 4970 praecipite
806 4895 937 4951 mihi
959 4893 1188 4964 qualiter
1217 4908 1280 4947 ea
1322 4909 1442 4963 quae
1469 4892 1685 4946 condidi
1722 4907 1818 4962 gu-

245 4992 488 5046 bernem.
531 4986 738 5042 lronicc
779 4986 881 5041 ista
927 4983 1267 5054 intelligenda
1310 4991 1465 5049 sunt,
1508 4997 1628 5051 quae
1680 4981 1818 5036 dixi-

248 5100 389 5139 mus.

325 5198 343 5229 ι
376 5180 487 5250 Ego
513 5178 613 5234 feci
643 5186 864 5244 terram,
892 5187 946 5233 et
969 5177 1239 5232 hominem
1280 5190 1441 5245 super
1469 5190 1586 5230 eam
1615 5174 1815 5229 creavi.

249 5271 438 5328 Manus
472 5287 604 5326 meae
634 5270 975 5326 tetenderunt
1009 5268 1197 5332 caelos,
1246 5288 1264 5319 ›
1299 5276 1359 5321 ut
1386 5267 1649 5322 habitatio
1670 5267 1740 5321 sit
1764 5266 1819 5320 in

248 5365 329 5421 eis
353 5362 686 5433 angelorum,
723 5380 743 5413 ι
777 5371 831 5416 et
854 5361 1002 5417 omni
1025 5360 1235 5416 militiae
1273 5375 1482 5425 eorum,
1513 5379 1531 5411 ι
1558 5359 1820 5413 ραδιοιιιιηι

249 5455 499 5511 videlicet
549 5452 751 5523 angelis
793 5461 848 5506 et
896 5452 1067 5507 stellis
1112 5470 1131 5502 ι
1178 5451 1467 5506 mandavi:
1525 5470 1542 5502 ι
1588 5451 1689 5506 hoc
1739 5458 1826 5506 est

250 5547 474 5617 praecepi
497 5545 623 5615 quid
655 5556 815 5614 agere
841 5541 1090 5597 debeant.
1133 5540 1368 5610 Praecepi
1400 5540 1622 5611 angelis,
1654 5548 1713 5594 ut
1737 5555 1824 5595 me

252 5638 532 5694 laudarent
573 5645 871 5692 creatorem
920 5647 1099 5699 suum,
1146 5641 1201 5686 et
1238 5631 1535 5685 ministeria
1584 5646 1680 5685 sua
1724 5631 1826 5685 im-

253 5732 479 5804 plerent.
507 5730 745 5801 Praecepi
779 5729 903 5795 soli,
950 5736 1011 5782 ut
1033 5726 1298 5781 illuminet
1327 5733 1551 5789 terram,
1604 5738 1824 5778 cursum

255 5840 407 5880 suum
434 5838 696 5894 peragens
718 5823 770 5876 in
796 5821 1052 5876 trecentis
1067 5818 1343 5887 sexaginta
1382 5817 1619 5885 quinque
1634 5816 1827 5871 diebus

255 5924 311 5971 et
331 5925 558 5989 quatuor
585 5915 754 5980 boris,
785 5913 1073 5982 tendatque
1111 5910 1179 5965 ad
1210 5909 1564 5965 occidentem.
1601 5907 1654 5963 Si
1696 5924 1825 5980 ergo

1844 4677 1894 4735 D

1929 2049 2032 2102 hoc
2057 2048 2259 2105 referre
2287 2050 2354 2103 ad
2381 2049 2603 2121 Cyrum,
2634 2048 2787 2118 cujus
2814 2052 3145 2121 temporibus
3169 2053 3389 2108 dimissa
3421 2060 3508 2108 est

1926 2144 2231 2213 captivitas,
2259 2153 2315 2198 et
2336 2145 2592 2214 templum
2636 2146 2956 2215 permissum
2992 2154 3074 2201 est
3100 2146 3378 2210 aedificari,
3407 2146 3508 2202 sed

1925 2251 2031 2292 non
2051 2236 2378 2291 conveniunt
2408 2236 2790 2304 praecedentia,
2835 2237 2963 2307 quia
3001 2253 3109 2291 non
3143 2246 3270 2292 sunt
3311 2250 3506 2292 omnes

1924 2332 2024 2386 vite
2054 2331 2171 2400 ejus
2198 2330 2416 2385 directa:
2445 2330 2530 2384 cui
2558 2339 2611 2383 et
2637 2328 2840 2383 dictum
2867 2338 2951 2383 est
2972 2346 2985 2381 :
3010 2329 3318 2384 Assimilavi
3346 2336 3420 2393 te,
3447 2334 3506 2383 et

1923 2441 2028 2479 non
2060 2423 2353 2495 cognovisti
2383 2437 2487 2477 me.
2533 2421 2641 2476 Nec
2670 2422 2833 2476 etiam
2883 2422 2997 2491 ipse
3038 2420 3346 2484 aedificavit,
3378 2419 3507 2473 licet

1923 2513 2176 2569 :edilicari
2231 2512 2561 2583 permiserit,
2632 2511 2760 2581 quia
2812 2527 2921 2566 non
2977 2520 3061 2566 est
3097 2509 3214 2578 ejus
3259 2520 3506 2578 tempore

1923 2605 2187 2675 completa
2211 2604 2516 2670 :ediﬁcatio,
2544 2604 2636 2658 sed
2671 2604 3003 2672 temporibus
3020 2602 3260 2657 Assueri.
3295 2584 3506 2657 Redea-

1921 2711 2042 2752 mus
2063 2696 2130 2750 ad
2160 2693 2515 2764 prtecedentia
2542 2692 2835 2748 referentes
2881 2693 2948 2746 ad
2999 2692 3286 2746 Dominum
3315 2690 3503 2745 Jesum

1920 2788 2216 2853 Christum,
2246 2786 2332 2841 cui
2366 2786 2467 2841 ista
2496 2785 2806 2855 plenissime
2835 2783 3032 2840 ascribi
3059 2783 3341 2838 debentur.
3382 2781 3503 2851 Ipse

1920 2880 2209 2937 aedificavit
2232 2879 2508 2935 civitatem
2545 2878 2739 2939 Patris,
2768 2885 3011 2932 sanctam
3039 2875 3290 2930 videlicet
3319 2873 3505 2929 Eccleo

1921 2968 1999 3027 sia
2006 2988 2077 3035 tn,
2092 2979 2282 3026 contra
2297 2985 2460 3040 quam
2484 2976 2652 3038 porta:
2674 2969 2830 3024 inferi
2847 2984 2953 3023 non
2969 2967 3358 3038 praevalebunt,
3375 2968 3504 3035 quia

1924 3062 2142 3116 fundata
2195 3071 2281 3117 est
2312 3076 2474 3130 supra
2508 3061 2719 3114 firmam
2744 3071 2956 3128 petram
2979 3058 3195 3129 (Matth.
3230 3057 3365 3129 xvi),
3398 3059 3504 3112 hoc

1923 3162 2007 3209 est
2024 3168 2188 3222 super
2211 3153 2409 3222 ipsum,
2431 3159 2486 3207 et
2506 3166 2625 3219 quae
2642 3151 2694 3205 in
2718 3160 2902 3206 monte
2924 3150 3124 3220 posita,
3151 3150 3204 3205 id
3215 3159 3301 3205 est
3325 3150 3378 3203 in
3410 3148 3506 3204 illo

1924 3244 2014 3313 qui
2041 3252 2124 3298 est
2153 3258 2306 3298 mons
2334 3244 2615 3301 montium,
2647 3242 2816 3297 latere
2857 3258 3131 3310 nunquam
3157 3242 3373 3310 poterit.
3429 3242 3505 3296 De

1846 3311 1892 3373 (ἶ
1922 3311 2080 3405 hujus
2130 3335 2367 3390 civitatis
2414 3334 2761 3387 fundamento
2811 3334 2942 3388 dicit
2967 3333 3218 3404 egregius
3244 3332 3504 3401 praedica-

1925 3432 2006 3478 tor
2054 3442 2066 3478 :
2117 3442 2136 3474 ι
2185 3422 2617 3477 Fundamentum
2667 3421 2811 3476 aliud
2857 3437 3017 3477 nemo
3053 3429 3232 3492 potest
3277 3435 3500 3491 ponere,

1874 3592 1877 3595 Δ
1920 3524 2117 3587 ρι’ωιθισ
2143 3516 2195 3571 id
2219 3516 2361 3586 quod
2402 3517 2635 3586 positum
2682 3525 2782 3578 est,
2836 3516 2978 3585 quod
3022 3525 3107 3571 est
3133 3515 3381 3571 Christus
3407 3516 3504 3571 Je-

1919 3622 2010 3661 sus
2040 3606 2087 3670 (Ι
2113 3604 2235 3661 Cor.
2268 3603 2370 3675 nt).
2408 3624 2426 3656 ι
2458 3605 2921 3660 Considerandum
2964 3614 3049 3661 est
3091 3606 3158 3661 de
3186 3622 3291 3674 qua
3330 3605 3503 3675 capti‘

1918 3697 2085 3752 vitate
2135 3695 2445 3766 subiungat,
2489 3704 2544 3749 et
2587 3696 2958 3765 captivitatem
3016 3710 3190 3751 meam
3239 3696 3495 3751 dimittet.

1916 3778 2184 3844 Peccante
2202 3789 2379 3858 primo
2404 3798 2627 3858 parente
2657 3798 2843 3843 nostro
2869 3788 2923 3842 in
2944 3789 3195 3858 paradiso
3212 3785 3366 3857 (Gen.
3390 3790 3498 3860 ut),

1919 3881 2217 3951 captivatus
2238 3889 2322 3935 est
2346 3896 2377 3934 a
2403 3880 2619 3935 diabolo
2671 3889 2728 3934 et
2771 3879 2926 3934 exsul
2971 3878 3194 3934 effectus
3222 3894 3251 3934 a
3278 3880 3502 3949 proprio

1918 3972 2032 4028 solo
2059 3973 2265 4042 positus
2285 3981 2369 4028 est
2401 3973 2455 4027 in
2485 3970 2646 4039 hujus
2666 3972 3117 4041 peregrinationis
3143 3971 3355 4036 exsilio,
3382 3986 3503 4026 om-

1921 4079 2017 4118 nes
2047 4063 2141 4118 lilii
2165 4063 2285 4134 ejus
2307 4064 2639 4135 captivitatis
2670 4062 2885 4118 vinculo
2902 4064 3123 4134 obligati
3150 4072 3295 4129 sunt,
3330 4063 3503 4120 donec

1919 4156 2066 4210 venit
2092 4155 2353 4210 Altissimi
2383 4153 2553 4210 Filius
2599 4168 2695 4225 per
2728 4154 3116 4210 incarnationis
3160 4154 3500 4225 mysterium,

1918 4255 1972 4301 et
1999 4262 2094 4300 sua
2126 4254 2300 4300 morte
2344 4245 2536 4315 simpla
2567 4244 2781 4314 duplam
2814 4253 3056 4299 nostram
3091 4243 3379 4307 destruxit,
3407 4256 3499 4298 re-

1918 4339 2160 4392 vocando
2215 4352 2313 4391 nos
2366 4336 2447 4405 .ad
2498 4334 2694 4404 gaudia
2761 4333 3019 4402 paradisi,
3078 4333 3219 4387 unde
3289 4331 3503 4402 expulsi

1921 4429 2211 4486 fueramus.
2248 4422 2399 4482 Unde
2436 4435 2491 4480 et
2549 4424 2908 4493 subjungitur.
2969 4441 2987 4475 ι
3024 4420 3142 4477 Non
3184 4424 3236 4475 in
3290 4422 3500 4491 pretio,

1920 4523 2112 4592 inquit,
2155 4534 2330 4591 neque
2359 4518 2413 4572 in
2435 4515 2772 4580 muneribus,
2814 4535 2832 4567 ι
2873 4513 3133 4569 subaudis
3170 4512 3421 4567 liberavit
3446 4519 3504 4567 et

1922 4613 2157 4669 redemit.
2183 4626 2303 4673 nos,
2333 4618 2393 4663 ut
2427 4608 2699 4678 acciperet
2723 4608 2918 4661 exinde
2945 4606 3176 4677 pretium
3212 4624 3223 4657 :
3258 4606 3351 4661 scd
3374 4619 3504 4676 pro-

1921 4708 2036 4776 pria
2066 4713 2256 4774 sponte
2282 4712 2340 4757 et
2366 4700 2733 4756 misericordia
2760 4700 2928 4771 larga.

1998 4818 2016 4850 ι
2054 4798 2177 4852 Ηωε
2226 4796 2357 4851 dicit
2404 4793 2661 4848 Dominus
2691 4792 2917 4846 :.Labor
2954 4790 3191 4863 Egypti,
3232 4811 3251 4842 ›
3281 4790 3385 4846 hoc
3417 4802 3505 4847 est

1921 4889 2128 4946 cultura
2182 4885 2466 4945 idolorum,
2534 4898 2698 4952 quam
2776 4898 2883 4952 prae
2936 4882 3189 4937 omnibus
3251 4883 3506 4952 gentibus

1923 4976 2196 5047 adimplet,
2228 4982 2333 5041 tet
2360 4971 2652 5042 negotiatio
2700 4969 3012 5040 IEtbiopim,
3072 4989 3091 5021 ι
3136 4979 3348 5023 terrena
3374 4969 3503 5023 sub-

1923 5071 2100 5132 audis,
2129 5065 2364 5123 cessabit
2388 5064 2443 5118 in
2472 5063 2701 5118 adventu
2733 5070 2844 5128 tuo,
2867 5060 2967 5115 Fili
2992 5060 3363 5125 dilectissime,
3392 5079 3409 5110 σ
3448 5068 3506 5115 et

1926 5161 2166 5225 Sabaim,
2196 5157 2299 5212 viri
2335 5154 2595 5211 sublimes
2620 5154 2689 5209 ad
2720 5161 2772 5208 te
2798 5152 3102 5208 transibunt
3156 5173 3174 5205 ι
3219 5154 3505 5207 credentes

1924 5259 1977 5312 in
2029 5267 2103 5320 te,
2149 5273 2167 5306 ι
2223 5262 2277 5309 et
2325 5253 2400 5306 tui
2449 5260 2608 5305 erunt
2651 5270 2668 5301 ι
2719 5265 2816 5320 per
2844 5247 3003 5303 fidem
3030 5254 3084 5301 et
3110 5242 3501 5314 operationem.

1924 5350 2200 5406 Culturam
2233 5345 2493 5401 idolorum
2521 5359 2682 5414 quam
2707 5341 2950 5411 Egyptii
2998 5340 3102 5394 diis
3151 5338 3263 5392 suis
3292 5337 3509 5405 impenn

1926 5444 2124 5497 debant
2175 5438 2416 5493 laborem
2464 5435 2716 5505 appellat,
2750 5434 2877 5503 quia
2927 5431 3155 5487 multum
3185 5427 3506 5484 laborabant

1927 5535 2005 5592 illi
2045 5535 2099 5588 in
2128 5530 2420 5588 oﬂ‘erendis
2438 5527 2719 5584 sacrificiis
2743 5526 3078 5582 diversorum
3103 5529 3503 5594 portentorum.

1925 5624 2179 5681 videlicet
2204 5622 2405 5686 avium,
2435 5620 2641 5684 ovium,
2675 5618 2968 5683 hircorum,
3001 5615 3339 5684 aliorumque
3365 5611 3503 5668 mul-

1928 5727 2140 5781 torum;
2194 5715 2290 5770 sed
2343 5710 2660 5768 adveniente
2701 5708 2919 5765 Christo
2968 5708 3024 5763 in
3064 5707 3347 5771 mundum,
3378 5718 3510 5760 eum

1927 5809 2153 5882 apostoli
2183 5815 2305 5879 post
2328 5805 2446 5872 ejus
2473 5803 2847 5859 ascensionem
2899 5802 2969 5858 ad
3024 5801 3154 5857 illud
3196 5809 3252 5855 et
3295 5798 3363 5852 ad
3398 5795 3505 5851 alia

1929 5890 2093 5975 regna
2152 5899 2471 5956 transissent
2516 5896 2873 5966 pradicantes
2922 5895 3153 5970 gratiam
3203 5886 3513 5962 Evangelii.
