4016 6470
556 469 659 535 947

1027 474 1378 531 HAYMONIS
1416 469 1893 528 HALBERSTAT.
1925 470 2142 527 EPISC.
2178 468 2333 527 OPP.
2375 468 2556 524 PARS
2595 469 2733 524 1.-
2771 464 3122 524 COMMENT.
3164 460 3334 518 BIBL.

3715 462 3816 524 98

558 588 649 642 ubi
676 594 832 641 antea
869 585 1147 643 colebatur
1175 584 1461 641 multitudo
1498 583 1930 649 simulacrorum,
1960 581 2126 651 coepit
2148 583 2205 643 Α
2226 577 2539 634 Creatorem
2560 591 2738 644 suum,
2772 584 2828 632 et
2862 575 3004 631 idola
3040 568 3534 634 contemnentibus,
3558 569 3693 633 ideo
3710 570 3815 627 fore

558 677 805 733 venerari
832 677 991 732 unius
1013 676 1111 732 Dei
1140 676 1349 746 religio,
1377 674 1511 731 adeo
1539 684 1600 729 ut
1627 689 1739 744 prie
1756 674 2007 730 omnibus
2033 688 2124 729 re—

554 767 683 837 gnis
703 768 964 824 hactenus
992 766 1067 823 ibi
1099 768 1490 822 monachorum
1517 773 1750 822 catervae
1807 764 2123 830 consistant,

558 868 860 930 pugnantes
902 861 1017 916 sine
1065 860 1240 929 gladio
1286 858 1553 915 materiali
1591 867 1779 915 contra
1826 856 2125 928 principem

559 952 764 1007 mundi.
818 952 1202 1023 Impletumque
1238 959 1322 1006 est
1351 951 1426 1006 ibi
1462 951 1603 1023 quod
1626 950 1757 1005 dicit
1791 947 2120 1019 Apostolus:

564 1063 583 1097 ι
620 1044 719 1100 Ubi
775 1045 1066 1100 abundavit
1108 1053 1408 1114 peccatum,
1461 1042 1913 1114 superabundavit
1949 1040 2125 1111 gratia

557 1131 731 1203 (Rom.
746 1134 821 1203 v).
834 1153 853 1184 ι
872 1133 1130 1189 Similiter
1141 1133 1446 1204 Ethiopes,
1462 1133 1553 1203 qui
1573 1140 1731 1187 antea
1746 1139 1961 1189 terrena
1975 1140 2125 1185 lucra

556 1225 902 1288 exercebant,
957 1225 1204 1280 conversi
1250 1226 1318 1279 ad
1363 1225 1523 1279 tidem
1585 1222 1804 1286 Christi,
1846 1227 2127 1291 coeperunt

554 1322 770 1369 terrena
804 1324 1149 1384 postponam,
1178 1325 1233 1371 et
1255 1324 1366 1371 toto
1415 1314 1614 1369 mentis
1663 1312 1855 1369 affectu
1884 1312 2123 1370 caelestia

554 1405 705 1459 lucra
734 1405 1063 1462 desiderare.
1096 1407 1313 1461 Sabaim
1341 1406 1528 1460 eadem
1568 1412 1652 1459 est
1681 1413 1737 1459 et
1775 1403 1937 1468 Saba,
1976 1403 2123 1472 regio

550 1496 638 1551 vel
658 1496 849 1551 civitas
875 1499 930 1552 in
958 1497 1157 1552 ﬁnibus
1178 1496 1468 1567 Ethiopian
1496 1497 1691 1567 posita,
1716 1498 1784 1551 de
1810 1513 1915 1567 qua
1947 1496 2048 1551 fuit
2067 1502 2123 1550 et

548 1586 736 1655 regina
769 1586 929 1642 Saba.
965 1588 1078 1642 Viri
1108 1597 1285 1643 autem
1323 1588 1577 1644 sublimes
1609 1588 1961 1659 appellantur,
1993 1587 2121 1658 quia

536 1679 905 1747 potentissimi
956 1688 1011 1733 et
1055 1680 1350 1735 doctissimi
1395 1695 1609 1751 semper
1649 1682 1989 1743 exstiterunt,
2026 1678 2120 1750 qui

548 1778 605 1824 et
632 1770 731 1841 ipsi
758 1771 826 1824 ad
856 1770 1013 1826 {idem
1036 1771 1249 1827 Domini
1291 1773 1641 1828 transierunt.
1691 1773 1768 1828 De
1814 1771 2010 1843 quibus
2038 1771 2118 1827 di-

544 1864 623 1920 cit
650 1867 930 1934 propheta,
968 1887 986 1919 ‹
1023 1867 1223 1923 Omnes
1243 1868 1311 1922 de
1359 1867 1501 1924 Saba
1545 1870 1780 1935 venient,
1820 1884 2012 1923 aurum
2063 1877 2120 1925 et

2228 670 2398 724 mavit
2421 684 2562 724 eam.
2601 687 2620 721 ι
2637 669 2750 741 Ego
2790 666 3067 731 Dominus,
3092 673 3150 720 et
3177 678 3287 720 non
3315 671 3397 719 est
3421 661 3565 717 alius
3588 660 3759 729 Deus,
3786 683 3806 718 ι

2223 760 2431 817 faciens
2456 760 2675 817 similia.
2708 758 2835 816 Haec
2860 765 3051 816 contra
3082 756 3352 813 idolorum
3384 753 3638 810 cultores
3673 754 3811 812 dim

2224 860 2370 908 sunt.

2300 961 2319 994 ι
2349 940 2466 997 Non
2500 942 2557 997 in
2606 941 2926 998 abscondito
2973 940 3186 996 locutus
3230 952 3373 1002 sum,
3414 936 3472 991 in
3494 935 3627 991 loco
3655 944 3809 993 terra

2222 1033 2529 1089 tenebroso.
2567 1051 2587 1085 ι
2622 1032 2907 1100 Quondam
2935 1032 3149 1087 locutus
3177 1037 3263 1084 est
3290 1028 3346 1082 in
3383 1025 3716 1082 abscondito
3756 1028 3803 1082 in

2222 1133 2405 1180 monte
2430 1123 2581 1190 Sina,
2599 1124 2815 1193 quando
2842 1122 2980 1178 dixit
3008 1120 3134 1175 filiis
3153 1117 3324 1174 Israel
3345 1136 3361 1171 :
3381 1115 3500 1173 Non
3523 1124 3692 1171 erunt
3719 1117 3802 1172 tibi

2221 1215 2297 1271 dii
2327 1215 2509 1281 alieni,
2545 1215 2671 1284 quia
2702 1215 2795 1268 uni
2819 1211 3191 1269 tantummodo
3214 1209 3413 1281 populo
3447 1209 3676 1264 locutus
3706 1217 3795 1276 est,

2222 1304 2618 1362 caeterislatuit.
2639 1304 2745 1360 Sed
2762 1305 2906 1359 istud
2919 1304 3062 1374 quod
3087 1302 3248 1358 dicit:
3272 1302 3331 1356 In
3354 1300 3795 1357 absconditonou

2220 1415 2342 1455 sum
2373 1399 2607 1464 locutus,
2637 1399 2704 1454 de
2743 1397 3051 1468 evangelica
3103 1396 3347 1451 doctrina
3393 1394 3794 1462 intelligendum

2219 1500 2323 1557 est,
2345 1505 2466 1561 quae
2500 1492 2553 1545 in
2597 1507 2788 1547 omnes
2838 1491 2973 1546 lines
3022 1499 3179 1545 terra:
3225 1503 3324 1559 per
3363 1489 3793 1558 praedicationem

2220 1581 2587 1652 apostolorum
2651 1582 2911 1637 insonuit.
2960 1600 2980 1632 ι
3016 1580 3133 1635 Non
3179 1580 3293 1634 dixi
3349 1578 3559 1634 semini
3616 1577 3789 1643 Iacob,

2219 1673 2425 1729 frustra
2448 1674 2675 1743 quaerite
2698 1689 2803 1739 me,
2852 1693 2871 1726 ι
2903 1673 3030 1742 quia
3058 1672 3294 1741 primum
3326 1670 3394 1726 ad
3422 1684 3522 1726 eos
3550 1670 3701 1725 venit
3726 1669 3788 1724 di-

2220 1781 2350 1822 cens
2378 1783 2394 1819 :
2431 1786 2449 1819 ‹
2485 1767 2603 1823 Non
2648 1783 2766 1822 sum
2794 1766 2993 1823 missus
3021 1766 3123 1821 nisi
3145 1766 3212 1821 ad
3232 1781 3363 1821 oves
3379 1780 3505 1835 quae
3532 1766 3786 1835 perierunt

2219 1857 2410 1914 domus
2445 1858 2609 1913 Israel
2640 1857 2858 1929 (Matth.
2897 1858 3012 1928 xv),
3047 1877 3066 1910 ι
3101 1865 3158 1911 et
3193 1858 3274 1913 eis
3320 1856 3599 1911 caelorum
3643 1869 3783 1926 regna

546 1955 674 2011 thus
724 1956 1045 2023 deferentes,
1092 1969 1148 2014 et
1191 1960 1402 2015 laudem
1460 1960 1687 2015 Domino
1737 1961 2118 2016 annuntiantes
2147 1945 2195 2006 Β
2222 1954 2352 2009 dare
2388 1954 2654 2022 promisit,
2687 1955 2732 2009 si
2757 1954 2963 2009 relictis
2992 1954 3319 2024 imaginibus
3359 1952 3498 2023 legis
3551 1960 3610 2007 et
3645 1967 3783 2007 care

540 2048 729 2117 (infra.
768 2048 878 2121 ιχ).
918 2071 939 2103 ι
968 2050 1072 2105 Per
1100 2052 1217 2106 haec
1244 2052 1344 2106 tria
1380 2068 1499 2122 qua:
1548 2054 2111 2122 commemoravimus,

540 2138 917 2210 intelliguntur
960 2142 1141 2196 omnia
1167 2157 1331 2212 regna
1361 2152 1416 2197 et
1439 2144 1702 2214 regiones,
1736 2146 1801 2201 de
1823 2146 2018 2216 quibus
2045 2147 2115 2202 ad

542 2228 705 2284 fidem
743 2231 953 2286 Domini
995 2234 1237 2302 quotidie
1260 2235 1604 2305 colliguntur.
1643 2257 1664 2289 ‹
1699 2237 1828 2294 Post
1853 2240 2113 2295 teambu-

540 2318 731 2374 labunt
764 2340 783 2372 ι
823 2330 969 2376 recte
997 2323 1284 2388 credendo,
1340 2336 1394 2381 et
1432 2327 1570 2383 bene
1608 2330 1854 2385 vivendo.
1883 2348 1903 2383 ο
1932 2331 2111 2388 Vincti

538 2425 731 2465 manus
752 2421 995 2482 pergent,
1031 2433 1049 2466 ι
1081 2415 1134 2469 id
1168 2427 1254 2471 est
1277 2416 1570 2473 Dominicis
1620 2421 1908 2490 praeceptis
1954 2420 2113 2475 astri-

538 2502 614 2557 cti
638 2504 989 2559 ambulabunt
1013 2507 1079 2561 de
1108 2508 1309 2563 virtute
1336 2510 1388 2564 in
1413 2510 1666 2565 virtutem
1699 2532 1717 2563 ι
1753 2521 1807 2566 et
1833 2521 1886 2567 te
1920 2513 2111 2566 adora-

537 2590 673 2648 bunt
700 2614 719 2646 »
749 2595 1005 2651 derelicta
1025 2596 1137 2666 jam
1164 2598 1465 2654 idololatria
1507 2620 1525 2651 ι
1563 2609 1721 2670 teque
1746 2603 2112 2673 deprecabun-

536 2688 629 2737 tur
674 2701 693 2734 ι
746 2700 882 2754 pura
927 2687 1122 2742 mentis
1149 2688 1451 2744 devotione.
1483 2709 1502 2741 ε
1541 2691 1773 2746 Tantum
1828 2694 1884 2747 in
1933 2702 1984 2747 te
2025 2702 2111 2749 est

536 2774 695 2838 Deus,
720 2784 907 2833 etnon
927 2789 1010 2835 est
1035 2780 1238 2852 absque
1265 2792 1319 2838 te
1344 2785 1486 2839 Deus
1503 2800 1686 2841 verus.
1720 2805 1741 2839 ι
1776 2787 1893 2842 Vox
1930 2786 2110 2843 Patris

535 2862 607 2919 de
632 2863 789 2920 Filio.
819 2868 910 2922 Sic
938 2869 1118 2925 dicent
1138 2871 1214 2925 illi
1249 2889 1262 2925 :
1294 2872 1524 2927 Tantum
1570 2875 1625 2929 in
1655 2883 1709 2930 te
1736 2882 1820 2929 est
1845 2875 2008 2941 Deus,
2055 2876 2110 2932 id

534 2964 620 3012 est
649 2957 704 3012 in
730 2957 885 3013 Filio.
919 2960 1010 3016 Sic
1034 2964 1179 3017 enim
1216 2965 1329 3033 ipse
1351 2958 1515 3020 dicit:
1555 2985 1574 3017 ι
1608 2967 1720 3038 Ego
1746 2968 1801 3021 in
1838 2967 2020 3032 Patre,
2052 2976 2109 3023 et

534 3043 697 3101 Pater
724 3048 777 3102 in
796 3064 886 3103 me
917 3059 1001 3105 est
1041 3052 1221 3123 (Joan.
1252 3054 1388 3124 xiv).
1432 3075 1452 3105 ›
1498 3055 1564 3110 Et
1607 3073 1716 3110 non
1767 3067 1852 3111 est
1900 3058 2107 3126 absque

534 3137 769 3202 teDeus,
799 3139 938 3195 sicut
966 3142 1082 3211 ipse
1103 3142 1276 3198 dicit:
1314 3164 1333 3196 ι
1369 3145 1480 3215 Ego
1509 3148 1564 3200 et
1600 3146 1764 3203 Pater
1807 3162 1972 3203 unum
2016 3162 2108 3203 su-

454 3284 459 3293 ,
532 3241 656 3285 mus
681 3227 846 3299 (Ibid.
875 3231 954 3301 χ).
991 3252 1012 3284 ι

2219 2046 2546 2111 mouiarum,
2576 2045 2851 2115 Evangelii
2880 2044 3165 2100 veritatem
3189 2052 3577 2114 sequerentur.
3634 2061 3654 2094 ι
3687 2043 3779 2113 Ego

2218 2138 2480 2195 Dominus
2512 2139 2736 2208 loquens
2759 2139 3049 2210 justitiam,
3087 2157 3106 2191 ι
3134 2152 3232 2207 per
3270 2152 3435 2207 quam
3474 2134 3777 2207 justiﬁeabi-

2218 2222 2313 2284 tur'
2332 2231 2507 2285 omnis
2535 2230 2627 2299 qui
2651 2243 2771 2284 eam
2801 2229 3100 2298 adimplere
3130 2227 3383 2291 voluerit,
3416 2245 3437 2277 ι
3472 2225 3773 2281 annuntians

2217 2331 2366 2378 recta
2386 2362 2401 2385 ,
2449 2340 2467 2372 υ
2501 2330 2561 2376 ιιι
2596 2322 2775 2376 omnis
2812 2329 3061 2376 creatura
3090 2334 3248 2375 suum
3281 2318 3545 2373 adoraret
3572 2316 3765 2372 Creato-

2216 2427 2351 2466 rem.
2386 2410 2659 2467 Justitiam
2712 2411 2921 2465 locutus
2967 2419 3051 2465 est
3077 2408 3362 2473 Dominus,
3394 2408 3606 2477 quando
3637 2413 3761 2476 post-

2215 2518 2375 2574 quam
2405 2504 2574 2559 Judaei
2610 2503 3047 2575 prmdicationem
3078 2502 3197 2573 ejus
3229 2502 3602 2571 despexerunt,
3640 2497 3755 2552 dixit

2214 2594 2490 2664 discipulis
2523 2611 2536 2647 :
2573 2613 2595 2645 ς
2630 2594 2831 2651 Euntes
2861 2594 2915 2648 in
2948 2594 3209 2649 mundum
3240 2594 3578 2657 universum,
3600 2590 3761 2661 praedi-

2214 2694 2335 2741 eate
2368 2687 2713 2757 Evangelium
2739 2686 2936 2757 (Marc.
2967 2684 3101 2757 xw).
3137 2705 3158 2739 ι

2288 2798 2307 2829 ‹
2335 2777 2765 2848 Congregamini,
2808 2796 2826 2829 ι
2859 2794 2894 2833 o
2934 2777 3140 2843 fideles,
3170 2776 3239 2831 ad
3281 2791 3463 2832 meam
3492 2776 3646 2831 ﬁdem
3680 2792 3698 2825 ι
3725 2780 3769 2828 et

2211 2870 2391 2924 venite
2409 2888 2429 2921 ι
2457 2869 2524 2923 ad
2555 2884 2639 2923 me
2664 2885 2773 2925 non
2808 2869 2926 2924 loco
2953 2869 3047 2924 sed
3068 2869 3283 2933 merito,
3301 2869 3429 2938 quia
3461 2884 3565 2938 ego
3590 2867 3767 2937 ubique

2213 2973 2356 3024 cum,
2397 2979 2415 3010 ι
2447 2968 2503 3014 et
2530 2960 2772 3014 accedite
2798 2959 2957 3014 simul
2992 2979 3011 3010 ι
3063 2959 3117 3014 in
3147 2974 3314 3013 unum
3336 2958 3479 3013 ovile
3505 2977 3525 3009 ι
3561 2957 3649 3026 qui
3676 2955 3768 3011 sal-

2210 3051 2321 3105 vati
2359 3052 2493 3106 estis
2526 3072 2543 3104 ι
2589 3052 2851 3123 sanguine
2885 3068 3006 3107 meo
3055 3070 3075 3104 ι
3135 3067 3203 3107 ex
3241 3051 3495 3122 gentibus
3537 3069 3556 3101 ι
3593 3049 3659 3103 ab
3694 3064 3767 3103 er—

2209 3157 2334 3197 rore
2355 3150 2408 3196 et
2438 3143 2698 3211 peccatis.
2726 3143 2864 3209 Quia
2891 3142 3059 3198 Judaei
3106 3142 3391 3198 noluerunt
3417 3155 3571 3211 agere
3605 3137 3766 3209 paeni-

2210 3233 2460 3297 tentiam,
2515 3242 2569 3288 et
2614 3231 2863 3303 indignos
2894 3247 2955 3288 se
2983 3232 3357 3302 iudicaverunt
3379 3239 3585 3285 aeternae
3622 3228 3753 3290 vitae,

604 3335 627 3370 (
655 3317 795 3373 Vere
820 3321 1104 3378 tuesDeus
1121 3323 1486 3382 absconditus.
1514 3346 1532 3378 ι
1552 3326 1783 3398 Propter
1797 3330 2105 3384 bumanita-
2134 3302 2179 3365 ο
2210 3322 2503 3392 alloquitur
2550 3302 2776 3394 gentiles
2802 3333 2866 3380 ut
2907 3333 3302 3395 congregemur
3340 3324 3391 3378 in
3413 3336 3569 3376 unum
3598 3318 3746 3374 ovile.

530 3414 642 3464 tem
664 3409 769 3465 ista
791 3412 1059 3479 dicuntur,
1084 3416 1209 3486 quia
1236 3417 1290 3471 in
1325 3418 1657 3475 humanitate
1702 3420 1860 3476 latuit
1899 3421 2104 3475 Divini-

530 3507 634 3554 tas.
671 3519 689 3551 ι
736 3501 855 3571 Ipse
876 3513 959 3558 est
994 3504 1134 3561 Deus
1158 3506 1399 3562 salvator
1425 3508 1612 3574 Israel,
1656 3530 1674 3562 ι
1704 3511 1831 3580 quia
1853 3511 1969 3580 ipse
1998 3510 2105 3566 sal-

530 3596 624 3643 vat
649 3588 905 3659 populum
926 3606 1084 3648 suum
1113 3609 1142 3647 a
1168 3597 1404 3663 peccatis
1423 3611 1631 3652 eorum.

608 3699 628 3731 ι
658 3680 874 3738 Confusi
921 3694 1048 3741 sunt
1105 3695 1161 3742 et
1204 3689 1538 3745 erubuerunt
1586 3706 1818 3747 omnes:
1851 3691 2105 3747 abierunt

527 3772 688 3831 simul
741 3775 795 3829 in
841 3776 1231 3845 confusionem,
1296 3801 1317 3834 ι
1369 3782 1473 3837 hoc
1512 3791 1597 3839 est
1645 3783 1699 3836 in
1744 3782 2100 3852 perditionem

535 3882 554 3916 ι
592 3864 943 3925 fabricatores
973 3883 1182 3926 eorum.
1208 3891 1228 3925 ›
1258 3870 1459 3929 Contra
1484 3874 1695 3930 scribas
1718 3882 1774 3930 et
1796 3872 2101 3931 Phrisznos

528 3958 796 4026 loquitur,
865 3961 958 4030 qui
1012 3960 1370 4020 fabricatores
1434 3965 1759 4021 exstiterunt
1818 3980 2098 4031 errorum,

528 4050 746 4117 quando
775 4049 829 4104 in
881 4058 995 4106 toto
1045 4053 1248 4108 mundo
1294 4054 1696 4110 seminaverunt
1732 4056 2099 4121 mendacium,

528 4137 766 4195 dicentes
789 4141 858 4195 ab
902 4141 1161 4210 apostolis
1210 4143 1496 4198 Dominum
1534 4126 1882 4201 furtim'esse
1918 4146 2100 4201 subla-

529 4234 642 4282 tum
673 4227 886 4296 (Matth.
944 4230 1158 4303 xxvut).
1212 4230 1435 4290 Confusi
1486 4243 1608 4291 sunt
1658 4250 1789 4307 ergo
1814 4237 2005 4292 scriba:
2043 4246 2100 4293 et

528 4315 786 4373 Phariszei
826 4319 879 4374 in
912 4320 1116 4377 malitia
1139 4338 1244 4379 sua
1274 4325 1457 4380 traditi
1502 4326 1558 4383 in
1597 4341 1790 4384 manus
1820 4327 2096 4385 Romano-

528 4423 667 4473 rum,
698 4417 755 4464 et
774 4412 1105 4468 erubuerunt
1123 4431 1332 4484 omnes,
1360 4432 1468 4473 non
1502 4426 1563 4472 ut
1586 4420 1962 4489 pmnitentiam
1976 4437 2101 4494 age-
2134 4455 2143 4464 -

526 4514 668 4573 rent,
703 4505 795 4562 sed
843 4508 897 4563 in
937 4509 1283 4567 tribulatione
1330 4513 1491 4582 positi
1539 4515 1791 4571 abierunt
1839 4516 1999 4571 simul
2043 4518 2099 4572 in

524 4597 878 4667 perditionem
927 4600 1172 4669 corporis
1218 4610 1272 4655 et
1316 4602 1529 4659 animae.
1569 4603 1650 4658 Illi
1679 4605 1896 4674 quidem
1925 4607 2099 4676 perie-

526 4696 671 4741 runt.
704 4706 722 4738 t
759 4688 926 4744 Israel
953 4697 1152 4754 autem,
1189 4710 1207 4742 ι
1251 4690 1304 4745 id
1332 4700 1418 4746 est
1466 4693 1668 4749 chorus
1707 4695 2094 4762 apostolorum,

524 4784 582 4831 et
603 4776 695 4844 qui
716 4790 812 4845 per
840 4777 1110 4846 apostolos
1134 4777 1499 4846 crediderunt,
1536 4798 1555 4830 ι
1589 4780 1781 4838 salvati
1830 4790 1959 4839 sunt
2004 4800 2093 4840 sa-

523 4869 636 4928 lute
682 4884 906 4931 aeterna.
948 4876 1065 4931 Non
1093 4876 1517 4944 confundemini,
1551 4899 1570 4931 ι
1603 4894 1638 4935 o
1676 4880 1926 4950 apostoli,
1973 4880 2094 4936 alii-

523 4980 629 5036 que
652 4967 955 5033 credentes,
989 4986 1007 5019 ‹
1042 4976 1100 5022 et
1127 4983 1233 5024 non
1271 4970 1602 5026 erubescetis
1634 4991 1654 5023 ι
1682 4971 1738 5026 in
1781 4986 1942 5043 poena
1967 4988 2095 5029 con-

523 5059 700 5116 stituti
727 5075 828 5130 pro
853 5061 1068 5117 nomine
1083 5076 1227 5129 meo,
1248 5080 1268 5113 ε
1288 5077 1463 5134 usque
1477 5065 1531 5120 in
1551 5065 1807 5122 saxulum
1829 5068 2009 5123 saeculi
2018 5107 2033 5133 ,
2069 5087 2088 5120 ι

525 5149 582 5205 id
609 5159 691 5205 est
724 5165 897 5221 neque
940 5153 995 5207 in
1049 5153 1153 5209 hoc
1200 5154 1396 5210 saeculo
1441 5170 1538 5211 vos
1576 5157 1799 5227 pudebit
1828 5158 2096 5213 sustinere

523 5250 794 5298 tormenta
820 5245 995 5299 securi
1028 5246 1093 5300 de
1121 5245 1311 5316 gloria,
1344 5261 1520 5318 neque
1538 5247 1593 5302 in
1621 5246 1800 5304 futuro
1837 5249 1892 5303 in
1916 5249 2095 5305 beati-

525 5332 712 5388 tudine
738 5341 939 5389 aaterna
963 5336 1263 5391 constituti.

599 5445 618 5478 ς
654 5426 790 5495 Quia
842 5427 959 5483 haec
1006 5429 1137 5485 dicit
1185 5431 1444 5486 Dominus
1503 5446 1698 5486 creans
1747 5432 1913 5487 cmlos
1975 5432 2093 5501 ipse

525 5520 668 5575 Deus
701 5538 721 5572 ι
768 5527 830 5574 ut
871 5519 1131 5576 habitatio
1164 5522 1219 5576 in
1267 5522 1347 5577 eis
1375 5522 1446 5577 sit
1474 5521 1808 5593 angelorum,
1846 5540 1864 5574 t
1894 5529 1951 5576 et
1974 5519 2087 5576 for-

525 5624 680 5666 maias
714 5619 921 5667 terram
955 5617 1010 5666 et
1058 5611 1260 5667 faciens
1294 5628 1412 5667 eam
1449 5632 1470 5666 ι
1506 5620 1567 5667 ut
1614 5626 1732 5666 eam
1786 5612 2091 5669 inhabilem

524 5702 761 5759 cultores
794 5703 913 5769 Dei,
957 5722 974 5756 ι
1005 5704 1121 5774 ipse
1156 5704 1357 5773 plastes
1403 5706 1541 5775 ejus,
1574 5724 1594 5758 ι
1629 5705 1731 5761 hoc
1762 5715 1846 5762 est
1884 5705 2089 5762 forma-

526 5806 614 5851 tur
639 5806 814 5855 terrae.
852 5817 871 5849 ι
904 5796 1019 5853 Non
1047 5799 1101 5853 in
1119 5813 1318 5854 vanum
1337 5799 1541 5854 creavit
1565 5814 1715 5854 eam:
1748 5808 1803 5853 ut
1834 5800 2093 5854 inhabita-

524 5890 697 5957 retbr,
726 5908 745 5944 ι
778 5891 849 5948 ab
868 5891 1197 5957 hominibus,
1221 5891 1568 5948 adorantibus
1589 5900 1646 5946 et
1671 5891 2090 5963 intelligentibns

2122 4649 2180 4712 D

2210 3414 2365 3471 Unde
2406 3430 2531 3470 cum
2588 3415 2720 3470 dicit
2752 3415 3174 3487 congregamini,
3200 3413 3435 3471 ostendit
3462 3428 3563 3467 non
3583 3424 3759 3466 omnes

2208 3515 2401 3577 gentes
2426 3506 2609 3561 statim
2637 3508 2960 3573 credituras,
2993 3507 3086 3563 sed
3116 3505 3377 3577 paulatim
3423 3514 3479 3559 et
3523 3515 3761 3575 perpar-

2206 3604 2312 3654 tes.
2343 3618 2362 3650 ‹
2396 3597 2732 3663 Nescierunt,
2762 3618 2781 3649 ι
2801 3600 3057 3658 subaudis
3077 3598 3328 3670 gentiles,
3350 3597 3517 3653 verba
3537 3591 3766 3663 mea,qui

2207 3688 2263 3743 in
2290 3690 2508 3758 proprio
2535 3704 2722 3746 errore
2742 3700 3181 3760 permanserunt,
3207 3689 3621 3746 simulacrorum
3658 3699 3768 3741 suo-

2207 3794 2329 3834 rum
2354 3795 2522 3836 onere
2550 3782 2890 3852 praegravati,
2913 3790 2969 3837 et
2999 3801 3019 3834 ‹
3057 3783 3150 3853 qui
3194 3782 3377 3839 levant
3405 3781 3621 3852 signum
3646 3775 3768 3833 scul-

2204 3877 2381 3940 ptura!
2419 3885 2551 3936 suae,
2575 3890 2593 3923 ›
2629 3871 2681 3926 id
2709 3880 2793 3928 est
2822 3874 2912 3942 qui
2942 3873 3115 3945 sigilla
3134 3873 3386 3944 sculpunt
3403 3874 3519 3929 suis
3536 3873 3591 3927 in
3616 3871 3766 3927 simu-

2207 3960 2374 4017 lacris
2402 3981 2420 4012 ε
2458 3970 2514 4017 et
2560 3973 2755 4033 rogant
2779 3964 2941 4020 deum
2986 3980 3095 4021 non
3124 3965 3448 4021 salvantem.
3485 3984 3504 4018 ι
3538 3963 3691 4020 Unde
3720 3969 3768 4016 et

2204 4054 2516 4124 praecipitur
2552 4054 2814 4124 apostolis
2866 4065 2923 4111 et
2954 4055 3319 4121 credentibus,
3376 4063 3442 4111 ut
3487 4063 3768 4126 opportune

2205 4143 2510 4215 importune
2532 4147 2851 4201 annuntient
2873 4148 3179 4214 veritatem,
3207 4157 3264 4205 et
3290 4147 3470 4203 iniant
3496 4146 3768 4203 concilim

2204 4234 2445 4303 gentium
2474 4233 2560 4304 (II
2592 4234 2725 4290 Tim.
2762 4234 2858 4307 tv).

2282 4327 2683 4396 rAnnuntiate,
2731 4349 2750 4383 ι
2780 4330 2977 4399 inquit,
3022 4346 3058 4386 ο
3105 4330 3332 4401 apostoli
3386 4340 3444 4387 et
3475 4332 3766 4393 credentes,

2203 4423 2455 4495 gentibus
2500 4423 2676 4479 adhuc
2720 4424 2776 4480 in
2812 4439 2998 4480 errore
3048 4425 3389 4480 manentibus
3419 4424 3593 4480 fidem
3628 4436 3765 4495 quam

2202 4512 2555 4583 percepistis,
2592 4532 2611 4566 t
2642 4522 2699 4569 et
2739 4514 3099 4571 consiliamini
3125 4515 3285 4571 simul
3314 4535 3333 4568 ι
3360 4515 3431 4571 de
3463 4515 3653 4571 salute
3688 4528 3763 4569 eo—

2204 4617 2345 4659 rum.
2380 4602 2495 4659 Hoc
2520 4603 2868 4674 adimpletum
2917 4614 3019 4670 est,
3065 4606 3279 4675 quando
3314 4615 3618 4675 antequam
3653 4606 3768 4662 divi-

2206 4694 2465 4750 derentur
2487 4709 2584 4764 per
2613 4695 2922 4751 universum
2968 4696 3245 4759 mundum,
3289 4710 3589 4752 commune
3613 4694 3770 4751 conci-

2204 4785 2338 4842 lium
2378 4787 2661 4859 elegerunt
2697 4799 2759 4843 ut
2786 4789 3049 4845 unitatem
3080 4788 3487 4854 annuntiarent,
3541 4804 3655 4845 non
3679 4786 3770 4841 dis-

2206 4879 2501 4935 sentientes
2536 4880 2605 4934 ab
2655 4879 2907 4936 invicem.
2964 4880 3114 4936 Tunc
3160 4880 3324 4937 etiam
3369 4889 3427 4936 et
3478 4880 3770 4953 symbolum

2210 4977 2632 5040 composuerunt
2657 4971 2725 5028 de
2756 4971 3019 5028 Trinitate
3065 4980 3119 5027 et
3171 4972 3404 5039 unitate,
3432 4972 3497 5028 de
3540 4985 3772 5029 commu-

2204 5063 2368 5119 nione
2382 5063 2661 5130 Ecclesiae,
2686 5072 2741 5119 et
2770 5065 3165 5122 resurrectione
3184 5064 3444 5137 generali.
3475 5085 3495 5117 ι
3528 5066 3667 5134 Quis
3691 5079 3772 5118 an-

2200 5153 2369 5209 ditum
2399 5153 2651 5209 fecithoc
2675 5155 2743 5210 ab
2770 5155 2924 5211 initio
2957 5176 2976 5208 ι
3018 5155 3087 5211 de
3131 5155 3308 5211 salute
3360 5154 3639 5226 gentium,
3678 5152 3769 5209 nisi

2199 5258 2300 5314 ego
2330 5244 2422 5313 qui
2452 5244 2661 5300 locutus
2686 5259 2805 5300 sum
2830 5245 2900 5299 ad
2926 5245 3201 5301 Abraham
3233 5261 3245 5297 :
3283 5263 3301 5297 ι
3337 5244 3395 5299 In
3425 5246 3644 5301 semine
3689 5254 3770 5298 tuo

2196 5334 2585 5392 benedicentur
2610 5351 2799 5392 omnes
2812 5346 3001 5408 gentes
3030 5335 3183 5408 (Gen.
3202 5338 3382 5408 nm).
3420 5355 3441 5389 ι
3460 5346 3518 5392 et
3548 5337 3769 5409 plurima

2196 5427 2285 5484 his
2340 5428 2566 5492 similia,
2613 5428 2733 5499 quae
2790 5444 2888 5498 per
2935 5444 3028 5484 ora
3073 5430 3459 5501 prophetarum
3515 5427 3764 5501 praedixi!

2197 5518 2293 5577 Vel
2323 5523 2484 5577 etiam
2511 5522 2616 5577 alio
2650 5522 2828 5577 modo.
2882 5521 3023 5589 Quis
3066 5522 3307 5577 auditum
3330 5520 3459 5577 fecit
3490 5522 3566 5576 ab
3599 5521 3765 5585 initio,

2195 5615 2337 5682 qnod
2368 5613 2565 5670 idolum
2587 5614 2729 5683 quod
2751 5613 2884 5669 nihil
2910 5621 2993 5669 est
3019 5628 3127 5669 non
3152 5612 3343 5667 debeat
3386 5611 3635 5677 adorari,
3671 5611 3767 5666 nisi

2194 5723 2293 5778 ego
2320 5712 2411 5778 qui
2432 5708 2542 5761 dixi
2567 5725 2580 5761 :
2614 5726 2631 5757 ι
2667 5706 2783 5762 Non
2809 5716 2969 5762 erunt
2998 5707 3091 5763 tibi
3118 5706 3189 5761 dii
3211 5705 3390 5771 alieni,
3424 5720 3527 5760 nec
3567 5706 3666 5761 tibi
3694 5702 3769 5757 fa-

2195 5800 2307 5854 cies
2329 5799 2575 5869 sculptile
2598 5798 2793 5870 (Emod.
2818 5817 2919 5865 xx;
2952 5799 3106 5854 Leuit.
3140 5816 3262 5863 xix;
3288 5798 3446 5854 Deut.
3469 5799 3561 5869 v)?
3585 5819 3605 5851 ι
3639 5818 3659 5850 ι
3691 5798 3765 5852 Ex

2195 5900 2340 5955 tunc,
2383 5911 2402 5945 ι
2455 5891 2509 5947 id
2544 5899 2627 5947 est
2663 5907 2729 5947 ex
2774 5907 2881 5962 quo
2927 5892 3124 5948 adduxi
3171 5890 3426 5963 populum
3475 5905 3660 5947 meum
3699 5905 3767 5948 ex
