4016 6506
277 422 382 480 9‘9

1333 425 1683 482 COMMENT.
1722 423 1792 483 ΙΝ
1829 424 2085 485 lSAlAM.
2118 459 2188 469 -—
2224 428 2350 484 LlB.
2393 427 2456 484 ll.

3433 441 3538 498 950

276 534 509 605 )Egypto
552 552 570 585 ι
629 534 848 605 praedixi
895 536 1035 591 illud
1091 557 1109 589 ι
1155 538 1299 611 quod
1330 539 1537 595 idolum
1582 541 1714 596 nihil
1760 542 1847 595 sit.
1877 543 2096 604 Anus:
2130 563 2148 594 ι
2187 545 2415 600 Videant
2461 521 2645 617 opera.
2682 555 2863 603 vestra
2913 547 3078 615 bona,
3138 558 3192 606 et
3243 552 3545 623 gloriﬁcent

282 645 301 677 ι
330 626 579 696 Nunquid
609 642 717 681 non
746 645 845 699 ego
864 628 1147 694 Dominus,
1184 639 1237 687 et
1262 649 1367 688 non
1396 642 1479 688 est
1523 633 1663 688 ultra
1711 633 1855 690 Deus

279 717 483 788 absque
528 719 652 774 me?
690 718 832 775 Deus
871 720 1051 790 iustus
1097 730 1151 778 et
1191 722 1407 779 salvans
1456 739 1563 780 non
1611 732 1691 780 est
1719 741 1856 795 prae-

281 821 364 867 ter
385 825 487 866 me.
521 830 539 863 ι
566 811 626 867 In
658 811 822 868 Patre
856 825 940 871 est
970 815 1157 884 Filius,
1210 826 1265 873 et
1320 818 1373 872 in
1415 816 1553 873 Filio
1603 817 1858 874 subaudis

277 902 463 958 Pater.

359 1015 375 1047 ι
404 990 790 1055 Convertimini
817 998 885 1053 ad
911 1014 1018 1066 me,
1052 1006 1106 1055 et
1145 992 1279 1055 salvi
1302 990 1475 1068 eritis,
1506 1017 1697 1058 omnes
1720 1001 1855 1056 ﬁnes

281 1094 457 1141 terrrc.
490 1108 508 1139 ι
535 1087 922 1144 Convertimini
960 1088 1026 1144 ad
1056 1089 1213 1146 ﬁdem
1232 1106 1405 1145 meam
1433 1093 1500 1146 ab
1526 1090 1854 1159 idololatria,

277 1191 464 1233 omnes
484 1187 688 1249 gentes,
716 1186 771 1235 et
793 1180 1011 1236 salvaho
1043 1196 1138 1237 vos
1190 1181 1257 1237 ab
1296 1182 1515 1237 interitu
1572 1183 1853 1256 gehennae.

274 1271 474 1342 lmpleo
505 1273 652 1340 illud,
702 1274 843 1346 quod
890 1272 1051 1329 Pater
1087 1274 1227 1329 Filio
1270 1276 1576 1345 repromisit
1611 1277 1796 1333 dicens
1839 1297 1852 1333 :

281 1380 300 1413 ι
338 1358 552 1419 Postula
583 1380 612 1418 a
644 1382 747 1428 me,
806 1373 861 1420 et
904 1364 1042 1419 dabo
1088 1365 1214 1452 tibi.
1242 1374 1429 1436 gentes
1482 1364 1855 1423 hzereditatem

276 1463 445 1521 tuam,
481 1466 537 1512 et
583 1458 979 1528 possessionem
1008 1469 1154 1513 tuam
1192 1459 1451 1513 terminos
1495 1465 1651 1514 terra:
1679 1456 1850 1532 (Psal.

276 1545 361 1617 ιι).
395 1566 414 1599 ›
450 1546 672 1602 Addidit
699 1548 763 1603 de
802 1548 1093 1620 semetipso
1128 1569 1140 1604 :

351 1655 370 1686 ‹
420 1635 603 1691 Juravi
638 1657 655 1690 ι
691 1654 789 1709 ego
837 1639 980 1694 Deus
1026 1634 1209 1707 Pater,
1260 1641 1515 1697 subaudis
1555 1642 1697 1711 quod
1732 1658 1854 1698 sen-

276 1727 446 1781 tentia
468 1730 580 1784 oris
610 1730 713 1784 mei
743 1738 798 1784 et
825 1731 1045 1785 verbum
1073 1731 1215 1802 quod
1246 1734 1407 1789 semel
1430 1734 1631 1805 protuli
1665 1734 1729 1790 de
1769 1750 1856 1790 sa—

275 1817 386 1875 lute
428 1822 686 1889 gentium,
724 1838 1063 1894 nequaquam
1106 1824 1317 1880 irritum
1371 1827 1463 1882 fiet
1504 1845 1518 1880 :
1554 1827 1647 1883 sed
1691 1843 1854 1898 Opere

1958 630 2174 687 Patrem
2227 644 2499 703 vestrum,
2551 639 2643 711 qui
2692 646 2774 694 est
2830 641 2886 694 in
2941 640 3094 698 caelis
3130 641 3363 715 (Matth.
3396 646 3481 719 v).
3517 665 3537 700 ι

1959 721 2334 781 EtPsalmista
2366 745 2379 781 :
2410 726 2710 784 Laetabitur
2733 728 2911 801 iustus
2950 726 3005 786 in
3049 731 3277 790 Domino
3316 744 3372 791 et
3421 751 3545 808 spe-

1959 818 2101 873 rabit
2160 818 2214 874 in
2267 836 2355 889 eo,
2410 829 2464 877 et
2510 822 2873 880 laudabuntur
2932 828 3121 883 omnes
3183 829 3317 884 recti
3381 829 3547 887 cordo

1960 896 2135 982 (Psal.
2166 912 2344 986 Lxut).

2520 1048 2749 1107 CAPUT
2800 1051 2981 1108 XLVI.

1928 1228 1946 1241 ,
2039 1198 2056 1230 ‹
2092 1177 2369 1236 Conliatus
2408 1174 2763 1259 [con‘l'raétus]
2790 1195 2873 1242 est
2905 1186 3019 1254 Bel,
3051 1208 3069 1240 ι
3105 1189 3158 1245 id
3185 1194 3267 1246 est
3303 1190 3357 1246 in
3380 1202 3548 1262 pecu-

1959 1268 2064 1323 niae
2088 1270 2320 1339 pretium
2354 1271 2608 1328 redactus
2640 1276 2743 1329 est.
2773 1292 2793 1325 ι
2830 1275 3107 1333 Contritus
3133 1285 3215 1334 est
3252 1278 3483 1337 Naboth.
3520 1301 3543 1336 ι

1959 1361 2087 1417 Post
2122 1363 2457 1418 vocationem
2507 1368 2770 1436 gentium,
2801 1370 2985 1424 statim
3036 1370 3375 1444 subiungitur
3415 1374 3546 1430 sub-

1960 1455 2142 1508 versio
2170 1455 2454 1510 idolorum.
2497 1453 2590 1513 Bel
2626 1460 2740 1515 Sive
2772 1461 3040 1518 Saturnus
3082 1462 3282 1520 idolum
3318 1465 3417 1521 fuit
3442 1467 3547 1521 Βέ-

1959 1540 2301 1614 byloniorum
2337 1546 2593 1615 primum.
2640 1548 2942 1621 Posteaque
2972 1554 3039 1608 ab
3066 1552 3173 1610 illis
3202 1566 3549 1627 sumpserunt

1960 1640 2015 1687 et
2062 1634 2179 1689 alia:
2218 1646 2425 1706 gentes.
2472 1636 2656 1695 Dictits
2694 1650 2776 1696 est
2816 1651 2994 1699 autem
3020 1643 3133 1709 Bel,
3169 1660 3199 1700 a
3228 1645 3355 1702 Belo
3390 1657 3547 1718 patre

1958 1726 2088 1780 Vini.
2144 1726 2409 1798 Tantique
2457 1731 2678 1787 honoris
2723 1740 2777 1788 et
2825 1734 3100 1805 religionis
3140 1730 3405 1808 fuitapdd
3449 1754 3544 1793 ve-

1958 1823 2123 1880 teres,
2151 1826 2212 1873 ut
2238 1820 2284 1874 ei
2313 1834 2419 1876 non
2448 1818 2621 1876 solum
2660 1820 2925 1880 h‘umanas
2970 1828 3178 1884 hostias
3208 1830 3544 1899 captivorum

277 1910 608 1979 implebitur.
638 1913 753 1969 Non
789 1912 1045 1971 debemus
1098 1925 1289 1987 putare
1329 1918 1471 1988 quod
1514 1920 1854 1990 omnipotens
1880 1899 1930 1961 B
1958 1906 2409 1979 ignobiliumqite,
2439 1910 2533 1966 sed
2570 1912 2798 1981 insuper
2826 1930 2952 1969 suos
3000 1915 3140 1972 ﬁlios
3181 1917 3543 1973 immolarent.

278 1998 419 2056 Deus
440 2003 585 2073 iuret
608 2020 705 2075 per
729 2005 1322 2078 aliquodiuramentum
1369 2028 1383 2066 :
1423 2010 1516 2066 sed
1549 2010 1737 2080 iurare
1775 2014 1855 2089 di;

278 2092 441 2158 citur,
488 2097 612 2164 quia
644 2112 822 2153 sermo
854 2096 996 2155 illius
1031 2100 1370 2157 ﬁrmissimus
1413 2112 1467 2159 et
1505 2104 1853 2162 immutabilis

275 2192 378 2237 est.
428 2203 446 2234 ι
488 2185 809 2254 Egredietur
855 2190 919 2246 de
970 2208 1066 2246 ore
1116 2209 1237 2248 meo
1275 2190 1504 2263 iustitiae
1544 2198 1790 2264 verbum,
1826 2218 1846 2251 ι

275 2271 381 2328 hoc
410 2286 495 2329 est
523 2275 692 2334 Filius
738 2296 889 2337 meus
925 2282 1319 2351 incarnabitur,
1368 2287 1461 2358 qui
1505 2298 1587 2343 est
1618 2288 1852 2345 Verbum

276 2381 475 2433 meum,
501 2367 584 2422 vel
609 2369 771 2424 etiam
798 2376 1064 2429 sententia
1103 2374 1507 2444 iustiﬁcationis
1551 2394 1648 2448 per
1689 2395 1852 2450 quam

268 2457 626 2528 iustiﬁcandae
673 2473 798 2517 sunt
847 2474 1054 2534 gentes,
1090 2486 1107 2516 ι
1166 2476 1220 2522 et
1269 2485 1377 2523 non
1428 2478 1728 2525 revertetur
1786 2464 1855 2524 ad

271 2566 359 2606 me
398 2572 416 2604 ι
446 2551 613 2608 Filius
661 2570 813 2610 meus
838 2571 959 2609 cum
986 2566 1259 2629 assumpta
1282 2575 1464 2626 carne,
1497 2560 1668 2615 donec
1708 2560 1852 2614 redi-

274 2655 388 2701 mat
407 2662 574 2717 genus
602 2648 915 2704 humanum.
945 2649 1038 2705 Vel
1062 2666 1240 2707 sermo
1270 2661 1325 2708 et
1359 2653 1623 2708 sententia
1657 2648 1852 2724 praedi-

274 2738 501 2793 cationis
523 2756 628 2794 non
654 2751 956 2797 revertetur
980 2745 1047 2798 ad
1076 2760 1161 2800 me
1185 2746 1300 2801 sine
1324 2746 1518 2802 fructu.
1555 2744 1769 2813 Quare?

408 2830 543 2898 Quia
585 2833 717 2887 mihi
758 2836 1058 2891 curvabunt
1093 2854 1233 2909 genu
1284 2840 1486 2905 omnia,
1520 2858 1539 2892 ι
1592 2838 1850 2895 subaudis

276 2938 477 2994 genera
525 2925 828 2991 hominum,
881 2944 1000 2998 quae
1046 2940 1202 2985 antea
1252 2929 1674 2986 incurvabautur
1723 2938 1850 2985 ante

274 3009 418 3065 idola
451 3031 463 3067 :
500 3023 688 3069 etnon
722 3015 892 3070 solum
922 3032 1096 3088 genua
1124 3021 1366 3090 corporis
1389 3061 1405 3089 ,
1460 3019 1556 3076 sed
1603 3019 1852 3076 voluntas

274 3107 493 3161 mentis.

344 3195 419 3250 De
445 3196 545 3253 hoc
569 3194 697 3255 dicit
721 3199 992 3268 apostolus
1023 3218 1034 3253 :
1076 3219 1094 3250 ί
1130 3196 1432 3256 Ιηίιοιιιίιιε
1452 3198 1669 3255 Domini
1689 3208 1851 3255 omne

1958 1997 2171 2055 Naboth
2199 2008 2254 2055 et
2279 2002 2450 2070 ipsum
2480 1996 2682 2059 idolum
2709 2013 2791 2060 est
2809 2047 2823 2072 ,
2848 2007 2941 2061 sed
2975 2020 3081 2063 non
3110 2017 3193 2064 est
3214 2010 3269 2064 in
3300 2010 3404 2065 isto
3426 2006 3545 2067 loco

1956 2094 2192 2163 positum
2216 2110 2316 2165 pro
2342 2094 2505 2164 idolo,
2541 2097 2632 2153 sed
2657 2106 2754 2167 pro
2783 2099 3227 2170 interpretatione
3258 2104 3338 2158 sui
3369 2103 3545 2159 nomi-

1958 2185 2089 2262 nis.‘
2134 2185 2524 2256 interpretatur
2581 2189 2726 2243 enim
2788 2193 3059 2260 prophetia
3113 2194 3217 2247 sive
3270 2194 3544 2251 divinatio.

1958 2276 2027 2332 Et
2069 2279 2364 2333 n0tandum
2395 2280 2521 2349 quia
2552 2292 2673 2335 cum
2714 2270 2850 2338 dixit
2877 2282 3140 2341 conﬂatus
3164 2294 3250 2341 est
3272 2284 3396 2351 Bel,
3426 2302 3548 2358 pro-

1959 2367 2105 2423 tinus
2121 2366 2414 2437 subiunxit,
2431 2372 2699 2428 contritus
2719 2382 2804 2429 est
2827 2372 3038 2429 Naboth
3064 2392 3077 2429 :
3105 2390 3135 2431 a
3166 2378 3345 2446 specie
3364 2387 3547 2435 trans-

1959 2456 2061 2511 ivit
2100 2458 2168 2511 ad
2209 2472 2413 2529 genus,
2461 2452 2773 2529 signiﬁcans
2827 2464 2951 2533 quia
3001 2473 3124 2534 post
3175 2467 3544 2522 ascensionem

1958 2542 2172 2600 Domini
2226 2546 2698 2621 apostolorumque
2742 2554 3203 2622 praedicationem,
3245 2571 3381 2627 pene
3425 2558 3547 2613 uni-
3647 2565 3659 2577 '

1958 2650 2115 2691 versa
2154 2636 2292 2692 idola
2326 2639 2555 2696 conﬂata
2602 2652 2732 2699 sunt
2761 2652 2815 2699 et
2843 2646 3060 2701 redacta
3092 2646 3159 2702 ad
3200 2646 3428 2703 nihilum
3450 2689 3464 2715 ,
3490 2658 3547 2704 et

1958 2726 2137 2783 cultus
2158 2742 2223 2785 ac
2241 2730 2429 2803 religio
2454 2746 2642 2787 eorum
2681 2734 2902 2806 insuper
2925 2739 3102 2793 omnis
3128 2739 3409 2809 prophetia
3438 2739 3546 2795 daa-

1956 2829 2178 2877 monum
2230 2828 2284 2879 et
2333 2822 2593 2882 divinatio
2634 2836 2921 2898 magorum
2968 2830 3246 2886 hominum
3291 2833 3542 2888 cessavit.

1964 2930 1986 2967 t
2017 2912 2181 2971 Facta
2204 2927 2333 2972 sunt
2370 2918 2656 2977 simulacra
2702 2934 2891 2976 eerum
2910 2963 2924 2989 ,
2951 2943 2969 2975 ι
2999 2924 3257 2981 subaudis
3282 2923 3539 2992 deorum,

1963 3022 1985 3056 ε
2017 3006 2207 3060 bestiis
2231 3017 2285 3063 et
2310 3007 2588 3076 iumentis,
2626 3026 2651 3063 ι
2678 3011 2731 3066 id
2760 3021 2845 3068 est
2872 3021 2931 3068 ut
2974 3015 3329 3070 adorarentur
3356 3017 3424 3071 ab
3450 3016 3545 3072 ho-

1958 3096 2213 3161 minibus,
2246 3114 2396 3154 more
2421 3100 2716 3157 bestiarum
2742 3112 2799 3158 et
2816 3103 3185 3172 iumentorum
3215 3107 3541 3165 viventibus.

1964 3202 1989 3238 (
2032 3187 2203 3244 Homo
2225 3193 2368 3245 enim
2400 3191 2580 3264 (sient
2606 3192 2737 3250 dicit
2762 3188 3071 3270 Psalmista)
3100 3215 3222 3256 cum
3248 3202 3302 3256 in
3342 3201 3547 3258 hOnOro

273 3303 411 3361 genu
451 3288 698 3345 ﬂectatur
747 3260 965 3364 (Philip.
1017 3293 1100 3364 ιι),
1133 3313 1151 3345 ι
1187 3302 1291 3347 etc.
1329 3312 1347 3345 ι
1382 3290 1450 3347 Et
1470 3291 1675 3365 iurabit
1709 3308 1727 3343 ι
1769 3292 1853 3345 in-

1962 3286 2236 3334 essetnon
2265 3260 2569 3349 intellexit,
2608 3296 2951 3354 comparatus
2992 3260 3076 3345 est
3125 3290 3385 3359 iumentis
3421 3292 3549 3350 insi-

274 3381 411 3450 quit,
446 3399 465 3432 ι
493 3383 669 3438 omnis
697 3381 898 3453 lingua,
930 3403 948 3434 ι
981 3384 1239 3439 subaudis
1276 3380 1430 3439 mihi.
1477 3385 1536 3439 ln
1580 3384 1683 3439 hoc
1732 3382 1853 3439 loco

273 3473 509 3526 maxime
538 3471 669 3528 ﬁdes
692 3474 928 3545 gentium
958 3473 1279 3529 ostenditur.
1305 3472 1421 3530 Non
1447 3473 1645 3530 idcirco
1674 3486 1853 3528 sermo

275 3562 488 3622 divinus
517 3566 621 3623 ista
650 3567 909 3638 loquitur,
960 3569 1104 3639 quod
1141 3570 1331 3641 iurare
1377 3586 1476 3626 nos
1521 3564 1845 3640 prmcipiat:

274 3659 370 3714 sed
394 3658 571 3715 omnis
611 3675 790 3715 sermo
815 3659 1240 3716 Christianorum
1268 3650 1457 3715 ﬁrmus
1501 3658 1657 3714 debet
1707 3671 1848 3724 esse,

276 3751 429 3825 quasi
487 3751 589 3807 sub
644 3752 951 3821 iuramento
1006 3772 1018 3807 :
1075 3762 1134 3809 ut
1182 3754 1274 3826 qui
1315 3752 1451 3807 ﬁlios
1499 3749 1744 3806 veritatis
1793 3761 1852 3803 se

278 3842 603 3897 conﬁtentur
645 3858 765 3900 esse
786 3884 801 3911 ,
828 3844 1115 3901 veritatem
1144 3859 1211 3900 ex
1244 3841 1406 3901 corde
1439 3850 1494 3898 et
1531 3856 1625 3897 ore
1668 3838 1853 3914 profe-

278 3939 420 3985 rant.

355 4045 373 4077 ι
411 4020 552 4097 Ergo
580 4024 636 4080 in
662 4020 934 4082 Domino:
969 4027 1106 4082 dixit
1148 4047 1167 4078 ι
1215 4024 1439 4101 pepulus
1490 4022 1852 4091 Christianus,

286 4134 305 4167 ι
339 4114 470 4171 Mea:
494 4114 862 4185 suntiustitize
900 4136 918 4168 ι
944 4104 1084 4188 legis
1118 4125 1173 4172 et
1218 4112 1530 4188 Evangelii:
1562 4132 1626 4172 ac
1649 4115 1855 4187 baptis-

279 4222 399 4261 mus
437 4215 493 4261 et
519 4207 692 4278 gratia
742 4204 913 4262 sancti
965 4207 1220 4280 Spiritus,
1249 4225 1356 4263 non
1398 4209 1595 4281 populo
1645 4206 1858 4263 Judazo—

279 4313 428 4365 rum,
467 4315 487 4349 ι
540 4306 595 4352 et
644 4298 958 4369 imperium,
990 4320 1008 4352 ›
1046 4298 1303 4356 subaudis
1351 4315 1450 4372 ego
1491 4298 1711 4356 obtineo
1759 4311 1857 4369 per

280 4395 592 4453 universum
638 4395 854 4463 orbem;
903 4404 921 4446 t
963 4388 1031 4451 ad
1071 4412 1195 4453 eum
1229 4416 1248 4449 ι
1284 4394 1338 4451 id
1375 4405 1457 4452 est
1486 4398 1553 4452 ad
1580 4393 1857 4451 Christum

285 4508 302 4541 ι
348 4490 565 4547 venient
595 4505 784 4547 omnes
813 4510 832 4542 ι
867 4499 1075 4559 gentes,
1111 4498 1256 4546 recte
1303 4489 1571 4545 credendo
1617 4496 1673 4545 et
1720 4486 1858 4544 bene

1959 3368 2235 3438 pientibus
2264 3369 2445 3439 (Prol.
2475 3386 2642 3428 varn
2668 3385 2717 3428 et
2745 3380 2978 3449 cxxxnv)
3005 3419 3020 3445 ,
3058 3392 3079 3432 ι
3116 3384 3172 3435 et
3203 3381 3427 3452 reliqua.
3478 3383 3549 3440 Et

1963 3468 1988 3509 ι
2023 3458 2225 3515 similes
2258 3460 2363 3517 illis
2378 3460 2515 3518 ﬁant
2539 3465 2629 3535 qui
2652 3463 2961 3523 faciuntea.
2990 3468 3171 3527 Onera
3193 3476 3376 3528 veStra
3394 3475 3547 3546 gravi

1959 3552 2200 3621 pondere
2257 3570 2427 3626 usque
2480 3558 2549 3611 ad
2605 3557 2972 3616 lassitudinem
3036 3563 3451 3620 eminuerunt.
3516 3584 3541 3618 τ

1961 3641 2143 3698 Onera
2171 3654 2373 3713 vestra,
2401 3645 2454 3701 id
2496 3654 2583 3704 ρει
2616 3650 2904 3707 simulacra
2928 3661 3105 3708 vestra
3136 3656 3288 3724 gravi
3310 3657 3548 3726 pondere

1963 3732 2114 3803 Sunt,
2144 3736 2251 3793 hoc
2284 3747 2369 3795 est
2406 3750 2601 3812 magna
2631 3745 2870 3814 pendera
2900 3746 3240 3804 metallorum
3273 3749 3328 3805 in
3359 3762 3418 3807 se
3458 3751 3549 3806 ha-

1960 3824 2113 3882 bent.
2137 3825 2236 3883 Vel
2268 3830 2437 3885 etiam
2478 3831 2585 3888 alio
2611 3833 2811 3891 modo:
2845 3835 3143 3893 Simulacra
3189 3846 3367 3894 vestra
3414 3840 3544 3897 nihil

1964 3925 2096 3976 Sunt
2140 3921 2292 3981 aliud
2336 3926 2447 3982 nisi
2478 3938 2652 3985 enera
2676 3924 3025 3988 sacerdotum
3065 3941 3123 3989 et
3152 3932 3488 4005 portantium
3531 3952 3545 3988 :

1961 4008 2323 4084 deprimentia
2364 4030 2538 4091 usque
2576 4016 2648 4077 ad
2697 4022 3091 4082 lassitudinem.
3140 4022 3551 4081 Contabuerunt

1963 4100 2084 4179 ipsa
2134 4106 2541 4181 simulacra,id
2570 4123 2655 4171 est
2680 4108 3025 4183 defecerunt,
3076 4110 3376 4173 a‘nnihil‘ata
3426 4127 3551 4172 sunt

1963 4203 2092 4271 post
2147 4205 2537 4262 ascensionem.
2584 4208 2662 4264 Ita
2688 4200 2932 4281 loquitur
2958 4202 3233 4283 Pmpheta
3268 4211 3333 4267 de
3364 4208 3550 4267 futuro

1966 4290 2124 4362 quasi
2152 4294 2218 4350 de
2244 4292 2540 4366 praeterito.
2577 4320 2595 4353 ι
2631 4300 2746 4357 Non
2772 4310 3065 4372 potuerunt
3080 4302 3176 4359 illa
3208 4320 3226 4358 ι
3262 4303 3549 4361 simuiacra

1969 4386 1992 4432 ι
2014 4382 2223 4441 salvare
2243 4390 2545 4457 portantem
2580 4404 2599 4442 ι
2634 4401 2694 4447 se
2723 4390 2793 4448 de
2822 4384 3187 4461 tribulatione,
3226 4414 3245 4448 ι
3281 4406 3338 4453 et
3364 4397 3547 4454 anima

1962 4478 2178 4557 eorum,
2218 4497 2237 4530 ι
2274 4477 2327 4532 id
2369 4489 2452 4535 est
2486 4474 2866 4538 fabricantium
2888 4526 2902 4550 ,
2945 4488 3278 4557 portantium
3300 4528 3315 4553 ,
3370 4486 3549 4543 colen-

279 4583 530 4649 vivendo,
558 4603 576 4635 ι
613 4591 669 4639 et
696 4554 1090 4638 confundentur
1126 4602 1145 4634 ι
1180 4578 1233 4635 in
1258 4596 1355 4636 suo
1385 4596 1573 4637 errore
1602 4602 1619 4632 ι
1661 4595 1853 4637 omnes
1881 4609 1936 4671 Β
1964 4554 2102 4665 ilum
2130 4578 2154 4621 ¹
2184 4569 2243 4623 in
2291 4566 2658 4671 ξῖθΡῑίνίῑῧῑθξὶι
2694 4577 3066 4671 {daemonum
3119 4596 3138 4630 ι
3189 4574 3321 4671 ίίιῖῑ.Δ
3365 4596 3385 4630 ι
3430 4574 3547 4671 Non

277 4675 367 4745 qui
399 4682 695 4745 repugnant
724 4674 775 4729 ei
810 4693 829 4725 ι
862 4664 1175 4743 réspuentes
1214 4688 1497 4728 sermones
1540 4671 1676 4742 eius.
1713 4670 1855 4728 Con-

277 4768 570 4827 fundentur
613 4765 848 4837 quidem,
876 4765 931 4821 id
958 4774 1041 4822 est
1072 4765 1394 4820 eruhescent
1424 4762 1490 4820 de
1530 4764 1641 4819 suis
1674 4763 1851 4832 malis,

278 4868 337 4915 ut
387 4873 495 4914 non
550 4865 797 4928 pereant,
826 4857 918 4913 sed
967 4865 1027 4911 ut
1074 4857 1445 4927 pmnitentiam
1504 4864 1685 4929 agant,
1715 4856 1856 4912 sicut

278 4949 408 5005 dicit
454 4947 787 5021 Apostolus:
826 4966 845 5000 ι
898 4940 1067 5019 Quem
1117 4964 1248 5021 ergo
1301 4944 1537 5004 fructum
1587 4948 1858 5005 habuistis

280 5047 407 5094 tunc
464 5040 518 5094 in
550 5038 743 5111 quibus
787 5056 928 5096 nunc
981 5038 1301 5096 erubescitis
1330 5038 1503 5112 (Rom.
1530 5039 1650 5115 vn)?
1693 5034 1853 5105 [Ne]

279 5137 424 5187 certe
460 5126 534 5185 illi
566 5129 657 5199 qui
686 5129 741 5183 in
781 5144 879 5185 suo
917 5138 1102 5184 errore
1145 5130 1561 5202 permanserint,
1619 5130 1851 5187 confun-

280 5206 473 5274 dentur
493 5218 548 5274 in
573 5218 657 5273 die
671 5214 876 5288 iudicii,
902 5218 1181 5276 audientes
1211 5236 1240 5275 a
1264 5216 1492 5277 Domino
1519 5239 1532 5275 :
1566 5241 1585 5272 ι
1608 5221 1707 5290 lte,
1733 5239 1851 5277 ma-

278 5308 479 5376 ledicti,
507 5311 558 5365 in
590 5311 763 5379 ignem
791 5321 1050 5370 aeternum
1078 5313 1293 5385 (Matth.
1325 5317 1473 5388 xxv).
1510 5336 1528 5370 ι

357 5422 375 5455 ι
412 5400 468 5455 ln
515 5399 744 5455 Domino
765 5400 1147 5469 iustiﬁcabitur
1182 5425 1201 5459 ι
1237 5407 1289 5461 in
1338 5406 1592 5477 praesenti
1622 5422 1718 5479 per
1754 5408 1854 5464 ha-

281 5494 559 5568 ptismum,
588 5502 641 5550 et
668 5509 764 5567 per
789 5495 1184 5566 paenitentiam,
1222 5517 1239 5548 ι
1269 5506 1324 5553 et
1348 5497 1653 5554 laudabitur
1691 5516 1855 5558 omne

284 5601 466 5641 semen
512 5584 694 5650 lsrael,
726 5605 746 5637 ι
780 5586 883 5642 hoc
920 5595 1003 5641 est
1025 5589 1199 5643 omnis
1227 5589 1421 5644 chorus
1463 5580 1851 5661 apostolorum,

284 5678 366 5735 vel
388 5679 479 5750 qui
514 5679 580 5733 de
626 5693 812 5734 eorum
861 5679 1028 5750 stirpe
1063 5678 1474 5749 pullulaverunt,
1511 5692 1565 5737 et
1608 5684 1854 5739 credide-

286 5780 411 5826 runt
455 5771 511 5825 in
540 5768 754 5827 Christo
782 5769 1039 5826 habentes
1068 5770 1334 5842 justitiam
1375 5781 1429 5827 et
1452 5773 1680 5843 gloriam
1710 5791 1854 5830 sem-

280 5864 573 5945 piternam.
607 5862 683 5922 De
719 5863 822 5921 hac
866 5862 1171 5922 laudatione
1199 5872 1254 5923 et
1281 5864 1453 5935 gloria
1491 5864 1621 5924 dicit
1669 5867 1876 5944 Domi-A

1868 5996 1952 6050 ﬁ

1962 4662 2052 4717 est
2103 4664 2442 4732 putandum,
2482 4666 2627 4736 quod
2669 4662 2957 4725 simulacra
3001 4672 3148 4726 muta
3203 4674 3257 4725 et
3309 4668 3545 4725 insensi-

1960 4752 2093 4810 biiia
2127 4755 2363 4812 animam
2394 4757 2666 4828 habeant;
2720 4759 2817 4818 sed
2842 4762 2909 4818 de
2943 4763 3123 4820 anima
3151 4762 3445 4821 colentium
3475 4749 3553 4819 di?

1962 4861 2115 4908 ctum
2140 4862 2375 4910 constat.
2760 4861 2764 4865 “

2046 4966 2064 4999 ι
2100 4946 2297 5002 Audite
2318 4962 2430 5014 me,
2453 4944 2644 5003 domus
2662 4942 2849 5016 Iacob,
2878 4956 2933 5007 et
2957 4962 3117 5006 omne
3142 4946 3417 5007 residuum
3450 4949 3549 5006 do-

1962 5042 2095 5095 Ynus
2114 5037 2306 5096 lsrael.
2340 5059 2359 5091 ι
2408 5037 2527 5096 Νοιι
2573 5040 2709 5097 dixit
2747 5060 2760 5095 :
2795 5042 2977 5099 audite
3021 5058 3127 5109 me,
3158 5040 3300 5097 servi
3336 5041 3471 5109 mei,
3497 5050 3553 5098 et

1963 5130 2133 5188 ‘electi
2164 5130 2291 5197 mei,
2326 5145 2447 5186 cum
2490 5130 2788 5201 adiectione
2822 5134 3067 5197 honoris,
3095 5132 3189 5187 sed
3212 5130 3412 5186 Audite
3437 5145 3546 5198 me,

1969 5224 2167 5281 domus
2207 5222 2483 5290 Jacobyid
2512 5233 2596 5281 est
2628 5226 2745 5281 dua:
2798 5226 2970 5282 tribus
2998 5222 3154 5289 Iuda,
3178 5220 3459 5293 Beniamin
3485 5237 3550 5277 ac

1973 5316 2104 5372 Levi
2134 5316 2429 5372 carnaliter
2464 5318 2728 5383 viventes,
2762 5325 2817 5371 et
2841 5316 2995 5386 longe
3021 5330 3052 5369 a
3080 5326 3169 5370 me
3190 5313 3544 5369 recedentes:

1958 5400 2033 5463 ’et
2070 5421 2227 5463 omne
2259 5408 2531 5463 residuum
2576 5408 2765 5463 domus
2802 5402 2998 5470 lsrael,
3020 5405 3131 5460 hoc
3178 5412 3261 5458 est
3309 5401 3551 5472 reliquia:

1968 5490 2161 5557 decem
2190 5499 2446 5566 tribuum,
2478 5513 2595 5570 quae
2630 5494 2876 5552 similiter
2931 5512 3027 5568 per
3071 5494 3390 5551 idololatriae
3430 5493 3549 5551 cul-

1964 5596 2152 5649 turam
2180 5608 2209 5646 a
2236 5608 2322 5647 me
2348 5590 2674 5647 recessistis.
2694 5589 2917 5657 Quando
2948 5584 3216 5659 Propheta
3240 5587 3343 5644 ista
3369 5586 3551 5658 loque-

1958 5668 2154 5752 batur,
2195 5694 2304 5740 tres
2330 5684 2504 5739 tribus
2527 5682 2703 5737 adhuc
2731 5682 3086 5737 morabantur
3130 5680 3183 5735 in
3218 5676 3421 5743 Judzea,
3457 5677 3550 5733 de—

1972 5793 2096 5835 cem
2142 5793 2270 5834 vero
2310 5774 2424 5844 iam
2472 5775 2642 5830 tich
2687 5783 2843 5830 erant
2891 5773 2947 5828 in
2979 5770 3231 5844 Assyrios
3272 5769 3552 5838 :ideoque

1970 5869 2114 5926 dixit
2161 5866 2433 5927 residuum
2475 5865 2665 5924 domus
2722 5864 2909 5943 lsrael.
2971 5863 3126 5933 Quod
3172 5866 3350 5919 autem
3404 5857 3552 5916 addit
