4016 6482
494 456 589 509 951

958 456 1310 513 HAYMONIS
1348 454 1825 513 llALBERSTAT.
1866 456 2078 512 EPISC.
2119 456 2270 513 OPP.
2313 456 2514 514 PARS.
2558 457 2599 513 l.
2633 456 3077 515 —COMMENT.
3116 459 3290 515 BIBL.

3666 456 3782 517 99-2

506 586 644 638 tqul
679 570 973 639 portamini
1001 586 1033 624 a
1070 587 1190 627 meo
1234 580 1405 635 utero,
1452 572 1544 642 qui
1566 572 1855 644 gestamini
1886 589 1916 627 a
1954 588 2074 628 mea
2100 543 2232 639 Aet
2280 573 2348 628 ab
2392 573 2548 630 initio
2603 595 2621 626 ι
2673 586 3045 632 creaturarum
3097 597 3115 628 ι
3165 592 3287 648 quae
3335 582 3571 632 necdum
3618 576 3775 636 facta

498 661 673 725 vulva,
713 682 730 713 ι
760 676 867 715 non
904 662 1162 716 debemus
1186 671 1381 731 putare
1409 662 1579 718 Deum
1618 664 2059 733 omnipotentem,

492 748 583 822 qui
609 752 833 823 spiritus
856 762 957 819 est,
986 753 1184 809 habere
1205 754 1417 808 vulvam
1446 762 1539 809 aut
1564 763 1773 809 uterum
1803 773 1814 808 :
1850 754 1941 810 sed
1966 769 2064 822 per

493 841 706 896 vulvam
762 853 818 898 et
866 853 1108 909 uterum,
1154 844 1495 898 clementiam
1540 854 1596 898 et
1638 842 2065 899 misericordiam

492 937 636 993 illius
662 937 918 994 debemus
956 935 1254 1005 intelligere
1282 951 1387 1005 qua
1414 936 1765 1006 protegimur.
1794 936 1862 990 Et
1897 950 2067 1005 quan-

492 1039 608 1085 tum
634 1032 701 1085 ad
725 1031 956 1085 litteram
983 1030 1238 1098 pertinet,
1271 1028 1445 1083 instar
1468 1044 1754 1097 puerorum
1778 1043 1842 1082 ac
1868 1028 2068 1082 lacten-

494 1121 652 1187 tium,
680 1121 770 1175 ille
799 1120 1029 1190 populus
1058 1120 1133 1174 ita
1167 1122 1300 1174 adeo
1332 1120 1485 1189 quasi
1514 1119 1700 1173 matris
1729 1120 1782 1174 in
1820 1128 1974 1173 utero
2012 1126 2067 1173 et

490 1211 647 1266 vulva
676 1211 1005 1281 pmguantis
1020 1225 1087 1265 ex
1115 1209 1347 1280 JEgypto
1376 1219 1620 1279 portatus
1655 1219 1740 1264 est
1780 1210 1834 1264 in
1865 1218 2066 1265 terram

492 1306 967 1375 repromissionis:
998 1313 1258 1375 quantum
1294 1320 1421 1360 vero
1451 1306 1519 1360 ad
1557 1305 1803 1359 altiorem
1852 1305 2064 1359 intelle-

490 1406 638 1455 ctum
661 1398 876 1461 attinet,
900 1404 1148 1467 portatus
1169 1404 1253 1450 est
1272 1412 1303 1449 a
1336 1395 1429 1450 Dei
1453 1387 1826 1451 misericordia
1856 1412 1952 1466 per
1974 1396 2066 1450 de-

490 1503 724 1559 sertum,
753 1493 880 1563 quia
909 1492 1164 1547 sustinuit
1203 1506 1325 1546 eum
1354 1499 1663 1560 peccantem
1709 1490 1899 1544 nolens
1950 1498 2066 1544 sta-

492 1586 587 1640 tim
614 1592 816 1639 tantam
839 1582 1234 1638 multitudinem
1265 1580 1459 1637 dclere.
1500 1579 1759 1635 Similiter
1780 1589 2067 1649 postquam

388 1661 405 1669 ’
490 1674 790 1729 introduxit
842 1687 965 1727 eum
1014 1672 1068 1725 in
1118 1679 1314 1725 terram
1359 1670 1608 1726 omnibus
1648 1669 1923 1725 meliorem
1949 1708 1964 1734 ,
2013 1679 2085 1731 ει,

492 1766 583 1821 ille
602 1766 671 1821 ab
696 1778 761 1820 eo
789 1779 930 1834 saepe
977 1763 1289 1818 recessisset
1319 1761 1543 1817 irritans
1581 1776 1707 1816 eum
1745 1761 1812 1819 ad
1852 1756 2067 1817 iracun-

490 1858 636 1913 diam
663 1856 937 1930 adorando
967 1855 1126 1917 idola,
1155 1856 1245 1909 diu
1288 1854 1542 1909 sustinuit
1580 1862 1636 1910 et
1679 1854 1918 1923 portavit
1964 1854 2068 1909 ini-

2171 671 2320 728 sunt,
2358 685 2375 716 ι
2405 664 2660 721 subaudis
2700 682 2801 738 ego
2844 669 3178 723 annuntiavi.
3225 669 3355 725 Acsi
3382 669 3596 726 diceret
3645 671 3774 729 aliis

2171 753 2389 808 verbis:
2418 753 2556 809 Sunt
2584 756 2657 811 dii
2711 758 3039 824 manufacti,
3080 759 3177 813 sed
3221 770 3502 831 nequeunt
3548 775 3773 819 annun-

2172 842 2309 898 tiare
2354 842 2556 900 futura.
2595 846 2667 900 At
2691 863 2819 903 vero
2841 863 2942 919 ego
2984 850 3247 905 annuntio
3281 853 3352 907 ab
3409 854 3646 909 exordio
3673 870 3775 912 no-

2169 934 2469 1001 vissimum,
2503 938 2606 993 hoc
2643 946 2728 994 est
2768 940 3055 996 adventum
3106 942 3225 997 Filii
3259 944 3389 1009 mei,
3442 946 3773 1004 electionem

2170 1029 2556 1098 apostolorum,
2579 1034 2917 1090 vocationem
2963 1038 3223 1107 gentium.
3274 1037 3360 1091 Ab
3388 1040 3623 1096 exordio
3671 1057 3770 1096 an-

2169 1121 2439 1176 nuntiavit
2460 1126 2749 1180 adventum
2774 1126 2892 1181 Filii
2922 1127 3042 1192 Dei,
3068 1139 3122 1183 et
3147 1131 3493 1186 vocationem
3523 1135 3770 1202 gentium

2169 1211 2396 1281 loquens
2420 1215 2489 1269 ad
2508 1216 2787 1272 Abraham
2813 1237 2827 1272 :
2859 1237 2877 1270 ι
2910 1219 2970 1273 lu
3007 1221 3215 1277 semine
3243 1230 3357 1290 tuo,
3394 1242 3415 1275 ›
3454 1224 3565 1279 hoc
3598 1233 3687 1279 est
3716 1226 3767 1279 in

2170 1301 2405 1369 Christo,
2442 1324 2460 1355 ‹
2489 1304 2879 1363 benedicentur
2915 1325 3104 1367 omnes
3149 1320 3357 1382 gentes.
3394 1332 3414 1364 ι
3451 1312 3521 1367 Et
3566 1314 3768 1383 perla-

2169 1395 2271 1449 cob
2297 1412 2309 1447 :
2345 1415 2362 1446 ‹
2395 1394 2511 1450 Non
2535 1397 2749 1454 deficiet
2775 1402 3028 1470 princeps
3054 1417 3121 1457 ex
3152 1401 3310 1467 Juda,
3354 1404 3537 1459 donec
3585 1407 3768 1460 veniat

2171 1486 2263 1554 qui
2292 1487 2585 1544 mittendus
2614 1501 2717 1557 est,
2749 1499 2805 1546 et
2835 1492 2950 1563 ipse
2997 1494 3104 1548 erit
3149 1497 3489 1565 exspectatio
3521 1498 3765 1565 gentium

2172 1571 2326 1645 (Gen.
2358 1592 2494 1632 χχιιι
2522 1588 2571 1632 et
2601 1580 2768 1651 χιιι).
2804 1600 2824 1632 ι
2858 1580 3121 1637 Similiter
3149 1599 3250 1653 per
3272 1583 3486 1650 Mosen,
3516 1600 3625 1654 per
3664 1585 3764 1640 Da-

2169 1666 2262 1721 vid
2299 1676 2352 1721 et
2378 1683 2477 1738 per
2497 1678 2722 1727 caeteros
2753 1673 3071 1741 prophetas.
3113 1660 3294 1741 Quare
3336 1691 3472 1747 ergo
3498 1676 3646 1731 dixit
3669 1692 3761 1731 uo-

2170 1758 2487 1814 vissimum?
2520 1780 2538 1813 ι
2574 1761 2710 1829 Quia
2740 1778 2861 1818 cum
2895 1764 3173 1834 plenitudo
3200 1767 3466 1836 temporis
3520 1767 3758 1831 intravit,

2170 1850 2321 1905 misit
2344 1849 2486 1907 Deus
2506 1851 2702 1908 Filium
2721 1870 2876 1909 suum
2901 1854 3100 1910 factum
3119 1872 3189 1911 ex
3206 1856 3440 1911 muliere
3462 1852 3614 1924 (Gal.
3640 1856 3718 1926 ιι).
3736 1876 3755 1908 ι

489 1949 749 2019 quitatem
801 1948 936 2016 ejus,
966 1933 1454 2016 prazstolans'eum
1502 1947 1570 2001 ad
1622 1944 1996 2016 paenitentiam
2044 1938 2139 1998 :B
2165 1940 2231 1996 Et
2273 1939 2508 1997 Joannes
2552 1944 2619 1998 de
2661 1945 2762 2001 hac
2792 1945 2981 2000 ultima
3000 1954 3199 2001 aetate:
3241 1963 3261 1998 ι
3298 1944 3511 2012 Filioli,
3568 1947 3756 2016 inquit,

488 2041 631 2095 sicut
654 2049 711 2095 et
730 2048 854 2110 post
877 2041 1186 2110 passionem
1211 2054 1363 2093 suam
1390 2054 1487 2109 per
1512 2053 1684 2093 annos
1712 2038 2071 2109 quadraginta

486 2136 642 2189 duos.

563 2246 582 2276 ι
617 2225 798 2295 Usque
850 2224 920 2279 ad
964 2229 1237 2278 senectam
1262 2261 1278 2287 ,
1310 2239 1330 2272 ι
1360 2220 1619 2276 subaudis
1660 2228 1931 2286 vestram,
1962 2234 2075 2275 non

488 2329 684 2381 meam,
714 2333 732 2365 ι
755 2328 855 2383 ego
878 2313 1013 2384 ipse,
1035 2332 1053 2363 ι
1073 2310 1331 2368 subaudis
1355 2325 1495 2377 sum,
1511 2311 1601 2381 qui
1624 2311 1732 2366 dixi
1756 2310 1882 2365 olim
1904 2309 2069 2383 Mosi:

493 2429 511 2462 ι
544 2411 655 2482 Ego
703 2426 823 2466 sum
854 2410 946 2479 qui
978 2425 1096 2464 sum
1125 2407 1319 2479 (Exod.
1360 2407 1476 2481 tu);
1508 2427 1528 2458 ι
1561 2407 1646 2462 vel
1682 2408 1847 2463 etiam
1896 2422 2073 2478 usque

382 2533 391 2541 ο
487 2506 555 2559 ad
602 2514 874 2560 senectam
922 2511 1157 2557 vestram
1207 2517 1308 2572 ego
1360 2501 1474 2571 ipse
1521 2512 1796 2572 protegam
1837 2518 1933 2559 vos
1964 2522 1983 2555 ι
2014 2511 2074 2559 et

488 2611 656 2664 usque
688 2596 755 2649 ad
782 2609 946 2648 canos
975 2613 993 2645 ι
1028 2601 1240 2647 vestros
1266 2607 1372 2647 non
1408 2608 1579 2657 meos,
1608 2592 1662 2646 id
1686 2603 1771 2649 est
1800 2609 1970 2663 usque
2002 2595 2072 2652 ad

487 2686 627 2741 diem
646 2684 836 2753 judicii
866 2703 883 2735 ι
930 2698 1030 2754 ego
1058 2682 1306 2753 portabo,
1335 2702 1355 2735 ι
1381 2697 1478 2737 vos
1505 2683 1785 2740 sustinebo
1816 2702 1830 2738 :
1860 2693 1920 2739 ut
1943 2700 2073 2740 cum

485 2780 765 2849 plenitudo
817 2778 1058 2849 gentium
1106 2777 1409 2841 intraverit,
1465 2791 1560 2832 vos
1615 2776 1898 2832 salvemini
1944 2792 2073 2855 cres

488 2869 661 2924 dendo
688 2869 742 2923 in
774 2884 875 2922 me.
917 2888 934 2918 ι
968 2868 1079 2939 Ego
1120 2867 1223 2923 feci
1248 2883 1365 2933 vos,
1394 2876 1451 2922 et
1476 2881 1577 2938 ego
1602 2866 1795 2929 feram,
1825 2887 1845 2919 ›
1880 2868 1936 2923 id
1962 2877 2068 2935 est,

486 2976 582 3035 ego
609 2961 928 3035 exspectabo
961 2975 1055 3020 vos
1085 2960 1151 3017 ad
1180 2960 1551 3035 paenitentiam
1584 2979 1602 3019 ι
1642 2971 1698 3020 et
1716 2960 1941 3021 salvabo
1973 2981 1991 3021 ι
2022 2961 2075 3022 si

488 3056 541 3109 in
568 3071 652 3109 me
673 3054 898 3110 credere
924 3055 1222 3109 volueritis.
1484 3072 1487 3073 '

564 3164 582 3197 ι
637 3144 774 3210 Cui,
805 3164 822 3194 ι
873 3144 1131 3199 subaudis
1177 3144 1277 3199 deo
1324 3141 1661 3210 manufacto,
1701 3161 1722 3196 ι
1757 3143 2070 3200 assimilasti

488 3240 611 3297 me?
648 3259 668 3291 ι
702 3237 856 3293 Nunc
882 3239 1117 3292 maxime
1160 3243 1348 3292 contra
1377 3236 1497 3292 illos
1522 3236 1784 3306 loquitur,
1815 3237 1907 3307 qui
1932 3246 2068 3294 tem-

484 3331 705 3403 poribus
731 3330 912 3386 Achaz
958 3338 1013 3385 et
1036 3329 1283 3385 Ezechiae
1309 3329 1450 3385 idola
1491 3329 1807 3394 coluerunt,
1834 3337 2069 3385 statuen-
2095 3307 2139 3370 (ἶ

487 3435 571 3481 tes
592 3439 658 3481 ea
678 3426 733 3481 iu
753 3424 1007 3480 omnibus
1026 3424 1238 3496 angulis
1258 3422 1585 3494 platearum,
1602 3431 1658 3479 et
1677 3424 1734 3479 in
1763 3423 1955 3489 hortis,
1974 3437 2070 3477 ne-

486 3515 854 3587 moribusque,
885 3522 941 3569 et
968 3529 1127 3583 super
1149 3515 1357 3570 domos.
1835 3561 1839 3565 .

561 3626 581 3658 ι
617 3606 719 3675 Qui
757 3606 1018 3662 confertis
1063 3621 1254 3662 aurum
1281 3606 1349 3661 de
1383 3606 1602 3663 sacculo
1635 3624 1654 3658 ι
1689 3606 1832 3662 sicut
1863 3613 2068 3676 tempo-

486 3698 637 3753 ribus
673 3697 856 3751 Aaron
903 3697 958 3752 in
1004 3696 1253 3762 deserto,
1288 3715 1307 3748 ι
1342 3704 1397 3751 et
1444 3703 1729 3768 argentm
1768 3696 1823 3750 in
1863 3704 2066 3751 statera

486 3788 796 3859 ponderatis
839 3807 860 3841 ι
914 3789 1152 3845 volentes
1198 3790 1338 3845 scire
1385 3800 1646 3861 quantum
1692 3789 2068 3860 unusquisque

486 3879 679 3935 afferat
705 3879 898 3953 (Exod.
945 3880 1118 3952 χχιιι)
1153 3895 1169 3934 :
1208 3897 1228 3932 ι
1256 3881 1641 3947 conducentes,
1674 3900 1695 3933 ι
1730 3880 1785 3935 id
1812 3889 1895 3936 est
1928 3895 2062 3936 con-

487 3982 749 4028 vocautes
770 3990 791 4025 ι
828 3971 1128 4038 aurificem,
1156 3989 1176 4022 ι
1202 3971 1305 4027 hoc
1330 3979 1414 4027 est
1435 3973 1758 4027 statuarium
1779 3990 1797 4023 ‹
1815 3979 1877 4026 ut
1901 3969 2067 4027 faciat

491 4065 644 4120 vobis
675 4064 831 4119 deum
861 4079 875 4115 :
905 4070 960 4116 et
997 4061 1285 4132 procidant
1320 4080 1339 4113 ι
1371 4070 1498 4116 ante
1535 4061 1688 4115 illum
1740 4075 1927 4117 omnes
1968 4061 2063 4130 qui

487 4173 612 4212 eum
642 4155 1019 4226 perspexerint
1050 4171 1071 4203 ‹
1100 4162 1155 4208 et
1193 4154 1420 4207 adorent
1450 4153 1579 4208 illud
1599 4193 1615 4219 ,
1640 4163 1696 4208 et
1716 4134 1959 4223 .portant
1995 4154 2063 4208 il-

485 4247 579 4300 lud
614 4265 632 4297 ι
661 4243 1007 4298 simulacrum
1030 4242 1336 4298 sacerdotes
1370 4243 1437 4297 de
1464 4242 1586 4300 loco
1610 4246 1678 4300 ad
1704 4243 1902 4310 locum,
1933 4245 2061 4316 quia

487 4351 595 4390 non
636 4334 776 4389 valet
797 4334 1034 4405 seipsum
1065 4348 1302 4400 movere,
1332 4353 1351 4386 ι
1389 4341 1443 4390 et
1468 4334 1631 4390 stabit
1677 4337 1732 4390 in
1775 4351 1840 4391 eo
1880 4337 1999 4393 loco
2033 4356 2053 4391 ι

486 4428 577 4483 ubi
608 4427 843 4497 positum
871 4424 1037 4481 fuerit
1065 4443 1085 4477 ι
1117 4440 1181 4480 ac
1203 4426 1269 4480 de
1289 4425 1409 4481 loco
1440 4441 1537 4482 suo
1561 4442 1668 4481 non
1700 4427 2006 4483 movebitur
2033 4447 2054 4482 ι

483 4533 583 4595 sua
625 4517 845 4571 virtute.
890 4534 916 4591 ι
978 4515 1082 4571 Sed
1130 4524 1337 4571 etcum
1377 4516 1733 4572 clamaveriut
1777 4517 1845 4572 ad
1877 4532 2001 4573 eum
2031 4537 2051 4571 ι

485 4608 797 4665 sacerdotes
822 4618 878 4664 et
914 4607 1149 4665 cultores
1193 4606 1331 4676 ejus,
1365 4627 1383 4660 ι
1417 4624 1525 4664 non
1570 4609 1757 4664 audiet
1797 4625 1911 4666 eos.
1948 4610 2059 4667 Me-

2173 2036 2467 2092 novissima
2498 2038 2629 2093 hora
2660 2048 2743 2094 est
2785 2036 2836 2109 (1
2864 2036 3027 2093 Joan.
3059 2040 3145 2110 ιι).
3186 2058 3205 2091 ι
3242 2038 3312 2093 Ει
3346 2040 3612 2110 egregius
3631 2055 3755 2110 pra-

2174 2126 2388 2181 dicator
2417 2144 2430 2179 :
2466 2147 2484 2180 ι
2519 2126 2628 2182 Nos
2660 2142 2867 2193 sumus,
2902 2128 2957 2182 in
2984 2143 3121 2198 quos
3148 2126 3285 2183 ﬁnes
3307 2126 3639 2183 seculorum
3671 2129 3753 2183 de-

2174 2225 2441 2272 venerunt
2473 2217 2525 2291 (ι
2561 2216 2683 2272 Cor.
2713 2218 2790 2291 ι).
2831 2238 2849 2271 ι
2895 2236 2913 2270 ι
2946 2210 3247 2275 Coitsilium
3275 2234 3488 2285 meum,
3520 2239 3542 2271 ι
3567 2220 3751 2275 subau-

2174 2308 2258 2365 dis
2274 2311 2426 2380 quod
2460 2311 2649 2376 statui,
2683 2330 2702 2362 ι
2738 2311 2927 2367 stabit.
2962 2330 2983 2364 ι
3019 2309 3316 2379 Videlicet,
3342 2321 3408 2366 ut
3446 2327 3547 2382 per
3568 2311 3744 2367 Filium

2172 2417 2354 2457 meum
2408 2404 2668 2458 redimam
2719 2419 2890 2473 genus
2939 2404 3235 2458 humanum
3288 2421 3310 2455 ‹
3348 2411 3407 2458 et
3449 2404 3617 2458 omnis
3656 2419 3735 2456 vo-

2172 2494 2350 2551 luntas
2372 2513 2492 2551 mea
2524 2497 2634 2553 ﬁet.
2669 2518 2687 2549 ι
2721 2495 2982 2552 Voluntas
3019 2498 3114 2552 Dei
3141 2496 3321 2567 patris
3359 2495 3471 2551 fuit
3499 2512 3555 2551 ac
3584 2496 3727 2549 totius

2175 2585 2478 2653 Trinitatis,
2507 2598 2565 2642 ut
2598 2588 2772 2643 Filius
2797 2588 2893 2644 Dei
2915 2604 3135 2643 carnem
3160 2596 3494 2652 assumeret,
3519 2596 3572 2642 et
3588 2601 3738 2659 genu

2172 2679 2491 2745 humanum,
2524 2678 2668 2749 quod
2697 2677 2971 2748 captivum
2997 2677 3308 2743 tenebatur,
3343 2691 3448 2732 sua
3474 2689 3640 2732 morte
3658 2691 3740 2730 re-

2173 2772 2431 2828 dimeret.

2249 2885 2268 2918 ι
2313 2864 2526 2920 Vocans
2553 2863 2618 2918 ab
2647 2864 2858 2919 oriente
2886 2878 3064 2927 avem,
3094 2871 3150 2918 et
3185 2863 3250 2918 de
3277 2871 3430 2919 terra
3462 2864 3745 2935 longinqua

2169 2959 2344 3019 virum
2395 2956 2688 3015 voluntatis
2734 2970 2885 3014 mete.
2938 2978 2957 3011 ι
3001 2955 3212 3015 Hebraei
3254 2955 3502 3015 referunt
3543 2958 3642 3015 hoc
3680 2956 3744 3012 ad

2170 3056 2369 3128 Cyrum
2399 3070 2579 3126 regem
2618 3052 2931 3119 Persarum,
2962 3052 3075 3109 sive
3109 3052 3332 3107 Darium
3364 3068 3544 3125 regem
3571 3052 3743 3107 Medo-

2168 3164 2311 3213 rum,
2341 3152 2718 3216 comparantes
2742 3158 2839 3199 eos
2874 3144 2980 3209 avi,
3011 3143 3103 3213 qui
3127 3144 3237 3199 cito
3261 3146 3329 3200 ab
3351 3144 3556 3200 oriente
3582 3158 3741 3198 vene-

2169 3246 2318 3304 runt,
2355 3245 2412 3292 et
2454 3235 2669 3293 Domini
2704 3234 3035 3290 voluntatem
3074 3242 3266 3289 contra
3292 3232 3603 3304 Babylonem
3628 3233 3734 3286 im-

2169 3328 2475 3400 pleverunt.
2519 3325 2628 3382 Nos
2667 3334 2877 3391 autem,
2916 3323 3099 3380 verius
3128 3322 3465 3386 afﬁrmantes,
3487 3321 3724 3376 dicamus

2171 3418 2459 3475 Dominum
2506 3426 2755 3472 nostrum
2796 3416 2981 3471 Jesum
3028 3413 3305 3471 Christum
3350 3430 3381 3468 a
3427 3412 3538 3467 Deo
3580 3420 3737 3482 patre

2170 3510 2257 3565 avi
2293 3507 2652 3564 assimilatum
2687 3526 2701 3561 :
2743 3507 2870 3578 quia
2908 3508 3050 3562 sicut
3086 3506 3204 3562 avis
3231 3506 3492 3562 velociter
3525 3505 3590 3559 de
3621 3503 3740 3560 loco

2168 3600 2237 3656 ad
2284 3599 2461 3655 locum
2500 3598 2725 3662 transit,
2757 3599 2838 3653 sic
2876 3597 3088 3653 Domini
3123 3598 3441 3669 pradicatio
3478 3612 3576 3668 per
3612 3612 3739 3666 apo-

2160 3691 2336 3749 'stolos
2365 3692 2627 3762 incipiens
2656 3692 2724 3746 ab
2758 3690 3081 3759 Jerusalem,
3106 3694 3221 3748 cito
3252 3692 3567 3749 decucurrit
3588 3692 3741 3763 longe

2167 3785 2381 3855 lateque
2418 3798 2516 3855 per
2556 3784 2868 3839 universum
2907 3784 3097 3839 orbem
3134 3802 3149 3838 :
3182 3783 3241 3839 in
3283 3792 3498 3839 tantum
3525 3792 3588 3839 ut
3621 3791 3743 3837 ante

2168 3880 2426 3934 deficeret
2450 3878 2532 3933 eis
2561 3886 2705 3934 terra
2740 3893 2904 3948 quam
2938 3876 3138 3947 lingua,
3178 3878 3322 3934 sicut
3357 3878 3491 3934 dicit
3518 3877 3743 3933 Psalmi-

2167 3982 2253 4028 sta
2282 3991 2295 4025 :
2333 3990 2352 4023 ι
2383 3972 2441 4026 ln
2469 3985 2683 4026 omnem
2714 3979 2915 4026 terram
2945 3972 3111 4027 exivit
3152 3986 3320 4028 sonus
3352 3988 3545 4028 eorum
3574 3970 3741 4043 (Ρωι.

2168 4062 2345 4131 xvm),
2393 4082 2412 4115 ι
2457 4069 2562 4118 etc.
2604 4061 2689 4117 Ab
2725 4060 2937 4117 oriente
2977 4077 3109 4134 ergo
3148 4063 3362 4119 vocavit
3402 4062 3551 4119 Deus
3591 4064 3746 4119 Pater

2168 4170 2347 4221 avem,
2384 4155 2673 4211 Dominum
2713 4154 2966 4211 videlicet
2997 4154 3180 4211 Jesum
3212 4154 3495 4212 Christum
3530 4172 3634 4227 per
3669 4156 3745 4210 iu-

2166 4247 2497 4305 carnationis
2540 4247 2858 4318 mysterium
2902 4266 2917 4302 :
2966 4247 3093 4318 quia
3119 4254 3263 4304 terra
3309 4248 3743 4318 repromissionis

2166 4340 2220 4395 in
2247 4356 2354 4411 qua
2380 4339 2639 4395 Dominus
2673 4347 2832 4394 natus
2870 4347 2974 4404 est,
3003 4340 3058 4394 in
3098 4340 3344 4410 partibus
3369 4340 3608 4396 orientis
3627 4349 3740 4396 est:

2164 4439 2221 4486 et
2263 4430 2378 4503 ipse
2419 4432 2502 4485 vir
2544 4431 2728 4486 oriens
2768 4429 3099 4501 appellatur,
3147 4431 3361 4486 dicente
3400 4429 3681 4502 Propheta
3724 4446 3739 4484 :

2169 4541 2189 4574 ί
2222 4523 2363 4579 Ecce
2397 4523 2482 4577 vir
2505 4523 2687 4578 oriens
2720 4536 2919 4577 nomen
2943 4519 3061 4590 ejus
3087 4518 3270 4595 (Zaclt.
3300 4524 3401 4595 vr).
3437 4542 3459 4574 ι
3482 4522 3567 4578 De
3604 4533 3737 4579 terra

2163 4614 2329 4671 etiam
2389 4615 2681 4686 longinqua
2735 4614 2914 4669 virum
2974 4613 3267 4671 voluntatis
3328 4631 3442 4671 sua:
3491 4619 3741 4681 vocavit,

486 4708 725 4755 mentote
752 4697 899 4754 istud
934 4718 953 4749 ι
982 4675 1356 4764 fabricatores,
1387 4698 1731 4769 cultoresque
1755 4701 2055 4770 idolorum,
2085 4675 2138 4735 Ῑ)
2164 4706 2380 4776 quando
2417 4675 2694 4760 Christum
2732 4719 2831 4775 per
2875 4703 3262 4774 assumptionis
3306 4708 3658 4777 mysterium,

484 4796 575 4863 qui
600 4802 748 4847 tanta
770 4791 910 4846 mala
931 4793 1280 4862 perpetrastis
1300 4811 1320 4843 ι
1343 4802 1397 4847 et
1409 4791 1815 4850 confundamini
1837 4813 1856 4846 ι
1883 4796 1936 4850 in
1954 4795 2061 4853 fide

486 4893 708 4957 agentes
732 4883 1128 4955 pmoitentiam.
1164 4882 1466 4953 Alloquitur
1491 4886 1650 4941 modo
1678 4901 1771 4942 eos
1800 4888 2060 4945 Dominus

485 4987 539 5032 et
562 4984 820 5046 provocat
838 4976 905 5032 ad
927 4976 1300 5045 paenitentiam
1328 4995 1341 5030 :
1373 4976 1562 5034 nolens
1588 4988 1818 5035 mortem
1845 4996 2057 5050 eorum,
2094 4998 2101 5001 τ

485 5070 577 5123 sed
610 5069 781 5137 magis
808 5067 922 5121 vult
944 5077 1003 5123 ut
1030 5068 1307 5123 salventur
1329 5066 1542 5140 (Ezech.
1570 5071 1748 5142 xvm).
1786 5090 1805 5122 ι
1841 5071 2055 5147 Redite,

484 5159 945 5227 praevaricatores,
965 5161 1032 5214 ad
1052 5173 1167 5225 cor,
1199 5179 1218 5211 ι
1250 5158 1353 5213 hoc
1373 5169 1457 5215 est
1479 5160 1546 5215 ad
1569 5172 1803 5219 mentem
1822 5172 2061 5221 vestram

484 5261 539 5305 et
574 5251 899 5307 intellectum
928 5249 1170 5319 iustitiae.

426 5335 437 5345 ’
561 5361 579 5393 ι
618 5342 995 5398 Recordamini
1035 5342 1235 5413 prioris
1268 5344 1469 5410 Steculi,
1496 5364 1514 5397 ι
1542 5346 1592 5400 id
1624 5356 1709 5403 est
1751 5349 1817 5404 ad
1855 5364 2060 5404 memo-

485 5434 624 5488 riam
647 5433 886 5488 rcducite
905 5434 1088 5488 omnia
1116 5434 1288 5501 bona,
1313 5451 1434 5506 qua
1463 5437 1613 5494 vobis
1650 5439 2058 5495 subministravi

484 5540 583 5595 per
597 5540 785 5581 servos
814 5540 965 5581 meos
984 5528 1275 5595 prophetas
1301 5536 1355 5582 et
1369 5526 1599 5595 iudices,
1620 5546 1649 5584 a
1673 5531 1757 5585 die
1771 5546 1874 5599 qua
1889 5529 2053 5587 eduxi

483 5631 579 5670 vos
618 5616 684 5671 de
722 5616 967 5686 squalore
1013 5619 1244 5672 carceris
1290 5618 1683 5688 Egyptiorum,
1739 5638 1757 5670 ι
1796 5621 1921 5690 quia
1953 5636 2054 5693 ego

484 5721 600 5761 sum
637 5709 779 5763 Deus
811 5727 829 5760 ι
863 5723 1024 5764 verus
1063 5710 1156 5778 qui
1184 5709 1338 5764 vobis
1380 5711 1484 5765 ista
1523 5711 1751 5780 praestiti
1784 5730 1801 5763 ι
1840 5729 1938 5770 nec
1972 5723 2056 5772 est

481 5798 673 5853 similis
702 5799 828 5855 mci.
862 5819 882 5851 ι

558 5906 577 5941 ι
610 5888 951 5948 Annuutians
995 5892 1063 5948 ab
1098 5891 1321 5949 exordio
1361 5912 1379 5943 ι
1413 5894 1597 5950 mundi
1640 5914 1659 5948 ι
1700 5900 2054 5957 novissimum

2164 4797 2267 4852 hac
2301 4806 2445 4852 terra
2481 4796 2951 4868 peregrinationis,
2988 4811 3109 4866 qua;
3138 4796 3295 4866 longe
3326 4805 3412 4852 est
3448 4798 3521 4852 ab
3546 4808 3746 4855 ater-ua

2161 4887 2515 4955 beatitudine,
2569 4889 2799 4945 elevavit
2838 4890 2904 4944 ad
2946 4890 3224 4946 dexteram
3258 4889 3568 4959 maiestatis
3617 4906 3743 4948 sua.

2168 5001 2188 5035 ι
2239 4983 2477 5039 Locutus
2512 4999 2667 5048 sum,
2719 5004 2737 5036 ι
2777 4998 2875 5053 per
2910 4985 3205 5056 prophetas
3239 4983 3308 5040 de
3347 4985 3594 5041 adventu
3630 4985 3750 5041 Filii

2164 5073 2293 5139 mei,
2316 5081 2372 5127 et
2399 5074 2768 5145 redemptione
2802 5075 3024 5129 humani
3056 5074 3294 5147 generis,
3324 5093 3344 5126 ι
3379 5084 3438 5130 et
3471 5077 3744 5133 adducam

2167 5165 2319 5229 illud,
2343 5184 2361 5216 ι
2391 5164 2646 5220 subaudis
2681 5165 2964 5220 consilium
2986 5180 3188 5231 meum,
3213 5180 3312 5235 per
3343 5166 3747 5223 incarnationis

2165 5256 2503 5327 mysterium,
2536 5255 2731 5310 Filium
2776 5256 3024 5311 videlicet
3071 5269 3270 5320 meum,
3299 5256 3390 5325 qui
3437 5266 3524 5311 est
3564 5254 3745 5328 magni

2165 5348 2374 5404 consilii
2407 5347 2628 5418 angelus
2664 5366 2677 5401 :
2715 5367 2735 5399 ‹
2768 5355 2823 5402 et
2863 5346 3041 5403 creavi
3074 5366 3092 5400 ι
3128 5347 3181 5401 id
3210 5355 3315 5411 est,
3345 5347 3594 5417 disposui
3623 5362 3743 5403 cum

2162 5439 2279 5509 ipso
2325 5446 2381 5494 et
2426 5436 2630 5507 Spiritu
2674 5446 2897 5504 sancto,
2944 5437 3213 5508 quomodo
3256 5437 3387 5491 illud
3426 5438 3741 5507 impleatur,

2169 5552 2187 5582 ι
2242 5539 2297 5586 ct
2351 5529 2550 5585 faciam
2606 5529 2739 5586 illud
2787 5551 2807 5583 ι
2859 5531 3144 5588 consilium
3190 5528 3346 5598 juxta
3399 5529 3745 5586 voluntatem

2160 5638 2360 5677 meam.

2240 5737 2257 5767 ι
2291 5717 2487 5771 Audite
2527 5734 2613 5773 me
2638 5719 2772 5772 duro
2809 5718 2991 5783 corde,
3029 5717 3121 5785 qui
3156 5716 3312 5787 longe
3340 5715 3474 5770 estis
3504 5729 3539 5769 a
3572 5711 3742 5782 justi-

2163 5807 2258 5863 tia.
2300 5828 2319 5861 ι
2347 5806 2553 5875 Quibus
2585 5825 2745 5880 supra
2777 5809 2988 5864 dixerat
3015 5808 3133 5863 sine
3169 5806 3453 5877 privilegio
3487 5803 3737 5867 honoris,

2165 5900 2345 5955 audite
2385 5918 2489 5969 me,
2515 5903 2704 5957 domus
2729 5900 2916 5968 Jacob,
2951 5907 3008 5957 et
3025 5913 3186 5956 omne
3218 5897 3493 5956 residuum
3538 5898 3741 5961 domus
