4016 6488
211 481 316 537 955

1266 476 1617 539 COMMENT.
1658 481 1725 537 IN
1762 481 2017 538 ISAIAM.
2042 515 2111 524 --
2148 484 2277 541 LIB.
2320 484 2382 541 II.

3338 492 3441 550 954

204 594 391 651 Israel.
439 594 506 649 Et
548 595 676 650 illud
726 613 739 649 :
788 596 977 651 Redite
1030 596 1470 666 praevaricatores
1509 595 1575 649 ad
1615 609 1709 649 cor
1755 613 1768 649 :
1799 601 1850 661 Α
1878 596 2211 666 imprimant,
2253 607 2310 653 et
2355 600 2674 656 vestimenta
2729 615 2941 659 earum.
2970 602 3133 660 terrae
3169 606 3444 676 pulverem

207 686 277 741 ad
319 684 535 740 eosdem
578 686 755 745 modo.
776 687 1012 755 loquitur
1060 706 1073 740 :
1122 687 1314 742 Audite
1351 702 1439 741 me
1478 686 1770 758 (inquiens)

208 779 346 833 duro
369 778 551 841 corde,
577 778 679 832 hoc
712 788 816 843 est,
845 780 1106 835 increduli
1130 782 1219 848 qui
1254 796 1467 850 semper
1495 780 1772 850 prophetis

203 877 262 924 et
306 870 372 924 ad
409 869 653 924 ultimum
696 869 835 925 Filio
866 886 987 925 meo
1031 872 1342 935 restitistis,
1385 880 1440 925 et
1484 872 1575 939 qui
1618 871 1772 942 longe

203 962 339 1018 estis
368 976 399 1015 a
425 960 656 1029 justitia,
689 962 742 1017 id
764 972 868 1027 est,
892 979 923 1017 a
945 962 1161 1018 Christo
1188 965 1279 1033 qui
1300 961 1564 1031 justiﬁcat
1584 978 1772 1019 omnes

203 1056 260 1110 in
323 1069 382 1111 se
431 1056 732 1110 credentes.
786 1056 861 1112 De
905 1057 1024 1112 istis
1072 1057 1267 1112 talibus
1312 1064 1368 1111 et
1411 1065 1773 1129 protomartyr

202 1145 511 1215 Stephanus
549 1146 604 1201 in
645 1162 816 1217 agone
852 1149 1176 1204 constitutus
1206 1149 1384 1203 dixit:
1415 1169 1434 1200 ‹
1475 1149 1618 1204 Dura
1654 1165 1772 1205 cer-

105 1226 113 1233 ’
197 1239 320 1294 vice
364 1248 418 1295 et
458 1239 819 1295 incircumcisi
850 1240 1101 1296 cordibus
1121 1250 1177 1296 et
1212 1241 1433 1297 auribus
1467 1259 1481 1294 :
1512 1257 1609 1296 vos
1632 1257 1772 1296 sem-

199 1343 301 1399 per
327 1329 556 1400 Spiritui
597 1340 783 1386 sancto
806 1333 1099 1399 restitistis,
1133 1332 1276 1389 sicut
1313 1342 1370 1388 et
1403 1342 1585 1405 patres
1606 1334 1770 1389 vestri

201 1419 342 1490 (Αει.
375 1421 496 1491 vn).
538 1439 558 1471 »

277 1530 297 1563 ι
344 1512 518 1583 Prope
558 1513 661 1570 feci
698 1516 966 1585 justitiam
1015 1532 1226 1581 meam,
1277 1532 1387 1571 non
1433 1515 1772 1585 elongabitur

200 1605 348 1659 salus
373 1621 514 1662 mea.
559 1626 578 1657 ι
624 1607 798 1678 Prope
845 1609 967 1672 feci,
996 1624 1096 1677 pro
1133 1624 1197 1663 eo
1236 1609 1379 1678 quod
1422 1618 1506 1663 est
1548 1608 1767 1662 faciam.

198 1693 416 1750 Justitia
460 1696 557 1752 Dei
596 1697 775 1753 Patris
815 1698 986 1752 Filius
1035 1706 1137 1751 est.
1181 1699 1355 1768 Prope
1402 1714 1532 1769 ergo
1573 1698 1768 1753 faciam

186 1801 378 1840 meam
412 1786 703 1855 justitiam,
741 1788 795 1842 id
836 1796 938 1855 est,
956 1790 1024 1843 'in
1053 1790 1303 1858 proximo
1327 1797 1427 1853 est,
1460 1798 1520 1843 ut
1561 1789 1767 1843 mittam

199 1875 394 1930 Filium
440 1893 642 1944 meum,
686 1894 786 1949 per
827 1880 1214 1937 incarnationis
1237 1882 1554 1953 mysterium
1602 1895 1617 1934 :
1660 1898 1767 1937 non

1876 701 1983 740 non
2012 696 2252 756 tangant.
2292 688 2522 759 Ideoque
2558 690 2658 746 sub
2693 692 2872 761 specie
2913 694 3130 765 reginae,
3165 696 3249 750 vel
3293 699 3446 753 nobi-

1876 778 1942 834 lis
1969 780 2231 845 mulieris,
2269 797 2448 839 sermo
2484 783 2697 838 divinus
2726 784 2827 839 ista
2855 784 3095 854 loquitur
3122 787 3190 842 ad
3224 788 3446 861 Babylo-

1875 884 2019 953 nem.

1952 981 1972 1014 ‹
2016 962 2165 1019 Tolle
2208 964 2436 1031 molam,
2471 974 2525 1021 et
2564 967 2706 1022 mole
2748 967 2978 1024 farinam
3018 988 3037 1021 ι
3074 970 3305 1026 dominis
3338 971 3445 1026 tuis

1874 1053 2041 1110 Medis
2088 1064 2144 1110 et
2184 1056 2381 1111 Persis.
2430 1057 2619 1129 Magna
2667 1060 2908 1126 miseria,
2948 1070 3009 1116 ut
3043 1062 3228 1132 regina
3267 1078 3439 1132 quon—

1876 1146 1999 1201 dam
2058 1146 2222 1202 molat
2270 1148 2500 1202 l‘arinam
2550 1166 2563 1202 :
2611 1151 2754 1220 quod
2800 1160 2883 1205 est
2926 1151 3074 1206 dura:
3116 1152 3444 1222 captivitatis

1876 1247 1931 1292 et
1968 1246 2224 1293 extrema:
2253 1239 2529 1294 servitutis
2555 1239 2835 1296 indicium.
2871 1243 3008 1297 Dicit
3037 1243 3228 1297 beatus
3262 1243 3445 1297 Hiero-

1873 1343 2091 1398 nymus,
2121 1329 2245 1397 quia
2276 1330 2509 1384 molendi
2537 1329 2764 1385 ofﬁcium
2791 1332 2894 1387 isto
2919 1333 2973 1386 in
3002 1332 3120 1387 loco
3147 1332 3214 1386 ad
3238 1334 3440 1387 coitum

1872 1426 2051 1487 potest
2090 1417 2304 1485 referri,
2342 1428 2400 1474 ut
2423 1420 2494 1475 sit
2531 1436 2722 1476 sensus
2755 1439 2768 1475 ε
2804 1421 2952 1477 Tolle
2989 1423 3187 1477 molam
3217 1432 3273 1477 et
3304 1421 3442 1476 mole

1873 1507 2126 1575 farinam,
2158 1511 2210 1565 id
2239 1519 2343 1575 est,
2373 1513 2552 1580 praebe
2581 1514 2782 1567 coitum
2812 1515 3105 1569 victoribus
3137 1515 3243 1568 tuis
3274 1513 3441 1568 Medis

1827 1651 1839 1663 .
1873 1613 1928 1659 et
1979 1604 2179 1670 Persis,
2226 1605 2317 1674 qui
2370 1605 2752 1660 ferventissimi
2799 1616 2923 1661 sunt
2969 1608 3036 1662 ad
3080 1608 3301 1662 coitum.
3346 1606 3443 1661 Se-

1874 1695 2107 1751 cundum
2152 1697 2294 1750 Iumc
2338 1712 2554 1751 sensum
2579 1697 2762 1750 dicunt
2801 1696 3011 1752 Hebraai
3044 1697 3173 1751 illud
3215 1697 3438 1767 quodin

1871 1789 2117 1847 Judicum
2163 1789 2303 1843 libro
2347 1787 2499 1859 (Iud.
2530 1788 2587 1858 ι)
2626 1788 2693 1842 de
2731 1789 2960 1843 Samson
3004 1791 3256 1854 habetur,
3299 1788 3442 1858 quod

1871 1879 2159 1934 Philistiim
2221 1892 2343 1932 eum
2405 1876 2608 1930 molere
2672 1874 2957 1940 fecerunt,
3030 1877 3084 1930 id
3141 1885 3263 1941 est,
3316 1891 3439 1929 cum

199 1966 559 2037 elongabitur,
606 1970 896 2037 subaudis,
943 1972 1067 2040 quia
1098 1973 1152 2026 in
1183 1981 1236 2027 te
1284 1980 1565 2038 nascetur,
1606 1980 1661 2026 et
1703 1973 1768 2027 ad
1797 1958 1845 2018 Β
1873 1969 2189 2025 mulieribus
2253 1982 2474 2022 suarum
2528 1966 2769 2037 gentium
2829 1966 3188 2021 concumbere
3245 1978 3437 2033 coege-

198 2066 351 2113 tuum
373 2076 511 2130 opus
532 2062 745 2129 veniet;
777 2071 832 2117 et
854 2063 999 2120 salus
1030 2079 1173 2130 mea,
1201 2065 1254 2119 id
1281 2077 1386 2131 est,
1416 2065 1558 2119 ﬁlius
1592 2079 1764 2131 meus,

195 2155 289 2223 qui
329 2155 560 2212 salvabit
609 2167 889 2227 sperantes
934 2160 987 2214 in
1032 2175 1110 2226 se,
1152 2177 1259 2216 non
1298 2161 1614 2217 morabitur.
1661 2161 1768 2215 Ista

193 2255 279 2301 est
321 2249 466 2304 enim
498 2250 666 2317 salus,
711 2252 778 2307 de
819 2268 923 2323 qua
961 2254 1092 2309 dicit
1134 2255 1355 2326 angelus
1397 2258 1463 2311 ad
1491 2255 1763 2310 Mariam:

198 2354 219 2388 ι
275 2337 392 2407 Ipse
455 2341 660 2397 salvum
714 2344 876 2400 faciet
925 2347 1177 2417 populum
1237 2364 1393 2402 suum
1441 2363 1471 2403 a
1532 2349 1767 2419 peccatis

192 2442 378 2484 eorum
404 2431 619 2502 (Manli.
644 2437 705 2505 ι).
743 2453 765 2487 ι
821 2455 840 2487 ι
879 2438 1027 2493 Dabo
1060 2439 1114 2493 in
1157 2439 1284 2494 Sion
1318 2441 1566 2504 salutem,
1607 2461 1625 2492 ›
1655 2440 1761 2505 vel,

191 2532 252 2575 ut
291 2514 642 2596 Septuaginta
687 2528 957 2596 dixerunt,
1004 2531 1316 2587 salutarem.
1360 2552 1377 2583 ι
1413 2534 1477 2587 Et
1515 2535 1567 2587 in
1600 2534 1765 2588 Israel

192 2611 415 2682 gloriam
464 2631 662 2673 meam.
702 2639 720 2671 ι
758 2618 889 2676 Sion
926 2631 981 2677 et
1025 2622 1187 2678 Israel
1228 2640 1393 2679 unum
1434 2625 1759 2694 significant.

190 2701 339 2758 Dabo
368 2705 583 2779 (inquit)
612 2710 665 2763 in
698 2708 828 2766 Sion
865 2711 1113 2780 salutem,
1138 2714 1221 2768 vel
1256 2714 1569 2781 salutarem,
1593 2715 1763 2770 lilium

191 2808 371 2849 meum
416 2796 482 2852 de
527 2815 634 2869 quo
675 2800 786 2870 jam
829 2805 1077 2874 superius
1127 2804 1363 2861 diximus
1399 2806 1649 2877 angelum
1696 2806 1764 2862 ad

189 2885 414 2942 Mariam
440 2904 559 2945 esse
598 2891 857 2949 locutum.
901 2896 968 2949 Et
1003 2897 1069 2951 de
1093 2911 1200 2966 quo
1234 2896 1452 2952 Simeon
1492 2914 1505 2950 :
1549 2915 1567 2947 ι
1597 2897 1761 2953 Vide-

192 2986 320 3032 runt
360 2980 578 3054 (inquit)
623 2984 763 3040 oculi
814 2988 920 3042 mei
946 2986 1195 3042 Salutare
1235 2996 1385 3042 tuum
1422 2986 1573 3059 (Luc.
1617 2993 1699 3055 ιι).
1739 3006 1757 3037 ι

191 3069 345 3137 Quod
372 3082 577 3133 autem
626 3076 776 3131 addit
826 3095 838 3131 :
883 3078 950 3132 Et
998 3079 1054 3133 in
1101 3077 1266 3134 Israel
1307 3078 1532 3148 gloriam
1564 3093 1760 3144 meam,

191 3161 334 3219 idem
373 3174 490 3232 est,
540 3168 667 3237 quia
706 3168 873 3240 gloria
913 3170 1008 3225 Dei
1042 3170 1222 3226 Patris
1264 3170 1433 3227 Filius
1470 3180 1555 3227 est
1586 3190 1598 3225 :
1636 3171 1764 3240 quia

1870 2068 2035 2126 runt,
2079 2068 2140 2115 ut
2181 2074 2245 2115 ex
2295 2058 2386 2119 illo
2432 2058 2769 2127 susciperent
2818 2072 3026 2128 magna:
3083 2063 3303 2112 statura:
3344 2056 3439 2109 ho-

1868 2167 2059 2208 mutes.

1943 2285 1961 2316 ι
2005 2265 2222 2319 Denuda
2277 2262 2683 2332 turpitudinem,
2744 2281 2763 2313 ›
2812 2260 2867 2314 id
2916 2268 3035 2324 est,
3083 2258 3329 2321 vulvam,
3381 2264 3442 2308 ut

1864 2366 2046 2429 pateat
2070 2357 2273 2412 libidini
2304 2353 2525 2409 victoris
2553 2352 2648 2407 tui.
2688 2371 2706 2402 ‹
2744 2350 3051 2420 Discooperi
3074 2350 3381 2411 humerum,
3414 2366 3430 2398 ι

1864 2458 1923 2503 ut
1960 2462 2220 2518 apparens
2253 2461 2374 2501 esse
2403 2444 2614 2498 mulier.
2663 2461 2681 2492 ‹
2731 2441 2933 2495 Revela
2977 2455 3136 2495 crura
3176 2449 3288 2503 tua,
3326 2456 3344 2488 ι
3378 2443 3440 2490 ιιι

1862 2538 2209 2610 prostitu'aris
2269 2552 2299 2591 a
2368 2535 2474 2589 tuis
2525 2532 3003 2603 depraedatoribus.
3060 2529 3159 2585 Vel
3215 2530 3283 2583 ad
3334 2528 3438 2581 hoc

1864 2631 2060 2696 revela,
2116 2650 2133 2682 ι
2191 2637 2248 2683 ut
2296 2636 2539 2682 transeas
2576 2625 2822 2688 ﬂumina,
2865 2643 2883 2675 ι
2926 2621 3135 2693 Tigrin,
3187 2619 3436 2675 videlicet

1863 2730 1918 2775 et
1959 2721 2273 2794 Euphraten
2320 2733 2383 2771 ac
2429 2716 2662 2777 Chobar,
2718 2722 2773 2769 et
2817 2729 2908 2768 eas
2951 2713 3004 2766 in
3043 2710 3432 2783 captivitatem.

1864 2810 2052 2866 Solent
2095 2809 2239 2863 enim
2287 2807 2540 2861 mulieres
2582 2805 2855 2859 denudare
2883 2816 3045 2857 crura
3094 2801 3153 2854 in
3200 2799 3433 2854 transitu

1861 2901 2140 2956 ﬂuminum
2167 2940 2181 2966 ,
2233 2907 2294 2954 ut
2333 2913 2522 2953 earum
2569 2896 2894 2951 vestimenta
2940 2894 3095 2964 aquis
3146 2906 3255 2947 non
3308 2899 3430 2944 tan-

1863 3003 2079 3066 gantur.

1938 3133 1956 3164 ‹
2000 3110 2349 3167 Revelahitur
2382 3107 2679 3179 ignominia
2724 3114 2835 3170 tua,
2892 3125 2909 3156 ι
2955 3101 3290 3165 subauditur,
3338 3113 3433 3156 co-

1863 3219 1978 3257 ram
2036 3201 2280 3256 hostibus
2344 3200 2451 3254 tuis
2510 3216 2524 3251 :
2581 3216 2599 3248 ι
2660 3205 2715 3251 et
2762 3195 3035 3251 videbitur
3085 3191 3435 3265 opprobrium

189 3256 367 3362 (Iurgia
399 3272 537 3362 fma
572 3258 700 3316 fecit
743 3262 811 3362 ’3
854 3262 1068 3362 iam!“
1102 3274 1157 3318 et
1191 3263 1417 3334 gloriam
1456 3264 1551 3362 9⁸ί
1586 3264 1763 3362 Ρῗιῴ
1787 3299 1831 3362 C
1867 3305 2037 3357 tuum,
2100 3312 2119 3344 ι
2163 3292 2214 3345 id
2262 3299 2375 3354 est,
2422 3289 2676 3352 miseria,
2727 3294 2782 3341 et
2828 3256 3173 3356 captivitatis-
3200 3283 3434 3347 malum;

189 3347 328 3417 egit,
383 3348 566 3405 dicens
617 3369 633 3405 :
696 3369 715 3402 ι
766 3351 928 3408 Pater
969 3353 1024 3408 in
1068 3369 1157 3408 me
1204 3369 1427 3408 manens
1474 3356 1586 3424 ipse
1628 3353 1758 3409 facit

187 3451 351 3508 opera
396 3438 577 3509 (Joan.
629 3440 761 3511 xiv).
817 3460 837 3493 ι
889 3442 1014 3498 Haec
1059 3451 1239 3499 autem
1292 3444 1483 3500 referri
1531 3453 1760 3514 possunt

191 3522 507 3599 specialiter
534 3532 602 3586 ad
629 3530 965 3588 Hierusalem
996 3542 1051 3589 et
1098 3533 1332 3602 Iudaeos,
1380 3536 1434 3590 in
1470 3551 1577 3605 qua
1612 3546 1667 3591 et
1691 3551 1760 3591 ex

190 3622 384 3691 quibus
423 3631 577 3679 ortus
613 3633 716 3682 est.
759 3624 1096 3682 Generaliter
1137 3636 1317 3683 autem
1376 3628 1445 3683 ad
1480 3628 1759 3683 universa—

186 3715 292 3770 lem
323 3716 642 3785 Ecclesiam,
673 3735 794 3789 quae
833 3721 889 3774 in
933 3718 1038 3775 ﬁde
1066 3718 1271 3776 Christi
1310 3719 1532 3775 fundata
1573 3729 1675 3787 est,
1702 3725 1779 3776 et'

187 3809 243 3862 in
271 3811 488 3880 specqu
526 3812 723 3868 mentis
743 3812 982 3868 ctelestia
1008 3812 1417 3884 contemplatur.

737 3960 966 4018 CAPUT
1004 3961 1207 4017 XLVII.

262 4091 280 4123 ι
327 4072 623 4139 Descende,
654 4073 780 4129 sede
807 4073 860 4127 in
878 4073 1119 4145 pulvere,
1133 4075 1289 4146 virgo
1307 4074 1416 4129 ﬁlia
1443 4074 1704 4147 Babylon.
1732 4094 1750 4128 ι

186 4164 461 4220 Hactenus
488 4164 555 4220 de
583 4162 783 4221 Judazis
806 4174 861 4221 et
879 4166 1113 4222 adventu
1143 4165 1377 4233 Domini,
1407 4183 1551 4222 nunc
1570 4177 1758 4223 contra

183 4255 515 4326 Babylonem
553 4255 795 4327 loquitur
833 4266 888 4312 et
929 4257 1228 4323 Chaldaeos,
1271 4258 1373 4314 sub
1405 4274 1635 4329 persona
1663 4273 1756 4313 ca-

184 4354 348 4423 ptivae
386 4353 626 4409 mulieris
671 4368 791 4423 qua:
828 4354 1098 4424 quondam
1140 4353 1327 4424 regina
1365 4352 1488 4419 fuit,
1518 4370 1637 4424 quae
1663 4354 1760 4423 po-'

185 4442 371 4513 pulum
405 4440 521 4510 ejus
562 4443 835 4498 interfecit
869 4457 1009 4512 pene
1043 4443 1377 4507 universum,
1419 4451 1475 4497 et
1511 4442 1759 4496 residuos

184 4531 339 4602 gravi
382 4533 697 4602 captivitate
739 4532 1024 4602 Oppressit.
1057 4532 1368 4595 Descende,
1417 4547 1451 4586 o
1495 4529 1753 4600 Babylon,

188 4623 256 4677 de
293 4624 543 4693 superbia
584 4632 696 4687 tua,
735 4631 790 4678 et
826 4623 892 4677 de
914 4623 1050 4676 solio
1086 4622 1338 4689 patentia:
1365 4629 1492 4685 tute,
1529 4621 1655 4677 sede
1701 4621 1758 4674 in

184 4716 406 4786 pulvere
446 4717 587 4771 sicut
619 4716 848 4787 captiva.
889 4714 1023 4770 Filia
1062 4713 1297 4784 Babylon
1339 4714 1638 4785 appellatur
1666 4713 1758 4769 illa

186 4806 340 4876 plebs
384 4814 438 4861 et
472 4805 721 4876 populus,
762 4805 889 4876 quia
931 4805 985 4860 in
1026 4804 1296 4876 Babylone
1333 4804 1444 4858 nati
1488 4812 1634 4868 sunt,
1672 4802 1762 4858 vel

185 4897 353 4951 etiam
388 4896 515 4967 quia
551 4912 582 4951 a
624 4896 733 4952 Deo
776 4895 905 4952 facti
947 4904 1092 4951 sunt.
1129 4895 1294 4968 Virgo
1322 4895 1621 4965 appellatur
1652 4908 1761 4950 non

186 5000 409 5061 propter
447 4990 811 5061 integritatem
848 4990 1046 5045 mentis
1071 5030 1086 5055 ,
1126 4990 1233 5044 sed
1259 4997 1479 5059 propter
1515 4987 1761 5044 infecun-

188 5084 411 5138 ditatem
452 5086 719 5139 bonorum
748 5098 993 5154 operum.
1026 5083 1253 5152 Propter
1282 5082 1423 5153 quod
1449 5081 1649 5137 dicitur
1670 5081 1718 5137 ei
1742 5098 1756 5135 :

195 5195 214 5227 α
251 5175 391 5231 Sede
424 5176 479 5229 in
519 5185 662 5231 terra
702 5196 721 5228 ›
755 5184 816 5231 ut
853 5175 1068 5239 ancilla,
1098 5173 1183 5228 vel
1224 5172 1444 5229 humilia
1469 5182 1542 5227 te.
1575 5192 1592 5223 ι
1645 5172 1762 5227 Νοιι

187 5274 273 5319 est
314 5262 507 5317 solium
550 5265 725 5333 regni,
778 5285 797 5317 ι
838 5266 943 5321 hoc
985 5273 1088 5329 est,
1128 5279 1233 5319 non
1271 5272 1355 5319 est
1378 5261 1488 5331 jam
1528 5262 1761 5333 dignitas

187 5363 243 5410 et
289 5353 532 5425 potentia
573 5354 854 5423 regnandi.
904 5374 923 5407 ι
982 5354 1132 5410 Filia:
1168 5354 1541 5410 Chaldaeorum
1568 5393 1583 5418 ,
1633 5352 1761 5421 quia

186 5448 328 5502 ultra
377 5461 482 5502 non
527 5447 809 5502 vocaberis
852 5448 1031 5503 mollis
1085 5457 1141 5505 et
1182 5457 1389 5512 tenera,
1437 5466 1456 5499 ›
1511 5446 1614 5501 hoc
1651 5452 1757 5510 est,

185 5539 418 5593 delicata
448 5546 502 5593 et
541 5536 750 5593 deliciis
775 5535 998 5593 aﬂluens
1035 5556 1049 5590 :
1082 5538 1167 5592 vel
1195 5538 1359 5592 etiam
1387 5544 1447 5590 ut
1471 5536 1596 5591 hinc
1638 5535 1762 5591 inde

186 5633 511 5687 sustenteris
555 5632 754 5687 auxilio
782 5631 1119 5687 diversarum
1164 5632 1426 5703 gentium,
1461 5630 1614 5700 quasi
1644 5645 1762 5684 ma-

186 5725 351 5778 nibus
381 5724 717 5779 ancillarum.
753 5724 939 5779 Solent
972 5724 1172 5794 reginae
1206 5732 1261 5777 et
1298 5722 1503 5778 nobiles
1531 5736 1761 5793 quaeque

187 5815 444 5871 mulieres
489 5816 614 5871 hinc
644 5816 767 5871 inde
810 5816 1104 5872 sustentari
1136 5816 1386 5872 manibus
1416 5815 1755 5881 ancillarum,

186 5909 417 5980 insuper
455 5916 512 5965 et
546 5922 826 5967 servorum
881 5928 895 5966 :
961 5911 1035 5966 ita
1083 5919 1144 5965 ut
1197 5918 1357 5966 terrae
1402 5909 1490 5966 vix
1538 5910 1755 5980 plantas

1864 3404 1883 3437 ι
1923 3383 2182 3437 ultionem
2219 3380 2456 3450 capiam,
2506 3398 2524 3431 ι
2574 3377 2849 3440 subaudis,
2878 3390 2945 3430 ex
2979 3384 3054 3440 te,
3092 3374 3147 3428 id
3175 3380 3280 3437 est,
3316 3371 3436 3425 vin-

1860 3476 2052 3531 dicabo
2101 3473 2357 3544 populum
2403 3485 2584 3525 meum
2633 3486 2646 3522 :
2704 3488 2722 3519 ι
2778 3475 2833 3521 et
2882 3482 2988 3521 non
3038 3464 3253 3520 resistet
3301 3461 3436 3516 mihi

1860 3571 2042 3632 homo,
2089 3586 2106 3618 ι
2148 3564 2431 3629 subaudis,
2472 3575 2650 3631 neque
2693 3559 2912 3630 angelus
2946 3557 3038 3628 qui
3076 3562 3274 3627 praeest
3312 3552 3434 3617 tibi,

1858 3675 2034 3729 neque
2081 3657 2344 3727 propheta
2406 3654 2451 3709 si
2506 3667 2591 3707 me
2649 3650 2919 3722 rogaverit
2969 3663 3068 3719 pro
3116 3645 3434 3701 liberatione

1861 3760 1971 3813 tua,
2023 3749 2163 3803 sicut
2206 3745 2381 3800 Moses
2422 3744 2694 3814 quondam
2732 3743 2785 3796 in
2831 3754 3014 3795 eremo
3051 3738 3265 3811 quando
3285 3735 3431 3791 volui

1861 3840 2042 3895 delere
2087 3836 2340 3907 populum
2402 3833 2518 3903 ejus
2573 3833 2778 3906 (Exod.
2842 3829 3082 3903 xxxvii).
3145 3830 3212 3884 Et
3246 3828 3433 3899 quare

1859 3930 2042 3984 veniet
2088 3927 2183 3982 tibi
2232 3926 2371 3981 hoc?
2397 3925 2533 3992 Quia
2578 3933 2634 3979 et
2674 3924 2721 3979 si
2750 3922 2978 3993 praecepi
3021 3929 3082 3975 ut
3116 3920 3435 3975 verberares

1859 4030 1915 4080 et
1939 4018 2205 4091 amigeres
2247 4017 2501 4088 populum
2530 4032 2733 4082 meum,
2757 4030 2864 4069 non
2898 4013 3158 4085 imperavi
3190 4020 3249 4066 ut
3282 4012 3436 4084 peni-

1861 4124 1948 4171 tus
1980 4114 2290 4169 destrueres
2327 4121 2382 4165 et
2416 4108 2694 4164 occideres
2726 4121 2893 4178 usque
2928 4107 2996 4161 ad
3023 4105 3213 4161 solum.

1938 4253 1957 4286 ι
2003 4234 2332 4301 Redemptor
2360 4231 2620 4285 Dominus
2640 4237 2825 4284 noster
2853 4226 3209 4289 exercituum,
3238 4236 3433 4278 nomen

1862 4327 2004 4382 illius
2049 4331 2269 4380 sanctus
2311 4321 2496 4376 Israel.
2549 4339 2568 4371 ›
2614 4321 2730 4374 Vox
2775 4318 2956 4389 populi
3007 4316 3330 4372 revertentis
3368 4315 3436 4371 de

1860 4418 2175 4489 captivitate
2220 4421 2344 4483 post
2382 4410 2720 4482 septuaginta
2758 4424 2948 4462 annos.
2972 4406 3317 4477 ~Redemptor
3350 4405 3433 4459 in-

1862 4510 2056 4581 quiunt
2099 4515 2283 4563 noster
2333 4504 2594 4560 Dominus
2642 4503 2981 4557 exercituum
3038 4508 3161 4565 est,
3212 4499 3263 4552 id
3318 4506 3434 4565 est,

1860 4603 2003 4657 Deus
2043 4599 2355 4670 angelorum
2403 4603 2458 4650 et
2502 4594 2802 4658 hominum,
2840 4593 2933 4662 qui
2974 4606 3072 4647 nos
3112 4592 3177 4645 de
3212 4590 3436 4660 captivi-

1785 4662 1838 4723 Ῑ)
1868 4701 1976 4748 tate
2025 4662 2314 4744 durissima
2346 4686 2600 4741 .redemit
2639 4700 2654 4739 :
2708 4703 2726 4735 ι
2776 4681 2982 4738 Nomen
3028 4682 3169 4737 illius
3216 4690 3436 4736 sanctus

1865 4782 2052 4840 Israel.
2090 4802 2108 4834 ι
2138 4780 2230 4835 Ille
2252 4779 2469 4848 proprie
2490 4784 2573 4831 est
2603 4783 2842 4840 sanctus,
2871 4776 2960 4845 qui
2984 4774 3117 4829 dicit
3146 4789 3161 4828 :
3193 4792 3210 4823 ι
3250 4771 3437 4828 Sancti

1865 4880 2065 4935 estote,
2107 4870 2231 4938 quia
2282 4876 2339 4923 et
2386 4881 2486 4937 ego
2537 4873 2770 4919 sanctus
2794 4879 2914 4919 sum
2956 4862 3104 4936 (Leo.
3135 4880 3214 4929 ιιι,
3258 4863 3372 4933 xx).
3410 4880 3430 4914 ι

1867 4966 1936 5021 Et
1962 4965 2075 5035 ipse
2102 4958 2406 5017 sanctiﬁcat
2436 4964 2716 5028 sperantes
2745 4958 2797 5010 in
2827 4970 2907 5011 se.

1943 5097 1962 5130 ι
2009 5075 2167 5140 Sede,
2194 5081 2336 5136 tace,
2377 5079 2431 5125 et
2455 5072 2596 5124 intra
2624 5070 2678 5124 in
2711 5071 2983 5134 tenebras,
3013 5067 3121 5121 lilia
3153 5066 3434 5123 Chaldaeo-

1868 5185 2011 5227 rum.
2060 5188 2079 5221 ι
2119 5164 2429 5221 Revertitur
2467 5163 2666 5217 iterum
2707 5163 2775 5217 ad
2807 5160 3171 5231 Babylonem,
3210 5166 3265 5212 et
3307 5158 3438 5213 facit

1870 5260 2280 5318 translationem
2310 5258 2375 5312 de
2404 5256 2624 5310 civitate
2669 5254 2736 5309 ad
2766 5252 3122 5317 mulieres,et
3160 5252 3225 5306 de
3250 5251 3437 5321 regina

1868 5352 2139 5423 quondam
2188 5349 2257 5403 ad
2315 5347 2565 5403 ancillam
2616 5344 2883 5401 effectam.
2937 5341 3007 5397 Et
3052 5351 3136 5398 est
3187 5357 3378 5397 sensus
3419 5358 3433 5394 :

1854 5442 2026 5511 Sede,
2072 5446 2125 5500 id
2165 5452 2271 5509 est,
2314 5442 2537 5498 humilia
2573 5452 2644 5496 te.
2692 5438 2853 5503 Tace,
2887 5436 3168 5492 considera
3209 5432 3405 5489 calami

1866 5548 2030 5596 tatem
2074 5547 2254 5602 tuam,
2309 5536 2449 5591 sicut
2500 5534 2673 5589 solent
2719 5530 2968 5586 homines
3011 5530 3195 5584 tristes
3251 5542 3429 5597 agere.

1863 5634 2009 5688 Intra
2056 5632 2111 5685 in
2157 5628 2408 5685 tenebras
2457 5641 2526 5681 ne
2575 5625 2756 5680 videat
2806 5622 3002 5693 aliquis
3048 5620 3434 5689 turpitudinem

1863 5733 2031 5778 tuam.
2065 5720 2199 5776 Filia
2235 5718 2609 5776 Chaldaeorum
2641 5715 2860 5779 dicitur,
2890 5714 3017 5783 quia
3050 5710 3285 5768 Chaldaei
3311 5723 3439 5764 con-

1864 5823 2177 5871 struxerunt
2202 5814 2446 5868 eamdem
2467 5810 2762 5865 civitatem.
2801 5809 2867 5862 Et
2892 5822 3057 5878 quare
3087 5804 3227 5860 hoc?
3254 5822 3273 5856 ι
3299 5801 3436 5870 Quia

1860 5921 1975 5965 non
1999 5905 2285 5964 vocaberis
2321 5902 2464 5959 ultra
2501 5901 2719 5959 domina
2758 5913 3070 5973 regnorum,
3102 5917 3123 5952 ι
3155 5893 3433 5971 subaudis,
