4016 6484
211 496 315 554 957

1276 492 1631 554 COMMENT.
1670 492 1739 551 IN
1773 490 2027 551 ISAIAM.
2068 524 2137 535 —
2170 493 2296 550 LIB.
2338 495 2398 549 II.

210 621 357 670 runt.
418 608 535 667 Non
577 619 663 667 est
713 631 731 663 ι
771 609 964 679 aliquis
1008 621 1197 665 eorum
1241 627 1259 660 ι
1312 609 1402 679 qui
1449 609 1620 665 salvet
1662 616 1717 663 te
1757 626 1777 659 ι

1891 603 2155 675 Egypto,
2190 613 2244 660 et
2283 605 2599 660 imminente
2628 604 2939 674 captivitate
2975 618 3097 676 qua
3136 605 3282 663 facta
3309 616 3395 665 est
3422 621 3461 667 ι

209 720 335 763 cum
355 704 565 760 venerit
594 702 886 758 tribulatio.

747 850 974 911 CAPUT
1014 851 1238 909 XLVIII.

284 984 307 1020 ε
340 965 536 1023 Audite
568 967 692 1034 hoc,
728 967 920 1023 domus
942 966 1131 1035 Iacob,
1162 968 1255 1038 qui
1276 968 1544 1023 vocamini
1566 968 1784 1023 nomine

205 1058 398 1125 Israel,
425 1067 481 1113 et
511 1058 577 1112 de
603 1058 756 1128 aquis
779 1056 915 1113 Iuda
940 1058 1149 1114 existis.
1179 1078 1198 1111 ι
1229 1057 1487 1128 Superius
1506 1056 1615 1126 jam
1643 1069 1785 1128 stepe

206 1150 464 1215 diximus,
495 1149 637 1219 quod
671 1149 886 1219 quando
913 1150 1031 1204 sine
1063 1150 1279 1204 nomine
1312 1149 1585 1219 dignitatis
1618 1148 1785 1204 Iacob

205 1238 295 1296 vel
329 1238 491 1295 Israel
511 1241 750 1310 ponitur,
772 1240 921 1299 verbi
952 1240 1145 1311 gratia,
1174 1248 1233 1294 ut
1256 1256 1361 1295 non
1388 1240 1600 1294 dicatur
1620 1237 1786 1294 Iacob

206 1345 363 1385 serve
398 1345 567 1393 meus,
600 1340 656 1385 et
693 1329 858 1385 Israel
884 1331 1051 1385 electe
1078 1345 1251 1397 meus,
1281 1333 1346 1387 de
1392 1331 1555 1387 Israel
1583 1328 1785 1385 carnali

205 1433 260 1479 et
288 1424 454 1479 Iacob
494 1423 895 1493 intelligendum
925 1432 1026 1479 est.
1057 1424 1271 1493 Istoque
1313 1424 1365 1477 in
1412 1423 1531 1479 loco
1571 1423 1638 1477 ad
1669 1437 1783 1486 eos,

204 1513 447 1583 loquitur
468 1513 749 1585 propheta,
788 1514 877 1584 qui
910 1514 1240 1569 mendaciter
1266 1515 1598 1567 vocabantur
1616 1512 1787 1567 Israe-

206 1606 315 1660 lita:
340 1614 394 1660 et
414 1604 599 1669 Iacob,
624 1605 714 1673 qui
745 1620 849 1658 non
877 1612 1032 1658 erant
1055 1604 1488 1672 supplantatores
1511 1604 1782 1670 vitiorum,

206 1708 383 1767 neque
408 1696 512 1749 viri
539 1695 783 1749 videntes
820 1694 1021 1757 Deum,
1053 1694 1145 1747 sed
1191 1693 1436 1747 carnales
1478 1701 1531 1748 et
1573 1702 1785 1747 terrena

206 1784 613 1853 amplectentes.
646 1782 839 1836 Audite
879 1780 1098 1853 (inquit)
1136 1780 1238 1836 hoc
1275 1782 1468 1837 domus
1494 1781 1689 1847 Iacob,
1732 1782 1786 1837 id

203 1882 290 1928 est
328 1873 447 1926 duae
486 1874 662 1926 tribus
703 1888 768 1927 ac
810 1871 973 1936 Levi,
1027 1873 1171 1941 quod
1209 1873 1453 1927 dicturus
1495 1886 1642 1935 sum,
1691 1872 1784 1941 qui

1882 694 2397 751 Nabuchodonosor.
2436 694 2587 751 Nunc
2618 704 2800 751 autem
2839 705 3129 767 antequam
3169 700 3459 770 ducantur,
3494 694 3503 700 ’
3588 767 3608 785 ,

1884 788 2128 858 praedicit
2176 802 2367 844 eorum
2414 789 2785 845 liberationem
2844 804 2908 845 ac
2952 792 3314 849 reversionem
3340 834 3358 861 ,
3403 801 3463 852 et

1881 881 2253 938 Chaldmorum
2267 884 2645 949 vastationem,
2670 882 2906 956 etjiufert
2930 903 2943 939 :
2971 904 2992 937 ι
3014 885 3280 957 Repente,
3300 905 3319 940 ι
3339 888 3462 944 sub-

1882 974 2037 1028 audis
2078 989 2196 1043 qua:
2230 989 2374 1028 nunc
2400 975 2652 1044 pra-dico,
2690 994 2709 1025 ι
2760 983 3015 1046 operatus
3050 986 3170 1031 Sum
3220 992 3243 1027 ι
3273 990 3374 1047 pro
3397 986 3465 1032 eo

1883 1064 2025 1133 quod
2056 1072 2139 1119 est
2164 1064 2454 1134 operabor,
2482 1082 2501 1115 ‹
2529 1073 2585 1119 et
2606 1073 2890 1131 venerunt,
2920 1083 2938 1117 ι
2969 1080 3089 1135 pro,
3121 1078 3186 1121 eo
3213 1066 3354 1136 quod
3375 1072 3461 1122 est

1881 1156 2122 1221 venient,
2151 1155 2405 1211 videlicet
2431 1163 2487 1210 et
2526 1157 2902 1213 Chaldaeorum
2941 1158 3222 1213 subversio
3257 1166 3465 1214 vestra-

1883 1259 1990 1314 que
2020 1246 2283 1302 reversio.

1960 1352 1980 1386 ι
2010 1334 2135 1390 Scio
2163 1338 2307 1391 enim
2337 1337 2462 1408 quia
2489 1337 2654 1392 durus
2682 1354 2741 1394 es
2766 1346 2844 1405 tu,
2876 1357 2895 1391 ›
2938 1339 2992 1395 id
3023 1348 3108 1395 est
3135 1339 3463 1407 incredulus,

1891 1445 1911 1478 ‹
1939 1435 1993 1482 et
2027 1442 2226 1483 nervus
2270 1428 2475 1483 ferreus
2501 1430 2680 1483 cervix
2717 1438 2825 1495 tua,
2864 1450 2882 1481 ι
2916 1432 3019 1486 hoc
3056 1440 3141 1487 est
3189 1432 3463 1487 irrevoca-

1883 1518 2005 1573 bilis
2031 1526 2113 1572 cst
2138 1520 2386 1588 superbia
2404 1527 2514 1583 tua,
2547 1538 2566 1570 ι
2585 1529 2640 1575 et
2660 1519 2811 1576 frons
2845 1530 2932 1577 tua
2953 1537 3115 1589 aerea,
3139 1542 3158 1575 ι
3191 1522 3467 1587 subaudis,

1884 1610 2010 1679 quia
2041 1609 2259 1663 noluisti
2288 1610 2630 1665 erubescere.

1953 1699 2034 1753 Ad
2071 1714 2164 1754 eos
2194 1700 2293 1754 ista
2324 1699 2560 1769 loquitur
2588 1716 2768 1756 sermo
2797 1702 3031 1771 divinus,
3069 1705 3162 1775 qui
3208 1720 3274 1760 ne
3315 1704 3472 1773 aquis

1883 1788 2018 1844 Iuda
2046 1791 2312 1855 exierant,
2339 1799 2394 1846 et
2420 1791 2473 1845 in
2502 1790 2682 1846 Iudaea
2713 1794 2889 1848 adhuc
2916 1797 3291 1860 morabantur,
3321 1795 3471 1849 vide-

1883 1880 2011 1936 licet
2035 1881 2186 1936 Iuda:
2221 1890 2276 1936 et
2318 1882 2617 1952 Benjamin.
2648 1883 2801 1950 Quod
2841 1885 2974 1939 dura
3006 1887 3221 1941 cervice
3259 1899 3475 1954 semper

204 1963 476 2018 vocamini
527 1963 745 2016 nomine
782 1961 987 2025 Israel,
1040 1962 1141 2016 hoc
1183 1970 1267 2017 est
1307 1963 1400 2030 qui
1439 1962 1779 2032 appellamini

1891 1980 2085 2039 essent,
2112 1981 2341 2028 testatur
2362 1983 2727 2046 protomartyr
2748 1975 3070 2046 Stephanus.
3100 1979 3240 2034 Dura
3262 1978 3474 2034 Cervice

207 2053 541 2107 mendaciter
567 2052 751 2117 Israel,
779 2061 833 2107 et
858 2054 925 2107 de
950 2053 1106 2122 aquis
1131 2051 1265 2108 Iuda
1293 2054 1501 2119 existis,
1532 2054 1584 2107 id
1608 2062 1693 2108 est
1717 2054 1782 2108 de

204 2143 595 2198 semineillius
632 2144 990 2213 processistis.
1026 2143 1159 2199 Cum
1195 2144 1326 2199 dicit
1354 2146 1420 2199 de
1454 2145 1610 2214 aquis
1644 2144 1781 2199 Iuda

204 2234 430 2301 existis,
482 2250 591 2289 non
628 2244 690 2289 ut
724 2235 983 2290 honorem
1023 2236 1103 2291 eis
1139 2236 1342 2291 tribuat
1378 2237 1482 2294 hoc
1522 2237 1780 2307 loquitur,

204 2331 299 2384 sed
342 2338 403 2385 ut
438 2331 687 2386 ostendat
715 2345 809 2386 eos
854 2348 1192 2404 nequaquam
1218 2335 1418 2388 virtute
1445 2335 1784 2403 patriarcha-

204 2436 328 2475 rum
353 2436 473 2477 esse
499 2421 661 2488 ﬁlios,
693 2424 788 2477 sed
817 2437 982 2478 carne
1008 2440 1022 2476 :
1054 2423 1281 2492 ideoque
1306 2424 1431 2482 facit
1455 2425 1780 2479 mentionem

204 2512 383 2577 Iudae,
411 2514 535 2583 quia
562 2513 746 2569 decem
772 2514 947 2567 tribus
971 2514 1084 2584 jam
1106 2514 1281 2569 ductae
1326 2523 1483 2568 erant
1524 2516 1579 2568 in
1614 2515 1783 2584 capti-

205 2606 462 2673 vitatem,
501 2608 721 2679 solaque
758 2610 928 2665 tribus
950 2609 1087 2665 Iuda
1124 2611 1178 2665 in
1221 2620 1364 2665 terra
1413 2611 1784 2681 repromissio-

204 2698 290 2753 nis
328 2714 585 2767 manens,
622 2718 745 2757 cum
786 2701 1066 2772 Beniamin
1103 2719 1167 2759 ac
1205 2704 1355 2769 Levi,
1398 2718 1581 2759 semen
1616 2704 1780 2758 David

207 2790 415 2861 regium
453 2793 723 2848 servabat.
757 2812 775 2845 ι
803 2792 904 2861 Qui
932 2793 1126 2864 juratis
1167 2795 1219 2849 in
1251 2795 1467 2850 nomine
1495 2793 1726 2859 Domini,
1758 2813 1776 2846 ι

206 2881 525 2938 subauditur
552 2898 659 2939 non
695 2887 761 2941 ad
807 2885 1066 2941 honorem
1113 2886 1256 2941 illius
1292 2887 1556 2952 nominis,
1593 2888 1685 2941 sed
1726 2893 1784 2940 ut

205 2988 397 3029 verum
434 2977 775 3031 mendacium
821 2979 1072 3033 statuatis
1098 2993 1164 3033 ac
1190 2979 1477 3033 roboretis.
1528 2978 1785 3034 Dominus

205 3065 450 3134 praecipit
498 3068 579 3123 eis
625 3084 693 3123 ne
732 3067 981 3138 jurarent
1023 3085 1122 3140 per
1166 3084 1359 3125 nomen
1402 3082 1782 3125 extraneorum

200 3159 461 3226 deorum,
492 3161 586 3215 sed
614 3172 713 3232 per
745 3177 941 3218 nomen
980 3160 1094 3231 ejus
1123 3180 1138 3218 :
1168 3163 1353 3218 volens
1384 3178 1480 3218 eos
1504 3177 1785 3233 segregare

202 3248 277 3303 ab
304 3248 629 3305 idololatria.
660 3251 728 3306 Et
756 3252 832 3306 illi
859 3251 1148 3308 adorantes
1179 3252 1317 3308 idola
1338 3252 1472 3307 falsa
1491 3292 1506 3317 ,
1530 3251 1785 3320 jurabant

1880 2065 2100 2136 (inquit)
2149 2073 2204 2121 et
2242 2067 2607 2123 incircumcisi
2649 2070 2846 2135 corde,
2877 2086 2972 2126 vos
3009 2086 3220 2142 semper
3246 2070 3472 2141 Spiritui

1883 2156 2084 2212 Sancto
2118 2157 2411 2212 restitistis.
2472 2157 2539 2213 Et
2576 2159 2642 2213 de
2679 2160 3005 2229 impudentia
3050 2175 3147 2231 per
3180 2160 3470 2216 Ieremiam

1881 2245 2121 2317 loquitur
2148 2249 2215 2303 ad
2242 2263 2335 2303 eos
2378 2249 2678 2305 Dominus:
2718 2268 2738 2300 ι
2771 2250 2944 2306 Frons
2986 2250 3289 2307 meretricis
3330 2250 3473 2307 facta

1860 2347 1965 2421 .est
2002 2339 2120 2404 tibi,
2154 2340 2373 2394 noluisti
2403 2340 2726 2396 erubescere
2755 2340 2931 2410 (Hier.
2959 2358 3018 2397 nt
3047 2358 3062 2407 ;
3100 2342 3292 2397 Ezech.
3321 2342 3425 2413 in).
3447 2358 3468 2396 ι

1961 2448 1979 2479 ε
2011 2429 2240 2483 Ρηηάἰῄ
2272 2431 2367 2485 tibi
2397 2451 2415 2483 ι
2450 2446 2513 2486 ea
2546 2447 2666 2502 quae
2700 2431 2878 2487 futura
2912 2443 3036 2488 sunt
3066 2434 3185 2499 tibi,
3214 2443 3270 2489 et
3299 2433 3471 2506 Baby-

1880 2516 2016 2581 loni,
2050 2538 2068 2569 ‹
2096 2528 2311 2583 extunc,
2347 2540 2365 2572 ι
2393 2522 2648 2575 subaudis
2675 2537 2742 2575 ex
2765 2537 2874 2591 quo
2889 2523 3028 2592 ccepi
3055 2523 3198 2593 loqui
3229 2540 3324 2594 per
3350 2538 3472 2595 pro-

1880 2608 2077 2679 phetas
2110 2625 2257 2665 meos
2288 2626 2451 2681 super
2476 2611 2838 2683 Babylonem;
2875 2634 2894 2667 ι
2939 2630 3008 2669 ne
3041 2613 3182 2671 forte
3217 2617 3425 2672 diceres
3455 2635 3469 2671 :

1882 2699 2027 2753 Idola
2074 2715 2192 2755 mea
2238 2699 2482 2757 fecerunt
2523 2703 2661 2770 haec,
2692 2722 2711 2755 ι
2747 2705 3098 2773 subauditur,
3130 2716 3190 2762 ut
3228 2709 3475 2763 venirent

1882 2788 2055 2861 Cyrus
2085 2801 2140 2846 et
2186 2791 2399 2853 Darius,
2430 2802 2489 2848 et
2529 2808 2617 2849 me
2660 2777 2998 2851 vindicarent
3034 2797 3101 2852 de
3142 2797 3468 2869 Babyloniis.

1962 2897 1981 2929 α
2010 2879 2142 2946 Quae
2172 2882 2366 2937 audisti
2396 2901 2413 2933 ι
2467 2891 2595 2939 tunc
2623 2886 2883 2956 temporis
2916 2902 3015 2956 per
3059 2889 3350 2958 prophetas
3381 2907 3395 2943 :
3425 2887 3469 2946 0

1880 2972 2076 3045 popule
2105 2974 2330 3028 duarum
2377 2975 2615 3030 tribuum
2637 3017 2652 3041 ,
2697 2995 2717 3027 ι
2746 2978 2867 3033 vide
2912 2980 3113 3046 omnia,
3145 2999 3164 3033 ι
3216 2980 3473 3036 subaudis

1882 3065 2171 3135 completa,
2200 3081 2300 3136 pro
2326 3081 2391 3121 eo
2419 3068 2562 3137 quod
2597 3076 2681 3123 est
2704 3068 2929 3126 videbis.
2968 3090 2987 3123 ι
3023 3071 3126 3127 Vos
3154 3080 3332 3127 autem
3362 3087 3473 3127 non

1882 3155 2265 3221 annuntiastis,
2307 3175 2325 3207 ι
2356 3157 2613 3213 subaudis
2657 3157 2782 3215 ﬁliis
2819 3161 3015 3217 vestris
3037 3202 3051 3225 ,
3098 3177 3218 3232 qum
3245 3171 3471 3217 ventura

1884 3256 2044 3300 erant
2069 3260 2234 3314 super
2259 3246 2604 3318 Babylonem.
2646 3269 2665 3301 ς
2694 3250 2891 3307 Audita
2927 3253 3028 3308 feci
3064 3254 3160 3308 tibi
3185 3270 3322 3309 nova
3353 3273 3372 3306 ι
3405 3269 3470 3309 ea

206 3340 262 3395 in
292 3343 510 3398 nomine
544 3344 687 3399 illius
712 3345 976 3409 dicentes,
995 3344 1139 3400 Vivit
1164 3345 1450 3409 Dominus;
1481 3359 1585 3398 non
1612 3345 1782 3398 bono-

1891 3351 2004 3405 quae
2021 3334 2133 3404 jam
2149 3336 2291 3391 dicta
2314 3346 2440 3392 sunt
2456 3339 2522 3393 de
2540 3340 2791 3396 vastitate
2810 3342 3125 3413 Babylonis;
3154 3361 3174 3395 ι
3204 3353 3425 3411 extunc,
3448 3364 3467 3396 ι

200 3436 284 3490 ris
310 3451 501 3502 causa,
530 3438 623 3492 sed
657 3445 717 3491 ut
744 3439 1008 3493 mendacii
1033 3439 1113 3493 sui
1140 3453 1296 3493 error
1319 3437 1529 3491 firmior
1556 3436 1782 3492 babere-

204 3534 311 3581 tur.
339 3524 493 3593 Quod
536 3534 714 3583 autem
743 3529 892 3583 addit
918 3547 931 3583 :
968 3547 986 3580 t
1015 3537 1070 3584 et
1097 3529 1193 3583 Dei
1229 3527 1391 3583 Israel
1422 3526 1780 3583 recordamini

202 3636 313 3677 non
344 3622 396 3676 in
422 3623 677 3688 veritate,
708 3639 884 3693 neque
914 3623 966 3678 in
990 3622 1217 3694 justitia.
1249 3642 1267 3676 ›
1322 3623 1532 3678 Idcirco
1567 3623 1670 3677 hoc
1697 3622 1781 3676 di-

205 3714 298 3776 cit,
327 3714 453 3783 quia
490 3713 563 3769 illi
590 3712 755 3770 verbo
781 3714 1028 3770 dicebant
1068 3729 1125 3770 se
1154 3713 1330 3770 colere
1374 3713 1539 3769 Deum
1570 3721 1783 3783 patrum

204 3817 451 3869 suorum,
481 3804 644 3859 corde
672 3813 852 3860 autem
907 3816 963 3861 et
990 3821 1152 3877 opere
1174 3805 1330 3877 longe
1379 3814 1535 3861 erant
1561 3805 1629 3860 ab
1658 3805 1779 3871 illo;

205 3895 349 3951 sicut
393 3895 506 3965 ipse
537 3896 667 3952 dicit
697 3897 801 3951 alio
830 3896 1023 3953 inloco
1052 3916 1063 3951 :
1103 3916 1120 3948 ι
1143 3897 1375 3967 Populus
1402 3898 1488 3953 hic
1516 3896 1672 3953 labiis
1697 3912 1783 3952 me

205 3983 456 4051 honorat,
481 4002 577 4042 cor
597 3999 776 4043 autem
798 4004 983 4044 eorum
1007 3989 1164 4061 longe
1185 3999 1268 4045 est
1293 4005 1323 4044 a
1347 4003 1433 4043 me
1455 3987 1666 4061 (Matth.
1690 4004 1781 4056 xv,

208 4074 382 4131 Marc.
406 4078 528 4149 vn).
555 4099 572 4129 ι

286 4184 306 4218 ι
333 4165 409 4222 De
434 4168 653 4224 civitate
678 4169 822 4225 enim
848 4178 1035 4226 sancta
1060 4171 1235 4240 vocati
1276 4178 1421 4240 sunt,
1453 4190 1472 4225 ι
1506 4172 1782 4240 subaudis,

200 4266 270 4315 ut
314 4262 382 4316 ab
426 4252 797 4335 Hierosolyma
842 4238 1317 4339 Hierosolymiani
1354 4238 1636 4335 vocentur,
1682 4288 1700 4321 ι
1731 4238 1787 4325 et

200 4362 373 4424 Super
400 4354 568 4410 Deum
607 4354 772 4413 Israel
798 4358 1021 4414 stabiliti
1069 4368 1215 4426 sunt,
1253 4379 1271 4413 ι
1302 4359 1407 4415 hoc
1435 4369 1518 4415 est
1551 4361 1781 4416 fundati.

198 4442 448 4502 Ironicos
493 4447 730 4517 loquitur
757 4447 878 4505 istic
922 4450 1204 4521 prepheta.
1246 4449 1337 4506 Sic
1364 4451 1509 4506 enim
1537 4451 1788 4506 dicebant

208 4535 288 4591 illi
305 4530 583 4607 'jactantes
610 4546 666 4592 et
693 4538 982 4609 gloriantes
1008 4555 1067 4595 se
1096 4541 1162 4594 de
1187 4540 1470 4596 nobilitate
1498 4541 1708 4611 generis
1732 4549 1786 4596 et

202 4627 576 4698 magnitudine
602 4627 789 4682 urbis:
815 4627 923 4683 Nos
969 4642 1156 4684 sumus
1186 4629 1279 4683 lilii
1316 4630 1701 4700 prophetarum
1732 4639 1788 4686 et

1841 3505 1844 3509 ἢ
1884 3442 1952 3483 ex
1985 3443 2094 3497 quo
2124 3428 2260 3497 οωρί
2297 3429 2439 3499 loqui
2476 3441 2664 3486 contra
2692 3447 2833 3498 eam,
2871 3452 2891 3485 ς
2922 3443 2976 3489 et
3004 3445 3318 3491 conservata
3349 3444 3476 3491 sunt

1883 3532 2005 3587 quae
2046 3520 2225 3574 nescis
2273 3536 2439 3576 nunc.
2476 3539 2496 3572 ι
2540 3521 2647 3577 Isto
2697 3524 2750 3578 in
2798 3524 2916 3580 loco
2951 3533 3034 3582 est
3069 3526 3475 3597 distinguendae

1884 3609 1987 3664 iste
2015 3610 2331 3666 versiculus.
2383 3610 2507 3669 Acsi
2547 3614 2755 3671 diceret
2789 3633 2803 3668 :
2860 3614 3024 3670 Multa
3075 3617 3171 3673 tibi
3209 3617 3311 3672 feci
3355 3631 3475 3687 qua:

1884 3716 2111 3757 narrare
2158 3711 2385 3772 potero;
2443 3705 2536 3759 sed
2582 3706 2708 3775 quia
2761 3715 2817 3761 tu
2863 3722 2970 3762 non
3020 3706 3325 3763 recordaris
3375 3722 3471 3763 eo-

1886 3808 2029 3860 rum,
2060 3796 2306 3851 omittam
2334 3806 2391 3852 et
2419 3810 2517 3868 ego
2546 3797 2636 3852 illa
2668 3813 2847 3866 nunc,
2887 3800 3303 3856 annuntiaturus
3340 3814 3470 3854 ven-

1884 3897 2008 3945 tura
2037 3890 2157 3945 tibi.
3134 3954 3148 3967 ο

1962 4000 1991 4033 ι.
2011 3981 2205 4038 Creata
2231 3990 2357 4039 sunt
2384 3983 2523 4052 apud
2545 3997 2631 4039 me
2654 3998 2773 4056 qua:
2796 3983 2979 4039 futura
3002 3992 3129 4040 sunt
3151 3983 3269 4052 tibi,
3291 3990 3474 4039 etnon

1884 4081 2106 4139 extunc,
2136 4093 2156 4127 ι
2191 4074 2511 4130 subauditur
2546 4074 2747 4131 audisti
2774 4075 2861 4131 vel
2900 4076 3234 4149 cognovisti,
3266 4090 3333 4132 ex
3367 4090 3474 4146 quo

1889 4165 2027 4236 apud
2068 4180 2155 4220 me
2193 4166 2453 4235 disposita
2491 4174 2644 4233 sunt;
2684 4186 2702 4220 ι
2731 4176 2789 4223 et
2813 4177 2939 4223 ante
2961 4168 3123 4236 diem,
3155 4188 3173 4220 ι
3217 4167 3473 4225 subaudis

1888 4256 2209 4312 vastationis
2252 4263 2357 4310 tuae
2396 4258 2690 4314 constituta
2720 4259 2928 4327 habeo,
2978 4277 3005 4312 ί
3031 4268 3088 4315 et
3125 4274 3234 4316 non
3276 4258 3475 4317 audisti

1884 4360 1953 4402 ea
1980 4366 1999 4399 ι
2036 4362 2070 4399 a
2104 4346 2211 4401 diis
2248 4347 2375 4401 tuis.

1959 4436 2027 4490 Et
2056 4450 2225 4506 quare
2250 4450 2360 4492 non
2387 4437 2628 4493 audisti?
2662 4457 2683 4490 ‹
2710 4438 2791 4495 Ne
2818 4438 2960 4496 forte
2989 4440 3140 4497 dicas
3167 4458 3181 4496 :
3210 4439 3353 4498 Ecce
3376 4455 3473 4499 co-

1886 4526 2049 4597 gnovi
2070 4542 2154 4592 ea,
2184 4544 2204 4579 ι
2229 4527 2506 4596 subaudis,
2536 4543 2566 4584 a
2587 4529 2691 4585 diis
2720 4530 2887 4597 meis;
2925 4549 2944 4583 ι
2970 4546 3149 4604 neque
3175 4540 3396 4600 extunc,
3445 4548 3465 4587 ›

1888 4618 2212 4675 subauditur
2260 4621 2489 4688 iterum,
2526 4636 2594 4679 ex
2638 4637 2745 4692 quo
2793 4624 2932 4694 apud
2966 4641 3055 4681 me
3089 4627 3473 4698 praedestinata

204 4696 641 4791 patriarcharum
666 4762 680 4787 ,
710 4721 943 4776 Abraam
968 4762 985 4789 ,
1017 4723 1165 4777 Isaac
1192 4729 1246 4776 et
1290 4696 1454 4778 Israel
1488 4724 1785 4781 amicorum
1812 4696 1866 4758 D
1886 4720 2038 4779 Βιωῑι
2076 4732 2096 4765 ί
2123 4722 2309 4784 apem!
2336 4722 2421 4770 εει
2449 4716 2597 4772 auris
2620 4724 2709 4771 ωε
2739 4735 2758 4768 δ
2792 4724 2854 4771 ιιι
2874 4732 2937 4773 ea
2969 4696 3184 4777 avdires
3203 4719 3287 4775 vel
3316 4719 3474 4777 intel-

206 4814 329 4881 Dei,
355 4823 411 4870 et
424 4815 753 4871 habitatores
776 4815 1009 4871 civitatis
1031 4816 1145 4870 Dei.
1176 4814 1284 4871 Nos
1310 4830 1493 4872 sumus
1516 4831 1543 4871 a
1570 4817 1788 4873 civitate

207 4914 399 4961 sancta
426 4908 601 4962 vocati
630 4904 1125 4976 Hierosolymitani,
1156 4914 1210 4961 et
1239 4922 1402 4978 super
1428 4908 1595 4963 Deum
1624 4907 1788 4965 Israel

208 4994 420 5051 fundati
463 5011 649 5052 sumus
686 4995 863 5068 (Joan.
896 4995 1033 5066 vni).
1098 5015 1117 5046 t
1151 4997 1408 5052 Dominus
1451 4999 1787 5053 exercituum

206 5097 407 5143 nomen
450 5087 566 5157 ejus
586 5129 601 5154 ,
633 5107 649 5140 ι
677 5087 950 5155 subaudis,
983 5097 1088 5155 est,
1125 5087 1277 5157 cujus
1308 5090 1447 5145 servi
1474 5105 1677 5145 sumus.

289 5196 308 5232 ι
337 5177 547 5246 Priora,
574 5200 592 5231 ι
615 5181 667 5236 id
695 5189 776 5237 est
801 5181 1021 5251 antiqua
1053 5201 1072 5233 ‹
1103 5197 1167 5236 ex
1199 5191 1328 5238 tunc
1360 5183 1674 5238 annuntiavi
1713 5185 1784 5239 ti-

211 5269 292 5337 bi,
319 5290 338 5323 ι
369 5271 624 5326 subaudis
648 5288 718 5326 ex
752 5289 857 5343 quo
882 5274 1022 5343 coepi
1066 5272 1212 5344 loqui
1252 5282 1438 5330 contra
1460 5273 1785 5347 Babylonem

212 5363 439 5419 dicens:
468 5361 615 5418 Onus
652 5362 957 5433 Babylonis,
993 5384 1011 5415 ‹
1039 5373 1093 5419 et
1121 5380 1186 5419 ex
1224 5381 1317 5421 ore
1357 5381 1477 5421 meo
1514 5366 1784 5431 exierunt,

211 5462 270 5510 et
298 5455 477 5510 audita
510 5468 570 5509 ea
595 5453 692 5509 feci
719 5453 838 5519 tibi,
869 5475 885 5505 ι
922 5456 996 5510 De
1022 5472 1113 5511 ore
1140 5471 1260 5511 meo
1280 5458 1478 5528 (inquit
1506 5473 1684 5513 sermo
1708 5459 1788 5513 di-

208 5547 407 5617 vinus)
453 5548 699 5603 exierunt
741 5562 804 5602 ea
848 5563 966 5618 qua:
1006 5548 1276 5617 praedixi:
1320 5550 1422 5605 hoc
1464 5559 1549 5606 est
1582 5552 1647 5606 de
1691 5566 1788 5607 ore

212 5638 623 5710 prophetarum,
665 5640 756 5709 qui
786 5653 847 5693 os
878 5637 1085 5693 Domini
1121 5640 1483 5710 appellantur;
1521 5644 1659 5697 sicut
1687 5643 1787 5713 ipsi

210 5729 438 5786 dicunt:
467 5750 485 5782 ι
512 5730 585 5786 Os
606 5732 748 5785 enim
771 5731 983 5786 Domini
1007 5731 1240 5786 locutum
1264 5743 1347 5787 est
1372 5733 1502 5802 (Isa.
1530 5735 1587 5806 ι).
1613 5756 1630 5786 ι
1659 5734 1787 5802 Quae

214 5820 433 5875 fuerunt
473 5821 645 5890 prima
675 5836 791 5890 quae
817 5830 940 5877 ante
975 5822 1350 5877 annuntiaxit?
1388 5824 1640 5880 Miracula
1669 5842 1787 5895 quae

212 5919 470 5988 operatus
488 5919 573 5970 est
598 5912 651 5968 in
680 5914 857 5970 medio
886 5928 1094 5982 eorum,
1122 5929 1153 5969 a
1182 5915 1268 5972 die
1299 5930 1404 5989 qua
1430 5918 1677 5974 exierunt
1718 5933 1785 5975 ex

1888 4804 2104 4877 ligeres.
2138 4823 2157 4856 ι
2188 4804 2315 4861 Scio
2340 4805 2506 4869 enim,
2535 4806 2660 4878 quia
2688 4806 3048 4876 praevaricans
3078 4810 3469 4880 praevaricabe-

1888 4896 1988 4961 ris,
2018 4916 2038 4950 ι
2070 4896 2347 4963 subaudis,
2374 4897 2432 4951 in
2459 4897 2693 4953 adventu
2724 4897 2846 4953 Filii
2874 4899 3014 4968 mei,
3046 4901 3151 4957 hoc
3176 4910 3259 4957 est
3288 4910 3469 4956 trans-

1891 4988 2152 5060 gredieris
2184 4987 2353 5059 legem
2411 5003 2510 5059 per
2539 4987 2720 5044 Mosen
2751 4990 2961 5056 datam,
3003 5002 3058 5046 et
3093 4991 3264 5062 legem
3291 4991 3467 5047 Evan-

1890 5083 2015 5155 gelii
2051 5098 2211 5153 quam
2240 5099 2271 5138 a
2302 5081 2437 5139 Filio
2466 5100 2586 5141 meo
2623 5086 2903 5142 auditurus
2942 5098 3020 5151 es,
3059 5096 3165 5138 non
3201 5083 3469 5139 credendo

1886 5173 1945 5228 in
1968 5188 2120 5240 eum;
2156 5193 2177 5225 ‹
2204 5184 2259 5231 et
2288 5184 2743 5247 transgressorem
2768 5192 2832 5231 ex
2858 5185 3045 5231 ventre
3074 5195 3093 5229 ι
3123 5175 3235 5231 sive
3261 5189 3326 5230 ex
3351 5185 3469 5230 ute—

1888 5280 1951 5324 ro
1991 5288 2010 5320 ι
2042 5270 2229 5325 vocavi
2257 5278 2332 5337 te,
2366 5289 2385 5323 ι
2422 5271 2525 5326 hoc
2552 5279 2666 5339 est,
2697 5288 2727 5327 a
2758 5272 2843 5327 die
2881 5287 2985 5341 qua
3026 5269 3196 5343 legem
3225 5269 3317 5326 tibi
3344 5268 3465 5324 dedi

1889 5362 2102 5432 quando
2136 5362 2369 5417 adorasti
2397 5362 2599 5418 idolum
2617 5404 2633 5429 ,
2661 5363 2858 5419 oblitus
2885 5362 3025 5432 quod
3054 5369 3180 5417 ante
3202 5361 3467 5431 promise-

1889 5460 1983 5510 ras
2012 5455 2233 5510 dicens:
2273 5475 2291 5507 ‹
2322 5455 2512 5510 Omnia
2542 5471 2662 5526 quae
2704 5455 2914 5511 locutus
2953 5462 3039 5511 est
3084 5455 3240 5511 nobis
3286 5453 3467 5508 Domi-

1889 5556 2017 5612 nus,
2045 5547 2326 5602 audiemus
2349 5557 2404 5602 et
2432 5547 2693 5602 faciemus
2729 5544 2925 5619 (Exod.
2956 5546 3126 5619 xxiv).
3158 5565 3177 5599 ι
3213 5544 3339 5600 Sive
3366 5559 3465 5598 an-

1892 5645 2110 5708 tequam
2156 5639 2389 5694 intrares
2446 5639 2500 5692 in
2545 5647 2745 5693 terram
2792 5637 3244 5708 repromissionis.
3294 5634 3465 5692 Slcuti

1890 5730 2086 5786 mulier
2113 5745 2234 5801 quae
2281 5731 2333 5784 in
2380 5738 2571 5786 ventre
2613 5737 2787 5800 gestat
2832 5744 3091 5800 puerum,
3137 5742 3259 5783 cum
3306 5725 3466 5783 enixa

1890 5819 2053 5875 fuerit
2079 5822 2247 5876 nutrit
2286 5835 2349 5876 ac
2378 5819 2521 5874 fovet
2545 5835 2699 5886 eum;
2729 5818 2809 5875 sic
2837 5820 2977 5876 Deus
3010 5819 3347 5888 omnipotens
3372 5830 3468 5887 per

1890 5916 2105 5975 deserta
2132 5915 2399 5974 vastitatis
2454 5923 2675 5990 portans
2731 5915 2852 5975 Illos
2886 5926 2983 5974 sua
3045 5913 3417 5975 misericordia
3441 5952 3461 5989 ,
