4016 6498
547 490 654 548 959

1006 477 1361 536 HAYMONIS
1401 444 1882 531 llALBEBSTAT.
1924 467 2139 524 EPISC.
2180 466 2332 523 OPP.
2372 464 2553 520 PARS
2586 466 2632 531 ι.
2665 492 2734 506 —-
2767 462 3124 521 COMMENT.
3164 460 3336 515 BlBL.

3734 458 3871 512 960

547 607 831 673 postquam
853 593 1082 666 ingressi
1106 601 1231 647 sunt
1253 592 1305 644 in
1329 598 1530 643 terram
1550 585 1799 641 omnibus
1820 580 2117 645 meliorem,
2146 584 2197 644 Α
2222 575 2517 649 gregamini
2537 589 2726 633 omnes
2751 593 2845 632 vos
2867 598 2884 630 ι
2916 577 2999 632 vel
3021 576 3168 641 caeli,
3193 575 3278 673 vel
3300 588 3489 629 omnes
3664 580 3864 639 ωηεν

548 688 776 746 nutrivit
801 701 896 741 eos
922 682 1243 755 perjudices
1291 679 1600 735 sacerdotes
1642 691 1706 729 ac
1726 674 2015 744 prophetas
2036 686 2123 725 re-

548 794 772 850 gesque,
789 788 1068 845 usquequo
1082 771 1421 843 praevaricati
1445 778 1569 824 sunt
1602 766 1902 822 recedendo
1917 765 1984 818 ab
2007 762 2119 819 illo.

627 891 646 922 ι
678 871 904 939 Propter
950 882 1142 921 nomen
1173 881 1373 928 meum,
1404 883 1422 914 ι
1474 864 1578 916 hoc
1603 868 1715 923 est,
1757 868 1974 929 propter
2003 859 2120 929 glo-

554 962 691 1019 riam
732 975 902 1015 meam
940 973 1007 1012 ne
1055 955 1393 1019 annulletnr,
1430 972 1447 1003 ι
1479 952 1635 1023 longe
1662 951 1854 1005 faciam
1885 950 2123 1004 furorem

552 1068 764 1116 meum,
819 1069 838 1102 ι
895 1047 1151 1103 subaudis
1212 1046 1513 1101 reducendo
1564 1044 1727 1098 tetde
1772 1043 2118 1113 captivitate,

558 1144 764 1207 «(laude
790 1157 934 1205 mea,
965 1160 984 1193 ι
1022 1139 1073 1193 id
1105 1147 1186 1193 est
1213 1138 1283 1193 ob
1308 1138 1519 1191 laudem
1550 1151 1748 1199 meam,
1774 1144 1836 1187 ut
1876 1150 1976 1204 ego
2012 1134 2124 1187 lau-

550 1234 646 1288 der
685 1253 703 1284 (
734 1234 812 1287 inf
815 1233 1010 1287 rcnabo
1042 1241 1090 1285 te
1118 1252 1135 1282 ι
1171 1230 1283 1300 lege
1327 1244 1444 1283 mea
1465 1269 1477 1290 ,
1509 1248 1526 1279 ‹
1559 1243 1625 1282 ne
1659 1227 1908 1281 intereas.
1941 1247 1958 1277 ι
1996 1225 2124 1280 Pos-

552 1340 735 1379 sumus
760 1331 814 1376 et
852 1324 954 1376 hoc
991 1320 1194 1375 referre
1230 1319 1296 1373 ad
1336 1328 1544 1386 tempus
1572 1317 1896 1387 egressionis
1937 1331 2123 1370 eorum

548 1431 614 1469 ex
648 1415 899 1485 Egypto,
926 1421 986 1466 ut
1022 1413 1274 1480 loquatur
1299 1411 1365 1464 de
1400 1408 1673 1479 prmwrito
1699 1408 1850 1478 quasi
1888 1409 1953 1462 de
1982 1407 2127 1461 futu-

551 1521 632 1560 ro.
665 1505 891 1573 Propter
920 1518 1113 1557 nomen
1143 1516 1317 1553 meum
1345 1499 1561 1569 (inquit)
1600 1514 1666 1551 ne
1697 1497 1943 1562 violetur,
1971 1496 2126 1565 longe

551 1597 744 1651 faciam
776 1597 1011 1650 furorem
1045 1610 1241 1655 meum,
1272 1608 1371 1662 pro
1400 1608 1465 1646 eo
1489 1590 1630 1660 quod
1669 1600 1751 1645 est
1780 1590 1881 1645 feci
1911 1591 2125 1660 quando

551 1686 788 1739 adorasti
821 1685 1042 1738 vitulum
1067 1725 1081 1747 ,
1113 1699 1178 1737 ne
1209 1682 1569 1750 disperderem
1601 1692 1671 1745 te,
1705 1689 1757 1733 et
1797 1680 1952 1734 laude
1983 1695 2123 1746 mea,

552 1776 605 1830 id
628 1785 712 1830 est
734 1778 801 1831 ob
829 1776 1039 1829 laudem
1065 1774 1345 1828 infrenaho
1373 1782 1443 1837 te,
1471 1789 1567 1842 pro
1593 1788 1657 1826 eo
1683 1773 1825 1841 quod
1852 1780 1934 1826 est
1961 1770 2127 1826 infre-

549 1866 673 1919 navi
702 1874 770 1927 te,
795 1864 967 1935 legem
995 1864 1169 1917 dando
1200 1863 1292 1916 tibi
1324 1877 1389 1916 ne
1417 1863 1686 1916 interit-cs.

2222 668 2307 721 vel
2326 668 2498 723 omnis
2526 669 2811 723 multitudo
2841 669 3069 723 filiorum
3087 667 3271 733 Israel,
3304 686 3325 719 ς
3352 676 3411 721 et
3431 665 3625 737 audite
3648 686 3672 717 ι
3710 678 3860 732 qua:

2222 759 2461 813 dicturus
2502 774 2645 814 sum.
2694 778 2712 810 ι
2751 759 2883 826 Quis
2917 760 2981 813 de
3007 759 3105 821 eis.
3143 777 3161 808 ι
3209 757 3464 811 subaudis
3496 756 3667 811 cmlis
3720 754 3860 806 sive

2221 848 2506 913 creaturis,
2544 869 2564 900 ι
2595 849 2929 903 annuntiavit
2951 849 3065 902 hare
3091 868 3109 899 ι
3147 848 3213 900 de
3227 845 3392 917 Cyro,
3415 846 3563 915 quod
3594 846 3855 898 destru-

2221 947 2408 994 cturus
2429 949 2577 994 esset
2600 936 3041 1010 Babylonem,vel
3058 938 3122 990 de
3144 936 3281 991 Filio
3309 951 3430 991 meo
3455 936 3602 1005 quod
3640 935 3853 988 nasci—

2222 1039 2374 1084 turus
2404 1041 2554 1084 esset
2581 1045 2645 1083 ex
2676 1029 2917 1100 virgine?
2949 1027 3073 1083 Haec
3096 1042 3214 1096 quae
3233 1033 3560 1096 sequuntur,
3591 1025 3851 1094 proprie

2225 1121 2289 1174 ad
2335 1120 2609 1176 Christum
2650 1122 2948 1191 pertinent,
3000 1129 3223 1190 possunt
3266 1128 3444 1172 tamen
3500 1115 3714 1171 referri
3769 1113 3847 1169 ad

2223 1209 2421 1279 Cyrum
2455 1211 2781 1280 Dariumque
2803 1251 2815 1271 ,
2861 1209 3002 1264 sicut
3045 1210 3234 1263 beatus
3256 1207 3623 1278 Hieronymus
3647 1205 3839 1265 dicit,

2226 1314 2397 1371 usque
2428 1300 2493 1353 ad
2540 1300 2685 1353 illum
2724 1299 2899 1354 locum
2945 1300 3033 1353 ubi
3077 1299 3273 1353 dicitur
3305 1316 3318 1350 :
3358 1297 3581 1351 Directa
3613 1305 3715 1348 est
3744 1294 3838 1347 vi:

2226 1389 2359 1458 ejus.
2397 1407 2414 1439 ι
2446 1389 2703 1443 Dominus
2730 1390 2915 1444 dilexit
2950 1404 3095 1452 eum,
3127 1408 3145 1439 ι
3193 1387 3453 1443 subaudis
3477 1386 3696 1457 Cyrum
3748 1384 3837 1440 vel

2228 1478 2467 1542 Darium,
2500 1480 2820 1534 avunculum
2848 1480 2985 1547 ejus,
3015 1489 3075 1533 ut
3112 1480 3409 1534 dimitteret
3438 1479 3831 1547 captivitatem

2227 1566 2407 1636 populi
2436 1567 2552 1633 sui,
2600 1586 2617 1617 ι
2645 1577 2698 1621 ct
2747 1568 2909 1622 faciet
2949 1568 3281 1622 voluntatem
3324 1581 3476 1621 suam
3531 1568 3589 1619 in
3641 1566 3828 1636 Baby-

2226 1655 2368 1719 lone,
2399 1675 2417 1707 ι
2454 1657 2579 1725 quia
2609 1657 2782 1725 capiet
2806 1671 2924 1710 eam
2958 1677 2975 1707 ‹
2998 1666 3053 1710 et
3082 1657 3356 1710 brachium
3378 1670 3545 1709 suum
3579 1655 3637 1708 in
3668 1655 3826 1709 Chal-

2228 1746 2376 1811 daeis,
2410 1766 2428 1798 ι
2462 1748 2587 1816 quia
2626 1747 2913 1801 interﬁciet
2939 1762 3031 1801 eos
3061 1746 3194 1818 (Isa.
3222 1748 3363 1815 va).

2305 1875 2322 1907 ι
2354 1856 2487 1926 Ego,
2528 1872 2627 1926 ego
2652 1856 2860 1911 loeutus
2884 1872 3002 1911 sum
3048 1876 3065 1908 ι
3097 1858 3164 1911 de
3190 1856 3332 1927 Cyro
3379 1870 3483 1925 per
3523 1856 3821 1926 prophetas

628 1973 645 2006 t
676 1954 817 2009 Ecce
845 1954 1034 2008 excoxi
1064 1962 1133 2017 te,
1165 1972 1183 2004 ι
1221 1954 1322 2006 hoc
1346 1961 1429 2006 est
1454 1952 1675 2021 probavi
1702 1961 1752 2006 te
1778 1952 2005 2006 diversis
2029 1950 2127 2005 lla-
2156 1939 2204 2001 Β
2232 1964 2411 2015 meos;
2445 1969 2463 2000 ι
2492 1959 2550 2003 et
2581 1951 2768 2004 vocavi
2805 1964 2928 2003 eum
2956 1969 2975 2000 ι
3010 1949 3228 2002 nomine
3267 1949 3489 2018 proprio
3526 1954 3821 2018 antequam

549 2042 723 2113 gellis,
745 2063 763 2095 ι
795 2046 888 2099 sed
914 2060 1022 2099 non
1052 2044 1204 2113 quasi
1229 2053 1532 2113 argentum,
1564 2043 1879 2111 iisubaudis,
1906 2041 2131 2112 probavi

546 2143 624 2203 te,
664 2137 790 2205 quia
834 2152 938 2189 non
985 2150 1046 2189 es
1090 2142 1370 2204 purgatus,
1413 2152 1430 2182 ι
1461 2141 1516 2187 et
1542 2132 1676 2201 elegi
1727 2142 1778 2186 te
1827 2133 1880 2185 in
1920 2132 2131 2185 camino

551 2230 908 2297 paupertatis,
942 2250 960 2281 ι
996 2229 1096 2283 hoc
1123 2237 1207 2283 est
1239 2228 1293 2281 in
1330 2228 1675 2285 tribulatione
1709 2228 2041 2297 paupertatis
2077 2234 2133 2283 et

551 2319 780 2388 inopia},
830 2320 964 2373 dans
1010 2319 1224 2374 divitias
1274 2327 1389 2372 tuas
1438 2319 1681 2374 hostibus
1729 2320 1852 2373 tuis.
1905 2320 2029 2373 Sive
2075 2319 2132 2375 in

551 2406 803 2477 Egypto,
856 2407 944 2460 ubi
982 2423 1103 2461 eras
1122 2408 1275 2477 quasi
1314 2408 1365 2461 in
1411 2409 1624 2462 camino
1646 2409 2011 2477 pauperrima.
2054 2390 2143 2463 Ex:

551 2511 657 2564 quo
688 2497 845 2551 datur
872 2498 1118 2569 intelligi,
1147 2501 1271 2567 quia
1302 2500 1440 2553 Deus
1459 2501 1814 2569 omnipotens,
1846 2501 2132 2571 aliquando

550 2588 775 2653 divitiis,
798 2590 1087 2659 aliquando
1110 2600 1443 2661 paupertate,
1471 2593 1659 2661 probat
1685 2593 1950 2648 homines.
1970 2593 2132 2649 Verbi

554 2683 726 2752 gratia
754 2699 766 2736 :
792 2683 911 2737 illos
938 2684 1029 2753 qui
1058 2683 1334 2738 abundant
1364 2684 1586 2750 divitiis,
1621 2685 1666 2739 si
1697 2685 1802 2741 illis
1833 2685 1971 2741 male
1997 2686 2131 2741 abu-

551 2782 758 2838 tuntur,
792 2773 921 2830 facit
963 2791 1056 2831 eos
1092 2777 1345 2835 devenire
1374 2778 1426 2831 iu
1468 2787 1858 2848 paupertatem.
1889 2780 1990 2845 Qui
2039 2795 2134 2834 au-

551 2872 657 2938 tem
683 2865 732 2919 ei
765 2866 865 2919 rite
892 2874 1138 2933 utuntur,
1172 2866 1303 2923 facit
1343 2867 1575 2937 amplius
1605 2867 1898 2922 abundare.
1930 2867 2134 2921 Simili-

551 2961 634 3009 ter
659 2957 751 3026 qui
787 2965 1159 3027 paupertatem
1185 2959 1455 3028 patienter
1483 2958 1748 3024 tolerant,
1781 2961 1872 3015 dat
1897 2960 1975 3014 eis
2001 2959 2136 3037 divi-

552 3047 674 3112 tias,
706 3048 846 3102 sicut
871 3059 1091 3104 econtra
1122 3050 1238 3104 illos
1266 3051 1355 3118 qui
1386 3060 1744 3115 murmurant,
1773 3052 1841 3105 ad
1875 3049 2134 3118 majorem

552 3148 849 3208 egestatem
880 3141 1113 3195 deducit.
1148 3141 1300 3197 Unde
1326 3148 1380 3195 et
1406 3140 1657 3195 Salomon
1690 3160 1703 3195 :
1735 3162 1753 3193 ‹
1781 3140 2007 3195 Divitias
2032 3142 2136 3213 (in-

552 3226 689 3297 quit)
723 3237 777 3283 et
816 3240 1180 3298 paupertatem
1216 3246 1283 3285 ne
1303 3232 1516 3287 dederis
1545 3232 1675 3286 mihi
1719 3231 1899 3301 (Prov.
1928 3232 2078 3301 xxx).
2109 3250 2128 3284 ι

2233 2048 2566 2105 nasceretur,
2626 2040 2850 2109 loquens
2879 2056 2974 2109 per
3013 2038 3249 2094 Isaiam:
3290 2039 3422 2094 Haec
3455 2040 3595 2094 dicit
3636 2041 3819 2093 Duilli-

2232 2146 2335 2185 nus
2347 2130 2563 2187 Christo
2586 2145 2704 2185 meo
2724 2130 2882 2201 Cyro.
2904 2130 3139 2185 Adduxit
3165 2146 3291 2185 eum
3314 2129 3384 2183 ab
3410 2131 3629 2185 oriente
3656 2146 3818 2200 super

2230 2219 2592 2291 Babylonem,
2627 2228 2687 2275 ut
2715 2236 2835 2275 eam
2876 2230 3114 2275 vastaret
3162 2222 3526 2290 redderetque
3571 2223 3621 2276 ei
3662 2221 3814 2288 juxta

2232 2312 2381 2382 quod
2422 2312 2748 2369 merebatur.
2782 2312 2936 2378 Quod
2971 2321 3151 2367 autem
3201 2312 3355 2367 addit
3392 2328 3577 2367 sermo
3603 2315 3811 2367 divinus

2239 2422 2257 2454 ι
2286 2413 2340 2459 et
2370 2404 2574 2460 directa
2595 2414 2679 2459 est
2705 2404 2791 2458 via
2817 2404 2952 2474 ejus,
2984 2422 3003 2455 ι
3032 2404 3302 2473 quomodo
3329 2405 3500 2473 possit
3527 2406 3710 2458 referri
3733 2404 3802 2457 ad

2232 2496 2431 2567 Cyrum
2479 2497 2739 2552 cultorem
2790 2497 3077 2562 idolorum,
3104 2497 3246 2567 quod
3277 2497 3485 2552 directa
3517 2497 3669 2552 fuerit
3712 2497 3801 2550 via

2233 2588 2378 2657 ejus,
2411 2590 2558 2644 nullo
2603 2590 2761 2645 modo
2790 2598 2957 2659 patet.
2988 2589 3310 2645 Referamus
3334 2600 3394 2646 et
3427 2592 3497 2645 ad
3529 2590 3810 2644 Dominum

2232 2680 2416 2736 Jesum
2436 2683 2728 2738 Christum.
2746 2683 2886 2737 Deus
2896 2682 3056 2738 Pater
3069 2683 3257 2739 dilexit
3270 2683 3473 2738 Filium
3487 2700 3666 2747 suum,
3680 2685 3815 2737 sicut

2235 2772 2453 2826 unicum
2484 2783 2540 2826 et
2574 2771 3089 2827 consubstantialem
3149 2772 3282 2837 sibi;
3322 2773 3451 2841 quia
3481 2774 3602 2842 ipse
3643 2772 3809 2827 dixit:

2240 2881 2258 2913 ι
2288 2863 2387 2918 llic
2410 2872 2491 2918 est
2511 2863 2680 2918 Filius
2708 2876 2860 2918 meus
2882 2862 3110 2918 dilectus
3138 2862 3354 2933 (Matth.
3387 2879 3473 2928 tn,
3503 2862 3639 2917 Luc.
3664 2864 3768 2933 Ill).
3790 2882 3805 2913 ι

2235 2955 2421 3010 Faciet
2442 2939 2952 3010 volttntatem'suam
2978 2956 3031 3010 in
3060 2955 3405 3026 Babylonem,
3429 2956 3485 3010 id
3508 2964 3598 3010 est
3619 2956 3675 3009 in
3701 2971 3819 3009 cou-

2234 3045 2499 3100 fusionem
2545 3045 2704 3115 hujus
2733 3046 2951 3110 mundi,
2982 3046 3107 3114 quia
3148 3045 3375 3101 redimet
3416 3061 3591 3116 genus
3634 3046 3820 3100 huma-

2236 3152 2394 3200 num,
2419 3136 2512 3205 qui
2536 3136 2589 3189 in
2613 3135 2927 3191 confusione
2945 3145 3290 3206 peccatorum
3314 3135 3693 3190 morabantur.
3723 3135 3825 3190 Do-

2238 3229 2416 3284 minus
2427 3227 2583 3284 Jesus
2597 3229 2649 3283 in
2666 3230 2913 3284 omnibus
2930 3244 3049 3298 qute
3063 3230 3251 3301 gessit,
3267 3228 3586 3282 voluntatem
3598 3227 3709 3282 Dei
3722 3229 3826 3282 Pa-

629 3338 646 3368 ι
670 3293 903 3390 Prop-ter
920 3293 1011 3377 ine
1037 3321 1251 3389 faciam,
1284 3342 1303 3375 ›
1339 3324 1441 3379 hoc
1474 3332 1558 3378 est
1579 3293 1795 3392 propter
1820 3293 2128 3379 misericor-
2159 3293 2204 3356 (ἶ
2237 3321 2333 3375 tris
2360 3320 2690 3391 adimplevit,
2715 3320 2853 3375 sicut
2880 3293 2991 3391 ipse
3016 3293 3153 3374 di‘xit
3179 3339 3191 3373 ε
3226 3293 3333 3374 Non
3354 3318 3473 3373 vati
3497 3317 3684 3372 facere
3716 3334 3823 3374 νο-

553 3408 698 3463 diam
730 3425 902 3465 meam
943 3410 1180 3467 liberabo
1212 3421 1263 3467 te
1302 3414 1367 3467 de
1396 3413 1727 3483 captivitate.
1762 3413 1830 3468 Ut
1866 3429 1971 3468 non
2019 3414 2133 3468 bla-

552 3501 823 3568 sphemer,
865 3501 919 3555 id
961 3510 1046 3555 est
1090 3518 1159 3557 ne
1196 3503 1251 3557 in
1282 3512 1596 3573 perpetuum
1644 3511 1696 3558 te
1740 3503 1793 3557 in
1822 3504 2132 3573 captivitate

555 3592 848 3647 retinentes
889 3594 1100 3659 dicant,
1145 3596 1288 3665 quod
1314 3596 1385 3651 dii
1421 3610 1607 3651 eorum
1651 3611 1748 3650 vos
1793 3598 2133 3653 retinuerunt

556 3690 611 3734 et
665 3697 764 3753 ego
812 3699 919 3738 non
978 3686 1241 3756 potuerim
1288 3686 1517 3742 liberare
1584 3702 1681 3741 vos
1736 3687 1868 3757 (Isa.
1933 3705 2018 3742 xu
2084 3698 2133 3743 et

556 3776 721 3845 κων).
774 3794 793 3827 ‹
822 3776 889 3831 Et
919 3777 1142 3847 gloriam
1192 3793 1390 3843 meam,
1418 3797 1436 3829 ι
1470 3779 1575 3834 hoc
1607 3786 1693 3833 est
1715 3778 1924 3834 laudem
1956 3796 2133 3836 meam

561 3883 579 3914 ι
611 3865 764 3921 alteri
796 3887 815 3919 ι
851 3869 1073 3923 deorum
1108 3889 1125 3920 ‹
1154 3884 1258 3924 non
1289 3870 1426 3924 dabo
1453 3889 1471 3920 ι
1507 3880 1564 3924 ιιι
1605 3869 1748 3924 Deus
1776 3870 1877 3937 sit,
1907 3870 2034 3926 licet
2068 3871 2136 3927 ab

556 3956 866 4014 hominibus
911 3960 1150 4025 dicatur,
1203 3969 1562 4032 praeterquam
1606 3961 1741 4016 Filio
1778 3976 1898 4017 meo
1920 3972 1974 4018 et
2008 3963 2135 4031 Spi-

557 4046 683 4102 ritui
715 4058 921 4117 sancto,
955 4051 1049 4121 qui
1076 4052 1208 4106 mihi
1239 4051 1729 4108 consubstantiales
1753 4061 1803 4107 et
1836 4052 2137 4122 coaequales

558 4149 707 4194 sunt.

634 4252 653 4283 ‹
681 4233 820 4287 Audi
855 4232 965 4306 [ΑΙ.
997 4235 1122 4289 add.
1146 4234 1277 4308 me],
1306 4235 1491 4303 Jacob.
1523 4257 1542 4289 ι
1576 4252 1696 4307 quae
1729 4237 1968 4293 dicturus
1993 4252 2132 4305 sum,

564 4341 582 4373 ε
613 4330 666 4377 et
707 4322 903 4391 Israel,
935 4340 1092 4396 quem
1130 4342 1232 4397 ego
1256 4342 1390 4382 voco
1420 4348 1437 4379 ι
1473 4329 1538 4383 ad
1568 4328 1939 4398 paenitentiam
1977 4337 2033 4383 et
2069 4328 2138 4384 ad

559 4415 807 4471 salutem.
835 4418 952 4491 Non
978 4420 1107 4474 dicit
1135 4420 1276 4476 Deus
1303 4429 1475 4491 pater,
1501 4421 1638 4476 Audi
1666 4437 1771 4486 me,
1787 4421 1954 4477 Jacob
1983 4436 2138 4478 serve

558 4523 709 4583 meus
751 4519 805 4564 et
850 4510 1013 4565 Israel
1042 4511 1213 4567 electe
1243 4528 1415 4577 meus,
1448 4523 1506 4566 ut
1536 4512 1925 4583 intelligeretur
1953 4514 2019 4567 de
2042 4513 2136 4568 Ja-

558 4598 657 4653 cob
686 4600 769 4655 vel
806 4600 970 4656 Israel
1011 4603 1275 4671 Spirituali
1320 4604 1541 4667 dictum,
1579 4603 1674 4657 sed
1718 4603 1863 4668 audi,
1885 4602 2052 4659 Iacob
2079 4613 2135 4660 et

559 4685 740 4751 lsrael,
774 4691 865 4760 qui
908 4690 1153 4746 carnales
1185 4692 1337 4747 estis.
1386 4712 1403 4743 ‹
1435 4692 1544 4762 Ego
1582 4692 1696 4761 ipse
1728 4693 1934 4760 primus
1959 4712 1978 4742 ι
2010 4702 2136 4748 ante

558 4793 715 4845 quem
740 4781 934 4843 nullus,
974 4800 991 4831 ι
1019 4791 1072 4836 et
1089 4797 1187 4852 ego
1210 4784 1533 4838 novissimus
1560 4803 1579 4834 ι
1608 4791 1727 4853 post
1749 4799 1907 4853 quem
1936 4784 2130 4840 nullus.

559 4868 688 4923 Tale
729 4879 813 4924 est
854 4880 908 4926 et
932 4870 1058 4926 illud
1088 4873 1229 4941 quod
1266 4874 1316 4927 in
1356 4866 1679 4944 A'pocalypsi
1714 4872 1936 4930 Joannis
1972 4875 2136 4931 habeo

561 4970 647 5014 tur
677 4976 691 5015 :
735 4961 847 5031 Ego
877 4978 995 5017 sum
1025 4963 1179 5033 alpha
1210 4973 1266 5018 et
1294 4980 1508 5035 omega,
1540 4966 1750 5021 initium
1781 4976 1832 5021 et
1868 4966 2008 5022 finis.

634 5076 650 5103 ιι
681 5052 867 5109 Manus
889 5069 1103 5124 quoque
1133 5069 1274 5119 mea,
1308 5074 1324 5105 ι
1355 5056 1458 5109 hoc
1473 5064 1578 5121 est,
1601 5054 1855 5121 Verbum,
1886 5057 2053 5112 Filius
2079 5066 2137 5114 et

558 5144 819 5212 sapientia
848 5160 987 5209 mea,
1023 5164 1040 5195 ι
1071 5144 1314 5199 l‘tnnlavit
1346 5156 1544 5200 terram
1574 5166 1592 5197 ι
1629 5162 1789 5216 super
1833 5158 1991 5202 tenue
2032 5147 2139 5203 ele-

560 5244 798 5288 mentum
835 5254 852 5284 ‹
883 5244 938 5289 et
968 5236 1187 5290 dextera
1222 5251 1339 5290 mea
1372 5252 1556 5291 mensa
1579 5246 1680 5302 est,
1710 5257 1728 5288 ι
1761 5238 1812 5292 id
1836 5246 1919 5291 est
1948 5245 2138 5293 exten-

559 5325 634 5379 dit
666 5348 683 5377 ‹
713 5327 896 5383 ctelos.
916 5348 945 5378 η»
977 5328 1163 5383 Manus
1185 5329 1277 5382 Dei
1301 5329 1480 5385 Patris
1502 5340 1557 5385 et
1583 5331 1801 5384 dextera
1838 5330 2009 5385 Filitts
2030 5340 2134 5398 est,

558 5418 680 5486 quia
706 5433 802 5487 per
831 5419 1003 5489 ipsum
1032 5421 1207 5474 omnia
1241 5421 1365 5476 fecit
1392 5420 1573 5492 (Joan.
1604 5421 1666 5485 ι),
1717 5421 1855 5474 sicut
1903 5421 2133 5477 Psalmi-

560 5517 641 5562 sta
672 5509 803 5563 dicit
848 5529 859 5563 :
905 5530 923 5562 ε
961 5512 1150 5567 Omnia
1185 5515 1234 5565 in
1263 5513 1523 5582 sapientia
1554 5512 1725 5566 fecisti
1762 5510 1930 5583 (Psal.
1963 5529 2057 5569 cm
2083 5524 2134 5568 et

561 5602 752 5670 χλιιι),
788 5602 882 5656 »ῐιίι
910 5618 924 5656 :
957 5623 975 5654 t
1000 5603 1177 5675 Verbo
1194 5606 1402 5658 Domini
1429 5605 1550 5659 coeli
1578 5604 1773 5657 firmati
1805 5618 1947 5660 sunt.
1980 5628 1997 5658 ι
2020 5609 2085 5663 Et
2115 5627 2127 5662 :

566 5709 586 5743 ι
616 5693 756 5748 Deus
793 5696 1051 5765 sapientia
1101 5697 1343 5751 fundavit
1373 5707 1569 5750 terram
1597 5737 1613 5761 ,
1641 5708 1696 5751 et
1722 5699 1943 5753 dextera
1992 5701 2133 5757 illius

560 5799 746 5840 mensa
770 5795 852 5841 est
877 5787 1061 5840 cmlos.
1093 5809 1109 5839 ι
1141 5808 1156 5839 α
1190 5788 1301 5857 Ego
1327 5790 1529 5844 vocabo
1550 5806 1659 5853 eos,
1694 5810 1710 5840 ι
1745 5793 1997 5847 subaudis
2022 5810 2131 5850 cce-

526 5888 527 5891 ‘
563 5874 662 5963 los,
692 5896 708 5929 ι
740 5887 794 5932 et
839 5879 1056 5937 stabunt
1087 5880 1245 5936 simul
1280 5900 1298 5935 ι
1342 5881 1398 5936 in
1442 5892 1730 5953 conspectu
1770 5900 1910 5940 meo.
1945 5904 1963 5936 ι
1993 5885 2135 5942 Con—

2162 4645 2211 4705 D

2232 3412 2492 3466 luntatem
2519 3426 2717 3475 meam,
2749 3411 2843 3466 sed
2873 3412 2989 3481 ejus
3014 3412 3104 3481 qui
3132 3410 3279 3467 misit
3306 3425 3405 3465 me.
3431 3409 3502 3464 Et
3520 3409 3826 3465 brachium

2232 3515 2407 3566 suum,
2436 3501 2488 3555 id
2506 3510 2609 3566 est,
2624 3500 2995 3555 fortitudinem
3017 3516 3170 3555 suam
3193 3499 3551 3570 etpoteutiam
3576 3499 3824 3554 extendit

2232 3592 2285 3646 in
2308 3591 2591 3657 Chaldaeis,
2621 3592 2723 3647 hoc
2749 3600 2849 3654 est,
2874 3592 2927 3646 in
2955 3592 3315 3657 daemonibus;
3345 3592 3471 3661 quia
3501 3591 3822 3645 abstuliteis

2231 3689 2568 3750 potestatem.
2600 3680 2735 3736 Nam
2767 3682 2879 3752 ipse
2920 3681 3092 3736 dixit:
3132 3700 3151 3732 ι
3186 3682 3340 3737 Nunc
3369 3682 3627 3752 princeps
3669 3682 3821 3751 hujus

2232 3772 2417 3826 mundi
2438 3771 2682 3842 ejicietur
2710 3770 2854 3827 foras
2881 3771 3063 3843 (Joan.
3096 3773 3214 3844 xu).
3251 3793 3269 3825 ι
3313 3772 3447 3844 Ego,
3485 3787 3589 3843 ego
3616 3773 3821 3827 locutus

2233 3877 2352 3917 sum
2378 3863 2443 3917 de
2463 3863 2599 3917 Filio
2619 3878 2739 3917 meo
2762 3877 2858 3932 per
2877 3862 3057 3919 Mosen
3084 3872 3411 3934 cteterosque
3440 3863 3755 3934 prophetas,
3770 3872 3821 3919 et

2234 3952 2419 4007 vocavi
2441 3966 2564 4007 eum
2588 3953 2804 4007 nomine
2830 3953 3049 4023 proprio
3088 3962 3377 4024 antequam
3408 3963 3733 4009 nasceretur
3757 3969 3819 4008 ex

2235 4045 2462 4112 virgine,
2489 4044 2713 4113 loquens
2739 4060 2838 4114 per
2866 4044 3171 4100 Gabrielem
3198 4044 3584 4116 archangelum
3613 4046 3683 4100 ad
3717 4044 3820 4099 lla-

2236 4137 2369 4190 riam
2401 4150 2416 4189 :
2450 4154 2469 4187 ‹
2507 4136 2647 4191 Ecce
2685 4137 2957 4207 concipies
2991 4147 3046 4192 et
3092 4138 3269 4209 paries
3307 4137 3499 4203 lilium,
3527 4148 3586 4192 et
3613 4138 3821 4193 vocabis

2236 4243 2428 4283 nomen
2455 4227 2571 4297 ejus
2593 4226 2809 4284 Jesuur.‘
2825 4249 2844 4281 ι
2873 4230 3085 4285 Adduxi
3113 4245 3255 4295 eum,
3294 4228 3396 4284 hoc
3422 4238 3527 4291 est,
3557 4230 3819 4283 incarnari

2237 4319 2528 4375 constitui:
2571 4328 2625 4374 et
2670 4320 2873 4374 directa
2899 4328 2981 4375 est
3021 4320 3106 4375 via
3139 4318 3289 4389 ejus,
3326 4319 3456 4389 quia
3508 4338 3526 4369 ι
3561 4334 3669 4374 non
3699 4333 3816 4389 pec-

2238 4419 2415 4465 catum
2469 4410 2595 4466 fecit
2647 4427 2748 4467 nec
2796 4411 2950 4467 dolus
3009 4412 3257 4467 inventus
3315 4419 3397 4466 est
3450 4412 3506 4465 in
3560 4426 3661 4465 ore
3712 4410 3816 4478 ejus

2242 4502 2394 4575 (Luc.
2426 4503 2490 4576 ι).
2521 4523 2539 4557 ι

2315 4624 2333 4657 ι
2363 4604 2621 4662 Accedite
2643 4606 2712 4662 ad
2735 4620 2840 4671 me,
2873 4624 2892 4657 ι
2921 4614 3130 4675 gentes,
3163 4623 3182 4657 ι
3211 4613 3266 4659 et
3287 4604 3481 4660 audite’
3498 4605 3633 4661 hoc.
3661 4625 3679 4657 ι
3710 4604 3816 4659 Vox

2242 4692 2362 4748 Filii
2408 4693 2525 4751 Dei.
2570 4688 2595 4748 ι’
2616 4696 2731 4752 Non
2773 4712 2803 4751 a
2853 4697 3117 4765 principio
3164 4697 3218 4750 in
3261 4696 3589 4751 abscondito
3620 4697 3819 4751 locutus

2241 4798 2383 4848 sum,
2424 4803 2442 4835 ι
2482 4786 2736 4841 subaudis
2763 4785 2936 4851 Mosi,
2976 4785 3203 4855 loquens
3246 4786 3313 4840 ad
3358 4801 3485 4840 cum
3536 4789 3597 4841 in
3650 4799 3821 4841 monte

2243 4873 2372 4930 Sina
2403 4892 2500 4946 per
2523 4877 2794 4946 angelum,
2823 4878 2949 4947 quia
2977 4877 3128 4931 multi
3171 4877 3461 4931 audierunt
3491 4879 3661 4932 verba
3693 4894 3818 4932 mea.

2247 4981 2266 5014 ι
2296 4964 2375 5018 Ex
2404 4973 2640 5035 tempore
2668 4976 2952 5035 antequam
2992 4965 3184 5022 fierent
3222 4981 3283 5020 ea
3313 4986 3332 5020 ι
3364 4981 3487 5037 quae
3516 4965 3669 5022 facta
3708 4974 3821 5022 sum

2247 5076 2265 5107 ι
2295 5056 2367 5110 ibi
2412 5071 2580 5111 eram.
2614 5076 2634 5108 ι
2679 5057 2947 5112 Subaudis
2992 5059 3045 5113 in
3090 5059 3268 5114 Patre.
3319 5059 3494 5115 Filius
3548 5061 3650 5116 Dei
3708 5075 3820 5116 cum

2238 5149 2397 5204 Patre
2433 5148 2640 5204 locutus
2661 5159 2742 5204 est
2758 5150 2912 5214 Mosi,
2937 5166 3058 5205 cum
3081 5151 3242 5207 Patre
3272 5153 3399 5208 fecit
3426 5154 3614 5208 omnia
3642 5163 3699 5208 et
3729 5154 3822 5209 dis-

2238 5242 2416 5311 posuit
2442 5242 2622 5296 omnia
2651 5259 2663 5295 :
2707 5243 2844 5297 sicut
2874 5244 2986 5313 ipse
3016 5246 3257 5315 loquitur
3313 5262 3412 5316 per
3438 5245 3815 5315 Sapientiam:

2244 5351 2262 5382 ι
2291 5333 2548 5387 Dominus
2596 5336 2834 5403 possedit
2878 5351 2962 5390 me
3013 5337 3066 5390 in
3119 5339 3274 5393 initio
3318 5340 3527 5393 viarum
3582 5354 3815 5403 suarum,

2238 5433 2525 5492 antequam
2554 5423 2845 5492 quidquam
2876 5422 3079 5478 faceret
3110 5441 3140 5477 a
3166 5427 3455 5495 principio,
3487 5444 3508 5478 ι
3541 5434 3601 5481 et
3628 5435 3817 5480 caetera

2236 5530 2426 5583 usque,
2450 5530 2572 5568 cum
2597 5530 2659 5567 eo
2679 5529 3001 5583 componens
3020 5517 3221 5570 omnia.
3244 5517 3311 5570 Et
3333 5518 3561 5572 iterum:
3586 5538 3601 5568 ε
3632 5517 3815 5574 Omnis

2238 5608 2497 5676 sapientia
2530 5624 2559 5661 a
2591 5606 2816 5661 Domino
2837 5607 2949 5662 Deo
2968 5618 3069 5673 est,
3098 5620 3153 5663 et
3187 5625 3306 5663 cum
3337 5610 3426 5664 illo
3450 5608 3554 5663 fuit
3586 5626 3813 5683 semger,

2237 5709 2392 5756 etest
2420 5712 2546 5754 ante
2574 5716 2742 5755 arvum
2774 5698 3114 5771 (Prov.vm).
3156 5723 3175 5756 ι
3214 5722 3230 5753 ι
3268 5704 3331 5758 Et
3370 5720 3514 5758 nunc
3558 5704 3814 5760 Dominus

2236 5793 2397 5847 Pater
2423 5793 2567 5847 misit
2595 5807 2698 5857 me,
2721 5811 2738 5843 ι
2757 5793 2858 5847 hoc
2871 5804 2954 5847 est
2977 5795 3244 5849 incarnari
3261 5796 3559 5859 constituit,
3586 5815 3603 5845 t
3625 5805 3679 5849 et
3700 5796 3815 5865 Spi-

2239 5888 2373 5942 ritus
2397 5885 2532 5956 ejus.
2555 5905 2572 5937 ι
2589 5884 2745 5940 Brevi
2768 5888 3030 5945 versiculo
3050 5887 3328 5946 Trinitatis
3341 5890 3497 5946 nobis
3514 5891 3815 5948 ostenditur
