4016 6474
171 386 262 442 961

1208 375 1561 436 COMMENT.
1600 375 1668 430 IN
1706 372 1962 430 ISAIAM.
2000 401 2071 412 -—
2107 372 2235 429 LIB.
2274 373 2338 428 II.

3307 373 3412 429 963

170 502 578 552 sacramentum.
617 492 790 549 Homo
833 500 1140 562 assumptus
1184 506 1215 544 a
1261 496 1525 560 potestate
1554 486 1735 550 Verbi,
1765 490 1815 550 Α
1841 484 2113 555 apostolos
2137 485 2222 539 vel
2251 486 2561 552 credentes;
2591 496 2645 542 et
2674 487 2803 543 dicit
2833 506 2846 541 :
2878 486 3228 559 Egredimini,
3257 503 3291 543 ο
3313 486 3409 544 Ju-

169 591 403 662 loquitur
430 588 571 659 quod
605 586 743 642 Deus
772 586 934 641 Pater
968 594 1022 640 et
1068 583 1300 654 Spiritus
1330 582 1447 651 ejus
1468 579 1744 635 miseritur

168 697 310 748 eum,
340 681 393 736 id
419 689 503 736 est
525 680 797 735 incarnari
827 676 1191 733 constituerit.

240 790 259 825 ‹
286 770 410 829 Haec
433 771 561 826 dicit
600 770 860 826 Dominus
887 771 1028 824 Deus
1051 768 1356 837 redemptor
1383 774 1504 819 tuus
1526 771 1743 819 sanctus

168 863 345 920 Israel.
375 883 394 915 ›
428 862 665 918 Cliorum
693 860 1056 931 apostolorum
1081 858 1185 913 isto
1214 857 1402 912 inloco
1427 855 1738 926 alloquitur.

169 953 486 1025 Redemptor
514 952 631 1022 ejus
676 954 892 1016 dicitur,
931 951 1057 1021 quia
1100 948 1329 1004 redemit
1375 963 1497 1002 eum
1543 946 1739 1018 pretio,

166 1043 218 1106 ,d
254 1052 336 1099 est
382 1044 642 1115 sanguine
673 1057 791 1097 suo.
827 1060 845 1091 ι
880 1042 991 1112 Ego
1023 1040 1282 1095 Dominus
1311 1039 1453 1092 Deus
1484 1047 1606 1091 tuus
1644 1036 1743 1090 do-

164 1149 290 1190 cens
318 1144 368 1187 te
398 1133 547 1187 utilia
566 1173 581 1198 ,
613 1153 631 1185 ι
662 1133 767 1188 hoc
801 1140 906 1197 est,
935 1146 1056 1201 quae
1091 1130 1159 1184 ad
1183 1128 1411 1183 salutem
1446 1128 1739 1198 pertinent,

162 1240 258 1295 per
302 1223 646 1295 Evangeiium
678 1241 696 1273 ε
726 1223 1030 1294 gubernans
1078 1230 1131 1274 te
1177 1219 1232 1273 in
1272 1217 1360 1272 via
1405 1234 1509 1287 qua
1556 1218 1744 1272 ambu-

165 1315 316 1380 labis,
346 1333 365 1367 ›
410 1314 511 1369 hoc
554 1313 759 1379 est,,in
795 1311 1045 1383 praesenti
1080 1309 1309 1374 steculo,
1348 1308 1462 1363 sive
1491 1309 1541 1363 in
1569 1305 1742 1363 ofﬁcio

161 1405 555 1477 praedicationis
579 1423 590 1459 :
622 1405 761 1460 sicut
791 1403 886 1457 tibi
911 1400 1154 1472 promisi,
1186 1400 1405 1454 dicens;
1429 1417 1447 1448 ‹
1477 1398 1617 1451 Ecce
1642 1411 1741 1464 ego

161 1500 434 1554 vobiscum
462 1513 582 1551 sum
605 1496 854 1551 omnibus
881 1481 1099 1557 diebus:
1122 1505 1291 1560 usque
1314 1490 1380 1544 ad
1403 1503 1741 1545 consumma-

162 1593 358 1647 tionem
380 1591 559 1647 saaculi
588 1586 1008 1663 (Matth.xxvm)
1029 1602 1043 1650 ;
1068 1604 1086 1637 ι
1114 1593 1170 1639 et
1188 1581 1404 1652 quando
1429 1582 1564 1637 dixit
1599 1600 1611 1635 :
1642 1581 1737 1649 Ite,

161 1683 347 1739 docete
372 1696 561 1737 omnes
590 1690 798 1750 gentes.

234 1793 251 1824 ‹
283 1773 501 1828 Utinam
528 1770 853 1826 attendisses
883 1765 1134 1821 mandata
1169 1765 1320 1819 mea!
1353 1763 1518 1819 Facta
1550 1762 1742 1819 fuisset

161 1868 297 1922 sicut
328 1864 524 1919 flumen
570 1877 676 1934 pax
705 1870 817 1924 tua,
849 1879 867 1912 ι
905 1860 1008 1914 hoc
1034 1866 1136 1923 est,
1166 1856 1430 1927 profunda
1471 1856 1735 1912 securitas
1762 1841 1809 1900 Β

161 1957 256 2010 tibi
282 1964 446 2011 esset.
482 1955 780 2010 Possumus
798 1952 904 2007 hoc
942 1964 1009 2005 ex
1037 1957 1190 2020 parte
1219 1950 1286 2004 ad
1313 1948 1476 2004 Israel
1511 1948 1730 2004 referre.

161 2048 204 2105 Ο
230 2048 426 2112 Israel,
466 2047 513 2102 si
554 2046 878 2101 attendisses
920 2043 1173 2098 mandata
1209 2055 1327 2096 mea
1356 2050 1413 2095 et
1442 2056 1607 2111 opere
1637 2040 1734 2095 ad-

160 2138 458 2210 implesSes,
488 2137 630 2193 facta
656 2144 800 2193 esset
824 2135 1086 2192 securitas
1116 2141 1169 2189 et
1193 2148 1299 2203 pax
1328 2143 1414 2186 tua
1446 2130 1731 2203 profunda.

159 2228 259 2283 Per
288 2229 401 2284 haec
426 2229 608 2284 omnia
640 2244 760 2298 qua:
790 2233 1108 2296 sequuntur,
1136 2224 1461 2278 abundantia
1489 2231 1544 2277 et
1565 2222 1736 2292 pleni-

159 2320 284 2375 tudo
302 2321 566 2375 bonorum
589 2320 827 2375 omnium
855 2317 1177 2382 ostenditur,
1203 2332 1364 2387 quam
1394 2315 1482 2369 ille
1510 2313 1736 2384 populus

156 2414 380 2470 haberet
423 2413 527 2468 nisi
577 2412 962 2483 praevaricator
1006 2411 1284 2464 existeret.
1337 2409 1395 2463 Si
1442 2416 1622 2462 autem
1669 2407 1736 2462 ad

157 2505 380 2558 chorum
410 2501 777 2573 apostolorum
815 2500 1121 2566 referimus,
1150 2500 1255 2554 erit
1275 2514 1466 2554 sensus
1494 2516 1507 2553 :
1533 2498 1577 2555 Ο
1601 2500 1733 2553 cho-

156 2610 250 2650 rus
297 2593 683 2665 apostolorum,
723 2594 929 2649 utinam
982 2590 1228 2647 attendas
1269 2589 1522 2644 mandata
1580 2589 1729 2643 mea!

156 2685 309 2753 Quod
338 2684 384 2739 si
413 2683 609 2740 feceris
637 2700 757 2754 quae
784 2682 1045 2754 praecepi,
1083 2683 1189 2738 erit
1223 2697 1328 2752 pax
1352 2691 1441 2735 tua
1470 2682 1609 2735 sicut
1638 2679 1736 2733 flu-

153 2794 278 2833 men
314 2778 458 2848 quod
498 2792 710 2847 semper
745 2776 988 2832 decurrit
1020 2782 1075 2830 et
1105 2789 1382 2844 nunquam
1411 2773 1731 2839 minoratur,

154 2871 256 2925 hoc
289 2877 409 2936 est,
461 2868 725 2925 securitas
765 2876 854 2923 tua
895 2876 951 2922 et
996 2882 1101 2938 pax
1147 2878 1362 2936 semper
1408 2864 1645 2919 manebit
1680 2864 1736 2918 in

154 2960 484 3015 beatitudine
511 2968 747 3024 :eterna;
782 2978 799 3010 ι
832 2967 886 3014 et
914 2958 1019 3013 erit
1044 2958 1254 3028 justitia
1281 2966 1371 3010 tua
1394 2956 1531 3011 sicut
1556 2955 1736 3027 gurgi-

154 3061 239 3106 tes
262 3051 447 3115 maris,
480 3070 499 3102 ι
528 3048 834 3105 ﬂuctuando
860 3057 914 3103 et
943 3048 1227 3112 elevando,
1254 3054 1310 3101 et
1333 3047 1507 3101 eundo
1534 3046 1600 3100 de
1628 3045 1735 3099 vir-

156 3147 271 3193 tute
315 3139 368 3194 in
410 3139 681 3193 virtutem.
720 3155 738 3189 ι
769 3137 836 3192 Ει
872 3137 976 3190 erit
1006 3150 1190 3191 semen
1235 3145 1404 3199 tuum,
1438 3154 1456 3186 ι
1494 3136 1595 3189 hoc
1627 3142 1728 3199 est,

154 3246 342 3286 onmes
368 3233 649 3287 credentes
675 3245 771 3302 per
799 3229 1232 3301 praedicationem
1259 3237 1426 3292 tuam,
1457 3227 1571 3281 sive
1595 3241 1729 3295 gen-

156 3323 429 3389 tiles,sive
456 3323 648 3388 Judaei,
686 3339 707 3374 ι
735 3322 875 3376 sicut
912 3335 1101 3385 arena,
1134 3340 1151 3370 ›
1186 3318 1441 3373 subaudis
1476 3333 1594 3385 qua:
1622 3332 1735 3386 prae

155 3413 498 3468 multitudine
543 3412 818 3467 numerari
867 3426 974 3464 non
1027 3408 1189 3463 valet.
1235 3426 1253 3458 ‹
1281 3407 1347 3461 Ει
1395 3407 1558 3477 stirps
1596 3406 1735 3459 uteri

157 3501 269 3568 tui,
300 3520 318 3552 ι
365 3500 419 3555 id
450 3508 570 3565 est,
606 3499 699 3553 ﬁlii
750 3497 1009 3553 doctrina:
1057 3504 1160 3550 tuae
1203 3502 1361 3548 erunt
1414 3514 1429 3545 ι
1461 3504 1520 3548 ιιι
1569 3493 1736 3562 lapilli

156 3607 355 3648 arenae.
387 3609 406 3643 ι
439 3589 633 3645 Semen
680 3598 735 3644 et
778 3590 940 3658 stirps
965 3584 1329 3657 apostolorum
1374 3592 1501 3639 sunt
1546 3599 1737 3639 omnes

155 3685 464 3749 credentes,
497 3680 637 3736 sicut
683 3680 813 3735 dicit
843 3678 1128 3751 Apostolus
1155 3695 1167 3730 :
1213 3694 1233 3727 ί
1260 3675 1433 3729 Filioli
1472 3676 1573 3730 mei
1601 3690 1737 3745 quos

155 3782 351 3836 iterum
368 3776 631 3847 parturio.
655 3794 672 3825 ι
691 3776 791 3829 Ει;
815 3793 832 3825 ι
855 3773 958 3829 Per
984 3773 1329 3843 Evangelium
1344 3786 1444 3842 ego
1467 3787 1561 3826 vos
1576 3773 1738 3842 genui

158 3862 301 3943 (Gul.
350 3884 434 3933 tv,
478 3867 509 3921 Ι
545 3866 668 3921 Cor.
712 3865 808 3936 ιν).
840 3884 858 3916 ›
904 3884 921 3916 ‹
953 3863 1065 3917 Non
1099 3864 1388 3927 interisset,
1428 3884 1446 3915 ι
1482 3864 1738 3918 subaudis

158 3976 339 4018 semen
369 3969 540 4024 tuum,
564 3958 793 4023 olsrael,
814 3957 858 4012 si
887 3956 1208 4011 attendisses
1227 3956 1294 4010 ad
1320 3956 1568 4010 mandata
1584 3972 1732 4023 mea;

164 4075 183 4107 ι
212 4064 266 4108 et
316 4068 419 4106 non
469 4051 661 4106 fuisset
716 4050 955 4102 attritum
1018 4062 1210 4101 nomen
1246 4047 1382 4116 ejus,
1413 4066 1431 4097 )
1485 4046 1739 4102 subaudis

159 4144 343 4209 Israel,
369 4162 387 4194 ί
416 4159 446 4197 a
473 4141 606 4218 facie
635 4156 776 4206 mea,
809 4160 826 4191 ι
848 4148 906 4193 ut
942 4154 1153 4208 semper
1172 4140 1270 4193 viri
1300 4140 1542 4195 videntes
1572 4140 1739 4194 Deum

161 4248 342 4294 mente
382 4237 708 4292 dicerentur.
762 4232 915 4290 Nunc
960 4241 1142 4287 autem
1187 4232 1311 4301 quia
1357 4233 1740 4302 praevaricatus

161 4347 242 4395 es,
280 4310 523 4382 attritum
555 4334 635 4381 est
675 4341 871 4381 nomen
916 4333 1096 4390 tuum,
1145 4333 1341 4393 praeter
1378 4325 1649 4394 apostolos
1686 4325 1741 4379 in

162 4423 358 4494 quibus
401 4419 688 4475 reservasti
738 4433 923 4475 semen
950 4425 1006 4472 et
1052 4431 1247 4472 nomen
1287 4416 1738 4487 patriarcharum.

1841 576 1961 643 ἀείτί,
1983 578 2049 631 de
2076 579 2363 650 Babylone,
2390 581 2734 650 permittente
2747 583 2906 653 Cyro;
2927 584 3110 640 velvos
3133 585 3413 641 credentes

1843 668 2155 738 egredimini
2209 670 2274 724 de
2318 669 2624 741 Babylone,
2682 674 2785 727 hoc
2838 680 2947 738 est,
2992 674 3058 728 de
3099 675 3413 732 confusione

1841 761 2003 831 hujus
2031 764 2237 818 mundi.
2272 763 2425 831 Quod
2458 767 2502 820 si
2533 782 2639 821 non
2678 768 2907 836 potestis
2935 783 3181 838 corpore,
3219 770 3411 827 saltem

1842 863 2023 909 mente
2060 864 2114 908 et
2142 857 2615 925 contemplatione.
2647 858 2840 929 Fugite
2861 874 2957 915 vos
2998 876 3029 914 a
3059 860 3324 917 Chaldaeis
3356 864 3412 919 in

1844 953 2044 1000 terram
2075 947 2527 1016 repromissionis.
2553 948 2647 1005 Vel
2667 965 2785 1017 vos,
2809 953 3054 1022 apostoli,
3079 968 3110 1007 a
3134 956 3411 1011 consortio

1842 1037 2145 1092 daemonum
2176 1046 2231 1092 et
2274 1038 2539 1095 malorum
2586 1041 2865 1105 hominum
2912 1045 3100 1114 procul
3149 1046 3408 1102 recedite.

1840 1127 1899 1183 In
1928 1143 2061 1183 voce
2083 1129 2461 1185 exsultationis
2485 1139 2539 1186 et
2560 1133 2738 1200 gaudii
2770 1134 3106 1201 annuntiate,
3130 1136 3411 1203 subaudis,

1841 1218 2162 1284 vos,Judaei,
2195 1220 2498 1275 libertatem
2527 1230 2761 1278 vestram
2791 1225 2911 1279 aliis
2931 1224 3271 1295 gentibus,et
3292 1242 3409 1294 vos.

1842 1310 2091 1379 apostoli,
2122 1311 2546 1381 redemptionem
2578 1316 2880 1370 animarum
2903 1325 3226 1372 vestrarum.
3258 1338 3277 1369 ι
3305 1319 3413 1374 Au-

1842 1399 2014 1455 ditum
2042 1400 2204 1457 facite
2237 1402 2359 1468 hoc,
2397 1422 2416 1455 ι
2450 1420 2483 1459 o
2519 1403 2712 1472 Judaei,
2755 1407 2882 1476 quia
2925 1408 2991 1464 de
3026 1409 3297 1480 Babylone
3330 1410 3415 1464 fu-

1841 1494 1985 1562 gitis,
2035 1505 2090 1549 et
2138 1511 2172 1551 o
2219 1498 2479 1567 apostoli,
2523 1500 2649 1570 quia
2703 1500 2960 1558 Dominus
3010 1502 3240 1558 redemit
3293 1518 3410 1560 vos.

1848 1602 1867 1636 σ
1901 1585 2063 1642 Ferte
2109 1588 2241 1643 illud
2276 1604 2445 1658 usque
2489 1591 2558 1645 ad
2605 1601 2847 1648 extrema
2879 1603 3073 1661 terrae,
3107 1615 3126 1647 ι
3165 1595 3268 1667 hoc
3304 1603 3411 1660 est,

1839 1692 1939 1748 per
1963 1694 2180 1735 omnem
2223 1681 2482 1736 mundum
2522 1682 2809 1752 praedicate
2838 1693 2898 1738 ut
2937 1693 2992 1740 et
3032 1685 3135 1754 ipsi
3175 1699 3272 1755 per
3300 1701 3417 1741 suc-

1841 1769 2096 1824 cedentes
2139 1770 2518 1840 generationes
2562 1786 2626 1827 ea
2677 1774 3014 1829 annuntient.
3076 1794 3095 1826 ‹
3156 1777 3348 1842 Dicite,
3388 1794 3409 1830 ι

1836 1873 1870 1912 o
1902 1857 2070 1913 Judaei
2111 1859 2194 1914 vel
2240 1860 2489 1929 apostoli,
2525 1862 2631 1916 illis
2661 1863 2754 1933 qui
2782 1864 3071 1934 ignorant:
3110 1884 3128 1915 ι
3166 1866 3417 1921 Redemit

1836 1948 2097 2006 Dominus
2145 1966 2359 2007 servum
2407 1968 2563 2008 suum
2599 1952 2769 2010 Jacob
2806 1976 2824 2007 ι
2869 1956 2936 2011 de
2974 1956 3264 2029 Babylone,
3299 1959 3415 2015 sive

1835 2063 2022 2102 omnes
2048 2056 2236 2118 gentes
2263 2063 2384 2118 quae
2420 2050 2553 2105 vitia
2582 2052 2932 2122 supplantant
2985 2053 3052 2108 de
3089 2053 3411 2112 confusione

1834 2148 2204 2210 peccatorum.

1911 2248 1929 2279 ι
1973 2227 2089 2283 Non
2135 2228 2390 2284 sitierunt
2441 2228 2497 2284 in
2546 2230 2796 2297 deserto,
2848 2250 2868 2283 ι
2905 2231 3164 2288 subaudis
3200 2236 3415 2304 quando

1835 2319 2038 2387 egressi
2066 2326 2191 2374 sunt
2218 2320 2286 2374 de
2308 2320 2578 2393 Babylone
2608 2323 2708 2378 sub
2740 2323 3059 2391 Zorobabel,
3100 2327 3417 2396 ueterisque

1836 2410 2078 2464 ducibus.
2133 2410 2268 2464 Nam
2328 2412 2544 2481 quando
2591 2428 2659 2467 ex
2707 2412 2944 2484 Egypto
2985 2416 3278 2483 exierunt,‘
3309 2434 3415 2474 non

1836 2499 2010 2554 solum
2053 2500 2309 2555 sitierunt
2336 2541 2351 2566 ,
2414 2502 2769 2558 verumetiam
2811 2512 2866 2559 et
2921 2517 3413 2564 murmuraverunt.

1836 2590 1950 2645 Hoc
1999 2599 2182 2646 autem
2238 2593 2382 2661 quod
2438 2593 2702 2662 sequitur,
2765 2613 2785 2645 ι
2824 2610 2945 2650 cum
2991 2596 3246 2653 educeret
3296 2614 3411 2665 eos,

1837 2700 2032 2755 aquam
2079 2686 2145 2742 de
2187 2696 2337 2756 petra
2385 2689 2638 2758 produxit
2670 2690 2769 2755 eis,
2817 2710 2838 2744 ι
2876 2692 3097 2747 minime
3135 2694 3416 2765 impletum

1836 2790 1955 2832 esse
1995 2778 2223 2848 legimus
2255 2787 2541 2849 postquam
2577 2790 2779 2835 terram
2817 2784 3252 2853 repromissionis
3296 2804 3419 2857 per-

1835 2877 2126 2937 ceperunt;
2185 2869 2288 2924 nisi
2327 2870 2704 2941 hyperbolicos
2741 2872 2794 2926 in
2821 2873 3227 2947 similitudinem
3263 2879 3411 2948 prio-

1836 2957 1913 3015 ris
1964 2956 2239 3012 felicitatis
2292 2960 2508 3029 impleta
2562 2976 2683 3016 esse
2734 2972 3145 3030 contestentur,
3199 2968 3417 3036 quando

1834 3063 1932 3117 per
1953 3048 2223 3102 desertum
2260 3051 2570 3118 pactionum
2611 3060 2875 3107 venerunt
2907 3053 2961 3107 in
2988 3052 3228 3110 Judzeam
3270 3066 3325 3112 et
3351 3058 3419 3113 de

1837 3138 2147 3209 captivitate
2184 3147 2311 3192 sunt
2342 3138 2575 3205 liberati,
2617 3140 2695 3197 vel
2729 3143 2891 3197 etiam
2920 3144 3023 3199 nisi
3056 3153 3114 3199 ut
3152 3146 3419 3203 referatur

1839 3231 1905 3283 ad
1944 3230 2305 3299 egressionem
2335 3245 2400 3285 ex
2431 3230 2689 3301 Egypto,
2715 3242 2770 3287 et
2796 3235 3008 3289 dicatur
3028 3252 3136 3291 non
3164 3238 3418 3294 sitierunt

1840 3320 1891 3373 in
1925 3320 2157 3381 deserto,
2187 3320 2443 3374 subaudis
2472 3329 2531 3374 ut
2567 3322 2826 3389 perirent.
2859 3322 2917 3378 Si
2959 3332 3140 3378 autem
3176 3325 3242 3379 ad
3280 3339 3413 3394 apo—

1838 3409 2004 3464 stolos
2058 3408 2378 3473 referimus,
2420 3426 2526 3463 non
2573 3411 2825 3465 sitierunt
2880 3412 2936 3467 in
2990 3414 3207 3469 deserto
3254 3412 3415 3484 hujus

1838 3501 1960 3555 vita:
1999 3518 2012 3554 ι
2054 3501 2177 3570 quia
2207 3515 2330 3554 cum
2355 3501 2610 3556 educeret
2642 3516 2737 3556 eos
2770 3501 2837 3556 de
2876 3501 3166 3573 Babylone,
3203 3504 3306 3559 hoc
3335 3513 3422 3562 est

1839 3592 1907 3647 de
1951 3591 2268 3646 confusione
2303 3591 2535 3662 peccati,
2578 3606 2676 3664 per
2722 3592 2886 3647 fidem
2931 3608 3085 3648 suam
3118 3609 3315 3663 aquam
3352 3595 3420 3652 de

1838 3691 1990 3753 petra
2036 3683 2287 3752 produxit
2335 3683 2445 3747 eis,
2495 3682 2548 3737 id
2591 3690 2676 3737 est
2729 3683 2901 3754 gratia
2960 3683 3134 3742 sancti
3185 3682 3421 3753 Spiritus

1840 3773 2065 3843 replevit
2089 3788 2212 3838 eos;
2267 3788 2387 3842 qua:
2424 3773 2490 3827 de
2528 3772 2747 3828 Christo
2784 3774 3067 3844 processit.
3107 3792 3124 3823 ι
3161 3773 3228 3827 Et
3252 3776 3416 3830 scidit

1838 3871 2070 3933 petram,
2117 3871 2172 3917 et
2215 3862 2487 3916 ﬂuxerunt
2518 3878 2694 3933 aqum,
2731 3882 2750 3915 ι
2787 3864 2890 3919 hoc
2931 3871 3015 3917 est
3056 3864 3255 3932 aperiri
3296 3876 3423 3933 pro-

1841 3959 1988 4013 misit
2016 3957 2155 4012 latus
2182 3956 2408 4021 Christi,
2438 3957 2503 4011 de
2526 3972 2633 4026 quo
2661 3957 2912 4010 exierunt
2949 3972 3102 4026 aqua:
3133 3956 3421 4015 ablutionis

1841 4057 1894 4102 et
1920 4046 2304 4117 redemptionis
2362 4057 2580 4101 nostrae.
2630 4045 2884 4117 Legimus
2927 4047 2981 4100 in
3019 4047 3271 4116 passione
3311 4049 3419 4103 Do-

1842 4140 1995 4204 mini,
2027 4140 2151 4210 quia
2187 4147 2473 4210 postquam
2505 4138 2686 4193 emisit
2721 4140 2989 4209 spiritum,
3028 4155 3173 4194 unus
3191 4140 3421 4196 militum

1842 4235 2029 4288 lancea
2055 4233 2194 4287 latus
2220 4232 2336 4300 ejus
2363 4234 2594 4302 aperuit,
2636 4241 2690 4288 et
2719 4235 2980 4290 continuo
3007 4236 3177 4292 exivit
3203 4231 3424 4309 sanguis

1843 4336 2041 4382 nostra:
2083 4327 2467 4396 redemptionis
2491 4366 2507 4393 ,
2565 4335 2622 4381 et
2666 4341 2804 4396 aqua
2857 4328 3198 4397 baptismatis
3237 4329 3419 4401 (Joan.

1843 4418 1983 4489 ιιι).

163 4513 317 4568 Sicut
356 4504 606 4582 praedixit
652 4509 837 4565 Isaias.
889 4529 905 4558 ι
945 4507 1079 4574 Quia
1127 4508 1231 4561 nisi
1302 4507 1559 4561 Dominus
1609 4506 1741 4560 reli-
1771 4538 1823 4600 ι)
1923 4529 1941 4561 ‹
1974 4507 2092 4564 Non
2127 4516 2210 4563 est
2234 4524 2339 4580 pax
2362 4506 2564 4579 impiis,
2595 4528 2614 4560 ι
2640 4507 2861 4573 Iudaeis,
2886 4526 2907 4560 ι
2932 4506 3364 4567 dicitDominus.
3393 4529 3416 4566 ο

161 4607 369 4676 quisset
428 4602 583 4659 nobis
643 4616 825 4656 semen
855 4640 869 4666 ,
934 4599 1087 4669 quasi
1158 4597 1389 4652 Sodoma
1451 4595 1741 4651 fuissemus

162 4698 301 4771 (lsa.
334 4696 395 4766 ι).
425 4715 444 4748 ι
489 4695 639 4749 Licet
678 4693 821 4748 enim
872 4688 1125 4744 Israelita!
1166 4695 1448 4771 vocentur,
1496 4686 1740 4740 attritum

160 4803 246 4845 est
276 4798 454 4841 tamen
485 4799 677 4840 nomen
716 4798 902 4837 eorum
932 4796 962 4834 a
984 4778 1121 4835 facie
1159 4794 1298 4845 mea,
1326 4778 1453 4847 quia
1488 4792 1591 4831 non
1625 4790 1739 4831 me-

160 4888 352 4937 rentur
379 4878 548 4931 Deum
575 4875 776 4928 videre.
808 4872 874 4928 Et
912 4871 956 4926 si
988 4869 1053 4925 ad
1089 4868 1358 4939 apostolos
1388 4869 1490 4921 hoc
1532 4865 1738 4923 refera-

109 4972 121 5013 l
161 4983 286 5035 tur,
316 4968 423 5023 erit
459 4980 691 5022 sensus:
723 4963 768 5019 Ο
802 4965 998 5019 chorus
1036 4960 1400 5032 apostolorum
1425 5001 1440 5024 ,
1488 4960 1531 5013 si
1562 4968 1738 5013 atten-

157 5064 312 5121 deris
334 5068 595 5132 praecepta
621 5072 758 5121 mea,
779 5072 883 5110 non
906 5054 1146 5109 interibit
1170 5067 1350 5108 semen
1375 5060 1612 5115 tuum,et
1635 5068 1743 5108 non

158 5154 272 5211 erit
298 5152 540 5208 attritum
587 5163 778 5203 nomen
815 5146 1087 5201 liliationis
1116 5153 1310 5200 vestra:
1352 5159 1383 5198 a
1420 5143 1558 5199 facie
1599 5158 1742 5211 mea,

160 5247 299 5318 quin
335 5258 367 5298 a
395 5240 610 5297 Christo
645 5239 936 5295 Christiani
965 5236 1251 5292 vocemini.

243 5357 263 5389 ι
311 5332 639 5406 Egredimini
680 5332 743 5384 de
774 5330 1066 5402 Babylone,
1106 5329 1270 5400 fugite
1304 5344 1334 5382 a
1367 5327 1637 5393 Chaldeis,
1689 5328 1744 5382 in

160 5444 303 5484 voce
328 5422 702 5481 exsultationis
727 5422 1062 5476 annuntiate.
1099 5442 1114 5472 ι
1153 5421 1260 5475 Ista
1287 5419 1540 5475 allocutio
1566 5419 1739 5489 dupli-

160 5521 311 5576 citer
354 5524 533 5588 potest
577 5512 837 5582 intelligi,
884 5510 968 5565 vel
1010 5512 1076 5566 de
1116 5510 1315 5566 Iudicis
1359 5511 1451 5581 qui
1489 5518 1647 5565 erant
1686 5511 1743 5565 in

162 5609 444 5682 Babylone
473 5621 537 5661 ex
566 5604 774 5661 duabus
799 5601 1165 5666 tribubus,vel
1206 5600 1368 5655 etiam
1402 5600 1744 5657 credentibus

165 5704 238 5758 de
266 5698 543 5773 apostolis.
585 5696 824 5767 Babylon
853 5694 1050 5749 etenim
1094 5692 1363 5764 significat
1399 5694 1543 5747 hunc
1581 5707 1739 5745 mun-

166 5794 321 5851 dum.
380 5790 682 5862 Alloquitur
728 5802 856 5856 ergo
904 5800 1080 5843 sermo
1131 5783 1340 5838 divinus
1388 5781 1601 5838 Iudaeos
1648 5796 1744 5838 seu

1847 4599 1983 4668 Quia
2012 4616 2133 4655 cum
2162 4610 2311 4655 tanta
2352 4600 2697 4669 praestiterim
2739 4602 2838 4665 eis,
2867 4614 2974 4654 non
3009 4601 3207 4655 habent
3231 4616 3419 4670 pacem

1848 4704 2079 4751 mecum,
2108 4689 2211 4745 hoc
2253 4699 2336 4744 est
2364 4705 2471 4744 non
2498 4690 2724 4745 credunt
2761 4689 2815 4743 in
2851 4705 2955 4744 me.
2990 4688 3086 4745 Vel
3121 4691 3281 4745 etiam
3320 4692 3420 4747 ali-

1850 4790 1934 4837 ter
1970 4798 1985 4835 :
2018 4779 2135 4836 Non
2163 4789 2247 4835 est
2288 4797 2392 4850 pax
2428 4780 2639 4851 impiis,
2678 4780 2808 4836 dicit
2839 4780 3134 4848 Dominus,
3171 4782 3422 4839 videlicet

1853 4871 2146 4926 incredulis
2195 4872 2288 4941 qui
2324 4880 2656 4941 cognoscunt
2683 4880 2829 4925 tanta
2870 4886 2967 4942 pro
3002 4873 3176 4927 salute
3206 4890 3300 4927 sua
3329 4873 3420 4927 Fi-

1850 4961 1980 5014 lium
2024 4960 2121 5013 Dei
2176 4960 2518 5025 sustinuisse,
2566 4959 2757 5015 nolunt
2800 4960 2853 5014 in
2903 4977 3024 5016 eum
3062 4962 3284 5017 credere
3324 4977 3422 5018 nec

1851 5050 2073 5116 habere,
2101 5052 2193 5121 qui
2223 5060 2306 5104 est
2337 5067 2439 5120 pax
2474 5060 2678 5117 nostra,
2706 5052 2798 5121 qui
2837 5051 2963 5107 fecit
2983 5060 3209 5122 utraque
3232 5068 3417 5107 unum.

1852 5139 2169 5210 Quicunque
2199 5155 2328 5212 ergo
2366 5148 2511 5195 recte
2555 5141 2748 5208 credit,
2781 5143 2917 5197 bene
2951 5140 3086 5196 vivit
3111 5159 3123 5194 ε
3147 5156 3336 5212 pacem
3363 5142 3421 5197 in

1851 5248 1910 5289 se
1934 5234 2116 5300 habet,
2146 5234 2199 5288 id
2227 5243 2312 5288 est
2340 5232 2635 5288 Christum.

2412 5385 2637 5443 CAPUT
2675 5384 2857 5440 XLIX.

1924 5524 1940 5555 α
1986 5503 2201 5570 Audite,
2234 5504 2443 5572 insulae,
2476 5515 2529 5561 et
2558 5506 2841 5569 attendite,
2872 5504 3051 5575 p0puli
3075 5505 3139 5559 de
3175 5504 3354 5579 longe.
3391 5524 3417 5563 ι

1848 5595 1975 5652 Post
2003 5596 2339 5651 vocationem
2386 5597 2734 5667 reliquiarum
2766 5596 3039 5660 Israel,.et
3067 5594 3420 5664 abjectionem

1846 5687 2025 5758 populi
2058 5688 2115 5742 in
2144 5687 2519 5744 incredulitate
2556 5689 2925 5760 permanentis
2952 5688 3019 5745 de
3048 5691 3242 5760 quibus
3268 5691 3419 5746 dixe-

1849 5789 1972 5836 rat:
2006 5779 2121 5836 Non
2144 5790 2227 5837 est
2262 5797 2368 5855 pax
2398 5782 2596 5854 impiis,
2632 5782 2762 5839 dicit
2801 5783 3086 5851 Dominus;
3121 5784 3311 5838 transit
3353 5785 3422 5843 ad
