4016 6466
609 388 719 449 965

1066 379 1424 443 HAYMONIS
1460 375 1942 437 HALBERSTAT.
1984 372 2200 431 EPISC.
2238 370 2391 430 OPP.
2426 369 2607 427 PARS
2640 368 2684 425 I.
2721 398 2794 414 —
2829 369 3184 429 COMMENT.
3224 370 3397 426 BlBL.

3776 370 3879 427 966

609 501 878 562 Eeclesias
906 501 1245 574 degentibus
1283 506 1655 571 congregatas,
1696 504 1750 551 et
1779 495 1859 550 eis
1886 494 2181 550 insularum
2210 502 2537 562 Amagnam
2587 495 2797 560 partem
2857 487 3167 543 Iudaeorum
3224 489 3292 543 ad
3345 496 3398 544 te
3442 502 3717 544 revocare
3771 506 3876 546 non

606 599 827 655 nomine
874 597 1114 668 loquitur
1160 610 1339 650 sermo
1388 593 1603 647 divinus
1655 605 1720 645 ex
1782 603 2014 659 persona
2058 587 2180 641 Filii

608 692 726 749 Dei.
749 690 930 746 Insula
953 688 1170 751 dicitur,
1195 701 1259 741 eo
1279 685 1421 755 quod
1460 684 1515 737 in
1542 682 1677 749 salo,
1701 682 1805 736 hoc
1824 687 1909 735 est
1942 680 1995 732 in
2019 678 2180 744 mari,

609 784 681 841 sit
720 784 913 855 posita.
951 782 1077 836 Ideo
1103 789 1282 834 autem
1312 776 1554 832 Ecclesia
1597 774 1785 831 insulae
1810 781 2179 842 comparatur,

609 874 737 945 quia
764 873 904 928 sicut
931 870 1105 925 insula
1138 868 1381 924 tunditur
1408 866 1661 921 ﬂuctibus
1681 874 1736 919 et
1755 878 1861 918 non
1886 872 2135 917 movetur
2163 881 2176 916 :

609 967 685 1022 ita
730 965 970 1022 Ecclesia
1016 965 1072 1019 in
1121 962 1338 1017 Christo
1404 960 1626 1015 fundata
1684 954 2183 1028 perturbationibus

609 1057 964 1127 ﬂuctibusque
996 1054 1163 1123 hujus
1204 1052 1386 1109 saeculi
1417 1049 1762 1107 saevientibus
1789 1046 2028 1116 undique
2060 1055 2182 1099 tun-

606 1147 772 1212 ditur,
821 1146 919 1201 sed
965 1159 1075 1199 non
1122 1151 1385 1198 movetur.
1430 1141 1674 1196 Fundata
1716 1147 1800 1193 est
1834 1138 1978 1192 enim
2019 1150 2183 1207 super

604 1246 838 1308 petram.
870 1236 1067 1291 Audite
1094 1233 1338 1305 (inquit),
1375 1232 1580 1295 insulae,
1610 1230 1714 1285 hoc
1737 1235 1843 1295 est,
1876 1227 2179 1296 intelligite,

608 1329 865 1385 Ecclesiae
903 1327 1241 1383 diversarum
1289 1324 1551 1395 gentium,
1585 1335 1703 1392 quae
1746 1320 1990 1374 dicturus
2029 1332 2179 1383 sum,

608 1428 666 1476 ot
689 1419 968 1481 attendite,
996 1416 1179 1488 populi
1204 1416 1270 1470 de
1297 1415 1479 1485 longe,
1497 1413 1548 1467 id
1569 1421 1653 1467 est
1687 1411 1754 1465 ab
1777 1409 2037 1465 extremis
2063 1407 2183 1462 ﬁni-

607 1509 710 1565 bus
737 1517 914 1563 term.
945 1526 964 1559 σ
999 1506 1259 1560 Dominus
1281 1505 1348 1558 ab
1375 1513 1529 1558 utero
1558 1501 1773 1557 vocavit
1799 1515 1904 1564 me,
1937 1518 1956 1551 ι
1985 1500 2183 1555 subau—

609 1599 693 1655 dis
712 1612 809 1669 per
833 1595 1138 1652 Gabrielem
1164 1593 1566 1664 archangelum,
1596 1591 1826 1647 dicendo
1855 1590 1922 1644 ad
1939 1589 2178 1660 Ioseph:

613 1706 637 1742 ς
670 1688 788 1743 Noli
814 1689 1027 1752 timere,
1073 1682 1274 1755 Ioseph
1313 1682 1389 1738 ﬁli
1426 1684 1613 1746 David,
1662 1682 1913 1753 accipere
1957 1680 2181 1735 Mariam

608 1779 890 1849 conjugem
928 1784 1096 1830 tuam.
1123 1775 1307 1829 Pariet
1346 1774 1491 1830 enim
1527 1773 1715 1838 ﬁlium,
1746 1779 1804 1827 et
1834 1773 2053 1828 vocabis
2081 1786 2179 1825 no-

2282 584 2453 652 potui.
2502 582 2626 636 Haec
2671 589 2852 635 autem
2898 581 3192 647 dicuntur,
3237 590 3297 636 ut
3344 580 3580 637 liberum
3636 581 3875 639 hominis

2283 682 2616 728 monstretur
2668 672 2974 728 arbitrium.
3036 672 3134 726 Dei
3199 673 3346 728 enim
3400 687 3604 729 vocare
3663 682 3787 740 est,
3824 683 3873 730 et

2281 774 2527 822 nostrum
2568 765 2814 820 credere.
2850 763 3123 832 Quantum
3172 780 3302 837 ergo
3358 766 3429 821 ad
3486 765 3615 821 illos
3663 764 3871 823 Iudaeos

2280 861 2515 932 pertinet
2570 859 2663 930 qui
2702 859 2968 914 increduli
3002 868 3468 929 permanserunt,
3533 860 3589 914 in
3642 874 3867 915 vacuum

2280 950 2549 1006 laboravit
2589 952 2906 1007 sustinendo
2946 953 3277 1022 passionem,
3326 960 3382 1007 et
3416 965 3559 1007 vane
3601 951 3867 1008 fortitudi-

2281 1059 2406 1099 nem
2451 1059 2605 1099 suam
2642 1044 2996 1115 consumpsit,
3026 1044 3128 1100 hoc
3165 1053 3252 1101 est
3294 1043 3349 1100 in
3384 1060 3589 1099 vanum
3619 1043 3862 1115 fatigatus

2280 1142 2366 1190 est
2407 1150 2505 1204 pro
2548 1134 2630 1189 eis
2673 1143 2728 1189 et
2760 1149 2973 1205 passus,
3019 1136 3145 1204 quia
3176 1135 3232 1189 in
3258 1134 3339 1190 eis
3374 1134 3515 1188 nihil
3544 1132 3755 1204 profuit
3781 1134 3861 1204 qui

2280 1224 2570 1280 noluerunt
2607 1226 2853 1281 credere.
2881 1245 2901 1277 ‹
2919 1226 3061 1297 Ergo
3084 1226 3347 1298 judicium
3378 1241 3587 1293 meum,
3624 1246 3646 1278 ι
3674 1227 3768 1281 hoc
3786 1234 3860 1282 at

2283 1313 2538 1368 discretio
2579 1332 2599 1366 ι
2644 1329 2769 1369 cum
2814 1315 3043 1370 Domino
3092 1336 3111 1368 ι
3162 1326 3338 1388 patre,
3391 1318 3526 1387 quia
3580 1317 3704 1387 ipse
3736 1319 3854 1388 judi-

2283 1408 2429 1462 cabit
2468 1415 2651 1462 utrum
2680 1410 2860 1463 omnia
2900 1427 3019 1481 qua:
3058 1411 3217 1466 debui
3258 1412 3339 1468 eis
3370 1411 3564 1468 facere
3592 1411 3807 1469 fecerim
3838 1433 3848 1466 :

2282 1498 2469 1553 dicens
2511 1499 2566 1553 in
2592 1500 2888 1571 Evangelia
2925 1520 2938 1555 :
2991 1521 3010 1554 ι
3047 1503 3207 1559 Multa
3238 1505 3381 1560 bona
3420 1521 3597 1576 opera
3629 1518 3849 1577 operatus

2282 1604 2404 1644 sum
2444 1590 2600 1646 vobis
2644 1591 2825 1663 (Joan.
2870 1591 2946 1665 ς).
2998 1613 3018 1646 ι
3052 1613 3070 1645 ‹
3106 1595 3174 1650 Ει
3213 1611 3351 1668 opus
3378 1612 3574 1653 meum
3606 1613 3730 1653 cum
3763 1598 3845 1653 Dea

2280 1697 2425 1749 meo,
2464 1703 2483 1734 ι
2520 1684 2622 1739 hoc
2651 1695 2736 1739 est
2784 1687 3072 1755 praesentia
3112 1687 3275 1743 illius.

2358 1792 2377 1823 ‹
2421 1773 2487 1826 Ει
2529 1790 2673 1829 nunc
2714 1775 2843 1829 dicit
2884 1775 3160 1844 Dominus,
3206 1777 3452 1834 formans
3502 1794 3600 1834 me
3623 1794 3693 1835 ex
3723 1788 3838 1834 utero

608 1882 735 1923 men
760 1866 878 1936 ejus
912 1864 1096 1920 Iesum
1142 1864 1355 1953 (M'attn.
1403 1864 1464 1936 ι).
1501 1882 1521 1916 ι
1580 1880 1601 1914 ι
1641 1863 1720 1918 De
1757 1870 1947 1917 ventre
1989 1861 2181 1916 matris
2207 1861 2256 1922 B
2284 1877 2499 1918 servum
2519 1863 2718 1927 sibi,ut
2740 1865 2993 1921 reducam
3015 1867 3083 1921 ad
3104 1883 3248 1935 eum,
3269 1888 3287 1921 ι
3308 1869 3581 1925 subaudis
3608 1890 3629 1922 ε
3647 1869 3834 1935 Jacob,»

608 1976 764 2025 mete,
801 1979 820 2012 ι
877 1959 982 2015 hoc
1020 1965 1107 2013 est
1150 1966 1439 2028 antequam
1484 1970 1760 2021 nascerer,
1803 1973 1823 2005 ι
1864 1954 2179 2009 recordatus

607 2059 695 2109 est
739 2048 978 2107 nominis
1020 2048 1129 2104 mei
1165 2067 1187 2101 ι
1222 2048 1367 2118 quod
1412 2048 1631 2104 nomine
1685 2047 1981 2103 Salvatoris
2031 2045 2178 2101 frue-

607 2158 716 2199 rer.

610 2278 611 2281 η
686 2251 708 2287 ι
741 2232 931 2290 Posuit
970 2248 1033 2288 es
1076 2246 1279 2297 malim,
1335 2251 1355 2285 ι
1402 2230 1455 2287 id
1497 2239 1581 2287 est
1629 2232 1794 2287 verba
1851 2231 1963 2287 oris
2010 2231 2116 2286 mei
2163 2250 2176 2285 :

612 2341 633 2379 ι
678 2323 834 2393 quasi
872 2322 1109 2394 gladium
1158 2329 1396 2377 acutum.
1444 2341 1464 2374 ι
1507 2321 1581 2377 0s
1621 2321 1835 2377 Domini
1879 2320 2183 2391 appellatur

606 2417 795 2474 istoin
826 2417 947 2474 loco
969 2417 1288 2489 Evangelica
1324 2417 1570 2473 doctrina
1612 2423 1671 2471 et
1701 2429 1881 2469 sermo
1915 2412 2076 2467 illius.
2104 2412 2182 2467 De

602 2511 710 2567 hoc
746 2510 924 2582 giadio
968 2509 1099 2564 dicit
1143 2511 1259 2579 ipse
1282 2509 1543 2565 Dominus
1573 2526 1585 2562 :
1616 2526 1636 2559 ι
1678 2506 1795 2562 Non
1825 2506 1949 2560 veni
1989 2520 2180 2575 pacem

606 2603 826 2659 mittere
866 2603 923 2658 in
970 2610 1196 2669 terram,
1244 2602 1336 2657 sed
1375 2601 1608 2672 gladium
1651 2599 1866 2671 (Matth.
1912 2599 1990 2670 x).
2046 2619 2063 2651 ι
2113 2597 2181 2652 Ει

607 2691 864 2763 apostolis
908 2710 921 2745 :
979 2710 1003 2743 ι
1054 2691 1315 2762 Spiritum
1363 2691 1581 2763 (inquit)
1619 2690 1728 2745 oris
1768 2689 1851 2744 sui
1893 2687 2181 2745 interiiciet

603 2784 829 2855 iniriam
862 2782 1066 2855 (Time.
1097 2784 1180 2854 ιι).
1224 2802 1244 2834 ι
1275 2783 1342 2837 Et
1372 2783 1539 2837 illud:
1581 2801 1601 2832 ‹
1632 2781 1699 2836 Ει
1742 2780 1978 2851 gladium
2008 2778 2180 2850 Spiri-

606 2882 715 2942 tus,
748 2876 889 2946 quod
929 2886 1013 2931 est
1041 2877 1264 2932 verbum
1288 2874 1383 2929 Dei
1425 2875 1588 2946 (Eph.
1633 2872 1731 2943 vr).
1771 2892 1792 2925 ι
1831 2891 1852 2923 ‹
1901 2873 1958 2926 In
1986 2870 2179 2925 umbra

607 2982 805 3029 manus
845 2982 957 3023 suae
994 2967 1231 3037 protexit
1271 2982 1377 3031 me,
1426 2985 1446 3018 ι
1499 2967 1603 3020 hoc
1638 2972 1723 3020 est
1755 2965 1809 3017 in
1840 2963 2179 3033 protectione

604 3057 909 3112 divinitatis
941 3072 1070 3121 suae,
1104 3065 1165 3111 ut
1206 3057 1325 3111 sine
1352 3064 1577 3126 peccato
1617 3071 1893 3111 manerem
1929 3066 1984 3111 et
2010 3057 2177 3111 mira-

604 3147 725 3204 cula
754 3146 1007 3214 facerem,
1053 3163 1122 3203 ne
1166 3148 1282 3218 ipsa
1316 3162 1444 3202 caro
1470 3157 1744 3218 assumpta
1776 3164 1807 3203 a
1834 3148 2011 3204 Verbo
2046 3149 2179 3204 v-ile-

2285 1953 2405 2008 ideo
2447 1970 2567 2009 sum
2591 1970 2797 2011 servus.
2850 1974 2871 2007 ‹
2913 1957 2981 2012 Et
3012 1956 3177 2014 Israel
3214 1975 3323 2016 non
3355 1961 3788 2034 eongregabitur,
3822 1982 3834 2013 ι

2282 2044 2338 2099 id
2369 2053 2450 2098 est
2494 2059 2600 2099 non
2655 2056 3003 2102 convertetur
3037 2048 3105 2103 ad
3148 2049 3330 2117 fidem,
3373 2051 3508 2107 licet
3562 2063 3837 2122 propterea

2282 2135 2542 2188 venerim.
2574 2134 2710 2190 Hinc
2740 2136 2899 2191 datur
2922 2138 3147 2210 intelligi
3173 2156 3295 2195 cum
3326 2143 3477 2207 dicit,
3515 2141 3750 2199 formans
3772 2160 3837 2198 me

2283 2239 2350 2279 ex
2379 2236 2533 2281 utero
2564 2244 2780 2283 servum
2824 2228 2946 2297 sibi,
3002 2230 3149 2286 illum
3188 2234 3492 2303 appellasse
3535 2237 3766 2306 superius
3792 2244 3835 2291 ει

2283 2315 2389 2371 isto
2434 2317 2491 2371 in
2537 2317 2656 2373 loco
2693 2334 2909 2375 servum
2957 2322 3047 2392 qui
3090 2322 3354 2380 formatus
3403 2334 3511 2380 est.
3561 2327 3676 2381 Ideo
3714 2327 3834 2381 venit

2281 2406 2451 2464 Filius
2480 2411 2591 2475 Dei,
2623 2419 2682 2466 ut
2711 2413 2996 2470 reduceret
3029 2414 3194 2471 Jacob
3228 2427 3514 2474 errantem
3550 2420 3612 2474 ad
3637 2419 3824 2475 Creato-

2283 2518 2399 2558 rem
2430 2519 2606 2570 suum,
2642 2505 2784 2560 sicut
2823 2506 2957 2562 dicit
2990 2509 3245 2579 apostolis
3277 2527 3292 2565 :
3323 2510 3402 2567 Ite
3443 2513 3514 2567 ad
3550 2512 3736 2566 domum
3758 2511 3825 2567 ls-

2284 2593 2414 2646 rael.
2470 2612 2489 2645 ί
2546 2593 2613 2648 Et
2661 2610 2772 2650 non
2813 2611 2933 2651 sum
2972 2598 3169 2654 missus
3196 2599 3300 2654 nisi
3346 2600 3420 2655 ad
3466 2616 3597 2657 oves
3628 2604 3830 2673 perditas

2282 2682 2446 2739 Israel
2483 2684 2696 2755 (Matth.
2728 2687 2842 2758 xv).
2877 2707 2896 2741 ι
2939 2708 2958 2739 ‹
2994 2688 3063 2743 Et
3099 2689 3436 2761 glorificatus
3469 2708 3591 2748 sum
3620 2694 3672 2748 in
3694 2692 3828 2749 oculis

2281 2780 2518 2846 Domini,
2546 2801 2564 2833 ι
2593 2783 2869 2863 subaudis,
2893 2785 3018 2854 quia
3049 2795 3218 2840 totum
3243 2788 3507 2842 mundum
3539 2788 3670 2844 mihi
3698 2789 3821 2852 dedit,

2283 2874 2425 2929 sicut
2473 2874 2583 2928 dixi
2629 2890 2917 2947 resurgens
2952 2893 2983 2931 a
3040 2880 3268 2934 mortuis
3309 2898 3322 2934 :
3361 2898 3381 2931 ‹
3432 2881 3568 2935 Data
3612 2891 3697 2936 est
3732 2881 3829 2935 mihi

2282 2963 2461 3018 omnis
2489 2973 2729 3034 potestas
2760 2967 2811 3019 in
2841 2965 2981 3021 caelo
3008 2976 3062 3022 et
3086 2968 3140 3022 in
3173 2977 3321 3024 terra
3350 2970 3566 3040 (Matth.
3593 2972 3792 3042 xxrm).
3818 2992 3831 3023 ι

2282 3053 2361 3108 Ac
2392 3055 2435 3109 si
2467 3056 2674 3110 diceret
2710 3074 2722 3110 :
2752 3056 2968 3112 Perdidi
3004 3074 3166 3113 unam
3191 3069 3402 3131 gentem
3422 3102 3437 3126 ,
3476 3072 3532 3116 et
3559 3078 3686 3118 ecce
3720 3071 3840 3117 tom

2281 3145 2516 3200 mundus
2548 3148 2603 3201 in
2639 3160 2726 3202 me
2753 3149 2956 3203 credet.
2996 3168 3014 3200 ι
3053 3150 3196 3206 Deus
3236 3168 3381 3207 meus
3408 3152 3581 3208 factus
3614 3163 3701 3208 est
3744 3154 3843 3207 for-

602 3252 799 3298 oeeret.
842 3241 1070 3312 Ideoque
1112 3241 1245 3296 dicit
1284 3241 1338 3296 in
1363 3241 1577 3306 umbra,
1607 3242 1735 3311 quia
1773 3242 1885 3312 ipsa
1915 3242 2173 3299 divinitas
2201 3226 2246 3292 C
2282 3236 2453 3293 titudo
2502 3255 2640 3305 mea,
2671 3260 2690 3292 ι
2725 3241 2851 3311 quia
2895 3241 3054 3297 tertia
3086 3244 3174 3299 die
3211 3247 3482 3301 resurrexi.
3512 3246 3666 3301 Licet
3702 3249 3846 3303 enim

601 3335 889 3392 irivisibilis
911 3346 1014 3392 est.
1045 3354 1067 3387 ο
1099 3336 1285 3392 Posuit
1310 3351 1396 3391 me
1426 3336 1568 3392 sicut
1590 3337 1836 3405 sagittam
1860 3337 2107 3393 electam.
2149 3360 2168 3391 ι

601 3427 735 3484 Cum
761 3428 892 3484 dicit
920 3429 1173 3499 sagittam
1205 3430 1456 3495 eiectam,
1488 3428 1726 3484 ostendit
1754 3429 1959 3484 habere
2004 3431 2174 3486 Deum

601 3522 828 3592 sagittas
878 3521 1143 3591 plurimas
1167 3562 1184 3588 ,
1232 3522 1326 3576 sed
1393 3536 1500 3577 non
1551 3520 1767 3576 electas.
1813 3520 2031 3591 Sagittae
2077 3524 2174 3579 Dei

600 3613 984 3685 omnipotentis
1023 3620 1155 3668 sunt
1189 3614 1485 3685 prophetae,
1526 3612 1772 3683 apostoli,
1810 3621 1865 3667 et
1894 3614 2172 3683 apostolici

598 3705 703 3763 viri
725 3707 817 3777 qni
845 3706 899 3762 in
928 3714 1040 3763 toto
1062 3708 1194 3764 orbe
1228 3708 1560 3773 discurrunt,
1588 3707 1654 3762 de
1681 3707 1879 3777 quibus
1916 3708 2113 3763 dicitur
2156 3727 2169 3763 :

603 3814 627 3849 ι
676 3797 898 3869 Sagitta:
931 3806 1036 3854 tua:
1080 3808 1294 3865 acutae,
1341 3799 1702 3868 potentissimi
1746 3800 1928 3869 pepuli
1971 3801 2069 3855 sub
2121 3809 2174 3855 te

597 3887 792 3944 cadent
830 3887 1000 3959 (Psal.
1033 3889 1200 3962 xuv).
1236 3911 1254 3944 ι
1306 3910 1323 3942 ι
1372 3890 1428 3945 In
1465 3893 1721 3961 pharetra
1761 3908 1859 3946 sua
1892 3893 2174 3947 abscondit

597 3991 703 4043 me,
746 3997 766 4030 ι
799 3979 902 4033 hoc
926 3985 1009 4034 est
1037 3979 1093 4034 in
1119 3994 1346 4050 corpore
1367 3982 1625 4037 humano.
1655 3982 1735 4035 Ex
1756 3997 1986 4052 persona
2028 3983 2169 4038 divi-

597 4068 783 4123 nitatis
831 4070 991 4124 modo
1037 4069 1295 4138 loquitur.
1342 4070 1607 4126 Pharetra
1649 4073 1877 4139 dicitur,
1921 4089 1986 4128 eo
2026 4076 2169 4143 quod

595 4159 736 4216 ferat
765 4170 1013 4216 mortem.
1055 4161 1174 4217 Alio
1221 4164 1275 4217 in
1320 4163 1441 4218 loco
1469 4165 1728 4219 Dominus
1756 4166 1915 4221 hamo
1949 4182 2169 4237 compa-

596 4258 771 4315 ratur,
803 4254 928 4322 quia
966 4252 1109 4308 sicut
1154 4254 1222 4309 ab
1260 4254 1424 4309 hamo
1468 4253 1671 4310 latente
1704 4256 1757 4310 in
1794 4271 1918 4312 esca
1962 4258 2172 4327 capitur

594 4340 781 4411 piscis,
812 4341 891 4396 sic
918 4342 1167 4399 diabolus
1198 4359 1230 4397 a
1259 4343 1543 4400 divinitate
1562 4358 1683 4414 quze
1717 4345 1870 4400 latuit
1893 4346 1948 4401 in
1981 4348 2172 4402 huma-

594 4433 764 4489 nitate
812 4444 999 4506 captus
1042 4444 1144 4491 est.
1191 4434 1342 4492 Unde
1394 4438 1461 4492 ad
1510 4437 1728 4492 beatum
1769 4435 1870 4491 Job
1912 4438 2171 4493 Dominus

591 4525 833 4598 loquitur
880 4545 893 4584 :

590 4618 722 4683 ni?
758 4637 779 4671 ι

668 4729 685 4763 ;
730 4712 797 4766 Ει
839 4711 976 4767 dixit
1005 4712 1141 4767 mihi
1172 4728 1185 4767 :
1217 4711 1420 4768 Servus
1454 4728 1607 4769 meus
1636 4727 1696 4768 es
1720 4720 1799 4778 tu,
1829 4712 2013 4781 Israel,
2040 4715 2165 4784 quia

589 4799 647 4858 in
674 4808 728 4857 te
756 4802 1047 4870 gloriabor.
1095 4824 1114 4855 ι
1143 4803 1340 4859 Servus
1368 4804 1667 4875 appellatur
1702 4806 1815 4874 ipse
1850 4805 2019 4861 Filius
2047 4808 2165 4873 Dei,

588 4905 657 4947 eo
694 4892 839 4964 quod
877 4892 932 4947 in
972 4891 1222 4949 omnibus
1245 4893 1509 4949 voluntati
1549 4895 1645 4950 Dei
1688 4893 1864 4949 Patris
1898 4896 2159 4966 paruerit.

586 4972 753 5041 Israel
784 4994 984 5052 autem,
1019 4985 1147 5056 quia
1183 5000 1249 5041 ex
1273 4984 1437 5041 Israel
1464 4987 1728 5058 originem
1761 4988 1941 5043 carnis
1973 4988 2159 5043 traxit.

586 5075 656 5133 Et
696 5077 1053 5149 benedicitur,
1087 5078 1141 5133 in
1188 5086 1239 5134 te
1284 5078 1558 5149 gloriabor
1603 5098 1616 5134 :
1666 5080 1790 5150 quia
1832 5080 2013 5136 omnia
2044 5096 2163 5152 quae

586 5164 703 5237 ipse
718 5166 1150 5240 Filiusoperatus
1171 5178 1276 5235 est,
1293 5169 1361 5226 ad
1384 5170 1596 5226 laudem
1610 5171 1788 5227 Patris
1812 5172 1919 5243 egit
1942 5171 2125 5227 dicens
2146 5190 2158 5225 :

591 5276 613 5310 ι
665 5259 825 5315 Pater
853 5262 909 5316 in
966 5256 1054 5318 m'e
1110 5279 1370 5331 manens,
1430 5263 1545 5333 ipse
1599 5263 1731 5320 facit
1770 5279 1932 5334 opera
1973 5256 2181 5335 (Ῑοαηζ

585 5349 721 5420 xrv).
760 5370 779 5401 ι

706 5441 773 5495 Et
798 5456 898 5519 ego
926 5442 1111 5512 dixi,'r
1147 5445 1402 5501 subaudis
1424 5445 1491 5501 ad
1519 5445 1769 5499 Patrem:
1802 5463 1820 5496 ‹
1846 5443 1904 5499 In
1927 5459 2155 5500 vacuum

585 5530 844 5601 laboravi,
891 5533 1008 5591 sine
1056 5551 1220 5592 causa
1263 5547 1319 5594 et
1367 5552 1504 5592 vane
1556 5536 1927 5592 fortitudinem
1980 5552 2155 5592 meam

582 5630 914 5698 consumpsi.
964 5649 980 5680 ι
1049 5630 1173 5685 Ᾱεεί
1237 5630 1441 5686 diceret
1481 5630 1601 5685 aliis
1651 5628 1829 5684 verbis
1879 5649 1892 5682 :
1934 5628 2156 5686 Dicente

581 5720 718 5777 mihi
748 5719 907 5777 Patre
947 5722 1047 5777 ista
1082 5740 1201 5793 quae
1237 5722 1414 5788 retuli,
1464 5738 1561 5794 ego
1598 5722 1845 5793 respondi
1876 5723 1925 5778 ei
1962 5742 1974 5775 :
2016 5722 2157 5790 Quo-

582 5815 745 5873 modo
779 5822 829 5870 tc
874 5814 1188 5886 gloriﬁcavi,
1220 5816 1415 5872 Pater?
1446 5818 1500 5871 in
1533 5833 1729 5870 vanum
1776 5815 2012 5870 laboravi
2042 5856 2055 5881 ,
2100 5823 2156 5871 et

2280 3328 2483 3385 diceret
2509 3331 2752 3400 pendens
2783 3331 2832 3386 in
2870 3347 3053 3399 cruce,
3090 3354 3107 3385 ι
3130 3335 3289 3399 Deus,
3314 3335 3447 3390 Deus
3469 3349 3637 3399 meus,
3672 3352 3846 3407 quare

2278 3434 2366 3474 me
2396 3421 2728 3491 dercliquisti
2775 3421 2945 3493 (Psat.
2983 3423 3215 3498 xxvru)?
3252 3445 3268 3478 ι
3306 3424 3498 3481 aﬂ‘ectu
3537 3426 3844 3482 humanita-

2280 3511 2350 3567 tis
2376 3511 2601 3581 loquens
2644 3532 2657 3567 :
2692 3522 2872 3569 tamen
2905 3531 3009 3570 non
3051 3516 3338 3588 dereliquit
3371 3518 3541 3573 illum.

2355 3623 2375 3655 ι
2408 3604 2475 3658 Ει
2501 3604 2636 3659 dixit
2657 3606 2788 3660 mihi
2821 3626 2837 3657 ι
2870 3607 3012 3663 Deus
3035 3607 3198 3663 Pater
3224 3627 3236 3662 :
3268 3627 3286 3659 ι
3323 3594 3522 3664 Parum
3549 3620 3652 3677 est,
3683 3630 3701 3663 ι
3731 3610 3844 3666 sub-

2278 3698 2431 3753 audis
2461 3698 2579 3764 tibi,
2616 3717 2634 3749 ‹
2664 3708 2723 3753 ut
2759 3700 2833 3755 sis
2858 3701 2989 3755 mihi
3022 3717 3211 3757 servus
3236 3701 3303 3756 ad
3325 3702 3667 3758 suscitandas
3696 3703 3845 3756 tribus

2276 3788 2461 3855 Jacob,
2505 3797 2558 3846 et
2578 3789 2722 3847 feces
2747 3792 2912 3849 Israel
2940 3795 3350 3849 convertendas.
3381 3814 3400 3847 ι
3431 3794 3538 3850 Pro
3568 3796 3777 3850 miseria
3796 3801 3842 3850 ei

2277 3880 2623 3951 dcspectione
2662 3884 3002 3954 appellantur
3024 3884 3188 3953 feces,
3219 3896 3273 3941 et
3297 3896 3381 3942 est
3404 3903 3602 3945 sensus
3632 3906 3650 3943 :
3671 3886 3843 3942 Parum

2276 3981 2357 4029 est
2390 3974 2486 4029 tibi
2518 3983 2576 4049 ut
2603 3992 2702 4045 pro
2741 3992 2848 4030 una
2886 3986 3043 4049 gente
3074 3979 3411 4036 solummodo
3442 3979 3615 4037 Israel
3645 3990 3843 4036 mortem

2276 4069 2565 4134 sustineas,
2610 4070 2703 4125 sed
2751 4086 2849 4140 pro
2880 4073 3131 4127 omnibus
3173 4074 3448 4141 gentibus.
3489 4074 3627 4130 Tale
3665 4074 3779 4145 quid
3803 4083 3847 4127 et

2276 4159 2391 4228 ipse
2422 4160 2586 4215 Filius
2607 4163 2779 4216 oravit
2814 4182 2825 4216 :
2854 4183 2869 4213 ι
2892 4162 3054 4218 Pater
3076 4165 3394 4240 (inquiens),
3418 4168 3464 4222 si
3486 4168 3742 4239 possibile
3760 4175 3842 4230 est,

2276 4263 2516 4308 transeat
2545 4272 2573 4308 a
2616 4271 2702 4311 me
2740 4256 2878 4311 calix
2927 4258 3027 4313 istc
3069 4258 3281 4329 (Matth.
3326 4242 3499 4331 XXVI):
3557 4280 3581 4313 ι
3618 4259 3845 4315 Videlicet

2276 4343 2322 4398 si
2368 4345 2621 4414 possibile
2672 4355 2776 4413 εει,
2825 4356 2886 4401 ιιι
2929 4350 3045 4404 sine
3090 4351 3310 4405 interitu
3356 4350 3681 4407 Iudaeorum
3726 4350 3841 4405 salus

2274 4435 2511 4504 gentium
2542 4436 2655 4502 iiut,
2691 4445 2930 4493 transeat
2961 4455 2990 4493 a
3032 4456 3118 4496 me
3156 4440 3294 4496 calix
3335 4442 3643 4512 passionis.
3691 4462 3709 4494 ι
3736 4440 3838 4496 Dedi

946 4547 968 4580 r
1001 4526 1253 4599 Nunquid
1277 4529 1460 4599 capies
1496 4529 1766 4584 leviathan
1813 4529 1972 4585 hamo
2022 4529 2165 4602 (Job.
2194 4569 2251 4628 Β
2278 4533 2330 4580 ιε
2361 4527 2413 4580 in
2440 4527 2613 4582 lucem
2636 4531 2900 4599 gentium,
2943 4551 2961 4584 ι
2996 4531 3048 4586 id
3079 4541 3179 4598 est,
3218 4543 3279 4587 ut
3304 4548 3493 4589 omnes
3537 4546 3721 4607 gentes
3742 4531 3837 4586 illu-

2275 4621 2447 4676 mines
2473 4637 2591 4691 quae
2617 4623 2684 4676 ad
2725 4623 2883 4678 ﬁdem
2919 4640 3093 4680 meam
3124 4627 3389 4681 venerint.
3441 4646 3459 4677 ε
3506 4626 3587 4685 Et
3630 4630 3704 4685 sis
3726 4624 3840 4681 salus

2272 4727 2393 4767 mea
2414 4729 2586 4782 usque
2609 4714 2674 4768 ad
2695 4725 2997 4771 extremum
3029 4726 3204 4785 teme,
3240 4739 3259 4770 ι
3290 4720 3391 4774 hoc
3416 4729 3537 4787 est,
3560 4732 3625 4777 ut
3650 4720 3840 4777 salutem

2270 4821 2369 4878 per
2398 4823 2558 4877 quam
2582 4807 2823 4863 salvandi
2856 4820 2979 4865 sunt
3004 4812 3184 4881 populi
3210 4828 3309 4884 per
3344 4815 3640 4883 apostolos
3663 4828 3840 4869 annun-

2269 4897 2394 4953 ties.
2430 4897 2588 4953 Salus
2621 4898 2715 4953 Dei
2754 4899 2931 4956 Patris
2976 4902 3174 4957 dicitur
3198 4902 3387 4970 Filius,
3426 4906 3573 4977 quia
3597 4921 3697 4978 per
3725 4903 3842 4959 illum

2271 4989 2511 5046 decrevit
2534 4991 2741 5047 salvare
2768 5008 2936 5065 genus
2964 4993 3284 5049 humanum.

2349 5104 2367 5136 ‹
2401 5083 2526 5140 Haec
2555 5084 2686 5141 dicit
2714 5086 2972 5142 Dominus
3009 5088 3313 5159 redemptor
3337 5086 3534 5156 Israel,
3578 5109 3599 5142 ι
3632 5089 3687 5146 id
3708 5082 3844 5145 csti-

2271 5173 2469 5230 delium
2499 5182 2554 5229 et
2576 5175 2630 5229 in
2657 5191 2715 5231 se
2738 5176 3096 5232 credentium.
3135 5196 3154 5228 ‹
3190 5175 3421 5232 Sanctus
3450 5176 3608 5247 ejus,
3644 5198 3667 5232 ι
3694 5178 3745 5233 id
3763 5182 3845 5236 est.

2267 5268 2449 5339 populi
2483 5266 2664 5332 Israel,
2705 5286 2724 5319 ‹
2768 5266 2837 5323 ad
2863 5268 3319 5339 contemptibilem
3362 5269 3642 5337 animam,
3677 5268 3745 5323 ad
3772 5264 3848 5319 ab-

2268 5361 2565 5417 ominatam
2588 5367 2825 5430 gentem,
2851 5361 2918 5416 ad
2941 5375 3153 5417 servum
3171 5362 3542 5418 dominorum.
3567 5361 3719 5417 aVox
3737 5357 3848 5415 Pro-

2260 5454 2439 5525 phetas
2499 5453 2566 5509 ad
2616 5453 2815 5509 Filium
2865 5470 2932 5510 ex
2977 5471 3207 5529 persona
3258 5453 3459 5511 Patris.
3530 5454 3850 5522 Redemptor

2258 5544 2448 5611 Israel,
2473 5545 2528 5600 id
2568 5554 2651 5601 est
2683 5547 2921 5602 virorum
2956 5547 3250 5603 videntium
3281 5546 3452 5604 Deum
3473 5590 3490 5616 ,
3538 5548 3747 5603 dicitur
3769 5541 3850 5597 Dei

2259 5634 2467 5691 Filius:
2497 5636 2620 5705 quia
2648 5637 2762 5707 ipse
2804 5653 2903 5693 nos
2940 5637 3169 5694 redemit
3193 5654 3386 5694 cruore
3426 5638 3727 5710 sanguinis
3758 5632 3847 5690 sui.

2259 5726 2343 5782 Ad
2364 5726 2824 5797 contemptibilem
2847 5729 3080 5783 animam
3108 5728 3255 5794 dicit,
3279 5730 3330 5783 id
3355 5738 3457 5796 est,
3489 5730 3562 5784 ad
3586 5727 3850 5784 Christum

2262 5818 2355 5890 qui
2396 5826 2735 5889 contemptus
2764 5830 2848 5875 est
2886 5836 2915 5875 a
2944 5820 3140 5877 Judzeis
3166 5829 3218 5876 et
3251 5821 3543 5890 despectus
3575 5816 3850 5877 clamanti-
