4016 6508
245 437 349 496 965

1300 428 1653 488 COMMENT.
1693 428 1764 486 IN
1798 425 2051 489 ISAIAM.
2088 454 2160 468 —
2194 425 2325 483 LIB.
2363 422 2429 484 II.

246 558 349 613 bus
378 570 393 610 :
428 568 452 608 ί
486 551 754 625 Cruciﬁge
794 551 919 608 eum
954 548 1135 622 (Joan.
1162 546 1299 617 xix),
1342 566 1363 600 ι
1402 555 1457 600 et
1489 546 1615 600 talia
1638 544 1824 614 hujus-
1848 550 1903 619 Α
1925 539 2100 605 litate,
2148 548 2203 594 et
2228 540 2319 610 qui
2366 540 2422 594 in
2451 540 2688 598 tenebris
2723 549 2780 599 et
2803 540 2860 603 in
2885 541 3077 611 umbra
3117 544 3308 603 mortis
3345 548 3500 609 sede—

248 648 457 705 cemodi
495 647 684 703 multa.
736 645 1114 701 Abominatam
1161 651 1375 714 gentem
1410 638 1641 709 appellat
1669 638 1825 694 Chri-

247 747 389 794 stum
421 746 476 793 et
522 737 805 792 Nazaneos
842 737 979 806 ejus,
1008 735 1100 803 qui
1140 734 1196 788 in
1227 716 1434 787 teritum
1462 740 1589 786 sunt
1618 730 1824 787 abund-

247 831 456 886 nabiles
485 839 539 885 ct
564 829 910 885 detestabiles
942 843 1004 883 ac
1028 825 1314 897 respuendi
1342 826 1481 896 apud
1508 808 1740 889 Iudaeos,
1763 831 1824 879 ut

246 923 486 993 quotidie
531 928 614 977 ter
655 923 710 976 in
758 921 1041 993 synagogis
1077 934 1264 973 eorum
1307 917 1694 974 maledicantur
1735 917 1822 971 di-

244 1024 469 1070 centes:
501 1016 642 1085 quod
689 1024 907 1084 propter
952 1013 1071 1067 illos
1116 1012 1415 1067 amiserunt
1457 1026 1704 1081 regnum,
1746 1010 1823 1065 lo-

244 1124 389 1173 cum,
413 1117 468 1163 et
484 1116 718 1179 gentem.
748 1107 974 1163 Servum
999 1107 1339 1161 dominorum
1360 1113 1520 1159 vocat
1539 1103 1827 1160 Dominum

241 1201 425 1257 Jcsum
453 1204 726 1258 Christum
746 1244 759 1267 ,
791 1202 882 1272 qui
914 1202 1065 1271 quasi
1096 1214 1283 1255 servus
1312 1214 1418 1253 non
1447 1208 1530 1253 est
1571 1198 1824 1268 dedigna-

244 1302 330 1346 tus
372 1303 519 1348 stare
549 1303 673 1348 ante
712 1292 965 1356 Pilatum,
1002 1293 1245 1354 Annam,
1277 1298 1330 1344 et
1362 1290 1621 1358 Caiphan,
1651 1297 1705 1342 et
1744 1287 1825 1341 di-

236 1385 467 1454 judicari
492 1385 559 1439 ab
589 1385 691 1439 illis
714 1393 772 1438 ut
802 1384 941 1439 latro
969 1382 1370 1447 etmalefactor,
1400 1396 1522 1436 eum
1538 1387 1685 1435 esset
1704 1378 1824 1432 uni—

241 1490 335 1530 cus
359 1474 530 1531 Filius
556 1476 650 1531 Dei
677 1476 871 1531 Patris.
921 1494 939 1526 ‹
976 1475 1149 1544 Reges
1174 1473 1428 1528 videbunt
1465 1491 1483 1523 ι
1518 1472 1822 1526 venientem

242 1568 309 1622 ad
346 1568 606 1638 judicium
638 1570 692 1623 in
720 1568 889 1640 gloria
913 1582 1109 1636 magna
1140 1573 1192 1620 et
1220 1565 1531 1633 majestate;
1568 1581 1587 1612 ε
1615 1570 1670 1616 et
1691 1576 1821 1615 con-

240 1673 467 1736 surgent
499 1665 790 1734 principes,
824 1684 841 1715 ι
878 1663 1134 1719 subaudis
1156 1702 1170 1725 ,
1203 1660 1551 1715 ecclesiarum
1588 1660 1654 1713 de
1673 1658 1823 1714 soliis

240 1758 353 1811 suis
397 1757 463 1811 ad
498 1755 870 1811 honorandum
902 1763 970 1814 te,
1006 1771 1027 1803 ‹
1065 1762 1119 1806 et
1140 1752 1443 1806 adorabunt
1470 1750 1566 1822 (te)
1607 1758 1826 1819 propter

240 1846 526 1900 Dominum
550 1866 566 1896 ι
589 1846 825 1908 Patrem,
856 1864 873 1895 ‹
903 1845 1027 1913 quia
1058 1844 1231 1897 ﬁdelis
1250 1852 1353 1907 est,
1387 1861 1403 1892 ι
1426 1842 1678 1896 videlicet
1696 1842 1822 1911 quia

1925 634 2058 688 bant
2081 640 2138 688 et
2159 631 2332 688 lucem
2365 631 2518 702 (Luc.
2562 634 2625 704 ι),
2665 634 2720 689 id
2745 644 2828 690 est
2853 634 3150 704 Christum,
3184 638 3366 696 videre
3392 657 3498 701 non

1924 732 2193 795 poterant,
2217 724 2414 794 quiest
2439 724 2529 779 lux
2561 740 2688 780 vera
2720 741 2838 797 qua:
2867 728 3135 785 illuminat
3162 730 3343 787 omnia
3378 747 3500 803 qua:

1926 814 2234 869 illuminant
2257 815 2454 886 (Joan.
2483 816 2553 889 1);
2596 817 2733 873 dixit
2758 818 2874 889 ipse
2901 818 3070 874 Filius
3095 820 3189 877 Dei
3217 830 3276 877 ut
3306 822 3502 879 illumi-

1927 912 2225 969 narentur,
2262 905 2477 974 quando
2517 906 2693 960 dixit:
2742 926 2760 959 ι
2803 907 3180 965 Pcenitentiam
3213 912 3376 984 agite,
3408 929 3501 985 ap-

1923 995 2307 1065 prOpinquabit
2344 995 2485 1050 enim
2517 1011 2742 1067 regnum
2784 998 3043 1057 caelorum
3075 998 3290 1071 (Matth.
3336 1003 3433 1075 ιν).
3475 1023 3495 1056 ι

1933 1104 1952 1136 ι
1985 1085 2157 1155 Super
2196 1087 2334 1152 vias,
2379 1107 2398 1138 ι
2430 1086 2533 1143 hoc
2569 1096 2651 1142 est
2680 1089 2735 1143 in
2770 1090 3013 1146 doctrina
3054 1093 3414 1161 apostolorum
3445 1103 3501 1151 et

1924 1180 2329 1249 prophetarum,
2352 1198 2371 1230 ‹
2401 1191 2693 1251 pascentur
2724 1201 2745 1234 ›
2772 1183 2849 1238 illi
2872 1184 2961 1255 qui
2985 1185 3235 1241 exierunt
3254 1187 3319 1242 de
3353 1196 3500 1245 tene-

1924 1270 2037 1325 bris
2074 1270 2429 1338 inﬁdelitatis,
2461 1272 2740 1331 dicentes:
2772 1292 2790 1324 ‹
2827 1274 3086 1333 Dominus
3121 1277 3293 1347 pascit
3334 1294 3419 1334 me
3447 1287 3501 1333 ct

1924 1360 2059 1415 nihil
2088 1361 2223 1419 mihi
2262 1361 2451 1425 deerit,
2488 1363 2542 1416 iu
2576 1361 2696 1418 loco
2739 1379 2953 1433 pascua:
2976 1366 3051 1423 ibi
3091 1382 3176 1427 me
3217 1367 3501 1425 collocavit

1925 1448 2099 1522 (Psal.
2142 1452 2297 1522 χχιι).
2334 1470 2352 1502 ι
2394 1471 2413 1501 ι
2445 1452 2514 1507 Et
2540 1453 2597 1508 in
2630 1455 2882 1512 omnibus
2928 1456 3140 1531 planis,
3189 1477 3207 1510 ι
3245 1459 3501 1519 subaudis

1923 1543 2133 1599 semitis
2163 1543 2588 1613 Scripturarum,
2620 1547 2880 1615 expositis
2923 1556 2979 1603 et
3007 1548 3289 1607 elucidatis
3315 1566 3345 1607 a
3370 1566 3497 1607 san-

1925 1637 2028 1691 ctis
2053 1636 2383 1702 doctoribus,
2416 1638 2519 1691 erit
2550 1657 2567 1689 ‹
2595 1653 2796 1706 pascua
2816 1655 3023 1696 eorum.
3069 1662 3090 1694 ι

2000 1750 2020 1783 ι
2056 1731 2172 1786 Non
2199 1733 2442 1789 esurient
2472 1752 2490 1783 ›
2524 1734 2688 1790 verba
2714 1734 2809 1789 Dei
2837 1755 2856 1788 ι
2883 1751 3057 1808 neque
3086 1737 3273 1797 sitient
3301 1758 3319 1788 ι
3339 1738 3501 1809 positi

1924 1824 1980 1878 in
2010 1824 2141 1893 ipsis
2162 1823 2445 1879 doctrinis.
2483 1824 2559 1883 De
2584 1824 2687 1879 hac
2706 1826 2886 1881 esurie
2913 1836 2970 1882 et
2989 1828 3079 1881 siti
3114 1828 3374 1891 Dominus
3402 1844 3500 1903 per

242 1953 361 2006 qua:
391 1938 487 1992 tibi
522 1938 788 2007 promisit,
832 1952 994 2006 Opere
1024 1935 1281 2005 implevit,
1327 1934 1393 1988 de
1434 1933 1819 2003 gloriﬁcatione

1922 1919 2212 1987 prophetas
2246 1918 2484 1987 loquitur
2515 1935 2528 1971 :
2567 1937 2586 1973 ς
2636 1917 2842 1975 Mittam
2878 1919 3076 1985 fantem
3106 1923 3159 1983 in
3189 1932 3361 1989 terra,
3393 1940 3501 1980 non

241 2037 331 2083 tua
359 2035 413 2082 et
452 2027 624 2083 salute
655 2028 913 2098 gentium.
950 2046 968 2077 ‹
1014 2026 1082 2079 Et
1116 2034 1338 2095 propter
1367 2033 1614 2079 sanctum
1658 2023 1825 2078 Israel

240 2119 333 2188 qui
362 2118 521 2189 elegit
558 2129 629 2173 te.
671 2137 688 2167 ι
726 2119 839 2172 Vox
872 2119 1146 2188 propheta:
1173 2118 1239 2170 ad
1274 2116 1469 2170 Filium
1502 2116 1619 2170 Dei.
1648 2114 1822 2186 Reges

240 2208 475 2277 appellat
517 2219 571 2263 et
618 2208 889 2279 principes
931 2209 1200 2277 apostolos
1232 2216 1288 2262 et
1326 2206 1649 2277 apostolicos
1678 2206 1822 2263 viros

239 2312 535 2369 omnesque
560 2306 802 2353 rectores
828 2306 881 2351 et
902 2300 1151 2353 doctores
1179 2306 1380 2353 sanctae
1410 2296 1666 2351 Ecclesiae
1683 2337 1698 2358 ,
1730 2296 1821 2365 qui

239 2389 295 2442 in
320 2388 407 2443 die
441 2388 632 2457 judicii
665 2388 959 2456 judicaturi
987 2400 1259 2445 suntcum
1291 2389 1518 2443 Domino
1550 2389 1737 2444 orbem
1764 2388 1821 2443 in

238 2481 528 2551 aequitate,
582 2481 721 2536 sicut
762 2483 877 2553 ipse
929 2482 1066 2537 dixit
1116 2501 1127 2534 :
1186 2501 1205 2533 ε
1264 2481 1434 2535 Amen
1476 2482 1596 2536 dico
1644 2482 1814 2544 vobis,

238 2573 365 2641 quia
410 2573 665 2628 sedcbitis
712 2583 766 2628 et
818 2589 915 2629 vos
963 2572 1268 2642 judicantes
1316 2574 1601 2630 duodecim
1647 2574 1835 2629 tribus-

238 2664 402 2719 Israel
431 2664 581 2736 (Luc.
618 2666 778 2737 xxu).
824 2686 842 2717 ι

314 2770 337 2807 r
369 2754 496 2810 Hazc
514 2756 644 2810 dicit
665 2756 943 2823 Dominus,
976 2775 995 2808 ι
1016 2755 1271 2811 subaudis
1288 2756 1430 2810 Deus
1456 2755 1617 2810 Pater
1642 2756 1710 2810 ad
1730 2755 1819 2811 Fi-

242 2844 392 2898 lium.
425 2866 442 2897 (
488 2845 543 2899 In
571 2856 815 2917 tempore
838 2848 1057 2916 placito,
1096 2868 1115 2900 ›
1156 2848 1209 2902 id
1236 2858 1318 2903 est
1354 2849 1407 2902 in
1434 2849 1519 2903 die
1551 2849 1817 2919 passionis

238 2949 294 2992 et
315 2941 748 3006 resurrectionis,
779 2960 797 2992 ‹
824 2942 1074 2996 exaudivi
1106 2949 1159 2997 te
1188 2961 1205 2993 ι
1225 2942 1595 2997 resuscitando
1615 2958 1645 2995 a
1673 2958 1817 2996 mor-

239 3030 367 3095 tuis,
401 3047 421 3080 ‹
454 3031 509 3084 in
546 3032 631 3086 die
655 3032 865 3097 salutis,
899 3054 917 3083 ι
941 3034 1044 3088 hoc
1064 3042 1146 3087 est
1172 3034 1388 3103 quando
1410 3048 1508 3103 pro
1532 3035 1702 3088 salute
1724 3049 1815 3104 ge-

239 3122 389 3177 neris
434 3124 653 3177 humani
697 3126 1002 3194 passionem
1039 3127 1339 3181 sustinuisti
1386 3144 1398 3179 :
1456 3144 1474 3176 t
1527 3127 1815 3181 auxiliatus

239 3226 361 3267 sum
403 3214 496 3267 tui.
536 3234 556 3265 ι
597 3214 830 3282 Tempus
865 3215 1117 3285 placitum
1146 3216 1275 3270 dicit
1307 3226 1513 3285 tempus
1550 3218 1816 3285 passionis

240 3305 757 3374 resurrectionisque
791 3305 926 3373 ejus,
954 3307 1079 3376 quia
1104 3307 1429 3376 complacuit
1448 3307 1545 3371 illi,
1571 3315 1630 3360 ut
1664 3309 1717 3361 in
1748 3322 1815 3361 eo
1840 3278 1886 3339 Ο

238 3396 526 3451 redimeret
570 3413 738 3467 genus
782 3399 1099 3452 humanum.
1158 3398 1446 3452 Exaudivit
1494 3412 1618 3451 eum
1673 3397 1815 3452 Deus

237 3483 421 3552 Pater,
443 3489 658 3558 quando
683 3488 770 3542 ille
796 3490 990 3551 oravit,
1019 3488 1204 3543 dicens
1230 3507 1241 3542 :
1268 3488 1513 3543 Clariﬁca
1544 3501 1647 3553 me,
1674 3488 1815 3543 Deus

244 3574 418 3644 I‘ater,
445 3578 586 3650 apud
617 3580 975 3650 temetipsum.
1003 3580 1069 3633 Et
1091 3580 1179 3635 ille
1208 3581 1483 3650 respondit
1509 3598 1520 3633 :
1554 3599 1574 3631 ‹
1603 3580 1671 3634 Et
1697 3580 1812 3634 cla-

242 3670 466 3737 ﬁﬁcavi,
489 3674 757 3728 etiterum
800 3673 1109 3728 clariﬁcabo
1137 3673 1317 3745 (Joan.
1351 3673 1471 3743 xu).
1514 3694 1533 3725 ι
1581 3674 1816 3742 Tempus

236 3762 492 3832 placitum
519 3764 751 3833 appellat
774 3772 983 3833 tempus
1004 3765 1269 3834 passionis
1302 3774 1360 3819 et
1399 3765 1815 3819 resurrectionis

236 3852 376 3922 ejus.
408 3853 502 3908 Vel
531 3855 694 3908 etiam
719 3862 929 3925 tempus
946 3856 1201 3926 placitum
1228 3863 1407 3925 potest
1435 3856 1541 3910 dici
1563 3855 1632 3910 ab
1658 3869 1815 3910 exor-

238 3944 327 4000 dio
364 3947 762 4015 prmdicationis
803 3947 940 4016 ejus,
985 3962 1154 4017 usque
1195 3949 1261 4003 ad
1287 3957 1592 4003 extremum
1626 3947 1814 4017 judicii

235 4038 401 4091 diem.
435 4037 510 4092 De
541 4052 647 4108 quo
683 4047 922 4109 tempore
947 4040 1233 4109 Apostolus
1270 4040 1512 4110 loquitur
1545 4059 1558 4095 :
1598 4060 1617 4092 ε
1653 4040 1812 4105 Ecce,

240 4127 525 4198 inquiens,
599 4137 807 4200 tempus
863 4130 1207 4199 acceptabile,
1270 4146 1398 4187 ecce
1450 4133 1564 4187 dies
1624 4132 1814 4187 salutis

240 4216 325 4288 (II
354 4218 475 4272 Cor.
503 4220 599 4290 v1).
637 4238 655 4271 ι
697 4237 717 4270 ‹
758 4220 822 4273 Ει
858 4222 1067 4275 servavi
1096 4231 1151 4275 te
1192 4242 1210 4274 ι
1242 4237 1272 4275 a
1310 4231 1484 4281 morte
1518 4225 1585 4278 ad
1622 4224 1809 4290 vitam,

249 4324 268 4358 ι
303 4317 358 4363 et
398 4310 515 4365 dedi
560 4318 614 4365 te
654 4311 706 4365 in
741 4310 917 4366 foedus
960 4312 1139 4383 populi
1175 4332 1194 4365 ι
1245 4312 1571 4369 Iudaeorum.
1616 4314 1673 4369 1n
1710 4315 1814 4370 illis

242 4401 449 4457 scilicet
489 4404 579 4473 qui
610 4404 831 4459 credere
859 4404 1142 4460 voluerunt
1172 4405 1227 4459 in
1269 4404 1506 4460 amicitia
1545 4405 1817 4474 apostolo-

239 4509 386 4560 rum,
416 4495 609 4564 quibus
632 4495 750 4566 ipse
778 4497 951 4551 dixit:
984 4514 1003 4547 ι
1028 4495 1149 4550 lam
1162 4508 1270 4551 non
1294 4498 1469 4550 dicam
1487 4510 1584 4550 vos
1602 4510 1810 4562 servos,

244 4586 337 4641 sed
374 4588 578 4643 amicos
619 4603 769 4643 meos
805 4588 985 4660 (Joan.
1012 4590 1123 4655 xv).
1161 4608 1180 4640 ι
1219 4588 1301 4643 Ad
1331 4588 1463 4657 quid
1487 4602 1617 4659 ergo
1642 4589 1814 4643 susci-

244 4680 353 4734 tavi
383 4680 471 4735 te?
513 4700 534 4732 α
582 4689 647 4743 ut
665 4681 956 4735 suscitares
985 4689 1206 4745 terram,
1242 4700 1261 4732 ι
1290 4680 1344 4735 id
1370 4688 1453 4734 est
1481 4680 1814 4735 habitatores

245 4775 402 4823 terra:
422 4770 488 4825 de
514 4770 826 4825 inﬁdelitate
846 4769 913 4825 ad
930 4769 1109 4836 ﬁdem,
1128 4780 1183 4825 et
1198 4771 1263 4825 de
1291 4782 1478 4825 errore
1499 4770 1816 4826 idololatriae

245 4862 312 4917 ad
337 4877 521 4916 verum
548 4862 642 4918 Dei
664 4862 897 4928 cultum;
932 4879 953 4913 ί
977 4871 1031 4918 et
1059 4862 1363 4933 possideres
1389 4872 1562 4917 terras
1589 4862 1817 4918 hancdi-

1839 4638 1892 4699 D

1922 2008 2123 2064 famem
2140 2009 2295 2078 panis
2325 2024 2495 2078 neque
2516 2010 2662 2069 sitim
2688 2026 2861 2080 aqum,
2886 2012 2980 2069 sed
3002 2012 3255 2068 audiendi
3278 2016 3500 2071 verbum

1920 2101 2017 2157 Dei
2043 2101 2244 2171 (Amos.
2277 2100 2415 2170 vtu).
2448 2118 2465 2153 ι
2499 2101 2662 2156 Sacra
2697 2100 2977 2172 Scriptura
2998 2104 3053 2159 in
3077 2104 3396 2175 quihusdam
3418 2105 3503 2160 lo-

1922 2192 2000 2247 cis
2026 2200 2108 2246 est
2131 2191 2300 2255 cibus,
2347 2192 2403 2245 in
2424 2191 2744 2260 quibusdam
2789 2202 2965 2262 potus.
3018 2193 3329 2266 Ubicunque
3357 2195 3503 2253 enim

1922 2298 2044 2338 cum
2074 2281 2387 2339 difﬁcultate
2410 2283 2662 2348 sumitur,
2689 2282 2840 2339 cibus
2868 2291 2984 2349 est;
3010 2283 3101 2341 ubi
3136 2294 3317 2341 autem
3343 2285 3506 2341 facile

1921 2372 2257 2442 intelligitur,
2296 2382 2455 2443 potus
2483 2382 2586 2428 est.
2618 2373 2737 2443 Non
2787 2375 3048 2441 esuriem,
3100 2375 3295 2445 inquit,
3326 2390 3503 2447 neque

1921 2467 2104 2522 sitient
2141 2466 2326 2523 ﬁdeles
2363 2467 2420 2523 in
2458 2481 2645 2525 sancta
2668 2468 2913 2527 Ecclesia
2943 2469 3243 2536 constituti,
3265 2470 3369 2527 hoc
3395 2478 3503 2541 est,

1919 2563 2150 2616 obscura
2171 2569 2226 2615 et
2255 2570 2442 2629 aperta
2468 2562 2727 2630 patebunt
2755 2560 2881 2617 illis.
2921 2579 2943 2615 ι
2973 2560 3088 2619 Non
3114 2562 3385 2631 percutiet
3403 2577 3505 2623 eos

1918 2661 2083 2708 aestus
2100 2659 2156 2705 et
2176 2651 2288 2717 sol,
2325 2672 2344 2709 ι
2380 2652 2435 2708 id
2463 2661 2582 2717 est,
2614 2653 2841 2711 adversa
2870 2650 3029 2720 hujus
3058 2652 3242 2710 saeculi
3269 2668 3379 2715 non
3402 2669 3503 2713 ne-

1919 2746 2118 2801 cebunt
2147 2746 2248 2809 eis,
2277 2763 2295 2793 ι
2318 2745 2446 2815 quia
2469 2745 2759 2801 miseratur
2787 2758 2976 2801 eorum
3010 2763 3033 2797 ι
3058 2743 3308 2807 Christus
3340 2764 3358 2798 ι
3407 2761 3496 2802 re-

1918 2845 2007 2908 get
2033 2853 2125 2892 eos
2146 2857 2165 2889 »
2188 2837 2282 2907 qui
2313 2851 2408 2893 eos
2445 2836 2675 2893 redemit
2696 2835 3091 2905 pretiosissimo
3121 2835 3499 2907 sanguinesuo

1925 2947 1943 2979 ι
1965 2937 2021 2983 et
2045 2930 2113 2984 ad
2131 2930 2307 2984 fontes
2319 2944 2582 2999 aquarum
2613 2928 2822 2998 potabit
2834 2943 2949 2994 eos,
2970 2948 2989 2982 ι
3018 2929 3263 2987 doctrina
3288 2930 3500 2986 Veteris

1916 3021 2122 3076 etNovi
2144 3020 2493 3085 Testamenti,
2518 3020 2585 3074 de
2609 3035 2717 3089 qua
2738 3020 2869 3077 alibi
2897 3020 3097 3081 dicitur
3128 3040 3143 3077 :
3183 3040 3202 3077 ι
3225 3019 3499 3083 Haurietia

1917 3127 2088 3181 aquas
2126 3111 2181 3165 in
2204 3110 2401 3181 gaudio
2427 3111 2494 3165 de
2531 3110 2773 3167 fontibus
2800 3110 3097 3171 Salvatoris
3125 3113 3283 3184 (Scip.
3312 3114 3438 3185 an),
3472 3133 3492 3169 ι

1915 3201 2030 3257 sive
2057 3201 2289 3272 gratiam
2314 3200 2548 3269 Spiritus
2576 3201 2769 3257 sancti.

1994 3309 2014 3344 ι
2051 3292 2118 3345 Et
2140 3307 2338 3361 ponam
2364 3306 2553 3346 omnes
2581 3300 2793 3347 montes
2830 3306 2983 3349 meos
3006 3294 3062 3347 in
3085 3294 3256 3359 viam,
3287 3314 3308 3347 ι
3334 3295 3389 3350 id
3412 3302 3501 3353 est

1916 3396 2043 3441 ante
2079 3386 2277 3440 faciem
2320 3384 2687 3454 apostolorum
2712 3398 2961 3440 meorum
2992 3395 3050 3442 et
3079 3388 3498 3457 praedicatorum

1915 3480 2096 3533 omnia
2130 3478 2517 3548 impedimenta
2558 3478 2721 3549 hujus
2750 3477 2935 3534 saeculi
2969 3478 3023 3533 in
3056 3481 3501 3557 tranquillitatem

1916 3578 2249 3627 convertam.
2293 3590 2310 3622 ι
2348 3571 2415 3625 Et
2436 3570 2647 3626 semita:
2674 3584 2807 3627 mea
2831 3571 3233 3640 exaltabuntur,
3270 3595 3291 3627 ι
3319 3576 3498 3645 idest,
3576 3586 3581 3591 '
3680 3568 3691 3577 ’

1916 3660 1993 3714 illi
2006 3656 2098 3729 qui
2122 3675 2296 3714 meam
2320 3660 2679 3716 humilitatem
2702 3661 2897 3716 imitati
2910 3661 3139 3730 fuerint,
3163 3664 3317 3734 juxta
3332 3666 3496 3723 illud:

1922 3767 1941 3802 ι
1961 3750 2148 3806 Omnis
2160 3752 2253 3820 qui
2273 3765 2332 3806 se
2351 3750 2618 3817 humiliat,
2632 3752 2960 3808 exaltabitur
2973 3752 3127 3824 (Luc.
3142 3771 3254 3819 xiv,
3268 3756 3447 3829 unt).
3470 3777 3493 3812 ι

1915 3840 2126 3897 Montes
2153 3852 2414 3899 vocantur
2442 3844 2673 3914 apostoli
2703 3853 2761 3900 et
2782 3844 3061 3916 apostolici
3093 3846 3233 3913 viri,
3259 3847 3342 3903 vel
3368 3849 3499 3918 quia

1916 3933 1971 3988 in
1999 3932 2218 3989 Christe
2253 3943 2381 3989 sunt
2404 3934 2634 4002 fundati,
2657 3938 2747 4006 qui
2787 3946 2871 3995 est
2900 3953 3058 3996 mons
3087 3940 3387 4007 montium,
3411 3941 3500 3997 vel

1915 4028 2042 4098 quia
2071 4030 2128 4082 in
2164 4028 2471 4098 exemplum
2503 4039 2630 4085 sunt
2658 4030 2882 4086 mundo.
2915 4030 3134 4088 Semitas
3167 4042 3351 4088 autem
3378 4040 3497 4105 Ἃρ·-

1915 4122 2186 4191 pellantur
2212 4138 2401 4179 omnes
2441 4126 2743 4192 credentes,
2786 4142 2885 4198 pro
2924 4127 3128 4182 Christi
3171 4129 3390 4184 nomine
3435 4145 3497 4184 se

1915 4215 2279 4271 humiliantes.
2325 4218 2427 4284 Qui
2476 4218 2588 4273 sint
2635 4220 2724 4275 isti
2767 4221 2969 4290 quibus
3011 4220 3095 4276 via
3141 4232 3495 4294 plmparatur,

1915 4303 2258 4360 manifestius
2286 4308 2625 4362 demonstrat
2645 4325 2765 4365 cum
2795 4310 2969 4365 dicit:

1994 4419 2013 4450 ‹
2048 4399 2190 4453 Ecce
2230 4398 2320 4452 isti
2362 4418 2384 4451 ι
2418 4400 2707 4456 credentes
2736 4419 2757 4451 ι
2800 4401 2869 4456 de
2898 4402 3057 4474 longe
3097 4414 3339 4472 venient,
3387 4425 3408 4460 ι
3442 4407 3496 4463 id

1915 4500 2019 4557 est,
2043 4492 2110 4546 de
2134 4492 2346 4546 oriente
2358 4491 2424 4545 ad
2447 4490 2609 4545 ﬁdem
2628 4500 2685 4547 et
2705 4492 2969 4549 unitatem
2995 4472 3203 4551 sanctis
3217 4497 3494 4566 Ecclesiae,

1915 4600 2025 4640 non
2066 4584 2187 4639 loco
2231 4583 2329 4639 sed
2366 4583 2472 4639 ﬁde
2503 4603 2517 4639 :
2554 4603 2575 4637 ι
2615 4593 2672 4640 et
2709 4601 2838 4641 ecce
2875 4586 2967 4643 alii
3001 4607 3020 4641 ι
3058 4588 3243 4644 ﬁdeles
3281 4592 3498 4648 venient

1922 4697 1941 4729 ε
1990 4678 2059 4741 ab
2086 4678 2336 4748 aquilone
2364 4687 2421 4734 et
2446 4680 2612 4746 mari,
2649 4700 2668 4733 ι
2702 4679 2756 4735 id
2778 4690 2864 4736 est
2887 4683 3186 4749 occidente,
3228 4694 3284 4740 et
3312 4686 3403 4741 isti
3429 4688 3497 4742 de

1916 4780 2060 4826 terra
2100 4771 2343 4827 australi.
2379 4770 2480 4827 Hic
2514 4773 2817 4828 ostenditur
2842 4774 3127 4831 multitudo
3158 4778 3494 4834 credentium

1916 4877 2036 4931 quae
2065 4877 2095 4915 a
2133 4870 2365 4931 quatuor
2399 4862 2584 4916 mundi
2614 4865 2858 4933 partibus
2884 4867 2939 4919 in
2973 4866 3182 4922 unitate
3211 4867 3334 4924 ﬁdei
3366 4885 3495 4925 con-

245 4961 355 5008 tate
396 4954 699 5025 dissipatas,
731 4974 749 5006 ι
798 4968 917 5023 quae
970 4954 1332 5009 habitatorem
1388 4970 1493 5009 non
1546 4954 1816 5009 habebant
1909 4954 2097 5025 juncta
2133 4964 2236 5020 est,
2277 4956 2347 5009 de
2371 4955 2570 5025 quibus
2600 4966 2655 5010 et
2680 4957 2941 5013 Dominus
2967 4960 3141 5016 dicit:
3179 4974 3198 5011 ι
3226 4960 3374 5015 Multi
3399 4976 3492 5016 ve-

246 5043 433 5111 Deum,
471 5046 526 5101 id
556 5054 639 5101 est
674 5045 1073 5101 multitudinem
1101 5048 1339 5117 gentium
1374 5047 1811 5117 pra-destinatam

246 5134 313 5189 ad
361 5135 547 5190 vitam.
598 5137 674 5192 De
734 5152 838 5207 qua
889 5137 1203 5193 haereditate
1258 5136 1418 5191 Pater
1464 5137 1520 5191 in
1563 5139 1815 5207 psalmo:

252 5244 274 5279 ι
298 5227 539 5293 Postula,
570 5229 762 5299 inquit,
794 5244 823 5283 a
862 5242 967 5297 me,
1002 5238 1057 5286 et
1087 5230 1226 5286 dabo
1254 5229 1349 5284 tibi
1378 5241 1565 5300 gentes
1591 5230 1819 5285 haeredi-

250 5326 414 5374 tatem
443 5326 585 5373 tuam
616 5319 787 5389 (Psal.
818 5324 898 5393 ιι).
930 5342 949 5375 ι

326 5428 346 5463 ι
391 5408 462 5468 Ut
506 5410 714 5466 diceres
742 5412 826 5467 his
855 5415 947 5483 qui
974 5415 1142 5470 vincti
1186 5423 1344 5479 sunt,
1376 5414 1532 5470 Exite
1564 5434 1582 5466 ›
1615 5415 1820 5471 devin-

249 5503 385 5560 culis
430 5510 773 5575 peccatorum
800 5543 814 5568 ,
870 5504 937 5558 de
986 5506 1182 5573 quibus
1226 5506 1479 5562 Salomon
1528 5508 1811 5578 loquitur:

251 5595 492 5653 Vinculis
527 5605 872 5668 peccatorum
901 5610 1117 5651 suorum
1156 5599 1528 5668 unusquisque
1554 5600 1820 5655 constrin-

254 5692 415 5764 gitur.
461 5709 481 5742 ί
527 5692 593 5745 Et
623 5690 708 5745 his
736 5689 827 5760 qui
865 5688 918 5743 in
953 5689 1187 5743 tenebris
1218 5699 1513 5756 morantur,
1558 5711 1576 5742 ι
1620 5692 1818 5746 ειὼθιιο

257 5783 339 5837 dis
368 5782 576 5838 diceres
635 5800 654 5831 ‹
688 5779 1000 5836 revelamini
1026 5820 1040 5844 ,
1080 5799 1096 5831 ι
1139 5780 1241 5834 hoc
1284 5786 1366 5834 est
1418 5780 1814 5835 illuminamini.

262 5877 357 5934 llis
393 5877 481 5948 qui
515 5877 567 5931 in
591 5878 843 5944 tenebris,
878 5874 1070 5946 inquit,
1096 5881 1270 5938 erant,
1305 5874 1405 5928 hoc
1429 5881 1513 5929 est
1548 5875 1601 5929 in
1634 5874 1820 5930 inﬁde-

1917 5048 2069 5102 nient
2112 5048 2182 5101 ab
2227 5046 2438 5103 oriente
2475 5055 2532 5102 et
2567 5048 2867 5115 occidente,
2910 5060 2967 5105 et
3006 5052 3320 5107 recumbent
3367 5067 3490 5108 cum

1916 5138 2211 5202 Abraham,
2240 5136 2408 5204 lsaac,
2437 5145 2493 5191 et
2508 5136 2695 5204 Iacob,
2722 5140 2777 5193 in
2803 5154 2971 5211 regno
2995 5140 3486 5212 cmlorumﬂatth.

1916 5231 2059 5302 Vill).
2089 5250 2111 5283 ι
2135 5230 2249 5286 Non
2266 5239 2447 5286 autem
2470 5231 2895 5303 intelligendum,
2933 5234 3077 5303 quod
3098 5232 3341 5290 localiter
3360 5250 3491 5293 con-

1918 5330 2210 5393 gregemur
2235 5321 2290 5375 in
2317 5336 2502 5387 unum,
2533 5324 2628 5379 sed
2654 5322 2778 5377 fide.
2804 5322 2958 5379 Licet
2978 5325 3035 5379 in
3059 5339 3285 5396 corpore
3311 5327 3492 5397 sejun-

1919 5422 2133 5485 gantur,
2163 5414 2385 5470 minime
2401 5426 2628 5485 possunt
2648 5416 2893 5485 separari
2914 5427 3115 5487 mente,
3137 5433 3274 5492 quos
3290 5419 3492 5479 Christi

1919 5506 2085 5562 nectit
2106 5506 2363 5562 inviolata
2385 5507 2639 5563 charitas.

1994 5616 2012 5648 ι
2045 5595 2306 5663 Laudato,
2334 5597 2491 5663 cteli,
2538 5616 2559 5650 ι
2586 5598 2688 5653 hoc
2719 5606 2802 5654 est
2823 5600 3003 5673 angeli
3027 5602 3118 5672 qui
3158 5602 3415 5661 habitatis
3434 5607 3489 5662 in

1920 5687 2077 5755 ctelo,
2119 5706 2138 5740 ι
2171 5697 2228 5743 et
2266 5688 2500 5754 exsulta,
2546 5698 2714 5755 terra,
2754 5709 2774 5741 ι
2804 5692 3058 5764 angelica
3103 5694 3334 5751 virtutes
3370 5710 3490 5767 qum

1921 5787 2079 5833 terrae
2124 5778 2404 5849 praeestis,
2443 5779 2528 5833 vel
2575 5780 2821 5836 homines
2850 5782 2981 5853 justi
3026 5784 3115 5854 qui
3174 5784 3491 5843 inhabitatis

1921 5885 2061 5937 eam,
2095 5884 2192 5940 pro
2231 5868 2405 5926 salute
2426 5870 2639 5945 generis
2674 5873 2894 5929 humani
2919 5877 3166 5947 gaudete.
3201 5894 3219 5926 ι
3259 5874 3493 5947 Jubilate
