4016 6488
538 422 641 479 967

991 414 1347 475 nummus
1384 385 1864 469 HALBERSTAT.
1904 401 2117 460 EPISC.
2159 400 2312 459 ore.
2344 396 2525 453 PARS
2563 398 2616 452 1.
2653 426 2723 441 -
2751 392 3107 452 connsur.
3146 391 3319 448 BlBL.

3696 385 3813 443 968

539 547 749 595 montes
769 535 1000 600 laudem,
1032 553 1051 586 ι
1085 531 1277 603 angeli,
1307 528 1513 584 scilicet
1533 534 1588 580 et
1620 523 1867 578 homines
1897 518 2025 588 justi
2057 518 2110 571 in
2138 534 2191 591 Α
2213 513 2595 584 pradicatorcs
2618 518 2674 565 et
2697 509 2985 603 primitiva
3008 505 3263 563 Ecclesia
3285 503 3809 603 adiﬁcatores.Lo-

538 628 751 685 excelso
771 628 1031 681 virtutum
1060 620 1307 678 collocati
1338 638 1352 673 :
1386 637 1404 668 ι
1432 616 1560 687 quia
1582 611 1887 669 consolatus
1915 615 1996 662 est
2016 606 2113 659 Do«

540 721 719 776 minus
739 718 993 791 populum
1026 735 1044 767 ι
1073 713 1378 769 credentem
1401 711 1456 765 in
1484 723 1542 763 se
1562 721 1660 778 per
1680 704 1968 791 adventum
1994 698 2113 791 [filii

540 815 643 880 sui,
660 788 929 884 apostolos
951 808 1155 865 scilicet
1176 813 1506 871 caterosque
1532 797 1813 853 credentes
1832 807 1898 846 ex
1919 788 2116 844 Judais

541 912 596 959 et
615 918 802 959 omnes
819 917 849 955 a
870 909 1097 970 quatuor
1110 893 1292 950 mundi
1313 890 1555 962 partibus
1566 886 1635 941 ad
1653 884 1813 939 ﬁdem
1827 894 1978 936 suam
1991 891 2118 932 con-

542 995 819 1050 venientes
831 993 895 1047 de
910 990 1105 1061 quibus
1111 989 1222 1059 jam
1234 998 1395 1054 supra
1412 980 1548 1036 dixit
1563 995 1576 1032 :
1589 996 1607 1028 ‹
1618 984 1671 1031 et
1684 985 1978 1061 pauperum
1995 982 2119 1023 suo-

544 1099 663 1138 rum
692 1059 1054 1145 miserebitur,
1083 1097 1101 1129 ι
1127 1086 1181 1131 et
1200 1076 1265 1130 de
1281 1073 1475 1144 quibus
1496 1071 1550 1123 in
1572 1063 1861 1133 Evangelio
1876 1059 2072 1145 dicitur
2097 1076 2110 1112 :

521 1174 715 1241 Beati,
742 1174 935 1244 inquit,
961 1184 1222 1243 pauperes
1246 1166 1434 1237 spiritu
1454 1204 1469 1229 ,
1506 1159 1759 1231 quoniam
1794 1154 1896 1226 ipsi
1924 1166 2115 1244 conso-

542 1241 832 1318 labuntur:
844 1241 1054 1329 Pauper
1082 1258 1135 1312 in
1164 1258 1266 1312 hoc
1285 1254 1404 1309 loco
1434 1257 1611 1321 potest
1640 1244 1862 1315 intelligi
1888 1241 2116 1314 populus

542 1355 786 1427 gentilis,
812 1355 907 1425 qui
944 1369 1050 1408 non
1077 1351 1307 1407 habebat
1334 1346 1549 1401 divitias
1574 1341 1771 1413 legales
1802 1348 1859 1395 et
1883 1337 2116 1408 prophe-

543 1446 717 1501 tales:
748 1445 842 1501 sed
878 1446 1123 1500 desertus
1163 1448 1220 1496 et
1261 1436 1547 1493 derelictus
1576 1448 1607 1487 a
1634 1434 1744 1485 Deo
1783 1428 1988 1483 factore
2019 1441 2116 1481 suo

544 1535 874 1591 damonibus
901 1531 1234 1600 subjacebat,
1263 1542 1362 1599 per
1395 1522 1709 1581 idololatria
1733 1518 1938 1574 cultum
1969 1525 2025 1571 et
2044 1516 2113 1570 li-

544 1627 745 1682 bidinis
775 1625 1114 1681 servitutem.

622 1734 641 1767 ‹
678 1715 746 1770 Ει
769 1714 902 1770 dixit
928 1712 1056 1767 Sion
1080 1706 1442 1777 :Derelinquit
1479 1718 1564 1760 me
1586 1703 1864 1765 Dominus,
1906 1718 1923 1752 ι
1952 1699 2004 1754 id
2033 1707 2118 1754 est

547 1804 864 1861 annihilavit
909 1804 1021 1858 sive
1050 1800 1325 1856 annulavit
1367 1816 1380 1851 :
1431 1815 1451 1848 ‹
1506 1804 1561 1851 et
1588 1794 1786 1850 oblitus
1818 1800 1901 1847 est
1925 1791 2049 1845 mei.
2090 1810 2109 1843 ι

2215 607 2397 676 quitur
2422 606 2488 659 de
2514 603 2694 658 futuro
2720 603 2873 673 quasi
2904 602 2969 656 de
2999 600 3292 670 praeterito,
3315 599 3473 669 quasi
3494 597 3609 667 jam
3634 614 3811 653 vene-

2215 697 2345 750 rint.
2406 693 2649 765 Apostoli
2694 676 3157 747 reﬁzdiﬁcaverunt
3202 689 3546 753 Jerusalem,
3606 689 3666 744 id
3722 699 3810 743 est

2214 785 2687 855 congregationem
2717 781 2973 847 ﬁdelium,
3000 795 3118 850 qua
3146 781 3419 835 destructa
3448 784 3568 833 erat
3588 793 3688 849 per
3716 778 3806 832 in-

2213 873 2527 929 ﬁdelitatem
2546 914 2561 938 ,
2591 873 2645 928 in
2676 872 2781 927 illis
2809 880 2988 935 tamen
3021 871 3113 940 qui
3150 885 3217 924 ex
3248 870 3329 924 eis
3358 869 3586 924 credere
3616 866 3804 921 volue—
3864 944 3867 945 ν

2214 975 2358 1021 runt.
2392 987 2411 1019 ε
2443 966 2812 1030 Destruentes,
2847 985 2866 1017 ›
2896 963 3183 1029 subaudis,
3208 962 3404 1019 scriba
3430 971 3488 1017 et
3512 962 3803 1027 Pharisai,

2215 1059 2308 1130 qui
2336 1072 2551 1128 semper
2573 1057 2969 1128 praeponebant
2999 1056 3320 1110 traditiones
3363 1069 3495 1110 suas
3533 1053 3647 1123 legi
3680 1053 3800 1117 Dei,

2220 1167 2239 1198 ‹
2274 1158 2331 1203 et
2350 1147 2692 1218 dissipantes,
2728 1165 2748 1199 ο
2783 1145 3061 1210 subaudis,
3094 1153 3146 1200 te
3172 1144 3287 1200 suis
3314 1142 3609 1214 exemplis,
3637 1158 3659 1192 ι
3692 1156 3725 1196 a
3754 1148 3805 1195 te

2216 1239 2460 1307 exibunt,
2495 1258 2515 1292 ι
2551 1238 2697 1293 ducti
2726 1239 2781 1291 in
2811 1236 3175 1307 captivitatem
3204 1252 3235 1289 a
3269 1234 3555 1290 Romanis.

2291 1350 2312 1384 ι
2348 1331 2491 1387 Leva
2518 1331 2573 1385 in
2604 1330 2835 1385 circuitu
2862 1329 3050 1383 oculos
3072 1338 3212 1393 tuos,
3243 1334 3297 1383 et
3321 1327 3464 1392 vide,
3494 1337 3698 1381 omnes
3716 1323 3797 1377 isti

2216 1423 2547 1494 congregati,
2581 1429 2845 1477 venerunt
2874 1420 2991 1475 tibi.
3033 1441 3052 1474 p
3094 1419 3381 1491 Apostolos
3421 1417 3729 1486 alloquitur
3750 1424 3799 1470 et

2213 1516 2543 1586 primitivam
2574 1513 2889 1569 Ecclesiam.
2918 1512 3170 1581 Legimus
3198 1512 3252 1564 in
3274 1510 3506 1565 Actibus
3532 1507 3797 1578 apostolo-

2215 1622 2337 1661 rum
2375 1606 2515 1677 (cap.
2564 1606 2650 1675 ιιι),
2697 1604 2841 1674 quod
2870 1604 2958 1659 die
2997 1603 3345 1659 Pentecostes
3373 1599 3795 1670 praedicantibus

2214 1699 2489 1770 Apostolis
2514 1697 2849 1753 concurrerit
2868 1696 3155 1752 multitudo
3172 1695 3506 1758 Judaorum,
3530 1708 3659 1766 qua
3681 1707 3792 1745 coa-

2215 1797 2439 1845 venerat
2464 1804 2532 1844 ex
2558 1788 2788 1844 diversis
2807 1787 3051 1857 partibus
3074 1784 3282 1850 mundi,
3307 1784 3375 1838 ad
3402 1798 3547 1852 quas
3577 1779 3791 1850 disperii

547 1893 881 1949 Hierusalem
916 1901 972 1946 et
990 1886 1134 1945 'Sion
1158 1897 1389 1959 quatuor
1420 1886 1594 1941 modis
1615 1885 1671 1938 in
1707 1882 2000 1952 Scripturis
2030 1895 2119 1934 sa—
2143 1899 2192 1960 Β
2218 1880 2563 1950 iuerantpra
2594 1870 2775 1936 nimia.
2797 1877 3174 1949 persecutione
3196 1875 3452 1929 Antiochi
3483 1873 3787 1942 Epiphane,

547 1986 654 2042 cris
698 1975 1032 2056 intelligitur.
1086 1981 1269 2038 Primo
1314 1977 1539 2049 intelligi
1575 1977 1731 2033 debet
1781 1970 2116 2029 Hierusalem

548 2086 760 2135 terrena
789 2092 910 2148 qua
943 2077 1044 2131 fuit
1076 2077 1131 2130 in
1161 2073 1378 2138 Judais,
1404 2086 1564 2157 quam
1592 2069 1819 2139 legimus
1848 2066 2118 2137 planxisse

546 2169 860 2232 Dominum,
895 2174 951 2221 et
976 2165 1044 2220 ad
1073 2179 1236 2235 quam
1273 2163 1329 2217 in
1372 2155 1658 2231 Evangelio
1684 2158 1919 2227 loquitur
1953 2174 1964 2208 :
1996 2155 2119 2210 Hie-

545 2256 800 2322 rusalem,
824 2255 1178 2320 Hierusalem,
1217 2268 1335 2322 qua
1357 2252 1557 2308 occidis
1582 2251 1873 2321 prophetas
1901 2247 2115 2319 (Matth.

546 2346 724 2418 χχιιι),
765 2355 820 2401 et
855 2354 1069 2402 catera.
1107 2344 1355 2400 Secundo
1395 2343 1740 2415 congregatio
1787 2349 2116 2405 sanctorum,

545 2434 688 2506 (qua
737 2437 791 2491 in
829 2450 961 2506 pace
1002 2435 1214 2491 Domini
1256 2442 1312 2489 et
1362 2432 1813 2503 contemplatione
1859 2431 2119 2485 virtutum

546 2528 814 2600 consistit)
845 2528 1021 2584 adhuc
1049 2528 1222 2599 posita
1251 2527 1307 2582 in
1343 2535 1487 2581 terra
1515 2525 1849 2581 Hierusalem
1898 2533 1952 2578 et
1988 2521 2119 2578 Sion

544 2621 848 2686 vocabitur,
889 2618 958 2674 de
991 2634 1098 2688 qua
1140 2618 1337 2673 dicitur
1386 2636 1397 2670 :
1448 2636 1466 2669 ι
1500 2615 1872 2671 Fundamenta
1911 2613 2028 2682 ejus
2064 2613 2116 2667 in

546 2710 819 2766 montibus
838 2709 1062 2775 sanctis,
1094 2708 1267 2778 diligit
1296 2707 1552 2762 Dominus
1570 2712 1756 2776 portas
1779 2703 1911 2760 Sion
1943 2702 2114 2775 (Psal.

546 2804 788 2871 Lxxxvi).
840 2821 859 2854 ι
896 2801 1078 2857 Tertio
1119 2802 1278 2855 modo
1325 2799 1620 2869 appellatur
1662 2797 1996 2854 Hierusalem
2035 2796 2120 2851 vel

548 2893 677 2951 Sion
719 2893 1004 2948 multitudo
1035 2903 1343 2949 sanctorum
1369 2892 1680 2963 angelorum
1705 2900 1760 2946 et
1800 2891 2120 2946 dominatio-

545 3000 698 3049 num,
720 3000 782 3039 ac
806 2992 1121 3039 caterarum
1143 2985 1425 3049 virtutum,
1447 2994 1502 3038 et
1524 2983 1803 3038 hominum
1825 2983 2118 3037 electorum

539 3073 653 3144 jam
667 3088 791 3128 cum
815 3073 1030 3128 Christo
1050 3074 1409 3144 regnantium.
1428 3074 1630 3141 Dequa
1646 3073 1775 3127 dicit
1788 3073 2076 3143 Apostolus
2099 3090 2113 3125 :

545 3162 639 3217 illa
677 3170 857 3216 autem
903 3162 1237 3218 Hierusalem
1267 3177 1386 3232 qua
1434 3178 1646 3217 sursum
1685 3172 1771 3216 cst
1822 3163 1989 3217 libera
2012 3172 2113 3227 est,

2222 1974 2553 2047 temporibus
2591 1972 3021 2027 Machabaorum
3047 1988 3060 2023 :
3086 1984 3153 2025 ex
3195 1968 3389 2039 quibus
3438 1968 3589 2021 sicut
3633 1965 3789 2019 Lucas

2221 2071 2386 2136 dicit,
2430 2085 2538 2124 una
2582 2068 2669 2123 die
2698 2066 2802 2122 tria
2849 2064 3016 2119 millia
3059 2063 3447 2123 crediderunt,
3494 2060 3669 2115 altera
3711 2059 3787 2112 die

2220 2158 2457 2232 quinque
2483 2158 2667 2223 millia,
2700 2167 2756 2213 et
2783 2157 3037 2226 deinceps
3077 2153 3246 2209 multa
3286 2151 3480 2205 millia.
3510 2150 3583 2204 Et
3610 2150 3673 2203 de
3691 2148 3784 2203 illis

2219 2254 2383 2309 modo
2416 2253 2653 2323 loquitur
2681 2251 2748 2306 ad
2783 2250 3115 2321 primitivam
3135 2245 3439 2302 Ecclesiam
3472 2262 3488 2298 :
3517 2242 3660 2299 Leva
3680 2243 3782 2313 (in-

2221 2348 2430 2417 quiens)
2443 2344 2626 2400 oculos
2646 2352 2787 2409 tuos,
2808 2358 2842 2398 o
2856 2342 3126 2414 primitiva
3140 2340 3410 2406 Ecclesia,
3438 2347 3496 2395 et
3517 2340 3633 2394 vide
3653 2337 3772 2409 (Act.

2220 2455 2283 2505 ιι,
2309 2438 2404 2507 tv),
2422 2438 2473 2492 id
2494 2445 2596 2503 est,
2623 2435 2927 2499 considera,
2958 2448 3147 2489 omnes
3166 2433 3255 2488 isti
3281 2430 3461 2487 Judai
3484 2446 3550 2486 ex
3569 2431 3766 2485 diversis

2220 2528 2462 2599 partibus
2491 2527 2797 2598 congregati
2827 2533 3087 2590 venerunt
3108 2525 3240 2591 tibi;
3265 2524 3322 2580 id
3346 2532 3454 2587 est,
3482 2538 3571 2594 per
3591 2532 3639 2577 te
3662 2535 3769 2576 ere.

2222 2621 2351 2675 dant
2389 2629 2445 2674 et
2491 2620 2871 2675 consocientur
2920 2618 3016 2673 tibi
3062 2618 3117 2672 in
3164 2617 3387 2672 unitate
3422 2616 3568 2671 ﬁdei.
3612 2614 3781 2670 Potest

2219 2711 2381 2765 etiam
2404 2719 2459 2765 et
2479 2710 2548 2765 ad
2576 2710 2972 2765 multitudinem
2998 2709 3236 2779 gentium
3264 2707 3491 2772 referri,
3521 2719 3639 2775 qua
3661 2719 3781 2774 quo-

2222 2803 2352 2858 tidie
2380 2818 2444 2857 ex
2471 2803 2721 2857 omnibus
2747 2801 2932 2856 mundi
2958 2801 3265 2857 climatibus
3293 2800 3523 2856 conﬂuit
3552 2799 3620 2853 ad
3638 2798 3779 2853 ﬁdem

2220 2894 2492 2951 Ecclesia.
2521 2915 2540 2946 ι
2574 2894 2708 2949 Vivo
2745 2909 2867 2964 ego,
2891 2894 3023 2949 dicit
3058 2893 3337 2959 Dominus,
3366 2893 3495 2965 quia
3520 2893 3607 2947 his
3625 2890 3784 2947 omni-

2219 2988 2340 3051 bus,
2363 3006 2380 3038 ι
2416 2985 2672 3041 subaudis
2697 2985 3063 3051 credentibus,
3096 2994 3204 3040 tam
3230 3000 3293 3041 ex
3320 2983 3521 3041 Judais
3542 2999 3701 3055 quam
3725 2998 3784 3037 ex

2219 3079 2488 3149 gentibus,
2521 3096 2541 3128 ‹
2568 3077 2715 3133 velut
2733 3086 3051 3132 ornamento
3077 3078 3326 3132 vestieris
3342 3119 3355 3143 ,
3395 3096 3413 3129 ι
3443 3077 3497 3132 id
3521 3086 3605 3132 est
3629 3091 3785 3130 orna-

2219 3170 2365 3226 beris
2400 3187 2418 3220 (
2457 3178 2513 3225 et
2556 3169 2916 3225 circumdabis
2953 3169 3050 3225 tibi
3097 3185 3193 3225 eos
3234 3170 3383 3238 quasi
3425 3184 3635 3238 sponsa.
3670 3186 3695 3220 ι
3728 3167 3784 3223 Si

546 3269 666 3325 quae
704 3263 787 3309 est
836 3262 1009 3309 mater
1044 3265 1228 3309 nostra
1259 3251 1402 3326 (bal.
1441 3258 1538 3327 ιν).
1586 3254 1789 3322 Quarto
1828 3255 2124 3325 appellatur
2150 3263 2195 3327 (ς
2227 3260 2332 3316 dici
2363 3259 2447 3315 fas
2471 3268 2555 3314 est
2577 3259 2707 3314 illud
2734 3259 2876 3328 quod
2901 3258 3100 3313 dicitur
3122 3259 3258 3313 Vivo
3284 3256 3777 3327 ego,juramentum

546 3343 902 3411 Hierusalem,
920 3360 1082 3416 quam
1108 3343 1276 3399 Judai
1298 3354 1355 3399 et
1366 3346 1534 3401 nostri
1544 3344 1883 3414 judaizantes
1900 3347 2122 3401 descen-

545 3436 673 3492 dere
718 3437 903 3492 dicunt
948 3438 1015 3493 de
1056 3436 1192 3492 calo
1217 3449 1465 3493 ornatam
1514 3454 1528 3491 :
1566 3436 1719 3505 juxta
1745 3438 2121 3508 Apocalypsim

544 3526 766 3582 Joannis
805 3527 943 3599 (cap.
988 3528 1124 3599 xu).
1158 3529 1221 3583 Et
1252 3530 1356 3584 hoc
1381 3530 1761 3599 quaerendum,
1800 3546 1919 3600 qua
1943 3544 2009 3584 ex
2038 3531 2123 3584 his

545 3619 793 3674 omnibus
818 3619 1032 3686 dixerit,
1064 3621 1353 3691 dereliquit
1381 3638 1467 3678 me
1493 3623 1769 3678 Dominus.
1801 3622 1915 3678 Hoc
1943 3631 2122 3678 autem

547 3711 825 3766 sciendum
862 3720 964 3779 est,
1010 3714 1136 3783 quia
1180 3713 1513 3770 Hierusalem
1548 3716 1623 3787 (id
1658 3723 1742 3770 est
1775 3715 2124 3786 congregatio

546 3807 877 3878 sanctorum)
909 3822 1031 3878 qua
1064 3808 1240 3877 prima
1279 3806 1456 3862 fuerat
1483 3809 1537 3862 in
1565 3807 1799 3874 Judais,
1834 3810 1935 3862 ista
1970 3823 2122 3863 com-

546 3909 809 3954 memorat
838 3917 852 3955 :
889 3916 1009 3969 qua
1039 3901 1214 3970 posita
1242 3902 1294 3956 in
1325 3901 1690 3970 captivitatem
1722 3900 2011 3972 Babylonis
2041 3901 2124 3955 di-

546 3989 618 4044 cit
642 3996 705 4044 ae
734 4004 765 4043 a
795 3991 905 4045 Deo
941 3991 1273 4057 derelictam.
1323 3991 1430 4046 Sed
1458 3992 1587 4061 quid
1625 3993 1754 4047 dicit
1790 3993 1840 4047 ei
1866 3992 2126 4049 Dominus

545 4080 870 4137 blandientis
890 4081 1119 4138 aﬂ'ectu?
1145 4083 1459 4137 Audiamus.

620 4191 639 4223 ι
674 4171 925 4241 Nunquid
952 4171 1197 4228 oblivisci
1226 4180 1403 4244 potest
1430 4172 1627 4227 mulier
1654 4170 1914 4227 infantem
1937 4188 2120 4239 suum,

545 4272 607 4317 ut
636 4278 743 4316 non
780 4264 1101 4321 misereatur
1138 4264 1248 4320 ﬁlio
1287 4266 1427 4321 uteri
1466 4265 1584 4321 sui?
1612 4284 1632 4317 ι
1668 4265 1902 4321 Minime.
1947 4266 2015 4321 Et
2041 4275 2125 4322 est

545 4370 737 4410 sensus
764 4372 778 4409 :
811 4354 962 4411 Sicut
988 4356 1078 4411 illa
1117 4372 1224 4412 non
1258 4365 1435 4429 potest
1470 4358 1716 4414 oblivisci
1747 4358 2036 4424 infantem,
2064 4369 2125 4414 ut

544 4448 595 4502 ei
637 4464 745 4503 non
779 4448 1135 4505 misereatur:
1167 4449 1244 4505 sic
1283 4465 1385 4521 ego
1411 4465 1517 4505 non
1545 4450 1834 4505 obliviscar
1871 4451 1948 4505 tui
1971 4491 1986 4514 .
2030 4451 2124 4506 sed

545 4542 860 4598 miserebor.
885 4542 1027 4598 Dicit
1043 4544 1273 4614 amplius
1294 4544 1515 4614 aliquid.
1535 4563 1555 4596 ‹
1589 4544 1655 4599 Et
1677 4545 1721 4609 si
1751 4544 1863 4611 illa,
1887 4565 1906 4596 ι
1925 4545 2123 4600 subau-

2224 3352 2319 3407 Dci
2337 3359 2444 3417 est,
2467 3352 2607 3406 sicut
2633 3366 2774 3421 sape
2796 3352 2850 3406 in
2874 3349 3052 3406 Veteri
3075 3349 3415 3406 Testamento
3432 3348 3635 3404 locutus
3662 3357 3781 3413 est,

2225 3454 2278 3499 et
2307 3444 2451 3498 sicut
2480 3443 2532 3496 in
2559 3441 2708 3498 Novo
2734 3442 2928 3508 Amen,
2955 3456 3133 3496 amen.
3161 3441 3285 3497 Ideo
3316 3450 3497 3495 autem
3522 3439 3679 3494 detur
3706 3438 3793 3506 ju-

2224 3551 2346 3591 rare
2373 3549 2521 3591 more
2550 3544 2753 3599 nostro,
2784 3543 2843 3587 ut
2868 3534 3046 3589 omnis
3077 3548 3258 3588 sermo
3283 3532 3407 3602 ejus
3430 3532 3513 3587 sic
3552 3538 3788 3584 teneatur

2224 3628 2412 3682 ﬁrmus
2454 3627 2609 3697 quasi
2648 3625 3036 3693 iuramentum.
3081 3625 3211 3681 Hac
3255 3641 3377 3695 qua
3417 3624 3676 3694 propheta
3727 3639 3787 3677 ex

2221 3733 2454 3789 persona
2480 3718 2574 3773 Dei
2609 3716 2788 3772 Patris
2816 3716 3076 3787 loquitur,
3104 3717 3391 3784 dupliciter
3418 3716 3646 3784 intelligi
3673 3730 3790 3786 pos-

2223 3817 2369 3873 sunt,
2388 3818 2445 3862 ut
2469 3808 2537 3862 ad
2564 3807 2766 3862 Christi
2791 3822 3079 3876 personam
3105 3816 3162 3861 et
3188 3806 3446 3862 Ecclesia
3471 3806 3787 3861 referantur.

2224 3898 2425 3956 Omnes
2477 3898 2622 3953 enim
2671 3898 2844 3953 sancti
2891 3905 3272 3952 ornamentum
3317 3906 3373 3952 et
3418 3898 3791 3952 vestimentum

2224 3997 2349 4044 sunt
2381 3987 2617 4055 Christi,
2650 3996 2708 4043 et
2739 3988 2856 4059 ipse
2879 3996 3255 4043 ornamentum
3286 3995 3371 4044 est
3405 3989 3654 4043 omnium
3686 4002 3793 4042 san-

2223 4092 2454 4137 ctorum.
2487 4079 2741 4135 Dicamus
2776 4087 2834 4133 et
2861 4079 3042 4145 aliter,
3067 4078 3367 4134 referentes
3390 4079 3500 4134 hoc
3532 4080 3711 4150 ipsum
3732 4078 3793 4133 ad

2223 4171 2556 4227 Ecclesiam:
2595 4168 2748 4225 Sicut
2786 4184 2986 4240 sponsa
3011 4178 3237 4225 ornatur
3274 4185 3410 4225 auro
3456 4180 3515 4226 et
3554 4171 3790 4239 gemmis,

2222 4265 2494 4335 variisque
2546 4263 2880 4319 ornamentis
2923 4262 3366 4318 vestimentorum
3411 4280 3426 4314 :
3486 4263 3576 4318 sic
3623 4270 3792 4318 sancta

2221 4357 2463 4412 Ecclesia
2491 4364 2716 4412 ornatur
2744 4354 3085 4410 multitudine
3104 4353 3443 4410 credentium
3465 4354 3793 4424 diversisque

2221 4449 2498 4506 ordinibus
2526 4449 2619 4518 qui
2659 4449 2713 4503 in
2751 4464 2815 4504 ea
2841 4447 3168 4511 consistunt,
3200 4446 3471 4516 episc0pis
3506 4447 3783 4509 videlicet,

2219 4542 2551 4613 presbyteris
2573 4579 2589 4604 ,
2641 4540 2958 4596 diaconibus
2980 4579 2994 4605 ,
3040 4538 3493 4604 subdiaconibus,
3556 4556 3663 4596 nec
3700 4553 3791 4594 non

544 4632 647 4697 dis,
672 4627 1030 4689 tam'crudelis
1055 4607 1323 4689 exstiterit
1346 4607 1401 4688 et
1424 4635 1577 4700 dura,
1600 4607 1693 4689 uti
1716 4607 1882 4691 oblita
1903 4634 2067 4691 fuerit
2092 4653 2111 4684 ι
2146 4607 2197 4668 Ῐ)
2220 4607 2400 4687 etiam
2429 4630 2775 4686 multitudine
2821 4631 3261 4702 conjugatorum,
3306 4629 3715 4684 continentium
3747 4635 3793 4681 et

544 4723 788 4777 misereri
818 4723 929 4778 ﬁlio
958 4725 1099 4780 uteri
1128 4726 1208 4780 sui
1241 4744 1255 4780 :
1289 4743 1308 4776 ε
1346 4725 1457 4796 Ego
1486 4735 1666 4782 tamen
1692 4739 1804 4781 non
1829 4725 2118 4782 obliviscar

545 4815 655 4879 tui,
686 4834 705 4867 ι
739 4814 868 4870 dicit
901 4815 1161 4872 Dominus
1187 4816 1544 4887 omnipotens.

619 4923 639 4956 ι
668 4905 808 4961 Ecce
842 4906 899 4961 in
935 4907 1219 4973 manibus,
1259 4927 1278 4959 ι
1312 4908 1366 4963 id
1407 4916 1489 4963 est
1545 4908 1602 4962 in
1646 4908 1929 4979 praesentia
1970 4923 2110 4964 mea.

549 5015 567 5048 ι
596 4998 863 5069 Descripsi
881 5006 953 5062 te,
983 5019 1003 5051 ι
1034 4998 1119 5053 vel
1145 4999 1359 5068 depinxi
1384 5008 1458 5065 te,
1484 5007 1545 5053 ut
1567 5000 1643 5055 tui
1667 5014 1880 5071 semper
1909 5016 2113 5057 memo-

544 5090 679 5144 riam
700 5090 945 5149 habeam.
970 5109 988 5141 ‹
1012 5090 1148 5146 Muri
1179 5092 1255 5146 tui
1274 5107 1456 5146 coram
1485 5092 1655 5148 oculis
1676 5093 1809 5149 meis
1829 5108 2061 5163 semper.
2091 5112 2110 5147 ι

546 5179 646 5245 Qui
688 5188 812 5235 sunt
854 5181 942 5236 isti
968 5182 1107 5236 muri
1143 5182 1208 5237 de
1236 5181 1432 5250 quibus
1465 5182 1735 5252 loquitur?
1756 5184 2113 5248 Patriarcha,

544 5274 838 5343 propheta,
858 5282 915 5330 et
928 5275 1061 5344 justi
1087 5290 1156 5330 ex
1179 5275 1268 5330 illa
1294 5276 1447 5345 plebe
1470 5279 1761 5347 procreati,
1783 5279 1878 5347 qui
1905 5293 2118 5347 semper

547 5366 891 5436 interpellant
917 5383 1015 5437 pro
1053 5383 1114 5421 ea
1139 5408 1155 5432 ,
1196 5378 1248 5424 et
1275 5385 1507 5439 quorum
1551 5369 1885 5424 orationibus
1920 5370 2009 5423 diu
2040 5369 2117 5425 illi

545 5457 723 5512 vallati
769 5466 922 5523 sunt,
960 5459 1097 5513 sicut
1135 5461 1325 5516 civitas
1364 5461 1592 5517 vallatur
1629 5476 1784 5515 muro
1825 5462 2111 5517 materiali.

544 5548 681 5604 Muri
713 5550 811 5613 tui,
843 5550 895 5605 id
919 5560 1004 5605 est
1023 5552 1297 5621 propheta
1315 5562 1371 5607 et
1395 5552 1715 5623 patriarcha
1747 5553 1799 5606 in
1828 5555 2114 5623 praesentia

545 5654 662 5695 mea
689 5648 851 5705 sunt;
884 5651 1102 5698 orantes
1132 5628 1332 5714 iugiter
1358 5658 1457 5713 pro
1493 5652 1562 5708 te,
1596 5652 1649 5698 et
1678 5644 1799 5699 ideo
1823 5645 2117 5702 miserebor

546 5729 645 5787 tui.

622 5840 641 5885 ρ
671 5820 947 5883 Venerunt
987 5832 1282 5896 structores
1307 5828 1408 5893 tui,
1442 5846 1461 5879 ι
1493 5828 1752 5885 subaudis
1792 5830 2016 5898 apostoli
2060 5838 2116 5886 et

2225 4722 2513 4793 virginum.
2564 4720 2641 4775 De
2685 4721 2881 4790 quibus
2929 4720 2986 4774 in
3033 4720 3243 4776 Psalmo
3299 4720 3504 4775 dicitur
3564 4740 3580 4775 :
3627 4719 3796 4776 Astitit

2221 4817 2407 4886 regina
2429 4830 2461 4869 a
2486 4814 2691 4870 dextris
2718 4815 2826 4870 tuis
2847 4813 2903 4869 in
2923 4814 3123 4869 vestitu
3150 4813 3438 4878 deaurato,
3465 4814 3796 4869 circumdata

2219 4907 2494 4962 varietate.

2296 5020 2315 5052 ι
2342 5000 2563 5055 Deserta
2585 5007 2699 5065 tua,
2723 5017 2743 5052 ι
2764 4999 3022 5055 subaudis
3052 4998 3190 5066 loca,
3208 4999 3264 5054 id
3283 5005 3368 5054 est
3393 4998 3691 5065 derelicta,
3711 5015 3731 5050 ι
3754 5007 3800 5050 et

2221 5092 2535 5150 solitudines
2548 5100 2652 5146 tua
2667 5101 2723 5146 ct
2738 5101 2896 5146 terra
2917 5091 3106 5156 ruina,
3126 5110 3147 5143 ι
3167 5090 3444 5154 subaudis,
3472 5105 3605 5160 qua
3626 5087 3800 5148 enni!

2222 5185 2494 5239 destructa
2520 5192 2646 5238 sunt
2668 5183 2736 5238 ab
2762 5182 2868 5238 illis
2897 5182 2988 5255 qui
3015 5182 3304 5239 noluerunt
3327 5182 3587 5249 credere,
3618 5204 3639 5236 ι
3668 5196 3799 5238 nunc

2221 5285 2460 5345 angusta
2483 5285 2643 5330 erunt
2666 5292 2776 5346 pra
2797 5277 3214 5341 habitatoribus,
3246 5296 3264 5329 ι
3283 5278 3386 5331 hoc
3405 5286 3492 5333 est
3520 5292 3644 5349 pra
3668 5275 3798 5331 mulo

2220 5369 2450 5424 titudine
2471 5370 2803 5424 credentium
2829 5369 2897 5423 ad
2926 5370 3085 5425 ﬁdem
3116 5370 3479 5435 venientium;
3511 5389 3534 5421 ι
3573 5381 3634 5424 et
3655 5370 3800 5437 longe

2218 5457 2547 5530 fugabuntur
2582 5480 2599 5511 ι
2642 5461 2836 5516 scriba
2884 5470 2938 5515 et
2967 5460 3222 5516 Pharisai
3268 5477 3297 5514 a
3342 5461 3613 5517 Romanis
3657 5481 3676 5512 ι
3714 5458 3800 5530 qui

2217 5552 2581 5606 absorbebant
2605 5552 2656 5606 ei
2701 5574 2719 5604 ι
2749 5554 2799 5607 id
2825 5563 2909 5608 est
2936 5554 3025 5623 qui
3064 5562 3117 5608 te
3146 5555 3474 5624 separabant
3503 5570 3535 5608 a
3568 5555 3687 5610 Deo
3718 5562 3802 5607 tuo

2219 5644 2362 5698 malo
2389 5643 2653 5712 exemplo,
2688 5643 2768 5698 vel
2793 5660 2955 5714 prava
2986 5644 3247 5699 doctrina.

2296 5751 2314 5782 ι
2342 5734 2531 5795 Adhuc
2553 5735 2732 5789 dicent
2758 5734 2810 5787 in
2833 5734 3052 5788 auribus
3070 5736 3192 5798 tuis,
3216 5753 3234 5786 ›
3256 5748 3289 5788 o
3317 5733 3415 5798 ﬁli,
3441 5734 3527 5789 vel
3554 5752 3588 5788 υ
3619 5734 3802 5805 primi-

2224 5826 2330 5881 tiva
2354 5826 2616 5891 Ecclesia,
2647 5845 2666 5877 ι
2703 5825 2798 5881 ﬁlii
2840 5826 3140 5884 sterilitatis
3175 5835 3296 5883 tua.
3334 5845 3351 5877 ι
3387 5824 3496 5881 Vox
3530 5827 3711 5897 patris
3743 5823 3803 5877 ad
