4016 6468
202 441 305 500 969

1260 424 1608 484 COMMENT.
1649 423 1713 478 ΙΝ
1764 419 2015 477 ISAIAM.
2055 448 2124 462 -—-
2160 420 2285 474 ιω.
2328 419 2384 477 ΙΙ.

3345 413 3452 469 970

198 555 452 616 ﬁlium,ct
478 542 1227 621 primitivamErclesiam.Et
1250 548 1514 611 quantum
1543 539 1610 590 ad
1631 535 1771 590 litte—
1798 541 1847 597 Α
1873 546 2087 621 omnem
2138 539 2336 585 terram
2385 526 2557 621 (Paul.
2590 524 2835 621 iuvit
2858 527 2963 597 ipsi
2989 525 3205 579 fuerunt
3253 524 3449 621 regina:

197 660 314 699 ram
342 642 597 713 pertinet,
626 636 1049 693 ﬁliisterilitatis
1071 640 1354 695 vocantur,
1384 628 1478 700 qui
1509 629 1561 682 in
1587 626 1775 680 inﬁde-

196 733 348 789 litate
393 731 608 799 quidem
653 728 766 783 nati
818 734 971 790 sunt,
1002 725 1094 780 sed
1132 729 1318 793 postea
1356 716 1774 789 praedicantibus

195 823 453 896 apostolis
483 821 848 878 crediderunt.
879 836 896 869 ι
932 816 1227 886 Angustus
1247 811 1379 869 mibi
1422 818 1507 865 est
1539 807 1710 871 locus,
1748 826 1767 858 ι

196 913 454 971 subaudis
467 913 520 967 in
536 910 854 983 Synagogis;
866 929 884 961 ι
907 908 993 963 lac
1007 906 1239 977 spatium
1253 903 1385 958 mihi
1397 910 1454 956 ut
1468 901 1724 962 habitem,
1751 916 1769 948 ι

196 1001 487 1064 subaudis,
521 1001 576 1054 in
605 999 857 1070 gentibus
879 997 1011 1051 etin
1048 1003 1161 1048 toto
1184 992 1400 1048 mundo.
1429 989 1561 1044 Post
1583 1002 1776 1042 ascen-

197 1093 407 1149 sionem
437 1089 649 1145 Domini
675 1088 743 1143 ad
767 1086 934 1142 caelos
962 1093 1169 1140 tantum
1193 1081 1366 1137 crevit
1387 1080 1522 1136 ﬁdes
1550 1078 1778 1134 creden-

196 1180 354 1245 tium,
387 1186 445 1233 ut
483 1194 588 1233 non
618 1178 673 1231 in
699 1175 883 1231 Iudaea
912 1172 1245 1229 solummodo
1268 1177 1490 1240 possent
1509 1167 1774 1231 habitare,

195 1271 304 1327 nisi
330 1277 713 1341 spargerentur
741 1281 837 1337 per
861 1265 1172 1319 universum
1197 1264 1406 1317 orbem.
1460 1315 1471 1327 ,
1626 1266 1633 1267 ’

276 1379 295 1411 ι
326 1360 394 1413 Ει
410 1358 560 1413 dices
586 1356 639 1411 in
668 1356 832 1411 corde
878 1363 967 1407 tuo
991 1392 1006 1418 ,
1040 1372 1058 1404 ι
1093 1368 1143 1421 ο¹
1164 1350 1439 1421 primitiva
1478 1345 1718 1402 Ecclesia
1760 1362 1774 1398 :

203 1467 225 1501 ι
256 1448 387 1516 Quis
400 1447 594 1517 genuit
612 1445 746 1501 mihi
772 1444 925 1509 istos,
956 1462 974 1494 ι
1003 1440 1258 1497 subaudis
1279 1439 1416 1492 ﬁlios
1434 1435 1780 1506 spirituales?

202 1557 224 1590 ι
263 1539 375 1609 Ego
400 1535 622 1601 sterilis,
646 1554 665 1586 ι
692 1532 949 1589 subaudis
974 1531 1029 1584 in
1052 1530 1154 1584 hoc
1183 1527 1307 1598 quia
1334 1526 1446 1581 Deo
1474 1523 1779 1594 spirituales

198 1630 342 1686 ﬁlios
364 1645 471 1683 non
492 1627 749 1687 euntrivi,
771 1644 788 1675 ι
811 1632 867 1679 ει
890 1638 995 1677 non
1021 1621 1238 1692 pariens
1262 1618 1639 1686 transmigrata
1672 1635 1691 1668 ι
1723 1616 1779 1670 in

195 1724 524 1796 Babylonem
571 1740 591 1772 ι
633 1730 692 1775 ει
716 1718 926 1789 captiva
953 1717 1133 1770 ducta.
1164 1714 1232 1768 Et
1268 1713 1400 1767 istos
1424 1712 1546 1781 quis
1569 1709 1775 1766 enutri-

200 1816 314 1872 vit?
362 1835 380 1867 ι
416 1812 715 1883 ldeodicit
753 1807 953 1864 sterilis
992 1814 1046 1861 et
1092 1820 1197 1860 non
1227 1804 1474 1874 pariens,
1506 1801 1631 1871 quia
1658 1807 1781 1871 post

1873 620 1967 690 qui
1989 629 2045 675 et
2072 634 2226 690 rcges
2249 627 2306 673 et
2330 618 2559 672 nutritii.
2590 616 2837 688 Nunquid
2861 633 2965 672 non
2997 632 3150 687 reges
3176 623 3230 670 et
3248 614 3447 686 regina:

1875 713 2094 769 fuerunt
2117 712 2311 768 Petrus
2330 720 2384 767 et
2405 712 2624 778 Paulus,
2646 714 2739 782 qui
2759 728 2856 766 sua
2882 711 3266 782 praedicatione
3288 711 3451 766 corda

1875 803 2227 874 superborum
2243 803 2518 858 hominum
2533 801 2646 871 subj
2655 810 2952 871 ugaverunt
2967 801 3179 859 Christo
3195 799 3259 871 (ϐ
3267 799 3338 854 al.
3356 800 3456 870 tv)?

1875 890 2126 960 Nunquid
2179 906 2285 945 non
2337 899 2453 945 erat
2504 891 2702 947 Paulus
2752 891 3008 947 nutritius
3071 891 3185 945 sive
3233 890 3455 954 nutrix,

1876 980 2090 1051 quando
2112 981 2275 1035 dixit:
2297 981 2429 1034 «Per
2454 980 2801 1051 Evangelium
2825 995 2925 1052 ego
2949 966 3045 1035 vos
3061 980 3243 1052 genui,
3269 988 3323 1034 et
3346 989 3460 1034 tan-

1875 1085 2039 1140 quam
2066 1070 2301 1153 parvulis
2342 1071 2395 1124 in
2424 1069 2640 1127 Christo
2665 1071 2748 1127 lac
2777 1073 2927 1127 vobis
2953 1080 3138 1151 potum
3171 1071 3315 1137 dedi,
3347 1089 3453 1128 non

1876 1177 2056 1217 escam
2100 1161 2148 1233 (I
2176 1160 2297 1216 Cor.
2340 1163 2462 1234 tu)?
2496 1183 2515 1215 ι
2544 1162 2793 1234 Nunquid
2832 1165 3028 1222 Petrus
3064 1167 3320 1221 nutritius
3350 1182 3455 1222 non

1877 1260 2014 1317 erat,
2046 1252 2260 1321 quando
2292 1254 2462 1308 dixit:
2486 1273 2504 1305 ι
2535 1254 2697 1321 Quasi
2726 1256 2885 1311 modo
2909 1257 3075 1328 geniti
3104 1256 3336 1313 infantes
3377 1257 3460 1313 lac

1878 1345 2242 1414 concupiscite
2283 1344 2367 1416 (Il
2399 1344 2544 1400 Petr.
2589 1346 2652 1419 tt)
2688 1366 2705 1399 ι
2740 1346 2831 1403 Sic
2864 1349 2930 1404 de
2957 1350 3167 1404 caeteris
3202 1348 3459 1418 apostolis

1878 1438 2285 1508 intelligendum
2318 1438 2419 1493 est.
2455 1437 2711 1508 Sequitur
2738 1455 2897 1511 ergo,
2931 1451 2984 1496 ct
3017 1442 3216 1497 dicitur
3243 1445 3310 1497 ad
3349 1442 3460 1513 pri—

1879 1528 2118 1584 mitivam
2149 1527 2474 1583 Ecclesiam:
2500 1547 2518 1578 ‹
2545 1528 2700 1585 Vultu
2728 1529 2780 1583 in
2807 1537 2949 1585 terra
2971 1530 3224 1596 demisso,
3252 1550 3271 1582 ›
3299 1531 3352 1585 id
3372 1539 3463 1599 est,

1879 1615 2183 1680 humiliato,
2212 1635 2228 1667 ι
2263 1615 2568 1670 adorabunt
2596 1624 2669 1681 te,
2692 1635 2709 1667 ι
2731 1615 2836 1672 hoc
2862 1626 2947 1673 est
2991 1618 3335 1674 honorabant
3381 1624 3457 1684 te,

1880 1721 1913 1761 ο
1933 1706 2202 1776 primitiva
2218 1705 2479 1772 Ecclesia,
2508 1707 2561 1760 in
2585 1707 2759 1778 capite
2780 1718 2888 1771 tuo,
2910 1711 3052 1779 quod
3077 1719 3161 1765 est
3183 1709 3453 1776 Christus,

1880 1804 2119 1866 potestas
2145 1796 2389 1851 videlicet
2423 1805 2635 1852 terrena
2661 1806 2716 1852 et
2742 1797 2976 1867 dignitas
3005 1802 3295 1856 mundana.
3324 1802 3457 1870 Qui-

196 1903 818 1979 Aggeum,Zaehariam,
839 1908 894 1955 et
919 1888 1235 1953 Malacliiam
1261 1895 1350 1965 qui
1378 1894 1579 1949 Esdras
1601 1891 1780 1963 appel-
1807 1902 1854 1963 Β
1881 1902 2094 1956 cunque
2118 1885 2392 1941 Christum
2427 1889 2616 1943 adorat
2638 1888 2750 1944 sive
2790 1890 3037 1954 honorat,
3065 1892 3156 1961 qui
3185 1901 3269 1947 εει
3303 1902 3464 1965 caput

199 2003 373 2067 latnr,
416 2016 524 2057 non
559 1998 870 2054 habuerunt
916 1993 1216 2063 prophetas
1256 1990 1349 2059 qui
1400 2002 1588 2043 eorum
1634 1985 1776 2039 ﬁlios

199 2094 502 2150 euutrireut
531 2092 585 2145 in
617 2090 732 2160 lege
767 2087 880 2141 Dei.
918 2105 935 2136 ‹
965 2085 1079 2157 Ego
1103 2083 1358 2139 destituta
1402 2100 1420 2132 ι
1450 2095 1485 2133 a
1520 2079 1630 2133 Deo
1661 2094 1680 2129 ι
1721 2084 1777 2132 ει

200 2182 446 2238 desolata
480 2200 498 2233 ι
531 2196 560 2233 a
592 2178 810 2251 proprio
839 2177 953 2230 viro
983 2175 1093 2230 Deo
1120 2173 1489 2242 omnipotente
1519 2187 1531 2222 :
1563 2189 1580 2220 ι
1614 2168 1723 2231 isti,
1752 2185 1770 2219 ι

199 2271 457 2326 subaudis
492 2268 660 2323 Judaei
712 2267 794 2323 vel
836 2266 1065 2337 gentiles
1116 2263 1401 2318 credentes
1470 2260 1526 2315 in
1581 2258 1777 2315 Filium

200 2361 321 2427 Dei,
363 2381 381 2413 ‹
420 2360 506 2415 ubi
535 2359 724 2414 erant?
764 2377 782 2409 ι
832 2354 1146 2426 llnjusmodi
1176 2353 1453 2424 generatio
1482 2349 1778 2422 spiritualis

201 2460 284 2506 cst
305 2491 319 2515 ,
358 2459 413 2504 et
454 2447 651 2503 multos
685 2446 844 2502 simul
872 2447 925 2499 in
957 2445 1060 2498 ﬁde
1093 2445 1235 2515 parit
1257 2484 1272 2507 ,
1311 2452 1366 2499 et
1394 2443 1514 2498 ideo
1552 2443 1780 2496 miratur

202 2542 446 2623 Ecclesia
469 2540 737 2610 quomodo
767 2547 875 2591 tam
902 2538 1009 2593 cito
1038 2536 1324 2592 eoadunati
1353 2544 1498 2590 sunt.

282 2652 299 2684 ι
328 2633 451 2688 llrcc
474 2632 603 2685 dicit
620 2631 879 2687 Dominus
893 2629 1051 2695 Deus,
1082 2647 1100 2679 ι
1119 2626 1374 2683 subaudis
1388 2627 1548 2682 Pater
1576 2645 1618 2681 .t
1641 2626 1780 2682 Ecce

200 2724 323 2779 levo
353 2724 420 2777 ad
453 2731 637 2793 gentes
661 2736 879 2775 manum
901 2734 1093 2782 meam,
1111 2727 1166 2773 et
1189 2719 1254 2773 ad
1272 2717 1501 2789 populos
1528 2714 1780 2773 exaltabo

203 2816 415 2886 signum
455 2828 655 2868 meum.
688 2811 893 2875 »,Dixit
917 2826 975 2866 se
1002 2809 1241 2865 Ecclesia
1286 2809 1474 2863 mirari
1518 2809 1658 2863 unde
1702 2816 1782 2863 tot

200 2905 302 2958 lilii
326 2904 393 2958 ad
441 2904 600 2957 ﬁdem
651 2900 766 2969 ejus
808 2901 1100 2965 venerint,
1136 2899 1257 2954 ideo
1304 2898 1592 2967 respondet
1642 2897 1781 2952 Deus

200 2996 367 3050 Pater
393 3002 447 3050 et
475 2996 605 3049 dicit
630 3012 643 3047 :
665 2993 877 3048 Miraris
903 2993 1171 3063 quomodo
1214 2992 1315 3045 ista
1353 2992 1462 3045 sint
1490 2989 1651 3051 facta,
1683 3004 1782 3059 ego

208 3088 305 3142 tibi
334 3087 615 3141 ostendam
644 3104 657 3139 :
690 3086 828 3139 Ecce
868 3084 1084 3155 (inquit)
1122 3082 1261 3146 levo,
1293 3081 1347 3136 id
1374 3088 1457 3136 est
1486 3080 1667 3135 rcvelo
1696 3080 1781 3135 vel

207 3185 517 3237 demonstro
548 3181 614 3236 ad
649 3190 836 3252 gentes
871 3195 1088 3233 manum
1118 3195 1318 3242 meatu,
1349 3178 1453 3233 hoc
1477 3186 1560 3234 est
1584 3176 1779 3232 Filium

1876 1979 2119 2034 omnium
2156 1979 2471 2045 electorum,
2502 1980 2733 2036 honorat
2756 1997 2945 2038 omnes
2973 1983 3175 2040 electos
3203 1988 3294 2055 qui
3335 1995 3461 2043 sunt

1878 2082 2074 2139 corpus
2096 2068 2299 2124 Christi
2326 2070 2462 2141 (Col.
2495 2086 2512 2125 ι
2540 2080 2595 2125 ει
2629 2072 2711 2143 ιι).
2741 2072 3004 2145 Quodque
3026 2076 3331 2148 subjungit,
3359 2096 3379 2129 ι
3406 2086 3465 2133 ει

1877 2157 2152 2230 pulverem
2194 2160 2389 2230 pedum
2453 2171 2668 2215 tuorum
2713 2161 2952 2234 lingent,
3002 2184 3021 2215 ι
3052 2165 3156 2220 hoc
3197 2166 3464 2236 signiﬁcat

1878 2251 2022 2320 quod
2052 2266 2205 2323 reges
2227 2261 2281 2307 et
2307 2253 2525 2324 reginae,
2554 2271 2653 2325 per
2682 2271 2817 2326 quos
2841 2257 3193 2328 designantur
3228 2260 3457 2329 apostoli

1879 2348 1935 2396 ει
1966 2341 2342 2412 prmdicatores
2365 2384 2380 2410 ,
2409 2344 2671 2414 quidquid
2709 2347 2910 2402 terreni
2942 2348 3123 2418 operis
3162 2338 3227 2404 et,
3250 2351 3461 2419 peccati

1879 2434 2164 2490 adhmserit
2203 2436 2458 2506 pedibus,
2494 2437 2545 2492 id
2586 2446 2668 2491 εει
2706 2439 3007 2495 actionibus
3034 2440 3317 2509 Ecclesiae,
3343 2459 3461 2498 ser-

1880 2542 2040 2581 moue
2063 2534 2122 2582 et
2144 2526 2388 2597 exemplo
2417 2542 2515 2582 suo
2535 2529 2870 2584 mundabunt
2895 2540 2949 2586 et
2977 2533 3305 2606 abstergent.
3338 2528 3465 2591 Pul—

1879 2634 2061 2674 verem
2102 2618 2318 2691 (inquit)
2347 2620 2544 2690 pedum
2585 2630 2799 2677 tuorum
2842 2623 3068 2695 litigent,
3097 2624 3151 2680 id
3181 2632 3264 2682 est
3293 2634 3464 2683 terre-

1881 2725 2008 2765 nam
2034 2710 2498 2766 conversationem
2540 2709 2788 2769 auferent
2830 2723 2886 2769 et
2920 2724 3141 2786 peccata
3171 2716 3463 2785 dimittent,

1874 2801 2033 2873 juxta
2061 2804 2205 2875 quod
2227 2821 2257 2859 a
2281 2805 2507 2860 Domino
2530 2814 2856 2874 potestatem
2880 2817 3226 2878 acceperunt,
3255 2810 3466 2866 dicente

1882 2894 1961 2950 eis
1988 2913 2000 2947 :
2036 2913 2055 2946 ι
2090 2895 2459 2965 Quodcunque
2478 2896 2749 2952 solveritis
2767 2896 2826 2951 in
2859 2908 3004 2953 terra
3027 2896 3131 2954 erit
3152 2898 3384 2956 solutum
3411 2910 3467 2957 et

1881 2986 1937 3042 in
1960 2986 2099 3042 caelo
2117 2985 2331 3059 (Matth.
2354 2988 2528 3058 xvm).
2547 3008 2564 3040 ι
2588 3009 2605 3036 ‹
2628 2988 2695 3042 Et
2716 2988 2873 3054 scies,
2895 3008 2917 3040 ι
2943 3005 2977 3045 o
3001 2987 3267 3055 Ecclesia,
3298 3012 3316 3042 ι
3339 2991 3466 3063 quia

1881 3093 1983 3149 ego
2005 3078 2298 3143 Dominus,
2334 3098 2351 3130 ο
2390 3079 2648 3134 subaudis
2676 3094 2796 3134 cum
2840 3074 2979 3134 Filio
3028 3096 3147 3136 meo
3176 3089 3231 3136 et
3260 3080 3465 3153 Spiritu

1882 3182 2071 3227 sancto
2090 3189 2107 3222 ι
2129 3187 2292 3242 super
2306 3188 2428 3242 quo,
2455 3192 2472 3223 ›
2492 3172 2546 3226 id
2569 3181 2651 3227 est
2674 3173 2728 3226 in
2758 3187 2843 3229 me
2863 3192 2881 3224 ι
2903 3190 3007 3229 non
3023 3176 3420 3233 confundeutur
3441 3198 3460 3230 ι

206 3290 387 3329 meum
445 3289 540 3344 per
590 3273 972 3329 incarnationis
1025 3272 1368 3343 mysterium,
1417 3270 1500 3324 vel
1545 3270 1664 3324 levo
1713 3270 1779 3324 dc
1806 3263 1851 3324 C
1882 3264 1937 3318 in
1956 3263 2161 3332 judicio
2187 3278 2377 3318 omnes
2402 3264 2558 3318 electi
2587 3283 2605 3315 ι
2635 3266 2726 3334 qui
2749 3276 3067 3335 exspectant
3106 3284 3229 3323 eum
3263 3290 3281 3321 ι
3319 3280 3466 3326 recte

210 3376 356 3422 terra
385 3367 453 3421 ad
479 3366 674 3421 cmlnm
708 3382 805 3435 per
837 3364 1230 3419 ascensionem.
1261 3362 1341 3417 Ad
1375 3362 1598 3432 populos
1626 3360 1776 3416 exal-

211 3458 337 3513 tabo
367 3458 578 3528 signum
626 3471 836 3521 meum,
872 3456 923 3510 id
957 3463 1041 3509 est
1070 3454 1280 3525 signum
1313 3454 1510 3508 crucis.
1542 3452 1674 3507 Nam
1725 3453 1779 3508 in

209 3558 418 3604 tantum
444 3557 527 3604 est
543 3547 655 3616 jam
684 3547 977 3603 exaltatum
1022 3547 1234 3617 signum
1263 3546 1472 3611 crucis,
1510 3553 1567 3599 nt
1595 3560 1783 3601 omnes

210 3648 399 3710 gentes
425 3655 490 3693 eo
515 3653 573 3693 se
600 3638 821 3693 credant
860 3637 1030 3700 tueri,
1073 3652 1195 3691 cum
1233 3636 1326 3690 Dei
1371 3634 1670 3704 adjutorio,
1715 3637 1783 3691 ab

211 3730 464 3784 omnibus
480 3728 687 3783 insidiis
700 3727 944 3783 diaboliu
967 3727 1033 3781 Et
1056 3743 1202 3782 tcum
1219 3742 1318 3798 ego
1331 3726 1575 3781 levavere
1590 3726 1627 3779 F
1634 3727 1780 3781 ilium

218 3836 416 3885 meum,
457 3820 538 3875 vel
580 3835 742 3888 super
786 3820 947 3875 corda
984 3820 1226 3891 gentium
1259 3818 1341 3873 vel
1378 3822 1443 3873 ad
1483 3819 1647 3874 ccelos
1676 3819 1784 3873 cleo

213 3914 391 3967 vando
420 3930 433 3965 :
474 3931 491 3963 ε
514 3908 767 3974 Alfet‘ent,
794 3931 812 3963 ι
844 3928 876 3966 o
894 3912 1165 3982 primitiva
1197 3911 1457 3977 Ecclesia,
1481 3920 1536 3965 et
1562 3931 1579 3962 ι
1604 3910 1740 3964 ﬁlios
1758 3930 1778 3961 ι

216 4013 340 4058 tuos
359 4002 584 4072 apostoli
613 4002 679 4055 ad
707 4001 866 4056 ﬁdem
896 4022 913 4052 ‹
951 4003 1003 4055 in
1036 4001 1199 4065 ulnis,
1226 4020 1244 4051 ι
1280 4001 1333 4055 id
1357 4009 1440 4055 est
1464 4001 1575 4055 suis
1604 4016 1787 4055 exeni-

212 4092 318 4163 plis
369 4104 421 4147 et
486 4093 972 4163 praedicationibus.
1027 4092 1118 4147 Vel
1187 4091 1442 4163 angelica:
1493 4102 1787 4162 potestates

217 4184 446 4238 afferent
498 4184 565 4237 ad
612 4192 866 4238 teternaut
920 4184 1344 4249 beatitudinem,
1402 4192 1522 4253 post
1577 4185 1785 4238 [initum

218 4276 379 4345 hujus
407 4277 603 4331 laboris
628 4292 880 4341 cursum,
911 4278 1051 4332 sicut
1078 4277 1268 4348 legitur
1296 4279 1360 4332 de
1392 4277 1603 4333 Lazaro
1634 4278 1784 4345 (Luc.

214 4361 352 4438 xvi),
381 4387 398 4419 ι
429 4376 484 4421 ει
520 4368 658 4422 ﬁlias
687 4376 826 4432 tuas,
863 4389 881 4420 ι
918 4371 1019 4423 hoc
1048 4378 1130 4423 est
1169 4386 1357 4423 sexum
1406 4369 1696 4427 femineum
1720 4369 1788 4423 ad

217 4459 378 4514 fidem
407 4460 686 4523 trahendo,
712 4460 793 4514 vel
816 4460 1023 4515 animas
1051 4470 1361 4515 sanctorum
1392 4461 1455 4514 ad
1478 4462 1784 4529 paradisum

218 4551 481 4614 ducendo,
505 4568 523 4599 ‹
553 4565 716 4620 super
743 4551 1016 4614 humeros,
1052 4570 1067 4601 ι
1090 4551 1140 4603 il
1164 4560 1247 4604 est
1280 4550 1393 4604 suis
1421 4550 1631 4604 meritis
1659 4565 1787 4619 apo-

210 4641 340 4696 stoli
359 4681 374 4705 ,
397 4640 480 4694 vel
520 4640 691 4709 angeli
720 4641 834 4694 suis
860 4640 1193 4695 mulionibus
1219 4658 1237 4689 ι
1268 4640 1576 4710 portabunt.
1618 4659 1635 4691 ι
1664 4638 1787 4695 Ideo

215 4733 352 4789 dicit
389 4733 529 4787 ﬁlios
564 4741 683 4786 tuos
706 4740 762 4786 et
804 4730 943 4786 ﬁlias
972 4742 1091 4787 tuas
1112 4773 1128 4798 ,
1155 4733 1281 4802 quia
1306 4748 1373 4786 ex
1399 4742 1635 4802 utroque
1652 4748 1784 4787 sexu

215 4834 407 4883 sancta
434 4824 675 4879 Ecclesia
718 4832 929 4878 constat
971 4823 1109 4893 (Act.
1156 4824 1290 4895 xxt).
1344 4824 1596 4893 Legimus
1642 4824 1785 4877 enim

215 4924 449 4988 quatuor
471 4914 609 4970 ﬁlias
633 4905 858 4982 Philippi
886 4914 1252 4983 prophetissas
1284 4913 1465 4968 fuisse.

296 5026 317 5060 ι
353 5007 418 5062 Et
442 5013 602 5062 erunt
629 5020 784 5073 reges
825 5004 1033 5060 uutritii
1068 5004 1165 5069 tui',
1195 5024 1213 5056 ι
1243 5019 1277 5058 o
1305 5012 1490 5058 saneta
1516 5003 1783 5069 Ecclesia,

224 5118 246 5151 ς
279 5106 338 5156 ει
359 5097 560 5169 regina:
598 5096 837 5151 nutrices
876 5104 1001 5150 tute.
1043 5114 1061 5144 ι
1098 5094 1214 5150 Non
1251 5102 1378 5150 sunt
1414 5095 1514 5148 ista
1563 5110 1592 5163 a
1635 5094 1791 5149 nobis

219 5185 884 5254 carualiterintelligenda
908 5225 923 5247 ,
969 5186 1107 5241 sicut
1133 5183 1304 5239 Judaei
1336 5182 1668 5253 intelligunt,
1701 5186 1795 5254 qui

224 5278 413 5334 dicunt
436 5291 494 5330 se
524 5275 576 5329 in
605 5274 836 5330 adventu
869 5275 1069 5330 Christi
1093 5275 1174 5329 sui
1206 5274 1390 5345 (quem
1419 5274 1595 5328 adhuc
1622 5290 1792 5343 pnes-

222 5366 484 5437 tolantur)
512 5365 723 5423 habere
750 5367 1003 5431 nutritios
1027 5381 1180 5436 reges
1213 5374 1271 5422 et
1295 5367 1533 5424 nutrices
1558 5367 1789 5437 reginas,

223 5458 366 5535 etin
405 5457 548 5513 ulnis
593 5465 650 5513 et
689 5470 851 5526 super
890 5457 1145 5511 humeros
1189 5457 1395 5527 portari
1429 5457 1653 5523 abillis.
1687 5458 1793 5514 Sed

221 5565 325 5622 per
351 5565 508 5620 reges
536 5558 592 5605 et
629 5549 880 5604 nutritios
912 5548 1170 5603 debemus
1200 5549 1496 5620 intelligere
1526 5550 1797 5620 apostolos

225 5651 283 5700 et
304 5643 682 5715 praedicatores
706 5682 722 5707 ,
757 5642 849 5712 qui
870 5656 928 5698 se
948 5648 1003 5696 et
1024 5640 1160 5696 alios
1192 5655 1379 5710 regere
1418 5643 1555 5697 bene
1579 5643 1796 5697 studue-

226 5741 386 5797 runt,
430 5741 486 5788 ει
531 5735 598 5789 ad
642 5734 782 5787 viam
831 5732 1077 5787 veritatis
1119 5732 1445 5787 nutrierunt.
1484 5730 1562 5787 De
1599 5732 1793 5801 quibus

228 5824 510 5881 Psalmista
558 5825 730 5880 dicit:
770 5845 786 5874 ι
832 5824 1141 5880 Constitucs
1183 5840 1277 5879 eos
1325 5825 1592 5894 principes
1636 5838 1795 5892 SttpCf

673 5918 938 5977 Parnm.
982 5916 1195 5975 CXVI.

1881 3356 2184 3421 credendo,
2215 3356 2354 3411 bene
2392 3356 2641 3421 vivendo,
2682 3364 2738 3410 et
2775 3357 3013 3425 perfecte
3039 3361 3461 3429 perseverando.

1957 3465 1975 3498 ι
2005 3445 2257 3517 Nunquid
2279 3446 2495 3502 tolletur
2514 3462 2542 3500 a
2572 3445 2707 3501 forte
2731 3448 2934 3517 praeda,
2964 3458 3053 3503 ant
3080 3452 3223 3520 quod
3248 3462 3463 3522 captum

1882 3534 2049 3591 fuerit
2092 3552 2124 3589 a
2172 3537 2397 3592 robusto
2445 3537 2650 3590 salvum
2696 3553 2819 3593 esse
2865 3540 3103 3608 poterit?
3152 3562 3169 3593 ι
3208 3541 3469 3613 Proponit

1888 3628 2142 3683 Dominus
2170 3628 2542 3698 quaestionem,
2576 3643 2735 3697 quam
2774 3629 2888 3705 ipse
2927 3630 2980 3684 in
3011 3631 3466 3703 subsequentibus

1884 3718 2126 3788 exponit.
2156 3718 2223 3773 Et
2268 3718 2382 3788 ipse
2428 3718 2521 3789 qui
2562 3733 2662 3788 per
2698 3719 2891 3774 Isaiam
2937 3720 3040 3775 ista
3086 3721 3297 3778 locutus
3351 3737 3465 3786 est,

1885 3809 2001 3879 ipse
2030 3810 2191 3865 etiam
2224 3825 2322 3881 per
2346 3811 2693 3879 semetipsum
2720 3811 2773 3865 in
2799 3810 3090 3883 Evangelio
3120 3813 3314 3869 similia
3343 3832 3465 3886 pro.

1887 3900 2030 3964 tulit,
2065 3901 2252 3955 dicens
2282 3918 2294 3954 :
2321 3901 2453 3956 Cum
2498 3899 2655 3957 fortis
2698 3911 2940 3958 armatus
2986 3905 3223 3960 custodit
3267 3908 3465 3962 atrium

1887 4007 2067 4057 suum,
2097 3991 2151 4045 in
2177 4005 2310 4061 pace
2340 4003 2468 4045 sunt
2492 4006 2555 4046 ea
2579 4007 2703 4061 quae
2742 3993 2980 4061 possidet
3016 3994 3168 4059 (Luc.
3209 3998 3291 4068 ιι).
3331 3997 3467 4054 For-

1887 4089 1995 4136 tem
2035 4089 2091 4135 et
2123 4082 2402 4136 robustum
2446 4080 2557 4135 vult
2602 4081 2825 4153 intelligi
2870 4082 3177 4148 diabolum,
3223 4087 3316 4157 qui
3358 4095 3463 4141 tam

1886 4171 2099 4227 fortiter
2145 4172 2317 4227 tenuit
2362 4188 2532 4243 genus
2580 4172 2874 4227 humanum
2918 4183 3158 4245 captum,
3202 4188 3263 4231 ut
3309 4194 3465 4233 nemo

1888 4273 2197 4318 sanctorum
2220 4264 2288 4316 ab
2316 4278 2381 4318 co
2409 4271 2590 4333 posset
2619 4263 2855 4328 auferre,
2887 4280 3061 4334 neque
3085 4264 3336 4322 Salomon
3370 4284 3466 4339 per

1887 4369 2041 4409 suam
2064 4353 2404 4423 sapientiam,
2431 4369 2607 4425 neque
2640 4353 2739 4409 Job
2767 4370 2861 4425 per
2886 4372 3039 4410 suam
3074 4360 3415 4415 sanctitatem
3451 4404 3465 4427 ,

1888 4447 1992 4502 nisi
2035 4444 2204 4501 Filius
2252 4447 2348 4501 Dei
2405 4462 2505 4516 per
2544 4448 2935 4503 incarnationis
2978 4464 3089 4505 suae
3129 4453 3466 4522 mysterium.

1890 4538 2140 4609 Nunquid
2169 4553 2300 4609 ergo
2331 4536 2549 4593 tolletur
2578 4554 2609 4593 a
2635 4538 2776 4594 forte
2802 4539 3019 4595 diabolo
3046 4544 3225 4612 praeda
3255 4546 3469 4614 generis

1818 4611 1867 4670 Ῑ)
1893 4630 2114 4687 humani
2152 4645 2251 4700 per
2277 4630 2510 4701 aliquem
2557 4639 2866 4685 sanctorum
2889 4672 2902 4694 ,
2936 4640 3027 4686 aut
3050 4611 3207 4702 quod
3250 4611 3466 4705 captum

1898 4732 2110 4778 tenetur
2138 4737 2169 4776 a
2198 4724 2419 4776 robusto
2446 4721 2680 4785 diabolo,
2711 4721 2908 4775 salvari
2932 4724 3166 4792 poterit?

1971 4832 1988 4864 ι
2020 4812 2154 4880 Quia
2177 4814 2293 4868 haec
2317 4813 2448 4868 dicit
2474 4811 2766 4879 Dominus,
2791 4822 2845 4867 ct
2874 4814 3092 4884 quidem
3130 4817 3415 4886 captivitas
3447 4840 3463 4871 ι

1892 4908 2168 4972 subaudis,
2201 4922 2321 4976 qua:
2356 4908 2646 4977 captivavit
2673 4924 2842 4979 genus
2872 4909 3189 4975 humanum,
3226 4931 3243 4962 ι
3276 4928 3305 4965 a
3335 4910 3470 4965 forte

1896 5002 2111 5057 tolletur
2146 5019 2163 5052 ι
2194 5000 2247 5053 in
2275 5015 2397 5055 meo
2425 5000 2658 5056 adventu
2686 5016 2781 5071 per
2806 5003 3109 5072 passionem
3142 5017 3343 5065 meam,
3370 5019 3390 5054 ι
3416 5013 3471 5058 ει

1897 5092 2040 5163 quod
2065 5090 2304 5146 ablatum
2332 5089 2509 5147 fuerat
2553 5111 2573 5143 ι
2605 5091 2714 5147 Deo
2749 5111 2769 5144 ι
2798 5108 2828 5147 a
2859 5093 3078 5148 robusto
3098 5113 3114 5143 ι
3134 5092 3354 5149 inimico
3375 5108 3470 5163 per

1897 5185 2203 5243 suasionem
2249 5202 2268 5236 ι
2308 5183 2536 5239 salvabit
2570 5204 2589 5254 ι
2625 5184 2693 5238 de
2734 5191 2909 5238 morte
2972 5183 3038 5239 ad
3083 5184 3271 5238 vitam.
3305 5204 3321 5235 ι
3361 5184 3468 5239 Eos

1895 5290 2045 5337 vero,
2087 5295 2105 5327 ι
2135 5275 2394 5331 subaudis
2431 5274 2701 5330 daemones
2757 5272 2843 5328 vel
2893 5272 3136 5338 Judasos,
3175 5274 3260 5330 vel
3306 5275 3466 5330 etiam

1895 5365 2121 5438 gentiles
2150 5383 2169 5415 ι
2190 5364 2281 5435 qui
2300 5362 2704 5434 iudicaverunt,
2733 5384 2752 5415 ι
2781 5363 2834 5419 id
2858 5371 2941 5419 est
2960 5363 3051 5432 qui
3077 5364 3471 5421 damnaverunt

1882 5465 1952 5523 ,ιε
1987 5454 2204 5523 injuste,
2245 5454 2573 5521 o‘,Eeclesia,
2602 5473 2621 5506 ι
2658 5452 3033 5529 egojudieabo
3074 5472 3091 5503 ι
3117 5452 3264 5522 juste
3301 5453 3354 5507 in
3380 5454 3466 5509 die

1892 5545 2106 5617 judicii,
2135 5534 2350 5601 tradens
2380 5559 2476 5601 cos
2503 5544 2679 5615 pmnis
2709 5542 2903 5599 inferni
2925 5585 2939 5608 ,
2971 5564 2988 5595 ‹
3023 5553 3079 5597 ει
3108 5544 3245 5599 ﬁlios
3269 5553 3409 5609 tuos,
3442 5571 3461 5598 ι

1897 5638 1952 5694 id
1991 5646 2076 5695 est
2101 5653 2291 5694 omnes
2313 5638 2598 5694 credentes
2628 5655 2646 5686 ι
2677 5650 2778 5707 ego
2819 5636 3039 5691 salvabo
3070 5657 3088 5690 ι
3116 5637 3248 5692 dans
3278 5638 3355 5693 cis
3385 5653 3470 5693 re-

1897 5747 2059 5805 gnum
2085 5738 2303 5786 aeternae
2321 5730 2540 5801 quietis.
2584 5749 2603 5779 ι
2766 5781 2771 5785 ,
3366 5784 3369 5789 .

1974 5839 1991 5870 ι
2026 5820 2091 5874 Et
2112 5820 2323 5902 ciba'bo,
2348 5839 2365 5866 ι
2395 5818 2446 5872 id
2469 5826 2553 5873 est
2575 5817 2783 5872 satiabo
2802 5818 2882 5873 vel
2913 5818 3258 5888 rcprobabo,t
3286 5818 3473 5873 hostes
