4016 6460
570 423 681 488 ὮἺῚ

1040 422 1394 483 llAYMONlS
1433 421 1908 479 HALBERSTAT.
1951 419 2161 477 EPlSC.
2202 419 2349 477 OPP.
2393 419 2573 475 PARS
2606 418 2646 473 ι.
2684 447 2757 459 ·-
2791 416 3145 475 COMMENT.
3186 417 3354 472 BIBL.

3753 416 3861 472 9H

582 556 706 600 tuos
734 528 984 597 urbibus
1011 537 1136 602 tuis,
1168 555 1186 588 ι
1216 551 1316 607 pro
1343 550 1409 590 eo
1436 533 1578 604 quod
1602 541 1685 589 est
1710 532 1893 588 dicere
1923 550 1936 585 :
1967 539 2151 602 putre-
2179 536 2227 596 Α
2253 531 2374 601 quis
2395 538 2480 585 est
2505 531 2740 586 creditor
2764 545 2917 585 meus
2939 531 3025 585 cui
3056 529 3269 585 vendidi
3303 529 3433 584 vos?
3466 549 3485 582 ι
3526 529 3581 584 id
3609 539 3699 585 est
3735 535 3861 602 quis

584 636 708 691 dine
732 642 786 688 et
804 630 1024 686 miseria
1043 637 1130 683 tua
1150 625 1454 695 consumpti
1477 624 1748 688 deficient,
1777 638 1883 679 non
1909 623 2159 677 desinant

583 737 726 789 esse,
749 723 844 777 sed
861 729 927 775 sit
945 718 1145 790 jugiter
1167 716 1500 779 crucientur,
1530 735 1548 765 ι
1583 721 1637 768 ει
1659 713 1815 783 quasi
1843 720 2021 766 musto
2040 725 2161 764 san-

583 815 746 887 guine
766 828 865 868 suo
887 808 1320 866 inebriabuntur.
1353 825 1372 858 ι
1404 804 1520 861 Non
1550 803 1843 858 carnaliter
1870 803 1971 856 ista
1995 800 2155 854 intel-

583 905 797 979 ligenda
843 904 1006 967 sunt,
1052 900 1196 970 quod
1241 897 1392 968 impii
1423 905 1478 951 et
1503 897 1594 965 qui
1622 905 1995 966 persecutores
2035 900 2160 946 sunt

584 1004 890 1053 sanctorum
916 1004 1107 1046 carnes
1129 1004 1257 1044 suas
1277 987 1561 1042 comedent
1587 993 1642 1039 et
1661 981 1979 1053 sanguinem
2000 995 2156 1035 suum

582 1089 805 1145 bibant:
837 1084 933 1140 sed
968 1083 1209 1153 ipsorum
1243 1088 1437 1135 carnes
1466 1077 1874 1133 devorabuntur
1902 1090 1932 1129 a
1960 1073 2157 1129 vermi-

582 1182 683 1237 bus
712 1189 766 1236 et
792 1178 982 1235 bestiis
1012 1174 1406 1237 infernalibus,
1435 1172 1488 1226 id
1528 1179 1615 1226 est
1656 1171 1708 1224 in
1737 1184 1832 1223 sua
1864 1166 2076 1223 miseria
2102 1173 2161 1221 et

581 1273 866 1343 putredine
880 1267 1146 1341 peribunt,
1164 1273 1218 1321 et
1239 1265 1378 1320 sicut
1397 1265 1559 1319 homo
1583 1260 1882 1316 inebriatur
1903 1274 1932 1313 a
1959 1267 2159 1322 musto,

586 1366 661 1421 ita
690 1363 764 1418 illi
795 1360 1151 1432 replebuntur
1176 1355 1431 1420 miseriis,
1465 1370 1531 1409 eo
1556 1352 1700 1436 quod
1728 1351 2014 1405 multorum
2037 1362 2163 1402 san—

582 1456 799 1529 guinem
844 1460 1153 1508 sanctorum
1209 1446 1482 1503 fuderunt.
1533 1446 1828 1502 Possumus
1874 1444 2035 1499 etiam
2075 1441 2163 1498 .ad

581 1560 822 1618 praesens
847 1552 1055 1612 tempus
1083 1538 1287 1595 referre
1305 1580 1320 1606 ,
1345 1538 1485 1608 quod
1512 1544 1921 1608 persecutorum
1948 1542 2163 1588 sancto-

583 1650 703 1694 rum
732 1651 925 1691 carnes
950 1649 980 1688 a
1011 1632 1284 1687 vermibus
1312 1630 1688 1695 comedantur,
1712 1637 1766 1682 et
1793 1627 2014 1697 sanguis
2045 1625 2163 1681 ebi-

579 1730 763 1785 batur.
790 1725 945 1782 Sicut
971 1724 1199 1794 contigit
1225 1722 1464 1786 Herodi,
1494 1721 1585 1790 qui
1623 1719 1896 1775 interfecit
1932 1732 2161 1788 pueros,

580 1818 781 1888 quique
800 1816 962 1871 etiam
982 1821 1329 1882 consumptus
1351 1827 1381 1865 a
1397 1810 1670 1864 vermibus
1690 1808 2004 1879 exspiravit.
2032 1806 2166 1861 Illis-

2260 629 2342 675 est
2379 622 2465 674 cui
2509 629 2659 675 tanta
2703 620 2875 675 debeo
2915 632 2975 674 ut
3017 636 3123 675 non
3171 620 3395 675 habeam
3422 622 3567 690 quod
3601 623 3858 689 reddam,

2258 711 2364 766 nisi
2392 725 2489 765 vos
2516 710 2791 766 tradidero
2820 710 3178 780 ei?l’opulum
3204 711 3511 765 Iudaeorum
3530 710 3858 782 alloquitur,

2259 802 2602 857 recedentem
2628 816 2655 854 τι
2684 817 2743 857 se
2764 840 2780 866 ,
2815 801 3053 871 loquens
3074 802 3370 856 secundum
3397 804 3859 859 consuetudinem

2257 906 2445 946 eorum
2484 892 2575 962 qui
2606 892 2722 946 suis
2749 892 3007 947 uxoribus
3048 893 3251 947 dabant
3294 892 3506 949 libellos
3535 894 3789 964 repudii,
3812 899 3859 952 id

2252 991 2345 1037 est
2370 984 2618 1037 chartam
2666 982 3002 1051 abjectionis,
3044 991 3104 1038 ut
3145 993 3368 1055 possent
3404 987 3661 1055 accipere
3699 988 3854 1042 alias.

2254 1073 2401 1128 Dicit
2440 1088 2610 1144 ergo:
2641 1065 2915 1139 O-Iudaei,
2953 1073 3176 1129 forsitan
3222 1075 3406 1130 dicitis
3448 1091 3538 1130 me
3587 1078 3856 1148 abiecisse

2261 1176 2491 1220 matrem
2526 1174 2765 1220 vestram
2788 1205 2803 1231 ,
2830 1181 2950 1235 quae
2978 1165 3106 1222 olim
3133 1176 3323 1222 vocata
3351 1177 3435 1222 est
3464 1178 3671 1237 sponsa
3706 1185 3849 1233 mea,

2262 1257 2355 1312 sed
2388 1272 2531 1311 nunc
2570 1257 2735 1312 dicite
2763 1258 3034 1327 quomodo
3059 1258 3359 1312 dimiserim
3387 1273 3532 1314 eam.
3579 1259 3702 1315 Non
3733 1277 3852 1330 ergo

2262 1365 2364 1420 ego
2385 1349 2563 1405 dimisi
2589 1363 2728 1413 eam,
2747 1348 3066 1419 neque‘dedi
3090 1349 3143 1403 in
3166 1353 3611 1419 compensatione
3631 1353 3848 1422 peculii,

2263 1441 2357 1496 sed
2386 1441 2501 1510 ipsa
2550 1440 2772 1495 recessit
2799 1456 2828 1493 a
2871 1454 2957 1494 me
3006 1441 3229 1496 tradens
3253 1456 3314 1497 se
3333 1442 3574 1509 diabolo,
3604 1442 3848 1513 factaque

2262 1541 2346 1587 est
2389 1531 2631 1587 adultera
2686 1546 2774 1585 me
2820 1531 3245 1601 derelinquendo
3302 1534 3585 1604 proprium
3661 1535 3842 1589 virum.

2271 1644 2291 1679 ι
2330 1627 2468 1683 Ecce
2491 1625 2865 1696 iniquitatibus
2894 1626 3088 1681 vestris
3115 1626 3320 1681 venditi
3365 1627 3524 1693 estis,
3554 1647 3576 1680 ι
3619 1627 3840 1692 diabolo,

2272 1739 2291 1773 ι
2331 1730 2388 1777 ει
2416 1720 2471 1775 in
2508 1719 2803 1776 sceleribus
2830 1719 3030 1774 vestris
3067 1717 3249 1773 dimisi
3289 1728 3519 1774 matrem
3549 1730 3837 1775 vestram.»

2268 1810 2384 1866 Non
2401 1820 2485 1886 est
2507 1811 2802 1882 putandum
2831 1809 2974 1879 quod
2996 1809 3111 1880 ipse
3136 1809 3371 1879 primum
3397 1808 3683 1864 dimiserit
3708 1826 3837 1871 eam.

581 1926 688 1980 que
723 1909 921 1965 talibus
955 1906 1179 1977 contigit
1211 1904 1353 1974 quod
1388 1902 1658 1973 Propheta
1694 1901 1825 1955 dicit
1853 1917 1866 1952 :
1906 1914 1923 1949 t
1955 1897 2162 1967 Duplici
2194 1896 2238 1956 Β
2267 1902 2381 1967 sed,
2422 1901 2537 1972 ipsa
2567 1899 2913 1955 adulterante
2952 1907 3005 1954 et
3039 1898 3325 1954 recedente
3349 1900 3417 1955 ab
3453 1899 3585 1965 illo,
3618 1903 3840 1971 permisit

512 2009 519 2016 ’
580 2005 904 2063 contritione
926 2008 1144 2059 contere
1166 2014 1280 2064 eos,
1297 1997 1538 2061 Domine,
1562 1994 1812 2049 videlicet
1832 1993 1883 2046 in
1908 1989 2161 2062 prtesenti

578 2110 637 2155 et
676 2099 729 2157 in
762 2081 941 2152 futuro
980 2094 1198 2166 (Ierem.
1229 2091 1383 2158 χιιι).
1421 2110 1438 2142 ι
1472 2108 1490 2140 ι
1524 2088 1590 2142 Et
1620 2106 1638 2139 ι
1674 2100 1796 2140 cum
1840 2085 1952 2138 hate
1980 2080 2163 2137 fecero

583 2190 806 2266 (inquit)
836 2190 891 2245 in
918 2188 1005 2243 die
1028 2186 1217 2256 jualicii
1238 2226 1252 2249 ,
1284 2183 1368 2238 vel
1400 2182 1452 2237 in
1483 2177 1738 2252 praesenti
1768 2175 2041 2248 puniendo
2079 2190 2165 2230 ree

580 2263 830 2356 probust
866 2280 999 2335 sciet
1021 2277 1196 2332 omnis
1229 2289 1377 2337 caro,
1408 2293 1427 2325 ι
1458 2273 1509 2326 id
1536 2278 1617 2325 est
1641 2267 1818 2324 omnis
1842 2266 2044 2321 electus
2071 2263 2163 2333 qui

578 2381 797 2437 visurus
818 2384 902 2432 est
930 2372 1177 2429 Salutarc
1203 2369 1331 2432 Dei,
1352 2388 1369 2419 ι
1404 2367 1528 2436 quia
1552 2379 1649 2434 ego
1668 2361 1925 2416 Dominus
1950 2356 2166 2411 salvans‘

581 2483 653 2540 te,
690 2492 710 2526 ι
747 2487 779 2526 ο
805 2467 1068 2532 Ecclesia,
1091 2484 1108 2516 ι
1131 2476 1184 2519 et
1212 2463 1537 2530 Redemptor
1561 2467 1684 2511 tuus
1715 2476 1731 2507 ι
1755 2454 1847 2523 qui
1880 2461 1930 2507 te
1958 2448 2161 2505 redemi

578 2537 841 2635 sanguine
868 2574 988 2615 meo
1017 2575 1029 2610 :
1068 2578 1085 2610 ι
1120 2554 1302 2611 Fortis
1332 2550 1521 2614 Iacob,
1556 2568 1573 2600 ι
1606 2548 1658 2602 id
1679 2544 1874 2635 estqui
1899 2540 2019 2635 dedi
2051 2537 2162 2635 for-

579 2627 862 2710 titudinem
886 2645 1052 2702 Iacob
1080 2644 1132 2698 in
1163 2641 1452 2697 luctatione
1475 2652 1595 2693 cum
1626 2632 1836 2704 angelo.
1873 2629 1969 2685 Vel
1997 2627 2162 2682 etiam

575 2750 677 2817 per
702 2739 870 2796 Iacob
899 2749 1183 2810 possumus
1209 2731 1509 2800 intelligere
1542 2724 1847 2785 Dominum,
1875 2719 1966 2789 qui
2009 2717 2164 2772 fortis

576 2808 790 2893 exstitit
820 2808 1062 2903 tempore
1097 2825 1382 2899 passionis,
1409 2823 1677 2876 intantum
1709 2825 1767 2871 ιιι
1805 2828 1904 2885 pro
1947 2808 2166 2865 cruciﬁ-

580 2924 831 2999 gentibus
870 2898 1214 2981 se—oraverit,
1254 2913 1479 2969 dicens:
1520 2929 1537 2960 ι
1578 2910 1754 2971 Pater,
1799 2906 2016 2975 ignosce
2060 2898 2163 2953 illis

582 2997 959 3090 (Luc.xxut).t
978 3011 1203 3078 Quidam
1231 3013 1419 3077 putant
1449 3001 1615 3058 Iacob
1656 3002 1727 3055 ita
1753 2997 2012 3052 luctatum
2043 3004 2162 3047 esse

582 3087 704 3167 cum
734 3106 944 3178 angelo,
973 3099 1422 3173 quemadmodum
1447 3097 1554 3151 duo
1582 3093 1827 3149 homines
1853 3087 2081 3143 invicem
2106 3098 2164 3137 se

580 3174 831 3258 tenentes
858 3205 914 3252 et
939 3191 1178 3251 brachiis
1208 3205 1271 3245 ac
1311 3197 1422 3244 toto
1451 3199 1679 3257 corpore.
1711 3182 2024 3236 laborantes
2071 3174 2166 3227 de—

2264 1993 2433 2048 abire.
2482 1993 2540 2047 In
2592 1992 2876 2062 iniquitate
2919 1990 3170 2046 venditur
3223 1990 3419 2059 homo,
3481 1995 3711 2063 quando
3757 2010 3839 2065 pro

2262 2087 2475 2142 luxuria
2503 2095 2559 2142 et
2586 2084 2807 2140 libidine
2832 2084 3016 2140 subdit
3044 2099 3103 2139 se
3123 2083 3356 2139 diabolo.

2338 2198 2356 2232 ι
2392 2180 2528 2248 Quia
2549 2177 2696 2243 veni,
2726 2196 2746 2229 ι
2782 2175 3039 2232 subaudis
3073 2190 3173 2247 per
3209 2177 3610 2234 incarnationis
3667 2190 3840 2251 myste-

2264 2272 2425 2339 rium,
2465 2292 2481 2323 ι
2510 2283 2565 2328 ει
2588 2289 2694 2329 non
2725 2281 2845 2329 erat
2870 2272 2971 2337 vir,
3010 2273 3327 2341 isubaudis,
3364 2275 3578 2331 habens
3611 2278 3838 2331 similitu-

2262 2364 2443 2421 dinem
2473 2365 2567 2420 Dei
2604 2385 2616 2420 :
2650 2366 2741 2436 qui
2774 2375 2966 2421 contra
2999 2366 3191 2421 vitium
3222 2382 3286 2422 ac
3324 2368 3604 2423 diabolum
3626 2371 3834 2424 viriliter

2261 2465 2527 2527 pugnaret
2563 2470 2581 2510 :
2633 2456 2727 2511 sed
2773 2469 2927 2511 more
2973 2456 3270 2512 bestiarum
3318 2470 3514 2513 omnes
3556 2460 3819 2525 vivebant,

2241 2527 2410 2617 .juxta
2439 2547 2580 2616 quod
2606 2548 2686 2602 eis
2711 2545 2950 2603 Ioannes
2991 2548 3419 2619 improperabat,
3449 2551 3662 2606 dicens:
3680 2550 3830 2607 Geni-

2263 2638 2409 2692 mina
2437 2638 2775 2708 viperarum,
2807 2638 2930 2707 quis
2973 2638 3128 2692 vobis
3161 2638 3563 2695 demonstravit
3602 2641 3777 2713 fugere
3808 2658 3834 2695 a

2262 2740 2487 2783 ventura
2511 2728 2589 2782 ira
2613 2726 2826 2799 (Matth.
2871 2728 2994 2800 ut)?
3024 2728 3177 2785 Unde
3216 2738 3271 2783 et
3297 2732 3523 2786 subdit:
3552 2750 3573 2784 ι
3604 2732 3790 2789 Vocati
3813 2751 3829 2784 ι

2261 2833 2358 2889 ρει·
2373 2819 2769 2889 pmnitentiam,
2788 2819 2973 2873 dicens
2993 2836 3037 2872 ει
3057 2818 3442 2875 Paenitentiam
3473 2824 3643 2893 agite,
3664 2839 3828 2895 appro-

2262 2909 2547 2981 pinquabit
2591 2910 2735 2963 enim
2784 2924 3010 2979 regnum
3060 2910 3319 2965 ruderum
3366 2910 3587 2983 (Manli.
3618 2916 3833 2985 “111).:

2269 3018 2287 3051 ι
2328 3000 2394 3055 Ει
2420 3016 2526 3054 non
2564 3009 2683 3057 erat
2720 3001 2831 3071 qui‘
2851 3002 3061 3055 audiret
3084 3043 3097 3065 ,
3124 3021 3145 3054 )
3174 3002 3224 3057 id
3254 3012 3339 3057 cst
3367 3004 3455 3072 qui
3498 3007 3744 3061 obediret
3768 3006 3840 3061 ve!

2265 3091 2356 3160 qui
2384 3090 2727 3161 intelligeret,
2745 3106 2810 3145 eo
2837 3091 2980 3161 quod
3009 3108 3114 3147 non
3137 3103 3288 3148 esset
3306 3094 3409 3148 vir.
3432 3113 3454 3144 ι
3478 3094 3733 3166 Nunquid
3757 3098 3843 3150 ab-

2263 3184 2506 3240 breviata
2526 3192 2581 3237 et
2610 3184 2828 3255 parvula
2846 3184 2987 3239 facta
3016 3194 3099 3239 est
3130 3201 3321 3240 manus
3348 3200 3478 3248 mea,
3511 3206 3531 3236 »
3562 3187 3621 3240 id
3647 3198 3731 3241 at
3752 3203 3849 3258 ροδ

581 3299 796 3348 certare
823 3286 1097 3342 videntur.
1119 3282 1223 3338 Sed
1244 3279 1514 3352 quomodo
1540 3290 1629 3331 res
1648 3268 1946 3342 corporalis
1967 3263 2161 3320 luctari

2268 3276 2438 3330 tentia
2470 3292 2619 3340 mea,
2654 3296 2672 3328 ι
2707 3286 2768 3331 ιιι
2814 3292 2919 3331 non
2974 3278 3176 3346 possim
3225 3279 3472 3333 redimere
3524 3298 3542 3329 ι
3577 3247 3843 3347 populum

578 3384 753 3459 possit
787 3396 908 3437 cum
945 3376 1134 3449 angelo
1166 3384 1311 3429 tactu
1343 3369 1619 3443 corporis,
1651 3364 1742 3436 qui
1768 3371 1959 3418 natura
1985 3359 2164 3413 incor-

578 3448 780 3550 poralis
799 3481 882 3529 est
904 3448 1273 3531 etinvisihilis,
1291 3464 1512 3519 minime
1529 3464 1769 3529 apparet.
1791 3448 2164 3550 Quae-quaestio

580 3536 686 3622 hoc
728 3562 888 3618 modo
929 3555 1185 3614 solvenda
1220 3563 1321 3610 est.
1350 3554 1485 3607 Dum
1514 3546 1724 3619 fugeret
1765 3545 1880 3615 ipse
1914 3538 2083 3594 Iacob
2110 3536 2162 3590 in

582 3652 1024 3727 McSOpotamiam
1053 3648 1117 3703 ad
1147 3646 1328 3701 Laban
1358 3660 1384 3697 a
1415 3640 1554 3697 facie
1578 3637 1761 3693 fratris
1791 3634 1871 3689 sui
1901 3632 2042 3686 Esau
2066 3668 2080 3693 ,
2110 3634 2166 3680 et

581 3724 888 3807 devertisset
927 3744 980 3799 in
1024 3740 1209 3797 Bethel
1234 3781 1248 3805 ,
1287 3746 1444 3793 nocte
1478 3734 1612 3790 vidit
1650 3733 1701 3786 in
1732 3728 1936 3785 somnis
1960 3724 2163 3779 scalam

580 3839 975 3912 pertingentem
1006 3845 1177 3902 usque
1209 3829 1275 3883 ad
1297 3828 1514 3889 coelum,
1546 3822 1767 3893 angelos
1802 3819 1897 3873 Dei
1934 3817 2162 3871 descen-

583 3907 772 3986 dentes
789 3935 844 3983 et
863 3925 1219 3981 ascendentes
1238 3935 1334 3991 per
1353 3932 1493 3981 eam,
1512 3914 1901 3980 Dominumque
1917 3907 2162 3962 innixum

582 4020 743 4077 scalm
763 4016 968 4073 audivit
989 4014 1255 4069 dicentem
1273 4006 1514 4070 :«Jacob,
1536 4013 1737 4059 terram
1761 4002 1813 4054 in
1836 4015 1941 4068 qua
1962 3996 2163 4052 dormis

583 4110 681 4164 tibi
709 4108 868 4169 dabo,
896 4113 951 4159 et
977 4101 1168 4157 semini
1194 4111 1282 4153 tuo
1305 4096 1458 4170 (Gen.
1490 4094 1703 4161 xxvm).
1729 4111 1746 4141 ι
1768 4078 1916 4143 Tunc
1938 4088 2059 4141 data
2081 4094 2163 4139 est

583 4202 633 4255 ei
651 4197 893 4253 custodia
910 4192 1243 4264 angelorum,
1260 4190 1349 4259 qui
1369 4201 1490 4241 eum
1509 4184 1845 4241 custodirent
1860 4179 1910 4233 in
1926 4177 2163 4247 Mesem-

588 4290 774 4345 tamia.
797 4288 1121 4342 Revertentc
1152 4291 1331 4336 autem
1356 4278 1446 4333 illo
1473 4286 1528 4333 et
1548 4275 1797 4332 veniente
1829 4273 1884 4326 in
1912 4268 2158 4324 eumdem

584 4383 785 4445 locum,
802 4376 1265 4449 appropinquante
1280 4383 1460 4435 mane,
1474 4367 1795 4422 viditcastra
1810 4364 1924 4419 Dei.
1943 4361 2093 4417 Unde
2106 4366 2162 4413 et

586 4470 873 4544 appellavit
890 4467 1138 4523 eumdem
1161 4465 1339 4519 locum
1362 4462 1613 4523 Manaim,
1638 4460 1691 4513 id
1714 4467 1793 4513 est
1818 4465 2015 4511 castra.
2048 4454 2157 4523 Ap-

586 4564 766 4636 paruit
787 4562 950 4616 etiam
972 4559 1019 4614 ei
1052 4555 1292 4626 angelus,
1310 4553 1400 4624 qui
1426 4568 1548 4608 eum
1589 4545 2156 4615 servaveratquandiu

587 4663 833 4711 moratus
865 4660 950 4707 est
984 4650 1039 4703 in
1081 4644 1465 4716 Mesopotamia
1486 4685 1499 4706 ,
1524 4651 1577 4698 et
1606 4641 1741 4695 dixit
1762 4639 1810 4694 ei
1838 4658 1850 4692 :
1881 4656 1901 4689 ι
1943 4636 2162 4690 Dimitte

588 4761 678 4803 me
704 4742 854 4819 (Gen.
878 4739 1054 4809 χχχιι)
1079 4758 1124 4802 ,ι
1153 4736 1410 4791 subaudis
1438 4741 1500 4787 ut
1523 4732 1713 4786 vadam
1739 4730 1805 4784 ad
1824 4745 1947 4785 eum
1964 4727 2054 4797 qui
2077 4743 2164 4781 me

588 4838 758 4894 misit.
783 4834 1181 4900 Procidensque
1211 4830 1393 4885 statim
1418 4828 1471 4881 in
1495 4838 1719 4889 terram,
1737 4822 1905 4892 coepit
1931 4835 2088 4875 orare
2108 4827 2163 4875 et

595 4928 777 4985 dicere
804 4942 817 4977 :
850 4922 964 4978 Non
989 4922 1257 4975 dimittam
1289 4927 1362 4983 te,
1396 4918 1450 4972 id
1476 4927 1555 4971 est
1578 4931 1682 4969 non
1706 4913 1927 4968 cessabo
1944 4928 1972 4965 a
1994 4913 2166 4981 ιιι-θεία

588 5021 715 5085 bus,
733 5018 905 5072 donec
932 5010 1221 5069 benedicas
1234 5008 1387 5063 mihi.
1408 5006 1471 5060 Et
1486 5004 1918 5066 benedixiteum,
1943 5002 2160 5056 dicens:

591 5108 653 5164 Si
672 5122 795 5164 cum
824 5107 935 5161 Deo
965 5102 1123 5158 fortis
1148 5116 1208 5155 es
1234 5100 1287 5154 in
1315 5100 1802 5167 oratione,quanto
1827 5094 2000 5164 magis
2032 5107 2162 5148 con-

594 5205 681 5251 tra
720 5194 967 5250 homines
994 5188 1345 5261 prmvalebis?
1366 5187 1422 5242 ld
1447 5195 1529 5242 est
1551 5226 1565 5251 ,
1600 5185 1644 5241 si
1676 5186 1730 5240 in
1766 5185 2013 5240 oratione
2042 5197 2167 5252 per:

593 5286 879 5350 manseris,
897 5283 1165 5354 quomodo
1182 5280 1383 5351 poteris
1397 5278 1536 5332 vinci
1563 5278 1631 5332 ab
1651 5277 1827 5330 Esau?
1844 5274 1994 5328 'l‘unc
2010 5272 2167 5327 dimi-

596 5381 668 5436 sit
685 5393 810 5435 eum
842 5374 1102 5432 cessando
1139 5388 1167 5426 a
1203 5372 1470 5442 precibus.
1507 5369 1679 5421 Aliter
1706 5366 1850 5421 enim
1877 5365 2026 5419 illum
2056 5379 2166 5418 non

596 5468 789 5535 ιωιιὶι,
804 5478 980 5537 neque
1006 5479 1127 5520 cum
1157 5478 1223 5520 eo
1247 5462 1481 5517 luctatus
1498 5466 1582 5516 est
1604 5457 1708 5512 nisi
1732 5472 1827 5525 per
1845 5457 2166 5511 orationem.

2268 3379 2445 3419 meum
2486 3366 2552 3420 de
2580 3364 2855 3437 Babylone
2881 3366 2966 3420 vel
2993 3366 3060 3420 de
3088 3367 3399 3437 captivitate
3432 3368 3656 3433 diaboli,
3681 3368 3849 3424 iiluut

2257 3455 2359 3525 qui
2400 3456 2452 3509 in
2486 3470 2572 3509 me
2616 3457 2923 3510 crediturus
2959 3466 3044 3512 est
3074 3475 3087 3511 :
3120 3458 3261 3513 sicut
3302 3458 3426 3512 olim
3465 3459 3665 3514 redemi
3710 3459 3851 3515 filios

2265 3546 2429 3602 lsrael
2462 3547 2529 3602 de
2555 3546 2827 3619 Egypto?
2859 3567 2876 3599 ι
2909 3550 3012 3603 Aut
3053 3564 3159 3604 non
3200 3558 3284 3605 est
3321 3550 3378 3605 in
3419 3567 3504 3606 me
3531 3553 3709 3608 virtus
3736 3573 3756 3605 ι
3784 3554 3847 3606 ad

2268 3639 2601 3693 liberandum
2626 3639 2880 3710 populum
2906 3657 3104 3706 meum,
3121 3641 3203 3696 vel
3230 3643 3297 3696 ad
3324 3642 3662 3697 liberandum
3685 3661 3771 3699 me
3790 3646 3853 3697 de

2266 3730 2477 3785 morte?
2497 3749 2515 3780 ι
2542 3732 2745 3788 Eccein
2766 3734 3154 3802 increpatione,
3189 3753 3207 3784 ι
3232 3733 3282 3786 id
3303 3741 3387 3787 est
3410 3733 3464 3787 in
3489 3734 3851 3804 indignatione

2264 3822 2348 3875 vel
2372 3823 2597 3887 visione,
2617 3843 2635 3874 ‹
2665 3838 2784 3879 mea
2799 3824 3070 3879 desertum
3098 3825 3289 3879 faciam
3321 3841 3493 3892 mare,
3527 3845 3546 3878 ι
3578 3827 3631 3881 id
3649 3836 3735 3881 est
3760 3843 3849 3881 va-

2268 3929 2426 3968 cuum
2457 3915 2676 3968 reddam
2720 3930 2749 3969 a
2796 3916 2908 3969 suis
2939 3915 3114 3983 aquis,
3143 3915 3188 3969 si
3217 3915 3439 3970 voluero
3466 3956 3480 3981 ,
3514 3918 3663 3972 sicut
3687 3933 3852 3988 quem

2264 4004 2387 4057 dam
2432 4004 2482 4058 in
2514 4005 2742 4058 transitu
2783 4004 3011 4058 filiorum
3051 4005 3235 4060 lsrael.
3273 4024 3291 4054 ι
3326 4004 3529 4059 Ponam
3562 4005 3846 4066 ﬂumina”

2262 4093 2521 4150 subaudis
2551 4095 2675 4158 alia,
2709 4113 2726 4145 t
2758 4096 2811 4149 in
2844 4096 3068 4160 siccum,
3100 4115 3117 4146 ι
3146 4096 3191 4150 si
3239 4095 3461 4152 voluero
3487 4139 3502 4162 ,
3544 4099 3696 4154 sicut
3736 4099 3849 4154 olim

2264 4193 2554 4240 torrentem
2586 4186 2768 4242 Arnen
2800 4168 2854 4241 et
2875 4185 3190 4244 Iordanem.

2338 4298 2356 4329 ι
2387 4278 2831 4349 Compntrescent
2852 4283 3029 4351 pisces
3058 4285 3176 4340 sine
3205 4302 3343 4357 aqua
3374 4294 3429 4339 et
3457 4287 3770 4342 morientur
3804 4285 3850 4338 in

2260 4370 2345 4423 siti
2359 4371 2835 4439 iquemadmodum
2854 4372 2904 4426 in
2928 4373 3018 4428 illo
3033 4371 3250 4429 flumine
3267 4375 3512 4447 Egypti.
3535 4377 3608 4430 Et
3631 4387 3720 4431 est
3739 4392 3849 4431 sen-

2259 4475 2350 4513 sus
2380 4460 2524 4529 :Ego
2551 4460 2641 4530 qui
2670 4461 2759 4515 illa
2787 4459 2888 4516 feci
2910 4471 2963 4516 et
2992 4465 3151 4518 modo
3178 4480 3392 4534 possum
3424 4465 3637 4521 similia
3666 4465 3844 4525 facere.

2268 4565 2374 4605 non
2397 4552 2570 4605 habeo
2594 4552 2885 4621 quidquam
2916 4554 3172 4609 amissum
3198 4556 3263 4610 de
3284 4556 3523 4627 potentia
3554 4556 3848 4613 meame-

2270 4644 2449 4713 gorice
2479 4652 2657 4699 autem
2700 4659 2847 4700 mare
2893 4647 3163 4714 significat
3201 4648 3347 4703 hunc
3386 4649 3701 4713 mundum,
3726 4649 3853 4721 quod

2270 4750 2481 4806 semper
2498 4736 2551 4789 in
2580 4745 2726 4791 motu
2749 4747 2852 4792 est.
2877 4738 3016 4794 Ecce
3032 4736 3247 4809 (inquit)
3264 4740 3314 4793 in
3344 4740 3736 4810 indignatione
3753 4755 3857 4795 mea

2270 4823 2541 4878 desertum
2564 4825 2757 4880 faciam
2783 4828 2926 4881 hunc
2949 4828 3206 4882 mundum
3223 4829 3276 4882 in
3299 4827 3602 4895 diejudicii
3631 4831 3706 4885 ab
3728 4831 3856 4885 omni

2272 4915 2629 4969 amaritudine
2653 4953 2668 4979 ,
2708 4924 2763 4970 et
2789 4916 2857 4971 ab
2882 4917 3137 4971 omnibus
3176 4916 3603 4975 habitatoribus.
3624 4920 3764 4974 suis.
3806 4918 3859 4972 Et

2269 5018 2464 5076 ponam
2493 5006 2714 5061 flumina
2747 5008 2799 5061 in
2827 5007 3047 5069 siccum.
3103 5008 3154 5062 id
3186 5017 3271 5063 est
3294 5010 3615 5065 doctrinam
3654 5012 3857 5066 lim-eti-

2269 5114 2487 5162 corum,
2512 5106 2565 5153 et
2592 5098 2911 5167 sapientiam
2959 5099 3398 5169 philosophorum
3443 5102 3780 5157 exsiccabo.
3808 5100 3863 5154 Et

2268 5195 2699 5257 computrescent
2722 5229 2737 5253 ,
2761 5188 2813 5243 id
2832 5199 2916 5243 est
2943 5188 3197 5243 deficient
3218 5189 3396 5257 pisces
3417 5188 3541 5243 sine
3565 5206 3751 5261 aqua,
3775 5192 3867 5244 hoc

2269 5287 2353 5333 est
2380 5277 2577 5333 curiosi
2605 5287 2659 5331 et
2680 5285 2995 5346 peccatores
3023 5278 3138 5331 sine
3165 5279 3338 5347 gratia
3367 5276 3622 5347 Spiritus
3651 5280 3826 5335 sancti
3852 5295 3864 5328 :

2269 5376 2325 5421 et
2351 5366 2650 5421 morientur
2682 5366 2736 5419 in
2766 5365 2887 5430 siti,
2921 5381 3030 5420 non
3070 5366 3330 5421 habentes
3367 5366 3513 5419 illam
3562 5383 3783 5438 aquam
3813 5368 3872 5421 de

2270 5473 2376 5527 qua
2401 5457 2536 5512 dixit
2556 5456 2814 5511 Dominus
2838 5474 2853 5510 :
2882 5476 2900 5508 ι
2925 5456 3024 5523 Qui
3058 5457 3172 5511 sitit
3194 5457 3377 5510 veniat
3394 5456 3463 5511 ad
3490 5472 3585 5510 me
3618 5469 3685 5513 et
3709 5459 3869 5527 bibat.

2270 5526 2325 5603 et
2349 5548 2415 5604 de
2443 5556 2631 5604 ventre
2659 5546 2775 5617 ejus
2802 5547 2966 5603 ﬂuent
2998 5563 3151 5618 aqua!
3176 5548 3313 5602 viva:
3343 5547 3526 5619 (Ioan.
3562 5554 3704 5619 vn).
3738 5526 3761 5603 λ

1224 5614 1453 5673 CAPUT
1492 5613 1554 5671 L.

670 5751 693 5786 ι
716 5731 845 5807 Haec
872 5733 1001 5789 dicit
1027 5727 1462 5795 Dominus:Quis
1488 5736 1572 5783 est
1590 5727 1727 5783 liber
1751 5728 1959 5798 repudii
1984 5730 2172 5785 matris

580 5834 813 5884 'vestrm.
846 5822 1137 5879 tsubaudis
1166 5822 1481 5892 Synagogze,
1513 5836 1529 5870 ι
1558 5834 1667 5889 quo
1690 5819 1869 5874 dimisi
1891 5834 2044 5886 eam,
2076 5829 2169 5876 aut

2348 5660 2366 5691 ι
2406 5638 2624 5695 lnduam
2653 5640 2839 5703 caelos,
2876 5641 3171 5696 rsubaudis
3215 5655 3426 5705 aereos,
3459 5660 3477 5689 ι
3509 5641 3567 5693 in
3598 5643 3875 5697 tenebris.

2258 5738 2327 5785 et
2346 5745 2560 5785 saccum
2584 5746 2779 5799 ponam
2812 5731 3206 5798 operimentum
3239 5744 3448 5785 eorum.
3488 5750 3504 5778 ι
3541 5729 3879 5799 Ρὴίιοεοςιὲιί

2271 5823 2457 5877 dicunt
2486 5814 2886 5877 decem'stadiis
2907 5819 3099 5875 omium
3120 5821 3347 5899 distendi
3379 5835 3408 5874 a
3433 5829 3582 5874 terra
3623 5838 3747 5875 non
3768 5836 3877 5873 aut-
