4016 6472
249 477 316 533 73
1259 460 1606 520 COMMENT.
1649 459 1713 513 IN
1754 456 2001 515 ISAIARI.
2039 487 2110 498 —
2148 457 2275 511 LIB.
2317 454 2377 510 ll.

3370 444 3478 501 97‘

211 590 385 661 plius:
420 583 562 656 quod
602 582 836 654 spatium
886 576 1252 635 crassitudine
1299 576 1442 631 aeris
1494 572 1781 642 aliquando
1810 580 1858 638 Α
1885 570 2226 640 crepantibus
2265 575 2322 621 et
2370 561 2807 661 conspuentihus.
2843 580 2859 611 ι
2900 558 3021 613 Ilaec
3051 557 3229 612 omnia
3264 557 3316 611 in
3346 570 3477 626 pas-

213 678 374 734 nobis
397 674 740 747 splendorem
770 670 898 727 solis
930 668 1217 724 abstrahit.
1246 664 1362 722 Non
1412 664 1607 721 callum
1658 677 1789 734 ergo

213 780 372 823 sacco
407 762 730 826 obvolvitur,
756 761 852 815 sed
875 757 1144 813 interdum
1188 755 1300 811 sole
1346 756 1399 809 in
1448 754 1625 809 medio
1665 751 1788 807 εωιί

211 854 411 927 posito,
446 869 543 909 aer
580 850 741 906 nobis
766 850 1112 905 obscuratur.
1163 846 1462 916 Allegorice
1503 852 1682 899 autem
1704 842 1792 897 hic

212 955 300 1002 est
347 960 572 1001 sensus:
598 944 821 998 lnduam
867 940 1035 995 cmlos
1061 938 1322 1001 tenebris,
1363 936 1416 992 id
1461 945 1547 991 est
1598 934 1790 990 faciam

214 1036 937 1105 utsaactitrecognoscantse
957 1046 1078 1085 esse
1089 1038 1404 1099 peccatores
1429 1044 1442 1081 :
1462 1027 1616 1097 juxta
1639 1023 1791 1088 illud,

213 1127 399 1184 Justus
440 1128 501 1182 iu
548 1125 820 1197 principio
869 1132 1152 1178 accusator
1175 1130 1260 1177 est
1287 1119 1369 1175 sui
1404 1116 1587 1190 (Prov.
1616 1116 1789 1185 xvnt).

214 1217 322 1287 Et,
352 1233 374 1270 ι
400 1216 458 1274 ει
517 1216 815 1271 dixerimus
848 1213 972 1283 quia
1010 1219 1292 1282 peccatum
1339 1224 1445 1262 non
1490 1207 1751 1262 habemus
1776 1244 1792 1271 ,

209 1310 506 1364 mendaces
530 1307 731 1362 erimus
752 1304 804 1376 (1
832 1304 990 1358 Joan.
1016 1303 1078 1371 t).
1108 1321 1129 1353 ι
1151 1301 1216 1355 Et
1232 1315 1471 1363 saccum,
1499 1298 1553 1352 id
1578 1304 1661 1351 est
1680 1294 1793 1349 cili-

209 1397 381 1461 cium,
407 1412 602 1467 ponam
638 1395 1030 1465 operimentum
1065 1405 1274 1453 eorum,
1303 1398 1382 1453 ut,
1413 1385 1791 1456 paenitentiam

214 1497 458 1559 agentes,
476 1488 657 1542 dicant
671 1500 793 1539 cum
808 1482 1094 1538 Psalmista
1117 1500 1159 1534 ει
1174 1481 1288 1549 Ego
1301 1487 1506 1541 autem,
1522 1477 1648 1531 dum
1664 1474 1796 1529 mibi

1893 662 2047 721 sione
2073 661 2219 715 illius
2247 658 2477 729 legimus
2511 652 2823 722 aditnpleta.

1967 771 1986 806 ι
2032 752 2291 806 Dominus
2316 751 2480 812 Deus,
2517 767 2535 799 ι
2568 746 2826 802 subaudis
2855 743 3039 807 Pater,
3073 761 3091 793 ι
3125 741 3415 798 auxiliator
3451 760 3472 797 ι

1890 862 2045 905 meus
2072 846 2347 908 subaudis,
2367 844 2468 898 fuit
2490 844 2542 899 in
2573 842 2845 911 passione,
2878 861 2893 889 ι
2934 840 3054 894 ideo
3080 854 3183 892 non
3215 853 3333 892 sum
3355 851 3484 893 con-

1894 939 2063 1004 fusus,
2096 958 2110 989 ι
2142 937 2264 991 ideo
2281 951 2386 990 non
2413 934 2626 996 erubui,
2653 947 2826 1002 neque
2847 930 3078 986 sustinui
3105 928 3476 999 opprobrium.

1894 1027 2046 1085 Tunc
2096 1027 2390 1082 sustineret
2439 1022 2831 1087 confusionem,
2879 1023 2922 1077 si
2950 1022 3106 1075 tertia
3134 1022 3220 1075 die
3261 1035 3365 1074 non
3395 1035 3481 1073 re-

1895 1117 2238 1173 surrexisset.
2282 1114 2427 1179 Ideo,
2482 1115 2607 1184 quia
2656 1119 2769 1184 ipse
2819 1122 2903 1167 est
2945 1111 3235 1165 auxiliator
3284 1124 3477 1171 meus.

1901 1226 1920 1259 ι
1967 1207 2120 1278 posui
2171 1207 2363 1261 faciem
2394 1221 2570 1260 meam
2603 1214 2660 1258 ut
2690 1214 2894 1276 petram
2930 1203 3301 1265 durissimam,
3348 1221 3366 1252 ι
3420 1208 3485 1255 ut

1894 1314 1928 1357 a
1956 1298 2209 1367 passione
2235 1311 2341 1350 non
2366 1310 2451 1349 me
2472 1305 2792 1350 averterem.
2826 1313 2843 1343 ι
2877 1294 2941 1348 Et
2962 1294 3075 1348 scio
3095 1295 3350 1362 quoniam
3375 1304 3484 1347 non

1895 1390 2213 1455 confundar,
2254 1410 2272 1441 ι
2316 1389 2375 1457 id
2403 1398 2489 1444 est
2513 1404 2617 1443 non
2647 1388 2853 1459 peribo.

1970 1501 1992 1533 ‹
2016 1482 2204 1547 Juxta,
2243 1502 2261 1533 ι
2314 1481 2367 1536 id
2410 1489 2493 1535 cst
2529 1494 2696 1551 prope
2736 1489 2819 1535 est
2846 1500 2864 1532 ι
2901 1481 3041 1534 Deus
3079 1500 3096 1530 ι
3134 1478 3301 1534 Pater
3340 1496 3360 1528 ι
3391 1484 3485 1546 qui

213 1578 429 1635 molesti
458 1586 661 1643 essent,
689 1575 977 1631 induebam
1007 1588 1091 1627 me
1113 1572 1289 1626 cilicio
1323 1568 1501 1641 (Ρεαι.
1526 1567 1734 1638 XXXIV).
1766 1586 1788 1619 ο
1888 1573 2152 1643 justiﬁcat
2174 1588 2276 1626 me.
2315 1590 2333 1621 ι
2363 1572 2515 1625 Τιιιιε
2534 1570 2856 1638 justiﬁcavit
2887 1571 3293 1640 illum,quando
3316 1570 3481 1624 dixit:

291 1708 314 1742 ι
359 1689 618 1745 Dominus
663 1689 808 1743 dedit
857 1686 988 1740 mihi
1032 1685 1269 1755 linguam
1320 1683 1631 1747 eruditam,
1678 1699 1694 1732 ι
1742 1680 1795 1734 id

212 1766 303 1836 est
330 1782 544 1836 doctam
564 1820 579 1844 ,
608 1797 626 1829 ι
664 1789 722 1831 ut
755 1777 927 1831 sciam
953 1767 1257 1829 sustentare
1286 1788 1439 1835 eum,
1492 1772 1581 1841 qui
1613 1771 1796 1840 lapsus

216 1880 342 1937 est,
372 1870 559 1925 verbo.
594 1867 847 1923 »Πειιηὶ
885 1865 1072 1921 nolunt
1112 1865 1216 1919 hoc
1269 1862 1479 1917 referre
1521 1861 1588 1915 ad
1632 1860 1793 1915 Chri-

1894 1663 1994 1719 Hic
2017 1670 2101 1718 est
2138 1662 2304 1717 Filius
2328 1677 2480 1717 meus
2501 1662 2742 1721 dilectus.
2778 1663 2830 1716 in
2856 1678 2963 1731 quo
2993 1662 3125 1715 mihi
3161 1660 3479 1731 complacui.

1896 1756 1963 1814 Et
1992 1756 2205 1825 quando
2235 1754 2382 1808 illum
2413 1754 2572 1809 tertia
2619 1754 2708 1809 die
2748 1755 3070 1807 suscitavit:
3108 1753 3242 1820 Quis
3270 1761 3484 1807 contra-

1897 1848 2027 1903 dicit
2063 1847 2239 1903 mibi?
2272 1846 2329 1901 Id
2363 1854 2467 1911 est,
2502 1847 2624 1915 quis
2666 1855 2840 1913 rotest
2881 1846 3065 1900 dicere
3094 1862 3180 1900 me
3222 1861 3328 1899 non
3360 1860 3483 1901 esse

218 1934 386 2024 stum,
435 1959 529 2014 sed
573 1959 750 2028 potius
788 1956 858 2010 ad
904 1955 1114 2018 Isaiam,
1156 1951 1242 2007 cui
1273 1950 1530 2005 Dominus
1553 1948 1791 2018 linguam
1819 1937 2138 2008 Bjustum?
2164 1936 2438 1991 «Stemus
2481 1936 2674 1998 simul,
2710 1954 2727 1987 ι
2783 1934 3042 1991 subaudis
3090 1936 3157 1989 ad
3194 1934 3479 2002 judicium.

219 2052 492 2109 eruditam
566 2051 715 2107 dedit
782 2058 842 2104 ut
898 2053 1228 2103 sustentaret
1293 2043 1547 2114 populum
1609 2041 1795 2097 Judai-

216 2160 366 2211 cum,
395 2154 451 2201 et
501 2144 594 2214 qui
640 2142 804 2199 multa
853 2138 1138 2211 opprobria
1178 2138 1247 2193 ab
1285 2137 1366 2193 eis
1413 2135 1699 2199 sustinuit,
1738 2134 1793 2188 in

220 2244 429 2291 tantum
457 2244 517 2289 ut
535 2251 684 2290 serra
714 2235 886 2305 lignea
910 2238 1206 2286 secaretur.
1243 2228 1349 2283 Sed
1377 2226 1570 2283 melius
1597 2235 1679 2281 est
1738 2232 1798 2278 ut

218 2323 521 2380 referamus
560 2324 688 2379 illud
722 2324 799 2377 ad
838 2321 1124 2377 Dominum
1149 2318 1333 2374 Iesum
1374 2315 1671 2379 Chrismm,
1703 2314 1796 2384 qui

216 2415 487 2470 eruditam
517 2414 754 2485 linguam
778 2412 965 2467 habuit
994 2412 1061 2465 ad
1092 2409 1478 2466 consolandum
1507 2414 1798 2463 mmrentes

216 2513 278 2562 et
297 2504 653 2560 revocandum
670 2502 743 2557 ad
768 2501 1140 2573 paenitentiam
1161 2509 1490 2570 peceatores,
1512 2507 1568 2551 et
1585 2497 1678 2566 qui
1701 2511 1799 2566 pro

220 2594 396 2652 salute
421 2595 638 2667 generis
659 2593 875 2649 humani
896 2592 1014 2648 haec
1041 2592 1152 2663 pati
1177 2591 1363 2646 voluit.
1403 2589 1661 2644 Dominus
1691 2587 1798 2659 (in-

217 2684 382 2757 quit),
408 2685 459 2741 id
479 2694 564 2740 est
591 2685 730 2740 Deus
754 2683 918 2739 Pater
940 2682 1087 2739 dedit
1115 2682 1244 2737 mihi
1262 2681 1497 2752 linguam
1530 2680 1798 2734 eruditam

220 2775 279 2831 in
307 2775 426 2847 lege
464 2775 720 2845 omnique
750 2774 1035 2846 sapientia,
1072 2781 1130 2829 ut
1158 2774 1326 2829 sciam
1352 2780 1656 2827 sustentare
1675 2786 1799 2826 cum

224 2866 392 2921 verba
419 2867 511 2936 qui
544 2865 728 2936 lapsus
755 2873 858 2932 est,
887 2864 1145 2921 subaudis
1172 2866 1225 2919 in
1254 2874 1536 2935 peccatum
1571 2872 1628 2918 et
1662 2878 1802 2921 mor-

223 2967 360 3023 tem,
388 2972 560 3028 genus
600 2957 851 3013 videlicet
871 2956 1185 3011 humanum.
1235 2954 1353 3021 Quo
1383 2955 1548 3009 verbo
1586 2953 1717 3008 dicit
1745 2966 1803 3006 se

221 3061 532 3106 sustentare
580 3065 750 3121 genus
803 3047 1134 3104 humanum?
1175 3045 1353 3102 Verbo
1403 3042 1805 3115 prtedicationis

223 3150 283 3197 et
312 3141 645 3212 poenitentia:
666 3139 907 3195 dicendo.
942 3157 961 3190 ι
1003 3138 1386 3193 Ptenitentiam
1415 3137 1576 3207 agite,
1607 3149 1806 3206 appro-

223 3234 506 3304 pinquavit
543 3234 687 3288 enim
717 3248 940 3301 regnum
972 3232 1232 3287 ctelortttn
1270 3228 1485 3301 (Matth.
1512 3227 1607 3296 tv).
1647 3247 1665 3279 ι
1708 3226 1800 3280 Et:

1897 2046 1917 2079 ι
1957 2028 2090 2095 Quis
2112 2037 2196 2082 est
2231 2026 2574 2081 adversarius
2604 2028 2796 2081 meus?
2826 2046 2845 2077 ι
2892 2026 3113 2081 accedat
3151 2045 3169 2077 ι
3215 2025 3281 2079 ad
3316 2041 3420 2081 me.
3456 2045 3479 2080 ο

1894 2117 2025 2172 Tale
2055 2124 2140 2172 est
2167 2115 2296 2170 illud
2322 2117 2465 2184 quod
2491 2125 2544 2169 et
2570 2115 2622 2168 in
2646 2115 2938 2186 Evangelio
2961 2116 3093 2169 dicit
3117 2130 3133 2168 :
3164 2134 3182 2166 ι
3212 2114 3346 2182 Quis
3375 2113 3486 2186 (iu-

1893 2206 2031 2277 quit)
2059 2221 2125 2260 ex
2156 2205 2309 2260 vobis
2332 2214 2522 2276 arguet
2546 2220 2631 2259 me
2653 2206 2718 2260 de
2739 2206 2998 2274 peccato?
3026 2226 3045 2257 ι
3081 2204 3233 2276 (Luc.
3267 2204 3376 2274 tu.)
3417 2202 3488 2259 Et

1895 2304 1981 2350 est
2008 2309 2201 2350 sensus
2230 2295 2525 2365 superioris
2562 2294 2862 2349 versiculi:
2899 2294 2957 2348 Si
3000 2295 3124 2363 quis
3155 2294 3376 2364 (inquit)
3414 2310 3484 2352 ex

1894 2385 2049 2441 vobis
2073 2383 2271 2440 Judteis
2314 2393 2467 2454 putat
2506 2401 2592 2439 me
2615 2385 2760 2455 juste
2801 2384 3119 2439 cruciﬁxum
3161 2393 3217 2440 et
3254 2383 3484 2455 aliquod

1897 2477 2092 2534 fecisse
2142 2486 2423 2546 peccatum
2448 2518 2466 2543 ,
2498 2479 2722 2533 accedat
2755 2478 2823 2534 ad
2857 2492 2943 2533 me
2970 2486 3029 2531 ut
3059 2476 3372 2546 judicemus
3408 2476 3484 2531 si-

1899 2570 2035 2625 mul.

1974 2681 1993 2712 ε
2036 2663 2177 2717 Ecce
2226 2662 2485 2717 Dominus
2517 2661 2657 2716 Deus
2699 2660 2991 2716 auxiliator
3031 2675 3207 2724 meus,
3231 2659 3354 2729 quis
3396 2668 3484 2716 est

1900 2766 1965 2807 ex
1995 2753 2149 2808 vobis
2197 2753 2289 2822 qui
2338 2754 2667 2808 condemnet
2709 2752 2839 2807 me?
2877 2773 2895 2804 ι
2936 2750 3125 2806 Nullus
3173 2760 3352 2820 potest
3399 2764 3488 2805 me

1900 2842 2317 2898 condemnaret
2343 2842 2483 2899 Ecce
2502 2857 2691 2898 omnes
2713 2842 2910 2909 Judaei,
2932 2845 3025 2914 qui
3055 2843 3480 2901 mihicontradi~

1903 2943 2033 2990 cunt
2061 2975 2076 2998 ,
2123 2934 2279 3005 quasi
2320 2934 2700 2991 vestimentum
2731 2943 3103 2999 conterentur,
3152 2937 3301 2991 tinea
3330 2949 3486 2990 com-

1901 3024 2026 3080 edet
2044 3040 2192 3087 eos,»
2231 3024 2282 3079 id
2295 3025 2576 3094 estpropri
2596 3044 2607 3075 ι
2627 3026 2979 3081 conscientia.
3009 3024 3164 3080 Sicut
3183 3025 3479 3081 vestimen-

1908 3116 2261 3172 tum'duobus
2290 3117 2466 3171 modis
2505 3116 2864 3180 consumitur,
2903 3124 3170 3171 vetustate
3204 3116 3485 3186 temporis,

1907 3218 1962 3264 et
1984 3209 2127 3265 tinea
2153 3226 2167 3261 :
2200 3209 2272 3263 ita
2301 3208 2375 3265 illi
2406 3209 2531 3279 quia
2560 3218 2805 3279 tempore
2832 3210 3187 3281 quadraginta
3219 3225 3484 3266 annorum

228 3290 243 3374 Γ
284 3325 474 3381 Venite
499 3325 567 3380 ad
594 3340 702 3386 me,
734 3338 922 3377 omnes
942 3323 1036 3392 qui
1071 3321 1328 3377 laboratis
1347 3328 1401 3374 et
1425 3318 1629 3374 onerati
1650 3317 1797 3381 estis,

1910 3299 2012 3355 sibi
2034 3302 2162 3356 dato
2205 3300 2273 3355 ad
2301 3298 2677 3369 paenitentiam
2726 3300 3017 3357 noluerunt
3038 3302 3306 3365 converti,
3351 3316 3485 3357 eon-

224 3421 279 3469 et
301 3429 399 3485 ego
420 3429 517 3469 vos
548 3412 787 3467 reﬁciam
838 3411 1053 3483 (Matth.
1082 3413 1181 3479 x1).
1222 3430 1240 3463 ι
1269 3409 1423 3478 Quod
1443 3408 1591 3472 dicit,
1620 3407 1798 3463 Domi-

226 3518 330 3559 nus
369 3504 516 3558 dedit
541 3504 671 3558 mihi
702 3502 939 3573 linguam
973 3502 1261 3566 eruditam,
1306 3515 1409 3553 vox
1451 3497 1805 3553 humanitatis

227 3603 352 3649 est:
394 3595 687 3649 secundum
722 3608 883 3662 quam
905 3601 960 3647 et
992 3601 1115 3663 post
1136 3590 1442 3661 passionem
1467 3605 1533 3644 ac
1569 3602 1805 3644 resurre-

225 3688 465 3743 ctionem
481 3687 635 3752 dixit,
659 3705 678 3738 ε
712 3687 841 3741 Data
864 3695 948 3741 est
964 3685 1092 3739 mihi
1121 3691 1363 3755 potestas
1382 3682 1561 3738 omnis
1582 3679 1799 3751 (Matth.

230 3767 455 3849 xxvm):
485 3797 504 3830 ι
547 3779 817 3846 Quantum
868 3778 1012 3832 enim
1059 3775 1127 3831 ad
1170 3774 1504 3830 divinitatem
1544 3771 1801 3841 pertinet,

226 3871 407 3927 omnia
438 3870 677 3941 possidet
695 3870 1170 3926 teterualitercum
1197 3868 1379 3923 Patre.
1419 3883 1437 3917 ι
1470 3865 1663 3935 Erigit,
1699 3884 1719 3916 ι
1749 3864 1803 3920 id

226 3972 312 4018 est
338 3961 533 4028 elevat,
568 3982 587 4015 ι
608 3978 785 4027 mane,
813 3983 833 4014 ι
866 3962 968 4017 hoc
991 3970 1075 4017 est
1102 3961 1170 4017 ab
1196 3957 1419 4016 exordio
1449 3973 1583 4013 mete
1612 3956 1805 4011 nativi-

227 4055 379 4120 tatis,
404 4055 488 4110 vel
507 4055 920 4125 praedicationis.

303 4183 324 4218 ι
369 4163 524 4220 Mane
570 4165 730 4236 erigit
775 4164 906 4219 mihi
933 4178 1139 4228 aurem,
1176 4180 1196 4215 ι
1255 4162 1308 4216 id
1347 4171 1432 4217 est
1474 4160 1801 4216 intellectum

224 4255 449 4320 mentis,
486 4274 504 4305 ι
536 4262 595 4308 ιιι
627 4254 841 4308 audiam
871 4272 889 4305 ι
937 4252 1085 4308 illum
1107 4272 1124 4303 ι
1159 4252 1315 4322 quasi
1341 4251 1657 4322 magistrum
1690 4270 1705 4302 ι
1748 4260 1804 4304 ει

228 4364 297 4404 ne
319 4347 421 4402 alia
447 4347 635 4418 loquar
663 4347 764 4402 nisi
801 4363 919 4417 qua:
941 4348 1008 4402 ah
1037 4347 1127 4401 illo
1149 4345 1391 4399 audiero.
1428 4342 1503 4398 De
1538 4343 1643 4399 hoc
1672 4341 1802 4396 dicit

229 4437 411 4508 ipsein
436 4436 725 4509 Evangelio
739 4435 994 4491 Joannis:
1020 4455 1040 4486 ι
1070 4436 1181 4506 Ego
1201 4452 1231 4490 a
1256 4436 1459 4505 meipso
1481 4449 1586 4488 non
1612 4433 1804 4501 loquor

224 4529 410 4600 (Joan.
444 4528 576 4594 xw).
616 4550 633 4582 ι
666 4528 1202 4598 LoquiturDominus
1232 4543 1381 4582 more
1411 4524 1679 4596 discipuli,
1706 4526 1800 4595 qui

229 4624 494 4677 matutino
520 4633 757 4691 tempore
787 4635 824 4676 a
855 4621 1112 4693 magistro
1133 4619 1373 4674 docetur.

303 4752 325 4786 ι
364 4734 623 4789 Dominus
648 4734 790 4789 Deus
813 4733 1024 4804 aperuit
1058 4733 1187 4787 mihi
1209 4747 1414 4796 aurem,
1449 4752 1467 4784 ι
1499 4732 1552 4787 id
1581 4741 1665 4787 est
1718 4732 1799 4786 in-

232 4827 600 4899 telligentiam.
655 4847 673 4880 t
706 4828 819 4898 Ego
844 4836 1024 4882 autem
1060 4842 1166 4883 non
1196 4827 1525 4891 contradico,
1558 4846 1574 4879 ι
1630 4826 1686 4881 id
1714 4838 1801 4881 est

229 4931 419 4974 contra
448 4921 774 4976 voluntatem
806 4921 947 4974 illius
967 4936 1073 4975 non
1105 4935 1224 4989 ago.
1276 4939 1294 4970 ι
1326 4918 1644 4973 Retrorsum
1693 4934 1798 4974 non

229 5014 363 5078 abii,
397 5032 414 5065 ι
448 5014 553 5068 hoc
597 5020 681 5068 est
723 5029 754 5068 a
791 5012 1065 5068 voluntate
1088 5012 1233 5067 illius
1276 5027 1383 5067 non
1423 5011 1643 5078 recessi,
1672 5013 1799 5083 quia

229 5116 349 5170 qnte
374 5101 570 5174 placita
597 5111 723 5159 sunt
745 5103 793 5159 ei
817 5102 956 5158 facio
987 5118 1220 5173 semper.

305 5235 324 5267 ι
368 5216 576 5287 Corpus
601 5234 779 5273 meum
829 5217 949 5274 dedi
976 5218 1417 5290 percutientibus,
1448 5239 1466 5271 ι
1509 5217 1710 5275 Iudaeis
1745 5227 1804 5274 et

231 5306 493 5361 militibus
520 5306 798 5370 Romanis,
823 5322 922 5378 pro
939 5308 1112 5364 salute
1139 5308 1353 5379 generis
1371 5308 1592 5363 humani
1617 5308 1797 5378 (Joan.

233 5402 375 5471 vm),
421 5420 441 5451 ‹
485 5408 541 5454 ει
564 5414 731 5468 genas
754 5415 903 5455 meas
928 5400 1267 5457 vellentibus.
1301 5420 1320 5452 ι
1353 5399 1516 5456 Cena:
1535 5408 1661 5455 sunt
1686 5399 1798 5456 loca

1828 4624 1879 4684 D

1906 3391 2021 3446 triti
2050 3398 2178 3446 sunt
2201 3391 2616 3447 advenientibus
2639 3391 2921 3455 Romanis,
2949 3392 3078 3447 etin
3102 3392 3215 3461 ipsa
3238 3391 3470 3448 tribula-

1905 3483 2052 3539 tione
2072 3484 2288 3553 propria
2323 3484 2656 3541 conscientia
2695 3484 3086 3554 torquebantur
3108 3500 3174 3541 eo
3199 3486 3340 3556 quod
3370 3502 3478 3544 non

1903 3572 2261 3628 credidissent
2306 3572 2363 3628 in
2392 3572 2631 3627 Christo.
2686 3571 2779 3628 Vel
2824 3574 2988 3630 etiam
3024 3575 3185 3639 modo
3212 3575 3376 3645 positi
3429 3576 3484 3631 in

1902 3664 2080 3733 pcenis
2106 3664 2324 3729 inferni,
2365 3665 2738 3722 recordatione
2761 3666 2990 3736 propria:
3009 3668 3354 3723 conscientia:
3375 3676 3479 3721 tor.

1903 3764 2157 3824 queatur.

1980 3866 2000 3900 ε
2019 3848 2152 3915 Quis
2174 3865 2243 3905 ex
2261 3850 2414 3905 vobis
2436 3867 2452 3900 ι
2481 3849 2786 3906 inﬁdelibus
2803 3849 3004 3906 Judmis
3030 3870 3047 3901 ε
3068 3851 3264 3908 timens
3289 3851 3481 3914 Deum.

1904 3940 2149 4004 audiens,
2178 3967 2194 3989 ο
2217 3942 2270 3996 id
2282 3948 2386 4005 est,
2410 3941 2714 4011 intelligens
2737 3959 2759 3995 ι
2783 3956 2968 3997 vocem
2988 3943 3129 3998 servi
3151 3942 3256 4007 sui,
3283 3962 3301 3995 ι
3318 3942 3378 3998 id
3398 3952 3485 3999 est

1902 4032 2023 4089 Filii
2047 4035 2150 4101 sui,
2174 4036 2440 4090 dicentis:
2472 4050 2491 4085 ι
2510 4032 2894 4104 Paenitentiam
2920 4035 3063 4108 agite
3082 4034 3298 4105 (Matth.
3323 4034 3433 4106 tv):
3459 4054 3479 4088 ι

1902 4133 1961 4178 ει
1983 4140 2087 4195 Ope
2116 4125 2408 4194 adimplet?
2433 4123 2638 4182 Nullus.“
2670 4126 2788 4181 Duo
2816 4137 2942 4181 sunt
2966 4127 3221 4191 timores,
3271 4126 3391 4183 dua:
3427 4138 3484 4182 et

1904 4218 2213 4271 servitutes.
2260 4217 2355 4271 Est
2382 4217 2544 4272 timor
2580 4218 2793 4272 servilis
2835 4233 2945 4288 quo
2981 4218 3136 4272 timet
3173 4232 3363 4273 servus
3388 4218 3483 4273 do—

1903 4306 2131 4368 minum,
2157 4307 2353 4359 timens
2375 4305 2630 4377 ﬂagellari
2659 4308 2728 4362 ah
2756 4306 2876 4371 illo;
2898 4315 2983 4362 est
3000 4313 3055 4361 ει
3076 4309 3239 4363 timor
3257 4309 3481 4372 amoris.

1903 4412 2012 4468 quo
2033 4398 2186 4451 timet
2215 4396 2354 4451 ﬁlius
2379 4404 2589 4467 patrem
2608 4438 2624 4462 ,
2662 4412 2887 4467 sperans
2910 4397 2979 4451 ah
3001 4396 3090 4452 illo
3112 4397 3483 4463 haereditatem

1905 4488 2167 4557 accipere.
2194 4486 2269 4541 De
2294 4502 2403 4556 quo
2434 4486 2627 4542 timore
2654 4488 2743 4542 hic
2772 4486 3011 4557 loquitur
3033 4487 3100 4542 ad
3125 4484 3358 4553 Judzeos,
3389 4490 3484 4560 qui

1906 4580 2017 4635 Deo
2051 4581 2257 4634 servire
2299 4595 2354 4635 et
2392 4580 2584 4636 timere
2620 4580 2918 4635 debuerant
2949 4594 2964 4633 :
2991 4589 3258 4650 quatenus
3288 4580 3358 4635 ab
3391 4580 3484 4637 illo

1904 4671 2272 4726 baereditatem
2323 4671 2512 4740 patriae
2554 4670 2791 4726 caelestis
2833 4679 3172 4726 mererentur
3212 4672 3479 4742 accipere.

1905 4762 1981 4818 De
2007 4764 2113 4817 hoc
2132 4763 2294 4817 etiam
2318 4762 2513 4817 timore
2541 4761 2739 4817 dicitur
2758 4780 2777 4815 :
2814 4780 2835 4813 ι
2862 4761 3074 4818 Initium
3103 4764 3382 4833 sapientia:
3417 4764 3485 4820 ti—

1906 4868 2025 4909 mor
2048 4854 2260 4909 Domini
2292 4851 2484 4924 (Prov.
2510 4853 2581 4923 t).
2607 4873 2627 4907 ι
2659 4854 2723 4909 Et
2751 4870 2765 4907 :
2800 4872 2822 4905 ι
2851 4852 3038 4909 Timor
3064 4855 3274 4910 Domini
3299 4857 3480 4912 omnia

1906 4955 2125 5016 superat
2153 4943 2322 5017 (Eccl.
2352 4947 2500 5016 xxv),
2533 4965 2554 4998 ι
2589 4954 2644 5001 ει
2671 4956 2867 5001 cetera
2891 4946 2976 5001 his
2996 4946 3214 5002 similia.
3240 4944 3478 5016 Subiun-

1907 5039 2052 5107 gitur
2075 5054 2205 5109 ergo
2228 5039 2295 5094 de
2317 5039 2432 5108 ipso
2451 5038 2590 5094 Filio
2611 5039 2729 5103 Dei,
2756 5047 2810 5095 et
2834 5039 3030 5094 dicitur
3056 5055 3100 5091 τι
3123 5038 3274 5105 Quis,
3298 5057 3317 5090 ι
3348 5039 3478 5096 sub-

1905 5129 2060 5183 audis
2096 5128 2263 5183 Filius
2291 5126 2408 5192 Dei,
2436 5147 2455 5180 ι
2483 5128 2780 5183 ambulavit
2805 5128 2858 5182 in
2888 5126 3142 5188 tenebris,
3174 5134 3232 5181 et
3261 5142 3367 5183 non
3395 5137 3482 5184 est

1904 5218 2084 5273 lumen
2108 5219 2181 5281 ei,
2210 5237 2228 5269 ι
2270 5218 2322 5273 id
2354 5227 2440 5273 est
2488 5218 2658 5288 gloria
2699 5220 2752 5273 in
2790 5218 2881 5274 illo
2913 5217 3141 5287 populo,
3184 5218 3326 5274 sicut
3363 5219 3477 5287 ipse

1904 5310 2077 5364 dixit:
2114 5328 2133 5360 ι
2157 5307 2326 5365 Nemo
2346 5310 2608 5381 propheta
2641 5319 2725 5366 est
2761 5312 2879 5364 sine
2913 5310 3139 5372 honore,
3165 5310 3269 5365 nisi
3303 5310 3356 5365 in
3385 5324 3477 5379 pa-

1905 5401 2009 5458 tria
2056 5415 2150 5455 sua
2180 5399 2406 5471 (Matth.
2435 5417 2568 5466 xttt;
2609 5400 2780 5454 Marc.
2826 5415 2910 5465 vt;
2942 5398 3068 5453 Luc.
3109 5414 3161 5453 tv
3176 5399 3217 5469 ).
3256 5417 3276 5450 ι
3322 5396 3477 5466 Quod

234 5492 327 5547 ubi
355 5492 590 5563 primum
615 5490 785 5546 barba
813 5491 1052 5546 nascitur
1077 5506 1094 5544 :
1128 5502 1255 5547 tunc
1291 5490 1440 5546 dedit
1478 5506 1642 5562 genas
1674 5506 1802 5547 suas
1899 5506 2035 5561 ergo
2055 5491 2234 5547 lumen
2252 5492 2337 5546 vel
2358 5507 2479 5562 qua:
2490 5492 2657 5563 gloria
2670 5500 2787 5545 erat
2803 5489 2941 5544 Filio
2964 5489 3059 5545 Dei
3081 5488 3296 5558 quando
3312 5501 3480 5545 cons-

234 5584 350 5639 sive
386 5583 610 5638 barbam
640 5582 707 5636 ad
738 5580 1060 5645 vellendum,
1096 5581 1312 5652 quando
1361 5578 1679 5637 velaverunt
1718 5582 1808 5637 fa-
1905 5580 2236 5651 puebaturet
2256 5582 2497 5652 colaphis
2510 5580 3116 5637 caedebaturmicamus
3134 5587 3185 5635 et
3211 5578 3389 5643 aliter,
3408 5576 3479 5632 ad

232 5665 372 5730 ciem
399 5673 534 5744 ejus,
561 5681 616 5728 et
643 5672 844 5728 dabant
862 5672 912 5727 ei
940 5670 1138 5741 alapas,
1171 5670 1260 5727 illo
1278 5686 1384 5725 non
1405 5680 1801 5727 contemnente.
1902 5672 2134 5744 gentiles
2173 5674 2278 5730 hoc
2308 5673 2619 5730 referentes.
2647 5672 2749 5739 Qui
2778 5672 2994 5742 gentilis
3037 5668 3264 5742 populus
3291 5667 3478 5724 ambu-

239 5780 265 5819 ι
306 5763 543 5831 Faciem,
578 5784 599 5816 ι
643 5764 695 5820 id
726 5771 811 5818 est
839 5762 1212 5831 paenitentiam
1242 5776 1439 5827 meam,
1485 5762 1567 5817 vel
1610 5762 1805 5818 faciem
1906 5763 2037 5818 lavit
2064 5764 2119 5819 in
2144 5764 2381 5821 tenebris
2415 5762 2772 5825 inﬁdelitatis,
2815 5771 2872 5816 et
2914 5775 3020 5817 non
3053 5766 3172 5816 erat
3204 5759 3255 5814 ei
3294 5757 3480 5814 lumen

234 5858 477 5930 corporis
507 5875 525 5910 ι
563 5872 667 5912 non
696 5857 867 5913 averti
908 5875 925 5909 ι
969 5856 1081 5911 sive
1112 5870 1219 5910 non
1262 5853 1528 5927 declinavi
1580 5873 1597 5905 ‹
1631 5856 1695 5908 ab
1724 5853 1804 5909 in-
1909 5855 1963 5908 in
2002 5854 2183 5919 corde,
2211 5853 2261 5908 id
2291 5862 2370 5907 est
2395 5852 2670 5915 Christus,
2701 5851 2789 5923 qui
2829 5851 2966 5907 dixit
2999 5868 3014 5905 :
3049 5869 3069 5904 ι
3094 5849 3209 5921 Ego
3239 5861 3359 5904 sum
3384 5846 3474 5905 lux
