4016 6464
587 445 693 510 973

586 560 775 623 mundi
800 537 980 639 (doau.
1010 570 1175 638 \lt'l).)
1205 562 1313 621 Sed
1342 566 1467 635 quid
1497 564 1870 635 sultjungitur?
1897 563 2019 618 Ideo
2041 578 2167 633 ergo
2197 573 2241 631 Α

589 660 714 730 quia
748 674 854 713 non
888 668 973 712 est
1001 659 1048 711 ei
1080 657 1277 717 lumen,
1312 656 1397 710 vel
1425 656 1490 709 de
1519 655 1754 719 Christo,
1785 655 1868 708 vel
1893 654 1958 708 de
1980 654 2163 724 gentili

588 734 815 820 populo,
848 768 869 797 ς
896 748 1085 817 Speret
1110 747 1161 800 in
1186 749 1409 800 nomine
1436 745 1672 809 Domini,
1711 753 1764 798 ct
1791 744 2050 798 innitatur
2078 744 2183 797 δυο·

589 828 695 909 per
724 839 1008 894 Dominum
1043 853 1196 891 suum
1221 878 1234 899 ,
1267 856 1284 886 ι
1340 836 1625 890 subaudis:
1655 844 1709 888 et
1738 843 1862 888 tunc
1888 834 2071 888 veniet
2098 834 2164 888 ad

589 930 768 985 lumen
797 929 974 1001 gaudii
1005 938 1060 983 et
1086 929 1284 982 laetitia:
1311 942 1463 981 meae.

657 1011 684 1073 ἰ
713 1023 850 1076 Ecce
878 1037 1067 1075 omnes
1104 1035 1197 1074 vos
1229 1039 1246 1071 ι
1293 1019 1462 1074 ,Ιιιόλρί
1501 1037 1518 1070 ‹
1550 1020 1904 1073 aecendentes
1932 1018 2107 1088 ignem
2142 1035 2159 1068 ι

588 1103 850 1178 invidiae,
897 1112 981 1165 vel
1023 1112 1199 1182 ignem
1240 1110 1557 1165 vastationis
1595 1119 1780 1164 contra
1818 1125 1912 1163 vos
1950 1116 2167 1178 propter

587 1200 807 1272 peccata
842 1212 1040 1267 vestra,
1086 1221 1103 1250 ι
1134 1209 1186 1255 et
1221 1201 1446 1256 accincti
1487 1200 1735 1264 ﬂammis,
1768 1218 1787 1250 ι
1838 1200 1890 1253 id
1921 1208 2025 1261 est,
2056 1198 2165 1252 Cll"-

589 1293 823 1347 eumdati
851 1294 1101 1362 peccatis.
1135 1293 1310 1362 ignem
1333 1332 1347 1356 ,
1378 1307 1483 1360 quo
1514 1306 1768 1346 succensa
1801 1296 1883 1343 est
1912 1289 2102 1342 civitas
2133 1304 2166 1341 a

588 1382 865 1448 Romanis,
898 1384 998 1453 ipsi
1026 1383 1405 1446 accenderunt,
1431 1382 1643 1451 quando
1667 1380 1857 1433 Filium
1882 1378 1975 1432 Dei
2006 1376 2167 1432 morti

590 1474 951 1538 tradiderunt,
974 1473 1216 1527 succensi
1244 1472 1361 1542 igne
1384 1472 1480 1525 zeli
1502 1481 1558 1525 et
1580 1470 1790 1525 invidia:
1808 1478 1996 1524 contra
2019 1482 2162 1523 eum.

589 1566 715 1621 ideo
742 1582 869 1636 ergo
906 1565 1036 1619 dicit
1079 1564 1303 1618 accincti
1350 1548 1608 1625 ﬂammis,
1645 1561 1769 1631 quia
1813 1561 1953 1615 sicut
1987 1558 2167 1627 justus

588 1657 812 1728 quilibet
842 1657 1210 1711 circumdatur
1232 1655 1541 1720 virtutibus,
1576 1656 1646 1709 ita
1688 1662 1939 1723 peccator
1972 1652 2168 1721 iniqui-

588 1746 810 1801 tatibus.
847 1765 864 1796 ‹
894 1744 1177 1800 Ambulate
1205 1746 1257 1798 iu
1296 1744 1496 1798 lumine
1528 1744 1666 1814 ignis
1698 1742 1883 1806 vestri,
1915 1761 1935 1792 ›
1976 1741 2031 1794 id
2060 1747 2163 1805 est,

587 1839 640 1893 in
672 1837 1012 1893 tribulatione
1038 1838 1367 1908 captivitatis
1395 1853 1555 1907 quam
1586 1837 1735 1891 vobis
1760 1836 2020 1906 parastis,
2067 1855 2085 1885 c
2111 1843 2165 1889 et

1054 448 1406 506 HATMONIS
1446 445 1924 504 HALBERSTAT.
1966 446 2176 503 EPISC.
2220 445 2368 501 Oi’i’.
2413 445 2589 501 PARS
2628 446 2666 501 l.
2707 475 2776 485 —
2810 442 3161 501 COMMENT.
3200 442 3370 498 BIBL.

3750 441 3860 496 975

2346 584 2364 616 ι
2392 562 2765 619 Consolabitur
2791 579 2981 618 euntes
3010 558 3195 616 ruinas
3223 561 3360 631 ejus.
3391 580 3413 611 ι
3444 559 3523 615 De
3545 565 3858 632 gentilitate

2265 652 2330 707 ad
2355 652 2512 708 ﬁdem
2542 652 2818 706 venientes
2844 659 2900 705 et
2929 665 3022 705 eas
3046 650 3344 719 complens.
3383 651 3451 705 Et
3486 661 3573 705 est
3613 666 3811 705 sensus
3837 670 3850 702 ;

2263 742 2374 812 Ego
2399 743 2537 796 Deus
2556 741 2896 809 omnipotens
2917 740 3006 807 qui
3030 740 3161 793 olim
3172 739 3442 793 Abraham
3466 738 3853 807 multiplicavi,

2263 815 2479 900 possum
2511 832 2674 885 etiam
2705 829 2975 885 consolari
3002 829 3332 894 Ecclesiam,
3374 837 3429 883 et
3470 844 3671 898 augere
3709 829 3856 884 ﬁlios

2263 925 2398 990 eius.
2439 944 2458 977 ι
2488 925 2555 978 Ει
2590 933 2752 994 ponet
2805 924 3078 977 desertum
3113 921 3261 991 ejus,
3291 940 3313 971 ι
3349 919 3402 972 id
3431 926 3518 973 est
3559 918 3857 988 primitiva:

2266 1015 2537 1080 Ecclesiae,
2576 1034 2594 1066 ι
2627 1016 2780 1084 quasi
2808 1014 3047 1077 delicias,
3079 1021 3134 1067 et
3159 1011 3505 1066 solitudinem
3544 1010 3667 1080 cjns
3694 1011 3858 1079 quasi

2265 1107 2479 1161 hortum
2511 1099 2743 1169 Domini,
2774 1125 2791 1156 ι
2818 1105 2921 1158 hoc
2949 1113 3052 1165 est,
3080 1116 3198 1171 qua:
3225 1111 3382 1155 antea
3417 1102 3635 1155 deserta
3664 1112 3789 1155 erat
3824 1118 3855 1155 a

2266 1202 2409 1264 Deo,
2438 1200 2595 1256 idest
2642 1199 2899 1253 derelicta
2922 1206 2975 1251 et
3012 1198 3065 1251 in
3093 1195 3435 1250 solitudinem
3466 1194 3728 1258 redacta,
3758 1193 3857 1248 hac

2265 1294 2387 1348 beat
2413 1293 2465 1346 in
2496 1307 2554 1348 se
2584 1291 2941 1346 habitatorem
2972 1290 3159 1354 Deum,
3187 1298 3242 1342 et
3270 1287 3514 1358 proferat
3547 1287 3716 1340 liores
3747 1288 3856 1340 vir-

2268 1392 2460 1449 tutum,
2502 1392 2555 1437 et
2599 1383 2805 1437 fructus
2848 1382 3003 1435 bona:
3039 1380 3388 1450 operationis.
3437 1398 3455 1429 ι
3484 1377 3763 1433 Gaudium
3803 1389 3855 1433 et

2267 1473 2448 1527 lzetitia
2478 1473 2783 1527 invenietur
2811 1473 2862 1526 in
2894 1486 2976 1525 ea.
3010 1470 3319 1524 Gratiarum
3347 1469 3493 1522 actio
3520 1475 3577 1521 et
3607 1484 3708 1523 vox
3748 1470 3852 1522 Ian.

2267 1564 2369 1619 dis.
2402 1581 2419 1614 ι
2449 1563 2555 1618 Pro
2579 1563 2853 1617 beneﬁciis
2880 1562 2983 1615 sibi
3009 1577 3039 1614 tt
3063 1560 3173 1614 Deo
3195 1558 3423 1614 collatis.
3453 1559 3521 1613 Et
3546 1563 3681 1627 quia
3706 1561 3851 1614 rede-

2266 1653 2367 1708 mit
2411 1667 2531 1708 eam
2562 1656 2819 1724 sanguine
2854 1650 3124 1722 passionis
3163 1666 3293 1715 suae,
3329 1650 3536 1719 gratias
3567 1650 3779 1705 referet
3803 1654 3844 1705 ei

2265 1752 2322 1797 et
2343 1743 2528 1799 laudes
2553 1744 2675 1797 ﬁdei
2699 1758 2763 1797 ac
2789 1741 3161 1797 confessionis.

2342 1850 2361 1882 ι
2390 1831 2669 1886 Attendite
2705 1830 2772 1885 ad
2834 1845 2919 1884 me
2948 1829 3173 1898 pepulus
3212 1845 3389 1894 meus,
3415 1849 3431 1880 ι
3491 1828 3544 1899 id
3592 1840 3685 1885 est
3725 1846 3836 1900 aps:-

585 1929 640 1983 in
669 1926 902 1983 ﬂammis
932 1949 949 1980 ι
987 1928 1304 1983 vastationis
1324 1936 1378 1982 et
1405 1927 1635 1981 miseriae
1678 1943 1698 1977 σ
1723 1941 1858 1995 quas
1885 1926 2164 1981 succendi—
2193 1919 2238 1978 Β
2267 1919 2388 1972 διοῑί
2417 1918 2542 1982 mei.
2572 1937 2591 1969 ί
2623 1927 2678 1972 et
2717 1918 2890 1972 tribus
2927 1932 3063 1977 mea.
3097 1937 3116 1968 ι
3170 1917 3223 1970 id
3261 1925 3365 1981 εει,
3397 1920 3491 1987 qui
3536 1920 3842 1974 credédislis

584 2020 702 2075 stis.
735 2020 812 2074 De
860 2036 1020 2075 manu
1050 2037 1191 2085 mea,
1221 2039 1239 2071 ι
1288 2021 1339 2073 id
1383 2027 1464 2074 est
1501 2018 1569 2072 de
1607 2018 1846 2088 potentia
1872 2032 2012 2082 mea,
2043 2016 2168 2072 sub-

586 2114 741 2169 audis
768 2114 870 2169 hoc
900 2113 1095 2169 malum
1120 2114 1292 2177 vobis,
1318 2129 1350 2167 ο
1377 2111 1678 2181 ἰηψίἱωίιηί
1708 2109 1898 2165 Judaei.
1927 2109 2058 2165 Tale
2084 2118 2167 2164 est

586 2208 693 2261 hoc
715 2206 856 2275 quod
889 2206 994 2259 alio
1023 2206 1073 2259 in
1105 2205 1224 2260 loco
1250 2204 1446 2259 dicitur
1471 2221 1484 2256 :
1520 2202 1576 2257 Si
1603 2210 1686 2257 est
1721 2201 1917 2256 malum
1938 2200 2003 2253 in
2029 2194 2164 2254 civi-

587 2306 695 2351 tate
726 2297 873 2366 quod
900 2295 1157 2350 Dominus
1189 2312 1294 2349 non
1328 2294 1455 2349 fecit
1484 2293 1685 2364 (Amas.
1723 2292 1833 2379 in);
1864 2286 1894 2341 ἰ
1925 2291 1979 2345 in
2018 2288 2166 2344 dolo-

585 2386 753 2450 ribus,
788 2406 805 2436 »
840 2386 1097 2442 subaudis
1121 2386 1432 2439 vastationis
1452 2394 1504 2438 et
1525 2382 1903 2453 captivitatis,t
1934 2381 2163 2436 dormie-

583 2477 680 2541 ris,
705 2495 725 2530 ι
761 2476 844 2532 vel
875 2476 1148 2530 doloribus
1179 2474 1372 2529 inferni
1398 2474 1642 2543 iacentes
1671 2474 1772 2527 ista
1808 2470 2161 2534 sustinebitis,

584 2564 833 2622 videlicet
862 2564 1134 2621 ﬂammam
1161 2574 1214 2620 et
1246 2566 1422 2634 ignem
1457 2562 1835 2617 tribulationis.

1208 2721 1431 2779 CAPUT
1471 2720 1554 2776 LI.

658 2852 675 2882 ι
706 2833 916 2896 Audite,
950 2833 1041 2902 qui
1068 2833 1351 2904 sequimini
1380 2832 1520 2902 quod
1545 2830 1749 2900 justum
1775 2836 1860 2884 est
1890 2837 1941 2884 et
1967 2829 2162 2899 quarri-

586 2924 655 2977 tis
681 2924 984 2978 Dominum.
1018 2944 1034 2975 ι
1071 2923 1334 2994 Superius
1368 2924 1578 2978 locutus
1605 2931 1690 2977 est
1722 2930 1911 2976 contra
1949 2920 2162 2975 Iudaeos

578 3013 911 3079 incredulos,
951 3016 1042 3084 qui
1078 3016 1130 3068 in
1173 3014 1486 3069 inﬁdelitate
1523 3022 1982 3084 permanserunt:
2018 3027 2161 3067 nunc

571 3105 875 3173 alloquitur
904 3106 1174 3174 apostolus
1199 3115 1255 3160 et
1289 3119 1502 3159 omnem
1531 3106 1754 3160 chorum
1786 3105 2157 3162 credentium:

580 3196 778 3250 Audite
805 3196 1023 3266 (inquit)
1066 3209 1172 3261 me,
1208 3212 1242 3251 o
1271 3196 1519 3265 apostoli,
1557 3197 1609 3251 id
1636 3205 1720 3251 est
1743 3197 2024 3252 audientes
2052 3211 2157 3261 me,

581 3285 864 3355 intelligite
890 3300 1008 3354 quae
1033 3285 1152 3340 dico
1177 3304 1189 3339 :
1219 3287 1317 3357 qui
1347 3287 1632 3356 sequimini
1672 3295 1724 3341 et
1754 3288 1844 3357 qui
1875 3287 2159 3341 imitamini
2191 3285 2235 3345 C

579 3392 677 3449 per
702 3376 859 3432 ﬁdem
889 3377 1030 3447 quod
1054 3378 1261 3447 justum
1287 3386 1387 3440 est,
1423 3377 1475 3432 id
1499 3384 1581 3432 est
1606 3376 1904 3443 Christum,
1936 3386 1991 3433 et
2013 3393 2157 3448 qua:-

546 3480 549 3483 '
581 3470 701 3525 ritis
722 3470 1005 3524 Dominum
1024 3469 1128 3523 ﬁde
1148 3479 1201 3523 et
1223 3468 1524 3531 devotione,
1550 3476 1604 3523 ct
1626 3484 1729 3524 non
1752 3468 1901 3523 lucra
1920 3477 2153 3524 terrena.

585 3578 604 3610 ε
633 3560 929 3625 Attendite,
952 3579 971 3611 ι
992 3576 1024 3613 o
1045 3559 1279 3629 populi"
1304 3559 1370 3615 ad
1391 3570 1598 3628 petram
1622 3562 1762 3614 unde
1783 3560 1949 3615 excisi
1971 3561 2151 3623 estis”

579 3652 634 3707 id
661 3660 746 3708 est
772 3651 839 3707 ad
862 3651 1159 3715 Abraham,
1177 3651 1267 3720 qui
1296 3659 1450 3720 petra
1478 3650 1579 3705 fuit
1606 3659 1827 3720 propter
1848 3650 2157 3704 ﬁrmitatem

578 3742 728 3808 ﬁdei,
753 3743 819 3797 de
838 3757 945 3812 quo
970 3742 1333 3812 processistis,
1367 3760 1385 3791 ι
1414 3753 1467 3795 et
1492 3742 1558 3795 ad
1580 3756 1872 3796 cavernam
1905 3740 2029 3805 laci,
2053 3758 2070 3791 ι
2105 3740 2157 3793 id

550 3840 664 3888 'est
709 3834 776 3887 ad
804 3828 995 3887 Saram
1026 3830 1093 3887 de
1115 3847 1221 3902 qua
1245 3831 1409 3886 excisi
1439 3832 1587 3887 estis.
1625 3831 1717 3887 Vel
1742 3832 1937 3886 aliter:
1968 3831 2159 3887 Atten-

580 3925 692 3979 dite
709 3925 775 3979 ad
799 3920 1028 3993 petram,
1061 3924 1110 3978 id
1138 3931 1222 3977 est
1248 3924 1314 3978 ad
1336 3922 1630 3989 Christum,
1655 3925 1797 3978 unde
1816 3924 1982 3979 excisi
2005 3924 2155 3991 estis,

576 4032 608 4069 a
633 4030 739 4085 quo
762 4015 918 4071 ﬁdem
945 4015 1253 4085 accepistis,
1282 4022 1338 4068 et
1368 4031 1398 4068 a
1429 4030 1535 4083 quo
1557 4014 1847 4069 Christiani
1870 4016 2154 4070 voeamini.

579 4105 656 4158 De
695 4118 798 4173 qua
841 4113 993 4173 petra
1033 4104 1168 4158 dicit
1204 4103 1526 4173 Apostolus:
1567 4124 1583 4154 ι
1617 4103 1775 4159 Petra
1818 4115 1996 4160 autem
2043 4113 2161 4161 erat

579 4194 829 4250 Christus
858 4193 906 4266 (1
933 4191 1056 4247 Cor.
1080 4193 1158 4263 ι).
1190 4213 1208 4246 ι
1242 4194 1541 4249 Caveruam
1570 4194 1668 4250 laci
1698 4211 1981 4266 possumus
2009 4196 2161 4252 intel-

579 4283 747 4353 ligere
774 4281 912 4336 latus
940 4281 1143 4338 Christi
1170 4284 1311 4353 quod
1340 4281 1647 4352 perfossum
1672 4294 1757 4339 est
1786 4285 1993 4351 lancea,
2022 4287 2162 4341 sicut

580 4374 696 4443 ipse
707 4374 844 4429 dixit
858 4374 909 4427 in
925 4373 1137 4444 psalmo
1162 4392 1208 4429 τι
1242 4374 1515 4430 Foderunt
1540 4390 1732 4430 manus
1749 4392 1898 4432 meas
1920 4388 1973 4432 et
1994 4379 2160 4448 pedes

582 4480 730 4522 meos
770 4465 952 4536 (Pral.
986 4466 1131 4536 χχι).
1161 4484 1181 4518 ι
1226 4466 1301 4520 De
1341 4482 1449 4535 quo
1486 4467 1654 4521 excisi
1689 4483 1907 4533 sumus,
1947 4470 2159 4538 quando

577 4556 746 4612 exivit
769 4557 990 4627 sanguis
1019 4556 1405 4626 redemptionis
1430 4567 1658 4621 nostra),
1703 4565 1758 4611 et
1800 4573 1937 4626 aqua
1981 4560 2157 4628 bapti-

2267 2024 2333 2063 ex
2366 2007 2565 2063 ludatis
2603 2006 2687 2061 vel
2723 2007 2992 2078 gentibus,
3020 2025 3039 2057 ε
3075 2007 3257 2062 audite
3299 2023 3403 2063 me.
3439 2029 3458 2061 ι
3496 2009 3609 2064 Iste
3641 2019 3725 2066 est
3756 2026 3841 2081 po-

2267 2099 2444 2169 pulus,
2478 2107 2532 2153 et
2561 2086 2684 2153 istae.
2712 2086 2839 2153 sunt
2875 2098 3070 2164 tribus,
3113 2098 3178 2152 de
3204 2099 3403 2168 quibus
3428 2098 3658 2156 Gabriel
3686 2101 3843 2170 loqui-

2268 2200 2355 2244 tur
2383 2191 2448 2244 ad
2478 2189 2677 2260 Ioseph
2706 2208 2718 2221 -
2750 2209 2770 2240 ι
2798 2190 2916 2259 Ipse
2944 2192 3087 2245 enim
3138 2191 3342 2246 salvum
3395 2190 3565 2248 faciet
3599 2195 3839 2265 populum

2265 2296 2421 2336 suum
2458 2296 2487 2334 a
2514 2281 2757 2350 peccatis
2788 2296 2977 2336 eorum
3007 2279 3223 2350 (Manli.
3254 2280 3317 2353 l).
3346 2300 3365 2332 ι
3408 2281 3478 2336 Et
3508 2284 3639 2352 quid
3662 2286 3836 2354 praeci-

2264 2373 2342 2442 pit
2374 2381 2431 2427 ut
2462 2373 2718 2427 audiant?
2748 2391 2769 2424 ι
2802 2372 2939 2439 Quia
2967 2372 3072 2437 lex,
3109 2389 3129 2423 ι
3158 2372 3355 2442 inquit,
3387 2374 3652 2429 subaudis
3672 2376 3828 2428 Evan-

2272 2466 2423 2535 gelii,
2455 2484 2473 2516 ι
2517 2482 2547 2521 a
2576 2481 2662 2520 me
2687 2466 2852 2530 exiet,
2880 2476 2934 2521 ct
2961 2466 3223 2535 judicium
3261 2482 3473 2532 meum,
3510 2489 3528 2519 ι
3559 2470 3608 2522 id
3641 2478 3715 2522 est
3738 2470 3819 2521 de-

2264 2564 2495 2621 cretum,
2520 2574 2539 2607 ι
2586 2555 2641 2610 in
2669 2556 2868 2621 lucem,
2904 2574 2920 2606 ι
2947 2555 3049 2612 hoc
3087 2565 3192 2621 est,
3240 2556 3294 2611 in
3326 2557 3496 2612 ﬁdem
3536 2559 3824 2629 populorum

2270 2667 2286 2700 ι
2322 2648 2624 2717 requiescet
2669 2648 2760 2718 qni
2801 2649 2854 2702 in
2886 2648 3120 2705 tenebris
3156 2669 3177 2703 ι
3222 2648 3565 2705 inﬁdelitatis
3593 2670 3614 2701 ι
3641 2661 3787 2706 erant
3810 2670 3827 2700 ι

2258 2739 2412 2810 juxta
2463 2738 2637 2793 illud:
2673 2757 2691 2792 σ
2724 2738 2960 2809 Populus
3004 2740 3097 2809 qui
3149 2738 3463 2795 ambulabat
3504 2741 3558 2794 in
3616 2742 3831 2797 tenebris

2263 2830 2398 2903 vidit
2425 2828 2600 2883 lucem
2629 2844 2878 2899 magnam
2907 2827 3060 2900 (Isai.
3091 2829 3193 2899 ix).
3228 2848 3246 2879 ι
3268 2827 3540 2884 Iudicium
3568 2830 3829 2885 discretio-

2265 2920 2348 2975 nis
2376 2919 2502 2986 i‘uit,
2542 2927 2602 2973 ut
2635 2918 2835 2974 Judzeis
2881 2919 3186 2974 nolentibus
3230 2920 3473 2985 credere,
3504 2921 3743 2990 gentiles
3779 2920 3835 2973 ad

2265 3012 2425 3066 ﬁdem
2471 3020 2815 3068 vocarentur.
2865 3012 2990 3067 llaec
3037 3026 3157 3081 qua:
3202 3012 3456 3077 diximus,
3505 3030 3574 3068 ex
3613 3029 3836 3084 persona

2262 3099 2384 3155 Filii
2413 3100 2506 3156 Dei
2536 3100 2742 3171 prolata
2763 3109 2927 3155 sunt:
2956 3101 3059 3157 hoc
3090 3116 3220 3159 vero
3262 3103 3399 3172 quod
3439 3104 3717 3173 sequitur,
3744 3119 3838 3159 vox

2263 3191 2440 3245 Patris
2461 3200 2543 3247 est
2573 3192 2637 3247 de
2649 3190 2804 3246 Filio.

2344 3303 2363 3335 ι
2394 3283 2569 3355 Prope
2610 3292 2694 3340 est
2720 3283 2903 3354 justus
2946 3299 3121 3351 meus,
3155 3304 3175 3336 ι
3228 3285 3280 3341 id
3317 3293 3414 3350 est,
3450 3300 3620 3356 prope
3652 3295 3742 3341 est
3770 3284 3836 3339 ut

2258 3386 2513 3431 nascatur
2553 3391 2641 3439 ει,
2664 3375 2875 3446 virgine
2906 3374 3075 3430 Filius
3104 3390 3257 3431 meus
3287 3393 3300 3427 :
3333 3390 3482 3449 «(non
3523 3375 3838 3432 morabitur

2257 3468 2507 3537 amplius.
2539 3468 2801 3539 Egressus
2850 3476 2932 3521 est
2962 3466 3212 3523 Salvator
3239 3482 3412 3533 meus,
3441 3486 3461 3519 ι
3500 3468 3554 3522 id
3594 3476 3682 3522 est
3722 3468 3840 3539 jam

2257 3574 2289 3612 a
2315 3573 2401 3613 me
2429 3559 2676 3628 genitus:
2701 3558 3011 3629 egredietur
3058 3565 3301 3628 tempore
3325 3575 3358 3614 a
3384 3569 3578 3615 matre.
3629 3559 3840 3616 Justum

2259 3647 2489 3717 appellat
2522 3647 2783 3701 Dominus
2831 3656 2987 3716 pater
3014 3646 3184 3701 ﬁlium
3232 3664 3389 3703 suum
3419 3659 3471 3704 et
3500 3650 3839 3713 Savatorem,

2259 3736 2383 3805 quia
2401 3751 2498 3805 per
2523 3736 2668 3789 illum
2688 3736 2950 3806 justiﬁcat
2983 3746 3038 3791 et
3058 3736 3233 3793 salvat
3258 3754 3449 3794 omnes
3469 3740 3675 3796 electos
3696 3756 3841 3796 suos.

2260 3828 2412 3895 Quod
2446 3836 2626 3881 autem
2656 3827 2948 3898 subiungit,
2971 3847 2988 3879 ι
3018 3837 3072 3884 et
3092 3829 3314 3884 brachia
3342 3846 3463 3886 mea
3494 3832 3725 3902 populos
3751 3834 3838 3903 jn-

2261 3918 2539 3981 dicabunt,
2571 3937 2590 3969 ι
2636 3917 2907 3987 apostolos
2934 3918 3047 3973 vult
3074 3918 3295 3991 intelligi
3322 3929 3378 3975 et
3405 3918 3737 3991 apostolicos
3762 3924 3839 3978 ῆι

2262 4022 2368 4071 ros,
2406 4008 2497 4078 qui
2520 4007 2814 4075 judicaturi
2842 4020 2970 4063 sunt
2997 4024 3189 4065 omnes
3210 4019 3399 4081 gentes
3429 4012 3483 4067 in
3505 4014 3595 4068 die
3624 4014 3843 4082 judicii:

2263 4098 2406 4153 sicut
2443 4100 2558 4168 ipse
2587 4099 2847 4153 Dominus
2871 4100 3138 4170 promisit,
3168 4103 3356 4158 dicens
3383 4119 3397 4157 :
3431 4124 3450 4154 ι
3472 4104 3608 4159 Cum
3649 4084 3843 4162 sederit

2261 4190 2554 4261 (inquiens)
2584 4189 2753 4243 Filius
2800 4191 3033 4245 hominis
3084 4192 3138 4246 in
3196 4193 3323 4248 sede
3376 4195 3670 4266 majestate
3720 4214 3842 4262 snt,

2262 4278 2516 4333 sedebitis
2562 4288 2616 4333 et
2650 4295 2747 4336 vos
2796 4294 2957 4348 super
3007 4272 3171 4336 sedes
3193 4283 3502 4349 duodecim,
3533 4284 3843 4354 iudicantes

2261 4372 2543 4427 duodecim
2568 4372 2736 4426 tribus
2765 4372 2929 4426 lsrael
2954 4373 3165 4444 (Matth.
3190 4375 3365 4448 xvnt).
3392 4396 3409 4427 ι
3437 4396 3455 4427 ι
3478 4377 3566 4431 Me
3593 4380 3799 4442 insulas,
3818 4398 3836 4429 ι

2262 4466 2316 4521 id
2357 4474 2439 4522 est
2483 4467 2707 4538 gentiles
2733 4468 2813 4522 vel
2844 4468 3116 4533 Ecclesiae,
3147 4472 3630 4546 «exspectabunt,
3664 4496 3682 4525 ο
3708 4475 3839 4527 sicut

2262 4558 2428 4614 Jacob
2450 4560 2584 4615 dixit
2612 4574 2626 4613 :
2662 4578 2679 4609 ί
2714 4558 2830 4614 Non
2860 4561 3071 4615 deﬁciet
3099 4561 3354 4631 princeps
3389 4576 3458 4616 ex
3486 4559 3660 4630 Juda,
3683 4566 3840 4619 donec

580 4646 788 4701 smatis.
830 4646 1124 4702 Possumus
1165 4648 1330 4702 etiam
1377 4662 1667 4702 cavernam
1712 4649 1813 4703 laci
1859 4651 2155 4720 intelligere
2190 4634 2234 4692 D
2261 4652 2441 4707 veniat
2482 4652 2573 4722 qui
2618 4652 2913 4707 mittendus
2959 4663 3042 4707 est
3079 4670 3092 4705 :
3123 4662 3179 4708 et
3225 4654 3340 4723 ipse
3386 4656 3497 4709 erit
3515 4656 3847 4727 exspectatio

580 4737 886 4806 sepulcrum
911 4736 1144 4803 Domini,
1183 4738 1250 4792 de
1276 4752 1405 4807 quo,
1434 4738 1548 4807 ipse
1574 4751 1881 4809 resurgens,
1913 4741 2158 4797 innume-

581 4827 779 4883 rabiles
813 4827 950 4881 ﬁlios
975 4826 1076 4882 sibi
1102 4828 1304 4897 genuit.
1338 4828 1522 4883 Tertio
1558 4828 1722 4884 etiam
1757 4831 1939 4894 modo,
1966 4847 2154 4887 caver-

579 4932 706 4972 nam
731 4916 833 4971 laci
861 4930 1145 4986 possumus
1165 4916 1344 4972 dicere
1368 4916 1688 4982 Ecclesiam,
1711 4933 1831 4987 qua:
1850 4920 1937 4973 diu
1963 4921 2159 4975 sterilis

581 5010 703 5076 fuit,
734 5018 790 5065 et
834 5010 900 5066 de
925 5025 1031 5081 qua
1061 5009 1301 5078 quotidie
1329 5009 1650 5074 excidimur,
1686 5011 1739 5065 id
1773 5020 1856 5066 est
1887 5013 2160 5068 nascimur

576 5116 675 5173 per
701 5102 973 5156 lavacrum
1005 5100 1274 5169 baptismi.

564 5214 571 5221 ν
655 5212 675 5243 ι
702 5192 975 5248 Attendite
995 5195 1062 5248 ad
1074 5192 1347 5248 Abraham
1372 5202 1578 5264 patrem
1605 5204 1865 5262 vestrum,
1882 5206 1935 5252 et
1962 5196 2154 5254 Saram

579 5300 700 5355 qtne
724 5283 933 5355 peperit
957 5298 1072 5340 vos.
1104 5302 1124 5336 ι
1156 5284 1303 5339 idem
1333 5298 1526 5340 sensus
1555 5295 1638 5343 est
1666 5288 1756 5356 qui
1798 5297 1852 5343 et
1889 5289 2153 5358 superius,

578 5379 706 5448 quia
724 5391 914 5440 unum,
938 5375 989 5430 id
1010 5383 1096 5431 est
1125 5376 1296 5431 solum
1325 5396 1343 5428 ‹
1366 5378 1552 5432 vocavi
1573 5394 1716 5444 eum,
1738 5399 1757 5431 ι
1782 5378 1967 5449 dicens
1990 5399 2034 5435 ε(
2056 5382 2157 5436 Exi

580 5470 647 5523 de
675 5478 818 5522 terra
847 5477 938 5522 tua
968 5475 1024 5521 et
1046 5467 1368 5538 cognatione
1395 5477 1485 5523 tua
1510 5466 1659 5539 (Gen.
1683 5471 1805 5539 xu),
1826 5490 1844 5521 ι
1877 5480 1932 5526 et
1955 5484 2149 5527 cmtera

579 5572 702 5630 qua:
721 5559 792 5614 ibi
817 5567 1148 5629 sequuntur:
1187 5578 1204 5609 ς
1236 5558 1302 5613 Et
1320 5559 1571 5615 benedixi
1592 5562 1640 5616 ei
1668 5561 1722 5615 in
1752 5565 2002 5620 omnibus
2022 5580 2152 5635 ope-

579 5654 732 5708 ribus
754 5651 887 5715 suis,
916 5660 975 5706 et
1000 5650 1348 5720 multiplicavi
1372 5666 1494 5707 eum
1524 5652 1577 5707 in
1604 5667 1735 5708 auro
1755 5664 1809 5709 et
1838 5654 1979 5711 ﬁliis.
2010 5656 2151 5712 Con—

582 5743 844 5799 solabitur
869 5757 997 5816 ergo
1024 5741 1282 5797 Dominus
1318 5741 1471 5809 Sion,
1503 5764 1521 5797 ι
1558 5745 1611 5800 id
1656 5755 1740 5800 est
1777 5747 2069 5804 Ecclesiam
2102 5753 2154 5806 in

584 5833 855 5905 apostolis.
934 5866 937 5871 η
1548 5852 1551 5855 λ

2259 4745 2497 4815 gentium
2521 4742 2671 4814 (Gen.
2700 4745 2883 4813 xctx);
2920 4763 2938 4794 ι
3006 4763 3023 4794 ι
3058 4753 3112 4798 et
3138 4744 3416 4799 brachium
3449 4761 3667 4812 meum,
3702 4767 3720 4799 ι
3751 4750 3843 4803 hoc

2258 4844 2343 4889 est
2370 4833 2563 4888 Filium
2607 4848 2786 4887 meum
2820 4853 2837 4883 ε
2882 4833 3223 4888 sustinebunt
3256 4852 3275 4885 ι
3331 4849 3430 4903 per
3462 4850 3641 4904 quem
3672 4854 3795 4890 om;
3819 4854 3843 4887 ι

2262 4923 2384 4980 feci.

2338 5037 2358 5071 ι
2387 5019 2588 5073 Levate
2622 5020 2677 5073 in
2703 5018 2898 5075 caelum
2922 5018 3107 5074 oculos
3135 5026 3360 5083 vestros,
3386 5039 3404 5071 ι
3437 5024 3758 5090 ogentiles,
3780 5024 3851 5077 vel

2266 5110 2541 5177 Ecclesiae,
2587 5129 2606 5161 ς
2625 5118 2681 5165 et
2709 5110 2904 5174 videte,
2928 5129 2948 5163 ι
2985 5111 3040 5165 id
3072 5118 3155 5165 est
3204 5110 3571 5177 considerate,
3601 5115 3701 5170 vel
3723 5130 3856 5171 com—

2257 5200 2610 5272 prehendite:
2648 5201 2772 5272 quia
2800 5202 2945 5267 cmli,
2983 5221 3002 5255 ι
3031 5201 3288 5256 subaudis
3328 5202 3494 5266 aeris,
3527 5222 3550 5254 ι
3585 5206 3746 5261 sicut
3782 5206 3857 5259 fa-

2259 5312 2378 5351 mns
2405 5296 2722 5366 liquescent,
2751 5314 2770 5347 ›
2805 5296 2857 5351 id
2885 5305 2970 5351 est
2993 5305 3339 5361 evanescent,
3370 5314 3391 5347 ο
3422 5306 3479 5351 et
3533 5306 3702 5355 terra
3728 5302 3857 5355 sicut

2259 5387 2642 5441 vestimentum
2677 5395 2957 5452 atteretur,
2994 5408 3013 5440 ι
3044 5388 3150 5443 hoc
3175 5397 3260 5443 est
3287 5388 3527 5455 deﬁciet,
3567 5410 3591 5442 ι
3630 5403 3693 5448 et
3714 5393 3860 5448 habi-

2259 5485 2464 5533 tatores
2491 5477 2629 5547 ejus,
2655 5496 2673 5528 ι
2706 5477 2760 5531 id
2787 5487 2870 5532 est
2918 5493 3108 5534 omnes
3132 5478 3341 5543 bestiaa,
3375 5479 3782 5551 volucresque,
3811 5492 3864 5537 et

2259 5582 2447 5622 omnes
2472 5575 2734 5623 creaturae
2770 5584 2891 5638 qua:
2920 5569 3153 5625 inventa:
3184 5568 3383 5625 fuerint
3420 5579 3555 5626 tunc
3588 5577 3861 5646 temporis

2262 5660 2317 5714 in
2365 5676 2448 5726 ea,
2485 5680 2503 5712 ε
2533 5663 2674 5718 sicut
2705 5664 2820 5719 haec
2854 5664 3169 5730 interibunt,
3208 5685 3226 5717 ι
3283 5666 3335 5719 id
3366 5676 3450 5721 est
3492 5673 3702 5724 omnia
3754 5686 3862 5724 rno-

2263 5751 2490 5806 rientur.
2523 5754 2666 5808 Idem
2702 5765 2786 5811 est
2821 5758 2963 5826 quod
2994 5758 3249 5813 Dominus
3278 5759 3332 5813 in
3357 5759 3677 5829 Evangelia
3701 5766 3859 5820 dicit:

2238 5868 2243 5872 -
2269 5862 2288 5893 ι
2309 5844 2519 5899 Ctelum
2546 5856 2600 5901 et
2621 5856 2763 5902 terra
2796 5850 3098 5905 transibunt
3122 5849 3337 5919 (Matth.
3366 5852 3533 5920 xxiv),
3577 5873 3600 5905 ι
3632 5870 3743 5925 per
3770 5859 3863 5910 im-
