4016 6464
196 396 286 452 977

198 504 538 562 mutationem
590 498 844 554 subaudis
891 505 943 550 et
998 495 1048 548 in
1079 493 1533 555 meliorationem,
1562 499 1619 544 et
1658 505 1762 542 non
1794 496 1842 552 Α

194 613 286 672 per
313 593 622 651 essentiam.
672 589 832 644 Juxta
862 585 1003 656 quod
1033 584 1285 638 Salomon
1329 582 1494 636 dicit:
1547 599 1564 631 ι
1592 579 1764 634 Gene-

201 669 330 748 i'atio
367 683 610 757 praeterit
657 690 710 735 et
752 678 1028 748 generatio
1082 674 1326 737 advenit;
1371 682 1514 726 terra
1545 685 1670 724 vero
1710 669 1764 722 in

194 787 447 834 zeternum
474 782 582 828 stat
608 771 805 842 (Eccle.
837 771 894 838 ι).
929 790 946 819 ι
981 767 1086 821 Sed
1113 766 1236 818 licet
1255 763 1436 818 omnia
1464 767 1764 824 transeant,

207 891 221 919 ι
258 867 409 922 Salus
449 879 568 917 mea
617 863 668 916 in
713 860 1108 929 sempiternum.
1150 856 1276 916 erit,
1313 862 1367 907 et
1399 852 1608 920 justitia
1648 866 1766 904 mea

197 977 298 1021 -ιιοιι
330 957 563 1015 deficiet.
596 974 614 1005 ι
640 953 800 1016 Salus
827 961 880 1007 et
906 950 1112 1021 justitia
1144 948 1236 1002 Dei
1262 947 1435 1010 Patris
1465 944 1634 997 Filius
1660 951 1765 1005 est,

199 1054 317 1124 quia
345 1067 440 1122 pet?
471 1049 618 1106 illum
655 1045 824 1100 salvat
865 1052 918 1096 ct
961 1039 1223 1108 jnstilicat
1265 1035 1672 1114 prwdestinatos
1700 1032 1767 1086 ad

201 1122 378 1198 vitam.
412 1141 649 1197 llwcest
697 1134 840 1190 salus
868 1130 1062 1200 de'qna
1091 1129 1226 1182 dixit
1256 1127 1473 1204 Simeon
1503 1141 1515 1176 :
1551 1142 1570 1172 ι
1610 1122 1768 1175 Vide-

203 1249 318 1294 runt
347 1236 486 1292 oculi
517 1233 619 1290 mei
653 1231 899 1287 Salutare
932 1236 1082 1293 tuum
1115 1223 1266 1295 (Luc.
1297 1219 1379 1288 ιι).
1421 1239 1438 1271 ι
1474 1219 1540 1276 Et
1568 1216 1764 1271 Jacob:

202 1357 222 1384 ‹
254 1333 495 1388 Salutare
523 1324 742 1397 (inquit)
795 1333 942 1377 tuum
980 1315 1327 1388 exspectabo,
1353 1311 1574 1367 Domine
1615 1305 1765 1380 (Cen.

202 1423 365 1493 nix).
398 1441 415 1472 ι

269 1535 288 1565 ‹
318 1492 509 1568 Audite
541 1525 658 1574 me,
692 1527 713 1562 ο
753 1523 784 1562 o
814 1504 992 1576 populi
1039 1512 1093 1557 et
1136 1499 1419 1555 credentes
1446 1515 1465 1547 ι
1500 1494 1590 1563 qui
1621 1492 1771 1546 scitis

195 1607 414 1675 justum,
455 1624 471 1656 ι
513 1602 564 1655 id
615 1608 699 1654 est
723 1597 1022 1658 Christum,
1050 1591 1277 1662 populus
1303 1588 1553 1642 videlicet
1579 1584 1769 1640 fidelis.

208 1719 223 1746 ε
255 1697 357 1750 Lex
393 1709 528 1755 mea,
568 1711 585 1743 ι
620 1685 785 1743 idest
814 1688 895 1739 lex
925 1682 1226 1750 Evangelii,
1253 1699 1273 1730 ‹
1317 1680 1368 1733 in
1395 1677 1647 1732 cordibus
1687 1689 1774 1728 eo-

204 1803 338 1851 rum,
380 1806 396 1838 ι
442 1781 699 1839 subaudis
742 1777 977 1830 fidelium
1009 1792 1019 1825 :
1062 1767 1173 1826 non'
1201 1772 1254 1824 in
1291 1783 1386 1822 ore
1416 1764 1771 1826 solummodo,

1252 382 1599 440 COMMENT.
1641 382 1705 438 lN
1745 376 1996 436 ISAIAM.
2037 407 2102 422 .-—
2141 371 2267 428 LIB.
2311 373 2372 426 ll.

3342 365 3446 422 978

1902 541 1906 544 ,
1947 506 1963 536 ι
1998 487 2065 544 Et
2092 501 2232 539 nunc
2277 484 2366 551 qui
2398 481 2662 550 redempti
2694 489 2820 534 sunt
2861 497 2892 532 a
2923 478 3166 540 Domino,
3205 499 3222 528 ι
3249 478 3451 547 subau-

1868 577 1948 631 dis
1979 577 2237 644 sanguine
2262 572 2384 626 Filii
2413 571 2553 640 ejus,
2582 590 2597 620 ι
2639 577 2998 631 revertentur,
3029 587 3050 617 δ
3071 567 3140 632 (ιβ
3170 566 3452 635 iniquitate

1868 667 1935 721 ad
1963 666 2253 732 justitiam,
2287 683 2305 714 ι
2339 672 2394 718 et
2425 663 2640 716 venient
2671 661 2722 713 in
2756 660 2908 722 Sion,
2949 677 2965 708 ι
3001 659 3050 711 id
3097 669 3181 712 est
3207 657 3281 724 in
3316 672 3450 726 pra:-

1868 765 2073 811 sentem
2099 753 2419 817 Ecclesiam,
2446 751 2552 815 vel,
2579 750 2719 819 quod
2752 749 2943 803 melius
2968 756 3070 808 est,
3095 748 3146 800 in
3175 745 3463 808 cmlestcrn,

1868 845 2254 901 beatitudinem
2281 843 2560 897 laudantes
2586 843 2752 896 illum.
2787 860 2804 890 ι
2829 840 2892 892 Ει
2917 839 3098 893 Ιωιὶιὶει
3128 839 3451 907 sempiterna

1871 951 2031 1005 super
2057 935 2231 1002 capita
2262 948 2450 987 eorum
2481 974 2495 996 ,
2534 952 2552 983 δ
2604 933 2657 985 id
2707 940 2790 985 est
2831 931 2881 982 in
2931 930 3200 982 mentibus
3243 942 3462 988 corum._

1870 1024 2027 1079 Juxta
2087 1024 2214 1077 illud
2265 1022 2564 1076 l’sahnistte
2613 1020 2942 1089 octogesimo
3007 1018 3165 1070 tertio
3217 1016 3462 1086 psalmo;

1877 1136 1906 1172 at
1926 1116 2075 1174 Beati
2102 1115 2190 1184 qui
2219 1113 2461 1166 habitant
2491 1112 2544 1164 in
2569 1110 2728 1164 domo
2763 1119 2868 1172 tua,
2904 1107 3148 1170 Domine,
3180 1105 3231 1158 in
3261 1105 3456 1167 szecula

1873 1205 2184 1268 swculornm
2213 1203 2508 1256 laudabunt
2537 1210 2607 1254 te.
2653 1220 2669 1250 ι
2709 1199 2830 1254 ιιωε
2861 1214 2966 1251 non
3000 1207 3225 1265 possunt
3256 1193 3458 1257 habch

1873 1295 2045 1350 sancti
2083 1295 2134 1349 in
2161 1294 2412 1361 pt'azsenti
2466 1289 2661 1343 smculo
2688 1287 2846 1358 positi
2876 1303 2890 1351 ;
2929 1287 3068 1340 unde
3099 1294 3155 1338 et
3179 1283 3454 1357 sequitur:

1882 1406 1906 1438 ι.
1935 1384 2200 1440 Gaudium
2249 1391 2306 1436 et
2353 1381 2593 1440 la‘titiam
2645 1377 2981 1441 obtinebunt,
3017 1395 3033 1426 ι
3081 1375 3358 1438 subaudis,
3407 1373 3460 1426 in

1873 1475 2081 1533 cmlcsti
2131 1471 2452 1525 Jerusalem.
2512 1489 2529 1521 ι
2580 1469 2769 1537 Fugiet
2824 1467 2976 1522 dolor
3027 1475 3081 1526 et
3135 1464 3386 1534 gemitus,
3440 1483 3456 1512 υ

1875 1568 2016 1623 sicut
2062 1564 2256 1618 dicitur
2309 1563 2361 1621 in
2397 1560 2716 1630 Apocalypsi
2747 1559 2923 1626 capite
2955 1557 3216 1624 vigesimo
3248 1556 3459 1624 primo:

1874 1660 2161 1727 Abstet'gct
2197 1657 2340 1709 Deus
2377 1669 2592 1711 omnem
2625 1653 2916 1721 lacrymam
2947 1652 3015 1705 ab
3044 1649 3214 1705 oculis
3240 1665 3461 1705 eorum:

1875 1759 1931 1805 et
1979 1764 2124 1805 mors
2179 1747 2320 1801 ultra
2377 1760 2482 1799 non
2513 1745 2639 1808 erit,
2697 1759 2870 1814 neque
2922 1744 3116 1808 luctus,
3151 1741 3465 1813 nequecla-

201 1880 294 1935 sed
326 1844 384 1930 in
422 1874 584 1930 corde
621 1880 677 1925 et
709 1867 1041 1939 operatione.
1074 1865 1185 1919 V'ox
1220 1861 1311 1916 Dei
1343 1859 1518 1913 Patris
1561 1856 1630 1911 ad
1665 1869 1781 1909 cre-
1812 1844 1856 1902 B
1886 1859 2022 1939 mor.

203 1973 404 2024 dentes.
459 1963 687 2018 Auditus
736 1962 788 2014 in
827 1974 982 2013 sacro
1034 1955 1247 2025 eloquio
1294 1951 1646 2024 spiritualiter
1690 1955 1774 2003 est

203 2059 574 2130 requirendus.
632 2075 648 2104 ι
686 2052 879 2108 Audite
932 2065 1036 2112 me,
1075 2069 1091 2100 ›
1153 2048 1204 2102 id
1234 2055 1315 2102 est
1351 2043 1631 2115 intclligite
1677 2042 1774 2096 do-

195 2151 429 2203 .m'inam
479 2143 869 2214 evangelicum,
903 2149 957 2196 et
998 2154 1161 2209 opere
1203 2140 1414 2191 studete
1459 2132 1774 2202 adimplere.

209 2262 227 2291 ι
270 2240 443 2294 Nolite
491 2239 702 2301 timere,
741 2259 757 2286 ι
799 2252 831 2289 o
861 2232 1110 2304 apostoli,
1142 2250 1159 2281 ι
1203 2227 1550 2298 opprobrium
1607 2222 1779 2277 homi—

205 2350 401 2397 num,r
450 2333 500 2385 id
551 2339 635 2384 est
689 2328 1042 2383 contumelias
1087 2333 1142 2378 et
1184 2321 1610 2393 oppressionem,
1666 2336 1682 2366 ‹
1725 2323 1779 2368 et

207 2422 567 2492 blasphemias
613 2435 798 2473 eorum
851 2433 917 2471 ne
963 2414 1236 2469 metuatis.
1275 2433 1293 2464 ι
1352 2410 1480 2464 Tale
1522 2419 1605 2462 est
1653 2406 1781 2461 illud

203 2512 344 2582 quod
373 2520 426 2566 et
457 2513 508 2565 in
536 2508 823 2578 Evangelio
847 2507 1186 2561 continetur:
1218 2523 1234 2552 ι
1265 2501 1440 2556 Nolite
1471 2501 1660 2552 timere
1688 2512 1780 2550 cos

200 2606 292 2675 qui
328 2605 578 2658 occidunt
611 2617 806 2670 corpus
835 2599 1047 2669 (Matth.
1073 2598 1150 2668 x).
1189 2615 1205 2646 ι

279 2714 298 2747 ι
329 2694 480 2750 Sicut
519 2694 660 2747 enim
697 2691 1101 2752 vestimentum,
1139 2707 1155 2738 ι
1208 2686 1465 2742 subaudis
1510 2683 1783 2738 consumi-

202 2801 293 2845 .tur
321 2802 521 2852 verme,
555 2785 636 2852 vel
671 2794 933 2852 tempore,
976 2802 992 2832 ι
1015 2782 1092 2836 sic
1115 2780 1361 2834 comedet
1390 2793 1484 2832 eos
1506 2777 1725 2838 vermis,
1759 2794 1774 2824 ι

206 2879 262 2932 id
295 2885 380 2930 est
429 2875 646 2944 propria
676 2872 1024 2928 conscientia.
1079 2889 1098 2920 ι
1143 2870 1210 2923 Ει
1236 2869 1373 2924 sicut
1421 2869 1596 2920 lanam
1636 2887 1653 2917 ι
1692 2867 1783 2920 de-

205 2978 359 3023 vorat
388 2968 551 3032 tinea,
576 2984 592 3016 ι
619 2967 695 3020 sic
715 2964 992 3018 devorabit
1019 2976 1112 3016 eos
1141 2962 1308 3020 tinea,
1333 2980 1348 3010 ι
1385 2960 1506 3028 quia
1538 2958 1782 3011 similiter

204 3058 587 3115 conscientiam
617 3055 885 3125 propriam
935 3051 1218 3123 significat.
1267 3050 1437 3103 Aliter
1478 3068 1490 3103 :
1523 3049 1664 3103 sicut
1693 3063 1782 3100 ve-

205 3149 515 3202 stimentum
556 3153 822 3199 vetustate
863 3152 920 3198 et
969 3144 1108 3197 tinea
1156 3142 1510 3204 consumitur,
1566 3140 1644 3194 sic
1687 3154 1780 3208 op-

1956 1960 1972 1992 ι
2008 1937 2138 2012 Ego,
2171 1955 2270 2009 ego
2301 1941 2433 2009 ipse,
2462 1961 2478 1990 ι
2506 1934 2786 2001 subaudis,
2814 1934 2852 1990 l’
2862 1933 2984 1990 ilius
3017 1931 3131 1995 Dei,
3173 1950 3190 1982 ι
3223 1930 3466 1988 consola-

1879 2033 1977 2089 bor
2001 2048 2116 2095 vos,
2158 2052 2175 2084 ι
2229 2031 2566 2094 redimendo,
2597 2038 2652 2083 et
2683 2029 2856 2083 dando
2888 2027 3147 2096 Spiritum
3193 2032 3466 2087 sanctum,

1884 2127 1975 2194 qui
2019 2133 2104 2179 est
2156 2139 2315 2177 verus
2373 2121 2698 2177 consolator.
2751 2119 2887 2185 Quia
2963 2118 3175 2172 dixerat
3219 2114 3468 2185 superius

1886 2216 2116 2286 populus
2185 2213 2357 2268 fidelis
2422 2213 2625 2266 orando
2698 2212 2765 2264 ad
2817 2208 3136 2266 Dominum,
3200 2219 3468 2272 consurge

1882 2311 1949 2365 ad
1979 2325 2077 2364 nos
2105 2308 2392 2363 salvandos
2425 2325 2436 2358 :
2471 2305 2758 2374 respondet
2811 2303 2925 2370 ipSe
2972 2316 3067 2370 per
3114 2297 3464 2368 prephetam:

1886 2402 1993 2470 Ego
2029 2398 2318 2470 (inquiens)
2367 2395 2691 2450 consolabor
2743 2407 2854 2454 vos,
2898 2401 2951 2445 et
3001 2407 3104 2444 non
3145 2389 3299 2442 alius.
3351 2385 3467 2440 Non

1883 2499 2136 2560 potentes
2168 2487 2329 2554 hujus
2362 2487 2544 2542 saeculi
2566 2526 2582 2549 ,
2623 2501 2727 2539 non
2763 2484 3036 2552 sapientes
3069 2481 3228 2549 ltujns
3265 2477 3468 2532 mundi.

1889 2603 1906 2632 ι
1942 2582 2074 2649 Quis
2111 2590 2186 2642 tu,
2225 2601 2242 2631 ι
2277 2596 2308 2634 ο
2336 2581 2536 2633 chorus
2593 2577 2854 2640 fidelium,
2914 2593 2932 2625 ι
2977 2584 3035 2628 ιιι
3067 2575 3304 2634 timeres,
3343 2589 3360 2621 ι
3416 2569 3470 2624 id

1885 2685 1967 2730 est
2010 2681 2070 2727 ιιι
2118 2674 2308 2726 timere
2333 2672 2532 2725 debeas
2567 2687 2584 2718 ι
2617 2667 2929 2722 abhomine
2977 2663 3189 2720 mortali
3214 2674 3269 2716 et
3301 2678 3328 2714 a
3363 2661 3472 2715 lilio

1885 2768 2139 2827 hominis,
2172 2766 2260 2835 qui
2299 2764 2450 2833 quasi
2480 2764 2661 2816 fenum
2705 2763 2814 2815 cito
2840 2769 3051 2815 arescet
3077 2775 3090 2813 :
3119 2766 3172 2812 et
3195 2755 3395 2812 oblitus
3413 2771 3474 2809 cs

1887 2859 2097 2912 Domini
2133 2856 2353 2910 factoris
2387 2856 2498 2909 tui?
2532 2875 2548 2906 δ
2595 2853 2898 2922 Alloquitur
2939 2852 3165 2912 chorum
3197 2847 3468 2917 apostolo-

1888 2966 2028 3014 rum,
2061 2957 2118 3002 ut
2146 2963 2251 3002 non
2289 2948 2477 3000 timeat
2503 2945 2764 3000 stevitiam
2793 2951 2848 2996 et
2875 2949 3140 2997 tormenta
3169 2941 3468 2998 hominum.

1887 3042 2013 3112 quia
2051 3041 2153 3110 ipsi
2212 3040 2464 3108 peribunt
2496 3047 2551 3092 et
2585 3037 2892 3090 transibunt
2927 3035 3068 3088 sicut
3114 3032 3298 3086 fenum
3329 3033 3473 3101 quod

1890 3133 1998 3185 cito
2029 3140 2276 3185 arescet:
2314 3129 2441 3198 quia
2473 3128 2650 3182 omnis
2684 3141 2814 3180 caro
2849 3125 3053 3178 fenum.
3090 3123 3156 3178 Et
3185 3123 3477 3191 alloquitur

207 3239 479 3310 probrium
518 3238 729 3294 illorum
775 3253 894 3290 cum
919 3236 1357 3306 persecutoribus
1404 3206 1773 3302 pertransibit.
1808 3206 1850 3264 C
1883 3223 2046 3277 etiam
2085 3221 2204 3274 illos
2245 3223 2334 3288 qui
2388 3222 2580 3273 timore
2606 3217 2870 3287 passionis
2915 3216 3192 3284 perterriti
3244 3230 3477 3284 negave-

213 3355 228 3384 ι
265 3332 421 3390 Salus
449 3343 627 3387 autem
656 3345 777 3385 mea
799 3350 816 3381 ι
844 3329 1090 3384 Christus
1120 3328 1205 3380 «in
1235 3325 1621 3393 sempiternum
1651 3322 1776 3385 erit,

206 3422 494 3492 etjustitia
543 3437 660 3478 mea
713 3421 764 3473 in
809 3419 1156 3488 generatione
1199 3427 1253 3470 et
1297 3414 1718 3486 generationem,
1755 3431 1772 3461 ι

209 3516 260 3569 id
306 3522 408 3576 est,
437 3513 489 3566 in
516 3512 694 3566 omnia
727 3519 966 3578 tempora
995 3508 1196 3562 futura.
1229 3507 1322 3561 γει
1355 3507 1405 3559 in
1434 3503 1782 3574 generatione

204 3603 536 3666 Judaeorunt,
567 3609 619 3654 et
640 3600 1040 3670 generationem
1071 3599 1331 3668 gentium.

285 3713 301 3744 ι
350 3691 644 3761 Consurge,
672 3704 966 3760 consurge,
1021 3689 1242 3742 induere
1294 3687 1608 3742 fortitudine
1655 3687 1780 3741 bra-

206 3786 392 3844 chium
435 3783 664 3837 Domini.
731 3801 749 3833 ι
780 3782 897 3836 Vox
940 3783 1213 3852 pr0phetae
1262 3789 1316 3834 et
1358 3780 1538 3850 populi
1589 3779 1788 3842 fidelis,

207 3876 548 3946 deprecantis
585 3891 682 3946 pro
709 3875 938 3930 adventu
968 3875 1086 3929 Filii
1118 3874 1232 3929 Dei.
1275 3872 1319 3929 Ο
1361 3873 1642 3928 brachium
1686 3872 1786 3925 Doe-

209 3971 371 4034 mini,
417 3969 469 4023 id
503 3978 587 4023 est
629 3968 747 4022 Filii
779 3969 868 4022 Dei
901 3968 1182 4031 altissime,
1208 3981 1366 4036 surge
1409 3966 1474 4019 de
1503 3965 1668 4036 gloria
1693 3980 1787 4032 pa-

211 4071 378 4117 tcrnze
425 4057 720 4126 maiestatis
758 4057 824 4110 ad
861 4057 1248 4112 incarnationis
1316 4064 1418 4109 tua:
1467 4055 1784 4126 mysterium

205 4151 607 4221 adimplendum
634 4167 647 4202 :
677 4165 941 4219 consurge
988 4150 1054 4204 ad
1086 4149 1453 4203 redimendum
1493 4162 1660 4216 genus
1689 4146 1787 4199 hu-

205 4257 448 4296 manum.
500 4241 725 4294 Induere
772 4238 1085 4294 fortitudine
1141 4238 1434 4292 divinitatis
1465 4245 1567 4290 tua:
1601 4245 1787 4290 contra

207 4333 507 4388 deemones.
569 4351 587 4382 ι
617 4333 893 4401 Consurge
943 4332 1082 4385 sicut
1137 4331 1189 4386 in
1235 4329 1422 4384 diebus
1467 4329 1704 4396 antiquis
1735 4330 1786 4380 in

210 4423 645 4494 generationibus
671 4423 1006 4479 Steculornm.
1044 4441 1060 4472 ι
1094 4421 1161 4476 Ει
1187 4430 1269 4476 est
1298 4437 1487 4476 sensus
1514 4439 1525 4472 :
1552 4419 1708 4473 Sicut
1735 4420 1788 4473 in

210 4513 451 4582 antiquis
499 4514 826 4582 temporibus
875 4513 1164 4568 auxiliatos
1203 4527 1261 4566 es
1307 4511 1501 4580 populo
1545 4501 1636 4566 tuo
1661 4511 1788 4566 edu-
1816 4547 1863 4602 ι)

210 4621 344 4660 cens
374 4620 496 4658 eum
527 4605 590 4658 de
614 4604 868 4673 lEgypto,
892 4614 945 4657 et
975 4603 1112 4657 sicut
1147 4603 1200 4656 in
1230 4602 1663 4671 generationibus
1689 4618 1782 4671 pa-

212 4705 356 4749 trum
392 4703 697 4750 nostrornm
740 4704 882 4747 tuam
926 4694 1204 4750 ostendisti
1253 4691 1640 4754 fortitudinem,
1705 4692 1783 4746 sic

213 4785 375 4838 modo
419 4784 542 4839 veni
589 4783 640 4836 in
683 4799 846 4837 carne
889 4782 1116 4835 liberare
1163 4798 1331 4851 genus
1380 4785 1669 4836 humanum
1720 4783 1786 4836 de

212 4892 378 4931 manu
433 4875 652 4930 diaboli.
719 4895 736 4926 ι
775 4873 1023 4942 Nunquid
1058 4893 1074 4924 ι
1127 4889 1165 4930 ο,
1205 4873 1428 4928 Domine
1483 4874 1640 4934 Deus,
1692 4873 1782 4942 qui

207 4966 436 5035 aequalis
469 4981 529 5020 es
560 4965 700 5020 Patri
754 4966 804 5019 in
844 4965 1113 5026 onmilms,
1152 4984 1167 5013 ι
1205 4980 1307 5016 non
1354 4963 1664 5031 percussisti
1694 4979 1782 5017 su-

210 5059 465 5130 perbum,
503 5078 520 5109 ι
571 5057 827 5112 subaudis
864 5055 1160 5116 diabolum,
1203 5054 1494 5121 projtciens
1549 5070 1669 5107 cum
1718 5055 1786 5109 de

210 5150 374 5214 cwlo,
399 5168 416 5199 ι
446 5148 739 5204 vulnerasti
768 5148 1079 5210 draconem,
1114 5165 1129 5196 ι
1157 5145 1514 5207 Pharaonem,
1547 5145 1598 5198 in
1625 5145 1783 5209 mari,

209 5241 298 5294 vel
331 5241 600 5294 diabolum
621 5242 644 5293 ?

283 5337 310 5382 ἰ
345 5308 591 5398 Nunquid
626 5329 775 5399 (non)
827 5340 878 5382 ιιι
926 5328 1143 5384 siccasti
1189 5344 1338 5383 mare
1383 5344 1576 5397 aquam
1607 5327 1784 5397 abyssi

209 5422 551 5480 vehementis
585 5439 601 5470 ›
660 5431 715 5472 ιιι
769 5421 1050 5473 transitum
1099 5421 1370 5488 przehercs
1423 5419 1618 5489 populo
1665 5420 1788 5471 tuo?

215 5534 232 5563 ι
279 5513 381 5580 Qui
413 5509 631 5579 posuisti
661 5508 981 5578 profundum
1013 5512 1176 5564 maris
1203 5513 1366 5574 viam,
1403 5521 1460 5564 ut
1498 5511 1790 5564 transirent

207 5600 426 5654 liberati
459 5619 476 5650 ι
511 5599 664 5653 electi
687 5600 792 5652 .tui.
824 5599 888 5652 lit
909 5609 990 5652 est
1017 5615 1205 5654 sensus
1233 5616 1246 5652 :
1272 5602 1437 5655 Sicuti
1466 5603 1581 5655 haec
1605 5601 1784 5655 omnia

207 5691 414 5754 fecisti,
447 5689 524 5743 sic
555 5706 766 5758 quoque
807 5690 922 5744 veni
964 5690 1028 5743 ad
1069 5690 1379 5744 salvandum
1425 5691 1650 5745 electum
1696 5708 1787 5760 po-

203 5780 400 5849 pulum
435 5791 599 5834 tuum.

1886 3321 2007 3364 rant
2035 3326 2184 3374 eum,
2213 3321 2270 3364 ιιι
2301 3309 2626 3363 erubescant
2679 3309 2732 3360 in
2761 3321 2857 3360 sua
2889 3307 3196 3375 iniquitate,
3229 3314 3280 3358 et
3310 3306 3471 3359 robo-

1888 3412 2077 3456 rentur
2102 3403 2157 3456 iu
2185 3402 2292 3456 fide
2318 3410 2537 3470 agentes
2563 3399 2960 3469 pcnnitentiam.
2998 3398 3226 3465 Quando
3257 3398 3476 3470 (inquit)

1889 3491 2116 3546 timuisti
2190 3491 2466 3544 hominem
2521 3489 2802 3544 mortalem
2863 3498 3102 3558 tempore
3153 3487 3474 3550 afllietionis,

1886 3581 2115 3635 amisisti
2149 3581 2398 3635 timorem
2427 3579 2705 3634 Creatoris
2736 3580 2831 3632 tui.
2863 3597 2880 3627 ι
2906 3577 3004 3642 Qui
3036 3579 3263 3632 tetendit
3287 3577 3475 3642 cmlos,

1883 3683 1939 3728 et
1971 3672 2216 3726 fundavit
2247 3683 2464 3726 terram.
2497 3672 2564 3725 Et
2595 3671 2896 3725 formidasti
2932 3671 3138 3740 jngitcr
3169 3679 3279 3724 tota
3309 3670 3414 3734 die,
3451 3690 3468 3722 ι

1888 3764 1940 3817 id
1992 3772 2075 3818 est
2127 3764 2271 3817 omni
2324 3774 2565 3831 tempore
2622 3764 2892 3834 passionis
2953 3782 2970 3813 ι
3024 3779 3054 3817 a
3091 3763 3229 3818 facie
3278 3761 3482 3824 furoris

1886 3852 2001 3922 ejus
2039 3873 2056 3904 ι
2089 3855 2451 3922 persecutoris
2507 3873 2524 3904 ι
2561 3855 2652 3923 qui
2685 3864 2736 3909 te
2764 3854 3055 3908 tribulabat
3095 3876 3112 3906 ι
3159 3855 3210 3909 in
3249 3869 3484 3925 corpore

1897 3965 1910 3996 ι
1939 3954 1998 3999 et
2024 3955 2308 4014 paraverat
2337 3945 2403 3998 ad
2431 3947 2763 4015 perdendum
2803 3965 2817 3998 ι
2854 3947 2906 4001 in
2937 3948 3136 4013 anima,
3164 3963 3270 4002 non
3297 3962 3481 4002 recor-

1888 4039 2024 4098 dans
2057 4037 2219 4096 illud;
2255 4055 2272 4086 ι
2303 4037 2478 4091 Nolite
2507 4038 2697 4093 timere
2727 4054 2821 4093 eos
2857 4038 2948 4108 qui
2977 4039 3230 4094 occidunt
3257 4053 3474 4107 corpus,

1889 4131 2124 4188 animam
2166 4140 2347 4184 autem
2379 4146 2483 4183 non
2520 4139 2745 4200 possunt
2783 4131 3031 4186 occidere
3084 4131 3298 4200 (Matth.
3334 4134 3410 4200 ιι).
3454 4151 3470 4180 ι

1896 4247 1910 4276 ι
1935 4228 2035 4282 libi
2070 4237 2150 4281 est
2181 4243 2322 4281 nunc
2347 4228 2494 4281 furor
2535 4228 2881 4282 tribulantis?
2917 4248 2934 4278 ι
2963 4227 3268 4298 Alloquitur
3301 4243 3473 4297 popu-

1891 4319 1999 4371 lum
2028 4317 2265 4382 tidelem,
2299 4327 2356 4372 ut
2385 4317 2691 4372 consideret
2713 4319 2982 4388 quomodo
3005 4334 3194 4373 omnes
3224 4336 3478 4389 persecu-

1892 4420 2034 4468 tores
2080 4419 2135 4464 et
2175 4426 2364 4465 omnes
2411 4411 2658 4465 homines
2709 4421 3090 4480 per-transeant
3133 4427 3160 4464 a
3199 4415 3474 4481 praesenti,

1893 4510 1950 4554 ιιι
1980 4516 2075 4569 per
2109 4501 2222 4564 hinc
2251 4502 2550 4566 consolidet
2578 4517 2672 4556 eos
2708 4501 2761 4555 in
2793 4500 2914 4556 fide.

1969 4623 1988 4653 ι
2011 4603 2130 4657 Cito
2159 4605 2354 4669 veniet,
2382 4626 2398 4657 ι
2437 4606 2694 4670 subaudis
2727 4606 2896 4661 Filius
2924 4623 3075 4662 mens
3101 4625 3197 4678 per
3228 4610 3478 4663 incarna-

1896 4697 2053 4749 tionis
2082 4697 2391 4766 mysterium
2440 4716 2456 4746 ι
2493 4697 2743 4767 gradiens
2777 4720 2792 4748 ι
2843 4700 3135 4753 secundum
3167 4701 3473 4754 humanita-

1893 4795 1998 4838 tem
2055 4806 2070 4834 ι
2098 4787 2164 4838 ad
2193 4787 2541 4854 aperiendum
2576 4807 2593 4838 ι
2649 4802 2745 4840 cor
2770 4789 3123 4857 superborum
3173 4791 3471 4856 hominum,

1893 4875 1974 4928 vel
2004 4876 2164 4929 etiam
2198 4877 2262 4930 ad
2291 4877 2636 4945 aperiendum
2683 4876 2971 4932 infernum.
3012 4879 3079 4932 Et
3119 4895 3224 4934 non
3265 4855 3484 4940 interii:

1892 4965 1998 5018 ciet
2036 4981 2204 5032 usque
2239 4966 2306 5017 ad
2358 4965 2805 5031 internecionem,
2854 4968 2906 5021 id
2936 4976 3037 5032 est,
3065 4983 3170 5021 non
3197 4969 3475 5038 damnabit

1891 5057 2070 5111 statim
2121 5068 2177 5109 ut
2225 5057 2432 5109 venerit
2484 5068 2817 5124 peccatores,
2870 5059 2962 5112 sed
3014 5059 3345 5126 CXSpCClﬂiil
3404 5059 3470 5112 ad

1893 5145 2288 5214 pwnitentiam,
2317 5146 2453 5199 sicut
2488 5147 2954 5216 ipseprardieavit,
2995 5148 3200 5212 dicens,
3233 5165 3249 5199 ι
3285 5148 3468 5203 Ρωιιί-

1897 5236 2116 5289 tentiam
2149 5236 2309 5304 agite,
2347 5239 2795 5307 appropinquavit
2835 5238 2978 5292 enim
3034 5254 3253 5308 regnum
3299 5240 3465 5294 coelo-

1895 5344 2010 5381 rmn
2039 5327 2254 5398 (Matth.
2288 5329 2383 5394 iv).
2426 5348 2442 5378 ι
2468 5329 2550 5391 Et,
2591 5348 2606 5380 ι
2633 5329 2762 5383 Nolo
2791 5340 3014 5383 mortem
3033 5333 3349 5398 peccatoris,
3373 5333 3467 5386 sed

1895 5430 1952 5473 ιιι
2002 5420 2172 5488 magis
2230 5431 2580 5475 convertatur
2632 5439 2661 5475 a
2707 5438 2801 5475 sua
2849 5422 3157 5491 iniquitate,
3214 5432 3269 5478 et
3324 5425 3470 5477 vivat.

1896 5514 2112 5579 (Ezerh.
2148 5516 2322 5585 xvm).
2383 5537 2399 5568 ι
2433 5516 2689 5584 Quodque
2733 5505 3023 5586 subjungit,
3071 5537 3087 5566 ι
3120 5535 3222 5571 non
3255 5519 3467 5572 deficiet

1894 5605 2047 5672 puris
2073 5604 2207 5672 ejus,
2246 5627 2263 5660 ι
2297 5608 2376 5661 vel
2415 5609 2480 5661 de
2519 5609 2633 5676 ipso
2664 5607 2796 5661 Filio
2836 5608 3234 5680 intelligendum
3266 5619 3347 5676 est
3375 5610 3466 5680 qui

1893 5697 2057 5749 dixit:
2109 5718 2122 5746 ι
2158 5697 2266 5766 ligo
2318 5714 2434 5750 sum
2467 5699 2617 5765 pultis
2648 5699 2798 5752 vivus
2830 5700 3007 5769 (Jouu.
3042 5703 3112 5766 vi)
3144 5719 3156 5755 ι
3191 5721 3206 5750 ι
3263 5699 3357 5754 Vel
3401 5703 3469 5755 de

1893 5801 2116 5854 corpore
2155 5801 2204 5840 et
2235 5788 2491 5855 sanguine
2524 5787 2676 5853 illius,
2712 5793 2773 5842 de
2803 5807 2905 5860 quo
2944 5793 3081 5848 idem
3117 5791 3280 5846 Filius
3309 5792 3466 5872 dixit,
