4016 6488
502 386 603 450 979
972 329 1323 439 HAYMOSIS
1363 375 1837 433 HALBERSTAT.
1880 373 2095 429 EPISC.
2132 371 2280 426 OPP.
2322 367 2501 422 PARS
2540 366 2578 420 ι.
2620 394 2687 407 -—
2725 361 3076 420 COMMENT.
3112 360 3287 415 BIBL.
3670 358 3794 416 980

504 504 607 574 Qui
648 496 1053 557 manducaverit
1093 508 1290 565 panem
1336 492 1480 546 hunc
1527 489 1672 543 vivet
1715 488 1768 541 in
1798 493 2077 574 aeternum.
2108 489 2159 544 Λ
2184 494 2373 535 omnes
2399 486 2719 574 peccatores
2739 485 2914 574 teme.
2938 495 2957 527 ι
2980 470 3390 574 μέθαι-εικῆ..)
3419 471 3488 526 Et
3508 472 3792 532 Dominus

501 565 603 650 ἦρι
632 592 797 647 etiam
828 587 991 643 tertio
1014 584 1175 639 modo
1201 583 1269 638 de
1297 580 1542 635 doctrina
1566 575 1888 647 Evangelica
1924 573 2087 628 intel-
2184 574 2249 629 ad
2271 571 2561 628 Jeremiam
2588 587 2601 623 :
2628 586 2648 620 ί
2680 568 2873 634 Sume,
2891 566 3321 636 iuquit,calicem
3343 565 3410 619 de
3439 580 3601 619 manu
3624 581 3788 633 mea,

503 682 775 754 ligendum
805 686 911 742 est,
961 677 1087 745 quia
1130 686 1407 741 nunquam
1442 668 1696 724 deficiet:
1743 666 1840 722 sed
1874 678 2091 734 semper
2184 672 2240 720 et
2265 662 2576 754 propinabis
2596 662 2808 754 cunctis
2834 659 3089 754 gentibus
3122 660 3190 754 ad
3231 673 3370 728 quas
3398 658 3618 754 mittam
3651 671 3733 712 te.
3760 680 3786 712 ι

505 773 886 829 observatores
920 782 1047 823 suos
1069 763 1268 835 pabulo
1292 763 1418 817 vitm
1449 767 1662 830 pascet.

582 881 604 915 ε
659 861 771 932 Ego
808 875 927 915 sum
974 857 1235 912 Dominus
1277 855 1421 909 Deus
1468 860 1592 906 tuus
1623 891 1638 916 ,
1687 849 1781 920 qui
1825 848 2091 903 conturbo

509 970 678 1020 mare,
725 972 742 1007 ι
777 953 830 1007 id
861 964 945 1007 est
989 950 1326 1006 habitatores
1362 947 1523 1017 hujus
1556 943 1763 1007 mundi,
1807 960 1825 994 ι
1860 950 1915 997 et
1941 942 2089 995 intu-

509 1054 758 1103 mescunt
798 1044 991 1099 ﬂuctus
1023 1040 1162 1110 ejus,
1195 1059 1212 1092 ι
1248 1042 1352 1095 hoc
1376 1046 1463 1093 est
1492 1035 1895 1108 persecutiones
1924 1031 2091 1088 malo-

508 1152 628 1194 rum
670 1137 947 1192 hominum
994 1136 1407 1188 commoventur
1449 1135 1639 1183 contra
1685 1125 1904 1181 electos.
1938 1142 1957 1175 ι
1986 1124 2091 1179 Do-

507 1230 689 1285 minus
714 1227 1048 1283 exercituum
1082 1237 1278 1278 nomen
1311 1235 1489 1275 meum
1510 1259 1526 1284 ,
1558 1237 1575 1268 ι
1606 1217 1659 1271 id
1704 1224 1789 1272 est
1832 1216 2091 1271 Dominus

509 1317 828 1375 militiarum
882 1313 1193 1385 angelorum
1248 1317 1304 1365 et
1354 1308 1651 1365 hominum.
1696 1305 2091 1377 Apostropham

511 1409 641 1463 facit
662 1407 727 1462 ad
746 1407 917 1476 ipsum
941 1403 1153 1458 Filium.
1172 1401 1399 1469 Quando
1413 1398 1752 1455 conturbavit
1772 1394 2094 1450 DeusPater

511 1503 615 1556 hoc
649 1499 830 1554 mare?
857 1497 1082 1564 Quando
1112 1493 1326 1549 Judazos
1347 1492 1536 1547 saevire
1558 1488 1826 1559 permisit,
1856 1477 2091 1557 primum

514 1592 567 1645 in
604 1589 795 1643 Filium
827 1602 1004 1650 suum,
1036 1585 1228 1640 deinde
1255 1584 1306 1637 in
1333 1579 1621 1652 apostolos,
1648 1587 1703 1633 et
1731 1577 2012 1632 credentes
2038 1575 2091 1629 in

513 1692 592 1734 se.
634 1679 702 1733 Et
737 1678 783 1731 si
833 1677 947 1747 ipse
996 1673 1370 1736 conturbavit,
1419 1685 1587 1741 quare
1631 1677 1883 1723 tenentur
1911 1668 1989 1721 rei
2017 1667 2091 1721 illi

514 1770 608 1840 qui
657 1784 752 1823 eos
796 1775 923 1821 sunt
968 1765 1275 1837 persecuti?
1319 1763 1472 1818 Tunc
1500 1762 1698 1817 dicitur
1722 1761 1839 1830 ipse
1868 1767 2090 1813 contur-

514 1861 697 1923 basse,
732 1858 950 1929 quando
976 1857 1219 1927 permisit
1249 1854 1560 1911 conturbari
1582 1868 1694 1909 eos.

592 1969 612 2001 ι
643 1949 805 2004 Posui
835 1949 1055 2003 verbum
1085 1961 1263 2002 meum
1308 1948 1361 2001 in
1407 1959 1503 2000 ore
1527 1952 1639 2007 tuo,
1676 1964 1694 1994 ι
1732 1943 1785 1998 id
1807 1948 1891 1997 est
1915 1940 2089 2010 pleni-

516 2039 754 2093 tudinem
789 2037 1066 2108 sapientite
1090 2046 1146 2091 et
1174 2035 1414 2091 scientiae
1438 2033 1557 2087 dedi
1590 2032 1707 2086 tibi.
1746 2050 1763 2082 ι
1796 2031 1862 2084 Ει
1889 2031 1940 2084 in
1975 2044 2093 2083 um-

518 2134 613 2187 bra
636 2146 831 2186 manus
854 2144 988 2184 meae
1008 2129 1216 2199 protexi
1247 2137 1319 2191 te,
1356 2147 1374 2179 ι
1406 2125 1460 2181 id
1475 2125 1633 2181 estin
1656 2123 1985 2193 protectione
2008 2122 2092 2175 di-

518 2221 760 2275 vinitatis
785 2218 1044 2275 custodiri
1069 2225 1123 2274 te
1143 2235 1213 2273 ne
1224 2231 1500 2287 peccares,
1517 2224 1648 2271 etne
1664 2214 1947 2268 vilesceret
1966 2226 2094 2265 caro

520 2317 793 2378 assumpta
833 2323 864 2361 a
894 2306 1099 2371 Verbo,
1142 2324 1160 2356 ι
1204 2316 1263 2360 ιιι
1301 2305 1511 2376 plantes
1557 2304 1754 2368 caelos,
1786 2322 1804 2355 ι
1840 2301 2096 2357 subaudis

520 2413 719 2462 novos,
759 2416 779 2449 ι
813 2410 869 2452 et
896 2397 1089 2451 fundes
1140 2403 1363 2459 terram,
1395 2413 1413 2447 ι
1442 2393 1698 2448 subaudis
1738 2406 1955 2455 novam,
1987 2408 2005 2440 ι
2042 2394 2096 2444 et

520 2492 668 2546 dicas
688 2491 754 2545 ad
780 2488 931 2555 Sion,
962 2508 979 2538 ›
1006 2488 1108 2542 hoc
1130 2494 1211 2541 est
1230 2488 1296 2540 ad
1324 2484 1670 2549 Ecclesiam,c
1689 2481 1925 2552 Populus
1947 2494 2097 2535 meus

521 2597 583 2638 es
612 2592 687 2637 tu.
730 2600 750 2633 ι
786 2579 866 2635 Ad
899 2580 1170 2634 hominem
1211 2584 1545 2644 assumptum
1585 2591 1615 2628 a
1645 2574 1824 2629 Verbo
1862 2571 2099 2641 loquitur

521 2675 624 2729 ista
663 2674 802 2727 Deus
847 2671 1028 2737 Pater,
1065 2672 1120 2724 in
1158 2685 1264 2739 quo
1304 2668 1570 2722 inhabitat
1610 2667 1786 2721 omnis
1822 2664 2099 2736 plenitudo

520 2763 819 2817 divinitatis
851 2759 1204 2830 corporaliter
1233 2774 1297 2813 ex
1331 2767 1589 2828 tempore.
1642 2758 1912 2825 Quantum
1954 2756 2098 2811 enim

524 2858 591 2910 ad
625 2855 958 2910 divinitatem
989 2853 1243 2924 pertinet,
1279 2850 1412 2906 nihil
1450 2851 1657 2920 accepit
1695 2863 1762 2902 ex
1795 2857 2032 2917 tempore
2070 2862 2101 2902 a

524 2947 681 2999 Patre
705 2985 720 3010 ,
771 2944 865 2999 sed
892 2944 1096 3008 ,omnia
1127 2942 1365 3012 possidet
1408 2939 1714 2994 communia
1754 2952 1875 2993 cum
1907 2937 2097 3000 Patre;

524 3036 722 3105 quippe
751 3035 843 3104 qui
872 3043 959 3088 est
982 3033 1076 3087 Dei
1109 3032 1283 3087 virtus
1308 3041 1365 3087 et
1386 3033 1477 3086 Dei
1509 3031 1796 3100 sapientia,
1820 3044 1918 3098 per
1938 3042 2103 3098 quem

524 3134 718 3180 cuncta
762 3124 900 3178 facta
936 3133 1061 3178 sunt
1098 3138 1165 3177 ex
1205 3123 1390 3179 nihilo.
1431 3122 1537 3176 Per
1573 3122 1767 3176 ctelum
1812 3135 2009 3174 novum
2047 3128 2102 3173 et

2187 754 2333 827 (λεν.
2394 751 2570 823 xxrv.)
2634 770 2653 803 ι
2692 751 2877 821 Usque
2929 751 2996 804 ad
3064 749 3287 803 fundum
3330 747 3555 802 calicem
3616 763 3792 819 sopo-

2186 847 2285 912 ris,
2321 865 2339 899 i
2375 848 2429 901 id
2475 853 2561 901 est
2605 844 2836 910 mortis,
2869 859 2889 894 ι
2932 842 3115 897 bibisti
3155 849 3212 895 et
3257 841 3457 910 potasti
3503 856 3683 909 usque
3716 845 3791 895 ad

2187 936 2360 1003 feces,
2401 956 2420 988 ι
2452 934 2506 989 id
2549 942 2634 990 est
2679 949 2850 1004 usque
2894 933 2963 987 ad
3005 930 3164 987 ﬁnem
3210 931 3392 986 saeculi
3436 932 3789 985 sustinebitis

2189 1028 2346 1082 istam
2376 1026 2765 1096 captivitatem.
2806 1022 3018 1079 idcirco
3046 1023 3178 1077 dicit
3222 1036 3395 1092 usque
3435 1023 3503 1076 ad
3548 1021 3785 1077 fumium

2186 1117 2395 1182 bibisti,
2416 1125 2479 1170 et
2505 1130 2676 1186 usque
2705 1115 2773 1170 ad
2798 1114 2943 1169 feces
2967 1128 2983 1167 :
3011 1113 3136 1182 quia
3163 1121 3288 1182 post
3314 1113 3461 1166 illam
3487 1113 3783 1182 captivita-

2189 1217 2297 1263 tem
2347 1206 2517 1263 altera
2567 1220 2675 1261 non
2719 1204 3058 1270 veniet.eis,
3096 1203 3443 1258 manentibus
3467 1218 3696 1273 semper
3730 1205 3781 1259 in

2191 1298 2304 1353 illa.
3162 1366 3169 1375 ν

2266 1408 2284 1440 ι
2317 1387 2431 1442 Νοη
2463 1395 2546 1442 est
2568 1386 2660 1456 qui
2687 1393 2953 1441 sustentet
2977 1399 3096 1439 eam
3129 1399 3195 1439 ex
3218 1385 3473 1441 omnibus
3493 1386 3625 1441 filiis
3647 1402 3784 1456 quos

2192 1478 2397 1549 genuit,
2419 1484 2475 1532 et
2512 1491 2619 1531 non
2653 1483 2736 1530 est
2763 1476 2854 1544 qui
2888 1475 3257 1544 apprehendat
3296 1490 3517 1530 manum
3546 1475 3695 1544 ejus,
3730 1490 3781 1533 et

2192 1570 2368 1640 erigat
2387 1569 2682 1640 iacentem,
2720 1586 2739 1620 ι
2767 1566 2820 1620 id
2842 1575 2926 1620 est
2950 1566 3041 1636 qui
3069 1566 3439 1635 operationem
3471 1564 3601 1634 ejus
3632 1568 3781 1622 robo-

2192 1669 2309 1726 ret,
2340 1678 2359 1711 ο
2404 1676 2470 1714 ex
2503 1658 2754 1714 omnibus
2804 1656 2932 1711 ﬁliis
2973 1672 3109 1726 quos
3147 1657 3430 1711 enutrivit.
3482 1676 3505 1709 ι
3556 1660 3778 1724 Quando

2193 1752 2441 1806 exierunt
2479 1749 2547 1804 de
2575 1747 2845 1819 IEgy‘pto,
2875 1747 3181 1801 habuerunt
3207 1745 3389 1801 Mosen
3428 1746 3526 1815 qui
3573 1758 3770 1801 susta-

2119 1829 2165 1888 Β
2193 1843 2330 1897 tavit
2357 1857 2468 1905 eos,
2517 1850 2573 1894 et
2611 1840 2788 1894 oravit
2830 1853 2929 1909 pro
2962 1840 3041 1893 eis
3082 1838 3267 1893 dicens
3318 1841 3385 1892 ad
3438 1838 3771 1893 Dominum:

2200 1951 2219 1983 ι
2254 1933 2362 1986 Aut
2388 1931 2598 1986 dimitte
2623 1931 2729 1985 illis
2753 1930 2893 1983 hanc
2918 1944 3136 1994 noxam,
3167 1936 3260 1982 aut
3285 1928 3403 1982 dele
3430 1944 3524 1983 me
3550 1929 3623 1983 de
3648 1930 3775 1985 libro

2193 2031 2287 2077 tuo
2334 2021 2533 2093 (Exod.
2576 2019 2780 2090 xxxii).
2822 2039 2843 2070 ι
2889 2018 3087 2073 lterum
3126 2019 3344 2088 quando
3370 2018 3526 2074 ducti
3566 2022 3773 2074 suntin

2192 2111 2540 2182 Babylonem,
2562 2111 2867 2165 habuerunt
2891 2107 3164 2163 Danielem
3190 2117 3244 2161 et
3258 2109 3443 2164 socios
3458 2108 3605 2176 ejus,
3627 2110 3775 2163 alios-

2196 2219 2300 2273 que
2334 2204 2644 2272 prophetas,
2694 2200 2787 2271 qui
2825 2201 3297 2271 apprebeuderunt
3326 2217 3552 2256 manum
3576 2219 3766 2267 eorum,

2198 2295 2250 2349 id
2275 2303 2358 2349 est
2382 2294 2751 2364 operationem
2776 2307 2987 2358 eorum,
3004 2302 3060 2347 et
3082 2301 3530 2348 sustentavernut
3557 2310 3646 2349 eos
3667 2296 3769 2350 suis

2197 2384 2468 2455 precibus.
2508 2384 2564 2438 ln
2597 2384 2696 2437 hac
2723 2397 2851 2438 vero
2885 2384 3195 2453 captivitate
3226 2384 3419 2439 ultima
3439 2427 3457 2451 ,
3494 2400 3659 2454 neque
3676 2403 3754 2441 sa-

2198 2479 2469 2533 cerdotem
2488 2517 2503 2541 ,
2533 2491 2708 2545 neque
2740 2477 3057 2546 prophetam
3078 2517 3091 2541 ,
3123 2492 3301 2546 neque
3342 2480 3630 2547 aposw'um
3666 2479 3752 2532 ba-

2198 2571 2326 2627 bent
2374 2570 2832 2640 interpellatorem
2881 2582 2980 2640 pro
3026 2584 3085 2624 se
3123 2586 3137 2622 :
3181 2571 3306 2639 quia
3356 2571 3643 2626 noluerunt
3675 2587 3762 2627 eos

2200 2661 2420 2716 habere.
2495 2660 2737 2730 Apostoli
2792 2660 2993 2715 etenim
3040 2660 3325 2716 voluerunt
3376 2678 3602 2717 manum
3644 2679 3771 2732 pra-

2200 2753 2361 2817 bere,
2402 2751 2455 2805 id
2497 2758 2581 2807 est
2624 2751 3048 2807 consolationem
3090 2752 3363 2821 quomodo
3408 2755 3771 2825 erigerentur;

2203 2842 2295 2897 sed
2325 2842 2620 2912 contempti
2643 2841 2713 2896 ab
2742 2842 2824 2896 eis
2852 2840 3175 2895 dimiserunt
3195 2856 3312 2907 eos,
3343 2850 3687 2899 transeuntes
3714 2844 3775 2897 ad

2202 2942 2408 3004 gentes.

2279 3047 2298 3081 ι
2333 3029 2450 3084 Duo
2479 3037 2611 3085 sunt
2633 3044 2754 3099 quae
2782 3036 3141 3084 occurrerunt
3170 3029 3302 3095 tibi,
3341 3050 3357 3081 ι
3392 3045 3426 3085 o
3456 3030 3775 3086 Jerusalem.

2210 3140 2228 3170 ι
2258 3120 2399 3188 Quis
2415 3121 2829 3176 contristabitur
2850 3134 3015 3190 super
3040 3120 3127 3175 te?
3146 3140 3163 3171 ι
3187 3120 3464 3185 Subaudis,
3482 3123 3619 3177 sicut
3642 3124 3772 3177 olim

529 3227 731 3269 terram
760 3215 975 3279 novam,
1004 3230 1162 3284 quam
1201 3214 1455 3284 praecepit
1500 3213 1640 3269 Deus
1674 3212 1838 3266 Pater
1881 3211 2015 3266 Filio
2042 3220 2102 3266 ut
2129 3185 2173 3247 Ο
2205 3212 2558 3269 contristatus
2585 3222 2671 3269 est
2707 3212 2973 3268 Jeremias
2996 3223 3051 3268 et
3088 3213 3301 3277 Daniel;
3347 3213 3422 3266 vel
3459 3214 3598 3267 sicut
3633 3229 3769 3267 con-

524 3304 731 3377 platttet
789 3312 844 3357 et
901 3302 1129 3367 fundat,
1175 3302 1430 3357 debemus
1485 3300 1782 3372 intelligere
1837 3298 2108 3367 apostolos

531 3396 959 3469 apostolicosque
996 3394 1141 3448 viros
1161 3405 1217 3447 et
1243 3408 1431 3447 omnes
1471 3391 1675 3457 fideles,
1701 3391 1791 3460 qui
1823 3405 1852 3443 a
1882 3390 2108 3444 Domino

523 3489 749 3559 plantati
779 3496 926 3553 sunt,
958 3497 1013 3542 et
1042 3486 1094 3541 in
1126 3485 1240 3556 ipso
1268 3484 1506 3547 fundati,
1537 3482 1661 3548 fide,
1693 3481 1980 3536 diluetione
2010 3478 2103 3533 Dei

526 3589 584 3639 et
611 3580 882 3651 proximi:
915 3580 1006 3649 qui
1039 3580 1104 3633 de
1139 3583 1403 3632 vetustate
1439 3576 1645 3646 peccati
1690 3573 1934 3627 renovati
1981 3581 2108 3626 sunt

528 3673 584 3730 in
613 3674 851 3729 novitate
876 3672 998 3727 fidei
1022 3681 1076 3726 et
1106 3679 1306 3726 sancta:
1334 3668 1779 3723 conversationis.

608 3785 627 3815 ι
677 3765 921 3829 Elevare,
953 3764 1182 3827 elevare,
1212 3776 1496 3832 consurge,
1525 3759 1848 3824 Jerusalem,
1874 3772 1992 3828 qum
2020 3757 2103 3811 bi-

530 3858 656 3914 bisti
698 3860 765 3913 de
809 3872 966 3911 manu
1006 3856 1219 3910 Domini
1268 3854 1490 3910 calicem
1526 3855 1619 3909 irae
1652 3852 1788 3923 eius.
1829 3873 1848 3906 ι
1887 3853 1969 3907 Ad
2012 3866 2108 3907 eos

532 3949 769 4018 loquitur
797 3960 975 4004 sermo
1001 3948 1235 4012 divinus,
1263 3948 1354 4016 qui
1380 3948 1432 4000 in
1458 3945 1670 4001 Domini
1696 3946 1943 4016 passione
1972 3959 2105 4000 con-

534 4039 780 4093 ciderunt
810 4038 863 4092 in
892 4037 1194 4105 negationis
1223 4047 1500 4106 peccatum
1541 4046 1597 4091 et
1634 4036 1990 4101 inﬁdelitatis,
2021 4036 2104 4090 di-

534 4136 756 4181 centes:
792 4144 811 4175 ι
846 4125 1114 4194 Cruciiige
1157 4125 1316 4179 talem
1337 4165 1352 4189 ,
1381 4136 1437 4180 et
1470 4126 1535 4180 da
1576 4126 1730 4181 nobis
1768 4125 2057 4180 Barrabam
2088 4141 2101 4181 :

536 4233 641 4272 non
690 4220 835 4273 enim
880 4218 1143 4273 habemus
1172 4233 1351 4289 regem
1381 4219 1484 4274 nisi
1511 4218 1799 4274 Ctesarem.
1825 4237 1844 4270 ι
1887 4217 2101 4290 (Matth.

534 4306 819 4376 xxvi.),Et
875 4308 1014 4363 sicut
1046 4307 1245 4377 iacenti
1282 4309 1335 4363 in
1374 4309 1573 4365 lectulo
1607 4309 1805 4367 dicitur
1846 4309 2103 4365 elevare:

532 4400 606 4454 ita
637 4409 689 4456 et
714 4400 1144 4485 illis‘praecipitur
1166 4410 1224 4456 ut
1248 4401 1526 4457 eleventur
1546 4418 1575 4456 a
1597 4402 1742 4457 vitiis
1760 4403 1825 4457 ad
1853 4403 2101 4468 virtutes,

2209 3307 2455 3363 tristatus
2486 3317 2569 3361 est
2594 3305 2845 3361 Christus
2873 3320 3036 3375 super
3068 3313 3143 3370 te,
3170 3306 3375 3375 quando
3409 3304 3550 3359 ﬂevit
3592 3319 3760 3375 super

2209 3407 2281 3463 ιιι,
2312 3399 2453 3453 sicut
2479 3398 2530 3450 in
2557 3396 2846 3466 Evangelio
2875 3397 3182 3451 continetur
3202 3397 3352 3467 (Luc.
3377 3397 3453 3467 ut).
3472 3396 3587 3449 Duo
3613 3397 3771 3461 dicit,

2205 3496 2261 3542 et
2305 3497 2537 3556 quatuor
2576 3496 2993 3549 commemorat,
3043 3502 3165 3555 qua:
3209 3497 3441 3557 quatuor
3483 3486 3675 3542 iterum
3721 3489 3777 3542 in

2206 3578 2311 3632 duo
2341 3578 2676 3648 rediguntur,
2712 3595 2730 3625 ι
2768 3576 3022 3643 Vastitas,
3053 3598 3069 3629 ι
3102 3579 3295 3646 inquit,
3319 3597 3338 3627 ι
3375 3579 3733 3643 θινοοῐιιτὶιίο,
3755 3598 3774 3628 ι

2205 3688 2325 3741 qua:
2356 3686 2518 3725 unum
2550 3670 2854 3741 signiﬁcant
2874 3713 2886 3736 ,
2911 3690 2928 3723 ι
2957 3680 3011 3727 et
3045 3671 3238 3737 fames,
3269 3680 3326 3726 et
3353 3672 3579 3743 gladius,
3617 3691 3638 3722 ι
3664 3686 3780 3741 qum

2206 3763 2457 3818 similiter
2481 3778 2649 3817 unum
2674 3770 2822 3826 sunt,
2849 3763 3108 3817 subaudis
3135 3764 3346 3817 venient
3372 3762 3489 3817 tibi.
3521 3781 3539 3813 ι
3580 3762 3646 3818 Ει
3667 3764 3782 3833 quis

2206 3854 2577 3910 consolabitur
2601 3866 2761 3924 super
2792 3855 2881 3909 te?
2910 3874 2927 3907 ›
2960 3855 3066 3909 Aut
3106 3856 3317 3922 nullus,
3341 3865 3436 3913 aut
3479 3870 3609 3910 raro
3640 3858 3783 3910 inve-

2208 3948 2407 4002 nietur.

2281 4060 2299 4093 ι
2334 4040 2458 4096 Filii
2507 4041 2580 4095 tui
2628 4039 2853 4111 projecti
2897 4050 3052 4105 sunt,
3089 4062 3107 4095 ι
3139 4042 3399 4098 subaudis
3453 4042 3522 4098 de
3575 4043 3784 4098 sedibus

2205 4130 2339 4194 suis,
2376 4131 2429 4183 in
2465 4144 2655 4184 omnes
2680 4137 2866 4200 gentes
2888 4131 3034 4185 ducti
3077 4130 3275 4201 captivi
3306 4148 3325 4181 ι
3357 4131 3703 4186 dormierunt
3735 4132 3781 4184 in

2205 4219 2380 4289 capite
2417 4220 2660 4274 omnium
2698 4220 2940 4285 viarum,
2973 4238 2994 4271 ι
3035 4219 3090 4274 id
3136 4231 3219 4274 est
3262 4222 3466 4275 mortui
3517 4231 3650 4276 sunt
3698 4236 3783 4292 per

2202 4317 2408 4388 plateas
2456 4315 2791 4371 diversarum
2833 4317 3073 4386 gentium
3099 4358 3116 4381 ,
3152 4317 3294 4371 nuda
3343 4332 3589 4387 corpora
3638 4332 3780 4388 super

2204 4406 2406 4461 nudum
2429 4407 2653 4461 humum
2682 4406 2961 4462 habentes.
2996 4426 3014 4461 t
3047 4407 3199 4461 Sicut
3227 4408 3399 4462 bestia
3427 4408 3738 4478 illaqueata,
3756 4428 3772 4457 ι

533 4490 599 4547 de
623 4490 932 4546 infidelitate
954 4492 1019 4545 ad
1045 4492 1222 4548 tidem.
1250 4492 1457 4547 Etcum
1485 4493 1651 4563 dicit:
1680 4511 1698 4545 ι
1724 4492 1966 4557 Eleyare,
1990 4493 2101 4547 ele-
2131 4538 2183 4597 Β
2207 4486 2471 4554 subaudis
2511 4499 2590 4553 sic
2632 4498 2984 4555 dormierunt.
3020 4517 3037 4549 ι
3072 4498 3117 4555 0
3151 4499 3299 4569 plebs
3340 4499 3503 4570 plena
3552 4502 3775 4572 indigna-

532 4596 680 4646 vare,
707 4580 1026 4647 Jerusalem,
1067 4604 1086 4635 ο
1122 4600 1226 4639 non
1261 4585 1519 4639 debemus
1543 4593 1734 4655 putare
1761 4588 1902 4653 quod
1938 4585 2106 4640 muris

531 4671 769 4724 civitatis
796 4672 1067 4742 praecipiat
1101 4682 1159 4727 nt
1185 4675 1237 4728 in
1265 4660 1551 4744 pristinum
1580 4682 1779 4728 statum
1810 4675 2104 4740 elcventur,

534 4760 685 4830 qui‘a
713 4761 970 4815 Romanis
1015 4764 1268 4818 destructi
1299 4772 1457 4830 sunt;
1491 4765 1583 4819 sed
1612 4766 1998 4819 metonomicos
2026 4765 2107 4819 in-

536 4851 876 4922 telligendum
915 4860 996 4906 est
1022 4869 1117 4923 per
1146 4854 1196 4907 id
1226 4854 1367 4923 quod
1398 4855 1663 4920 continet,
1694 4856 1746 4909 id
1766 4855 1910 4924 quod
1934 4856 2108 4911 conti-

536 4948 710 4992 netur.
740 4937 982 5004 Elevare,
1015 4942 1205 5011 inquit,
1233 4959 1265 4997 ο
1294 4944 1487 5014 popule
1512 4944 1841 5009 Iudaeorum,
1871 4946 1940 5001 de
1962 4946 2108 5002 vitiis

535 5029 605 5084 ad
650 5029 897 5095 virtutes,
930 5030 997 5086 de
1040 5033 1354 5088 infidelitate
1384 5037 1450 5090 ad
1480 5035 1657 5093 fidem.
1691 5034 1988 5107 Consurge,
2015 5035 2106 5091 Je-

465 5169 468 5173 .
534 5110 807 5205 iusalem,
847 5122 898 5177 id
938 5132 1021 5179 est
1067 5141 1164 5197 age
1213 5128 1616 5196 pmnitentiam,
1655 5143 1775 5198 quae
1814 5129 1995 5186 bibisti
2044 5131 2110 5187 de

541 5224 700 5264 manu
731 5211 972 5278 Domini,
998 5215 1050 5269 id
1088 5226 1171 5270 est
1199 5217 1265 5271 de
1294 5226 1557 5286 potestate
1603 5219 1837 5284 Domini,
1883 5219 2107 5276 calicem

542 5301 636 5355 ira:
665 5300 800 5367 ejus.
842 5301 947 5357 Per
987 5304 1204 5361 calicem
1250 5307 1344 5362 itm
1382 5308 1498 5376 ejus
1527 5309 1784 5365 debemus
1814 5308 2110 5380 intelligere

537 5391 893 5447 vastationem
922 5391 1307 5462 Romanorum,
1338 5406 1392 5452 et
1420 5399 1838 5469 magnitudinem
1871 5408 2108 5455 tormen-

541 5485 718 5536 torum
748 5491 805 5536 et
840 5480 1198 5540 aﬂlictionem.
1233 5486 1384 5554 Quod
1417 5503 1512 5558 per
1550 5488 1770 5545 calicem
1799 5490 2110 5561 designatur

543 5567 758 5626 alllictio
786 5582 841 5628 et
870 5573 1158 5640 tribulatio,
1195 5576 1478 5633 Psalmista
1520 5578 1851 5647 manifestat,
1881 5583 2067 5638 dicens
2093 5602 2105 5636 :

549 5676 567 5707 ι
600 5659 751 5715 Calix
786 5662 840 5717 in
882 5678 1041 5719 manu
1078 5665 1282 5721 Domini
1321 5668 1429 5722 vitii
1459 5669 1589 5724 meri
1620 5669 1827 5737 plenus.
1870 5672 1936 5726 Et
1963 5672 2111 5727 incli—

546 5751 710 5816 stabit,
752 5773 771 5805 !
800 5763 930 5822 etc.,
962 5751 1131 5825 usque
1152 5758 1217 5814 ad
1239 5758 1366 5814 illud
1390 5762 1825 5835 maid—sequitur:
1865 5782 1881 5811 ι
1919 5764 2109 5819 Bibcnl

2210 4590 2355 4645 tione
2397 4590 2631 4655 Domini,
2668 4609 2687 4641 ι
2720 4590 2774 4643 id
2814 4596 2898 4644 est
2942 4589 3177 4645 vindicta
3214 4590 3451 4653 Domini,
3488 4609 3508 4640 ι
3547 4592 3781 4658 increpa-

2208 4678 2356 4734 tione
2396 4678 2493 4733 Dei
2515 4678 2611 4732 tui.
2645 4696 2664 4728 ›
2700 4676 2803 4733 Ubi
2850 4678 2904 4732 in
2945 4677 3171 4733 Hebraeo
3212 4678 3412 4733 dicitur
3444 4679 3782 4735 dormierunt

2209 4768 2350 4823 sicut
2397 4767 2568 4823 bestia
2619 4766 2907 4836 illaqueata
2935 4806 2949 4832 ,
3001 4766 3348 4837 Septuaginta
3397 4768 3788 4822 transtulerunt

2210 4861 2351 4916 sicut
2400 4860 2817 4915 betasemicoeta
2867 4877 2882 4913 :
2919 4875 3041 4930 quae
3088 4860 3255 4914 herba
3296 4859 3479 4915 calore
3517 4862 3662 4916 solis
3693 4861 3789 4914 cito

2210 4948 2426 5003 ﬂoscida
2479 4946 2727 5003 edicitur.
2754 4948 2822 5001 Et
2846 4948 2935 5002 alii
2973 4948 3297 5018 interpretes
3328 4948 3635 5015 dixerunt,
3663 4951 3789 5005 sicut

2210 5055 2345 5111 oryx
2376 5040 2717 5110 illaqueatus,
2744 5056 2864 5111 quae
2893 5050 2979 5096 est
3005 5041 3176 5096 bestia
3206 5040 3476 5095 sacriﬁcio
3505 5058 3623 5097 non
3652 5049 3788 5112 apta.

2212 5132 2278 5187 Et
2305 5142 2389 5187 est
2411 5146 2605 5187 sensus
2636 5150 2650 5186 :
2675 5131 2827 5187 Sicut
2856 5132 3027 5188 bestia
3052 5147 3171 5202 qua:
3205 5132 3510 5202 appellatur
3535 5149 3675 5205 oryx
3705 5147 3787 5186 ve-

2213 5235 2459 5282 natorum
2494 5227 2693 5281 retibus
2723 5225 3060 5296 illaqueatur,
3086 5240 3191 5280 non
3222 5226 3425 5279 habens
3462 5242 3580 5296 quo
3610 5225 3787 5298 fugiat,

2211 5320 2412 5387 diuque
2447 5317 2669 5388 fatigata
2710 5318 2839 5374 inibi
2879 5318 3117 5374 revoluta
3163 5319 3506 5388 conquiescit
3536 5337 3551 5375 :
3577 5320 3661 5375 sic
3704 5318 3788 5373 ﬁlii

2212 5408 2289 5462 tui
2320 5408 2593 5477 illaqueati
2638 5415 2764 5462 sunt
2802 5407 3031 5463 vinculis
3075 5417 3130 5462 et
3174 5407 3391 5462 funibus
3441 5416 3787 5476 peccatorum

2213 5514 2455 5563 suorum,
2482 5499 2682 5568 ubique
2710 5500 2908 5555 mortui
2943 5508 2998 5554 et
3021 5497 3289 5554 interfecti
3322 5497 3531 5566 iacent,
3565 5514 3678 5556 non
3704 5498 3790 5551 ba-

2213 5590 2404 5645 bentes
2424 5588 2682 5644 auxilium
2712 5604 2820 5659 quo
2848 5590 2982 5643 iram
3012 5588 3224 5643 Domini
3252 5588 3507 5643 evadant.

2290 5697 2308 5728 ι
2338 5677 2558 5741 idcirco,
2598 5697 2617 5729 ι
2653 5679 2906 5737 subaudis
2955 5679 3077 5749 quia
3125 5693 3231 5732 non
3279 5676 3445 5732 babes
3486 5672 3795 5733 consulite-

2217 5783 2330 5822 rem
2373 5768 2461 5837 qui
2502 5767 2763 5822 sustineat
2790 5775 2863 5833 tc,
2895 5786 2911 5817 ι
2952 5766 3074 5821 audi
3123 5767 3241 5829 hoc,
3268 5765 3603 5835 paupercula
3650 5765 3795 5821 ebria
3892 5758 3899 5766 ’
