4016 6478
220 373 311 434 98l

1262 370 1608 429 COMMENT.
1646 371 1714 426 ιιι
1750 372 1999 428 ΙΒΑΙΑΜ.
2041 403 2111 415 -—-
2151 373 2276 430 LIB.
2312 370 2374 427 ιι.

3363 370 3469 431 98!

220 501 324 567 non
359 500 390 542 a
425 485 568 542 vino.
607 505 625 537 ι
657 481 988 554 Panpercula
1030 491 1274 549 vocatur,
1313 485 1437 555 quia
1478 483 1784 540 eﬂ'eminata
1812 491 1858 549 Α
1885 484 2076 539 civitas
2093 483 2287 551 sancti,
2304 480 2566 539 subaudis
2580 480 2674 538 Dei
2690 482 2889 553 templi.
2907 483 3469 552 Qutesuntistavesti'

220 585 367 643 erat,
398 585 579 632 etnon
603 575 837 632 habebat
862 574 1080 630 divitias
1108 575 1435 644 spirituales.

292 686 315 719 ς
345 665 468 721 Haec
496 666 625 721 dicit
645 665 951 720 dominator
975 674 1095 720 tuus
1114 665 1374 720 Dominus
1397 673 1453 721 et
1484 664 1625 721 Deus
1648 674 1791 730 tuus,

219 759 310 832 qui
353 759 613 831 pugnavit
639 774 737 830 pro
762 758 959 829 populo
1003 772 1119 813 suo.
1160 776 1180 810 ι
1214 756 1652 828 Szepepugnavit
1689 757 1793 812 Do-

220 850 400 905 minus
438 848 778 919 omnipotens
822 862 923 916 pro
960 845 1160 902 Judaeis
1195 854 1251 902 et
1287 846 1453 902 multa
1502 845 1641 900 bona
1689 842 1795 900 illis

220 941 499 1013 praestitit,
550 956 671 1010 qua:
709 940 925 1008 longum
966 947 1112 994 esset
1149 953 1248 1007 per
1292 938 1472 993 omnia
1518 952 1792 994 enarrare.

227 1052 247 1083 ‹
275 1031 412 1087 Ecce
432 1031 552 1096 tuli,
573 1052 591 1084 ι
623 1046 720 1101 pro
747 1046 813 1086 eo
845 1030 987 1101 quod
1011 1040 1094 1085 est
1125 1030 1328 1095 tollam,
1366 1049 1384 1082 ι
1417 1030 1482 1085 de
1508 1045 1668 1084 manu
1704 1037 1795 1084 tua

222 1120 444 1175 calicem
481 1120 710 1189 soporis,
743 1138 761 1171 ›
790 1119 842 1173 id
865 1127 948 1174 est
969 1119 1335 1189 captivitatem
1364 1119 1571 1174 mortis.
1601 1135 1619 1168 ι
1646 1118 1795 1173 Fun-

222 1211 350 1266 dum
376 1208 559 1265 calicis
589 1210 969 1280 indignationis
996 1225 1148 1274 mem,
1183 1230 1201 1262 ι
1232 1210 1488 1265 subaudis
1521 1208 1725 1274 tollam,
1749 1209 1793 1263 si

221 1305 593 1375 pmnitentiam
622 1305 815 1376 egeris.
846 1303 1103 1358 Praedixit
1141 1304 1387 1374 superius
1427 1302 1796 1372 captivitatem

222 1402 279 1450 et
306 1395 577 1450 miseriam
604 1395 683 1449 eis
707 1391 964 1458 futuram,
990 1410 1131 1448 nunc
1159 1394 1410 1448 hortatur
1438 1394 1502 1447 ad
1529 1392 1797 1461 paeniten-

228 1485 386 1550 tiam,
417 1485 600 1541 dicens
631 1502 646 1542 :
678 1483 755 1548 Si,
790 1482 985 1553 inquit,
1022 1483 1199 1555 egeris
1234 1482 1440 1538 fructus
1469 1483 1658 1552 dignos
1681 1497 1796 1552 pna-

227 1574 486 1639 nitentite,
516 1574 697 1629 tollam
728 1590 759 1629 a
793 1583 844 1628 te
873 1573 1202 1642 captivitatis
1236 1570 1434 1625 malum
1462 1579 1518 1625 et
1545 1572 1680 1625 iram
1710 1571 1795 1625 in-

227 1664 551 1740 dignationis
597 1679 749 1719 mem.
797 1683 815 1715 ι
854 1662 969 1717 Non
1011 1662 1233 1732 adiicias
1279 1661 1452 1725 ultra,
1488 1681 1506 1712 ι
1540 1661 1795 1715 subaudis

226 1766 508 1827 postquam
556 1754 926 1827 paenitentiam
961 1753 1138 1824 egeris
1160 1793 1175 1815 ,
1212 1770 1232 1804 ι
1282 1761 1341 1806 ιιι
1374 1753 1527 1807 bibas
1563 1751 1731 1817 illum,
1770 1772 1789 1805 ι

1892 582 2074 628 menta
2095 574 2290 644 quibus
2319 572 2632 643 praecipitur
2653 572 2837 628 indui?
2863 573 3041 640 Fides,
3059 589 3184 645 spes
3204 615 3221 641 ,
3250 574 3481 639 dilectio.

1893 662 1992 720 Dei
2012 673 2067 720 et
2088 664 2341 733 proximi,
2356 664 2604 730 castitas,
2626 664 2923 731 humilitas,
2955 674 3269 736 cazterzeque
3291 667 3465 722 virtu-

1894 765 1977 810 tes
2000 755 2196 825 quibus
2215 755 2520 810 vestiuntur
2530 764 2585 810 et
2602 765 2866 811 ornantur
2879 758 3168 815 sancti.Ac
3195 759 3240 815 si
3266 760 3473 816 diceret

1894 843 2017 900 aliis
2045 845 2226 900 verbis
2251 861 2265 899 :
2300 844 2499 900 Desere
2529 844 2863 902 inﬁdelitatis
2892 862 3165 914 errorem,
3195 858 3251 905 et
3285 850 3472 920 accipe

1894 935 2055 991 ﬁdem
2082 944 2137 992 et
2161 935 2421 991 honorem
2442 935 2683 990 omnium
2703 938 2984 1003 virtutum,
3006 941 3291 1011 omniaque
3309 955 3472 997 orna-

1894 1037 2077 1081 menta
2114 1027 2506 1093 doctrinarum,
2537 1035 2593 1082 et
2618 1038 2736 1083 esto
2775 1030 2968 1086 civitas
3009 1042 3203 1087 sancti.
3244 1032 3471 1100 Quidam

1894 1119 2110 1174 codices
2138 1120 2337 1187 habent
2365 1121 2558 1175 civitas
2578 1122 2767 1187 sancti,
2801 1124 3020 1194 quidam
3050 1126 3241 1182 civitas
3264 1136 3472 1187 sancta.

1894 1210 2036 1281 quod
2060 1219 2350 1280 utrumque
2377 1218 2626 1266 constare
2649 1222 2848 1284 potest.
2878 1212 2935 1268 Si
2962 1214 3257 1273 dixerimus
3283 1218 3475 1273 civitas

1897 1302 2098 1367 sancti,
2129 1317 2353 1357 necesse
2376 1312 2461 1357 est
2487 1311 2546 1357 ut
2570 1305 2955 1361 subaudiamus
2978 1306 3095 1373 Dei,
3129 1310 3255 1378 quia
3283 1310 3477 1366 civitas

1896 1396 2083 1442 sancta
2113 1387 2206 1443 Dei
2240 1387 2342 1443 fuit
2371 1390 2422 1442 in
2458 1392 2719 1459 patribus,
2755 1393 2808 1447 id
2838 1404 2922 1449 est
2945 1397 3330 1466 omnipotentis
3356 1398 3470 1452 Dei.

1898 1476 1995 1531 Vel
2040 1478 2203 1533 etiam
2243 1480 2436 1534 civitas
2470 1481 2672 1545 sancti,
2707 1482 2962 1538 subaudis
3001 1486 3207 1555 templi,
3255 1501 3375 1556 qua:
3422 1487 3476 1540 in

1898 1568 2075 1623 medio
2104 1568 2187 1623 sui
2219 1567 2454 1622 habebat
2498 1569 2756 1640 templum
2797 1573 3191 1628 sanctiﬁcatum
3228 1574 3473 1629 Domino.

1896 1655 2100 1712 Civitas
2130 1674 2315 1713 eorum
2353 1669 2537 1714 sancta
2572 1661 2673 1717 dici
2712 1673 2923 1733 potest,
2957 1666 3083 1735 quia
3123 1681 3244 1722 cum
3288 1681 3477 1722 omnes

1898 1757 2086 1819 gentes
2127 1748 2268 1802 idola
2313 1748 2580 1813 colerent,
2624 1751 2737 1806 bzcc
2773 1753 2886 1810 sola
2936 1754 2988 1807 in
3031 1754 3163 1810 orbe
3209 1764 3477 1810 terrarum

222 1846 482 1902 subaudis
510 1846 764 1909 calicem,
798 1843 849 1897 id
876 1854 960 1898 est
984 1851 1042 1897 ut
1070 1842 1337 1897 sustineas
1366 1839 1788 1895 tribulationem.
1824 1833 1868 1893 Β
1896 1836 1987 1892 Dei
2014 1838 2257 1892 notitiam
2284 1838 2535 1904 habebat,
2557 1849 2613 1894 et
2634 1841 2917 1896 adventum
2945 1843 3064 1897 Filii
3087 1844 3181 1899 Dei
3196 1854 3478 1915 exspecta-

302 1956 323 1987 ς
355 1936 421 1990 Et
465 1950 659 2006 ponam
701 1935 848 1989 illum
888 1953 907 1987 ι
942 1932 1166 1989 calicem
1207 1952 1225 1984 ι
1257 1932 1311 1987 in
1357 1947 1517 1986 manu
1557 1945 1743 1985 eorum
1773 1949 1792 1983 ι

225 2042 414 2097 regum
443 2037 498 2082 et
526 2027 862 2098 populorum,
905 2025 987 2080 vel
1018 2026 1319 2080 daemonum
1359 2044 1377 2077 ι
1411 2024 1500 2094 qui
1534 2035 1586 2079 te
1617 2023 1799 2078 humi-

228 2121 526 2184 liaverunt,
574 2139 593 2171 ι
628 2119 720 2189 qui
764 2133 863 2189 pro
904 2117 1154 2172 omnibus
1192 2131 1328 2186 quos
1374 2115 1647 2186 decipiunt
1684 2115 1803 2168 vin-

228 2210 430 2264 dictam
478 2210 791 2278 suscipient.
845 2208 915 2262 Et
961 2208 1014 2262 in
1063 2221 1224 2262 manu
1268 2220 1455 2260 eorum
1500 2206 1801 2261 daemonum

228 2319 252 2350 4
277 2299 365 2369 qui
384 2299 636 2353 dixerunt
654 2299 846 2352 animm
873 2305 995 2361 tute,
1012 2295 1301 2350 lncurvare
1321 2302 1382 2348 ut
1403 2303 1795 2356 transeamus,»

226 2389 282 2444 id
309 2398 392 2444 est
413 2388 580 2443 subde
605 2397 655 2443 te
679 2387 845 2453 vitiis,
889 2395 947 2442 ut
983 2395 1168 2457 postea
1211 2384 1614 2455 requiescamus
1639 2383 1693 2436 in
1728 2390 1798 2446 te,

228 2491 282 2537 et
315 2480 695 2537 conculcemus
734 2488 804 2534 te.
839 2497 857 2530 ι
892 2477 960 2533 Ει
997 2477 1224 2548 posuisti
1261 2485 1319 2530 ut
1363 2485 1562 2531 terram
1607 2489 1803 2543 corpus

231 2583 398 2638 tuum,
432 2594 450 2626 ι
475 2575 579 2628 hoc
611 2581 713 2638 est,
746 2580 804 2625 ut
834 2580 991 2625 terra:
1030 2570 1350 2625 adhaereret.
1389 2567 1481 2622 Vel
1527 2567 1667 2622 sicut
1694 2565 1803 2620 cal-

220 2675 383 2719 catur
404 2673 570 2729 terra,
590 2664 662 2718 ita
683 2660 968 2718 calcationi
987 2658 1278 2730 prmberes,
1299 2677 1318 2709 ι
1346 2665 1401 2712 et
1420 2657 1572 2727 quasi
1594 2656 1755 2719 viam,
1778 2673 1796 2705 ι

224 2755 482 2812 subaudis
518 2752 708 2808 dedisti
737 2766 936 2821 corpus
958 2758 1131 2814 tuum,
1164 2766 1184 2800 ι
1215 2747 1615 2803 transeuntibus
1643 2766 1662 2798 ι
1691 2746 1801 2800 ὀίε-

227 2846 477 2902 monibus
498 2854 555 2900 et
588 2843 834 2915 malignis
863 2842 1163 2912 spiritibus,
1186 2848 1247 2894 ut
1274 2840 1412 2895 sicut
1436 2839 1523 2892 via
1555 2837 1803 2893 omnibus

226 2945 392 3008 patet,
440 2936 512 2990 ita
556 2943 608 2988 tu
653 2944 870 3004 pateres
917 2930 1141 2987 libidini.
1169 2930 1437 2997 Quantum
1469 2928 1538 2983 ad
1565 2928 1802 2983 litteram

228 3028 480 3098 pertinet,
512 3025 787 3094 impletum
825 3032 910 3078 est
939 3023 1082 3094 quod
1121 3015 1369 3093 superius
1398 3021 1534 3076 dixit
1564 3036 1578 3074 :
1610 3019 1677 3075 Et
1699 3021 1801 3074 hu-

228 3115 445 3171 miliabo
482 3131 573 3171 eos
617 3116 707 3184 qui
753 3125 806 3169 te
854 3113 1289 3169 humiliaverunt.
1331 3111 1623 3167 Videamus
1664 3124 1802 3180 quo-

1898 1924 2008 1979 bat.
2065 1926 2217 1981 Unde
2253 1935 2308 1981 et
2352 1940 2476 1998 post
2514 1931 2971 1986 resurrectionem
3016 1932 3222 1988 Domini
3269 1948 3478 2003 perma-

1898 2026 2063 2071 nente
2100 2018 2275 2073 adhuc
2303 2019 2479 2087 primo
2521 2021 2737 2075 nomine
2774 2021 2965 2078 civitas
2999 2032 3187 2077 sancta
3231 2032 3477 2089 vocatur,

1900 2105 2114 2161 dicente
2137 2107 2479 2178 Evangelista
2512 2128 2525 2163 :
2552 2110 2686 2175 Quia
2717 2110 2885 2166 multa
2915 2128 3140 2183 corpora
3167 2123 3477 2170 snnclorum

1900 2198 1993 2267 qui
2021 2198 2356 2254 dormierant
2382 2211 2768 2267 surrexerunt,
2799 2214 2854 2258 et
2897 2214 3263 2274 apparuerunt
3296 2204 3479 2262 multis

1901 2288 1955 2343 in
1998 2299 2242 2345 sanctam
2286 2292 2601 2359 civitatem,
2641 2309 2762 2364 quae
2808 2295 2994 2366 utique
3045 2306 3172 2353 tunc
3223 2298 3480 2369 temporis

1901 2391 2091 2437 sancta
2128 2399 2249 2439 esse
2279 2400 2384 2439 non
2420 2394 2661 2455 poterat,
2702 2388 2826 2456 quia
2858 2388 2911 2441 in
2943 2388 3137 2443 Filium
3167 2390 3261 2444 Dei
3287 2405 3477 2445 manus

1902 2475 2125 2529 miserat
2166 2474 2379 2543 (Matth.
2428 2476 2630 2548 xxvii).
2670 2477 2813 2533 Inter
2842 2476 3137 2535 Jerusalem
3188 2490 3368 2537 autem
3414 2491 3473 2538 ct

1904 2560 2034 2618 Sion
2055 2564 2156 2619 hoc
2169 2565 2351 2629 distat,
2368 2566 2493 2635 quia
2524 2565 2652 2622 Sion
2672 2570 2963 2624 vocabatur
2974 2586 3070 2624 arx
3091 2580 3147 2626 et
3166 2572 3355 2628 civitas
3368 2572 3478 2628 Da-

1901 2653 2010 2708 vid.
2041 2654 2337 2710 Jerusalem
2366 2667 2544 2712 autem
2569 2658 2769 2728 reliqua
2792 2675 2918 2729 pars
2945 2661 3197 2716 civitatis.
3217 2660 3477 2734 Quodque

1902 2744 2147 2813 sequitur
2180 2763 2193 2798 :
2226 2764 2243 2797 ι
2278 2744 2414 2812 Quia
2457 2762 2562 2801 non
2613 2747 2830 2815 adjiciet
2864 2749 3006 2803 ultra
3048 2759 3109 2805 ut
3140 2761 3480 2821 pertranseat

1901 2846 2001 2902 per
2045 2841 2097 2888 te
2126 2834 2538 2891 incircumcisus
2572 2848 2627 2891 et
2661 2837 2989 2905 immundus,
3024 2860 3042 2893 ι
3075 2841 3383 2912 specialiter
3411 2842 3477 2898 ad

1904 2921 2179 2979 etelestem
2206 2924 2437 2994 pertinet
2465 2923 2764 2981 Jerusalem
2785 2969 2799 2995 ,
2830 2944 2927 2999 per
2954 2946 3115 2999 quam
3143 2945 3248 2986 non
3282 2932 3478 2987 transit

1905 3011 2100 3082 aliquis
2128 3014 2561 3081 incircumcisus,
2587 3018 2640 3072 id
2670 3028 2753 3072 est
2777 3020 2867 3089 qui
2898 3037 3006 3075 non
3036 3030 3119 3076 est
3144 3032 3404 3094 purgatus
3445 3038 3477 3077 a

1904 3103 2162 3172 peccatis,
2184 3112 2241 3158 et
2260 3104 2583 3161 immundus.
2604 3106 2789 3162 Potest
2805 3117 2858 3162 et
2884 3109 2950 3164 ad
2976 3120 3296 3180 pnesentcm
3313 3114 3477 3169 etiam

229 3207 387 3263 modo
423 3205 747 3277 completum
804 3204 894 3259 sit.
941 3202 1374 3259 Humiliaverunt
1409 3218 1502 3258 eos
1538 3201 1796 3267 Chaldaai,
1826 3184 1872 3247 (ἶ
1904 3193 2094 3249 referri
2125 3194 2455 3262 Jerusalem.
2502 3198 2555 3252 id
2583 3209 2665 3253 est
2698 3198 3030 3267 Ecclesiam,
3065 3218 3184 3258 cum
3222 3205 3478 3263 subaudi-

228 3297 491 3353 humiliati
518 3305 642 3352 sunt
667 3306 722 3352 et
748 3296 848 3366 ipsi
881 3310 911 3348 a
942 3294 1108 3350 Medis
1137 3303 1193 3350 et
1226 3294 1424 3349 Persis.
1469 3292 1797 3348 Humiliave-

229 3398 353 3445 runt
381 3404 477 3445 eos
509 3387 760 3451 Romani,
788 3386 879 3456 qui
915 3393 971 3440 et
1006 3394 1188 3455 postea
1225 3384 1522 3453 perierunt,
1553 3391 1607 3439 et
1634 3383 1800 3437 multa

228 3479 366 3536 mala
388 3479 774 3535 sustinuerunt.
815 3475 893 3531 lta
920 3475 1082 3530 etiam
1108 3474 1326 3543 maligni
1352 3474 1574 3544 spiritus
1596 3475 1687 3543 qui
1707 3490 1801 3531 eos

224 3568 643 3625 humiliaverunt
678 3568 951 3623 suadendo
987 3576 1047 3622 ut
1084 3568 1461 3637 cruciﬁgerent
1489 3565 1797 3632 Christum,

227 3658 495 3714 humiliati
524 3667 649 3712 sunt
682 3676 695 3710 :
730 3657 853 3727 quia
892 3656 1191 3711 amiserunt
1215 3671 1314 3726 per
1345 3654 1555 3709 Domini
1588 3656 1799 3725 passio-

233 3765 357 3806 nem
385 3758 707 3820 potcstatem
730 3764 889 3820 quam
913 3749 1230 3803 obtinebant
1266 3749 1318 3803 in
1356 3756 1468 3804 toto
1506 3749 1723 3814 mundo,
1747 3755 1803 3803 et

229 3843 284 3899 in
314 3841 400 3895 die
420 3839 608 3909 judicii
636 3838 1064 3894 humiliabuntur
1088 3839 1284 3904 adhuc,
1312 3855 1432 3894 cum
1461 3839 1645 3893 traditi
1692 3837 1802 3892 fue-

231 3931 339 3985 rint
367 3930 541 3999 poenis
566 3927 784 3984 inferni.
810 3926 1034 3984 Moritur
1057 3935 1235 3983 autem
1262 3941 1596 3997 unaquaeque
1621 3926 1800 3981 anima

229 4020 353 4078 dum
374 4026 561 4092 peccat
582 4018 863 4073 serviendo
886 4018 1051 4082 vitiis,
1079 4017 1186 4072 ruit
1207 4017 1258 4072 in
1281 4026 1534 4081 mortem,
1560 4024 1617 4072 et
1640 4016 1805 4087 capti-

231 4121 387 4166 vatur
418 4127 451 4165 a
484 4108 725 4176 diabolo;
756 4108 881 4162 dum
912 4122 1041 4178 ergo
1068 4107 1437 4178 ptenitentiam
1470 4108 1598 4179 agit,
1626 4107 1804 4162 eleva-

230 4213 316 4258 tnr
332 4213 386 4259 et
402 4203 676 4274 consurgit
696 4203 748 4257 in
772 4206 913 4257 statu
936 4200 1088 4254 bona:
1112 4201 1475 4270 operationis;
1505 4208 1557 4255 et
1580 4201 1800 4272 maligni

229 4296 448 4365 spiritus
465 4336 480 4359 ,
501 4295 591 4365 qui
614 4310 731 4350 eam
754 4295 1169 4349 humiliaverant
1192 4292 1455 4350 trahendo
1480 4295 1546 4349 ad
1567 4293 1799 4365 culpam,

228 4387 578 4444 humiliantur
608 4388 662 4442 in
691 4388 924 4443 interno.

822 4527 1048 4583 CAPUT
1096 4528 1205 4583 LII.

303 4679 321 4711 ι
354 4659 645 4730 Consurge,
677 4672 964 4729 consurge,
987 4659 1205 4713 induere
1232 4656 1599 4715 fortitudinem
1630 4668 1797 4723 tuam,

227 4753 361 4809 Sion
400 4773 413 4809 :
450 4753 673 4808 induere
717 4750 1055 4806 vestimentis
1101 4749 1283 4821 gloria:
1314 4759 1449 4817 tute,
1499 4750 1798 4807 Jerusalem

228 4846 421 4902 civitas
442 4845 635 4901 sancti.
659 4864 677 4897 ι
702 4843 868 4899 Isaias
885 4842 1166 4913 prepheta,
1184 4843 1338 4913 longe
1358 4853 1483 4898 ante
1511 4845 1798 4900 adventum

228 4938 460 5004 Domini,
481 4937 780 5008 praevidens
805 4935 1015 4991 Jndzeos
1039 4951 1262 4990 casuros
1285 4945 1340 4990 et
1366 4935 1601 4991 ruituros
1624 4938 1676 4991 in
1704 4953 1798 4992 ne-

227 5029 495 5102 gationem
518 5027 717 5083 Christi
740 5035 793 5079 et
820 5025 1208 5091 inﬁdelitatem,
1234 5034 1288 5079 et
1309 5029 1647 5096 postmodum
1675 5028 1798 5098 plu-

229 5124 398 5180 rimos
415 5137 601 5178 eorum
621 5122 688 5176 ad
710 5120 868 5175 ﬁdem
886 5127 1162 5184 venturos,
1209 5118 1495 5189 alloquitur
1517 5135 1613 5175 eos
1639 5122 1797 5176 modo

229 5216 320 5285 qui
346 5224 467 5285 post
488 5212 937 5269 resurrectionem
959 5220 1014 5266 et
1041 5211 1407 5266 ascensionem
1431 5212 1639 5267 Domini
1668 5228 1801 5283 pra:-

229 5309 536 5365 dicantibus
557 5306 812 5376 apostolis
835 5305 1293 5360 credideruntuna
1310 5304 1394 5359 die
1409 5305 1512 5358 tria
1536 5304 1724 5370 millia,
1745 5315 1801 5360 ct

227 5399 401 5457 altera
427 5398 513 5453 die
541 5397 777 5466 quinque
797 5395 961 5449 millia
987 5436 1000 5459 ,
1026 5404 1080 5449 et
1116 5397 1369 5465 deinceps
1408 5396 1574 5450 multa
1630 5397 1796 5452 millia

229 5491 369 5557 (Act.
398 5489 479 5559 ιι),
505 5495 563 5541 ιιι
587 5497 912 5556 consurgant
938 5485 1002 5539 de
1033 5486 1343 5541 inﬁdelitate
1382 5489 1453 5540 ad
1484 5488 1641 5544 ﬁdem
1676 5504 1798 5560 per-

228 5580 448 5644 fectam,
465 5588 518 5634 et
537 5579 602 5634 de
627 5578 853 5633 terrenis
886 5577 952 5631 ad
968 5576 1227 5638 cmlestia,
1246 5585 1301 5631 et
1317 5577 1472 5632 dicit:
1497 5577 1795 5650 Consurge,

226 5686 263 5729 0
285 5668 437 5732 Sion,
459 5668 679 5723 induere
708 5664 1020 5722 fortitudine
1043 5675 1153 5724 tua.
1169 5680 1289 5734 qua:
1306 5666 1546 5721 cecidisti
1576 5683 1673 5737 per
1697 5684 1794 5723 ne-

230 5763 523 5835 gationem;
542 5761 762 5816 induere
783 5756 1115 5815 vestimentis
1130 5743 1311 5829 gloriae
1331 5764 1451 5821 tum,
1469 5755 1789 5823 Jerusalem,

1904 3285 2072 3349 tione,
2107 3296 2165 3340 ut
2200 3288 2445 3343 dicamus
2470 3291 2596 3358 quia
2628 3306 2733 3344 non
2763 3295 3115 3361 pertransibit
3139 3295 3279 3352 ultra
3303 3312 3399 3367 per
3427 3307 3482 3355 te

1903 3375 2313 3432 incircumcisus
2355 3388 2409 3433 et
2459 3380 2812 3447 immundus,
2863 3384 2908 3438 si
2960 3393 3107 3441 recte
3159 3386 3482 3444 custodieris

1903 3483 2022 3539 qua:
2043 3468 2180 3524 dico.
2209 3467 2558 3526 Circumcisio
2591 3472 2691 3527 ista
2721 3474 3074 3546 spiritualiter
3100 3485 3185 3533 est
3215 3481 3441 3533 tenenda
3462 3521 3478 3545 ,

1901 3568 1958 3614 et
2002 3574 2108 3614 non
2152 3560 2205 3615 in
2253 3577 2359 3617 uno
2402 3562 2739 3620 solummodo
2785 3566 3030 3636 corporis
3077 3568 3353 3637 membro,
3382 3573 3479 3627 sed

1903 3651 1957 3706 in
2006 3651 2286 3719 omnibus,
2325 3662 2381 3707 et
2423 3669 2615 3721 sensu,
2659 3664 2714 3710 et
2753 3656 3049 3723 voluntate,
3082 3674 3143 3713 ac
3189 3660 3482 3730 cupiditate

1901 3758 2065 3813 prava
2097 3744 2464 3811 observanda,
2502 3757 2561 3801 ut
2600 3747 2652 3802 in
2693 3749 2944 3804 omnibus
2989 3750 3159 3807 simus
3182 3752 3395 3823 purgati
3422 3762 3482 3809 et

1902 3833 2111 3887 mundi.

1979 3944 1997 3977 ι
2040 3926 2307 3983 Excutere
2336 3929 2402 3983 de
2433 3930 2651 3999 pulvere
2679 3952 2696 3983 ι
2729 3942 3098 4003 peccatorum,
3130 3934 3182 3991 id
3208 3943 3293 3992 est
3320 3938 3478 4008 expia

1903 4027 1956 4074 te
1992 4029 2244 4089 peccato,
2285 4039 2302 4072 ι
2337 4037 2602 4094 consurge
2638 4045 2656 4076 ι
2688 4027 2753 4080 ad
2792 4027 3188 4095 pteniteutiam.
3231 4048 3249 4080 ι
3284 4028 3425 4087 Sede
3455 4052 3475 4084 ι

1906 4111 1960 4166 in
1988 4120 2130 4167 statu
2166 4114 2391 4180 mentis,
2414 4130 2448 4169 0
2476 4132 2494 4165 ι
2528 4115 2638 4170 lilia
2666 4117 2795 4172 Sion
2823 4120 3060 4189 captiva,
3096 4141 3114 4172 ι
3148 4121 3201 4176 id
3242 4134 3326 4178 cst
3360 4140 3481 4193 quae

1897 4197 2011 4267 jam
2038 4201 2247 4269 captiva
2278 4203 2499 4267 teneris,
2532 4222 2549 4253 ι
2578 4202 2725 4257 solve
2748 4205 2956 4259 vincula
2980 4206 3102 4260 colli
3133 4208 3229 4273 tui,
3261 4228 3278 4260 ι
3312 4208 3364 4264 id
3391 4220 3480 4265 est

1904 4287 2115 4342 vincula
2139 4300 2483 4358 peccatorum
2515 4308 2577 4346 ac
2608 4292 3082 4364 blasphemiarum,
3117 4308 3172 4352 ut
3200 4300 3377 4369 possis
3400 4302 3481 4356 dis

1903 4396 2026 4436 cere
2072 4398 2193 4435 cum
2221 4381 2506 4437 Psalmista
2540 4403 2552 4437 :
2585 4403 2602 4434 ι
2637 4385 2894 4456 Dirupisti
2932 4387 3143 4443 vincu'a
3190 4406 3334 4455 mea,
3381 4394 3479 4449 tibi

1904 4474 2219 4529 sacriﬁcabo
2251 4475 2482 4530 hostiam
2508 4476 2701 4532 laudis.
2732 4498 2750 4528 ι
2773 4477 2888 4533 Non
2921 4489 3039 4535 erat
3070 4490 3195 4538 tunc
3224 4483 3354 4549 ﬁlia,
3386 4485 3485 4542 sed

1826 4544 1879 4604 D
1906 4571 2117 4640 captiva
2149 4574 2450 4634 tenebatur,
2482 4574 2531 4626 id
2568 4581 2647 4626 est
2670 4571 2781 4642 jam
2814 4575 2863 4629 ei
2896 4575 3213 4633 imminebat
3246 4579 3479 4648 captivi-

1909 4672 2012 4726 tas,
2047 4664 2172 4734 quia
2207 4665 2451 4734 ncgando
2477 4664 2671 4721 Filium
2698 4668 2791 4723 Dei
2811 4667 3119 4726 eﬁeminata
3146 4681 3249 4737 est,
3271 4683 3322 4728 et
3351 4675 3483 4728 ami~

1906 4754 1975 4810 sit
1992 4755 2355 4824 virginitatem
2386 4772 2557 4812 suam.
2578 4756 2728 4813 Tunc
2749 4759 2931 4826 solvit,
2955 4760 3103 4827 Sion,
3122 4764 3330 4820 vincula
3351 4764 3479 4823 colli

1907 4848 2006 4912 tui,
2039 4848 2103 4902 de
2138 4847 2242 4901 illis
2270 4847 2389 4903 dico
2419 4849 2510 4919 qui
2545 4850 2909 4917 crediderunt,
2937 4848 3154 4922 quando
3180 4856 3482 4926 praedican-

1907 4938 2049 4993 tibus
2100 4937 2357 5008 apostolis
2406 4938 2663 5009 baptizati
2717 4951 2845 4997 sunt
2897 4942 2951 4996 in
3000 4943 3216 5001 nomine
3266 4943 3480 5000 Domini

1905 5030 2051 5086 Jesu.
2097 5049 2115 5083 ι
2146 5030 2282 5098 Quia
2327 5030 2440 5086 haec
2470 5030 2602 5085 dicit
2633 5033 2893 5088 Dominus
2922 5052 2935 5087 :
2969 5032 3148 5091 Gratis
3191 5035 3481 5095 venundati

1895 5124 2048 5186 estis,
2091 5129 2148 5176 et
2190 5122 2307 5175 sine
2337 5129 2561 5192 argento
2596 5123 2956 5181 redimemiui.
2996 5143 3014 5175 ι
3045 5122 3257 5189 Gratis,
3304 5123 3356 5179 id
3397 5134 3481 5184 est

1895 5222 2085 5284 sponte
2122 5222 2176 5268 et
2214 5211 2550 5278 voluntarie,
2578 5213 2870 5270 venundati
2898 5213 3033 5270 estis
3070 5213 3321 5273 diabolo:
3352 5215 3479 5286 quia

1900 5304 2033 5359 nihil
2055 5303 2178 5358 boni
2214 5311 2536 5371 acceperunt
2572 5317 2603 5356 a
2638 5302 2832 5367 Pilato,
2858 5303 3132 5361 tradentes
3160 5303 3355 5359 Filium
3384 5304 3480 5360 Dei

1904 5392 2084 5450 morti.
2121 5393 2184 5447 Et
2219 5408 2391 5462 neque
2431 5392 2647 5463 aliquod
2686 5393 3025 5449 commodum
3065 5395 3190 5451 inde
3224 5409 3479 5465 percepe-

1904 5495 2050 5550 runt,
2083 5501 2183 5540 nec
2206 5484 2419 5555 aliquod
2462 5485 2857 5541 incommodum
2896 5498 3205 5544 evaserunt.
3232 5487 3358 5544 Ideo
3382 5504 3481 5544 au-v

1905 5566 2010 5632 tem
2053 5576 2218 5643 dicit,
2263 5586 2318 5631 et
2356 5576 2473 5632 sine.
2516 5585 2738 5647 argento
2784 5578 3155 5646 redimemini,
3190 5581 3317 5657 quia
3362 5579 3482 5635 sine

1900 5669 2082 5739 aliquo
2110 5667 2261 5725 lucro
2294 5676 2352 5723 et
2382 5666 2627 5738 praemio,
2652 5675 2709 5723 et
2732 5669 2848 5724 sine
2881 5670 3083 5725 nostris
3120 5668 3477 5742 prmcedentio

1901 5763 2000 5817 bus
2023 5761 2228 5815 meritis
2257 5758 2424 5814 Filius
2468 5757 2561 5813 Dei
2603 5774 2702 5818 nos
2731 5759 2956 5824 redemit
2983 5778 3078 5819 sua
3100 5763 3271 5837 gratia
3294 5771 3352 5821 et
3378 5762 3479 5821 mi.-
