4016 6486
509 392 618 451 985

900 343 905 353 ’
991 386 1344 444 ιιΑιιιιοΝιε
1381 386 1856 443 ιιΑιιςΕιιεΤΑΤ.
1897 387 2107 443 EPISC.

2209 386 2291 442 δν.
2334 386 2511 443 PARS
2548 387 2585 442 l.
2624 418 2669 428 —-
2729 384 3085 443 COMMENT.
3125 381 3297 440 BlBL.

3677 383 3788 442 984

513 506 827 563 sericordia.
875 503 1024 559 Unde
1057 502 1252 557 Petrus
1290 484 1563 572 apostolus
1604 504 1732 558 dicit
1763 522 1776 559 :
1807 500 1925 558 Non
1965 481 2097 557 auro
2128 508 2171 565 Α
2203 503 2338 558 han
2363 518 2461 572 per
2501 502 2841 573 patriarchas
2887 510 2939 555 et
2982 498 3295 571 prophetas,
3326 516 3344 549 ι
3367 498 3506 553 Ecce
3553 499 3746 556 adsum
3769 523 3792 554 ι

512 597 853 668 corruptibili
889 605 944 650 et
976 603 1220 665 argento,
1251 594 1335 647 vel
1366 594 1541 663 lapide
1569 597 1804 663 pretioso
1832 596 2101 666 redempti
2190 608 2298 664 ‘per
2321 594 2711 659 incarnationis
2735 593 3068 664 mysterium.
3094 591 3351 662 Populum
3375 603 3533 647 suum
3556 594 3799 663 appellat

511 692 643 745 estis
665 693 732 744 de
760 705 900 743 vana
928 697 1103 743 vestra
1132 687 1564 752 conversatione,
1593 688 1684 742 sed
1708 688 1943 757 pretioso
1971 702 2097 741 san-

512 783 671 854 gaine
699 779 823 835 Jesu
852 780 1051 835 Christi
1086 778 1139 849 (1
1167 776 1308 837 Ρεῖν.
1345 778 1400 848 ι).
1430 772 1450 827 ἰ

582 875 719 942 Quia
752 875 866 927 hare
889 872 1018 926 dicit
1042 870 1298 925 Dominus
1329 890 1338 923 :
1374 890 1391 921 ι
1422 870 1478 924 In
1506 870 1799 941 Egyptum
1825 871 2103 927 descendit

512 969 741 1042 populus
770 982 919 1021 meus
965 967 1017 1019 in
1063 965 1330 1034 principio
1351 1006 1365 1029 ,
1398 984 1415 1016 ι
1451 966 1555 1019 hoc
1585 975 1665 1019 est
1691 966 1742 1017 in
1770 963 1960 1042 Jacob,
1995 985 2013 1015 (
2044 975 2102 1018 ιιι

513 1064 734 1119 colonus
755 1069 897 1115 esset
923 1059 1017 1123 ibi,
1050 1080 1068 1110 ι
1094 1059 1144 1113 id
1171 1068 1256 1113 est
1280 1067 1335 1111 ut
1360 1058 1621 1112 incoleret
1646 1069 1846 1111 terram
1870 1036 2098 1112 Gc’ssen.

516 1175 540 1207 ε
578 1155 646 1210 Ει
670 1155 862 1211 Assur.
904 1171 921 1203 ι
957 1152 1060 1206 hoc
1086 1159 1167 1205 est
1194 1149 1448 1220 Assyrius
1473 1147 1701 1218 populus
1726 1148 1949 1202 veniens
1978 1163 2099 1202 cum

514 1245 1026 1301 Nabuchodonosor.
1079 1263 1096 1293 ι
1135 1241 1354 1310 Absque
1389 1239 1493 1295 ulla
1531 1256 1693 1294 causa
1740 1241 2103 1296 calumniatus

512 1348 597 1393 est
618 1353 761 1402 eum,
800 1357 818 1388 ι
847 1345 1134 1406 postquam
1165 1334 1239 1389 illi
1268 1334 1593 1387 introierunt
1622 1332 1673 1385 in
1696 1341 1897 1391 terram
1924 1348 2100 1387 suam.

512 1431 580 1486 Et
608 1438 692 1486 est
720 1444 909 1484 sensus
940 1424 1213 1495 :Egyptii
1242 1424 1457 1492 quidem
1487 1422 1776 1486 voluerunt
1797 1431 1984 1479 tenere
2013 1439 2103 1492 po-

514 1521 695 1591 pulum
727 1534 906 1575 meum
936 1518 989 1572 in
1018 1516 1299 1580 servitute,
1342 1514 1412 1568 ob
1452 1514 1827 1583 hujuscemodi
1854 1514 2105 1568 videlicet

511 1627 757 1675 causam,
790 1610 913 1679 quia
942 1609 1299 1663 liberaverant
1329 1620 1451 1659 eum
1479 1604 1544 1657 de
1572 1605 1795 1674 penuria
1822 1603 1997 1659 famis.
2039 1605 2105 1660 Et

514 1701 866 1770 reverajusle
889 1697 1208 1751 videbantur
1228 1710 1291 1749 ex
1318 1701 1472 1763 parte
1502 1709 1694 1765 agere;
1727 1694 1819 1749 sed
1850 1710 1950 1764 ego
1975 1694 2105 1747 libe-

516 1793 631 1849 ravi
662 1806 784 1845 cum
811 1788 1087 1844 educendo
1118 1801 1214 1856 per
1239 1786 1513 1839 desertum
1547 1786 1598 1838 in
1624 1794 1823 1840 terram
1854 1785 1953 1840 sibi
1978 1793 2106 1842 ante

516 1875 860 1953 promissam.
893 1877 1027 1932 Etsi
1068 1875 1289 1942 deliquit
1326 1883 1518 1928 contra
1556 1874 1861 1944 Assyrium,
1891 1883 1949 1928 ut
1977 1890 2100 1929 eum
2134 1858 2177 1916 Β

515 1971 808 2042 expelleret
854 1985 881 2022 a
921 1967 1139 2037 proprio
1165 1965 1297 2030 solo,
1341 1974 1398 2019 et
1426 1965 1849 2021 calumniaretur
1874 1981 2016 2025 eum,
2048 1966 2102 2020 id

516 2074 597 2118 est
625 2071 682 2116 ut
705 2061 1034 2133 opprimeret
1057 2058 1227 2121 illum,
1267 2065 1322 2110 et
1349 2058 1694 2114 occasionem
1719 2066 1983 2127 qumreret
2014 2074 2106 2114 no-

516 2156 693 2209 cendi.
729 2152 1002 2207 Moraliter
1041 2160 1221 2205 autem
1253 2149 1539 2222 Aigyptus,
1571 2167 1690 2220 qum
1717 2149 2105 2220 interpretatur

517 2248 752 2301 tenebne
775 2243 857 2298 vel
885 2258 1109 2308 mceror,
1136 2240 1407 2312 signiﬁcat
1435 2242 1578 2298 hunc
1605 2242 1884 2296 mundum.
1922 2242 2111 2296 Genus

515 2351 647 2408 ergo
690 2336 982 2389 humanum
1031 2334 1083 2387 in
1124 2333 1407 2404 principio,
1448 2333 1549 2387 hoc
1595 2332 1765 2388 estin
1796 2333 1978 2403 primo,
2005 2348 2102 2404 pa-

517 2437 669 2484 rente
693 2436 901 2491 nostro,
927 2427 1201 2481 descendit
1238 2427 1289 2479 in
1315 2427 1456 2483 hunc
1488 2426 1766 2491 mundum,
1798 2434 1856 2479 ut
1883 2425 2105 2481 colonus

515 2528 661 2578 esset
693 2519 787 2574 ibi.
827 2516 984 2572 Juxta
1016 2518 1160 2586 quod
1205 2515 1489 2570 Psalmista
1518 2515 1690 2573 dicit:
1728 2534 1745 2565 c
1782 2514 1958 2569 lncola
2003 2529 2104 2585 ego

518 2627 637 2668 sum
689 2608 830 2680 apud
873 2619 957 2673 te,
1002 2614 1055 2661 et
1097 2605 1416 2675 peregrinus
1448 2603 1622 2671 (Psal.
1653 2604 1903 2671 xxxvm).
1941 2623 1959 2654 ι
1997 2601 2104 2658 Sed

518 2695 764 2758 diabolus
792 2702 995 2775 absque
1020 2698 1126 2751 ulla
1169 2712 1329 2751 causa
1359 2695 1720 2750 calumniatus
1756 2703 1843 2750 est
1868 2710 2015 2759 eum,
2047 2693 2102 2749 id

516 2804 603 2851 est
641 2794 757 2849 sine
787 2808 948 2849 causa
984 2790 1232 2861 quzesivit
1266 2790 1512 2858 decipere
1540 2803 1661 2843 eum
1682 2830 1695 2853 ,
1727 2788 1851 2857 quia
1880 2788 2012 2842 nihil
2051 2789 2100 2842 ei

517 2886 884 2943 commiserat.
913 2884 1096 2939 Genus
1120 2897 1248 2953 ergo
1279 2882 1573 2936 humanum
1603 2890 1822 2950 propter
1849 2880 1952 2934 hoc
1982 2880 2103 2934 dico

519 2978 767 3033 colonum
815 2976 905 3031 hic
943 2989 1082 3040 esse,
1115 2973 1264 3043 quia,
1312 2970 1358 3026 si
1402 2986 1506 3025 non
1542 2979 1817 3040 peccasset
1843 2970 2103 3025 suadente

519 3069 755 3133 diabolo,
772 3067 1037 3136 completo
1061 3078 1284 3119 numero
1306 3062 1622 3123 electorum,
1640 3062 1821 3115 statim
1849 3060 2105 3115 transiret

521 3162 587 3218 de
614 3171 830 3215 terreno
854 3158 1104 3235 paradiso
1128 3158 1194 3211 ad
1228 3154 1421 3226 gaudia
1451 3163 1666 3211 aeterna:
1694 3154 1910 3230 quietis.

556 3246 559 3249 ’
596 3271 613 3303 ι
651 3252 715 3305 Et
750 3214 990 3319 nunquid
1021 3247 1149 3303 mihi
1180 3214 1266 3300 est
1310 3224 1913 3323 bic,dicitDominus?i
1937 3240 2104 3309 Quasi
2131 3214 2176 3277 C

522 3326 763 3398 diceret:
801 3340 937 3413 Quid
985 3352 1193 3396 memor
1226 3337 1315 3390 hic
1350 3335 1402 3389 in
1441 3333 1622 3389 Judaea
1679 3332 1939 3403 amplius,
1983 3347 2104 3386 cum

526 3436 685 3504 pauci
722 3432 794 3487 ibi
836 3431 944 3485 sint
974 3428 1026 3485 in
1074 3443 1162 3483 me
1204 3425 1497 3482 credituri?
1522 3424 1748 3495 Pergam
1797 3422 1863 3480 ad
1898 3431 2104 3492 gentes,

528 3544 555 3579 ‹
583 3525 837 3598 quoniam
864 3522 1075 3581 ablatus
1100 3528 1183 3574 est
1211 3516 1439 3588 populus
1467 3531 1617 3569 meus
1642 3514 1815 3585 gratis
1854 3514 1919 3569 de
1963 3521 2106 3567 terra

523 3635 642 3686 sua,
679 3637 699 3673 ι
734 3617 818 3672 vel
844 3632 873 3670 a
906 3616 1017 3672 Deo
1045 3612 1253 3669 ablatus
1283 3619 1368 3665 est
1398 3609 1535 3664 male
1564 3607 1814 3662 vivendo.

604 3728 624 3762 ι
653 3708 1033 3764 Dominatores
1076 3703 1227 3772 ejus,
1278 3722 1295 3753 ι
1333 3700 1589 3755 subaudis
1621 3697 1803 3770 populi
1841 3696 2025 3751 decem
2055 3703 2111 3749 et

528 3803 757 3859 duarum
791 3798 1025 3853 tribuum
1046 3836 1061 3861 ,
1090 3815 1108 3846 (
1141 3795 1323 3863 inique
1362 3800 1549 3860 agunt,
1581 3789 1712 3845 dicit
1740 3788 2018 3852 Dominus,
2053 3794 2110 3840 ct

519 3895 723 3967 jugiter
758 3900 868 3947 tota
906 3890 992 3945 dic
1022 3901 1216 3945 nomen
1249 3900 1427 3938 meum
1467 3882 1890 3955 blasphematur,
1923 3899 1942 3930 ι
1977 3876 2107 3933 sub-

524 3986 678 4041 audis
709 3984 761 4038 in
794 3980 1093 4058 Synagogis
1119 3975 1494 4040 eorum,sicut
1525 3974 1714 4027 beatus
1754 3971 2110 4041 Hieronymus

525 4081 680 4143 dicit,
708 4078 851 4151 quod
880 4085 963 4129 ter
985 4069 1227 4143 quotidie
1252 4068 1305 4122 in
1334 4065 1621 4138 synagogis
1649 4064 1761 4118 suis
1785 4060 2121 4115 maledicunt.

524 4171 813 4227 Dominum
845 4174 1139 4231 omnesque
1180 4159 1504 4213 Nazarzenos
1539 4155 1674 4224 ejus,
1721 4153 1802 4207 vel
1849 4153 2011 4207 etiam
2056 4151 2108 4205 in

527 4259 778 4333 gentibus
823 4253 1244 4324 blasphematur,
1295 4247 1587 4302 secundum
1639 4244 1767 4299 illud
1813 4260 1827 4297 :
1873 4242 1976 4297 Per
2014 4256 2110 4296 vos

529 4332 726 4408 nomen
756 4346 847 4402 Dei
877 4347 928 4400 in
954 4342 1203 4414 gentibus
1228 4339 1649 4411 blasphematur.
1680 4336 1817 4390 Dum
1854 4333 1997 4389 enim
2032 4332 2108 4387 illi

526 4455 692 4514 prava
710 4442 879 4509 ‘opera
908 4437 960 4490 in
992 4440 1282 4505 conspectu
1319 4429 1555 4501 gentium
1601 4426 1985 4497 adimplebant,
2019 4425 2111 4479 de-

527 4531 805 4588 ridebatur
843 4540 1037 4582 nomen
1067 4523 1159 4577 Dei
1194 4530 1249 4579 et
1284 4520 1469 4592 religio
1494 4518 1610 4574 Dei.
1641 4517 1709 4572 Et
1741 4516 1955 4589 quando
1983 4530 2108 4585 pro-

525 4618 648 4696 pter
674 4630 894 4694 peccata
927 4633 1024 4674 sua
1055 4614 1387 4671 ducebantur
1416 4611 1468 4665 in
1498 4609 1885 4681 captivitatem,
1914 4614 1968 4660 et
1999 4614 2106 4659 tra-

527 4695 792 4772 debantur
818 4714 870 4767 iu
900 4725 1091 4765 manus
1113 4707 1367 4769 hostium,
1396 4703 1648 4761 dicebant
1674 4698 1938 4773 Egyptii,
1960 4697 2107 4757 Moa-

528 4808 654 4862 bitae
682 4814 737 4859 et
761 4800 997 4865 Idumaei,
1028 4799 1252 4867 aliaeque
1281 4802 1468 4867 gentes
1492 4793 1685 4851 vicina:
1716 4806 1901 4849 eorum
1931 4788 2102 4856 (Rom.

529 4895 591 4970 ιι)
616 4914 630 4950 :
654 4893 757 4950 Ubi
776 4898 858 4948 est
885 4904 1027 4945 nunc
1050 4888 1191 4943 Deus
1217 4885 1442 4944 eorum?
1468 4883 1622 4938 Modo
1644 4890 1866 4955 apparet
1888 4880 2107 4949 majoris

529 4985 810 5059 potestatis
827 4990 881 5038 et
900 4980 1120 5036 virtutis
1145 4992 1268 5033 esse
1294 4977 1424 5032 deos
1450 4984 1685 5037 nostros,
1705 4988 1864 5042 quam
1893 4972 2105 5026 illorum

531 5081 622 5146 sit,
667 5078 756 5148 qui
796 5091 902 5131 non
935 5073 1079 5128 valet
1115 5087 1209 5127 eos
1236 5079 1517 5145 protegere
1547 5070 1614 5123 ab
1639 5067 1884 5122 hostibus
1923 5068 2105 5141 et'gu-

531 5174 780 5227 bernare.
825 5167 1198 5221 Dominatores
1237 5161 1383 5230 ejus,
1415 5160 1620 5230 inquit,
1651 5160 1833 5228 inique
1864 5166 2105 5229 agentes,

531 5264 790 5321 debemus
814 5258 1108 5327 intelligere
1129 5270 1283 5325 reges
1305 5261 1359 5307 ct
1380 5252 1666 5325 principes,
1694 5251 2110 5329 sacerdotesque

534 5370 742 5411 necnon
765 5361 820 5407 et
847 5350 1051 5407 scribas
1070 5356 1125 5403 et
1145 5347 1464 5411 Pbarismos,
1486 5346 1554 5399 ob
1576 5359 1801 5418 quorum
1831 5352 2107 5413 peccatam

533 5446 763 5527 populus
797 5444 1025 5500 traditus
1051 5441 1207 5499 estin
1239 5438 1612 5512 direptionem.

613 5558 632 5589 ι
666 5535 894 5608 Propter
926 5535 1047 5597 hoc,
1084 5552 1102 5585 ι
1133 5531 1386 5586 subaudis
1421 5529 1546 5599 quia
1585 5527 1927 5597 blasphemor
1953 5544 1983 5584 a
2015 5528 2105 5583 Ju-

535 5629 682 5692 dmis,
717 5645 735 5678 (
771 5625 906 5682 sciet
924 5622 1152 5694 populus
1179 5635 1351 5684 meus,
1385 5640 1402 5671 ι
1433 5631 1622 5674 omnes
1660 5617 1846 5672 ﬁdeles
1884 5626 1936 5671 et
1984 5634 2106 5672 crc-

534 5719 757 5783 dentes,
791 5736 809 5765 (
850 5731 1045 5770 nomen
1096 5728 1274 5767 meum
1321 5713 1371 5767 in
1425 5712 1510 5766 die
1559 5708 1678 5773 illa,
1711 5729 1727 5760 ι
1762 5710 1866 5764 hoc
1916 5719 1999 5764 est
2054 5709 2107 5765 in

541 5818 779 5884 tempore
802 5804 1189 5862 incarnationis
1211 5820 1389 5871 mea!“
1412 5804 1534 5874 quia
1551 5817 1649 5873 ego
1676 5801 1788 5870 ipse
1809 5800 1898 5871 qui
1922 5798 2107 5873 loque-

2201 685 2371 752 iilum,
2403 686 2467 741 de
2495 688 2636 756 quod
2661 686 2795 741 dixit
2821 685 3043 755 angelus
3071 685 3136 738 ad
3159 684 3359 754 Ioseph
3393 702 3408 737 :
3444 704 3462 735 ι
3499 685 3619 754 Ipse
3649 687 3800 740 enim

2202 777 2408 833 salvum
2428 777 2591 831 faciet
2610 772 2866 847 populum
2885 786 3038 829 suum
3063 792 3091 828 a
3116 775 3353 843 peccatis
3367 790 3556 829 eorum
3576 776 3798 846 (Matth.

2201 867 2263 938 ι).
2304 885 2323 918 ι
2374 867 2480 921 Iste
2519 874 2602 921 est
2633 866 2781 932 dies,
2809 867 2875 921 de
2902 880 3008 934 quo
3039 865 3169 919 dicit
3211 865 3477 920 Daminus
3518 868 3571 921 in
3614 864 3799 920 Evan-

2200 958 2388 1028 gelio:
2456 976 2474 1009 (
2502 948 2775 1012 Abraham
2838 939 2994 1026 pater
3037 963 3217 1010 vester
3267 957 3566 1011 exsultavit
3609 968 3672 1011 ut
3724 956 3805 1010 ῆι

2202 1048 2353 1103 deret
2378 1048 2528 1119 diem
2571 1063 2750 1102 meum
2796 1047 2978 1118 (Joan.
3025 1046 3164 1115 vin).
3204 1046 3224 1099 “»
3260 1045 3469 1103 Nomen
3497 1061 3633 1119 ergo
3682 1043 3801 1118 ejus

2202 1118 2393 1194 sciunt
2407 1153 2596 1194 names
2629 1138 2933 1202 credentes,
2970 1138 3096 1207 quia
3126 1138 3194 1192 ab
3223 1139 3339 1207 ipso
3366 1118 3674 1194 Christiani
3707 1156 3803 1194 vo-

2203 1239 2414 1286 cantur.
3210 1246 3211 1249 ‘
3576 1246 3589 1255 ·

2280 1342 2297 1373 (
2327 1323 2498 1389 Quam
2527 1322 2738 1393 pulchri
2776 1338 2938 1398 super
2966 1331 3176 1377 montes
3202 1323 3801 1395 pedes'annuntiantis,

2203 1415 2549 1485 praedicantis
2573 1429 2785 1485 pacem,
2811 1416 3183 1471 annuntiantis
3203 1399 3422 1477 bonum,
3449 1417 3805 1493 pitedimntis

2205 1504 2453 1571 salutem,
2487 1506 2717 1560 dicentis
2747 1522 2761 1558 :
2795 1504 2925 1560 Sion
2958 1507 3203 1576 regnabit
3238 1507 3380 1563 Deus
3421 1516 3570 1566 tuus.
3618 1527 3637 1558 ι
3676 1508 3803 1574 Qui-

2205 1596 2330 1651 dam
2364 1596 2578 1652 codices
2621 1597 2823 1651 habent
2858 1614 2870 1650 :
2909 1598 3290 1653 annuntiantcs
3340 1609 3395 1654 ct
3440 1599 3802 1669 prmdicantes

2205 1703 2392 1759 pacem
2410 1729 2428 1752 ι
2456 1690 2548 1743 sed
2578 1687 2714 1750 falso
2740 1690 3001 1758 scriptum
3027 1698 3128 1743 est.
3161 1689 3306 1744 Ordo
3334 1673 3467 1759 ergo
3504 1690 3795 1745 verborum

2207 1781 2311 1836 iste
2342 1789 2460 1835 est:
2492 1779 2662 1848 Quam
2693 1781 2904 1851 pulchri
2932 1780 3112 1855 pedes,
3145 1780 3406 1835 subaudis
3439 1780 3678 1844 Christi,
3711 1798 3793 1835 an-

2206 1877 2505 1932 nuntiantis
2566 1860 2621 1931 et
2682 1877 3028 1955 prtedicantis
3099 1892 3261 1948 super
3316 1892 3511 1932 omnes
3580 1884 3793 1949 pacem!

2205 1970 2413 2025 Montes
2443 1970 2653 2026 duobus
2681 1972 2855 2026 modis
2898 1962 3185 2041 possumus
3224 1971 3558 2040 intelligere,
3593 1973 3679 2026 vel
3720 1989 3797 2027 se-

2204 2062 2438 2125 cundum
2466 2044 2702 2116 litteram
2730 2071 2941 2116 montes
2960 2061 3291 2127 Judzeorum,
3309 2078 3479 2132 super
3499 2079 3642 2133 quos
3662 2081 3795 2134 saepe

2205 2153 2464 2207 Dominus
2507 2152 2822 2223 prmdicavit
2867 2138 3075 2233 positus
3116 2154 3171 2207 in
3222 2170 3414 2220 carne,
3446 2155 3499 2207 in
3530 2155 3723 2223 quibus
3745 2165 3795 2209 et

2206 2245 2393 2299 turbas
2442 2244 2630 2300 refecit
2657 2263 2668 2298 :
2698 2244 2801 2311 vel,
2832 2243 2975 2315 quod
3004 2245 3199 2300 melius
3230 2256 3336 2312 est,
3376 2247 3674 2316 apostolos,
3704 2248 3787 2316 qui

2205 2335 2425 2391 fuerunt
2451 2347 2666 2391 montes
2691 2344 2912 2408 propter
2933 2335 3273 2394 altitudinem
3298 2336 3567 2390 virtutum
3596 2355 3609 2389 :
3637 2352 3791 2406 super

2204 2442 2340 2496 quos
2382 2426 2642 2480 Dominus
2685 2426 3029 2495 praedicavit,
3062 2425 3185 2497 quia
3232 2427 3333 2488 sub
3372 2410 3508 2496 ipsis
3545 2428 3776 2481 cordibus

2204 2534 2392 2574 eorum
2431 2519 2684 2584 sedebat,
2713 2517 2899 2573 dicens
2929 2535 2940 2571 :
2969 2518 3164 2579 Pacem
3198 2518 3450 2596 relinquo
3482 2517 3651 2583 vobis,
3687 2535 3778 2588 pa-

2205 2625 2324 2665 cem
2358 2625 2534 2664 meam
2584 2611 2652 2664 do
2701 2610 2872 2665 vobis.
2908 2609 2973 2664 Et
3004 2610 3069 2673 de
3094 2610 3288 2679 quibus
3316 2610 3370 2663 in
3401 2610 3619 2665 Psalmo
3660 2611 3787 2665 dici-

2206 2708 2295 2753 tur
2322 2718 2334 2753 :
2372 2719 2391 2751 (
2427 2698 2743 2753 llluminans
2775 2707 2830 2752 tu
2861 2698 3183 2761 mirabiliter
3208 2715 3236 2753 a
3278 2700 3560 2755 montibus
3588 2702 3793 2756 aeternis

2206 2790 2391 2863 (ΡειιΙ.
2454 2792 2615 2861 Lvn).
2668 2811 2685 2842 ι
2734 2790 2982 2862 Seipsum
3023 2806 3153 2861 ergo
3202 2791 3311 2851 illis
3363 2792 3688 2863 praedicavit
3746 2804 3791 2844 et

2205 2872 2573 2948 annuntiavit,
2596 2881 2722 2951 quia
2753 2882 2867 2952 ipse
2898 2889 2979 2936 est
3014 2897 3117 2952 pax
3152 2889 3335 2936 nostra
3370 2898 3465 2951 qui
3501 2881 3632 2936 fecit
3663 2892 3795 2935 utra.

2204 2995 2310 3049 que
2342 2994 2509 3040 unum]
2559 2977 2774 3048 (Ep/tes.
2813 2976 2911 3048 ιι),
2951 2984 3007 3031 et
3054 2976 3146 3046 qui
3191 2992 3291 3040 nos
3333 2978 3648 3047 paciﬁcavit
3693 2978 3797 3031 Deo

2204 3069 2375 3124 Patri.
2416 3068 2589 3127 Pedes
2623 3084 2752 3137 ergo
2795 3067 2999 3123 Christi
3041 3068 3415 3123 annuntiantis
3441 3084 3639 3137 pacem
3676 3067 3794 3138 pul-

2208 3161 2327 3217 chri
2347 3168 2472 3215 sunt
2501 3178 2513 3213 :
2544 3161 2668 3229 quia
2700 3159 2972 3230 pulverem
2997 3168 3338 3231 peccatorum
3373 3175 3477 3213 non
3499 3168 3789 3214 contraxe-

2209 3263 2353 3311 runt.
2376 3272 2394 3305 ι
2427 3253 2715 3309 Peccatum
2739 3254 2884 3315 enim
2912 3270 3019 3313 non
3046 3254 3203 3320 fecit,
3232 3269 3321 3309 nec
3347 3254 3495 3307 dolus
3524 3255 3785 3310 inventus

2207 3358 2290 3403 est
2320 3348 2373 3402 in
2402 3363 2497 3402 ore
2524 3348 2640 3418 ejus
2671 3346 2721 3418 (1
2754 3344 2900 3405 Patr.
2931 3346 3018 3418 ιι).
3054 3366 3071 3396 ι
3116 3347 3182 3402 Et
3211 3366 3223 3400 :
3254 3348 3414 3414 Quam
3438 3346 3650 3417 pulchri
3677 3359 3784 3416 pea

2208 3435 2324 3499 des,
2368 3435 2561 3503 inquit,
2590 3433 2813 3499 Christi,
2841 3435 3219 3495 annuntiantis
3246 3436 3467 3497 bonum,
3493 3433 3579 3487 vel
3611 3446 3675 3489 se
3705 3432 3792 3488 vel

2208 3525 2555 3596 Evangclium
2605 3540 2762 3578 suum
2807 3542 2819 3578 :
2860 3526 3205 3595 prtedicantis
3246 3525 3512 3589 salutem,
3553 3525 3661 3581 hoc
3689 3533 3791 3587 est,

2209 3616 2633 3685 redemptionem
2673 3624 2728 3670 et
2767 3616 3048 3685 prmmium
3081 3617 3236 3675 vitm!
3270 3617 3339 3671 Et
3376 3633 3538 3690 quam
3584 3616 3795 3686 pulchri

2207 3707 2374 3778 pedes
2406 3705 2631 3771 Christi,
2663 3705 2895 3760 dicentis
2923 3722 2936 3758 :
2965 3705 3008 3760 0
3033 3706 3183 3770 Sion,
3210 3707 3311 3761 hoc
3338 3716 3445 3771 est,
3473 3706 3796 3763 universalis

2209 3784 2474 3865 Ecclesia,
2498 3800 2745 3870 regnabit
2771 3799 2915 3855 Deus
2935 3803 3088 3855 tuus!
3114 3800 3227 3855 Vox
3258 3803 3543 3873 prepbeta:
3572 3803 3640 3857 de
3666 3802 3803 3858 Filio

2207 3893 2553 3964 p_r:edicantis
2585 3902 2641 3947 et
2667 3894 3043 3949 annuntiantis
3077 3911 3266 3964 pacem
3308 3911 3477 3966 super
3503 3897 3799 3966 apostolos,

2208 3994 2263 4047 et
2295 3984 2523 4043 dicentis
2570 3983 2643 4039 ad
2679 3983 2982 4042 Ecdesiam
3015 3984 3321 4055 :chnabit
3357 3988 3501 4041 Deus
3528 3998 3676 4041 tuus.
3706 3986 3800 4041 Vel

2209 4073 2370 4126 etiam
2394 4074 2457 4128 de
2493 4073 2752 4149 apostolis
2780 4074 3003 4145 intelligi
3033 4084 3230 4145 potest,
3262 4076 3352 4147 qui
3386 4077 3557 4146 pedes
3589 4076 3798 4133 Domini

2209 4163 2445 4227 fuerunt,
2478 4166 2693 4234 quando
2721 4181 2819 4237 per
2844 4166 3336 4243 illosdiscurrendo
3367 4183 3466 4238 per
3489 4170 3797 4225 universum

2208 4256 2396 4311 orbem
2424 4255 2774 4326 Evangelium
2797 4257 3157 4322 annuntiavit,
3182 4267 3232 4312 et
3258 4267 3345 4314 est
3364 4274 3564 4315 sensus
3594 4279 3607 4314 :
3632 4260 3794 4327 Quam

2208 4347 2454 4417 pulchri,
2488 4348 2695 4417 inquit,
2719 4349 2903 4419 pedes,
2936 4349 2987 4403 id
3024 4358 3108 4405 est
3133 4351 3382 4421 apostoli,
3428 4356 3796 4408 annuntiantis

2208 4438 2409 4494 Christi
2434 4454 2594 4508 super
2608 4448 2818 4495 montes
2841 4454 3029 4510 pacem
3047 4442 3059 4495 !
3081 4441 3133 4495 id
3157 4451 3237 4497 est
3260 4457 3427 4511 super
3440 4443 3790 4507 alioxelectos

2208 4542 2307 4596 per
2343 4538 2726 4584 ornamentum
2767 4529 3003 4584 illorum.
3046 4529 3175 4584 Tale
3205 4540 3288 4585 est
3320 4533 3427 4587 hoc
3469 4535 3621 4602 quod
3664 4537 3790 4589 idem

2209 4617 2376 4673 Isaias
2415 4618 2521 4672 alio
2553 4621 2606 4673 in
2647 4619 2768 4673 loco
2800 4620 2933 4675 dicit
2962 4637 2974 4672 :
3010 4619 3123 4675 Vox
3158 4620 3359 4678 Christi
3404 4623 3703 4681 ciamantis
3746 4626 3794 4679 in

2209 4709 2422 4763 deserto
2453 4727 2548 4781 per
2573 4727 2635 4765 os
2675 4710 2919 4767 Joannis.
2961 4711 3201 4782 Apostoli
3230 4729 3359 4786 ergo
3390 4718 3567 4786 pedes
3594 4718 3799 4773 Domini

2208 4798 2445 4862 fuerunt,
2490 4810 2544 4857 et
2586 4803 2846 4872 quidquid
2891 4805 3382 4873 annuntiavcrunt,
3408 4808 3673 4864 Christus
3713 4825 3798 4881 per

2210 4907 2304 4945 ora
2333 4892 2544 4947 illorum
2580 4895 2938 4961 annuntiavit,
2986 4895 3211 4966 ideoque
3251 4898 3381 4951 dicit
3424 4901 3801 4955 annuntiantis

2212 4984 2433 5061 Christi.

2290 5098 2307 5128 (
2337 5077 2449 5132 Vox
2481 5080 2876 5151 speculatorum
2908 5091 3145 5148 tuorum,
3179 5105 3195 5138 ι
3221 5087 3482 5143 subaudis
3508 5088 3704 5144 audita
3725 5094 3802 5143 at

2213 5171 2266 5224 in
2293 5177 2406 5223 toto
2442 5175 2661 5237 mundo,
2695 5192 2711 5223 c
2745 5172 3057 5232 levaverunt
3083 5191 3291 5241 vocem,
3330 5199 3347 5229 ι
3376 5180 3648 5234 subaudis
3668 5196 3802 5250 prm-

2213 5259 2518 5326 dicationis,
2552 5263 2923 5321 annuntiantis
2959 5265 3326 5336 Evangelium.
3357 5267 3511 5322 Sicut
3539 5270 3595 5323 in
3625 5270 3798 5325 Veteri

2215 5351 2561 5407 Testamento
2610 5356 2885 5425 prophetae
2926 5366 2982 5411 et
3036 5359 3344 5415 sacerdotes
3388 5361 3802 5429 appellabantur

2214 5446 2600 5523 speculatores,
2644 5448 2715 5501 ita
2762 5450 2818 5504 in
2857 5449 3007 5510 Novo
3046 5452 3270 5522 apostoli
3300 5459 3353 5507 et
3388 5455 3799 5523 pnedicatores,

2214 5537 2338 5605 quia
2377 5536 2477 5606 ξς)ιί
2521 5537 2554 5591 d
2590 5539 2719 5592 bent
2762 5540 2816 5595 in
2864 5540 3081 5610 speculo
3122 5542 3319 5596 mentis
3365 5557 3522 5607 csse,
3559 5554 3802 5597 contem-

2213 5626 2424 5697 plantes
2467 5645 2681 5700 semper
2710 5633 2973 5696 cmlestia,
3004 5642 3059 5687 et
3101 5634 3200 5703 ipsi
3243 5634 3443 5689 debent
3476 5636 3647 5690 vitam
3676 5636 3804 5690 sub-

2208 5716 2473 5785 jectorum
2506 5721 2791 5789 speculari,
2834 5731 2887 5776 et
2925 5723 3148 5779 insidias
3182 5737 3343 5793 atque
3379 5726 3678 5780 adventum
3708 5727 3805 5781 bo-

2216 5809 2374 5863 stium
2399 5809 2752 5879 malignorum
2774 5811 3019 5868 videlicet
3041 5815 3380 5869 annuntiare.
3399 5814 3630 5871 Istorum
3654 5815 3800 5873 enim
