4016 6478
247 398 351 461 085

1327 395 1680 456 COMMENT.
1723 395 1789 453 ΙΝ
1823 395 2078 454 lSAlAM.
2115 427 2184 439 -—
2222 397 2348 454 LIB.
2388 397 2448 454 ll.

3381 403 3484 460 986

246 511 642 584 speculatorum
675 525 774 566 vox
819 510 871 566 in
918 523 1132 566 onmem
1175 517 1369 564 terram
1402 509 1582 563 audita
1608 517 1722 573 est,
1753 517 1809 562 et
1835 503 1880 572 Α
1909 522 2028 577 pus,
2085 521 2205 562 cum
2231 509 2574 578 permittente
2619 505 2759 580 Cyro
2797 510 3022 579 regressi
3078 523 3200 566 sunt
3250 513 3302 568 in
3363 514 3488 570 Hie-

247 602 300 657 in
344 600 478 656 lines
514 600 662 655 orbis
691 609 849 654 trra:
880 599 1040 654 verba
1075 614 1264 654 eorum
1303 609 1709 654 resonaverunt.
1749 597 1817 652 Et

245 691 380 748 bene
406 691 537 746 dicit
573 687 1091 750 levaveruntvocem
1117 727 1132 754 ,
1169 691 1294 759 quia
1325 689 1390 744 de
1416 687 1818 744 sublimioribus

243 776 409 838 locuti
437 786 582 834 sunt.
618 778 769 834 Unde
795 785 852 833 et
879 779 1122 847 sequitur
1152 795 1166 832 :
1197 795 1214 829 ι
1252 776 1422 832 Simul
1448 777 1757 842 laudabunt,
1791 795 1811 829 ι

247 868 502 930 subaudis
535 867 821 922 Dominum
859 881 1048 924 omnes
1077 866 1322 937 apostoli
1353 874 1408 924 et
1449 880 1639 922 omnes
1679 881 1818 936 pra:-

249 962 553 1020 dicatores:
584 979 604 1011 ι
631 961 757 1031 quia
776 960 932 1017 oculo
953 960 1018 1017 ad
1037 960 1252 1016 oculum
1279 961 1564 1026 videbunt,
1596 979 1614 1012 ι
1655 961 1707 1016 id
1735 970 1820 1016 est

251 1048 389 1109 facie
421 1051 486 1107 ad
510 1052 726 1116 faciem,
757 1069 775 1103 ι
808 1067 929 1108 cum
949 1053 1275 1108 converterit
1307 1053 1565 1108 Dominus
1593 1053 1755 1118 Sion,
1795 1072 1814 1104 ι

252 1140 304 1198 id
344 1152 426 1198 est
453 1158 574 1199 cum
597 1143 897 1204 adduxerit
926 1143 996 1197 ad
1023 1144 1181 1198 [idem
1214 1159 1367 1198 suam
1397 1143 1712 1198 Ecc'esiam.
1746 1144 1824 1199 De

251 1226 357 1288 illis
401 1228 640 1304 loquitur
704 1233 876 1290 oculis
934 1233 1002 1287 de
1060 1233 1251 1302 quibus
1294 1234 1424 1289 dicit
1473 1227 1755 1292 Psaliuista
1804 1251 1816 1289 :

257 1341 276 1374 ι
310 1323 461 1380 Oculi
491 1323 596 1387 mei
634 1309 850 1393 semper
889 1324 954 1377 ad
985 1323 1267 1380 Dominum
1303 1321 1476 1394 (Psal.
1509 1326 1678 1397 xxiv).
1725 1347 1746 1380 ›

327 1431 347 1466 σ
393 1414 632 1472 Gaudete
667 1424 724 1470 et
767 1414 980 1470 laudate
1003 1414 1184 1478 simul,
1216 1415 1426 1469 deserta
1466 1415 1818 1484 Hierusalem,

251 1506 374 1576 quia
414 1505 720 1562 consolatus
757 1514 839 1562 est
868 1506 1128 1561 Dominus
1173 1507 1422 1576 populum
1463 1522 1642 1572 suum,
1672 1509 1824 1564 rede-

250 1598 349 1658 mit
374 1597 726 1658 Hierusalem.
766 1617 784 1649 ι
822 1597 1129 1666 Alloquitur
1166 1597 1326 1652 modo
1356 1597 1680 1666 primitivam
1716 1598 1824 1654 Ec-

247 1689 494 1753 clesiam,
519 1705 644 1759 quas
670 1687 900 1746 credidit
935 1702 1002 1742 ex
1029 1685 1228 1742 .ludaais
1253 1704 1266 1740 :
1291 1696 1346 1742 et
1371 1689 1682 1744 consolatur
1707 1703 1824 1743 eam

1915 595 2149 651 rusalem
2183 611 2304 651 cum
2349 597 2548 668 gloria,
2594 599 2694 653 sub
2731 599 3027 654 Zorobabel
3073 609 3128 656 et
3163 603 3349 671 Es‘dra,
3403 605 3486 662 fe-

1915 691 2096 740 rentes
2141 701 2324 741 secum
2372 703 2498 742 vasa
2544 690 2757 744 Domini
2803 705 2922 760 quae
2971 691 3266 748 abstulerat
3303 696 3486 753 Nabu-

1917 776 2255 832 chodonosor
2302 779 2353 832 in
2397 777 2722 850 Babylonem
2750 821 2764 845 ,
2817 788 2872 836 et
2925 781 2977 834 in
3021 783 3216 851 quibus
3266 785 3488 852 putabat

1917 867 2202 923 Dalthasar
2251 885 2373 924 cum
2433 871 2746 928 interfectus
2807 880 2894 928 est
2938 875 3007 930 ab
3042 867 3190 946 'ipso
3250 877 3389 948 Cyro
3429 889 3488 936 et

1917 960 2182 1016 avunculo
2211 959 2326 1028 ejus
2353 961 2531 1018 Dario.
2566 965 2986 1039 Prmcipiturque
3012 967 3116 1022 illis
3141 978 3200 1022 ut
3229 971 3486 1026 mundent

1919 1068 1976 1107 se
2006 1069 2102 1122 per
2131 1053 2524 1122 pmnitcntiam,
2553 1058 2647 1126 qui
2673 1059 2871 1112 debent
2897 1075 3021 1113 vasa
3052 1057 3260 1115 Domini
3292 1063 3485 1119 ail'errc

1919 1144 1974 1198 in
2003 1145 2354 1200 Hierusalem.
2402 1147 2469 1201 Et
2496 1147 2827 1218 promittitur
2863 1151 2984 1220 quia
3040 1168 3143 1206 non
3180 1155 3402 1208 exibunt
3430 1158 3485 1212 in

1919 1234 2044 1304 fuga
2091 1249 2266 1306 neque
2301 1236 2356 1292 in
2384 1237 2610 1292 tumultu
2655 1255 2683 1293 a
2717 1239 3002 1308 Chaldaeis,
3036 1244 3176 1298 sicut
3211 1247 3483 1314 quondam

1920 1325 1988 1380 ab
2015 1324 2302 1398 Egyptiis.
2333 1327 2457 1384 Haec
2483 1329 2697 1398 quidem
2719 1329 2886 1386 Judaei
2917 1342 3218 1398 autumant,
3251 1336 3344 1388 sed
3373 1351 3486 1390 me-

1921 1414 2023 1470 lius
2052 1424 2135 1470 est
2165 1423 2226 1470 ut
2261 1417 2326 1470 ad
2357 1417 2628 1484 apostolos
2653 1425 2706 1472 et
2734 1419 2798 1472 ad
2835 1419 3159 1488 primitivam
3191 1417 3484 1498 Ecclesiam

1923 1503 2240 1570 referamus,
2267 1507 2460 1575 quibus
2491 1508 2798 1578 prmcipitur
2825 1518 2884 1562 ut
2912 1521 3105 1564 exeant
3139 1511 3204 1566 de
3227 1511 3482 1568 Hierusa-

1921 1595 2027 1652 lem
2054 1606 2110 1652 et
2135 1607 2408 1652 transeant
2439 1599 2505 1652 ad
2536 1610 2744 1668 gentes,
2775 1601 2983 1656 dicente
3009 1603 3075 1657 ad
3105 1619 3198 1660 eos
3229 1605 3484 1660 Domino:

1929 1705 1949 1738 ‹
1987 1687 2084 1754 ite,
2113 1689 2302 1744 docete
2325 1705 2513 1745 omnes
2557 1699 2764 1767 gentes,
2800 1693 3134 1762 baptizantes
3168 1705 3260 1748 eos
3303 1696 3354 1749 in
3394 1711 3490 1750 no-

251 1781 319 1842 de
371 1779 710 1837 multitudine
756 1779 1016 1849 gentium,
1060 1793 1179 1848 quae
1220 1779 1276 1832 in
1312 1778 1490 1833 locum
1520 1778 1824 1834 Judworum
1923 1778 2070 1833 mine
2100 1779 2312 1844 Patris,
2344 1788 2398 1835 et
2445 1781 2582 1847 Filii,
2646 1791 2700 1836 et
2749 1781 2983 1852 Spiritus
3041 1787 3212 1842 sancti
3271 1787 3485 1859 (Matth.

251 1869 343 1940 qui
384 1870 436 1923 in
465 1868 779 1924 inﬁdelitate
829 1879 1266 1940 permanserunt,
1313 1873 1592 1927 successit.
1647 1873 1818 1928 Ducto
1849 1859 1892 1919 Β
1921 1871 2132 1937 xxviii).
2166 1890 2183 1921 ›
2219 1870 2358 1926 Ante
2385 1873 2526 1928 enim
2547 1888 2708 1950 quam
2737 1874 2962 1930 Romani
2987 1877 3303 1934 advenirent
3330 1895 3492 1950 super

254 1960 452 2030 populo
475 1960 526 2015 in
557 1961 922 2032 captivitatem
970 1978 1000 2017 a
1032 1964 1314 2031 Romanis,
1346 1973 1400 2020 et
1427 1966 1699 2021 succensis
1727 1983 1820 2020 ur-

252 2053 428 2118 bibus,
467 2062 562 2108 aut
601 2069 776 2119 rarus,
810 2063 903 2110 aut
945 2055 1122 2110 nullus
1150 2056 1422 2112 habitator
1447 2059 1704 2113 remansit
1746 2059 1818 2114 ibi

250 2159 317 2199 ex
352 2144 569 2202 Iudaeis.
619 2146 724 2202 Sed
764 2149 1001 2204 Ecclesia
1045 2167 1164 2221 quae
1195 2155 1464 2222 quondam
1495 2153 1594 2208 fuit
1636 2155 1688 2208 in
1719 2156 1818 2221 eis,

249 2243 501 2303 reparata
531 2245 615 2290 est
651 2253 716 2291 ex
748 2236 994 2294 numero
1017 2243 1257 2310 gentium
1297 2243 1361 2296 ad
1400 2243 1559 2298 ﬁdem
1581 2245 1820 2300 'venien-

250 2323 408 2390 tium,
452 2327 672 2397 insuper
731 2337 788 2384 et
823 2323 1172 2400 multiplicata
1203 2345 1305 2388 est.
1345 2333 1494 2390 Unde
1535 2343 1589 2390 et
1625 2335 1838 2391 dicitur

249 2416 329 2470 eis
353 2415 444 2484 qui
475 2431 542 2470 ex
576 2417 708 2488 ipsis
756 2421 1122 2488 crediderunt,
1171 2426 1427 2493 apostolis
1471 2427 1720 2482 videlicet
1766 2436 1822 2482 et

249 2510 558 2578 apostolicis
598 2512 760 2578 viris,
796 2515 886 2584 qui
926 2517 1114 2571 salvati
1164 2528 1290 2572 sunt
1333 2519 1400 2574 de
1439 2520 1685 2575 manibus
1714 2521 1820 2575 Ro-

251 2616 557 2668 manorum,
600 2617 630 2658 a
663 2606 857 2674 quibus
894 2607 1314 2678 etEvangelium
1363 2609 1707 2679 praedicatum
1739 2620 1822 2666 cst

251 2692 305 2746 in
353 2694 619 2764 gentibus.
659 2695 901 2752 Gaudete
953 2707 1008 2752 et
1054 2698 1265 2752 laudate
1305 2700 1570 2771 (inquit),
1603 2701 1818 2756 deserta

253 2780 602 2850 Hierusalem,
650 2786 702 2841 id
749 2795 833 2842 est
879 2787 1118 2844 Ecclesia
1169 2788 1438 2860 primitlva
1483 2806 1546 2844 ex
1597 2787 1816 2856 Iudaeis,

249 2880 305 2926 et
345 2874 631 2932 credentes
679 2877 769 2948 qui
819 2879 1058 2935 derelicti
1114 2883 1246 2935 estis
1294 2897 1322 2936 a
1368 2881 1677 2952 captivitate
1712 2882 1818 2937 fra-

251 2971 431 3018 trum:
461 2967 584 3034 quia
616 2968 924 3022 consolatus
955 2979 1038 3024 est
1080 2970 1336 3026 Dominus
1373 2972 1622 3042 populum
1660 2987 1816 3026 suum

249 3055 559 3110 credentem
603 3057 655 3112 in
692 3073 770 3124 se,
809 3074 906 3129 per
941 3059 1227 3115 adventum
1264 3061 1497 3131 Spiritus
1535 3065 1725 3126 sancti,
1763 3073 1820 3118 et

247 3159 314 3198 ex
365 3146 707 3202 multitudine
751 3151 987 3220 gentium
1037 3151 1467 3207 convenientium
1517 3153 1581 3206 a:l
1625 3152 1812 3208 iidem:

1919 1974 2071 2026 eam,
2144 1963 2400 2018 divinitus
2448 1974 2792 2035 procuratum
2859 1973 2942 2021 est
3005 1975 3062 2020 ut
3113 1970 3339 2046 apostoli
3394 1985 3492 2038 per

1919 2067 2104 2108 omnes
2129 2064 2313 2126 gentes
2343 2055 2498 2116 divisi
2539 2065 2737 2120 essent,
2772 2065 2826 2110 et
2853 2057 3134 2116 credentes
3176 2059 3304 2113 inibi
3343 2075 3490 2114 com-

1921 2153 2196 2203 morantes
2240 2147 2534 2200 transirent
2585 2147 2650 2201 ad
2695 2158 2876 2221 partes
2919 2149 3360 2225 reguiAgrippze,
3399 2152 3491 2221 qui

1919 2250 2104 2306 pacem
2149 2235 2382 2291 habebat
2423 2251 2545 2291 cum
2585 2237 2881 2293 Romanis:
2911 2247 3099 2296 sancto
3141 2239 3345 2310 Spiritu
3388 2241 3494 2300 hoc

1922 2329 2027 2386 illis
2058 2330 2354 2396 revelante,
2384 2328 2690 2399 alloquitur
2719 2346 2812 2386 eos
2839 2327 3019 2386 sermo
3049 2327 3283 2398 divinus,
3315 2343 3370 2387 et
3399 2335 3486 2389 di-

1921 2420 1994 2475 cit
2028 2437 2042 2475 :
2067 2419 2342 2484 Recedite,
2361 2419 2587 2489 apostoli
2619 2420 2685 2474 de
2714 2419 3070 2486 Hierusalem,
3104 2422 3248 2478 exite
3278 2423 3399 2479 inde
3426 2441 3495 2480 ne

1920 2511 2264 2568 iuvolvamini
2313 2511 2570 2582 peccatis,
2600 2510 2858 2580 pollutum
2895 2513 3056 2568 nolite
3107 2526 3347 2585 tangere,
3387 2517 3492 2573 hoc

1919 2610 2002 2656 cst
2029 2617 2150 2655 cum
2175 2599 2373 2656 ludatis
2411 2601 2630 2672 pollutis
2661 2611 2832 2658 morte
2857 2612 2911 2658 ct
2941 2605 3200 2674 sanguine
3233 2605 3354 2661 Filii
3395 2607 3494 2664 Dei

1919 2692 2083 2746 nolite
2109 2693 2418 2750 societatem
2450 2693 2680 2758 habere;
2707 2694 2832 2768 quia
2867 2714 2884 2744 ι
2912 2694 3002 2764 qui
3035 2696 3268 2766 tetigerit
3293 2697 3492 2766 picem,

1919 2780 2289 2852 inquiualiitur
2330 2784 2398 2837 ab
2425 2799 2488 2839 ea
2516 2783 2685 2854 (Eccl.
2715 2783 2858 2855 xui).
2891 2805 2910 2836 ι
2967 2783 3118 2841 Unde
3146 2795 3199 2840 et
3235 2787 3332 2858 ipsi
3364 2803 3494 2858 apo-

1919 2873 2040 2926 stoli
2080 2873 2302 2928 dicunt:
2332 2893 2349 2923 ι
2381 2875 2518 2942 Quia
2557 2875 2806 2950 indignos
2839 2893 2936 2932 vos
2965 2876 3248 2945 judicastis
3276 2891 3489 2936 teternze

1919 2966 2062 3030 vltro,
2109 2981 2234 3021 ecce
2279 2967 2648 3026 convertimur
2695 2968 2760 3021 ad
2787 2978 2976 3040 gentes
3007 2969 3142 3040 (Act.
3181 2971 3282 3041 ut).
3319 2992 3337 3024 ι
3395 2972 3493 3027 Se-

1919 3057 2102 3127 quitur
2126 3073 2277 3129 ergo,
2305 3068 2359 3113 et
2389 3057 2586 3113 dicitur
2612 3058 2678 3114 ad
2711 3061 2926 3114 eosdem
2954 3078 2966 3113 :
2998 3081 3015 3113 ι
3039 3061 3193 3120 Exite
3221 3062 3286 3118 de
3313 3062 3489 3122 medie

1919 3149 2055 3220 ejus,
2092 3170 2108 3200 ›
2150 3150 2250 3204 hoc
2291 3159 2374 3204 est
2412 3149 2478 3203 de
2509 3150 2684 3204 medio
2729 3150 3093 3217 Hierusalem,
3141 3169 3208 3208 ne
3255 3153 3491 3222 peccatis

249 3243 304 3288 et
341 3235 566 3292 redemit
617 3216 972 3304 Hierusalem,
1006 3241 1108 3296 hoc
1144 3249 1226 3296 est
1256 3242 1548 3296 Ecclesium
1601 3243 1816 3297 univer-
1841 3216 1885 3276 ί)
1917 3253 2101 3292 eorum
2124 3239 2500 3293 obvolvamini.
2527 3257 2544 3289 ι
2567 3239 2914 3305 Mundamini,
2945 3262 2963 3294 ι
2985 3243 3242 3297 subaudis
3269 3259 3299 3296 a
3326 3245 3487 3309 vitiis,

251 3323 418 3384 salem
460 3326 722 3396 sanguine
751 3342 868 3382 suo.
918 3328 1065 3384 Licet
1091 3332 1233 3384 enim
1263 3330 1487 3400 apostoli
1518 3319 1571 3385 et
1595 3333 1846 3387 creden-'

253 3423 332 3476 tes
355 3429 422 3469 ex
445 3413 646 3476 Judzeis
672 3417 918 3484 dolerent
943 3415 1296 3490 perditionem
1341 3421 1568 3477 fratrum
1599 3407 1846 3478 suorum'

253 3505 305 3560 in
336 3521 521 3565 errore
552 3509 982 3576 permanentium
1025 3527 1040 3563 :
1083 3526 1332 3582 magnam
1366 3519 1543 3567 tamen
1581 3497 1819 3566 laetitiam

253 3595 446 3652 exinde
474 3608 849 3668 perceperunt,
895 3599 1038 3670 quod
1074 3616 1136 3656 ea
1178 3615 1298 3672 qua:
1339 3602 1392 3657 in
1421 3600 1617 3658 Judreis
1644 3603 1821 3674 perie-

253 3695 394 3752 rant,
420 3703 486 3743 ex
511 3689 760 3758 gentibus
789 3692 1246 3746 restaurabantur.

329 3797 350 3830 ι
387 3778 605 3834 Paravit
655 3781 915 3838 Dominus
952 3784 1232 3840 brachium
1269 3794 1512 3840 sanciunt
1564 3801 1719 3840 suum
1767 3787 1820 3842 in

253 3869 424 3925 oculis
467 3872 706 3926 omnium
758 3874 1016 3944 gentium,
1049 3894 1066 3926 ι
1122 3875 1173 3930 id
1215 3884 1298 3930 est
1341 3877 1595 3932 revelavit
1627 3877 1821 3931 Filium

257 3977 411 4020 suum
457 3963 509 4017 in
539 3963 710 4018 oculis
749 3965 1006 4020 mentium
1047 3975 1101 4020 et
1141 3967 1382 4022 cordium
1416 3969 1654 4022 omnium
1695 3985 1822 4039 geu-

257 4055 390 4108 tium
421 4069 516 4126 per
550 4056 987 4125 praedicationem
1033 4059 1415 4127 apostolorum,
1455 4061 1667 4130 quando
1693 4077 1822 4131 pro-

257 4148 381 4206 fecti
452 4149 882 4219 prmdicaverunt
951 4151 1150 4221 ubique
1211 4151 1435 4208 Domino
1501 4163 1826 4224 cooperante

257 4238 448 4311 (Marc.
473 4241 608 4311 xvi).
633 4241 700 4294 Et
727 4241 994 4312 quomodo
1023 4242 1216 4296 Filium
1257 4259 1413 4298 suum
1444 4244 1704 4299 revelavit
1730 4261 1828 4314 per

259 4328 649 4400 apostolornm’
680 4333 1159 4403 praedicationem?
1214 4335 1340 4405 quia
1385 4335 1694 4391 consolatus
1743 4345 1827 4391 est

256 4423 507 4493 populum
558 4439 711 4480 suum
762 4425 1072 4482 credentem
1121 4427 1174 4480 in
1221 4441 1311 4492 se,
1357 4436 1465 4482 tam
1508 4442 1572 4482 ex
1625 4425 1826 4487 Judteis

258 4531 418 4585 quam
445 4531 509 4570 ex
537 4515 820 4586 gentibus:
865 4525 920 4571 et
950 4517 1176 4572 redemit
1200 4517 1534 4572 Hierusalem
1567 4517 1826 4589 sanguine

259 4607 379 4662 Filii
409 4608 517 4674 sui,
554 4609 656 4662 hoc
689 4617 772 4662 est
795 4607 1108 4663 Ecclesiam.
1139 4607 1292 4662 Unde
1320 4617 1375 4662 et
1403 4609 1648 4677 sequitur
1677 4595 1690 4662 ὲ
1720 4627 1737 4658 ι
1761 4609 1822 4664 Et

259 4701 517 4757 videbunt
549 4715 738 4756 omnes
785 4701 920 4755 ﬁnes
969 4710 1125 4754 terra:
1155 4701 1395 4755 salutare
1441 4701 1530 4755 Dei
1573 4702 1765 4765 nostri,
1802 4723 1820 4754 ι

259 4793 316 4848 id
353 4803 436 4849 est
469 4793 750 4849 Dominum
773 4791 954 4847 Jesum
981 4792 1275 4848 Christum.
1297 4792 1582 4847 Bracliium
1609 4793 1703 4848 Dei
1732 4793 1828 4848 Pa-

261 4885 360 4938 tris
387 4892 442 4938 et
478 4884 717 4939 salutare
764 4881 933 4936 Filius
977 4891 1078 4946 est,
1113 4883 1252 4937 sicut
1279 4882 1546 4948 diximus,
1577 4885 1701 4952 quia
1733 4900 1829 4953 per

264 4971 438 5041 ipsum
459 4980 650 5028 cuncta
674 4971 902 5034 creavit,
929 4979 986 5024 ut
1006 4969 1240 5025 Joannes
1266 4971 1393 5025 dicit
1423 4989 1436 5024 :
1471 4991 1488 5020 ι
1511 4971 1702 5026 Omnia
1734 4988 1829 5042 per

263 5063 436 5136 ipsum
467 5063 605 5119 facta
637 5071 764 5118 sunt
809 5061 991 5134 (Joan.
1018 5062 1079 5132 ι).
1107 5080 1124 5112 ι
1161 5063 1226 5116 Et
1261 5078 1356 5132 per
1389 5063 1562 5133 ipsum
1598 5063 1838 5119 decrevit

264 5172 431 5228 genus
452 5157 742 5210 humanum
765 5154 992 5210 salvare.
1021 5152 1173 5219 Qu‘od
1193 5153 1470 5207 brachium
1495 5153 1579 5208 vel
1602 5154 1836 5208 salutare

267 5245 362 5301 Dei
383 5243 558 5298 Patris
578 5260 682 5298 non
703 5243 1154 5298 videruntomnes
1174 5249 1378 5312 gentes,
1397 5237 1477 5294 vel
1499 5257 1684 5296 omnes
1707 5242 1839 5296 lines

268 5345 429 5390 terrm
459 5334 510 5387 in
539 5334 826 5402 praesentia
857 5332 1121 5402 corporali
1150 5349 1163 5384 :
1193 5332 1284 5387 sed
1316 5339 1495 5387 mente
1523 5341 1576 5388 et
1601 5340 1839 5387 contem-

267 5427 505 5498 platione
542 5424 720 5480 cordis
754 5424 919 5478 visuri
960 5432 1085 5478 sunt
1121 5439 1242 5478 eum
1279 5438 1469 5478 omnes
1498 5423 1742 5478 homines
1783 5425 1835 5478 in

270 5516 359 5572 die
381 5513 588 5585 judicii,
617 5512 742 5567 boni
769 5520 824 5566 et
851 5511 974 5565 mali
1015 5528 1028 5562 :
1055 5512 1182 5581 quia
1217 5511 1291 5565 illi
1323 5512 1468 5567 dedit
1495 5512 1655 5568 Pater
1680 5527 1839 5567 omne

267 5605 526 5677 judicium
555 5603 736 5676 (Joan.
766 5603 843 5673 ν).

1855 4555 1903 4614 D

1921 3329 2144 3398 apostoli
2187 3345 2200 3381 :
2248 3346 2266 3380 ι
2314 3329 2404 3398 qui
2447 3329 2599 3384 fertis
2629 3345 2756 3383 vasa
2797 3329 3027 3384 Domini.
3065 3351 3082 3382 ι
3123 3332 3228 3402 lpsi
3273 3332 3486 3387 fuerunt

1922 3417 2045 3471 v'asa
2075 3417 2306 3482 Domini,
2338 3419 2462 3488 quia
2501 3419 2552 3472 in
2587 3419 2691 3474 illis
2721 3420 2982 3474 habitavit
3015 3436 3112 3492 per
3139 3422 3296 3477 ﬁdem
3327 3436 3382 3478 et
3407 3424 3488 3478 di-

1922 3511 2206 3568 lectionem
2241 3531 2252 3566 :
2293 3511 2360 3567 de
2387 3509 2622 3582 quorum
2662 3530 2886 3569 numero
2923 3517 2986 3569 ad
3019 3532 3182 3570 unum
3221 3516 3488 3587 loquitur:

1928 3624 1946 3654 ε
1979 3603 2086 3660 Vas
2114 3603 2393 3659 electionis
2430 3603 2560 3658 mihi
2603 3613 2706 3668 est,
2747 3612 2806 3658 ut
2853 3613 3028 3674 portet
3071 3621 3264 3661 nomen
3315 3623 3490 3665 meum

1922 3709 2104 3748 coram
2159 3694 2408 3763 gentibus
2447 3701 2500 3747 et
2545 3693 2757 3763 regibus
2797 3691 2932 3763 (Act.
2985 3693 3081 3762 ix).
3123 3715 3140 3744 ι
3201 3695 3492 3752 Possumus

1922 3783 2084 3838 etiam
2116 3783 2316 3848 dicere,
2349 3797 2469 3858 qua:
2496 3796 2624 3836 vasa
2655 3782 2864 3838 Domini
2909 3792 3182 3837 armatura
3225 3785 3294 3839 sit
3335 3785 3493 3856 spiri-

1925 3873 2102 3937 tualis,
2134 3889 2294 3943 quam
2331 3871 2490 3928 debet
2518 3873 2884 3946 unusquisque
2931 3873 3164 3928 fidelium
3216 3874 3268 3930 in
3313 3887 3490 3931 mente

1924 3965 2084 4030 ferre,
2115 3965 2182 4019 de
2206 3979 2310 4036 qua
2339 3973 2394 4019 et
2421 3964 2694 4043 apostolus
2714 3964 3039 4036 loquemur
3063 3981 3076 4017 :
3107 3983 3126 4016 ι
3158 3963 3366 4025 Inluite
3394 3982 3492 4022 vos

1924 4066 2196 4114 armatura
2246 4055 2376 4122 Dei,
2431 4064 2490 4110 ut
2546 4057 2763 4127 possitis
2814 4059 3062 4112 resistere
3111 4059 3165 4118 in
3214 4055 3300 4114 die
3343 4055 3494 4114 mala

1927 4145 2139 4217 (Ep/tes.
2169 4146 2267 4218 vr).
2299 4165 2316 4198 ι
2362 4145 2428 4200 Ει
2461 4161 2580 4216 quae
2617 4147 2687 4204 sit
2730 4147 2830 4202 ista
2873 4157 3168 4215 armatura,
3215 4149 3270 4204 in
3309 4149 3492 4206 subsc-

1924 4237 2215 4306 quentibus
2259 4234 2587 4298 manifestat.
2641 4239 2742 4300 hoc
2783 4249 2888 4306 est,
2935 4239 3100 4293 lorica
3138 4238 3388 4309 justitite,
3437 4252 3495 4296 et

1925 4327 2145 4398 clypeus
2174 4325 2318 4392 ﬁdei,
2355 4333 2408 4382 et
2446 4329 2595 4399 galea
2641 4329 2846 4394 salutis,
2887 4339 2941 4383 et
2982 4331 3046 4384 ad
3089 4331 3335 4386 ultimum
3377 4333 3494 4403 gla-

1926 4403 2081 4482 dius,
2113 4419 2256 4488 quod
2284 4428 2368 4473 est
2395 4421 2617 4474 verbum
2648 4419 2761 4476 Dei.

2003 4531 2022 4565 I
2060 4511 2322 4578 Quoniam
2353 4527 2458 4566 non
2500 4512 2553 4566 in
2595 4512 2842 4576 tumultu,
2893 4534 2914 4568 ι.
2947 4513 3049 4576 hoc
3081 4524 3164 4575 est
3207 4513 3259 4573 in
3307 4513 3499 4572 timore

1928 4603 2011 4658 vel
2041 4619 2260 4674 pavore,
2289 4623 2306 4654 ε
2342 4603 2560 4659 exibitis
2589 4622 2606 4654 ι
2639 4619 2668 4657 a
2693 4601 2891 4659 Judaeis
2917 4621 2932 4659 :
2965 4623 2983 4653 ι
3017 4619 3114 4663 nec
3143 4603 3194 4658 in
3224 4603 3342 4673 fuga
3369 4619 3496 4672 pro—

1928 4675 2188 4766 perabitis
2235 4713 2253 4746 ι
2317 4711 2380 4752 ex
2423 4695 2656 4768 Egypto
2704 4695 2795 4752 lilii
2844 4694 3022 4758 Israel.
3073 4694 3224 4748 Licet
3271 4695 3498 4762 apostoli

1929 4785 2181 4856 llagellati
2211 4793 2266 4840 et
2303 4785 2428 4848 εωδὶ
2465 4771 2644 4842 essent
2681 4801 2710 4839 a
2737 4783 2934 4840 Iuda-is
2979 4785 3031 4839 in
3065 4786 3382 4856 synagogis,
3415 4794 3500 4838 ta-

1931 4857 2052 4932 men
2085 4893 2190 4931 non
2221 4884 2559 4931 recesserunt
2595 4877 2662 4930 ab
2689 4877 2766 4930 eis
2793 4885 2850 4930 ut
2891 4875 3186 4948 fugientes,
3217 4876 3308 4930 sed
3347 4875 3502 4944 quasi

1931 4969 1985 5022 in
2033 4984 2164 5038 pace
2209 4969 2440 5023 victores
2475 4967 2787 5022 existentes.
2819 4988 2836 5018 ι
2887 4966 3160 5021 Ρι-ωεθάρι
3208 4967 3350 5020 enim
3405 4981 3504 5021 vos

1937 5061 2214 5124 Dominus,
2243 5079 2262 5113 ι
2287 5059 2550 5118 subaudis
2567 5060 2870 5130 adgentes,
2895 5058 3034 5113 sicut
3060 5057 3210 5112 vobis
3233 5057 3500 5126 promisit,

1936 5149 2159 5204 dicens:
2200 5168 2218 5200 ‹
2252 5149 2388 5203 Ecce
2433 5150 2697 5218 prtecedet
2741 5165 2834 5203 vos
2884 5147 2936 5202 in
2987 5145 3279 5202 Galilaeam.
3317 5167 3334 5198 ι
3374 5166 3392 5198 ι
3438 5148 3503 5203 Et

1938 5239 2282 5312 congregabit
2307 5255 2403 5294 vos
2423 5239 2563 5294 Deus
2591 5237 2753 5296 Israel
2784 5259 2800 5291 ι
2836 5240 2888 5294 in
2917 5254 3080 5293 unum
3119 5239 3258 5294 ovile
3287 5239 3501 5310 (.lluttlt.

1939 5331 2152 5401 xxvm),
2181 5347 2244 5386 ex
2272 5329 2491 5395 Judazis,
2520 5332 2722 5386 scilicet
2763 5340 2817 5386 ct
2856 5331 3104 5401 gentibus
3133 5347 3292 5384 uuam
3325 5331 3506 5384 Eccle-

1940 5421 2074 5476 siam
2105 5421 2478 5476 constituens:
2510 5422 2647 5476 sicut
2677 5421 2788 5491 ipse
2833 5421 3002 5476 dicit:
3046 5441 3064 5472 ι
3099 5431 3156 5476 ιιι
3204 5422 3296 5476 ﬁat
3343 5439 3504 5480 muuu

1941 5511 2080 5568 ovile
2107 5520 2162 5567 et
2187 5529 2325 5567 unus
2353 5523 2534 5584 pastor
2563 5511 2744 5586 (Iona.
2778 5512 2851 5583 χ).
2893 5533 2910 5564 ι
3525 5501 3528 5503 Α

2018 5622 2037 5653 ι
2059 5603 2195 5659 Ecce
2220 5605 2478 5674 intelliget
2503 5619 2689 5659 servus
2716 5619 2887 5669 meus,
2909 5624 2927 5656 ι
2962 5604 3013 5659 id
3035 5615 3119 5660 est
3141 5605 3310 5661 Filius
3338 5623 3507 5672 meus,

349 5715 370 5749 ‹
405 5696 680 5760 Bccedite,
732 5696 994 5761 recedite,
1039 5696 1180 5750 exite
1215 5695 1356 5761 inde,
1389 5697 1644 5768 pollutum
1682 5698 1845 5754 nolite
1945 5696 2268 5759 voluntatem
2300 5713 2504 5762 meam,
2538 5715 2556 5748 ‹
2585 5703 2640 5750 ct
2678 5696 3000 5752 cxaltabitur
3033 5695 3065 5750 ἰ
3110 5708 3228 5772 post
3274 5716 3512 5756 resurrcv

277 5799 516 5862 tangere.
551 5809 568 5841 ι
617 5786 739 5844 [lare
775 5789 934 5846 verba
977 5785 1401 5844 refcruntJudazi
1435 5783 1664 5848 ad‘illud
1707 5798 1841 5848 tcm~

1952 5788 2182 5844 ctioncm
2245 5803 2394 5842 suam
2451 5787 2502 5840 in
2553 5787 2804 5842 cordibus
2855 5788 3092 5858 gcntium
3150 5791 3506 5861 apostolorum
