4016 6534
481 416 584 474 987

947 400 1295 461 [MYMONIS
1322 395 1798 456 HALBEBSTAT.
1840 391 2052 449 EPISC.
2093 388 2245 446 OPP.
2284 383 2462 443 PARS
2498 385 2538 440 l.
2579 414 2651 425 ——
2685 379 3037 441 COMMENT.
3078 377 3247 436 BlBL.

483 537 704 581 suorum
746 516 1154 590 praedicatione;
1181 511 1265 568 vel
1307 510 1475 565 etiam
1517 506 1843 564 exaltabitur
1870 504 1936 559 de
1973 515 2057 557 se-
2085 504 2133 562 Α
2163 496 2417 569 perpauci
2444 492 2725 566 gentilium
2752 489 3141 559 videruntejus
3164 487 3532 557 praesentiam,
3554 493 3752 544 tamen

484 615 670 686 pulcro
711 611 777 666 ad
822 607 989 665 caelos
1012 646 1028 673 ,
1077 605 1145 661 de
1179 612 1350 658 morte
1388 600 1456 654 ad
1480 599 1649 652 vitam
1678 615 1696 671 ὸς
1728 613 1748 647 ι
1781 603 1839 651 et
1881 591 2058 649 eleva-

483 684 629 762 bitur
654 723 673 756 ι
691 716 852 771 super
879 712 1065 755 omnes
1093 694 1256 749 coelo;
1285 710 1297 744 :
1323 710 1343 743 ι
1371 700 1427 744 et
1445 688 1689 744 sublimis
1709 686 1813 740 erit
1840 684 2010 749 valde,
2032 702 2052 733 ι

486 801 681 859 sedens
724 798 778 851 in
817 794 982 866 gloria
1027 790 1269 860 pristinae
1300 786 1616 857 majestatis.
1647 782 1817 837 Filius
1850 780 1945 835 Dei
1975 791 2060 833 se-

489 887 723 946 cundum
761 880 1149 938 humanitatem
1193 891 1380 930 servus
1415 873 1736 943 appellatur,
1767 871 1893 940 quia
1933 883 2060 923 cum

488 978 543 1031 lu
579 992 599 1026 ι
630 973 796 1027 forma
828 967 922 1023 Dei
947 975 1120 1030 esset,
1149 962 1450 1019 humiliavit
1486 960 1856 1029 semetipsum,
1889 956 2063 1025 lactus

490 1062 748 1120 obediens
787 1058 932 1113 Patri
977 1070 1146 1126 usque
1200 1053 1267 1108 ad
1316 1061 1544 1106 mortem
1582 1048 1801 1120 (Philip.
1828 1047 1922 1117 n);
1953 1066 1973 1097 ι
2009 1053 2064 1100 et

489 1153 614 1225 quia
635 1152 735 1206 hoc
759 1150 886 1221 egit,
905 1146 1163 1203 exaltavit
1186 1143 1335 1197 illum
1354 1142 1495 1196 Deus
1515 1139 1675 1194 Pater
1695 1137 1761 1190 ad
1783 1136 2063 1191 dexteram

490 1256 642 1297 suam
665 1280 681 1305 ,
716 1240 851 1294 dans
883 1236 957 1290 illi
984 1249 1180 1290 nomen
1202 1232 1344 1302 quod
1372 1241 1454 1286 est
1484 1242 1645 1284 suner
1665 1240 1824 1281 omne
1846 1236 2064 1288 nomen,

491 1339 550 1386 ut
577 1330 743 1385 Filius
764 1310 1114 1383 Dei'dicatur.

567 1439 586 1472 ι
622 1420 771 1475 Sicut
812 1413 1257 1486 obstupefueruat
1299 1402 1795 1483 [obstupuerunt],
1847 1422 1865 1454 ι
1897 1401 1952 1456 id
1985 1406 2067 1455 est

493 1514 630 1569 sicut
654 1511 901 1565 admirati
926 1514 1049 1563 sunt
1079 1524 1096 1555 ι
1136 1519 1296 1574 super
1320 1511 1372 1556 te
1400 1499 1574 1561 multi,
1612 1517 1629 1548 ι
1666 1493 1919 1550 subaudis
1944 1499 2069 1545 ante

494 1603 797 1675 passionem
836 1609 1015 1661 tuam,
1053 1595 1299 1649 videntes
1346 1590 1497 1662 signa
1542 1597 1595 1641 et
1638 1581 1895 1638 miracula
1941 1595 1971 1633 a
2018 1588 2070 1633 te

496 1695 636 1758 ﬁeri,
674 1712 692 1744 ι
728 1689 1090 1760 sicinglorius
1120 1687 1223 1741 erit
1256 1682 1394 1740 inter
1429 1681 1572 1735 viros
1599 1685 1847 1747 aspectus
1870 1675 2010 1744 ejus,
2045 1690 2063 1724 ι

498 1793 739 1853 tempore
766 1777 1048 1850 passionis,
1073 1777 1314 1829 videntes
1333 1786 1456 1826 eum
1477 1766 1698 1837 conspui
1719 1774 1773 1820 et
1794 1761 2067 1834 ﬂagellari,

2158 598 2345 662 postea
2373 586 2722 658 contemplati
2746 592 2873 640 sunt
2899 597 3025 638 eum
3052 580 3160 636 ﬁde
3185 588 3240 634 et
3262 578 3574 637 dilectione.

2741 693 2967 752 CAPUT
2992 691 3135 748 LIII.

2234 809 2254 842 ι
2301 790 2435 857 Quis
2455 787 2684 844 credidit
2728 784 2932 841 auditui
2973 789 3181 845 nostro,
3228 788 3285 834 et
3307 779 3594 835 brachium
3624 779 3749 836 Da-

2161 881 2293 937 mini
2326 879 2412 935 cui
2435 877 2727 933 revelatum
2755 876 2872 931 est?
2899 893 2917 925 ι
2959 873 3037 928 Ex
3069 885 3301 943 persona
3340 872 3581 926 omnium
3612 887 3756 941 pro-

2160 972 2445 1042 phetarum
2480 968 2715 1038 loquitur
2743 966 2902 1020 modo
2931 963 3098 1018 Isaias
3127 962 3194 1016 ad
3236 961 3547 1025 Dominum,
3594 962 3751 1029 quod

2160 1061 2317 1131 pauci
2342 1074 2410 1115 ex
2427 1056 2625 1113 Iudaeis
2650 1053 2956 1110 exstiterint
2981 1052 3072 1122 qui
3098 1065 3286 1105 verum
3313 1050 3608 1105 crederent
3638 1050 3754 1105 hoc

2162 1165 2301 1215 esse,
2332 1149 2475 1220 quod
2502 1148 2571 1202 ab
2592 1147 2696 1201 illis
2715 1145 3003 1200 audierunt
3035 1142 3102 1197 de
3124 1141 3358 1196 adventu
3381 1139 3505 1194 Filii
3541 1138 3667 1203 Dei,
3692 1147 3756 1192 et

2163 1240 2286 1297 ideo
2306 1239 2438 1294 dicit
2466 1256 2479 1290 :
2505 1236 2637 1304 Quis
2664 1234 2892 1291 credidit
2917 1232 3120 1288 auditui
3140 1240 3326 1286 nostro
3344 1230 3370 1284 τ
3399 1228 3534 1295 Quis
3558 1230 3666 1285 isto
3692 1230 3750 1283 in

2168 1333 2288 1387 loco
2318 1346 2419 1401 pro
2446 1331 2670 1383 raritate
2697 1325 2955 1398 ponitur?
2980 1324 3047 1379 Et
3072 1330 3157 1379 est
3176 1337 3369 1379 sensus
3395 1341 3411 1376 :
3455 1321 3619 1376 Licet
3651 1336 3755 1375 nos

2165 1422 2281 1477 haec
2306 1421 2488 1475 omnia
2529 1418 2777 1488 superius
2805 1417 2947 1471 dicta
2984 1411 3442 1485 praedixissemus,
3484 1412 3618 1481 quis
3655 1410 3752 1466 Ju-

2166 1510 2403 1566 daeorum
2429 1508 2658 1564 credidit
2689 1505 2896 1560 auditui
2929 1512 3137 1567 nostro,
3170 1503 3273 1556 hoc
3298 1510 3405 1567 est,
3434 1503 3563 1571 quis
3604 1510 3756 1572 putat

2166 1616 2231 1658 ea
2258 1616 2382 1656 esse
2419 1613 2549 1654 vera
2574 1613 2695 1671 quae
2724 1612 2755 1653 a
2784 1606 2839 1652 te
2865 1596 2932 1651 de
2961 1594 3193 1649 adventu
3226 1591 3349 1647 Filii
3378 1592 3458 1646 tui
3504 1593 3756 1662 percepi-

2170 1691 2334 1746 mus?
2382 1688 2670 1745 Brachium
2693 1726 2709 1752 ,
2736 1686 2790 1742 id
2818 1693 2902 1742 est
2929 1684 3096 1740 Filius
3128 1683 3221 1738 Dei
3251 1681 3451 1749 Patris,
3479 1683 3572 1738 cui
3608 1698 3755 1737 reve-

2171 1783 2340 1838 latum
2368 1788 2469 1846 est,
2515 1780 2617 1835 boc
2653 1787 2742 1835 est
2789 1776 2878 1832 cui
2913 1772 3292 1830 manifestatus
3318 1779 3406 1828 est
3445 1779 3512 1826 ut
3536 1772 3599 1828 in
3638 1788 3749 1830 eum

499 1852 661 1944 atque
684 1871 748 1925 ad
780 1868 1021 1921 ultimum
1053 1863 1292 1933 cruciﬁgi
1318 1879 1331 1927 ;
1363 1879 1382 1912 ι
1415 1870 1468 1915 et
1496 1857 1667 1913 forma
1696 1856 1835 1927 ejus,
1871 1873 1888 1905 ι
1919 1852 1969 1907 id
1991 1859 2074 1908 est
2102 1858 2148 1917 B
2175 1871 2457 1928 crederet?

499 1962 705 2033 species
729 1956 861 2027 ejus,
891 1956 1147 2011 subaudis
1182 1954 1299 2009 sine
1341 1953 1545 2007 honore
1570 1951 1675 2004 erit
1722 1967 1738 1998 ι
1770 1948 1909 2001 inter
1933 1943 2071 1998 ﬁlios

501 2054 795 2110 hominum.
832 2070 849 2100 ι
879 2047 994 2103 Vox
1041 2046 1135 2101 Dei
1167 2045 1343 2100 Patris
1370 2043 1437 2096 ad
1465 2041 1678 2097 Filium.
1712 2037 1820 2093 lsto
1859 2036 1912 2089 in
1955 2033 2072 2089 loco

500 2162 606 2200 non
634 2151 882 2198 servatur
910 2140 1041 2193 ordo
1073 2136 1327 2191 historiae.
1378 2131 1636 2202 Superius
1671 2128 1813 2184 enim
1865 2126 2074 2181 locutus

500 2247 585 2292 est
611 2234 874 2303 Propheta
897 2247 959 2285 ex
981 2242 1206 2300 persona
1222 2226 1313 2281 Dei
1336 2224 1511 2278 Patris
1537 2223 1602 2277 de
1616 2218 1930 2275 ascensione
1954 2214 2074 2269 Filii

502 2328 621 2392 Dei,
646 2326 803 2380 modo
832 2322 1119 2378 revertitur
1143 2319 1209 2373 ad
1234 2318 1536 2387 passionem
1562 2313 1725 2366 illius.
1752 2309 1820 2363 Et
1850 2305 2075 2377 quaestio

502 2418 590 2473 hic
616 2418 787 2472 oritur
808 2428 975 2486 quare
1005 2412 1147 2466 dicat
1164 2408 1448 2464 Psalmista
1480 2422 1493 2458 :
1529 2424 1547 2455 ι
1582 2402 1868 2474 Speciosus
1903 2398 2075 2455 forma

502 2524 614 2584 pra:
660 2506 785 2560 [iliis
839 2489 1113 2558 hominum
1167 2497 1350 2570 (Psal.
1402 2493 1661 2564 xxxxnv).
1738 2511 1757 2544 ι
1801 2489 1934 2545 Cum
1987 2487 2077 2542 hic

404 2640 421 2647 η
504 2578 649 2654 dicat
677 2595 817 2649 Deus
846 2592 1006 2647 Pater
1031 2605 1128 2661 per
1156 2590 1491 2659 prophetam,
1523 2584 1665 2654 quod
1693 2580 1951 2653 inglorius
1974 2578 2079 2633 erit

505 2695 752 2757 aspectus
777 2682 890 2751 ejus
912 2684 1052 2737 inter
1081 2680 1217 2735 ﬁlios
1242 2678 1550 2733 hominum?
1579 2674 1708 2743 Quae
1729 2672 1950 2743 quaestio
1976 2671 2078 2725 hoc

505 2777 664 2834 modo
697 2774 945 2836 solvitur,
976 2772 1101 2841 quia
1134 2786 1239 2824 non
1274 2776 1356 2823 est
1386 2765 1666 2822 referenda
1708 2764 1811 2819 ista
1840 2762 2080 2816 dehone-

506 2870 667 2924 statio
691 2869 756 2923 ad
780 2866 970 2921 faciem
995 2873 1049 2920 et
1074 2863 1274 2917 vultum
1303 2859 1444 2915 illius
1468 2880 1480 2913 :
1507 2858 1603 2913 sed
1628 2856 1696 2912 ad
1730 2852 2079 2926 ignominiam

509 2958 790 3029 passionis.
837 2955 971 3008 Dum
1017 2954 1159 3007 enim
1202 2951 1449 3006 viderent
1490 2947 1772 3003 Dominum
1819 2942 2075 3014 conspui,

509 3028 779 3117 cruciﬁgi,
812 3057 867 3100 et
895 3046 1035 3099 inter
1068 3043 1280 3113 iniquos
1309 3039 1544 3109 reputari
1580 3055 1593 3091 :
1622 3037 1693 3091 illi
1721 3028 1821 3106 qui
1842 3035 2082 3089 videntes

511 3139 767 3193 miracula
784 3137 900 3206 ejus
930 3144 1054 3189 ante
1074 3134 1373 3203 passionem
1398 3130 1649 3212 dixerunt
1674 3125 1834 3194 :Quis
1857 3134 1939 3179 est
1959 3121 2082 3177 hic?

510 3199 832 3302 putaverunt
862 3242 964 3281 non
988 3199 1104 3279 esse
1133 3224 1278 3278 illum
1295 3222 1487 3277 Filium
1513 3199 1643 3284 Dei;
1655 3218 1748 3273 sed
1771 3218 2081 3287 despectum
2108 3199 2151 3261 (ἶ

512 3330 565 3376 et
591 3320 937 3375 novissimum
965 3317 1224 3371 virorum.

595 3430 612 3460 ‹
648 3411 749 3464 lste
801 3414 1079 3479 asperget,
1133 3424 1150 3455 ο
1202 3404 1253 3459 id
1315 3408 1398 3458 est
1442 3398 1644 3456 lavabit
1687 3398 1945 3468 sanguine
1988 3411 2091 3452 suo

519 3523 537 3553 ι
562 3499 972 3572 gentesmultas.
1008 3516 1025 3549 ι
1048 3497 1105 3551 In
1118 3494 1297 3549 Veteri
1314 3494 1674 3555 Testamento,
1705 3490 2085 3560 aspergebatur

514 3593 738 3665 populus
768 3591 1024 3659 sanguine
1051 3588 1193 3658 agni,
1222 3587 1315 3641 sed
1352 3600 1458 3639 non
1502 3583 1858 3638 mundabatur
1884 3596 1913 3635 a
1955 3594 2085 3651 pec-

514 3685 670 3740 catis.
696 3681 925 3736 Veniens
953 3687 1131 3732 autem
1164 3675 1329 3730 Filius
1363 3674 1455 3729 Dei
1484 3680 1538 3727 et
1563 3670 1839 3727 ellundens
1865 3669 2084 3736 sangui-

518 3789 640 3830 nem
672 3787 825 3827 suum
874 3785 971 3843 pro
1016 3769 1199 3832 nobis,
1242 3765 1519 3821 mundavit
1547 3778 1733 3819 omnes
1772 3762 2085 3826 credentes,

517 3867 608 3936 qui
651 3862 1010 3937 praedestinati
1047 3869 1201 3915 erant
1233 3860 1299 3913 ad
1353 3858 1536 3911 vitam.
1568 3855 1815 3926 Congrue
1849 3870 1974 3924 ergo
2007 3853 2087 3907 di-

517 3958 661 4012 citur
696 3960 943 4024 asperget
983 3960 1167 4020 gentes
1200 3949 1410 4013 omitas,
1452 3957 1507 4002 et
1551 3961 1653 4001 non
1679 3962 1867 4001 omnes
1901 3964 1916 4013 ;
1962 3946 2091 4015 quia

521 4061 627 4101 non
664 4042 781 4097 aliis
822 4039 1024 4113 profuit
1052 4037 1247 4108 .passio
1287 4036 1460 4098 illius,
1493 4035 1593 4089 nisi
1634 4034 1723 4104 qui
1769 4034 1927 4087 iidem
1974 4033 2091 4103 ejus

524 4138 861 4202 receperunt,
898 4137 952 4183 et
973 4126 1228 4196 baptizati
1252 4133 1375 4180 sunt
1408 4126 1460 4178 in
1492 4124 1708 4177 nomine
1738 4130 1936 4177 sancta:
1966 4121 2090 4177 Tri-

523 4223 725 4278 nitatis.
763 4239 782 4271 ι
818 4219 991 4289 Super
1016 4219 1187 4288 ipsum
1217 4216 1563 4271 continebunt
1586 4230 1738 4285 reges
1768 4229 1828 4267 os
1858 4229 2035 4279 suum,
2066 4232 2085 4264 ι
2112 4220 2115 4223 ’

523 4316 579 4371 id
605 4323 688 4369 est
716 4312 987 4382 sapientes
1017 4308 1175 4378 hujus
1215 4307 1420 4374 saeculi,
1465 4306 1634 4371 Plato,
1675 4306 2009 4371 Aristoteles,
2039 4314 2095 4360 et

524 4407 705 4462 caueri
740 4404 978 4461 carnalia
999 4404 1287 4473 sapientes,
1335 4402 1426 4472 qui
1462 4416 1518 4456 se
1543 4409 1595 4455 et
1621 4400 1754 4454 alios
1776 4399 2094 4455 videbantur

510 4513 731 4570 regere.
765 4495 1186 4549 Praxdicantibus
1212 4493 1465 4563 apostolis
1489 4491 1863 4562 Evangelicam
1893 4489 2094 4545 doctri-

526 4604 686 4653 nam,
726 4586 901 4642 omnis
948 4585 1207 4655 sapientia
1253 4584 1515 4647 humana,
1567 4584 1742 4637 omnis
1790 4581 2098 4651 eloquentia

530 4682 795 4737 mundana
824 4677 1045 4751 quievit,
1075 4684 1130 4730 et
1152 4674 1282 4729 ﬁdes
1310 4673 1506 4728 Christi
1532 4688 1629 4743 per
1670 4673 1943 4742 Evangelii
1976 4689 2100 4743 gra-

531 4774 658 4827 tiam
687 4770 841 4839 longe
880 4768 1090 4835 lateque
1117 4764 1307 4820 diffusa
1333 4774 1434 4818 est.
1478 4764 1545 4817 Et
1573 4780 1742 4833 quare
1772 4764 1875 4818 hoc
1919 4772 2101 4821 actum

531 4868 634 4931 sit,
682 4865 736 4919 in
775 4860 1222 4931 subsequentibus
1268 4855 1664 4923 manifestatur,
1710 4872 1831 4911 cum
1876 4853 2097 4922 subjun-

531 4960 677 5030 gitur
708 4975 721 5010 :
753 4974 769 5005 ι
799 4955 931 5021 Quia
957 4953 1152 5022 quibus
1189 4967 1291 5005 non
1319 4960 1401 5005 cst
1443 4959 1721 5004 narratum
1753 4949 1819 5003 de
1842 4963 1924 5014 eo,
1958 4968 1977 5000 ι
2013 4963 2102 5002 sus

532 5050 723 5104 baudis
766 5063 796 5101 a
845 5042 1161 5116 patriarchis
1195 5050 1250 5097 et
1276 5042 1586 5112 prophetis,
1635 5059 1653 5092 ι
1693 5040 1965 5103 videbunt,
2002 5057 2019 5090 ι
2051 5038 2104 5093 id

535 5145 621 5193 est
655 5136 951 5206 intelligent
975 5148 1097 5186 eum
1122 5146 1219 5200 pro
1252 5130 1616 5199 redemplidne
1643 5128 1857 5201 generis
1886 5128 2104 5183 humani

539 5229 753 5283 venisse
778 5266 793 5289 ,
827 5244 845 5275 ι
895 5233 949 5278 et
978 5224 1066 5292 qui
1108 5239 1212 5277 non
1262 5221 1549 5274 audierunt
1582 5240 1599 5271 ι
1648 5219 1937 5288 prophetas
1981 5225 2106 5271 ante

539 5321 825 5375 adventum
863 5316 1002 5370 illius
1025 5355 1040 5378 ,
1076 5332 1109 5364 ι·
1144 5312 1484 5382 contemplati
1525 5319 1648 5365 sunt
1691 5327 1814 5367 eum
1866 5331 1883 5362 ι
1918 5309 2021 5365 ﬁde
2053 5317 2109 5364 et

540 5409 832 5467 desiderio.
885 5407 986 5460 Per
1038 5405 1169 5459 istos
1198 5405 1389 5474 quibus
1437 5411 1712 5456 narratmn
1768 5418 1872 5456 non
1911 5410 1996 5455 est
2042 5401 2108 5456 de

540 5502 770 5555 adventu
808 5496 1017 5553 Domini
1045 5511 1075 5548 a
1099 5494 1393 5563 prophetis,
1421 5502 1472 5547 et
1494 5493 1582 5562 qui
1611 5502 1765 5546 antea
1795 5508 1898 5546 non
1927 5492 2110 5546 audieo

543 5596 701 5652 rant,
730 5587 986 5640 debemus
1027 5583 1319 5655 intelligere
1365 5582 1622 5651 gentiles,
1657 5582 1720 5635 dc
1762 5583 1954 5650 quibus
1997 5582 2108 5651 ipse

542 5680 714 5734 dicit:
754 5698 770 5729 ‹
821 5677 968 5731 Beati
1016 5676 1106 5745 qui
1155 5691 1257 5728 non
1309 5675 1596 5737 viderunt,
1647 5682 1702 5727 et
1746 5674 2107 5728 crediderunt.

544 5770 724 5839 (lacn.
754 5770 924 5839 tm).
956 5789 973 5820 ι
1012 5768 1341 5823 Prauliranlc
1383 5770 1522 5822 enim
1566 5770 1790 5823 Domino
1844 5769 1894 5823 in
1949 5786 2109 5823 carne

2128 4549 2176 4608 D

2243 1981 2263 2016 ι
2302 1962 2369 2018 Et
2406 1960 2662 2017 ascendet
2689 1960 2830 2016 sicut
2862 1955 3154 2028 virgultum
3179 1968 3362 2010 coram
3385 1966 3455 2009 eo
3474 1993 3493 2019 ,
3521 1971 3542 2004 ι
3585 1954 3643 2008 id
3680 1963 3759 2011 es:

2171 2066 2352 2109 coram
2368 2051 2478 2105 Deo
2497 2050 2681 2113 Patre,
2716 2066 2735 2099 ι
2756 2057 2811 2103 et
2841 2047 2984 2103 sicut
3007 2045 3162 2100 radix
3191 2044 3258 2099 de
3287 2053 3435 2099 terra
3464 2043 3698 2097 sitienti.
3728 2061 3753 2096 ι

2170 2140 2316 2219 Bene
2343 2139 2476 2194 dicit
2507 2137 2764 2193 ascendet
2799 2136 3084 2191 brachium
3123 2133 3219 2190 Dei
3261 2133 3445 2188 Patris
3474 2133 3621 2187 sicut
3646 2133 3753 2186 vir.

2172 2233 2376 2303 gultum
2419 2246 2603 2287 coram
2629 2246 2717 2297 eo,
2750 2229 2802 2286 id
2829 2236 2914 2286 est
2941 2228 3219 2284 voluntate
3246 2228 3421 2299 ipsius
3441 2227 3541 2284 Dei
3565 2224 3747 2293 Patris,

2173 2324 2314 2379 sicut
2340 2322 2454 2391 ipse
2485 2321 2619 2375 dixit
2648 2338 2662 2373 :
2714 2318 2870 2375 Exivi
2910 2335 2941 2373 a
2971 2318 3130 2373 Patre
3168 2327 3224 2373 et
3250 2319 3374 2373 veni
3408 2318 3469 2373 in
3501 2318 3744 2373 mundum

2174 2414 2359 2486 (Joan.
2387 2413 2523 2485 xvi),
2573 2421 2633 2467 ut
2658 2412 3059 2468 demonstraret
3094 2411 3394 2466 nativitatis
3420 2409 3545 2480 ejus
3566 2425 3735 2465 ascen-

2174 2520 2317 2569 sum,
2371 2503 2639 2574 quomodo
2690 2504 2854 2557 homo
2902 2501 3105 2567 factus,
3150 2501 3429 2557 exaltatus
3473 2502 3547 2557 sit
3568 2516 3735 2555 resur-

2176 2594 2351 2665 gendo
2374 2609 2404 2648 a
2432 2593 2680 2658 mortuis,
2710 2600 2765 2647 et
2801 2591 3142 2648 ascendendo
3194 2591 3262 2647 ad
3302 2591 3501 2657 caelos,
3553 2601 3607 2647 et
3626 2606 3748 2660 quo-

2178 2684 2341 2740 modo
2369 2683 2755 2754 praedicatione
2786 2682 3151 2752 apostolorum
3191 2697 3389 2737 nomen
3428 2683 3553 2753 ejus
3604 2696 3757 2753 super

2178 2789 2371 2831 omnes
2401 2782 2589 2845 gentes
2621 2774 2693 2828 sit
2729 2772 3049 2829 exaltatum.
3095 2772 3241 2827 istud
3270 2780 3354 2828 est
3375 2771 3671 2843 virgultum
3708 2780 3762 2826 et

2180 2871 2356 2935 radix,
2397 2871 2465 2925 de
2490 2885 2597 2940 quo
2625 2870 2732 2924 alio
2755 2870 2810 2923 in
2830 2867 2951 2924 loco
2979 2868 3110 2922 dicit
3141 2867 3346 2923 Isaias:
3384 2885 3403 2918 ι
3428 2867 3593 2921 Exiet
3613 2867 3761 2938 virga

2179 2964 2247 3019 de
2283 2963 2466 3018 radice
2493 2960 2646 3018 Jesse
2683 2960 2817 3031 (Isa.
2844 2959 2927 3031 ιι),
2960 2978 2978 3011 ι
3009 2961 3113 3015 hoc
3145 2968 3248 3023 est,
3280 2957 3531 3013 Christus
3556 2959 3627 3012 de
3655 2959 3762 3011 vir-

2182 3055 2304 3127 gine
2333 3053 2521 3118 Maria,
2571 3067 2692 3121 qua:
2717 3050 2818 3106 fuit
2840 3061 2958 3107 orta
2994 3051 3060 3105 de
3092 3050 3348 3120 progenie
3374 3048 3563 3102 David.
3604 3047 3757 3115 Quod

2182 3152 2364 3199 autem
2392 3143 2547 3208 dicit,
2574 3150 2630 3196 et
2656 3142 2797 3196 sicut
2823 3141 2976 3195 radix
3005 3140 3070 3194 de
3102 3147 3245 3193 terra
3270 3138 3462 3193 sitienti
3490 3138 3757 3193 debemus

2185 3231 2486 3300 intelligere
2512 3231 2683 3302 ipsam
2707 3232 2992 3302 virginem,
3022 3230 3176 3300 cujus
3212 3237 3381 3283 uterus
3400 3228 3588 3282 sitiens
3618 3226 3741 3292 fuit,

2183 3325 2307 3396 quia
2345 3340 2446 3380 non
2476 3323 2581 3379 fuit
2615 3324 2681 3378 de
2710 3324 2947 3378 humano
2975 3331 3031 3377 et
3057 3321 3201 3376 virili
3228 3321 3420 3375 semine
3462 3321 3740 3374 humecta-

2186 3426 2289 3472 tus.
2325 3416 2587 3487 Quodque
2624 3415 2898 3484 sequituq,
2937 3431 2957 3466 ι
2992 3430 3099 3469 non
3130 3422 3213 3469 est
3254 3413 3458 3483 species
3492 3413 3545 3468 ei
3580 3425 3752 3482 neque

2185 3510 2367 3573 decor,
2398 3517 2453 3563 et
2488 3508 2721 3562 vidimus
2757 3520 2905 3571 eum,
2943 3514 3000 3561 et
3024 3521 3132 3560 non
3157 3515 3277 3560 erat
3306 3505 3533 3574 species,
3570 3522 3590 3555 ι
3628 3504 3756 3559 sub-

2187 3599 2343 3654 audis
2374 3598 2428 3653 in
2450 3613 2536 3663 eo,
2562 3612 2663 3652 vox
2689 3597 2966 3667 propheta:
2986 3605 3071 3652 est
3097 3611 3163 3650 ex
3186 3609 3417 3665 persona
3444 3609 3539 3649 sua
3566 3601 3622 3647 et
3643 3608 3758 3647 oms

2185 3689 2337 3744 nium
2382 3688 2787 3759 prophetarum,
2838 3686 2928 3757 qui
2978 3687 3158 3741 omnia
3207 3700 3304 3754 per
3339 3683 3603 3752 Spiritum
3643 3698 3760 3736 san-

2188 3786 2334 3834 ctum
2395 3786 2763 3848 cognoverunt
2806 3790 2926 3846 quae
3000 3777 3052 3830 in
3104 3774 3329 3829 Domino
3381 3773 3505 3828 Jesu
3552 3771 3769 3828 Christo.

2189 3876 2344 3922 erant
2364 3865 2709 3936 complenda;
2748 3867 2832 3919 vel
2864 3866 2955 3936 qui
2977 3865 3202 3920 Domino
3231 3865 3484 3920 veniente
3525 3865 3582 3918 in
3608 3879 3769 3920 carae

2191 3957 2556 4012 crediderunt.
2607 3955 2713 4011 Sed
2750 3957 2979 4026 quaestio
3016 3957 3121 4011 isto
3174 3956 3227 4010 in
3256 3955 3374 4011 loco
3409 3971 3520 4010 non
3560 3956 3769 4010 modica

2192 4049 2366 4102 oritur
2407 4065 2419 4100 :
2468 4046 2647 4113 Quare
2682 4047 2825 4103 dicat
2855 4048 3017 4102 lsaias
3057 4048 3315 4117 propheta
3341 4088 3357 4113 ,
3386 4046 3504 4102 Non
3534 4058 3622 4102 est
3657 4062 3765 4116 spe-

2193 4139 2303 4193 cies
2329 4137 2378 4192 ei
2399 4152 2571 4205 neque
2592 4136 2774 4201 decor,
2804 4153 2929 4190 cum
2954 4136 3236 4191 Psahnista
3260 4138 3526 4206 przecinat
3566 4137 3632 4191 de
3658 4136 3763 4198 illo,

2192 4227 2335 4297 quod
2381 4227 2493 4297 ipse
2527 4227 2599 4282 sit
2642 4228 2915 4296 speciosus
2964 4226 3134 4283 forma
3179 4244 3290 4298 prae
3326 4228 3461 4283 ﬁliis
3495 4228 3763 4282 hominum

2196 4315 2365 4386 (Paul.
2400 4316 2588 4387 xuv)?
2614 4317 2742 4385 Quae
2767 4318 2992 4389 qumstio
3014 4319 3117 4372 hoc
3148 4318 3307 4372 modo
3336 4317 3573 4372 solvitur
3598 4335 3615 4371 :
3652 4316 3765 4371 ideo

2196 4421 2305 4463 non
2334 4415 2451 4462 erat
2478 4408 2528 4462 ei
2562 4409 2770 4477 species
2807 4422 2981 4477 neque
3007 4408 3188 4473 decor,
3217 4408 3345 4476 quia
3383 4407 3668 4477 plenitudo
3695 4406 3765 4460 di-

2202 4497 2462 4562 vinitatis,
2484 4513 2603 4566 quae
2628 4498 2681 4551 in
2709 4497 2825 4568 ipso
2856 4498 3076 4561 latebat,
3110 4498 3450 4553 extrinsecus
3474 4514 3586 4553 non
3620 4513 3762 4567 appa-

2203 4591 2385 4656 rebat;
2424 4589 2505 4643 vel
2528 4597 2785 4659 quantum
2829 4590 2895 4643 ad
2931 4590 3076 4659 ipsos
3101 4589 3407 4658 pertinebat
3446 4591 3543 4659 qui
3574 4590 3625 4644 ei
3651 4605 3765 4644 con-

2204 4682 2481 4737 tumeliam
2509 4680 2832 4747 inferebant,
2867 4698 3078 4737 omnem
3119 4682 3518 4752 speciositatem
3546 4682 3768 4736 habebat

2202 4773 2478 4827 amissam.
2508 4771 2797 4828 Videamus
2826 4787 2953 4842 ergo
2979 4786 3075 4842 per
3094 4772 3313 4841 singula
3327 4771 3459 4841 quid
3489 4770 3768 4827 dicendum

2201 4862 2288 4925 sit,
2325 4861 2452 4917 licet
2476 4877 2542 4916 ex
2570 4875 2793 4931 persona
2817 4851 3093 4931 propheta:
3116 4861 3498 4929 sociorumque
3522 4862 3644 4930 ejus
3668 4860 3770 4913 haec

2203 4952 2344 5007 dicta
2372 4952 2500 5009 sint.
2531 4949 2645 5007 Non
2673 4959 2757 5005 est
2782 4951 2989 5021 species
3010 4950 3086 5017 ei,
3112 4965 3287 5020 neque
3309 4950 3492 5005 decor.
3527 4950 3665 5003 Dum
3687 4947 3771 5001 ﬁs.

2210 5042 2501 5114 gellaretur
2530 5043 2689 5107 Deus,
2731 5043 2856 5099 dum
2890 5052 3299 5112 conspueretur,
3340 5050 3394 5096 et
3420 5042 3547 5094 dum
3584 5048 3770 5095 cetera

2211 5132 2497 5202 opprobria
2523 5133 2836 5198 sustineret,
2865 5133 3148 5190 videbatur
3169 5148 3201 5185 a
3220 5130 3429 5185 Iudaeis.
3442 5144 3552 5184 non
3582 5130 3771 5185 habere

2213 5223 2466 5295 speciem,
2501 5238 2674 5293 neque
2708 5225 2978 5287 decorem,
3029 5223 3153 5293 quia
3196 5220 3495 5277 divinitatis
3536 5202 3768 5292 potentia

2213 5313 2538 5385 intrinsecus
2560 5314 2781 5368 latebat.
2817 5332 2835 5365 ι
2862 5314 2929 5368 Ει
2957 5315 3187 5368 vidimus
3211 5328 3333 5367 eum
3356 5328 3456 5382 per
3473 5312 3727 5382 Spiritum
3747 5331 3762 5361 ι

2214 5415 2455 5458 sanctum
2483 5414 2659 5459 mente
2701 5419 2801 5475 ego
2822 5413 2877 5459 et
2901 5404 3027 5459 socii
3056 5404 3159 5460 mei
3202 5404 3294 5475 qui
3324 5412 3451 5458 ante
3479 5402 3693 5466 fuimus,
3723 5411 3774 5461 et

2214 5493 2439 5563 apostoli
2462 5495 2550 5563 qui
2574 5503 2868 5564 prtesentes
2895 5494 3131 5552 fuerunt.
3159 5497 3223 5549 Et
3244 5510 3347 5550 non
3372 5503 3492 5551 erat
3513 5503 3775 5564 aspectus,

2215 5586 2470 5640 subaudis
2511 5586 2563 5639 in
2616 5602 2682 5641 eo
2735 5595 2975 5657 tempore
3010 5587 3294 5656 passionis,
3354 5606 3371 5637 ς
3416 5595 3472 5639 et
3518 5585 3769 5640 desidera-

2216 5679 2390 5732 vimus
2420 5692 2564 5742 eum,
2600 5699 2617 5730 ι
2649 5678 2904 5733 subaudis
2940 5680 3120 5734 videre
3148 5694 3247 5750 ego
3289 5686 3344 5733 et
3370 5677 3502 5733 socii
3526 5675 3629 5731 uici
3658 5689 3768 5745 pm—

2216 5772 2389 5841 phctsc
2418 5770 2506 5839 qui
2549 5787 2666 5823 enm
2692 5771 3081 5841 prmcessimus.
