4016 6464
136 416 153 449 ἒ

254 370 359 428 989

1319 371 1675 430 COMMENT.
1713 371 1778 427 IN
1812 369 2065 428 ISAIAM.
2104 404 2173 416 -—
2210 374 2334 429 LIB.
2370 375 2437 432 ιι.

333 504 353 536 ι
397 486 737 555 Despectum,
771 506 789 538 ι
825 502 856 541 a
892 486 1111 553 Judmis,
1153 505 1171 537 ι
1199 494 1254 540 et
1275 485 1626 541 novissimum
1673 484 1815 538 viro-
1846 490 1897 549 Α
1922 501 2043 541 eum
2082 489 2263 554 morti,
2315 499 2373 545 et
2402 490 2700 559 indigemus
2734 486 3109 543 misericordia
3144 484 3283 558 ejus,
3316 483 3474 555 juxta

260 590 398 637 tum,
438 594 458 627 ι
501 575 554 629 id
574 584 657 630 est
692 589 792 645 pro
819 576 988 630 nihilo
1024 576 1332 645 deputatum
1360 592 1375 640 ;
1412 592 1431 626 ι
1463 575 1639 629 virum
1672 573 1820 629 dolo-

260 683 379 721 rum
404 675 459 721 et
488 667 747 722 scientem
773 666 1166 731 infirmitatem,
1198 685 1217 717 ι
1250 666 1508 721 subaudis
1551 664 1821 736 patienter

263 757 404 810 ferre
434 777 447 809 :
495 774 513 806 ι
558 764 614 810 ει
641 757 793 826 quasi
830 756 1178 812 absconditus
1211 756 1389 810 vultus
1414 755 1532 825 ejus
1558 764 1613 809 et
1633 755 1821 824 despe-

228 857 409 909 .ctus,
458 864 477 898 ι
531 848 582 901 id
629 856 712 902 est
766 847 985 902 claritas
1032 847 1331 902 divinitatis
1374 844 1490 914 ejus
1537 847 1819 901 absconsa.

264 936 395 991 Cum
424 936 551 991 dicit
570 936 996 993 desideravimus
1013 936 1135 993 etim
1158 937 1361 1000 videre,
1402 936 1541 992 sicut
1582 943 1699 991 erat
1722 935 1821 989 de-

264 1037 482 1096 spectus
512 1043 540 1080 a
563 1026 780 1092 Judzcis,
805 1037 859 1083 et
887 1041 985 1097 pro
1015 1027 1179 1087 nihilo
1213 1027 1516 1097 deputatus,
1567 1027 1743 1098 jungit
1766 1040 1823 1081 se

264 1118 512 1174 Patribus
542 1119 756 1174 Domini
797 1120 1081 1175 adventrum
1119 1118 1542 1188 pnncedentibus
1573 1118 1663 1188 qui
1700 1134 1824 1174 eum

264 1208 431 1264 nimio
477 1224 661 1262 amore
703 1208 1147 1263 desideraverunt
1196 1208 1401 1272 videre,
1452 1209 1518 1263 de
1556 1209 1748 1277 quibus
1771 1215 1826 1261 et

264 1299 520 1355 Dominus
548 1299 681 1354 dixit
707 1299 961 1369 apostolis
993 1317 1005 1352 :
1043 1318 1060 1350 ι
1109 1299 1277 1353 Amen
1299 1299 1419 1354 dico
1445 1299 1635 1354 vobis:
1682 1297 1824 1367 quod

263 1390 415 1445 multi
448 1377 602 1459 reges
648 1399 703 1446 et
723 1392 998 1459 propheta:
1038 1391 1323 1445 voluerunt
1356 1392 1539 1445 videre
1568 1406 1686 1459 qua:
1731 1403 1828 1444 vos

263 1482 475 1543 videtis,
512 1489 565 1533 et
589 1496 691 1533 non
715 1481 962 1534 viderunt
997 1479 1215 1549 (Matth.
1240 1478 1384 1547 xtn).
1418 1499 1437 1531 ι
1494 1498 1511 1529 ι
1549 1479 1615 1532 Ει
1654 1476 1833 1532 Abra-

263 1574 385 1629 ham
422 1581 577 1641 pater
612 1580 793 1626 vester
829 1570 1116 1626 exsultavit
1158 1580 1220 1623 ut
1247 1570 1453 1624 videret
1476 1570 1616 1624 diem
1649 1583 1827 1623 meum

263 1661 445 1733 (Joan.
475 1661 577 1730 ιιι).
631 1681 651 1715 ι
698 1661 847 1717 Unde
889 1660 1053 1714 David
1082 1675 1273 1730 magno
1311 1674 1603 1714 succensus
1644 1674 1828 1712 amore

261 1752 473 1808 videndi
517 1767 640 1806 eum
681 1751 734 1804 in
773 1764 955 1812 carne,
1001 1750 1135 1804 dixit
1188 1768 1200 1804 :
1250 1768 1268 1800 ι
1330 1750 1534 1813 Excita,
1581 1748 1824 1812 Domine,

263 1842 826 1918 potentiam_tuam,et
846 1840 964 1894 veni
990 1837 1159 1911 (Psal.
1188 1839 1394 1910 ωωιιε),
1427 1860 1444 1891 ι
1463 1855 1559 1909 per
1580 1840 1827 1893 incarna-
1854 1830 1900 1887 B
1928 1849 2043 1904 sine
2067 1857 2288 1919 peccato
2320 1848 2518 1902 mansi;

266 1930 428 1984 tionis
449 1929 779 2000 mysterium.
819 1929 886 1982 Et
919 1929 1084 1983 Isaias
1117 1947 1129 1983 :
1168 1948 1185 1980 ι
1224 1928 1437 1983 Utinam
1461 1929 1827 1999 disrumperes

265 2021 431 2077 emlos
457 2030 511 2076 et
547 2021 900 2077 descenderes
928 2019 1061 2090 (Isa.
1093 2020 1263 2090 LXIV).
1302 2040 1321 2073 ι
1352 2020 1504 2087 Quod
1538 2028 1716 2074 autem
1741 2035 1828 2074 se»

265 2112 468 2180 quitur,
508 2112 930 2167 desideravimus
970 2126 1090 2166 eum
1127 2113 1308 2166 videre
1354 2113 1526 2166 virum
1562 2112 1829 2175 dolorum,

267 2205 321 2261 id
341 2213 425 2259 est
456 2205 688 2274 positum
718 2205 772 2259 in
798 2205 980 2259 dolore
1015 2214 1071 2259 et
1088 2205 1343 2259 scientem
1389 2205 1654 2274 patienter
1686 2203 1830 2259 ferre

265 2295 657 2359 infirmitatem,
707 2311 812 2350 non
843 2296 1139 2351 dubitative
1186 2296 1507 2350 credendum
1548 2304 1631 2350 est
1669 2295 1831 2348 susti-

265 2387 447 2441 nuisse
471 2402 594 2440 eum
623 2386 856 2440 dolorem
883 2385 1169 2455 passionis,
1197 2385 1336 2439 sicut
1358 2384 1576 2454 quidam
1619 2383 1834 2437 lucreti-

265 2490 451 2528 corum
474 2474 746 2539 dixerunt,
797 2475 889 2529 sed
921 2474 1063 2528 sicut
1083 2475 1135 2527 in
1161 2473 1386 2528 veritate
1414 2488 1598 2527 verum
1638 2488 1832 2541 corpus

265 2568 476 2632 habuit,
511 2568 585 2621 ita
616 2567 670 2621 in
701 2567 929 2621 veritate
965 2566 1259 2620 maximum
1294 2565 1529 2619 dolorem
1568 2564 1832 2634 passionis

266 2661 434 2715 sensit
464 2659 756 2715 secundum
785 2659 1187 2719 humanitatem,
1214 2657 1468 2710 divinitas
1500 2665 1677 2710 autem
1717 2655 1834 2709 size

266 2750 450 2804 dolore
466 2749 675 2803 mansit.
696 2748 846 2804 Unde
871 2757 926 2802 et
946 2748 1081 2802 dixit
1110 2756 1266 2801 nocte
1291 2762 1396 2816 qua
1417 2746 1835 2814 comprehensus

267 2849 346 2895 est
394 2858 406 2893 :
458 2858 476 2890 ι
534 2839 728 2893 Tristis
766 2847 849 2894 est
898 2839 1075 2892 anima
1126 2853 1241 2893 mea
1285 2853 1451 2914 usque
1501 2837 1568 2891 ad
1608 2846 1832 2891 mortem

268 2930 482 3000 (Matth.
512 2930 678 3000 xxvi).
719 2948 739 2981 ι
790 2949 808 2980 ι
851 2924 1018 2992 Unde,
1053 2948 1071 2980 ι
1106 2928 1363 2984 subaudis
1410 2944 1515 2998 qua
1546 2928 1832 2983 abscondi-

270 3031 358 3075 tus
409 3028 527 3074 erat
575 3018 755 3073 vultus
785 3018 1083 3089 divinitatis
1100 3019 1238 3088 ejus,
1290 3038 1307 3070 ‹
1341 3034 1440 3073 ηεε
1472 3018 1837 3087 reputavimus

272 3124 395 3164 eum
431 3129 450 3162 ι
484 3123 600 3163 εεεε
633 3108 823 3162 Filium
880 3106 995 3161 Dei.
1044 3108 1122 3161 Ex
1151 3122 1376 3177 persona
1405 3106 1712 3161 Iudmorum
1741 3104 1834 3173 qui

1918 578 2049 633 illud
2094 578 2334 648 Apostoli
2368 598 2382 634 :
2438 597 2457 631 ι
2488 578 2604 634 Νοιι
2634 587 2718 634 εει
2755 575 3045 632 distinctio.
3087 575 3292 632 Omnes
3333 578 3478 631 enim

1917 678 2299 738 peccaverunt,
2325 678 2379 724 et
2407 677 2571 739 egent
2597 668 2766 738 gratia
2807 668 2899 721 Dei
2928 666 3099 739 (Rom.
3129 665 3234 737 ιιι).
3269 684 3287 717 ι
3324 665 3479 722 Unde

1919 767 1974 813 et
2021 760 2278 827 sequitur,
2336 778 2355 811 ι
2395 761 2760 829 unusquisque
2784 759 2835 812 iu
2870 758 3010 812 viam
3038 771 3210 821 suam,
3267 774 3285 807 ι
3314 755 3368 809 id
3395 761 3481 810 est

1920 849 1974 904 lu
2015 849 2281 905 actionem
2326 865 2477 905 suam
2511 868 2530 901 ι
2582 848 2911 904 declinavit:
2950 867 2968 901 ι
3016 847 3100 902 vel
3130 848 3290 902 etiam
3339 844 3480 899 avia

1921 938 2274 1001 rectitudinis,
2315 952 2433 1006 quae
2479 947 2563 992 est
2599 936 2862 992 Christus.
2894 936 3010 1005 Ipse
3052 943 3135 990 est
3176 934 3319 988 enim
3367 932 3479 999 via,

1919 1029 2140 1093 veritas,
2167 1037 2217 1083 et
2247 1027 2373 1081 vita.
2412 1027 2456 1081 A
2490 1029 2573 1082 via
2633 1028 2776 1083 enim
2822 1026 3228 1081 declinaverunt
3266 1023 3484 1094 quando

1922 1120 2171 1176 dixerunt
2195 1119 2447 1173 Christo:
2481 1118 2851 1173 Samaritanus
2895 1132 2955 1173 es
2988 1126 3041 1172 lu
3065 1128 3121 1171 et
3161 1115 3483 1171 daemonium

1923 1208 2117 1273 habes;
2156 1217 2212 1263 et
2243 1208 2459 1278 quando
2502 1208 2911 1264 declaraveram
2948 1207 3094 1260 illum
3127 1204 3389 1275 crucifigi,
3429 1212 3485 1258 et

1923 1300 2183 1355 Barabam
2213 1299 2405 1354 dimitti
2437 1298 2616 1370 (Joan.
2640 1299 2779 1370 vui).
2805 1318 2822 1349 ι
2843 1299 2910 1353 Ει
2935 1298 3192 1353 Dominus
3220 1296 3398 1367 posuit
3426 1295 3482 1350 in

1923 1409 1988 1451 eo
2038 1394 2375 1464 iniquitatem
2404 1395 2641 1448 omnium
2690 1404 2956 1457 nostrum,
2997 1409 3014 1441 ι
3062 1388 3115 1445 id
3154 1397 3235 1444 est
3267 1387 3487 1442 tradidit

1924 1497 2045 1537 eum
2084 1498 2180 1551 pro
2209 1483 2445 1551 peccatis
2470 1483 2688 1547 nostris,
2740 1480 2963 1550 utquod
2995 1494 3093 1534 nos
3137 1487 3355 1548 propter
3386 1477 3486 1530 im-

1924 1572 2264 1627 becillitatem
2296 1580 2493 1626 nostras
2522 1571 2825 1641 fragilitatis
2859 1570 3001 1626 ferre
3023 1585 3127 1624 non
3157 1579 3484 1639 poteramus,

1927 1667 2038 1738 ipse
2064 1668 2204 1721 Deus
2239 1682 2339 1737 pro
2365 1667 2521 1720 nobis
2561 1674 2823 1736 portaret,
2877 1681 2983 1720 non
3020 1672 3081 1718 ut
3110 1664 3223 1733 ipse
3251 1668 3489 1731 portaret

1926 1769 2145 1829 peccata
2190 1766 2371 1812 nostra
2428 1758 2493 1811 ad
2534 1758 2638 1812 hoc
2683 1766 2743 1811 ut
2775 1766 3052 1825 peccatum
3097 1755 3320 1809 haberet
3363 1750 3489 1821 quia

2565 1865 2579 1901 :
2624 1846 2716 1901 sed
2746 1848 2884 1901 sicut
2909 1845 3145 1900 medicus
3186 1844 3379 1912 accipit
3406 1842 3489 1896 in~

1927 1936 2235 1995 firmitatem
2275 1932 2463 2009 aegroti
2512 1937 2763 1993 auferens
2802 1939 2869 1991 ab
2915 1936 3026 1999 illo,
3082 1950 3189 1989 non
3226 1933 3492 2002 recipiens

1924 2032 1983 2085 in
2022 2045 2097 2085 se.
2151 2030 2299 2085 Unde
2327 2030 2459 2084 dicit
2501 2028 2822 2099 Apostolus:
2855 2027 2987 2080 Eum
3011 2026 3102 2094 qui
3136 2039 3238 2078 non
3271 2028 3493 2076 noverat

1929 2131 2230 2192 peccatum,
2299 2135 2398 2189 pro
2442 2121 2597 2175 nobis
2645 2127 2921 2188 peccatum
2970 2115 3099 2171 fecit
3147 2115 3289 2170 Deus
3333 2113 3492 2166 Pater

1931 2212 2108 2282 (Joun.
2144 2211 2221 2281 ι),
2248 2211 2352 2265 hoc
2382 2219 2466 2265 est
2489 2211 2719 2266 hostiam
2746 2224 2843 2278 pro
2871 2215 3109 2277 peccato.

2006 2324 2025 2354 ι
2069 2301 2293 2357 Oblatas
2318 2310 2420 2366 est,
2460 2321 2478 2352 ι
2513 2299 2822 2355 subaudisa
2854 2299 3048 2367 seipso,
3088 2310 3193 2350 non
3236 2295 3289 2348 in
3336 2292 3492 2347 altari

1932 2390 2392 2454 holocaustorum,
2434 2390 2526 2444 sed
2567 2390 2618 2442 in
2646 2404 2741 2441 ara
2786 2388 3002 2452 crucis,
3028 2405 3045 2437 ι
3072 2386 3198 2455 quia
3238 2383 3351 2452 ipse
3396 2397 3493 2435 vo-

1933 2479 2069 2543 luit;
2116 2500 2133 2531 ι
2163 2480 2254 2533 sed
2296 2479 2423 2533 dicit
2465 2479 2517 2531 in
2552 2476 2838 2546 Evangelia
2887 2490 2902 2529 :
2954 2474 3277 2530 Potestatem
3324 2472 3495 2525 habeo

1933 2568 2160 2637 ponendi
2197 2568 2430 2620 animam
2469 2581 2663 2628 meam,
2721 2574 2775 2618 et
2820 2565 3014 2619 iterum
3054 2559 3297 2618 sumendi
3327 2575 3491 2625 eam;

1934 2670 1989 2715 et
2020 2678 2031 2713 :
2075 2658 2240 2713 Nemo
2270 2659 2407 2712 tollit
2433 2658 2665 2711 animam
2689 2671 2861 2711 meam
2902 2671 2931 2708 a
2958 2669 3063 2719 me,
3109 2653 3201 2708 sed
3232 2667 3329 2723 ego
3354 2664 3495 2721 pono

1935 2767 2073 2807 eam.
2121 2750 2341 2806 Oblatas
2365 2757 2447 2805 est
2473 2764 2599 2819 ergo
2634 2763 2737 2801 non
2775 2762 2872 2817 pro
2893 2746 3025 2810 suis,
3050 2745 3141 2800 sed
3164 2758 3267 2814 pro
3297 2743 3496 2798 nostris

1936 2841 2195 2910 peccatis,
2266 2842 2391 2909 quia
2438 2840 2550 2909 ipse
2592 2838 2783 2902 voluit,
2851 2856 2868 2887 t
2917 2845 2971 2890 et
3027 2850 3129 2890 non
3180 2836 3388 2907 aperuit
3432 2848 3497 2888 os

1937 2948 2132 2987 suum:
2171 2952 2188 2983 ι
2220 2932 2472 2987 subaudis
2519 2938 2758 2999 tempore
2811 2927 3078 2998 Passionis
3134 2927 3498 2994 interrogatus

1938 3038 1968 3076 a
1999 3021 2168 3076 Pilato
2197 3020 2282 3074 vel
2304 3020 2372 3074 ab
2400 3019 2628 3083 Herode,
2654 3034 2721 3072 ne
2757 3016 3028 3071 videretur
3058 3014 3328 3069 reluctari.
3363 3012 3495 3066 Nam

1940 3113 2301 3182 interrogatus
2323 3126 2353 3164 a
2381 3109 2570 3175 Pilato,
2607 3122 2775 3178 pauca
2815 3105 3089 3174 respondit
3116 3104 3331 3174 quando
3359 3102 3498 3156 dixit

270 3208 455 3268 postea
488 3200 554 3253 ad
583 3198 740 3253 tidem
766 3205 1027 3251 venerunt
1055 3197 1308 3268 loquitur,
1349 3206 1402 3252 ct
1428 3213 1523 3251 sua
1563 3195 1831 3250 omnium-
1861 3178 1904 3239 (ἶ
1936 3178 2178 3256 Pilatus':
2231 3220 2250 3251 ι
2294 3199 2420 3253 Mihi
2455 3215 2558 3254 nou
2583 3198 2818 3267 loqueris
2869 3194 3085 3265 (Matth.
3112 3194 3326 3261 xxvn)?
3364 3212 3381 3245 ι
3429 3192 3499 3246 Ει

273 3305 379 3359 que
406 3290 810 3360 prophetarum.

347 3395 366 3429 ι
417 3377 552 3434 Vere
598 3378 886 3447 languores
920 3388 1156 3442 nostros,
1192 3397 1209 3428 ι
1252 3376 1305 3431 id
1353 3384 1437 3430 est
1482 3382 1701 3444 peccata
1731 3389 1832 3428 no-

271 3474 381 3520 stra
417 3484 435 3517 t
481 3467 592 3536 ipse
639 3467 779 3532 tulit,
810 3488 826 3518 ι
867 3467 1124 3522 subaudis
1150 3482 1180 3520 a
1214 3465 1388 3529 nobis,
1413 3464 1559 3518 velut
1595 3462 1834 3517 medicus

274 3556 637 3610 inﬁrmitatem
664 3557 731 3610 ab
757 3566 975 3626 aegroto,
1016 3572 1124 3610 non
1150 3564 1208 3609 ut
1245 3555 1359 3624 ipse
1381 3555 1436 3608 in
1462 3568 1521 3609 se
1537 3552 1831 3619 acciperet,

269 3646 363 3700 sed
396 3655 453 3700 ut
482 3655 718 3712 curaret,
744 3666 763 3698 ι
802 3657 859 3702 ει
883 3647 1095 3701 dolores
1122 3654 1354 3708 nostros,
1386 3664 1402 3695 ι
1432 3644 1484 3699 id
1508 3652 1590 3700 est
1613 3649 1833 3712 peccata

278 3754 297 3786 ι
345 3735 457 3805 ipse
478 3736 711 3804 portavit
745 3757 762 3788 ι
808 3737 860 3790 iu
887 3750 1113 3806 Corpore
1134 3750 1294 3804 super
1320 3734 1520 3803 lignum
1552 3747 1567 3785 :
1606 3750 1625 3783 ι
1659 3739 1715 3787 et
1734 3743 1833 3784 nos

270 3827 572 3896 putavimus
594 3842 716 3880 eum
733 3827 885 3896 quasi
912 3827 1205 3896 leprosum,
1229 3846 1247 3876 ι
1278 3825 1328 3877 id
1350 3831 1432 3878 est
1469 3830 1831 3893 peccatorem,

280 3932 298 3964 ι
344 3922 397 3968 ει
429 3928 738 3982 percussum
789 3930 818 3967 a
862 3915 969 3969 Deo
1004 3933 1023 3965 ι
1071 3921 1287 3983 propter
1328 3927 1425 3966 sua
1460 3919 1679 3982 peccata
1711 3927 1729 3959 ι
1779 3914 1835 3961 ει

273 4004 629 4059 humiliatum.
674 4024 690 4055 ι
735 4003 849 4058 Vox
880 4003 1090 4058 illorum
1126 4012 1211 4058 cst
1262 4002 1405 4071 quod
1455 4008 1576 4071 post
1623 3999 1835 4056 Domini

274 4095 643 4148 ascensionem
676 4094 1019 4149 crediderunt
1041 4093 1452 4163 praedicantibus
1472 4094 1751 4161 apostolis,
1780 4106 1836 4152 et

275 4183 580 4253 compuncti
614 4184 676 4237 ad
706 4184 1076 4254 paenitentiam
1118 4183 1409 4238 dixerunt:
1444 4201 1463 4234 ι
1510 4183 1647 4250 Quid
1674 4184 1838 4241 facie-

275 4291 417 4341 mus,
456 4275 557 4329 viri
585 4274 779 4330 fratres
808 4276 943 4346 (Act.
977 4276 1072 4347 n)?
1111 4295 1129 4327 ι
1180 4274 1528 4346 Prosequitur
1554 4293 1684 4349 ergo
1709 4294 1839 4349 pro-

273 4368 454 4438 pheta,
499 4377 555 4422 ει
580 4368 713 4422 dicit
741 4384 755 4421 :

351 4481 369 4513 ι
411 4461 526 4530 Ipse
562 4469 737 4515 autem
790 4460 1101 4514 vulneratus
1136 4438 1221 4514 est
1263 4466 1483 4527 propter
1521 4459 1835 4527 iniquitates

275 4562 487 4610 nostras
507 4595 520 4618 ,
553 4574 570 4605 ι
602 4553 854 4608 subaudis
873 4567 977 4606 non
1007 4567 1132 4607 suas
1164 4551 1300 4605 sicut
1325 4551 1438 4619 ipse
1459 4550 1589 4604 dicit
1613 4551 1666 4604 in
1692 4551 1835 4621 psal-

276 4660 365 4700 mo
392 4659 406 4697 :
442 4664 459 4694 ι
492 4642 765 4697 Fuderunt
794 4658 982 4696 manus
1017 4656 1162 4695 meas
1200 4650 1253 4695 et
1282 4640 1444 4709 pedes
1475 4654 1623 4694 meos
1660 4638 1831 4711 (Psal.

274 4734 410 4804 XXI).
447 4753 465 4785 ι
514 4754 531 4786 ι
560 4733 790 4787 Attritus
810 4742 914 4797 est,
952 4752 971 4784 ι
1029 4732 1081 4786 id
1122 4739 1204 4786 est
1252 4730 1552 4787 infirmatus
1576 4773 1592 4798 ,
1630 4732 1712 4787 vel
1744 4734 1839 4786 ad-

272 4825 448 4879 dictus
475 4836 558 4879 est
587 4824 745 4878 morti
800 4841 817 4873 t
848 4831 1065 4892 propter
1106 4821 1305 4875 scelera
1345 4833 1549 4877 nostra.
1594 4841 1613 4875 ι
1666 4821 1839 4877 Susti-

274 4915 554 4969 nuitenim
600 4930 698 4983 pro
719 4914 870 4969 nobis
907 4913 1266 4976 maledictum,
1316 4921 1374 4966 ut
1398 4928 1497 4968 nos
1526 4912 1781 4969 liberaret
1805 4928 1836 4968 a

275 5008 560 5063 maledicto
589 5023 604 5071 ;
642 5027 659 5057 ι
696 5005 974 5075 disciplina
1004 5005 1152 5074 pacis
1181 5013 1379 5059 nostrae
1411 5019 1572 5075 super
1608 5019 1751 5071 eum,
1814 5024 1832 5057 ι

276 5099 328 5153 id
370 5106 453 5153 est
490 5096 751 5168 ﬂagellum
793 5097 935 5167 quod
961 5096 1241 5151 debuimus
1270 5095 1540 5164 suscipere
1570 5096 1683 5164 ipse
1724 5110 1843 5150 sus-

275 5189 451 5257 cepit,
492 5196 551 5241 ut
587 5201 686 5241 nos
729 5184 1037 5256 pacificatet
1065 5183 1175 5239 Deo
1200 5183 1390 5253 priori,
1439 5192 1495 5238 et
1521 5185 1721 5238 sanctis
1749 5199 1844 5238 an-

276 5280 411 5352 gelis
444 5296 457 5332 :
494 5296 513 5330 ι
548 5286 602 5333 ει
638 5278 805 5334 livore
831 5276 947 5347 ejus
972 5318 986 5344 ,
1044 5297 1063 5330 ι
1111 5277 1162 5331 id
1196 5285 1278 5333 est
1310 5276 1528 5332 vulnere
1573 5278 1842 5348 virgarum

275 5381 332 5428 et
381 5370 657 5441 plagarum
680 5368 819 5437 ejus,
848 5388 866 5421 ι
918 5370 1091 5424 sanati
1117 5385 1299 5424 sumus
1333 5389 1351 5422 ι
1390 5386 1418 5423 a
1454 5370 1706 5439 peccatis.
1748 5369 1840 5427 Ille

274 5463 419 5518 enim
470 5473 661 5531 Passus
685 5467 764 5513 est
790 5473 887 5528 pro
918 5459 1071 5513 nobis
1121 5467 1179 5513 ut
1206 5474 1303 5513 nos
1343 5459 1654 5527 pacificaret
1699 5460 1835 5525 Deo,

274 5552 401 5625 quia
434 5571 453 5604 ι
496 5552 610 5623 ipse
648 5558 731 5606 est
765 5564 865 5620 pax
894 5549 1089 5621 (nostra
1120 5549 1210 5618 qui
1248 5549 1374 5605 fecit
1408 5557 1632 5619 utraque
1672 5565 1835 5604 unum

276 5648 490 5722 (Ephcs.
533 5648 613 5719 ιι).
658 5667 675 5700 .

356 5771 370 5801 ‹
418 5747 615 5805 Omnes
644 5763 742 5803 nos
791 5750 940 5819 quasi
972 5762 1096 5804 oves
1145 5746 1440 5802 erravimus
1493 5763 1509 5795 ι
1566 5743 1837 5800 tradentes

1864 4518 1912 4577 ι)

1935 3294 2001 3348 ad
2031 3293 2292 3347 Herodem
2308 3291 2524 3356 missus,
2551 3290 2677 3344 dum
2700 3289 3120 3357 interrogaretur
3138 3287 3204 3339 ab
3229 3285 3338 3343 illo,
3375 3298 3499 3353 per-

1933 3398 2102 3453 pauca
2126 3384 2174 3436 ei
2204 3381 2415 3436 locutus
2437 3387 2539 3435 est.
2596 3379 2813 3434 Poterat
2839 3378 3003 3440 enim,
3047 3377 3090 3430 si
3127 3375 3401 3436 voluisset,
3436 3387 3496 3427 se

1935 3471 2294 3528 excusabilem
2345 3469 2566 3523 reddere
2594 3468 2821 3536 aculpa,
2866 3468 2957 3521 sed
3006 3464 3195 3529 noluit,
3242 3478 3310 3517 ne
3350 3462 3498 3517 salus

1935 3564 2200 3637 passionis
2220 3562 2361 3616 illius
2394 3560 2716 3623 differretur,
2764 3558 2889 3629 quia
2918 3557 3024 3611 nisi
3054 3557 3165 3626 ipse
3192 3554 3368 3609 crucis
3404 3568 3497 3622 pa-

1936 3656 2159 3713 tibulum
2187 3653 2547 3716 sustinuisset,
2583 3664 2749 3721 genus
2773 3650 3057 3704 humanum
3081 3654 3279 3701 mterua
3325 3651 3500 3699 morte

1934 3752 2205 3800 teneretur
2226 3741 2536 3796 obnoxium.
2585 3759 2602 3790 ι
2640 3738 2790 3794 Sicut
2811 3738 2926 3792 ovis
2956 3736 3021 3790 ad
3045 3735 3367 3789 occisionem
3399 3732 3497 3786 duc

1935 3841 2109 3898 cetur,
2147 3841 2203 3885 et
2243 3830 2394 3899 quasi
2437 3843 2604 3898 agnus
2646 3842 2826 3882 coram
2863 3825 3115 3880 tondente
3148 3839 3204 3878 se
3251 3823 3495 3876 obmutea

1936 3931 2050 3980 scet
2099 3930 2155 3978 et
2194 3936 2300 3976 non
2337 3920 2542 3990 aperiet
2585 3934 2648 3973 os
2681 3932 2857 3973 suum.
2899 3935 2919 3970 ι
2980 3916 3100 3986 Ipse
3148 3915 3238 3983 qui
3283 3912 3499 3967 oblatus

1937 4025 2019 4073 est
2042 4015 2215 4070 Pilato
2239 4013 2364 4084 quia
2384 4011 2551 4067 voluit
2581 4021 2635 4066 et
2658 4026 2765 4065 non
2794 4008 3069 4078 respondit
3106 4006 3297 4076 saepius
3324 4006 3494 4059 inter-

1939 4114 2172 4177 rogatus,
2222 4118 2290 4159 ne
2328 4102 2533 4157 utilitas
2564 4100 2828 4171 passionis
2862 4097 3185 4161 differretur,
3230 4109 3498 4151 excusans

1938 4212 2053 4252 sea
2080 4195 2253 4265 culpa,
2301 4195 2416 4264 ipse
2459 4193 2621 4248 etiam
2673 4192 2866 4247 ductus
2886 4199 2969 4245 est
3001 4188 3069 4242 ad
3114 4186 3496 4242 immolandum

1939 4286 2157 4357 propria
2204 4284 2482 4338 voluntate
2530 4284 2669 4337 sicut
2710 4280 2994 4351 Apostolus
3022 4280 3179 4344 dicit,
3231 4298 3249 4329 ι
3286 4278 3497 4332 Etenim

1938 4377 2135 4447 pascha
2158 4382 2398 4429 nostrum
2426 4371 2733 4426 immolatus
2759 4368 3105 4429 estChristus
3132 4367 3181 4437 (1
3212 4366 3334 4422 Cor.
3360 4368 3433 4437 v).
3476 4386 3492 4419 ι

1940 4468 2090 4523 Sicut
2116 4481 2245 4537 ergo
2274 4479 2445 4536 agnus
2457 4478 2640 4518 coram
2658 4461 2910 4516 tondente
2930 4474 2987 4514 se
3010 4467 3175 4523 tacet,
3206 4474 3310 4513 non
3336 4458 3497 4513 emit-

1945 4567 2063 4614 tens
2090 4556 2324 4611 balatum
2347 4594 2363 4618 ,
2402 4553 2482 4607 sic
2512 4553 2625 4623 ipse
2671 4552 2798 4605 dum
2820 4549 3015 4619 injuste
3042 4550 3386 4604 damnaretur
3404 4548 3501 4600 ob.

1943 4651 2156 4709 mutuit.
2218 4649 2324 4704 Iste
2354 4657 2439 4702 est
2469 4646 2611 4700 enim
2656 4658 2816 4699 verus
2840 4657 3011 4714 agnus
3062 4642 3115 4697 in
3144 4639 3297 4709 cujus
3328 4640 3498 4710 ﬁgura

1943 4741 2168 4812 pupulas
2214 4738 2536 4794 Israeliticus
2583 4749 2778 4805 agnum
2823 4733 3056 4788 comedit
3116 4731 3395 4801 egrediens
3431 4743 3500 4783 ex

1943 4832 2193 4904 Egypto.
2238 4831 2357 4900 Ipse
2399 4835 2483 4882 est
2527 4841 2698 4897 agnus
2735 4826 2825 4895 qui
2857 4824 2993 4880 tollit
3019 4834 3239 4894 peccata
3288 4822 3496 4885 mundi,

1942 4926 2082 4979 sicut
2103 4922 2334 4977 Joannes
2359 4918 2594 4987 Baptista
2630 4916 2765 4969 dixit
2789 4912 2938 4986 (Cap.
2968 4913 3031 4981 l),
3069 4922 3121 4967 et
3148 4927 3307 4981 quem
3332 4909 3496 4965 Joan-

1941 5029 2037 5070 nes
2082 5010 2417 5081 Evangelista
2467 5009 2519 5064 in
2548 5005 2870 5077 Apocalypsi
2913 5020 3007 5060 sua
3037 5004 3167 5057 dicit
3218 5017 3274 5058 se
3302 5001 3500 5055 vidisse

1940 5102 2177 5158 occisum
2209 5099 2391 5168 (Apoc.
2450 5097 2569 5166 xu).
2624 5096 2807 5166 Agnus
2832 5094 3027 5148 dicitur
3058 5091 3324 5154 Christus,
3370 5103 3496 5159 pro-

1943 5201 2064 5263 pter
2088 5188 2451 5245 innocentiam
2468 5196 2524 5242 et
2545 5184 3024 5241 mansuetudinem.
3048 5181 3163 5251 Ipse
3177 5181 3318 5236 enim
3336 5194 3501 5234 carne

1947 5297 2042 5339 sua
2083 5289 2137 5336 et
2164 5280 2423 5349 sanguine
2454 5276 2807 5348 spiritualiter
2854 5288 2951 5327 nos
2978 5272 3169 5337 reiicit,
3216 5280 3270 5326 et
3307 5270 3503 5325 vellere

1946 5392 2043 5431 suo
2072 5374 2250 5436 vestit,
2283 5374 2386 5427 hoc
2434 5379 2517 5426 est
2560 5368 2890 5440 protectione
2916 5365 3106 5419 munit.
3155 5364 3381 5431 Quidam
3409 5377 3502 5417 oo-

1938 5466 2083 5522 dices
2107 5464 2306 5520 habent
2342 5480 2353 5513 :
2377 5461 2605 5530 thuasi
2628 5472 2797 5528 agnus
2826 5471 3008 5510 coram
3042 5453 3315 5517 tondente,
3339 5452 3393 5507 id
3418 5459 3504 5506 est

1937 5556 2269 5627 percutiente
2303 5568 2381 5617 se,
2420 5552 2778 5610 obmutescet,
2828 5546 2969 5616 quod
3007 5560 3111 5599 non
3166 5545 3434 5613 discrepat
3470 5559 3500 5596 a

1940 5648 2058 5701 title.
2093 5646 2239 5700 Licet
2262 5640 2642 5713 congruentids
2655 5638 2863 5693 dicatur
2893 5637 3165 5692 tondente.
3195 5636 3328 5692 Dum
3356 5636 3499 5688 enim

1939 5740 2273 5801 tunderetur,
2304 5736 2354 5789 id
2381 5743 2461 5789 est
2488 5730 2841 5802 flagellaretur
2877 5744 2906 5782 a
2942 5728 3200 5783 militibus
3233 5724 3502 5797 praesidis,
