4016 6492
553 375 650 431 991

1014 370 1363 428 ΗΑΫΜΟΝΙΞ
1392 370 1866 435 HALBERSTAT.
1906 370 2115 427 EPlSC.
2161 369 2309 425 OPP.
2361 368 2540 426 PARS
2575 371 2617 425 l.
2654 400 2722 410 -—-
2762 370 3113 426 COMMENT.
3154 370 3321 426 BlBL.

3690 374 3805 433 993

558 506 665 543 non
707 489 901 558 legitur
934 487 1275 556 respondisse
1313 486 1534 556 aliquid,
1567 486 1661 540 sed
1697 487 1930 542 tacuisse
1958 485 2120 540 veluti
2150 488 2196 546 Α
2223 483 2348 551 quid
2374 484 2488 539 sine
2522 484 2639 555 lege
2661 493 2744 539 est
2773 485 2855 539 vel
2886 494 3072 541 contra
3112 485 3304 557 legem.
3332 489 3595 546 Dominus
3613 500 3805 547 autem

553 594 728 650 agnus
761 579 885 632 dum
924 578 1165 631 tunditur
1186 591 1248 630 ac
1271 576 1570 648 ﬂagellatur
1597 592 1626 630 a
1643 584 1870 646 pastore.
1903 576 1969 629 Et
1992 575 2116 644 quia

554 667 754 737 injuste
784 669 1067 721 damnatus
1095 667 1358 735 patienter
1382 666 1562 719 omnia
1591 666 1887 720 sustinuit:
1918 666 2033 719 ha‘c
2051 665 2117 719 ad

552 755 779 828 gloriam
809 755 858 811 ei
897 755 1240 825 contigerunt
1259 770 1378 828 qua;
1400 755 1817 823 subsequuntur.

632 865 650 896 ι
687 845 764 900 De
802 845 1044 916 angustia
1079 863 1096 895 ι
1134 845 1326 913 inquit,
1356 826 1622 912 paSSionis
1652 860 1670 893 ι
1699 852 1756 897 et
1774 843 1838 896 de
1864 840 2067 912 judicio
2093 859 2112 893 ι

492 922 499 941 ’
552 936 755 1007 injusto
790 935 1091 990 Judreoru-n
1138 954 1155 986 ι
1203 934 1444 989 sublatus
1482 944 1583 998 est,
1628 954 1645 986 ι
1693 933 1744 987 id
1784 943 1867 989 est
1903 933 2115 987 abstra-

552 1034 784 1090 ctusest,
811 1025 963 1078 tertia
997 1026 1080 1078 die
1110 1024 1460 1078 resuscitatus
1486 1040 1515 1077 a
1556 1026 1800 1086 mortuis,
1824 1024 2036 1092 quando
2065 1023 2114 1078 ei

550 1117 842 1171 secundum
873 1115 1256 1168 humanitatem
1281 1115 1404 1167 data
1428 1123 1553 1168 sunt
1573 1114 1750 1167 omnia
1779 1114 1831 1167 in
1854 1121 2117 1182 potestate

549 1205 791 1260 cmlestia
833 1212 887 1259 et
930 1205 1225 1259 terrestria.
1267 1203 1525 1272 Sequitur
1567 1221 1580 1256 :
1636 1221 1656 1254 ι
1704 1202 2114 1258 Generationem

548 1294 663 1364 ejus
698 1296 817 1365 quis
847 1296 1156 1350 enarrabit?
1194 1316 1211 1348 ι
1253 1295 1458 1350 Nullus.
1509 1295 1802 1365 Dupliciter
1830 1297 1931 1350 hoc
1961 1296 2114 1351 intel-

546 1387 638 1457 ligi
668 1396 863 1456 potest,
882 1387 962 1441 vel
987 1388 1052 1443 dc
1085 1387 1261 1441 divina
1290 1385 1407 1453 ejus
1433 1389 1776 1456 generatione
1795 1386 2018 1452 dictum,
2050 1388 2116 1441 de

547 1494 650 1548 qua
678 1481 790 1556 ipse
812 1495 908 1549 per
933 1478 1249 1546 sapientiam
1274 1478 1400 1535 dicit
1435 1497 1446 1531 :
1496 1498 1513 1528 ι
1562 1478 1700 1532 Ante
1731 1492 1916 1532 omnes
1953 1477 2114 1533 colles

544 1571 821 1639 generavit
849 1585 934 1623 me
960 1567 1141 1640 (Prov.
1170 1568 1285 1639 vni)
1316 1586 1329 1621 :
1368 1589 1386 1621 ι
1426 1568 1507 1627 vel
1535 1569 1601 1622 de
1638 1569 1873 1622 humana
1908 1569 1974 1624 de
2008 1582 2112 1638 qua

544 1659 673 1714 dicit
702 1659 867 1711 Maria
906 1659 970 1711 ad
998 1657 1244 1727 angelum
1270 1676 1281 1709 :
1321 1676 1338 1707 ι
1373 1658 1649 1725 Quomodo
1676 1656 1767 1711 lict
1790 1658 1952 1723 istud,
1982 1672 2114 1726 quo.-

541 1752 686 1811 niam
719 1751 891 1804 virum
936 1766 1041 1804 non
1080 1751 1382 1820 cognosco?
1420 1770 1437 1802 ι
1477 1750 1545 1803 Ει
1572 1749 1835 1820 angelus:
1878 1768 1895 1800 ι
1936 1748 2110 1818 Spiri-

2218 586 2392 643 neque
2428 575 2480 628 in
2515 576 2859 645 cogitatione.
2892 592 3065 645 neque
3095 578 3149 630 in
3176 578 3465 644 locutione,
3497 580 3589 634 vel.
3610 595 3802 650 opere,

2219 664 2550 732 iniquitatem
2576 665 2721 729 fecit,
2748 666 2888 734 quod
2915 667 2981 721 de
3020 666 3129 721 alio
3157 667 3399 737 quolibet
3432 670 3656 725 homine
3688 687 3807 727 non

2216 763 2393 823 potest
2420 755 2685 809 veraciter
2727 755 2854 809 dici.
2909 775 2927 807 ι
2975 755 3090 811 Non
3123 767 3209 812 est
3251 758 3394 814 enim
3422 759 3585 814 homo
3635 776 3803 831 super

2215 851 2416 898 terram
2445 845 2532 913 qui
2571 844 2733 899 faciat
2754 846 2950 899 bonum
2978 854 3033 899 et
3059 861 3163 901 non
3186 856 3376 916 peccet.
3421 848 3595 919 (Eccl.
3627 852 3752 921 vn),
3775 871 3810 903 ι.

2215 932 2299 986 vel
2320 933 2363 987 si
2386 935 2541 989 unius
2566 935 2670 988 diei
2697 934 2860 990 fuerit
2889 936 2995 989 vit'a
3017 934 3135 1003 ejus
3163 953 3329 1007 super
3353 946 3577 994 terram.

2291 1043 2308 1074 ι
2341 1024 2404 1078 Et
2437 1044 2453 1075 ι
2485 1025 2587 1079 hoc
2626 1025 2826 1079 factum
2868 1036 2953 1081 est
2983 1068 2996 1090 ,
3033 1029 3085 1082 id
3118 1037 3201 1083 est
3235 1044 3334 1098 pro
3362 1031 3520 1085 nobis
3547 1041 3798 1088 mortuus

2215 1122 2320 1180 est,
2351 1134 2369 1165 ι
2398 1116 2524 1184 quia
2548 1116 2806 1171 Dominus
2838 1136 2856 1169 ›
2891 1117 3052 1173 Pater
3084 1137 3102 1170 ι
3145 1119 3316 1174 voluit
3351 1130 3639 1177 conterere
3670 1139 3795 1178 eum

2214 1201 2267 1255 in
2301 1202 2608 1257 infirmitate
2641 1223 2659 1256 ι
2701 1206 2884 1260 carnis
2916 1221 3077 1275 quam
3118 1211 3427 1279 assumpsit.
3462 1211 3590 1266 ideo
3617 1223 3791 1268 autem

2214 1293 2376 1348 dicit;
2400 1295 2656 1355 Dominus
2672 1295 2831 1351 Pater
2850 1297 3019 1352 voluit
3045 1306 3325 1355 conterere
3351 1316 3499 1367 eum,
3528 1303 3658 1371 quia
3684 1304 3792 1372 ipse

2212 1386 2468 1460 praemisit
2491 1402 2612 1441 eum
2646 1388 2817 1442 occidi
2846 1404 2861 1442 :
2891 1407 2910 1439 ι
2948 1390 2992 1443 si
3033 1392 3273 1459 posuerit
3302 1412 3318 1442 ιι
3357 1374 3675 1462 ἰρεεῖθίιὶιιε
3702 1394 3790 1451 Dei

2217 1493 2237 1526 ι
2269 1475 2500 1530 animam
2526 1492 2699 1541 suam,
2731 1496 2748 1528 ι
2790 1479 2841 1532 id
2862 1488 2945 1533 est
2969 1480 3133 1534 vitam
3156 1497 3315 1536 suam
3349 1500 3369 1532 ι
3404 1497 3509 1551 pro
3528 1493 3785 1552 peccato»

2212 1569 2433 1623 immani
2458 1570 2698 1639 generis,
2736 1589 2753 1621 ι
2788 1571 2990 1626 videbit
3011 1588 3194 1627 semen
3216 1573 3518 1645 longaevum
3559 1596 3578 1628 ι
3610 1576 3667 1629 in
3690 1592 3791 1631 cor-

2211 1658 2367 1714 dibus
2397 1658 2652 1725 lldelium,
2694 1660 2748 1715 id
2774 1670 2859 1716 est
2882 1663 3106 1717 verbum
3150 1663 3425 1734 Evangelii
3457 1664 3608 1732 quod
3646 1676 3786 1719 teter-

2210 1768 2338 1809 num
2365 1761 2467 1816 est,
2497 1754 2625 1823 quia
2665 1754 2769 1809 alia
2816 1755 2902 1810 lex
2934 1755 2983 1808 ei
3021 1770 3125 1810 non
3156 1757 3426 1820 succedet,
3454 1757 3525 1810 de
3562 1773 3679 1825 quo
3712 1774 3777 1811 se-

542 1851 649 1908 tus,
679 1842 866 1911 inquit,
891 1850 1107 1896 sanctus
1132 1842 1469 1911 superveniet
1494 1841 1548 1899 in
1573 1849 1644 1906 te,
1672 1849 1726 1895 et
1754 1841 1927 1896 virtus
1947 1840 2107 1895 Altis-
2133 1842 2181 1901 B
2210 1841 2353 1896 mine
2374 1842 2633 1913 dicitipse
2663 1843 2717 1897 in
2740 1844 3031 1915 Evangelio
3058 1864 3070 1898 :
3105 1864 3124 1897 ι
3157 1846 3299 1900 Exiit
3327 1849 3417 1916 qui
3445 1849 3688 1901 seminat
3709 1865 3779 1903 se-

540 1935 661 1990 simi
699 1935 1037 1988 obumbrabit
1068 1934 1165 1988 tibi
1204 1933 1352 2005 (Luc.
1399 1935 1463 2005 ι).
1520 1954 1537 1987 ι
1589 1933 1722 2001 Quis
1761 1935 1901 1988 enim
1942 1934 2115 1989 homi-

541 2041 669 2081 num
712 2025 853 2080 valet
894 2026 1349 2094 comprehendere
1385 2025 1653 2094 quomodo
1693 2040 1932 2081 summus
1959 2032 2013 2079 et
2042 2025 2113 2078 vi.-

544 2115 795 2170 viﬁcator
809 2114 1045 2185 Spiritus
1078 2117 1215 2173 Deus
1244 2116 1298 2176 in
1326 2126 1479 2174 utero
1502 2131 1720 2170 carnem
1750 2123 1949 2170 nostrae
1966 2131 2110 2170 mor-

541 2206 764 2261 talitatis
831 2206 1239 2275 assumpserit?
1294 2206 1478 2261 Nemo.
1541 2206 2110 2275 incomprehensibilia

538 2304 665 2353 sunt
690 2296 1074 2366 omnipotentis
1115 2297 1207 2353 Dei
1229 2294 1455 2363 judicia,
1484 2305 1540 2353 et
1568 2296 1968 2367 investigabiles
2014 2297 2111 2352 ιιίιε

535 2388 669 2458 ejus.
698 2389 850 2457 Quod
875 2398 1054 2445 autem
1097 2388 1392 2459 subjungit,
1444 2406 1461 2438 ι
1499 2387 1623 2457 quia
1655 2386 1899 2443 abscisus
1933 2394 2015 2440 est
2043 2386 2110 2441 de

538 2490 681 2535 terra
710 2482 1026 2546 viventium,
1068 2501 1086 2534 ι
1135 2482 1202 2535 ad
1237 2480 1514 2549 superiora
1548 2480 1783 2549 pertinet
1814 2479 1902 2534 ubi
1934 2478 2104 2535 dixit:

535 2572 600 2626 de
630 2573 874 2642 angustia
900 2581 951 2626 et
980 2571 1185 2640 judicio
1206 2571 1446 2627 sublatus
1476 2580 1575 2626 est.
1609 2571 1777 2626 Terra
1816 2581 1994 2624 autem
2025 2569 2106 2623 vi-

536 2662 774 2719 ventium
816 2662 919 2716 isto
948 2662 1002 2717 iu
1037 2662 1156 2716 loco
1191 2662 1485 2731 appellatur
1511 2661 1847 2716 conversatio
1874 2662 2107 2715 humana

533 2771 559 2808 a
614 2756 1047 2822 persecutoribus
1095 2754 1327 2817 iudicis,
1366 2756 1456 2823 qui
1500 2754 1754 2809 dixerunt
1798 2771 1810 2806 :
1862 2771 1880 2802 ι
1916 2751 2107 2807 Venite

533 2845 815 2900 mittamus
860 2846 1061 2916 lignum
1101 2844 1154 2898 in
1209 2859 1346 2913 pane
1389 2843 1526 2912 ejus,
1576 2853 1630 2899 et
1667 2845 1955 2899 eradamus
1981 2859 2105 2899 eum

532 2935 599 2988 de
649 2944 801 2989 terra
837 2935 1131 2990 viventium
1162 2934 1339 3004 (Hier.
1378 2936 1478 3005 xi).
1532 2956 1551 2988 ι
1596 2953 1615 2986 ι
1661 2935 1889 3005 Propter
1931 2936 2106 2992 scelus

532 3026 713 3095 populi
750 3026 853 3081 mei
887 3026 1126 3095 percussi
1169 3041 1313 3091 cum,
1355 3046 1375 3077 I
1423 3027 1474 3080 id
1498 3034 1583 3081 est
1621 3036 1840 3096 propter
1880 3035 2105 3095 peccata

531 3115 708 3185 populi
754 3115 881 3179 mei,
911 3129 1071 3183 quem
1123 3128 1335 3183 semper
1378 3114 1507 3168 inibi
1547 3115 1705 3168 habui
1757 3114 2102 3183 peculiarem,

2214 1932 2423 1988 minare
2448 1948 2631 1989 semen
2663 1949 2817 1988 suum
2858 1934 3008 2006 (Luc.
3034 1938 3176 2005 vni).
3208 1956 3226 1988 ι
3263 1937 3358 1992 Vel
3388 1938 3560 1992 etiam
3592 1938 3782 1993 videbit

2214 2038 2396 2080 semen
2432 2041 2611 2091 suum,
2642 2025 2734 2096 qui
2765 2035 2893 2081 sunt
2928 2042 3118 2083 omnes
3143 2029 3446 2096 credentes,
3480 2031 3613 2098 quia
3642 2040 3781 2085 aeter-

2212 2115 2408 2169 naliter
2435 2131 2557 2169 cum
2585 2116 2702 2185 ipso
2737 2118 3057 2187 regnabunt.
3096 2139 3114 2188 ι
3143 2120 3212 2173 Ει
3233 2120 3491 2176 voluntas
3520 2122 3723 2176 Domini
3756 2144 3772 2175 ι

2210 2206 2391 2262 Patris
2424 2226 2442 2258 ι
2473 2208 2525 2263 in
2552 2223 2735 2274 manu,
2778 2227 2797 2260 ι
2842 2208 2895 2263 id
2916 2219 3001 2265 est
3042 2210 3095 2263 in
3138 2212 3453 2280 operatione
3485 2230 3506 2263 ι
3547 2212 3661 2279 ejus
3690 2233 3707 2263 ι
3731 2225 3777 2267 ει

2210 2297 2498 2352 virtutibus
2525 2315 2544 2348 ι
2575 2297 2857 2368 dirigetur,
2892 2318 2912 2351 ι
2930 2300 3034 2354 hoc
3063 2308 3145 2355 est
3169 2299 3507 2369 perﬁcietur.
3535 2303 3772 2357 Voluntas

2210 2386 2304 2441 Dei
2342 2387 2518 2442 Patris
2558 2386 2659 2443 fuit
2702 2396 2763 2442 ut
2813 2389 3103 2444 redimeret
3152 2405 3322 2460 genus
3368 2391 3662 2445 humanum
3688 2408 3767 2456 {er

2208 2478 2522 2547 sanguinem
2552 2476 2673 2531 Filii
2696 2478 2800 2544 sui,
2831 2479 2970 2533 sicut
2993 2480 3105 2548 ipse
3130 2480 3300 2535 dixit:
3337 2499 3356 2531 ι
3388 2479 3494 2535 llic
3526 2490 3602 2535 est
3620 2480 3759 2534 Filius

2209 2584 2363 2625 meus
2380 2569 2605 2625 dilectus
2632 2570 2685 2622 in
2716 2584 2823 2639 quo
2850 2570 2983 2625 mihi
3016 2570 3316 2641 complacui
3345 2569 3511 2642 (Luc.
3550 2572 3652 2641 in),
3677 2590 3693 2619 ι
3718 2570 3767 2623 id

2207 2669 2291 2717 est
2319 2661 2372 2715 in
2403 2676 2510 2730 quo
2530 2661 2927 2729 beneplacitnm
2960 2677 3138 2717 meum
3163 2662 3341 2731 posui.

2282 2770 2301 2804 ι
2335 2750 2442 2806 Pro
2468 2765 2536 2806 eo
2557 2752 2698 2821 quod
2724 2751 2993 2807 laboravit
3015 2754 3195 2807 anima
3224 2752 3359 2821 ejus,
3393 2774 3413 2807 ι
3447 2753 3707 2808 subaudis
3733 2753 3777 2805 in

2205 2843 2401 2914 populo
2444 2841 2752 2898 Judzeorum
2793 2844 3156 2913 prredieando,
3208 2845 3469 2899 miracula
3518 2844 3780 2906 faciendo,

2205 2941 2261 2985 et
2289 2940 2516 2988 mortem
2550 2932 2710 2991 etiam
2742 2948 2841 3002 pro
2879 2935 2959 2988 eis
2990 2934 3328 3000 sustinendo,
3369 2935 3463 2989 sed
3492 2934 3568 2987 illi
3596 2934 3782 2987 nolue-

2206 3033 2333 3078 runt
2367 3025 2608 3079 converti
2650 3026 2717 3079 ad
2747 3041 2869 3080 eum
2903 3040 3001 3094 per
3020 3027 3413 3094 paenitentiam,
3441 3046 3460 3077 ι
3497 3027 3722 3089 videbit,
3756 3046 3775 3076 ι

2205 3108 2459 3169 subaudis
2479 3113 2735 3169 ecclesias
2762 3115 2812 3169 in
2836 3116 2959 3170 toto
2975 3117 3106 3171 orbe
3126 3116 3415 3172 fabricatas
3434 3118 3551 3171 loco
3563 3116 3778 3172 Ιυάιιιο-

536 3223 555 3256 ι
593 3206 831 3275 percussi
873 3221 996 3258 eum
1022 3245 1035 3269 ,
1082 3223 1103 3256 ι
1154 3205 1205 3259 id
1244 3214 1327 3260 est
1361 3205 1579 3274 percuti.
1607 3220 1730 3259 eum
1770 3205 2013 3274 permisi,
2045 3191 2172 3261 ιιιο
2204 3218 2347 3268 rum,
2391 3221 2410 3254 ι
2455 3211 2510 3258 ει
2546 3204 2897 3271 saturabitur,
2949 3225 2967 3257 ι
3006 3206 3058 3260 id
3087 3216 3175 3261 est
3205 3207 3541 3261 delectabitur
3579 3208 3691 3260 [ἕλε
3716 3218 3771 3262 et

529 3312 650 3351 eum
700 3294 829 3351 mihi
879 3296 1168 3352 redimeret
1209 3304 1262 3350 et
1318 3295 1593 3351 liberaret.
1641 3294 1915 3350 Percussit
1957 3296 2102 3352 enim

530 3387 683 3441 illum
732 3386 874 3443 Deus
917 3386 1106 3451 Pater,
1145 3387 1358 3456 quando
1405 3386 1612 3457 percuti
1660 3386 1926 3457 permisit.
1975 3385 2104 3443 Tale

534 3485 617 3533 est
644 3486 697 3533 et
723 3478 850 3531 illini
881 3495 895 3533 :
951 3496 968 3528 ι
1005 3477 1307 3532 Percutiam
1358 3486 1653 3548 pastorem,
1694 3496 1712 3529 ι
1743 3479 1847 3533 hoc
1874 3486 1957 3533 est
1983 3494 2105 3548 per-

525 3568 634 3623 cuti
664 3568 994 3636 permittam,
1028 3584 1046 3617 ι
1077 3576 1131 3621 ει
1160 3566 1535 3639 dispergentur
1551 3582 1681 3623 oves
1711 3566 1896 3640 (Zacli.
1926 3566 2097 3637 Xlll).)

528 3658 643 3715 Hoc
680 3668 859 3714 autem
894 3660 1037 3730 quod
1077 3659 1337 3729 sequitur,

462 3824 473 3834 .
605 3779 622 3809 ι
661 3759 727 3814 Ει
770 3758 920 3813 dabit
967 3759 1162 3829 impios
1202 3775 1299 3830 pro
1336 3760 1629 3829 sepultura,
1677 3768 1733 3815 et
1771 3760 1964 3814 divites
2004 3773 2102 3828 pro

527 3858 699 3905 morte
729 3866 845 3915 sua,
877 3870 894 3901 ι
933 3851 1217 3920 dupliciter
1247 3850 1468 3920 intelligi
1506 3859 1702 3921 potest.
1739 3870 1757 3902 ι
1795 3850 1952 3905 Dabit
1988 3851 2097 3904 Ro-

530 3942 704 3997 manis
760 3942 953 4013 impios
995 3942 1208 3999 ludieos
1262 3958 1361 4012 pro
1407 3943 1680 4013 sepultura
1727 3958 1823 3997 sua
1879 3941 2096 4013 (Matth.

527 4032 719 4101 xxvn),
754 4050 770 4082 ι
801 4032 852 4086 id
873 4040 957 4087 est
981 4047 1078 4102 pro
1097 4047 1163 4086 eo
1180 4032 1321 4101 quod
1347 4047 1472 4086 eum
1494 4032 1760 4101 persecuti
1785 4041 1911 4087 sunt
1932 4046 2099 4100 usque

530 4121 597 4175 ad
626 4121 988 4190 sepulturam,
1027 4121 1321 4175 clamantes
1356 4120 1621 4190 Crucitlge
1657 4121 1838 4184 talem,
1877 4129 1933 4174 et
1970 4120 2096 4189 quia

522 4210 638 4280 jam
670 4220 882 4266 mortuo
910 4211 1159 4266 custodes
1199 4211 1557 4266 adhibuerunt
1605 4210 1855 4281 sepulcro
1884 4211 2097 4281 signan~

529 4313 609 4356 tes
640 4302 888 4372 lapidem.
929 4301 994 4355 Et
1027 4301 1219 4355 divites
1248 4315 1346 4368 pro
1372 4308 1544 4355 morte
1571 4316 1686 4364 sua,
1723 4300 1928 4355 scribas
1948 4292 2095 4355 vide-

528 4393 655 4449 licet
685 4402 738 4448 et
769 4393 1093 4457 Pbarisaeos,
1126 4386 1215 4462 qui
1248 4392 1440 4447 divites
1477 4392 1796 4447 videbantur
1823 4407 1943 4447 esse
1972 4408 2095 4462 pro-

525 4492 648 4554 pter
665 4484 963 4538 doctrinam
995 4483 1127 4552 legis
1151 4490 1205 4537 et
1240 4485 1646 4553 prophetarum,
1676 4484 1851 4538 tradet
1894 4483 2092 4539 Roma-

530 4572 637 4638 nis,
665 4572 790 4641 quia
835 4573 904 4625 ob
952 4570 1205 4624 invidiam
1234 4571 1570 4626 tradiderunt
1611 4586 1732 4625 eum
1778 4573 1959 4626 morti.
2000 4572 2097 4628 Vel

526 4664 685 4717 aliter
710 4679 722 4715 :
748 4662 907 4716 Dabit
927 4662 1037 4716 Deo
1057 4661 1205 4716 Patri
1231 4662 1420 4732 impios
1432 4662 1658 4732 gentiles
1678 4678 1774 4732 pro
1796 4662 2093 4732 sepultura,

524 4753 615 4822 qui
654 4753 806 4820 longe
833 4762 987 4807 erant
1011 4767 1041 4805 ιι
1072 4752 1272 4822 pietate
1289 4767 1408 4821 quae
1446 4752 1585 4807 Deus
1604 4760 1689 4807 est
1714 4761 1768 4806 et
1788 4753 2093 4819 dilectione,

525 4844 649 4912 quia
681 4843 912 4913 pretium
948 4842 1155 4897 illorum
1188 4858 1335 4897 mors
1366 4842 1566 4898 Christi
1604 4842 1722 4908 fuit,
1747 4850 1802 4897 et
1840 4843 1943 4897 nisi
1980 4844 2095 4913 ipse

432 4920 435 4923 ’
524 4941 769 4985 ιιιοιίιιιιε
812 4940 959 4986 esset
997 4940 1049 4987 et
1096 4932 1384 5001 sepultura:
1428 4933 1678 4997 traditus,
1717 4941 1773 4986 et
1812 4933 1966 4987 tertia
2007 4934 2095 4989 die

523 5024 923 5085 resurrexissct,
951 5038 1286 5092 nequaquam
1325 5032 1510 5092 gentes
1556 5022 1905 5078 salvarentur.
1937 5022 2099 5077 Simi-

525 5114 648 5168 liter
696 5114 888 5168 divites
934 5113 1163 5179 Judacos,
1195 5115 1284 5183 qui
1329 5114 1672 5169 crediderunt
1714 5114 2095 5184 praediiatione

526 5204 667 5258 illius
702 5203 781 5258 vel
822 5204 1200 5273 prtedicatione
1241 5204 1600 5272 apostolorum
1642 5202 1778 5272 ejus,
1811 5204 1954 5259 dedit
1984 5204 2093 5259 Deo

524 5294 667 5349 Patri
695 5310 790 5365 pro
830 5302 998 5349 niorte
1032 5310 1125 5348 sua
1156 5310 1253 5362 per
1295 5292 1452 5347 ﬁdem
1480 5302 1534 5347 et
1569 5295 1956 5362 operationem,
2001 5294 2093 5363 qui

522 5394 680 5442 antea
707 5386 1114 5457 possidebantur
1143 5402 1172 5440 a
1201 5384 1431 5439 diabolo.
1466 5385 1533 5438 Et
1566 5384 1765 5439 idcirco
1806 5386 1907 5440 hoc
1930 5384 2091 5439 faciet

528 5496 549 5530 ι
581 5494 646 5534 eo
674 5479 815 5548 quod
838 5476 1170 5547 iniquitatem
1205 5493 1310 5532 non
1345 5476 1490 5540 fecit,
1536 5494 1552 5525 ι
1595 5475 1644 5527 id
1673 5484 1757 5528 est
1787 5484 2088 5544 peccatum,

408 5565 425 5581 ⁶
525 5571 605 5622 vel
638 5578 824 5625 contra
860 5569 1054 5640 legem,
1106 5587 1123 5618 ι
1175 5584 1274 5623 ιιεε
1306 5568 1460 5623 dolus
1484 5566 1647 5620 fuerit
1676 5565 1729 5619 in
1767 5581 1861 5620 ore
1897 5564 2034 5634 ejus.
2068 5586 2083 5616 I

522 5660 789 5731 Quidquid
821 5669 1006 5717 contra
1037 5661 1203 5730 legem
1228 5662 1423 5730 agitur,
1457 5659 1710 5727 iniquitas
1733 5665 1834 5711 cst.
1864 5657 2013 5714 Unde
2039 5665 2094 5713 et

525 5752 663 5809 amid
692 5751 1128 5810 Grarcosmznios
1156 5752 1349 5806 dicitur
1370 5751 1470 5809 lex.
1501 5749 1721 5805 Anmnia
1744 5758 1921 5805 autem
1943 5751 2094 5823 quid-

2208 3293 2364 3348 bonis
2408 3293 2662 3364 Operibus
2713 3296 3069 3351 credentium.
3116 3296 3282 3351 Cibus
3322 3295 3450 3350 enim
3499 3302 3555 3348 et
3600 3306 3759 3364 potus

2206 3383 2587 3453 omnipotentis
2634 3385 2728 3440 Dei
2790 3387 2923 3441 ﬁdes
2973 3394 3055 3442 εει
3101 3386 3409 3443 electorum.
3456 3384 3605 3440 Sicut
3649 3386 3770 3455 ipse

2206 3474 2341 3529 dixit
2395 3474 2672 3544 discipulis
2721 3477 2936 3547 quando
2982 3492 3105 3533 cum
3165 3477 3390 3544 muliere
3436 3474 3773 3531 Samaritana

2205 3566 2522 3635 loquebatur
2558 3567 2752 3622 sedens
2793 3583 2955 3637 super
2994 3568 3197 3624 fontem
3228 3586 3242 3622 :
3276 3588 3295 3619 ι
3328 3568 3519 3623 Cibum
3564 3568 3776 3636 (inquit)

2204 3656 2377 3712 habeo
2412 3658 2739 3713 manducare
2785 3674 2943 3728 quem
2982 3675 3079 3715 vos
3138 3659 3362 3715 nescitis
3399 3659 3581 3722 (Joan.
3613 3658 3707 3727 iv).
3752 3679 3769 3708 ι

2207 3748 2320 3804 Ηοε
2344 3756 2524 3803 autem
2555 3748 2689 3803 dixit
2706 3749 2772 3803 de
2803 3749 2907 3804 ﬁde
2935 3750 3427 3815 Samaritanorum,
3462 3750 3555 3818 qui
3587 3749 3637 3801 in
3658 3763 3777 3802 eum

2207 3839 2570 3894 crediderunt.
2618 3859 2636 3890 ι
2671 3839 2728 3893 ln
2757 3840 3003 3904 scientia,
3040 3860 3059 3893 ι
3086 3841 3138 3895 id
3167 3852 3253 3898 est
3276 3840 3332 3894 in
3359 3840 3603 3895 doctrina
3636 3856 3655 3889 ι
3684 3855 3776 3892 sua

2200 3928 2517 3999 justiticabit
2545 3930 2658 3999 ipse
2674 3930 2853 4000 justus
2886 3945 3074 3986 servus
3107 3946 3258 3986 meos
3288 3950 3307 3983 ι
3342 3930 3560 3985 ιῐιιιιιεοε
3591 3949 3609 3981 ι
3647 3930 3780 3982 mul-

2208 4028 2309 4084 tos,
2343 4039 2360 4071 ι
2393 4018 2649 4075 subaudis
2688 4028 2872 4075 etnon
2896 4036 3105 4087 omnes,
3145 4021 3271 4091 quia
3302 4020 3452 4075 multi
3485 4022 3660 4074 vocati
3691 4020 3777 4074 sed

2205 4110 2360 4181 pauci
2406 4109 2563 4164 electi
2603 4108 2815 4181 (Matth.
2862 4112 2987 4181 xx),
3049 4130 3066 4161 ι
3123 4120 3179 4165 ει
3225 4111 3544 4181 iniquitates
3596 4125 3776 4164 eorum

2205 4203 2317 4272 ipse
2352 4204 2586 4273 portabit
2619 4222 2637 4255 ι
2676 4217 2771 4273 per
2805 4203 3034 4274 gratiam
3065 4218 3239 4267 suam,
3270 4219 3406 4272 quas
3446 4204 3546 4273 ipsi
3570 4213 3777 4273 portare

2201 4309 2309 4349 non
2337 4302 2614 4364 poterant,
2649 4304 2705 4349 et
2726 4311 2954 4364 quarum
2981 4295 3217 4365 pondere
3246 4297 3654 4366 premebantur.
3692 4293 3775 4348 Ju-

2201 4393 2316 4438 stus
2336 4394 2419 4438 est
2444 4383 2614 4438 Filius
2639 4384 2755 4445 Dei.
2784 4385 2910 4455 quia
2933 4394 3212 4455 peccatum
3244 4402 3350 4442 non
3376 4384 3530 4449 fecit,
3560 4402 3661 4440 nec
3686 4386 3769 4439 do-

2202 4476 2285 4532 lus
2313 4477 2561 4532 inventus
2580 4485 2664 4533 est
2696 4478 2752 4531 in
2790 4493 2887 4533 ore
2930 4477 3046 4547 ejus
3080 4478 3297 4550 (Matth.
3336 4479 3494 4550 xvn).
3538 4477 3687 4532 Unde
3720 4487 3766 4529 et

2200 4566 2365 4625 Judas
2388 4568 2615 4623 traditor
2650 4584 2664 4623 :
2702 4568 2928 4624 Peccavi
2965 4570 3182 4642 (inquit)
3214 4570 3432 4625 tradens
3460 4571 3767 4640 sanguinem

2195 4655 2422 4725 justum.
2450 4657 2516 4711 Ει
2541 4673 2677 4712 uxor
2702 4658 2858 4713 Pilati
2884 4677 2896 4712 :
2926 4658 3070 4714 Nihil
3104 4660 3201 4714 tibi
3229 4666 3283 4713 et
3305 4660 3454 4728 justo
3489 4660 3588 4712 illi.
3635 4659 3772 4712 lianc

2193 4745 2457 4815 justitiam
2486 4763 2593 4802 non
2615 4748 2820 4818 accepit
2842 4749 2956 4817 ipse
2982 4764 3049 4803 ex
3074 4758 3334 4818 tempore,
3358 4749 3453 4802 sed
3481 4749 3771 4803 secundum

2202 4838 2552 4901 divinitatem,
2581 4853 2685 4908 qua
2714 4838 2935 4908 aqualis
2956 4847 3041 4894 est
3070 4838 3215 4896 Patri
3244 4847 3298 4893 ει
3323 4840 3483 4893 unius
3517 4839 3768 4893 divinita-

2202 4928 2270 4981 tis
2293 4943 2355 4982 ac
2383 4929 2656 4998 potentia).
2689 4944 2796 4984 non
2821 4931 3114 4985 secundum
3155 4931 3551 4985 humanitatem
3580 4940 3773 4986 nostra

2206 5018 2533 5088 fragilitatis.
2580 5018 2781 5075 Ser-vus
2819 5028 2997 5075 autem
3047 5023 3141 5076 Dei
3170 5022 3348 5076 Patris
3389 5031 3477 5076 est
3528 5022 3773 5077 similiter

2204 5106 2496 5165 secundum
2521 5109 2932 5174 humanitatem,
2966 5126 3071 5181 qua
3110 5112 3285 5165 minor
3325 5120 3407 5166 est
3436 5112 3619 5172 Patre,
3647 5113 3769 5182 quia

2207 5221 2225 5253 ι
2261 5217 2382 5256 cum
2425 5203 2478 5255 in
2511 5203 2683 5257 l‘urma
2723 5202 2815 5257 Dei
2852 5215 3014 5268 esset,
3061 5220 3163 5258 non
3200 5206 3442 5275 rapinam
3476 5206 3768 5259 arbitratus

2199 5301 2284 5349 est
2325 5307 2442 5347 esse
2483 5306 2541 5345 se
2575 5292 2832 5360 :equalem
2886 5293 3027 5357 Deo,
3069 5296 3161 5349 sed
3193 5295 3544 5365 semetipsum
3586 5296 3765 5349 exina-

2194 5383 2575 5439 nivitl‘ormam
2599 5384 2741 5437 servi
2774 5385 3043 5453 accipiens
3067 5382 3286 5453 (Philip.
3316 5384 3399 5455 ιι).
3437 5404 3455 5435 ι
3493 5383 3610 5453 Ipse
3647 5399 3764 5453 por-

2198 5472 2361 5536 tavit,
2381 5474 2432 5527 id
2466 5481 2551 5527 est
2573 5472 2815 5538 abstulit,
2844 5473 3154 5541 iniquitates
3192 5484 3426 5540 nostras,
3463 5476 3517 5529 id
3548 5483 3633 5529 est
3658 5489 3766 5544 pre-

2198 5581 2321 5620 nam
2350 5572 2693 5633 peccatorum
2715 5572 3020 5619 nostrorum
3045 5567 3299 5621 sustinuit
3338 5568 3390 5621 in
3419 5581 3645 5636 corpore
3673 5580 3765 5619 suo

2198 5670 2359 5725 super
2379 5654 2602 5735 lignum,
2628 5662 2681 5708 et
2724 5655 2896 5709 tulita
2926 5656 3081 5711 nobis
3115 5665 3355 5726 peccata,
3397 5657 3553 5725 quasi
3594 5653 3761 5711 medis

2199 5767 2294 5807 cus
2333 5750 2616 5821 languorcs
2641 5750 3031 5819 argrotantium.
3065 5749 3337 5823 Sequitur.
