4016 6484
228 436 331 501 998

1280 435 1625 495 COMMENT.
1669 435 1733 489 IN
1770 433 2025 491 ISAIAM.
2067 464 2135 473 -—
2175 432 2297 488 LIB.
2339 422 2418 489 lii.

3368 430 3434 486 99
3444 431 3473 486 ι

307 577 325 610 ι
358 530 511 623 Ideo,
548 576 566 608 ι
602 546 855 610 subaudis
881 553 1002 622 quia
1032 565 1221 622 passus
1252 559 1335 604 est
1370 565 1469 619 pro
1499 546 1668 603 salute
1698 560 1789 616 ge-
1819 549 1865 606 Α
1894 546 2138 601 comedet
2180 547 2443 615 prmdam,
2482 551 2538 599 et
2583 556 2806 615 vespere
2847 542 3049 598 dividet
3091 541 3258 612 spolia
3313 539 3468 612 (Gen.

228 652 376 708 neris
396 640 718 714 humani,et
741 646 918 702 omnia
964 644 1089 698 fecit
1135 658 1253 711 quae
1289 642 1591 711 praeteritus
1621 653 1798 693 sermo

228 744 436 802 uarrat,
475 759 493 792 ι
540 738 853 808 dispertiam
890 755 907 786 ι
941 735 1053 789 sive
1077 733 1310 787 dividam
1347 750 1365 782 ‹
1398 731 1445 785 ei
1481 729 1739 799 plurimos
1774 747 1791 778 ι

226 831 504 893 subaudis,
534 827 774 898 populos.
821 824 887 880 Ut
921 840 1019 893 pro
1062 838 1165 876 una
1210 821 1359 890 plebe
1392 836 1509 889 qua:
1546 835 1648 871 non
1688 816 1802 870 vult

228 921 283 975 in
309 935 432 975 eum
458 918 697 979 credere,
733 915 1001 985 possideat
1029 926 1217 966 onmes
1245 918 1449 980 gentes.
1476 906 1631 960 Juxta
1656 905 1799 974 quod

227 1011 278 1067 ei
306 1025 336 1064 a
365 1010 526 1064 Patre
555 1020 650 1077 per
671 1005 1014 1061 Psalmistam
1051 1003 1252 1057 dicitur
1283 1018 1296 1053 :
1332 1018 1348 1049 ι
1382 998 1598 1053 Postula
1633 1012 1662 1049 a
1690 1010 1795 1059 me,

225 1108 283 1156 et
321 1101 458 1157 dabo
506 1100 600 1155 tibi
640 1106 827 1169 gentes
871 1093 1236 1150 lncreditatem
1282 1100 1450 1153 tuam,
1491 1098 1546 1143 et
1582 1102 1794 1156 posses-

227 1196 432 1251 sionem
464 1202 608 1248 tuam
656 1191 914 1246 terminos
958 1198 1116 1242 terrae
1158 1185 1331 1248 (Psal.
1370 1184 1451 1253 ιι).
1490 1204 1507 1235 ι
1556 1182 1707 1237 Unde
1743 1189 1797 1233 et

226 1287 469 1356 sequitur
494 1304 505 1339 :
545 1302 563 1336 ι
599 1285 665 1338 Et
695 1282 912 1336 fortium
938 1280 1107 1350 spolia
1140 1276 1358 1337 dividet,
1384 1294 1402 1327 ι
1431 1273 1686 1329 subaudis
1716 1272 1797 1325 di-

226 1376 445 1448 scipulis
491 1375 621 1430 suis.
668 1372 1083 1440 Prredamergo
1132 1367 1348 1422 fortium
1385 1364 1639 1433 apostolis
1686 1361 1797 1415 suis

227 1468 465 1530 tradidit,
506 1464 720 1536 quando
757 1461 979 1533 populos
1012 1460 1100 1529 qui
1144 1459 1243 1513 sub
1289 1464 1552 1527 potestate
1600 1453 1795 1507 diaboli

226 1567 380 1614 erant
405 1557 623 1612 abstulit
651 1556 718 1610 ab
748 1570 835 1618 eo,
863 1562 918 1607 et
960 1552 1063 1606 illis
1101 1550 1281 1605 divisit
1326 1557 1385 1603 ut
1421 1563 1560 1602 unus
1583 1545 1793 1599 illorqu

223 1659 481 1720 prmesset
526 1648 619 1703 uni
656 1646 870 1723 populo,
912 1643 1049 1696 alius
1088 1641 1197 1694 alii.
1241 1638 1393 1694 Sicut
1435 1632 1625 1691 Petrus
1661 1650 1795 1705 prae-

224 1739 329 1794 fuit
373 1737 574 1793 Judmis
612 1727 977 1796 credentibus,
1019 1731 1216 1785 Paulus
1247 1729 1524 1800 gentibus,
1559 1724 1795 1780 Joannes

223 1836 278 1881 et
298 1820 552 1880 Andrmas
581 1823 850 1887 Achaicis,
876 1820 1108 1876 Thomas
1142 1819 1301 1883 Indis,
1332 1826 1387 1872 et
1420 1815 1599 1870 czcteri
1634 1822 1793 1869 caete-

1903 637 2071 708 xux).
2110 652 2127 688 ι
2160 636 2220 690 Et
2254 636 2319 690 de
2346 635 2596 689 omnibus
2633 634 2891 704 apostolis
2938 650 2952 686 :
2996 631 3340 686 Laztabuntur
3373 646 3468 687 co-

1900 747 2015 787 ram
2039 743 2106 797 te,
2139 734 2276 787 sicut
2299 731 2569 785 exsultant
2598 731 2834 785 victores
2862 735 3015 798 capta
3052 727 3228 797 praeda
3254 727 3470 796 quando

1898 822 2141 877 dividunt
2162 821 2351 891 spolia.
2377 821 2429 874 in
2454 829 2565 874 toto
2585 820 2715 873 orbe
2743 818 3000 874 ecclesias
3022 818 3122 872 sibi
3146 816 3464 871 dividentes.

1898 912 1963 966 Et
1995 927 2163 981 quare
2203 911 2293 965 tiet
2329 911 2506 965 istud?
2549 928 2567 960 ι
2614 909 2721 963 Pro
2759 925 2823 965 co
2864 910 3006 978 quod
3047 908 3268 962 tradidit
3296 926 3314 959 ι
3356 908 3468 977 ipse

1898 999 2063 1054 Filius
2087 999 2180 1053 Dei
2203 1018 2220 1050 ι
2254 999 2306 1052 in
2338 1006 2564 1053 mortem
2594 998 2830 1052 animam
2854 1013 3026 1062 suam,
3066 1017 3083 1049 ι
3117 997 3169 1051 id
3191 1005 3274 1052 est
3299 996 3465 1050 vitam

1897 1104 2071 1152 suam,
2108 1107 2127 1139 ι
2173 1096 2225 1144 et
2256 1087 2375 1143 cum
2416 1088 2692 1143 sceleratis
2736 1107 2755 1140 ι
2801 1088 3101 1142 latronibus
3129 1105 3149 1137 ‹
3192 1095 3467 1157 reputatus

1895 1188 1998 1247 est,
2045 1200 2063 1230 ι
2099 1196 2202 1234 non
2233 1195 2262 1233 a
2309 1180 2417 1234 Deo
2454 1180 2615 1234 Patre
2646 1190 2819 1248 neque
2850 1178 3071 1243 sanctis,
3104 1177 3197 1232 sed
3233 1193 3263 1231 a
3285 1192 3468 1248 perse‘

1897 1269 2175 1325 eutoribus
2224 1269 2453 1334 Judacis,
2513 1278 2572 1322 ut
2616 1268 2744 1323 illud
2784 1269 2889 1323 alio
2932 1268 2986 1322 in
3028 1268 3146 1323 loco
3186 1286 3197 1321 :
3245 1279 3298 1322 et
3342 1282 3467 1322 cum

1897 1359 2095 1427 iniquis
2144 1365 2421 1427 reputatus
2449 1365 2552 1411 est.
2596 1375 2613 1407 ι
2664 1365 2717 1410 et
2760 1358 2872 1426 ipse
2909 1366 3127 1425 peccata
3177 1356 3464 1410 multorum

1898 1451 2018 1506 tulit
2049 1472 2067 1503 ι
2103 1451 2366 1520 sanguine
2393 1466 2511 1515 suo,
2556 1459 2610 1505 et
2648 1451 2900 1520 baptismi
2940 1450 3365 1519 regeneratione,
3402 1462 3467 1501 ac

1897 1542 1998 1596 fide
2041 1541 2272 1603 illorum,
2325 1559 2342 1591 ι
2396 1550 2451 1594 et
2500 1556 2597 1608 pro
2636 1539 3122 1608 transgressorihns
3173 1558 3190 1588 ι
3235 1536 3463 1598 Judzcis,

1895 1631 2008 1686 sive
2033 1629 2468 1699 persecutoribus
2518 1646 2536 1679 ι
2596 1628 2804 1695 rogavit
2833 1642 2850 1678 ι
2882 1626 3085 1691 dicens,
3115 1627 3239 1679 dum
3266 1624 3465 1694 pende-

1896 1718 2049 1773 retin
2075 1732 2232 1771 cruce
2255 1732 2270 1770 :
2298 1736 2315 1768 ι
2339 1716 2514 1779 Pater,
2542 1716 2756 1787 ignosce
2788 1716 3057 1783 illis(Luc.-
3076 1714 3250 1785 χχιιι).
3273 1736 3291 1766 ι
3314 1712 3466 1768 Sicut

1893 1810 2035 1865 duim
2059 1809 2112 1862 in
2140 1807 2428 1878 Evangelia
2458 1806 2873 1861 Nazaraeuorum
2917 1807 3164 1869 habetur,
3216 1805 3283 1859 ad
3325 1805 3465 1858 hanc

226 1916 321 1968 ris.
355 1915 643 1969 Videamus
669 1913 796 1983 quid
825 1911 892 1966 de
926 1911 987 1964 Β.
1025 1910 1187 1964 Paulo
1222 1906 1460 1978 apostolo
1489 1905 1642 1974 longe
1667 1911 1791 1957 ante
1823 1895 1865 1953 Β
1892 1913 2077 1955 vocem
2132 1898 2342 1952 Domini
2391 1897 2556 1951 multa
2598 1896 2763 1951 millia
2799 1895 3106 1952 Judmorum
3162 1896 3459 1950 astantium

225 2006 427 2060 dictum
459 2005 529 2060 sit
570 2023 584 2059 :
631 2024 648 2057 ι
693 2002 986 2072 Beujamin,
1016 2002 1208 2071 inquit,
1240 2000 1396 2070 lupus
1416 2011 1602 2066 rapax,
1633 2008 1788 2049 mane

1893 1991 2034 2047 circa
2063 2004 2278 2045 crucem
2300 1989 2658 2044 crediderunt.

242 2101 253 2126 ,
1450 2098 1455 2103 .
1910 2096 1913 2099 .

1426 2192 1734 2274 LIBER
1784 2183 2262 2270 TERTIUS.

816 2333 1037 2393 CAPUT
1080 2331 1213 2387 LIV.

296 2447 329 2490 ‘c
356 2436 535 2491 Lauda
554 2474 570 2501 ,
603 2433 805 2489 sterilis
825 2472 839 2498 ,
870 2446 988 2500 quae
1012 2444 1115 2484 non
1140 2425 1555 2498 paris:decanta
1582 2419 1795 2475 laudem

223 2537 278 2584 et
302 2527 476 2592 hinni,
521 2540 641 2595 qua:
678 2539 785 2578 non
814 2522 1086 2592 pariebas.
1123 2537 1140 2570 ι
1170 2516 1442 2572 Hactenus
1471 2515 1682 2569 locutus
1707 2519 1792 2565 est

222 2621 488 2691 Propheta
516 2620 581 2674 de
610 2616 892 2671 nativitate
912 2611 1143 2676 Domini,
1167 2609 1442 2679 passione,
1470 2616 1525 2661 et
1548 2618 1797 2660 resurre-.

223 2710 418 2766 ctionis
454 2708 624 2779 gloria
656 2723 671 2771 ;
707 2720 849 2760 nunc
881 2718 1011 2758 vero
1050 2700 1340 2756 revertitur
1364 2699 1431 2753 ad
1456 2696 1791 2751 vocationetn

224 2802 484 2872 gentium,
517 2806 571 2855 et
605 2798 671 2852 ad
699 2812 792 2852 eos
822 2795 912 2865 qui
953 2793 1006 2847 in
1037 2805 1161 2847 eum
1195 2790 1542 2846 crediderunt
1571 2796 1679 2841 tam
1724 2800 1792 2839 ex

223 2893 421 2949 Iudaeis
449 2906 612 2961 quam
639 2905 705 2943 ex
742 2886 1008 2957 gentibus.
1053 2883 1267 2939 Sterilis
1309 2882 1414 2936 isto
1456 2880 1509 2934 in
1551 2879 1667 2934 loco
1701 2892 1768 2946 ap

223 2976 456 3060 pellatur
484 2976 753 3057 gentilitas
783 2980 1110 3052 speciaiiter,
1160 2992 1278 3046 quae
1316 2975 1429 3029 Deo
1469 2972 1605 3025 filios
1635 2969 1765 3039 spiri

224 3081 395 3137 tuales
426 3095 530 3133 non
561 3076 852 3149 generabat
880 3086 894 3138 ;
928 3070 1054 3140 quia
1082 3076 1190 3122 nun
1214 3064 1443 3119 habebat
1468 3062 1661 3130 legem,
1685 3073 1788 3112 non

222 3171 535 3241 prophetas,
583 3181 686 3220 non
729 3160 1112 3232 patriarchas:
1151 3163 1363 3223 et‘qua:
1410 3151 1568 3206 modo
1610 3148 1793 3219 plures

1901 2350 2118 2398 tuorum
2156 2342 2417 2405 extende,
2463 2354 2531 2396 ne
2571 2354 2762 2411 parcas
2794 2359 2806 2394 :
2834 2342 3021 2414 longos
3064 2343 3152 2399 {ac
3198 2346 3465 2402 funiculus

1902 2448 2019 2498 uos,
2044 2441 2098 2488 et
2123 2432 2304 2487 clavos
2327 2440 2446 2486 tuos
2465 2432 2760 2487 consolida.
2794 2452 2813 2484 ι
2844 2432 2943 2488 Cui
2975 2436 3225 2505 superius
3248 2436 3462 2493 dictum

1893 2536 2003 2584 est:
2027 2526 2233 2588 Lauda,
2262 2524 2483 2588 sterilis,
2509 2539 2626 2593 qum
2643 2540 2747 2579 non
2770 2526 2938 2595 paris,
2962 2534 3018 2581 et
3035 2535 3227 2582 caetera
3254 2544 3372 2598 qua:
3394 2530 3464 2585 ibi

1897 2619 2152 2673 dicuntur
2184 2634 2197 2668 :
2231 2615 2388 2669 modo
2409 2615 2602 2669 iterum
2644 2615 2843 2669 dicitur
2870 2624 2931 2670 ut
2957 2616 3145 2672 dilatet
3175 2619 3463 2675 tentorium

1895 2723 2050 2765 suum
2077 2709 2144 2764 ad
2174 2707 2580 2762 similitudinem
2605 2707 2935 2761 tabernaéuli
2968 2708 3124 2773 Mosi,
3162 2718 3218 2764 et
3255 2718 3313 2764 ut
3343 2725 3463 2766 om—

1894 2801 1983 2855 nia
2013 2800 2217 2883 habens
2241 2812 2360 2866 quze
2395 2797 2523 2850 illud
2554 2796 2961 2851 tabernaculum
2994 2798 3202 2863 habuit,
3240 2801 3468 2870 amplifi-

1895 2902 1981 2948 cet
2007 2905 2068 2945 ea
2105 2900 2159 2946 et
2197 2889 2425 2959 amplius
2464 2890 2798 2945 corroboret.
2841 2889 3267 2947 Tabernaculum
3309 2894 3466 2959 Mosi,

1850 2988 1861 2997 ’
1893 2983 2034 3052 quod
2060 2981 2249 3035 habuit
2282 2988 2500 3034 centum
2530 2980 2740 3035 cubitos
2761 2981 2814 3034 in
2849 2981 3202 3051 longitudine,
3229 2993 3282 3038 et
3312 2986 3470 3052 quin-

1897 3075 2151 3144 quaginta
2185 3074 2237 3127 in
2263 3073 2563 3138 latitudine,
2590 3082 2642 3127 et
2671 3074 2813 3143 quod
2844 3074 3025 3127 habuit
3059 3088 3184 3145 saga
3212 3085 3267 3130 et
3303 3076 3467 3145 pelles

1899 3164 2199 3217 rubricatas
2235 3170 2289 3216 et
2332 3163 2711 3232 hiacynthinas
2755 3163 3128 3233 l'uniculosquc
3175 3175 3228 3220 et
3279 3166 3468 3222 clavos

225 3257 361 3313 ῧίῖοε
412 3256 505 3311 ῧθί
560 3261 780 3326 generat
817 3265 979 3319 quam
1024 3245 1329 3317 Synagngas
1368 3256 1493 3333 qua?
1538 3247 1689 3308 Pun“
1732 3253 1791 3333 ξε
1824 3314 1864 3333 η
1897 3262 2137 3308 sanctam
2161 3253 2456 3308 Ecclesiam
2489 3254 2842 3323 significabat.
2887 3254 2986 3321 Qui
3024 3258 3075 3310 in
3108 3258 3467 3314 tabernaculis

224 3342 392 3403 Deum
428 3347 605 3399 virum
629 3343 846 3398 habere.
884 3339 1068 3393 Potest
1106 3336 1267 3391 etiam
1296 3332 1557 3395 Ecclesia,
1584 3346 1703 3398 qua:
1735 3329 1785 3381 in

1901 3351 2326 3408 Commorantur,
2356 3344 2420 3397 de
2450 3343 2566 3398 loco
2602 3345 2667 3397 ad
2701 3344 2875 3398 locum
2907 3355 3240 3402 transeuntes
3272 3350 3337 3402 ad
3365 3350 3463 3403 do-

223 3437 420 3494 Judaeis
446 3436 657 3491 deserta
688 3440 826 3495 erat,
857 3430 1057 3485 sterilis
1086 3425 1360 3497 appellari,
1398 3423 1521 3493 quia
1564 3421 1793 3475 Domino

119 3551 125 3561 '
226 3520 544 3588 adveniente
566 3517 700 3583 filios
737 3515 854 3597 eius
875 3540 979 3579 non
1020 3512 1286 3593 pariebat,
1320 3527 1378 3575 nt
1414 3518 1479 3573 ad
1506 3522 1792 3586 utramque

224 3624 519 3680 Ecclesiam
555 3629 662 3675 tam
698 3634 764 3673 ex
800 3615 996 3672 Judaais
1026 3629 1186 3684 quam
1217 3626 1283 3667 ex
1318 3610 1564 3682 gentibus
1592 3608 1794 3663 refera-

223 3729 346 3767 mus
375 3713 477 3766 hoc
506 3725 519 3764 :
554 3708 847 3765 secundum
875 3705 1017 3776 quod
1053 3703 1301 3773 egregius
1324 3700 1647 3772 praedicator
1680 3698 1794 3752 suis

225 3806 278 3859 in
307 3796 485 3857 verbis
524 3800 777 3857 ostendit.
823 3797 1117 3853 Assumens
1154 3796 1297 3849 enim
1336 3791 1696 3847 testimonium
1728 3790 1794 3845 dc

224 3896 358 3954 Isaia
382 3895 522 3964 quod
554 3908 697 3948 nunc
737 3892 998 3946 habemus
1039 3904 1149 3959 prze
1193 3886 1459 3949 manibus,
1501 3885 1565 3938 ad
1604 3897 1793 3953 repro-

225 3984 495 4045 missionis
543 3984 725 4040 retulit
773 3982 909 4036 filios
955 3980 1021 4035 ad
1072 3977 1363 4032 Ecclesiam
1410 3974 1792 4043 de‘gentihus,

229 4081 340 4136 sive
368 4096 435 4134 ex
476 4073 707 4145 utroque
748 4072 943 4143 p0pulo
973 4076 1353 4140 congregatam
1384 4086 1395 4120 :
1423 4082 1543 4137 quae
1583 4066 1795 4120 deserta

225 4179 280 4224 et
317 4168 567 4223 derelicta
597 4171 715 4220 erat
740 4178 770 4216 a
802 4162 910 4215 Deo
956 4170 1020 4213 ac
1062 4159 1266 4214 sterilis
1295 4156 1664 4228 permanebat,
1690 4169 1797 4209 non

227 4261 430 4315 habens
472 4258 644 4312 virum
676 4255 841 4309 Deum
869 4252 1292 4321 omnipotentem
1321 4265 1332 4301 :
1362 4248 1544 4302 Lauda
1576 4246 1796 4318 (inquit)

225 4347 534 4404 Creatorem
560 4353 706 4399 tttum
739 4351 793 4396 et
822 4342 1231 4411 Redemptorcm
1267 4346 1533 4400 nostrum,
1559 4335 1796 4391 Ecclesia

227 4441 451 4505 sterilis,
510 4447 617 4492 tam
658 4453 724 4491 ex
761 4433 960 4490 Judaeis
1006 4448 1165 4503 quam
1210 4447 1276 4485 ex
1317 4430 1569 4500 gentibus
1614 4447 1625 4480 :
1674 4426 1798 4494 quia

228 4533 387 4589 modo
424 4530 643 4599 incipies
680 4529 788 4581 Deo
828 4526 963 4578 filios
1008 4537 1214 4593 parere.
1248 4522 1482 4574 Decanta
1518 4516 1793 4572 Salvatori

1889 3446 2035 3488 mum
2070 3434 2296 3488 tendunt
2331 3442 2384 3488 et
2409 3436 2477 3488 ad
2507 3443 2704 3488 terram
2742 3438 3087 3506 promissam,
3129 3440 3267 3493 sicut
3294 3440 3463 3495 Judaei

1892 3524 2152 3580 fecerunt.
2192 3514 2258 3579 Et
2299 3527 2469 3580 sancti
2518 3526 2570 3580 in
2595 3529 2851 3596 praesenti
2881 3530 3075 3585 sarculo
3122 3531 3174 3585 in
3211 3532 3463 3587 taberna-

1891 3616 2025 3670 culis
2056 3615 2321 3680 hahitant,
2364 3616 2467 3671 hoc
2501 3627 2586 3671 est
2631 3617 2683 3670 in
2714 3619 2981 3686 ecclesiis,
3020 3622 3143 3689 quia
3193 3624 3464 3693 peregrini

1892 3717 1946 3764 et
1967 3709 2184 3763 advenae
2212 3718 2336 3763 sunt
2362 3710 2414 3763 in
2438 3711 2539 3764 hoc
2566 3710 2781 3764 saeculo.
2807 3711 2960 3767 Sicut
2983 3710 3112 3768 dicit
3141 3712 3419 3769 Psalmista
3448 3734 3462 3770 :

1898 3822 1915 3854 ι
1964 3801 2139 3856 lncola
2190 3817 2287 3871 ego
2337 3818 2453 3856 sum
2514 3803 2652 3871 apud
2706 3812 2755 3856 te
2816 3813 2871 3858 et
2912 3807 3231 3876 peregrinus
3278 3805 3463 3876 (Psal.

1892 3893 2108 3962 exvm),
2148 3912 2165 3943 ι
2208 3894 2486 3946 tendentes
2514 3893 2579 3945 ad
2621 3894 2859 3958 domum,
2899 3894 2963 3948 de
3003 3910 3105 3963 qua
3140 3896 3279 3950 idem
3320 3896 3467 3952 Psal-

1895 3982 2052 4035 mista
2088 3980 2262 4034 dicit:
2306 4000 2324 4031 ι
2364 3978 2535 4035 Unam
2572 3981 2699 4049 petii
2746 3996 2775 4034 ιι
2822 3982 3069 4047 Domino,
3114 3985 3251 4040 hanc
3281 3986 3465 4054 requi-

1897 4087 2012 4124 ram
2041 4084 2055 4125 :
2082 4078 2135 4125 ut
2168 4070 2467 4125 inhabilem
2496 4070 2549 4123 in
2581 4071 2741 4125 domo
2762 4072 2974 4126 Domini
3000 4075 3250 4129 omnibus
3279 4076 3468 4131 diebus

1896 4162 2021 4217 vita:
2050 4172 2183 4215 mete
2217 4159 2386 4231 (Psal.
2422 4160 2593 4230 xxvi.)
2630 4180 2647 4213 ι
2678 4162 2742 4215 Et
2771 4162 2837 4216 ad
2872 4171 3067 4217 terram
3098 4168 3469 4235 repromissio.

1896 4254 1981 4306 nis
2005 4253 2070 4307 de
2100 4268 2205 4321 qua
2236 4253 2367 4306 dicit
2393 4254 2555 4308 etiam
2590 4254 2735 4322 ipse:
2767 4253 2941 4310 Credo
2964 4256 3148 4311 videre
3183 4260 3321 4313 bona
3362 4259 3503 4315 Do-,

1900 4344 2030 4397 mini
2079 4344 2133 4396 in
2184 4351 2324 4397 terra
2375 4343 2687 4397 viventium.
2728 4344 2792 4397 Et
2836 4346 2902 4399 de
2956 4361 3059 4414 qua
3106 4349 3365 4405 Dominus
3414 4352 3471 4408 in

1901 4433 2184 4503 Evangelio
2209 4450 2221 4484 :
2265 4450 2282 4481 ι
2306 4432 2452 4486 Beati
2478 4432 2695 4503 (inquit)
2728 4434 2906 4498 mites,
2935 4438 3187 4504 quoniam
3218 4439 3314 4508 ipsi
3342 4457 3471 4510 pos-

1901 4524 2146 4579 sidebunt
2182 4532 2381 4577 terram
2423 4522 2635 4593 (Matth.
2670 4531 2743 4591 v}.
2792 4544 2810 4574 ι
2844 4524 3042 4580 Sancta
3070 4543 3198 4598 ergo
3230 4530 3467 4586 Ecclesia

228 4634 345 4688 ῑιιο»
370 4631 426 4676 ει
453 4620 624 4682 hinni,
658 4618 710 4671 id
748 4627 830 4671 θεῖ
871 4614 1150 4685 militum“)
1194 4613 1384 4683 gaude.
1415 4626 1533 4680 (tum
1563 4626 1667 4663 “0"
1699 4624 1795 4679 Pa-
1827 4648 1876 4706 ο
1904 4616 2077 4672 locum
2106 4614 2319 4669 tcutorii
2345 4613 2426 4668 sui
2456 4613 2929 4680 dilatatumhahet,
2958 4617 3081 4685 quia
3113 4618 3178 4670 ad
3206 4619 3467 4674 orientem

228 4706 406 4770 riebas
434 4711 542 4765 Deo
574 4708 730 4762 ﬁlios.
758 4706 864 4760 Pro
893 4703 1257 4774 magnitudine
1298 4701 1475 4772 gaudii
1513 4700 1697 4754 allusit
1728 4700 1794 4754 ad

230 4802 499 4859 hinnitum
550 4798 673 4867 equi
714 4796 979 4851 tendentis
1029 4795 1096 4849 ad
1136 4793 1451 4857 victoriam,
1502 4792 1798 4860 prmdicens

230 4906 399 4962 quare
449 4876 699 4960 praecepit
726 4885 775 4941 ei
818 4883 1086 4939 exsultare
1118 4891 1173 4938 et
1218 4881 1437 4936 laudare
1488 4879 1792 4934 Dominum.

236 5003 255 5034 ι
293 4977 554 5049 Quoniam
598 4976 749 5031 multi
790 4974 880 5029 filii
915 4975 1175 5037 desertae,
1206 4988 1222 5022 ι
1257 4970 1513 5026 subaudis
1545 4967 1796 5025 Ecclesia:

231 5074 496 5147 gentium,
528 5086 647 5140 qua:
684 5066 953 5137 quondam
974 5079 1005 5117 a
1034 5065 1142 5117 Deo
1171 5062 1423 5117 derelicta
1445 5071 1550 5126 est,
1583 5079 1601 5111 ι
1638 5076 1798 5130 quam

233 5165 371 5235 ejus,
409 5184 427 5216 ι
463 5162 513 5217 id
551 5170 632 5217 est
666 5160 981 5231 Synagogze,
1028 5175 1045 5209 ι
1079 5171 1199 5226 qua:
1242 5154 1406 5209 habet
1436 5153 1609 5207 virum
1630 5188 1645 5218 ,
1673 5151 1800 5207 dicit

235 5252 519 5317 Dominus;
551 5272 568 5303 ι
592 5254 697 5307 hoc
720 5259 803 5305 est
822 5266 939 5320 qum
958 5257 1112 5320 putat
1139 5262 1195 5302 se
1215 5247 1415 5301 habere
1437 5246 1607 5299 virum
1636 5246 1798 5299 Deum

234 5342 673 5417 omnipotentem.
693 5342 759 5396 Et
790 5343 892 5397 hoc
922 5340 1238 5406 notandum,
1270 5340 1394 5409 quia
1419 5353 1541 5392 cum
1572 5337 1799 5391 dicitur:

233 5439 416 5512 plures
462 5434 553 5490 filii
604 5435 829 5508 deserta:
852 5448 1028 5501 ’quam
1080 5432 1196 5502 ejus
1243 5444 1365 5500 quae
1401 5429 1561 5484 habet
1604 5428 1799 5494 virum,

235 5543 343 5584 non
363 5524 575 5596 penitus
604 5521 910 5580 excluditur
932 5537 961 5575 a
992 5530 1149 5590 partu
1185 5520 1507 5589 Synagoga‘:
1537 5518 1660 5588 quia
1687 5518 1801 5587 ipsa

240 5620 295 5676 in
353 5618 612 5689 apostolis
661 5622 715 5671 et
767 5628 862 5684 per
915 5612 1185 5683 apostolos
1244 5610 1441 5665 multos
1500 5610 1637 5665 filios
1694 5608 1804 5664 Deo

240 5708 441 5781 genuit,
470 5707 562 5763 sed
584 5705 815 5761 maxima
842 5701 1124 5758 multitudo
1146 5700 1384 5771 gentium
1408 5699 1458 5755 ei
1495 5700 1798 5769 prmfertur.

317 5820 334 5854 ι
370 5800 539 5855 Dilata
563 5799 737 5855 locant
763 5796 975 5852 tenturii
1005 5795 1100 5858 tui,
1130 5801 1184 5847 et
1206 5792 1369 5863 pelles
1394 5792 1797 5849 tabernaculum

1903 4716 1956 4762 et
1985 4706 2049 4760 ad
2087 4705 2412 4775 aquilonem,
2462 4706 2528 4758 ad
2565 4705 2896 4760 occidentem
2949 4716 3005 4760 et
3052 4706 3117 4759 ad
3167 4708 3468 4775 meridiem,

1904 4796 2158 4851 Ecclesia:
2206 4795 2259 4848 in
2294 4795 2493 4849 Christi
2544 4794 2759 4848 nomine
2807 4794 3045 4850 dilatatm
3098 4806 3243 4851 sunt.
3298 4797 3472 4853 Pelles

1904 4896 2101 4943 sanctas
2138 4887 2389 4942 Ecclesia!
2440 4895 2564 4941 sunt
2601 4887 2982 4957 praedicatores
3020 4900 3074 4942 et
3118 4890 3325 4958 praelati
3379 4891 3471 4959 qui

1904 4993 2019 5033 eam
2041 4987 2327 5049 protegunt
2354 4978 2420 5032 ab
2442 4989 2573 5032 restu
2596 4979 2846 5033 vitiorum
2883 4989 2938 5033 et
2967 4980 3289 5044 daemonum,
3326 4990 3380 5035 et
3403 4983 3471 5036 ab

1901 5068 2151 5123 Omnibus
2171 5069 2427 5123 adversis.
2460 5069 2695 5123 Habebat
2723 5070 3125 5124 tabernaculum
3149 5070 3311 5141 (sicut
3338 5072 3473 5127 dixi-

1903 5157 2042 5225 mus)
2070 5172 2193 5226 saga
2217 5158 2451 5222 cilicina,
2479 5173 2574 5227 per
2597 5173 2715 5227 qum
2741 5159 3093 5227 designantur
3114 5161 3468 5228 pmnitentes:

1903 5247 2028 5315 quia
2068 5247 2303 5301 cilicium
2342 5247 2557 5301 habitus
2594 5248 2920 5317 prrnitentiae
2967 5257 3082 5313 est;
3122 5250 3351 5304 habebat
3384 5268 3475 5305 ru-

1905 5340 2141 5394 bricatas
2168 5338 2353 5408 pelles,
2385 5355 2481 5409 per
2519 5354 2651 5408 quas
2676 5339 3027 5409 designantur
3049 5349 3344 5409 martyres;
3378 5343 3475 5396 ha-

1909 5431 2070 5487 bebat
2098 5440 2153 5485 et
2197 5432 2594 5501 hiacynthinas,
2624 5446 2720 5500 per
2749 5447 2885 5500 quas
2908 5432 3260 5502 designantur
3285 5448 3471 5488 omnes

1908 5521 2164 5592 pallorem
2193 5522 2531 5577 abstinentia:
2553 5531 2852 5591 gestantes;
2883 5521 3116 5577 habebat
3143 5523 3304 5577 etiam
3330 5522 3473 5577 funi-

1911 5611 2078 5673 culos,
2111 5627 2207 5680 per
2226 5627 2363 5680 quos
2387 5611 2733 5679 designantur
2765 5620 3029 5680 prmcepta
3070 5611 3279 5676 divina;
3312 5612 3476 5666 habes

1908 5701 2002 5756 bat
2024 5702 2204 5756 clavos
2232 5702 2427 5771 quibus
2466 5698 2891 5755 extendebantur
2927 5701 3098 5766 funes,
3139 5713 3193 5756 et
3225 5701 3447 5755 firmaha

1912 5802 1999 5848 tur
2021 5808 2177 5847 omne
2208 5791 2608 5847 tabernaculum
2635 5810 2645 5843 :
2674 5805 2769 5860 per
2802 5808 2935 5861 quos
2964 5807 3246 5862 possumus
3276 5791 3475 5846 intelli-
