4016 6474
547 391 651 447 995

1003 386 1354 444 HAYMONIS
1389 385 1860 442 ηλιηιςιιετλτ.
1910 385 2120 443 EPISC.
2161 384 2308 441 OPP.
2351 385 2528 442 PARS
2564 386 2604 441 l.
2645 418 2713 427 —
2748 386 3093 444 COMMENT.
3141 380 3318 444 BIBL.

547 514 674 572 gere
698 497 1025 553 intellectum
1065 505 1120 552 et
1154 497 1434 565 rationem;
1473 498 1666 567 quibus
1711 496 1991 551 firmantur
2031 495 2111 550 di-
2138 499 2185 558 Λ
2214 502 2302 548 tur
2324 495 2464 549 enim
2495 496 2567 550 ibi
2597 515 2609 550 :
2644 496 2709 551 Et
2732 499 2994 568 assumpsi
3027 499 3244 569 (inquit)
3269 500 3400 554 mihi
3424 500 3564 556 duas
3582 502 3776 574 virgas,

549 592 668 646 vina
690 596 975 658 praecepta,
1003 587 1253 642 videlicet
1271 588 1476 641 ratione
1496 596 1550 642 et
1570 586 1840 641 intellectu
1860 604 1871 639 :
1894 585 2110 655 quando

545 697 610 738 ea
674 696 794 750 qua:
849 678 1242 734 rationabiliter
1298 677 1670 749 intelligimus,
1721 678 2112 741 rationabiliter

545 786 711 841 opere
761 770 1132 840 adimplemus.
1174 769 1314 824 Dicit
1357 784 1486 839 ergo
1527 771 1593 824 ad
1640 779 1882 825 sanctam
1932 769 2114 824 Eccle-

546 863 680 916 siam
715 875 730 913 :
760 859 804 915 Ο
832 860 1089 926 Ecclesia,
1116 860 1278 914 dilata
1310 859 1481 913 locum
1512 861 1726 914 tentorii
1757 861 1833 915 tui
1856 876 1951 930 per
1979 876 2111 929 qua-

548 959 670 1004 tuor
703 950 885 1004 mundi
918 949 1154 1011 climata,
1182 963 1279 1003 nec
1306 949 1643 1004 concludaris
1679 966 1783 1003 uno
1808 950 2002 1020 angulo
2024 966 2111 1006 so-

546 1041 816 1095 lummodo
864 1040 1076 1096 Judmae.
1127 1041 1191 1095 Et
1231 1040 1416 1109 pelles,
1465 1042 1566 1095 hoc
1607 1050 1690 1096 est
1732 1043 2112 1111 prtedicatores

547 1140 666 1186 tuos
687 1133 915 1187 extende
944 1141 997 1186 et
1024 1132 1261 1186 ditl‘untle
1300 1148 1396 1202 per
1437 1132 1621 1186 orbem
1673 1142 1936 1187 terrarum
1977 1152 1990 1187 :
2034 1134 2111 1189 Ne

544 1235 755 1290 parcas,
782 1236 955 1290 neque
975 1237 1153 1276 cesses
1182 1221 1537 1290 multiplicare
1572 1237 1682 1286 eos,
1713 1233 1974 1291 quatenus
1997 1224 2112 1279 illo-

546 1325 665 1363 rum
709 1312 1003 1366 munimine
1032 1313 1234 1367 tuearis
1265 1314 1334 1369 ab
1372 1322 1505 1367 testu
1554 1314 1871 1369 dmmonum.
1900 1316 2113 1388 Longos

544 1398 630 1454 fac
662 1399 927 1457 funiculos
972 1412 1123 1466 tuos,
1164 1404 1217 1457 id
1254 1413 1338 1457 est
1378 1403 1533 1470 longe
1577 1406 1809 1459 extende
1847 1408 2110 1475 praedica-

541 1490 746 1545 tionem
785 1500 951 1555 tuam,
981 1501 1034 1547 et
1067 1502 1332 1562 praecepta
1369 1493 1546 1548 divina
1585 1496 1794 1563 elonga,
1835 1505 1888 1551 et
1930 1498 2112 1554 clavos

543 1586 667 1633 tuos
721 1581 1021 1645 consolida,
1066 1583 1118 1637 id
1162 1591 1245 1638 est
1306 1583 1710 1654 intelligentiam
1751 1596 1807 1641 et
1850 1589 2112 1646 rationem

544 1676 693 1723 tuam
721 1670 979 1725 confirma
1009 1681 1063 1727 et
1083 1674 1393 1728 corrobora.
1421 1673 1675 1743 Sequitur
1702 1695 1714 1729 :

621 1775 643 1809 ο
694 1758 775 1812 Ad
815 1761 1089 1816 dexteram
1125 1763 1266 1816 enim
1310 1772 1363 1817 et
1406 1765 1679 1820 sinistram
1721 1768 2045 1835 penetrabis,
2085 1788 2105 1823 ι

2210 598 2371 637 unam
2401 587 2584 641 vocavi
2614 585 2888 653 decorem,
2918 596 2974 641 et
3002 587 3226 642 alteram
3262 591 3450 645 vocavi
3480 591 3778 650 funiculum

2211 671 2394 744 (Zach.
2426 677 2525 748 xi).
2559 696 2578 729 ι
2606 676 2709 733 Per
2735 678 2869 747 duas
2903 680 3082 750 virgas
3116 681 3232 735 vult
3262 681 3486 752 intelligi
3510 683 3645 738 duas
3666 684 3778 753 ple-

2207 764 2324 829 bes,
2354 767 2590 836 gentium
2632 777 2685 823 et
2711 767 3036 825 Iudaeorum.
3070 770 3174 825 Per
3220 788 3382 826 unam
3408 786 3574 842 quam
3603 774 3780 843 appel-

2208 853 2338 909 lavit
2361 856 2633 923 decorem,
2676 859 2989 927 intelligitur
3013 862 3304 929 gentilitas,
3347 878 3511 933 quam
3540 863 3702 932 elegit
3727 864 3779 918 in

2210 941 2321 999 Noe
2339 952 2395 999 et
2426 946 2551 1001 filiis
2572 948 2707 1016 ejus.
2744 948 2845 1002 Per
2873 950 3094 1004 alteram
3122 966 3251 1005 vero
3287 967 3452 1020 quam
3494 954 3782 1023 appellavit

2210 1034 2524 1103 funiculum,
2565 1041 2869 1096 ostenditur
2912 1042 3066 1112 plebs
3112 1039 3333 1099 Judaica
3360 1084 3377 1110 ,
3418 1060 3586 1115 quam
3626 1046 3783 1115 elegit

2213 1125 2352 1180 Deus
2380 1128 2719 1196 omnipotens
2764 1129 2815 1183 in
2867 1129 3221 1185 aedificatione
3265 1133 3433 1186 turris
3480 1133 3537 1186 in
3586 1131 3780 1186 familia

2212 1212 2406 1276 lleber,
2440 1214 2493 1267 in
2522 1215 2776 1270 Abraam.
2813 1216 2962 1271 Unde
3005 1227 3059 1272 et
3095 1219 3293 1273 dicitur
3327 1221 3379 1274 in
3406 1220 3781 1291 subsequenti-

2210 1301 2351 1357 bus:
2387 1303 2451 1357 Et
2477 1305 2675 1358 succidi
2702 1306 2917 1376 (inquit)
2948 1323 2979 1360 a
3022 1308 3166 1362 cultu
3214 1325 3333 1365 meo
3372 1321 3429 1364 et
3469 1313 3649 1379 gratia
3688 1313 3783 1367 vir-

2211 1408 2331 1464 gam
2373 1409 2493 1462 qua:
2541 1396 2839 1465 appellatur
2890 1390 3081 1462 decus,
3102 1407 3157 1453 et
3182 1399 3386 1454 adhaesi
3414 1401 3552 1455 mihi
3579 1402 3783 1472 virgam

2212 1499 2330 1557 qua:
2358 1486 2650 1542 vocabatur
2673 1487 2955 1543 funiculus.
2991 1489 3048 1544 In
3075 1491 3387 1547 confusione
3410 1494 3558 1549 enim
3585 1493 3786 1566 lingua-

2212 1589 2331 1628 rum
2362 1575 2566 1646 abjecta
2595 1587 2679 1633 est
2704 1580 2975 1648 gentilitas
3002 1597 3030 1635 a
3054 1583 3171 1635 viro
3205 1599 3303 1639 suo
3329 1600 3504 1654 usque
3535 1589 3607 1640 ad
3655 1596 3781 1643 tem-

2208 1681 2311 1736 pus
2339 1668 2725 1727 incarnationis
2769 1673 2905 1742 ejus,
2935 1684 2988 1728 et
3032 1675 3200 1731 electa
3240 1686 3325 1732 est
3360 1678 3515 1749 plebs
3544 1678 3782 1735 Iudaica.

2210 1756 2442 1827 Ideoque
2474 1759 2560 1813 illa
2598 1749 2795 1816 dicitur
2830 1779 2951 1818 esse
2985 1765 3141 1820 vidua
3172 1776 3228 1822 et
3253 1769 3371 1823 sine
3401 1770 3546 1834 viro,
3595 1779 3655 1825 et
3692 1770 3776 1825 ista

548 1847 653 1903 hoc
683 1857 766 1903 est
785 1863 973 1906 omnes
992 1861 1180 1920 gentes
1213 1854 1529 1921 possidebis,
1555 1855 1637 1909 vel
1666 1857 1828 1910 eum"
1854 1873 2110 1927 prospera
2140 1854 2187 1911 Β
2212 1845 2410 1901 dicitur
2436 1850 2636 1905 habere
2660 1851 2852 1906 virum.
2878 1852 3029 1909 Unde
3048 1865 3103 1910 et
3132 1856 3305 1913 Moses
3329 1858 3459 1915 dicit
3488 1859 3547 1913 in
3580 1862 3781 1916 cantico

442 1998 455 2010 ,
546 1939 858 2006 sustinebis,
887 1950 941 1995 et
968 1942 1054 1997 hic
1083 1951 1137 1997 et
1168 1943 1217 1996 in
1248 1943 1431 1999 futuro
1458 1946 1772 2014 praevalebit;
1807 1961 1822 2000 :
1861 1948 1987 2017 quia
2013 1963 2113 2005 nec

544 2030 816 2099 prosperis
841 2030 1159 2097 elevaberis,
1193 2048 1291 2088 nec
1326 2033 1565 2090 adversis
1601 2036 1938 2105 deprimeris.
1975 2038 2110 2093 Pos-

545 2137 733 2176 sumus
773 2123 935 2178 etiam
979 2139 1076 2193 per
1109 2126 1384 2181 dexteram
1426 2136 1481 2182 et
1521 2128 1793 2183 sinistram
1831 2140 2113 2200 utramque

543 2213 710 2267 vitam
743 2215 1008 2284 accipere,
1052 2228 1369 2285 prresentem
1410 2219 1615 2275 scilicet
1640 2229 1799 2290 atque
1827 2220 2060 2276 futuram
2094 2240 2108 2276 :

545 2312 605 2357 ut
631 2319 728 2373 per
755 2305 1028 2359 sinistram
1060 2307 1420 2379 intelligamus
1460 2319 1780 2376 pmsentem
1822 2310 2011 2375 vitam,
2056 2320 2112 2367 et

541 2407 639 2461 per
668 2393 944 2448 dexteram
971 2404 1245 2450 teternam.
1272 2395 1430 2452 Juxta
1468 2399 1609 2467 quod
1641 2397 1912 2470 Sapientia
1937 2403 2108 2459 dicit:

549 2503 568 2535 ο
601 2484 657 2539 1η
687 2485 908 2541 dextera
935 2486 1052 2556 ejus
1093 2488 1367 2558 longitudo
1392 2490 1619 2555 dierum,
1651 2492 1703 2545 iu
1736 2492 1950 2547 sinistra
1980 2509 2113 2557 vero

542 2576 742 2631 divitia:
790 2585 846 2632 et
894 2579 1063 2647 gloria
1107 2580 1291 2653 (Prov.
1337 2583 1416 2653 v.)
1479 2603 1497 2634 ι
1548 2582 1744 2638 Sancta
1790 2584 2025 2641 Ecclesia
2057 2587 2111 2641 in

541 2663 785 2729 sinistra,
828 2666 931 2721 hoc
959 2677 1041 2722 est
1073 2668 1125 2722 in
1154 2669 1262 2722 vita
1293 2672 1560 2738 praesenti,
1593 2671 1809 2728 divitias
1852 2673 2014 2729 habet
2056 2683 2113 2729 et

542 2751 771 2822 gloriam
799 2769 813 2807 :
844 2756 969 2824 quia
1013 2756 1175 2811 habet
1205 2759 1485 2812 scientiam
1514 2769 1568 2812 et
1597 2759 2004 2830 intelligentiam
2031 2761 2111 2816 di-

540 2845 788 2899 vinorum
838 2846 1192 2915 eloquiorum,
1225 2864 1344 2917 qua:
1378 2858 1504 2903 sunt
1532 2850 1730 2904 divitia:
1763 2850 2104 2921 spirituales:

542 2943 597 2988 et
621 2934 781 2991 habet
807 2936 1061 2991 virtutem
1092 2938 1353 2993 bonorum
1391 2956 1613 3009 operum
1652 2957 1748 3010 per
1780 2958 1915 3011 quas
1948 2942 2111 3011 glori.

540 3025 734 3080 flcatur
762 3028 815 3081 in
845 3029 1113 3097 gentibus.
1145 3029 1199 3082 ln
1232 3030 1453 3084 dextera
1476 3046 1604 3085 vero
1635 3032 1796 3086 habet
1825 3033 2109 3102 longitudi-

543 3128 666 3168 nem
696 3116 902 3169 dierum
929 3125 983 3170 et
1006 3117 1145 3182 vitai,
1182 3119 1308 3186 quia
1334 3128 1658 3188 postponens
1690 3120 1992 3189 prtesentia,
2038 3120 2108 3175 ad

2214 1934 2610 1993 Deuteronomii
2646 1939 2800 2013 (Cap.
2847 1947 3020 2015 χχχιι)
3050 1962 3066 1998 :
3094 1944 3227 2000 Cum
3270 1948 3542 2004 divideret
3581 1948 3779 2006 Altissi-

2214 2040 2334 2080 mus
2363 2039 2570 2097 gentes,
2611 2043 2732 2084 cum
2758 2043 3036 2101 separaret
3067 2034 3206 2090 filios
3242 2037 3412 2091 Adam
3435 2077 3451 2103 ,
3492 2038 3565 2091 ad
3595 2041 3777 2095 turrim

2213 2115 2394 2183 Babel,
2443 2121 2721 2176 consuluit
2754 2125 3016 2180 terminos
3041 2128 3356 2196 populorum
3398 2128 3564 2197 juxta
3600 2148 3777 2188 nume-

2213 2221 2331 2260 rum
2379 2211 2691 2281 angelorum
2738 2212 2853 2277 Dei,
2888 2215 2968 2269 vel
3016 2214 3169 2283 juxta
3217 2232 3507 2273 numerum
3557 2221 3772 2277 ﬁliorum

2211 2297 2397 2355 Israel.
2421 2302 2553 2357 Pars
2581 2312 2761 2359 autem
2789 2305 2997 2361 Domini
3022 2308 3249 2377 populus
3270 2309 3409 2379 ejus,
3440 2309 3613 2366 Jacob
3638 2311 3769 2366 funi-

2213 2390 2364 2447 culus
2384 2393 2712 2450 haereditatis
2737 2396 2871 2465 ejus.
2905 2397 3194 2453 Constituit
3220 2401 3365 2455 enim
3408 2403 3761 2474 terminospo-

2211 2481 2639 2553 pulorum'juxta
2665 2502 2948 2543 numerum
2988 2489 3298 2560 angelorum
3344 2491 3466 2558 Dei,
3500 2495 3617 2563 quia
3644 2495 3756 2549 uui-

2218 2572 2413 2641 cuique
2441 2575 2584 2643 genti
2627 2576 2874 2646 angelum
2902 2577 3180 2646 praelatum
3219 2582 3422 2650 posuit.
3460 2583 3586 2639 Ideo
3608 2592 3770 2639 autem

2212 2662 2336 2717 dicit
2377 2681 2390 2717 :
2424 2662 2765 2722 Confusiouis
2803 2667 3175 2725 adolescentiae
3211 2678 3315 2725 tua:
3340 2672 3705 2738 Oblivisceris,
3726 2684 3779 2730 et

2209 2753 2482 2823 opprobrii
2509 2756 2785 2811 viduitatis
2814 2765 2918 2812 tua:
2957 2773 3062 2813 non
3102 2760 3477 2817 recordaberis
3507 2765 3739 2833 amplius
3761 2804 3777 2829 ,

2212 2843 2335 2910 quia
2362 2844 2577 2912 quando
2605 2859 2635 2898 a
2659 2844 2768 2900 Deo
2794 2845 3050 2900 derelicta
3080 2854 3165 2901 est
3196 2847 3251 2901 in
3277 2848 3643 2907 aediﬁcatione
3673 2862 3779 2907 tur-

2213 2931 2308 2995 ris,
2345 2933 2519 2987 adhuc
2552 2934 2705 3003 quasi
2755 2934 3068 2989 adolescens
3106 2935 3465 3005 etjuvencola
3492 2949 3636 2994 erat.
3678 2939 3780 2995 Sed

2211 3019 2336 3076 licet
2362 3020 2520 3091 longo
2540 3030 2782 3092 tempore
2805 3023 3148 3092 opprobrium
3176 3024 3452 3080 viduitatis
3482 3042 3598 3083 sua:
3619 3027 3780 3083 susti-

2210 3110 2418 3165 nuisset
2453 3124 2737 3181 postquam
2771 3112 2917 3167 venit
2949 3113 3015 3167 ad
3046 3112 3229 3174 ﬁdem.
3259 3114 3623 3170 confusionem
3656 3133 3776 3171 om-

539 3203 720 3258 futura
743 3205 967 3261 festinat
999 3224 1012 3262 :
1043 3208 1095 3261 in
1134 3208 1330 3276 quibus
1361 3210 1689 3264 teter-utiliter
1715 3227 1835 3265 cum
1884 3211 2105 3267 Domino

2212 3214 2334 3253 nem
2361 3200 2637 3269 deposuit,
2679 3202 2882 3256 sociata
2929 3202 3042 3271 jam
3088 3203 3304 3272 proprio
3341 3204 3449 3257 viro
3485 3220 3591 3273 per
3638 3206 3770 3262 fidei

539 3305 623 3351 est
668 3314 944 3364 mansura,
981 3310 1036 3355 et
1064 3301 1274 3372 gaudiis
1315 3303 1534 3357 aeternis
1571 3302 1817 3357 fruitura.
1852 3303 2108 3374 Quodque

536 3386 880 3461 subjungitur
907 3405 920 3444 :
955 3408 973 3441 ι
1004 3400 1059 3445 et
1092 3406 1271 3446 semen
1307 3400 1454 3446 tuum
1480 3403 1665 3462 gentes
1692 3394 2051 3460 luereditabit,
2083 3415 2102 3447 ι

540 3479 826 3547 dupliciter
849 3481 1069 3551 intelligi
1099 3491 1295 3551 potest,
1326 3483 1408 3537 vel
1436 3484 1499 3539 de
1522 3485 1726 3538 semine
1751 3485 2022 3556 Evangelii
2044 3487 2111 3540 de

540 3583 647 3637 quo
672 3569 871 3624 dicitur
893 3571 945 3624 in
972 3572 1258 3642 Evangelia
1280 3589 1294 3628 :
1314 3573 1454 3627 Exiit
1472 3573 1561 3642 qui
1580 3564 1819 3628 seminat
1843 3575 2119 3633 seminare.

539 3674 722 3714 semen
749 3676 906 3715 suum
936 3679 950 3715 :
982 3662 1063 3715 vel
1087 3664 1249 3717 etiam
1279 3664 1344 3717 de
1367 3664 1623 3733 apostolis
1648 3667 1739 3734 qui
1763 3681 1793 3718 a
1812 3666 1920 3719 Deo
1947 3666 2109 3720 semi-

538 3751 652 3805 nati
703 3762 846 3815 sunt,
885 3760 940 3806 et
965 3753 1031 3806 de
1075 3752 1270 3822 quibus
1304 3754 1508 3808 Isaias:
1544 3754 1653 3808 Nisi
1697 3753 1950 3833 Dominus
1978 3754 2106 3808 reli-

542 3841 747 3909 quisset
776 3842 929 3895 nobis
962 3855 1165 3905 semen,
1198 3842 1349 3909 quasi
1398 3841 1627 3896 Sodoma
1664 3840 1970 3897 fuissemus.
2012 3841 2108 3898 Se-

538 3943 663 3983 men
690 3944 816 3998 ergo
842 3929 1092 3985 Ecclesia:
1122 3932 1284 4000 (quod
1309 3939 1389 3985 est
1417 3930 1719 4001 evangelica
1735 3931 1997 3995 doctrina,
2022 3933 2106 3987 vel

537 4018 787 4088 apostoli)
815 4028 1002 4089 gentes
1041 4020 1199 4074 modo
1234 4022 1583 4085 htereditant,
1629 4022 1753 4089 quia
1783 4023 1960 4075 omnia
1987 4036 2106 4090 quae

533 4108 771 4178 possidet
792 4108 1038 4162 Christus
1064 4108 1177 4177 (qui
1205 4117 1288 4163 est
1309 4119 1469 4179 caput
1498 4110 1769 4180 Ecclesiae)
1800 4111 2032 4179 possidet
2049 4118 2107 4166 et

536 4199 817 4252 btereditat
850 4199 1111 4262 Ecclesia,
1137 4214 1256 4269 qum
1286 4212 1368 4255 est
1403 4217 1600 4271 corpus
1631 4201 1789 4257 illius.
1825 4220 1843 4252 t
1882 4203 1947 4256 Et
1979 4203 2107 4258 civi-

534 4293 676 4340 tates
701 4287 937 4341 desertas
953 4288 1291 4354 inhabitabit,
1319 4310 1337 4341 ι
1359 4290 1549 4345 bocest
1568 4300 1774 4361 gentes,
1790 4291 1902 4346 sive
1915 4290 2103 4348 Eccle-

534 4375 663 4440 sias,
681 4375 984 4433 velanimas
1008 4393 1039 4431 a
1063 4378 1173 4433 Deo
1193 4378 1476 4435 derelictas
1500 4381 1842 4435 inhabitabit.

614 4486 633 4518 ι
665 4466 782 4522 Noli
815 4469 1024 4535 timere,
1059 4490 1077 4522 ι
1107 4470 1344 4525 Ecclesia
1367 4472 1623 4541 gentium,
1645 4491 1662 4522 ι
1684 4472 1807 4540 quia
1835 4488 1939 4527 non
1969 4488 2100 4528 con-

2211 3290 2455 3360 copulam
2480 3302 2534 3345 et
2561 3291 2884 3346 dilectionis.
2916 3291 2983 3346 Et
3007 3292 3108 3347 hoc
3135 3293 3333 3363 quare?
3356 3291 3411 3346 ln
3429 3294 3760 3363 subsequen-

2212 3380 2353 3435 tibus
2375 3381 2753 3437 manifestatur
2781 3400 2793 3435 :

2285 3488 2303 3520 ‹
2350 3470 2482 3537 Quia
2531 3472 2894 3526 dominabitur
2928 3473 3147 3545 (inquit)
3174 3474 3251 3529 tui
3281 3475 3372 3544 qui
3395 3473 3522 3529 fecit
3555 3482 3633 3539 te,
3669 3475 3774 3531 Do-

2212 3557 2391 3613 minus
2410 3559 2743 3614 exercituum
2776 3570 2971 3615 nomen
3000 3560 3138 3630 ejus,
3173 3581 3192 3613 ι
3239 3562 3292 3616 id
3313 3573 3398 3617 est
3441 3562 3771 3628 militiarum,

2209 3649 2293 3703 vel
2318 3650 2647 3722 angelorum,
2676 3669 2695 3702 ι
2724 3660 2778 3707 et
2798 3652 3125 3722 Redemptor
3145 3662 3267 3708 tuus
3289 3660 3511 3708 sanctus
3540 3653 3722 3719 Israel,
3751 3672 3770 3706 ι

2209 3740 2300 3810 qui
2333 3749 2383 3794 te
2411 3741 2634 3796 redemit
2675 3743 2934 3811 sanguine
2959 3758 3075 3798 suo.
3118 3743 3261 3798 Deus
3283 3743 3462 3798 omnis
3489 3751 3649 3798 terra:
3687 3759 3780 3798 vo-

2206 3832 2422 3887 cabitur
2451 3847 2555 3887 non
2589 3833 2747 3887 unius
2777 3833 3112 3889 solummodo
3140 3835 3396 3905 regionis,
3418 3849 3597 3904 neque
3622 3836 3780 3891 unius

2208 3922 2539 3977 solummodo
2577 3923 2757 3994 anguli
2784 3922 2989 3979 ‘Judaete
3016 3964 3032 3989 ,
3073 3926 3167 3979 sed
3207 3925 3453 3979 omnium
3500 3934 3781 3980 creatura-

2207 4030 2349 4079 rum,
2386 4013 2686 4069 cmlestium
2719 4015 2966 4071 videlicet
3015 4024 3071 4070 et
3098 4014 3414 4070 inferorum.

2286 4125 2303 4157 ι
2326 4100 2461 4171 Quia
2478 4107 2826 4162 utmulierem
2840 4108 3149 4163 derelictam
3170 4128 3189 4159 ›
3210 4107 3511 4161 subaudisa
3535 4107 3673 4172 viro,
3695 4128 3714 4159 ι
3729 4113 3781 4163 et

2208 4203 2524 4250 maerentem
2555 4196 2770 4266 spiritu,
2808 4198 3024 4251 vocavit
3046 4206 3100 4251 te
3130 4215 3148 4247 ι
3179 4197 3246 4250 ad
3270 4196 3432 4250 fidem
3457 4205 3711 4262 suam,ut
3731 4198 3779 4251 ei

2205 4284 2529 4350 adhaereres,
2553 4303 2571 4336 ι
2596 4294 2649 4339 et
2665 4302 2883 4341 uxorem
2898 4288 2964 4341 ab
2980 4271 3629 4354 adolescentia'abjectam
3645 4288 3776 4341 dixit

2206 4374 2346 4429 Deus
2384 4383 2565 4429 tuus.»
2602 4375 2792 4430 Mulier
2832 4377 3090 4431 derelicta
3116 4392 3147 4430 a
3183 4378 3300 4431 viro
3325 4375 3429 4430 fuit
3472 4379 3772 4447 gentilitas,

2204 4466 2418 4535 quando
2474 4466 2657 4521 amisit
2695 4468 2871 4521 virum
2931 4483 3086 4522 suum
3133 4467 3301 4522 Deum
3345 4467 3766 4537 omnipotentem

532 4556 772 4613 funderis
810 4574 984 4629 neque
1029 4561 1318 4616 erubesces
1350 4579 1362 4614 :
1391 4577 1497 4615 non
1531 4563 1675 4615 enim
1715 4572 1767 4616 te
1808 4562 2044 4632 pudebit,
2075 4584 2094 4616 ι
2127 4551 2178 4610 Β
2203 4547 2424 4626 propter
2468 4557 2849 4621 idololatriam,
2901 4568 2955 4612 et
2989 4559 3091 4613 hoc
3128 4567 3367 4628 tempore
3401 4557 3770 4613 adolescentia:

533 4648 789 4703 subaudis
821 4648 988 4703 fuisse
1016 4650 1306 4720 aliquando
1335 4660 1387 4705 te
1418 4652 1726 4706 derelictam
1753 4668 1783 4705 a
1813 4654 1927 4709 viro
1962 4662 2052 4709 tuo
2080 4669 2095 4708 :

537 4757 556 4788 ι
586 4738 713 4808 quia
758 4738 1090 4795 confusionis
1123 4749 1225 4796 tuae
1272 4742 1648 4797 adolescentiae
1688 4742 2037 4809 Oblivisceris,
2075 4763 2094 4796 ι

531 4828 657 4881 dum
684 4828 895 4882 veneris
920 4829 985 4883 ad
1015 4829 1192 4893 fidem,
1232 4839 1286 4884 et
1330 4832 1591 4900 receperit
1620 4839 1670 4885 te
1696 4831 1780 4884 vir
1811 4840 1953 4897 tuus,
1989 4850 2007 4882 ι
2046 4842 2103 4891 et

530 4918 803 4986 opprobrii
827 4918 1101 4975 viduitatis
1124 4928 1225 4975 tua:
1248 4936 1352 4975 non
1394 4921 1764 4976 recordaberis
1787 4921 2034 4991 amplius.
2074 4943 2093 4976 ι

529 5005 833 5077 Alloquitur
878 5010 1034 5063 modo
1091 5011 1428 5078 omnipotens
1488 5010 1630 5065 Deus
1680 5009 1971 5065 Ecclesiam
2031 5012 2097 5068 de

528 5100 777 5168 gentibus
801 5100 867 5154 ad
896 5101 1052 5155 fidem
1074 5116 1223 5155 suam
1250 5102 1573 5165 venientem,
1598 5117 1757 5171 quam
1783 5102 1978 5174 legitur
1998 5103 2092 5157 de-

531 5191 807 5259 rcliquisse
835 5191 888 5244 in
917 5191 1269 5247 mdiﬁcalione
1301 5193 1467 5246 turris
1497 5194 1674 5247 Babel.
1718 5195 1825 5250 Sed
1868 5196 2093 5264 qumstio

528 5283 635 5338 isto
672 5282 724 5337 in
756 5282 874 5337 loco
906 5284 1096 5338 oritur.
1129 5283 1305 5348 Quare
1325 5283 1470 5337 dicat
1495 5284 1582 5338 hic
1612 5301 1623 5336 ;
1652 5286 1777 5354 quia
1818 5286 2094 5341 viduitatis

526 5383 635 5429 tute
654 5389 761 5432 non
792 5376 1160 5430 recordaberis
1188 5376 1418 5446 amplius
1443 5415 1458 5440 ,
1485 5392 1605 5429 cum
1632 5379 1874 5447 superius
1897 5379 2095 5434 dixerit

527 5469 673 5523 illam
701 5469 938 5524 sterilem
970 5469 1133 5523 fuisse
1160 5477 1214 5524 et
1238 5484 1344 5524 non
1375 5469 1573 5523 habere
1602 5469 1795 5534 virum,
1829 5479 1885 5525 et
1913 5470 2095 5539 plures

524 5558 665 5613 filios
709 5574 968 5630 generare
1007 5574 1165 5628 quam
1228 5558 1563 5631 Syuagogam
1606 5575 1725 5628 qua:
1771 5562 1994 5630 putabat
2034 5577 2092 5618 se

527 5649 700 5702 virum
741 5650 976 5704 habere?
1014 5650 1142 5717 Quae
1189 5652 1415 5719 quaestio
1444 5669 1510 5706 ex
1542 5652 1720 5706 verbis
1763 5651 1970 5707 Domini
2009 5652 2090 5707 lo-

527 5740 740 5808 quentis
764 5757 861 5811 per
896 5742 1208 5797 Zachariam
1232 5745 1549 5816 pr0phetam
1570 5753 1745 5815 potest
1766 5745 1920 5801 solvi.
1950 5745 2089 5801 Dici-

2202 4667 2332 4706 sute.
2389 4651 2817 4707 Adolescentiam
2846 4652 2991 4706 enim
3021 4651 3205 4706 habuit
3242 4651 3518 4722 gentilitas
3564 4653 3620 4706 in
3657 4650 3773 4705 ﬁliis

2207 4742 2321 4798 Noe
2360 4751 2413 4797 et
2442 4743 2496 4797 in
2526 4732 2934 4800 aedificationem
2974 4745 3156 4799 turris.

2278 4852 2297 4885 ι
2335 4833 2413 4888 Ad
2439 4843 2696 4903 punctum
2727 4836 2780 4890 in
2804 4834 3014 4890 modico
3041 4834 3377 4903 dereliquite,
3400 4841 3459 4888 et
3477 4833 3533 4887 in
3560 4832 3776 4886 misera-

2202 4926 2439 4981 tionibus
2470 4926 2679 4996 magnis
2725 4926 3061 4995 congregabo
3102 4934 3174 4978 te.
3227 4943 3245 4975 ι
3313 4923 3495 4991 Quare
3540 4923 3679 4977 dicit
3712 4920 3775 4975 ad

2202 5023 2458 5085 punctum
2493 5016 2545 5068 in
2598 5014 2811 5069 modico
2857 5014 3170 5069 derelictam
3215 5027 3336 5067 esse
3392 5011 3770 5081 gentilitatem,

2200 5117 2322 5158 cum
2355 5119 2452 5174 per
2480 5104 2647 5158 multa
2672 5103 2837 5157 millia
2863 5118 3126 5157 annorum
3172 5102 3421 5157 servierit
3456 5101 3675 5156 diabolo
3721 5108 3775 5153 et

2199 5208 2308 5248 non
2354 5193 2639 5248 adbaeserit
2672 5192 2916 5247 Creatori
2962 5193 3103 5249 suo?
3138 5193 3265 5261 quia
3304 5192 3488 5248 omnia
3528 5202 3771 5262 tempora

2197 5293 2507 5354 comparata
2544 5284 2833 5340 aeternitati
2864 5285 2980 5349 Dei,
3007 5285 3311 5354 permodica
3342 5294 3396 5339 et
3424 5300 3595 5354 parva
3624 5292 3765 5339 sunt.

2200 5375 2276 5431 De
2305 5378 2389 5431 his
2414 5392 2542 5447 ergo
2572 5375 2955 5432 miseritordiis
2974 5376 3185 5431 Domini
3217 5376 3429 5447 magnis
3450 5376 3589 5430 dicit
3622 5373 3767 5429 Psal-

2196 5469 2353 5524 mista
2400 5488 2412 5523 :
2462 5488 2480 5521 ‹
2519 5469 2905 5525 .Misericordia
2941 5469 3235 5541 (inquiens)
3267 5469 3477 5524 Domini
3506 5468 3666 5538 plena
3687 5476 3767 5521 est

2195 5570 2339 5618 terra
2389 5558 2559 5633 (Psal.
2602 5560 2795 5634 xxx").
2835 5582 2853 5615 ι
2913 5579 2931 5613 ι
2961 5562 3027 5617 Et
3065 5560 3432 5617 misericordia
3460 5556 3577 5628 ejus
3607 5573 3765 5630 super

2192 5653 2372 5708 omnia
2398 5668 2558 5722 opera
2587 5652 2702 5722 ejus
2733 5648 2904 5723 (Ρεαι.
2944 5653 3144 5720 cxuv).
3176 5671 3195 5704 ι
3241 5650 3612 5707 Misericordia
3637 5663 3762 5720 ergo

2191 5724 2307 5813 ejus
2330 5741 2706 5798 inenarrabilis
2726 5740 2847 5807 fuit,
2872 5751 2930 5796 ut
2949 5741 3107 5797 nullis
3122 5741 3318 5797 nostris
3329 5738 3761 5811 praecedentibus
