4016 6478
247 466 349 524 997

1317 445 1669 505 ΕΟΜΜΕΝΤ.
1711 442 1779 499 IN
1820 439 2075 495 lSAlAM.
2115 469 2186 482 —-
2222 439 2350 493 LIB.
2392 439 2474 493 lll.

3390 439 3494 496 £98

242 580 462 639 meritis
498 579 780 632 revocaret
816 574 886 627 ad
914 570 1080 625 vitam
1102 575 1154 623 et
1180 567 1600 639 gratiamsuam.
1646 561 1821 631 Quo}
1854 565 1897 624 Λ
1926 556 2105 611 Patris
2137 554 2346 610 locutus
2375 562 2497 608 est:
2545 573 2562 606 ‹
2602 554 2740 609 Ecce
2765 569 2907 625 pono
2943 554 3231 625 (inquiens)
3272 554 3324 608 in
3363 553 3492 610 Sion

236 660 354 746 que
378 668 621 740 sequitur
642 685 655 719 :

324 778 344 813 ι
396 759 456 814 ln
492 762 765 813 momento
800 747 1183 819 indignationis
1223 760 1373 810 mere,
1425 742 1682 798 abscondi
1739 741 1818 794 fa-

250 852 391 907 ciem
443 863 645 912 mcam,
677 865 695 898 ι
734 844 841 899 hoc
877 849 963 898 est
998 838 1345 912 praesentiam
1376 851 1551 890 meam
1601 848 1817 904 parum-

246 957 346 1012 per
386 957 403 991 ι
436 955 465 993 a
505 945 577 1003 te,
631 956 650 988 ι
708 932 962 989 subaudis
1009 938 1226 1000 propter
1253 925 1605 982 idololatriam
1646 931 1815 986 tuam,

255 1051 274 1085 ι
320 1032 443 1086 etiu
473 1025 843 1083 misericordia
867 1022 1195 1090 sempiterna
1220 1019 1472 1073 misertus
1503 1030 1621 1070 sum
1660 1014 1758 1078 tui,
1794 1032 1811 1063 ι

249 1121 521 1178 redimens
550 1126 599 1172 te
625 1115 885 1185 sanguine
915 1126 1034 1167 meo
1066 1126 1079 1162 :
1126 1127 1143 1160 ι
1179 1108 1312 1163 dixit
1351 1106 1673 1174 Redemptor
1696 1111 1816 1157 tuus

250 1211 550 1268 Dominus:
581 1226 599 1260 ι
631 1207 860 1276 idipsum
891 1209 994 1267 est,
1019 1198 1160 1269 quod
1189 1206 1242 1251 et
1262 1195 1507 1265 superior
1534 1209 1723 1248 versus
1763 1194 1818 1246 in

240 1317 310 1357 ‘se
335 1300 593 1357 continet.
645 1294 989 1351 Abscondere
1017 1299 1196 1345 autem
1243 1288 1440 1344 dicitur
1470 1287 1612 1340 Deus
1640 1283 1815 1339 omni-

251 1402 444 1465 potens
481 1388 671 1445 faciem
702 1402 853 1443 suam
889 1401 918 1439 a
941 1383 1113 1443 nobis,
1140 1378 1229 1451 qui
1252 1380 1450 1458 ubique
1479 1386 1580 1441 est,
1604 1375 1818 1465 quando

250 1464 473 1551 propter
508 1487 729 1550 peccata
754 1483 933 1530 nostra
960 1470 1173 1528 solitam
1197 1469 1425 1540 gratiam
1437 1467 1598 1521 nobis
1617 1464 1814 1531 aufert,

251 1581 307 1627 et
340 1572 552 1627 solitum
593 1568 870 1625 auxilium.
895 1564 965 1620 Et
998 1565 1134 1619 bene
1162 1562 1293 1619 dicit
1320 1579 1333 1614 :
1367 1561 1423 1614 ln
1451 1557 1817 1615 misericordia

248 1661 576 1732 sempiterna
613 1659 866 1713 misertus
897 1669 1013 1710 sum
1056 1653 1153 1717 tui,
1207 1651 1332 1720 quia
1369 1650 1640 1721 gentilitas
1670 1663 1815 1704 sem-

200 1757 209 1772 ‘
248 1752 515 1821 piternam
556 1748 650 1803 Dei
689 1744 1070 1815 omnipotentis
1113 1741 1539 1797 misericordiam
1577 1739 1817 1811 posside-

244 1843 352 1905 bit,
393 1840 673 1893 adhaerens
712 1839 760 1891 ei
796 1850 893 1905 per
920 1834 1079 1889 ﬁdem
1107 1832 1548 1887 etdilectionem.

1919 647 2150 718 lapidem
2166 647 2498 717 angularem,
2512 647 2826 716 pretiosum,
2841 646 3069 703 electum
3089 646 3222 719 (Iac.
3239 647 3451 718 xxvnt).
3466 667 3485 701 ι

1915 740 2019 794 lste
2038 750 2124 795 est
2155 755 2283 810 ergo
2315 739 2451 809 lapis
2481 740 2571 809 qui
2601 741 2919 810 reprobatus
2936 749 3011 796 est
3047 741 3115 793 ah
3135 740 3480 796 aediﬁcatori-

1915 829 2015 884 bus
2046 827 2218 901 (Psal.
2243 831 2411 899 cxvn)
2431 871 2445 895 ,
2477 830 2671 885 scribis
2694 820 3019 885 ‘videlicctct
3041 831 3327 887 Pharisreis
3354 850 3367 885 :
3395 834 3490 887 sed

1915 921 2086 975 crevit
2123 920 2176 974 in
2205 929 2440 976 montem
2488 936 2762 991 maguum,
2808 931 2861 976 et
2889 923 3127 975 continet
3160 924 3317 975 modo
3360 923 3495 977 duos

1915 1011 2182 1080 parietes:
2217 1011 2350 1066 duos
2392 1010 2640 1066 videlicet
2690 1011 2913 1081 populos
2964 1012 3391 1068 circumcisionis
3439 1022 3497 1068 et

1916 1098 2185 1167 prmputii.
2238 1094 2434 1154 Sancta
2464 1090 2703 1153 Ecclesia
2760 1099 2886 1154 licet
2916 1100 3082 1155 variis
3108 1102 3387 1157 ordinibus
3416 1102 3495 1156 la-

1916 1187 2120 1257 pidum,
2154 1187 2207 1242 id
2249 1194 2332 1242 est
2361 1188 2595 1242 ﬁdelium
2621 1188 2690 1242 sit
2726 1197 2953 1243 ornata:
2987 1197 3163 1243 tamen
3210 1199 3320 1244 tres
3357 1191 3410 1245 in
3435 1207 3497 1247 se

1917 1278 2154 1332 continet
2193 1277 2410 1332 ordines
2437 1277 2883 1333 excellentiores:
2916 1280 3327 1348 praedicatorum
3380 1280 3489 1335 sci-

1916 1366 2062 1430 licet,
2088 1366 2371 1437 virginum,
2404 1376 2564 1436 atque
2598 1369 3017 1423 continentium.
3073 1367 3173 1435 Qui
3202 1371 3363 1423 etiam
3400 1374 3495 1424 dc-

1918 1460 2114 1531 signali
2142 1468 2270 1514 sunt
2318 1460 2373 1514 in
2402 1459 2710 1514 nominibus
2734 1458 2893 1514 trium
2917 1461 3193 1515 hominum
3221 1462 3494 1530 justorum

1915 1565 2014 1621 per
2046 1549 2401 1613 Ezechielem,
2459 1548 2569 1602 Noe
2595 1549 2865 1613 videlicet,
2913 1547 3098 1605 Daniel
3147 1559 3199 1603 et
3225 1549 3344 1605 Job.
3383 1548 3497 1605 Noe

1914 1638 2007 1708 qui
2046 1638 2186 1693 rexit
2231 1653 2412 1692 arcam
2462 1639 2605 1692 inter
2637 1653 2806 1708 aquas
2841 1638 3045 1704 diluvii,
3097 1648 3279 1708 typum
3322 1641 3497 1695 tenuit

1917 1737 2227 1784 sanctorum
2268 1728 2704 1798 praedicatorum,
2771 1728 2862 1796 qui
2903 1728 3047 1783 inter
3095 1728 3287 1784 ﬂuctus
3341 1730 3496 1785 istius

1920 1818 2102 1873 saeculi
2152 1827 2208 1873 et
2243 1827 2589 1887 tempestates
2637 1818 2749 1872 suis
2787 1820 3209 1887 protectionihus
3250 1828 3496 1875 sanctam

329 1904 348 1977 ε
395 1925 547 1980 Sicut
581 1926 634 1979 in
662 1904 848 1980 diem;
883 1922 1017 1987 Noe,
1062 1942 1081 1974 ,
1133 1921 1390 1976 subaudis
1415 1926 1636 1992 propter
1684 1936 1814 1991 pec-
1849 1909 1894 1969 Β
1920 1904 2216 1962 Ecclesiam
2248 1913 2441 1977 regunt
2468 1914 2524 1960 et
2551 1906 2875 1976 gubernant,
2926 1919 2984 1959 ut
3018 1907 3157 1960 inter
3186 1905 3413 1978 Scyllam
3442 1917 3496 1962 et

241 2002 375 2092 cata
412 2014 626 2087 generis
666 2012 883 2069 humani
920 2012 1065 2066 venit
1103 2010 1385 2073 diluvium,
1447 2029 1467 2061 ι
1517 2010 1660 2065 istud
1686 2013 1815 2066 mihi

254 2117 356 2174 est,
406 2126 425 2161 ι
467 2106 726 2163 subaudis
747 2103 1133 2174 jurameutum,
1175 2101 1317 2175 quod
1333 2099 1529 2172 iuravi,
1577 2117 1644 2157 ne
1671 2102 1820 2158 indu-

254 2215 432 2255 cerem
467 2215 635 2270 aquas
664 2198 805 2253 ultra
821 2212 982 2268 super
1004 2208 1227 2261 terram,
1265 2215 1282 2246 ι
1327 2193 1407 2251 sic
1422 2192 1601 2265 juravi
1626 2203 1685 2250 ut
1714 2210 1821 2250 non

246 2288 463 2344 irascar
493 2288 612 2354 tibi,
634 2306 651 2338 ι
683 2303 715 2341 o
738 2286 997 2350 Ecclesia,
1038 2304 1056 2336 ι
1083 2293 1138 2343 et
1173 2300 1280 2340 non
1317 2284 1587 2354 increpem
1613 2295 1682 2340 te.
1705 2304 1723 2337 ι
1753 2286 1821 2341 Ει

238 2388 337 2434 ἐει
362 2395 587 2435 sensus:
622 2377 773 2433 Sicut
805 2377 1171 2445 jurameutum
1202 2378 1345 2446 quod
1372 2375 1549 2445 juravi
1578 2377 1689 2433 Noe
1712 2395 1819 2435 non

252 2482 370 2521 sum
410 2477 795 2537 transgressus,
834 2475 898 2521 ut
932 2481 1039 2519 non
1076 2466 1384 2520 inducerem
1425 2481 1594 2535 aquas
1634 2467 1819 2523 diluvii

255 2555 485 2626 amplius
516 2571 679 2626 super
704 2565 902 2611 terram
933 2573 946 2609 :
975 2555 1055 2609 sic
1084 2570 1189 2609 non
1215 2555 1419 2609 irascar
1439 2556 1665 2626 amplius
1701 2558 1816 2623 tibi,

248 2661 288 2701 νο
314 2645 572 2712 Ecclesia,
612 2647 745 2700 adeo
772 2655 829 2698 ut
864 2652 915 2699 te
955 2644 1202 2714 abjiciam
1228 2645 1367 2698 sicut
1406 2645 1665 2700 hactenus
1693 2645 1818 2703 fecit

330 2757 350 2789 ‹
395 2737 601 2793 Montes
637 2739 779 2792 enim
804 2736 1296 2791 commovebuntur
1329 2747 1384 2790 et
1409 2736 1571 2792 colles
1609 2742 1822 2793 contre—

253 2830 521 2884 miscent:
567 2828 935 2885 misericordia
980 2838 1161 2882 autem
1200 2843 1318 2883 mea
1357 2843 1464 2883 non
1503 2829 1737 2894 recedet,
1795 2848 1815 2882 ι

246 2923 508 2978 subaudis
529 2931 664 2987 ate;
700 2942 718 2973 ‹
754 2930 807 2977 et
836 2919 1012 2975 fuadus
1043 2921 1191 2991 pacis
1212 2936 1343 2976 meae
1365 2922 1504 2991 quod
1536 2922 1713 2992 pepigi
1746 2931 1822 2978 te~

253 3031 397 3079 cum,
433 3030 540 3070 non
588 3014 906 3080 movebitur,
954 3034 972 3066 ι
1015 3014 1119 3069 hoc
1155 3023 1237 3070 est
1292 3028 1399 3070 non
1432 3015 1754 3072 dissolvetur
1788 3031 1820 3073 a

242 3110 328 3163 'te.
370 3124 390 3158 ‹
435 3107 578 3161 Dixit
620 3109 905 3162 miseratur
944 3116 1067 3161 tuus
1101 3106 1374 3161 Dominus.
1415 3126 1434 3159 ι
1478 3106 1540 3163 Et
1587 3116 1669 3163 est
1693 3123 1819 3164 scn-

253 3213 346 3252 sus
392 3215 405 3252 :
456 3197 595 3253 Ante
653 3198 1133 3253 commovebuntur
1186 3206 1398 3254 montes
1444 3208 1500 3253 et
1529 3200 1711 3265 colles,
1767 3209 1822 3256 et

249 3288 559 3342 transibunt
584 3287 776 3342 cmlum
804 3295 859 3342 ct
897 3295 1064 3353 terra,
1096 3287 1248 3357 juxta
1273 3289 1413 3357 quod
1437 3289 1489 3342 in
1529 3261 1819 3359 Evangelia
1847 3261 1891 3321 C

253 3378 487 3433 dicitur:
530 3398 547 3429 ‹
579 3378 773 3431 caelum
794 3385 848 3431 et
870 3384 1015 3431 terra
1040 3376 1761 3448 transibtintwauh.xxxv),
1795 3398 1813 3432 ι

251 3484 413 3540 quam
447 3467 814 3523 misericordia
850 3481 988 3531 mea,
1029 3475 1085 3521 et
1122 3465 1299 3522 foedus
1334 3466 1477 3537 quod
1517 3468 1693 3539 pepigi
1737 3477 1819 3524 te-

252 3572 395 3619 cum,
430 3557 651 3611 recedat
679 3571 707 3609 a
741 3564 809 3609 te.
832 3553 1102 3626 Sequitur
1132 3570 1147 3609 :

330 3664 349 3695 r
391 3643 722 3715 Paupercula
781 3651 1103 3713 tempestate
1163 3643 1416 3699 convulsa
1464 3641 1666 3715 absque
1711 3642 1817 3701 ulla

242 3735 644 3798 ‘consolatione,
691 3752 708 3784 ι
744 3733 797 3787 id
845 3741 928 3787 est
964 3733 1165 3802 absque
1186 3731 1295 3787 ullo
1324 3733 1673 3789 consolatore.
1713 3734 1821 3788 Ad-

251 3824 669 3892 hucalloquitur
705 3822 999 3877 Ecclesiam
1031 3823 1096 3877 de
1125 3823 1390 3893 gentibus,
1417 3833 1471 3879 et
1506 3833 1661 3879 vocat
1698 3840 1816 3880 eam

250 3912 653 3984 pauperculam,
693 3927 759 3966 eo
788 3913 929 3981 quod
954 3910 1259 3966 eﬁ‘eminata
1284 3921 1429 3967 esset
1465 3922 1686 3983 propter
1711 3914 1819 3968 ido-

250 4004 537 4059 lolatriam.
576 4001 672 4058 Vel
699 4003 824 4072 quia
862 4018 968 4057 non
1001 4002 1234 4057 habebat
1262 4004 1478 4058 divitias
1507 4006 1819 4074 spirituales

246 4095 405 4167 legis,
443 4096 825 4166 prophetarum
857 4109 920 4149 ac
940 4093 1290 4163 psalmorum.
1323 4092 1663 4165 Tempestate
1700 4106 1820 4152 erat

242 4188 535 4255 convulsa,
594 4189 698 4243 hoc
757 4195 842 4241 est
887 4185 1196 4242 conculcata
1235 4196 1290 4241 et
1328 4187 1639 4254 dilacerata,
1692 4191 1816 4260 quia

244 4279 449 4335 multos
486 4279 725 4334 turbines
745 4278 923 4334 saeculi
950 4278 1302 4345 sustinuerat,
1342 4288 1398 4334 et
1434 4288 1669 4337 terrores
1708 4283 1818 4338 da:-

244 4382 468 4425 mouum
496 4378 552 4424 et
588 4370 727 4424 inter
754 4369 933 4424 varios
958 4367 1221 4424 idolorum
1259 4382 1477 4425 errores
1505 4369 1817 4427 ﬁuctuabat.

249 4460 466 4531 Absque
516 4461 897 4526 consolatione,
954 4461 1008 4515 id
1047 4470 1131 4516 est
1180 4462 1383 4531 absque
1419 4463 1528 4515 ullo
1580 4465 1821 4520 consola-

251 4560 367 4605 tore
422 4549 578 4620 longo
641 4558 876 4619 tempore
931 4550 1212 4615 manebat,
1260 4550 1385 4620 quia
1432 4566 1539 4605 non
1586 4552 1883 4644 habebatD

243 4640 604 4710 patriarchas,
633 4656 741 4696 non
766 4640 1076 4709 prophetas,
1102 4653 1206 4693 non
1232 4640 1522 4710 apostolus,
1550 4642 1632 4695 vel
1653 4643 1813 4697 etiam

246 4749 435 4789 verum
463 4732 852 4788 consolatorem
892 4746 996 4786 non
1018 4731 1251 4805 habebat
1281 4730 1541 4801 Spiritum
1568 4741 1814 4789 sanctum

248 4825 339 4895 qui
370 4826 566 4881 dicitur
579 4822 908 4887 Paracletus,
936 4824 986 4879 id
1016 4832 1097 4878 est
1114 4823 1459 4879 Consolator:
1499 4843 1518 4875 ‹
1554 4825 1694 4880 Ecce
1715 4841 1815 4899 ego

248 4923 487 4971 sternam
541 4928 639 4984 per
676 4912 920 4969 ordinem
956 4902 1178 4981 ’lapides
1216 4920 1354 4976 tuos,
1416 4932 1434 4965 ι
1491 4928 1524 4968 o
1553 4913 1814 4981 Ecclesia,

254 5023 275 5057 ι
310 5013 365 5059 et
386 5002 623 5059 fundabo
651 5010 701 5058 te
726 5004 781 5057 in
816 5002 1083 5072 sapphiris
1106 5010 1160 5056 et
1188 5017 1383 5071 ponam
1402 5001 1666 5073 iaspidem
1692 5019 1818 5074 pro-

249 5093 547 5165 pugnacula
574 5102 684 5157 tua,
726 5100 781 5148 et
806 5099 990 5161 portas
1027 5099 1147 5147 tuas
1190 5093 1242 5146 in
1263 5091 1470 5163 lapides
1494 5094 1750 5165 sculptus.
1794 5114 1812 5147 ι

248 5186 353 5254 Qui
388 5194 511 5241 sunt
549 5185 752 5255 lapides
787 5193 984 5240 sancta:
1010 5184 1315 5241 Ecclesiae?
1353 5187 1523 5243 sancti
1562 5188 1820 5257 pradica-

251 5285 402 5330 tores
424 5259 624 5342 aliique
657 5274 861 5331 ﬁdeles.
911 5275 988 5330 De
1025 5276 1222 5345 quibus
1260 5274 1454 5331 Petrus
1483 5276 1614 5333 dicit
1646 5295 1659 5331 :
1706 5295 1725 5327 ι
1753 5278 1821 5332 Et

248 5380 348 5421 vos
382 5374 636 5434 tanquam
674 5364 880 5434 lapides
917 5366 1023 5421 vivi
1060 5364 1585 5435 superaediﬁcamini,
1630 5365 1820 5421 domus

249 5457 547 5531 spiritualis
583 5456 647 5530 (1
695 5456 813 5512 Pet.
850 5458 944 5530 ιι).
989 5479 1007 5511 ι
1066 5459 1338 5514 Ponamus
1384 5473 1550 5512 unum
1587 5456 1819 5528 lapidem

248 5564 350 5621 pro
364 5549 617 5605 omnibus
636 5549 922 5606 Dominum
951 5547 1133 5604 Jesum
1156 5549 1455 5611 Christum,
1484 5565 1646 5619 super
1658 5565 1818 5620 quem

249 5641 505 5699 :ediﬁcati
545 5649 671 5697 sunt
713 5650 767 5697 et
805 5640 1037 5696 ordinati
1088 5641 1179 5696 alii
1218 5641 1443 5711 lapides,
1489 5655 1649 5710 quem
1688 5640 1822 5695 vidit

248 5732 438 5788 Daniel
475 5732 626 5804 (Cap.
657 5732 718 5804 ιι)
745 5732 1050 5788 abscissum
1088 5733 1153 5787 de
1177 5740 1361 5788 monte
1395 5730 1512 5788 sine
1548 5731 1818 5798 manibus,

213 5836 307 5879 iet
330 5824 396 5880 de
417 5840 523 5896 quo
552 5826 798 5895 superius
841 5823 1009 5881 Isaias
1047 5825 1305 5895 propheta
1344 5839 1410 5879 ex
1453 5839 1682 5895 persona
1721 5823 1816 5879 Dei

1920 1996 2274 2068 Charybdim,
2313 1998 2413 2052 hoc
2432 2006 2515 2051 est
2551 1997 2694 2051 inter
2722 1997 3002 2052 haereticos
3040 2006 3094 2052 ct
3121 2014 3379 2068 paganos,
3432 2000 3495 2054 il-

1923 2088 2049 2143 laesa
2075 2090 2245 2158 possit
2263 2091 2545 2158 pervenire
2567 2090 2632 2143 ad
2660 2097 2871 2159 portum
2898 2099 2952 2144 et
2987 2089 3140 2145 littus
3168 2100 3383 2146 enorme
3409 2108 3496 2146 so-

1922 2175 2169 2233 iiditatis.
2195 2178 2404 2244 Daniel,
2433 2180 2525 2249 qui
2566 2179 2929 2249 virginitatem
2970 2182 3203 2235 servavit
3237 2190 3341 2235 tam
3374 2198 3497 2236 coro

1924 2267 2073 2341 poris
2119 2283 2279 2338 quam
2308 2269 2473 2322 etiam
2499 2269 2717 2334 mentis,
2754 2271 2962 2339 positus
2989 2271 3043 2324 in
3068 2270 3187 2325 aula
3217 2272 3359 2342 regis
3398 2272 3497 2326 Ba-
3520 2340 3533 2353 ι

1926 2358 2154 2432 bylouis,
2190 2358 2459 2431 signiﬁcat
2493 2367 2711 2416 sanctos
2762 2360 2967 2432 positos
3003 2360 3057 2417 iu
3092 2361 3353 2427 Ecclesia,
3399 2365 3494 2435 qui

1926 2449 2054 2504 totis
2075 2449 2277 2505 viribus
2318 2450 2675 2521 virginitatem
2704 2452 2904 2506 mentis
2938 2458 2994 2505 et
3021 2454 3263 2522 corporis
3284 2454 3496 2509 sincere

1926 2542 2252 2596 custodiunt.
2309 2541 2412 2598 Job
2451 2558 2581 2598 vero
2607 2544 2691 2597 vir
2728 2542 2908 2612 justus
2937 2553 2990 2599 et
3013 2556 3215 2609 rectus,
3270 2562 3492 2602 uxorem

1922 2632 2130 2691 habens
2174 2647 2230 2693 et
2267 2637 2423 2703 ﬁlios,
2460 2639 2705 2694 ordinem
2750 2639 3151 2711 conjugatorum
3181 2643 3491 2712 ‘designat:

1920 2729 2017 2798 qui
2044 2728 2170 2785 licet
2189 2730 2295 2785 sint
2315 2731 2683 2803 conjugalibus
2713 2733 2940 2789 vinculis
2968 2735 3226 2805 colligati,
3274 2738 3352 2791 sic
3375 2738 3498 2794 red-

1927 2819 2060 2875 dunt
2083 2820 2322 2877 debitum
2351 2824 2527 2889 uxori,
2567 2831 2832 2893 quatenus
2860 2840 2965 2879 non
2987 2826 3305 2895 displiceant
3335 2826 3499 2883 Crca~

1922 2914 2050 2967 tori.
2098 2913 2199 2980 Qui
2226 2929 2355 2985 ergo
2373 2913 2481 2970 duo
2505 2916 2719 2970 nomina
2760 2916 2990 2986 lapidum
3022 2918 3125 2971 isto
3160 2917 3212 2971 in
3246 2918 3363 2972 loco
3403 2934 3497 2987 po—

1924 3005 2030 3059 sita
2067 3013 2191 3059 sunt
2229 3007 2465 3076 sapphiri
2502 3019 2556 3061 et
2585 3006 2829 3075 jaspidis,
2854 3008 3129 3062 videamus
3169 3009 3331 3062 etiam
3369 3010 3497 3077 quid

1926 3094 2041 3165 ipsa
2063 3096 2385 3166 significent.
2412 3096 2630 3151 Sumam
2660 3096 2876 3168 (inquit)
2898 3113 2994 3167 per
3022 3098 3265 3153 ordinem
3296 3099 3498 3167 lapides

1928 3196 2068 3252 tuos,
2094 3199 2149 3245 et
2181 3188 2416 3243 fundaho
2446 3198 2498 3244 te
2520 3190 2572 3244 in
2605 3189 2891 3260 sapphiris,
2922 3198 2973 3243 et
2999 3205 3194 3260 ponam
3231 3189 3497 3260 jaspidem

1921 3280 2320 3350 propugnacula
2356 3289 2468 3342 tua,
2509 3289 2565 3335 et
2593 3289 2777 3349 portas
2803 3290 2920 3334 tuas
2948 3297 3143 3350 ponam
3195 3282 3248 3335 in
3295 3283 3497 3351 lapides

1921 3371 2179 3440 sculptus.
2209 3370 2510 3440 Sapphirus
2558 3372 2693 3440 lapis
2733 3372 2824 3441 qui
2868 3371 3271 3425 similitudinem
3318 3374 3496 3427 sereni

1921 3464 2042 3519 cceli
2067 3465 2277 3526 retinet,
2318 3464 2582 3532 signiﬁcat
2614 3473 2829 3519 sanctos
2849 3464 3139 3518 serenitate
3169 3466 3364 3518 mentis
3391 3465 3493 3518 [ιιι.

1919 3565 2104 3626 gentes
2139 3572 2151 3609 τ
2184 3555 2273 3625 qui
2310 3556 2533 3610 adversa
2555 3565 2608 3609 et
2639 3570 2895 3625 prospera
2926 3555 3082 3610 istius
3110 3556 3287 3611 saeculi
3312 3573 3494 3625 :cqua-

1920 3646 2138 3700 uimiter
2173 3661 2270 3716 pro
2303 3645 2502 3700 Christi
2534 3646 2751 3700 nomine
2781 3646 3031 3711 tolerant,
3081 3656 3135 3702 et
3162 3657 3385 3717 possunt
3415 3650 3498 3702 di—

1918 3750 2043 3789 cere
2082 3750 2201 3789 cum
2240 3734 2493 3803 Apostolo
2527 3754 2538 3788 :
2578 3755 2598 3787 ‹
2636 3735 2829 3792 Nostra
2865 3739 3204 3791 conversatio
3244 3738 3296 3791 in
3343 3740 3496 3794 caelis

1918 3834 2001 3881 est
2028 3822 2248 3896 (Philip.
2292 3825 2397 3898 ιιι).
2456 3844 2475 3878 ι
2520 3825 2696 3896 Jaspis
2730 3827 2953 3881 viridem
2987 3826 3219 3882 colorem
3267 3828 3493 3893 habens,

1918 3916 2185 3988 signiﬁcat
2224 3928 2440 3973 sanctos
2496 3920 2897 3987 prmdicatores,
2966 3919 3237 3974 viriditate
3284 3921 3403 3974 ﬁdei
3441 3931 3499 3977 et

1918 4008 2200 4063 charilatis
2241 4008 2602 4076 splendentes.
2648 4007 2845 4063 Sancta
2871 4024 2999 4077 ergo
3026 4009 3263 4063 Ecclesia
3294 4026 3493 4081 propu-

1917 4097 2145 4166 gnacula
2204 4097 2366 4152 habet
2385 4113 2453 4152 ex
2476 4096 2708 4168 jaspide,
2739 4098 2864 4168 quia
2902 4099 3064 4153 habet
3110 4099 3496 4171 prmdicatores

1917 4188 2191 4268 viriditate
2226 4188 2345 4244 ﬁdei
2381 4197 2435 4243 et
2461 4190 2742 4243 charitatis
2772 4190 3076 4255 rutilantes,
3119 4189 3210 4261 qui
3236 4190 3494 4245 dimicant

1918 4292 2016 4347 pro
2042 4292 2106 4331 ea
2146 4287 2334 4331 contra
2364 4277 2655 4343 dicmones,
2696 4288 2750 4332 et
2776 4280 3080 4344 haereticos,
3122 4289 3284 4348 atque
3309 4295 3499 4335 omnes

1917 4376 2341 4438 persecutores:
2384 4369 2650 4423 intantum
2714 4378 2772 4423 ut
2823 4370 2986 4423 etiam
3048 4370 3283 4424 animam
3341 4386 3495 4426 suam

1916 4461 2108 4514 mortis
2133 4460 2377 4530 periculo
2409 4476 2507 4531 pro
2537 4474 2600 4514 ea
2625 4469 2847 4531 ponant.
2899 4461 3159 4531 Quodque
3210 4463 3453 4530 sequitur
3479 4481 3491 4515 :

1917 4549 1983 4604 Et
2014 4566 2207 4620 ponam
2236 4561 2421 4621 portas
2449 4560 2568 4606 tuas
2591 4553 2643 4605 in
2682 4551 2888 4622 lapides
2932 4552 3191 4622 sculptus,
3234 4553 3301 4607 ad
3350 4555 3495 4622 ipsos

1918 4642 2297 4713 praedicatores
2342 4649 2398 4697 et
2424 4642 2672 4713 praelatos
2702 4641 2955 4698 Ecclesia:
2997 4643 3339 4698 referendum
3387 4654 3492 4709 est,

1919 4733 2010 4804 qui
2040 4731 2434 4789 multitudinem
2464 4733 2795 4789 credentium
2853 4750 2950 4804 per
2986 4735 3237 4803 baptismi
3268 4750 3494 4806 regene—

1921 4825 2183 4880 rationem
2216 4825 2359 4879 intra
2403 4832 2641 4879 sanctam
2674 4824 2969 4880 Ecclesiam
3008 4825 3372 4881 introducunt.
3427 4828 3493 4882 Et

1920 4916 2059 4971 bene
2085 4915 2277 4985 sculpti
2321 4930 2441 4970 esse
2468 4915 2742 4983 dicuntur,
2785 4918 2911 4986 quia
2955 4916 3118 4971 verba
3161 4926 3217 4971 et
3242 4918 3491 4988 exempla

1921 5009 2336 5078 praecedentium
2378 5007 2599 5063 Patrum
2643 5010 2897 5064 cordibus
2932 5010 3045 5064 suis
3071 5008 3378 5077 imprimere
3407 5009 3493 5064 de-

1919 5101 2069 5165 bent,
2106 5108 2166 5155 ut
2192 5111 2430 5171 tempore
2466 5116 2703 5173 congruo
2730 5102 2945 5156 valeant
2983 5116 3045 5156 ea
3075 5100 3188 5155 suis
3233 5100 3493 5156 auditori-

1920 5192 2022 5247 bus
2049 5191 2360 5246 elucidare:
2403 5211 2421 5242 ι
2457 5199 2513 5246 et
2539 5206 2728 5247 omnes
2756 5192 3015 5245 terminos
3042 5200 3183 5254 tuos,
3228 5208 3246 5242 ι
3292 5191 3491 5245 subau-

1922 5284 2004 5340 dis
2041 5324 2055 5349 ,
2105 5299 2299 5354 ponam
2346 5303 2366 5336 ί
2427 5283 2832 5339 desiderabiles.
2887 5300 2907 5334 ι
2950 5282 3057 5352 ipsi
3106 5289 3233 5337 sunt
3271 5281 3490 5336 termini

1919 5376 2174 5432 Ecclesiae
2198 5376 2290 5445 qui
2318 5383 2374 5430 et
2397 5383 2584 5445 portae,
2620 5373 3004 5444 praedicatores
3032 5372 3281 5429 videlicet
3305 5388 3371 5427 ac
3394 5371 3491 5426 do-

1922 5479 2120 5526 ctores.
2164 5466 2264 5534 Qui
2293 5466 2486 5522 merito
2525 5462 2742 5519 termini
2769 5463 3044 5530 dicuntur,
3086 5463 3212 5532 quia
3246 5461 3405 5516 ﬁdem
3433 5469 3491 5518 et

1923 5564 2222 5620 doctrinam
2250 5560 2659 5631 prmdicatorum
2691 5571 2798 5611 non
2828 5556 3028 5612 debent
3066 5553 3361 5622 transgredi
3386 5568 3487 5608 au-

1923 5659 2142 5714 ditores.
2180 5654 2246 5707 Et
2280 5653 2421 5707 sicut
2445 5658 2588 5704 terra
2617 5648 2863 5703 terminis
2894 5656 2951 5703 ct
2989 5647 3184 5702 ﬁnibus
3206 5644 3320 5699 suis
3361 5658 3489 5699 con-

1921 5749 2082 5809 sistit,
2131 5745 2205 5800 ita
2236 5752 2420 5799 sancta
2450 5740 2690 5795 Ecclesia
2723 5738 2851 5804 ﬁde,
2874 5736 3272 5810 praedicatione,
3307 5742 3360 5788 et
3387 5735 3489 5788 mi-

1922 5838 2117 5894 raculis
2146 5831 2563 5906 praecedentium
2590 5830 2808 5884 Patrum
2842 5839 2896 5884 et
2920 5826 3325 5898 praedicatorum
3365 5840 3487 5880 con-
