4016 6462
564 375 667 432 990

1024 376 1375 434 IIAYMONIS
1411 378 1885 438 IIALBERSTAT.
1926 383 2139 441 EPISC.
2182 382 2329 441 OPP.
2371 386 2611 469 PARS].
2642 420 2710 430 ——-
2746 391 3101 450 COMMENT.
3143 397 3312 454 BIBL.

3677 406 3804 463 1000

565 500 692 547 stat.
727 490 854 557 Quae
888 490 1049 545 etiam
1078 507 1186 545 uno
1215 492 1549 548 solummodo
1587 495 1781 564 angulo
1804 496 1999 552 Judzeaa
2025 513 2129 552 non
2158 502 2203 560 Α
2233 513 2535 581 nem,.qua:
2569 504 2746 557 omnia
2783 506 3026 563 diabolus
3056 508 3262 576 suﬁlat,
3314 513 3415 566 hoc
3457 522 3542 567 est
3581 518 3797 574 excitat.

563 589 968 652 coangustatur,
1024 585 1117 637 sed
1146 596 1241 650 per
1271 598 1460 639 omnes
1499 588 1758 641 terminos
1785 588 1942 641 terrae
1978 590 2132 661 longe

565 673 778 737 lateque
815 674 1139 728 extenditur.

639 783 658 816 ι
704 764 993 820 Universos
1035 763 1171 818 ﬁlios
1199 772 1318 819 tuos
1359 765 1543 822 doctos
1584 781 1611 820 a
1641 769 1888 834 Domino,
1928 789 1946 820 ι
2001 770 2131 825 sub-

562 851 716 908 audis
755 854 895 908 dabo
936 854 1020 907 vel
1051 853 1246 909 faciam
1278 872 1290 909 :
1331 874 1349 907 ι
1402 865 1458 910 et
1483 857 1877 912 multitudinem
1907 861 2056 929 pacis
2106 880 2126 913 ι

562 944 701 999 dabo
743 962 762 993 α
809 942 933 997 ﬁliis
959 944 1086 999 tuis.
1120 965 1139 997 ι

637 1050 655 1084 ι
698 1033 764 1087 Ει
809 1034 860 1087 in
879 1034 1089 1104 justitia
1141 1034 1474 1101 fundaberis,
1515 1055 1533 1088 ι
1581 1037 1637 1090 id
1676 1046 1759 1092 est
1793 1037 2127 1092 solidabcris.

559 1122 715 1178 Modo
751 1125 969 1194 exponit
1007 1140 1144 1194 quos
1194 1127 1442 1196 superius
1494 1128 1841 1196 appellaverit
1906 1129 2128 1198 lapides,

560 1214 699 1268 ﬁlios
729 1215 977 1270 videlicet
1014 1216 1285 1271 Ecclesiae.
1318 1217 1564 1273 Universi
1594 1220 1792 1290 quippe
1822 1220 1913 1274 ﬁlii
1951 1220 2133 1275 Eccle-

558 1306 654 1360 sia:
684 1306 827 1361 docti
853 1315 979 1362 sunt
1006 1323 1037 1361 a
1064 1308 1312 1373 Domino,
1350 1310 1475 1378 quia
1505 1311 1621 1381 ipso
1647 1313 1871 1368 docente
1896 1312 2134 1368 efﬁciun-

557 1402 649 1447 tur
674 1394 769 1453 ﬁlii
797 1396 911 1450 Dei.
953 1396 1107 1451 Sicut
1130 1397 1245 1466 ipse
1272 1399 1325 1452 in
1356 1398 1645 1469 Evangelia
1668 1402 1799 1458 dicit
1831 1420 1845 1456 :
1888 1421 1906 1453 ι
1961 1402 2129 1459 Nemo

553 1486 703 1540 venit
728 1488 796 1541 ad
834 1502 939 1552 me,
976 1487 1082 1542 nisi
1114 1488 1295 1554 Pater,
1328 1490 1418 1558 qui
1446 1491 1594 1545 misit
1620 1507 1723 1557 me,
1756 1493 1979 1548 traxerit
2007 1510 2130 1550 eum

555 1578 735 1648 (Joan.
771 1562 881 1648 γι).⁸
906 1597 924 1629 ι
975 1580 1042 1633 Ει
1067 1580 1120 1633 in
1158 1582 1432 1650 prophetis
1464 1600 1477 1636 :
1523 1583 1696 1638 Erunt
1730 1585 1969 1656 (inquit)
2012 1601 2130 1642 om—

553 1683 652 1722 nes
689 1670 831 1724 docti
863 1685 895 1724 a
930 1670 1173 1725 Domino.
1231 1671 1622 1730 Multitudinem
1646 1677 1795 1746 pacis
1829 1679 1965 1733 dabo
2006 1678 2129 1733 ﬁliis

555 1760 682 1824 tuis,
711 1761 765 1815 id
792 1772 892 1828 est,
926 1763 1282 1819 reconciliabo
1313 1766 1407 1820 tibi
1425 1767 1589 1834 [ﬁlios
1626 1777 1762 1823 tuos.
1794 1768 1926 1824 Cum
1950 1771 2076 1826 dicit
2108 1791 2122 1824 ε

2237 587 2355 656 Ipse
2381 592 2543 646 etiam
2569 595 2773 663 profert
2795 614 2921 653 vasa
2952 602 3018 654 ad
3039 616 3175 670 opus
3195 618 3372 667 suum,
3398 606 3500 663 hoc
3519 618 3603 663 est
3625 626 3804 680 quem-

2231 676 2362 731 libet
2393 681 2700 759 haareticum
2730 695 2785 740 et
2817 702 3117 759 paganum,
3160 691 3446 749 facientem
3479 676 3802 756 voluntatem

2232 780 2405 820 suam.
2454 767 2604 825 Sicut
2649 776 2872 843 protulit
2919 776 3192 834 Simonem
3222 799 3434 854 magum
3465 796 3522 841 et
3548 789 3800 854 Elimam,

2232 869 2460 922 quorum
2492 876 2630 916 unus
2659 865 2857 919 restitit
2885 866 3041 922 beato
3069 868 3227 925 Petro
3260 882 3313 926 et
3350 876 3516 931 multa
3548 881 3689 934 mala
3724 884 3799 937 in-

2235 946 2385 1011 tulit,
2417 949 2556 1003 alter
2584 956 2801 1023 egregio
2838 960 3174 1026 praedicatori
3213 964 3399 1020 Paulo.
3451 969 3676 1026 Dicatur
3710 974 3802 1027 ita-

2231 1048 2335 1103 que
2360 1054 2372 1088 :
2403 1037 2513 1107 Ego
2538 1044 2718 1096 creavi
2746 1045 2978 1112 fabrum,
3008 1049 3061 1103 id
3081 1060 3163 1105 est
3188 1053 3481 1121 diabolum,
3509 1060 3801 1119 suillantem

2231 1122 2286 1175 in
2317 1123 2439 1194 igne
2464 1143 2694 1196 prunas,
2736 1134 2840 1190 hoc
2882 1144 2966 1191 est
3004 1126 3428 1209 perseéutionem
3463 1159 3518 1202 et
3549 1154 3800 1210 malitiam

2230 1213 2577 1283 excitanlem,
2600 1228 2656 1274 et
2676 1223 3036 1291 proferentem
3060 1230 3126 1283 ad
3150 1247 3285 1302 opus
3305 1240 3569 1303 suum,-id
3596 1251 3679 1296 est
3704 1246 3800 1299 lia:-

2230 1304 2456 1359 reticum
2485 1318 2539 1362 et
2564 1324 2873 1378 perversum
2927 1321 3220 1388 quemlibet
3271 1326 3339 1381 ad
3380 1324 3686 1389 faciendam
3712 1354 3800 1393 vo-

2230 1391 2487 1450 luntatem
2517 1414 2689 1455 suam.

2303 1500 2321 1532 ι
2350 1482 2429 1574 Et
2444 1500 2604 1574 omne
2629 1505 2724 1546 vas
2749 1497 2891 1563 quod
2923 1497 3106 1554 ﬁctum
3137 1513 3217 1558 est
3246 1524 3265 1556 ι
3304 1523 3335 1560 a
3362 1502 3582 1568 diabolo
3621 1528 3799 1574 contra

2227 1576 2301 1632 te,
2330 1586 2362 1624 ο
2390 1568 2648 1643 Ecclesia,
2686 1597 2704 1629 ι
2733 1596 2838 1635 non
2865 1584 3144 1656 dirigetur,
3174 1611 3193 1643 ι
3221 1594 3344 1662 quia
3370 1568 3675 1666 praesentes

2227 1678 2325 1718 nas
2352 1668 2549 1723 sentiet
2573 1678 2626 1724 et
2655 1670 2893 1730 futuras:
2931 1696 2949 1728 ι
2978 1690 3034 1734 et
3057 1697 3273 1740 onmem
3293 1683 3531 1759 linguam
3558 1714 3575 1744 ι
3595 1668 3799 1752 basi-eti-

2227 1768 2436 1821 corum,
2464 1760 2783 1829 scribarum,
2812 1774 2867 1819 et
2890 1766 3304 1840 Pharisaeorum,
3328 1780 3411 1834 vel
3440 1782 3609 1836 etiam
3642 1787 3793 1854 philos

550 1850 753 1918 iustitia
799 1852 1109 1909 fundaberis
1140 1894 1155 1919 ,
1206 1870 1304 1924 per
1348 1855 1615 1924 justitiam
1664 1873 1853 1912 omnes
1896 1858 2116 1916 virtutes

2227 1843 2539 1911 sophorum,
2574 1866 2593 1898 ι
2624 1851 2963 1910 resistentem
2998 1859 3095 1913 tibi
3134 1860 3186 1914 in
3223 1852 3428 1932 judicio
3450 1843 3747 1939 judicabis,
3775 1894 3792 1925 ι

551 1943 667 1997 vult
694 1959 724 1997 a
753 1945 905 1999 nobis
935 1945 1177 2015 intelligi,
1222 1955 1282 2000 ut
1308 1946 1378 2001 sit
1411 1963 1602 2002 sensus
1632 1966 1646 2001 :
1684 1948 1893 2018 justitia
1932 1949 2126 2005 funda-

549 2030 715 2097 beris,
756 2034 862 2087 hoc
879 2043 962 2088 est
1007 2034 1111 2089 ﬁde
1139 2034 1694 2107 Christi,aeternaque
1736 2035 2126 2105 justiﬁcatione

550 2130 605 2177 et
637 2123 965 2193 plenitudine
1000 2127 1257 2181 virtutum
1294 2127 1644 2194 solidaberis;
1683 2149 1701 2180 ι
1732 2131 1921 2186 recede
1940 2133 2124 2201 procul

551 2227 582 2266 a
607 2213 896 2278 calumnia,
949 2234 968 2266 ι
996 2215 1048 2269 id
1075 2224 1157 2271 est
1185 2218 1253 2271 ab
1275 2218 1643 2287 oppressione,
1669 2220 1751 2274 vel
1782 2221 1990 2290 rapina,
2013 2222 2128 2277 sive

550 2301 854 2370 iniquitate,
891 2312 923 2355 ι’
944 2304 1067 2373 quia
1089 2320 1196 2360 non
1226 2307 1457 2370 timebis,
1499 2326 1516 2360 ι
1548 2309 1805 2365 subaudis
1829 2310 2121 2375 diabolum,

550 2407 726 2461 neque
759 2394 1131 2450 haereticorum
1182 2398 1265 2453 vel
1302 2409 1708 2469 persecuturum
1746 2402 2049 2473 impetum:
2077 2406 2124 2460 si

549 2486 841 2542 recesseris
865 2487 933 2541 ab
951 2488 1199 2545 omnibus
1222 2490 1614 2561 iniquitatibus,
1645 2513 1665 2547 ι
1697 2504 1752 2549 et
1774 2510 1806 2549 a
1828 2511 2057 2565 pavore,
2099 2516 2117 2549 ι

548 2577 804 2631 subaudis
854 2594 923 2632 ne
976 2580 1197 2645 timeas,
1260 2601 1279 2633 ‹
1339 2584 1463 2651 quia
1515 2600 1621 2640 non
1678 2588 2124 2656 appropinquabit

549 2663 666 2718 tibi.
704 2685 722 2717 ι
745 2666 1004 2737 Superius
1018 2670 1329 2727 consolatus
1349 2682 1429 2729 est
1443 2674 1737 2731 Ecclesium
1760 2678 1825 2732 de
1850 2678 2116 2748 gentibus,

545 2758 870 2825 promittens
906 2759 957 2814 ei
995 2762 1196 2830 gratias
1232 2763 1579 2837 spirituales:
1610 2782 1758 2823 nunc
1798 2770 1953 2825 docet
1992 2772 2120 2840 quid

544 2862 705 2919 agere
728 2848 941 2915 debeat,
987 2849 1032 2904 si
1081 2868 1185 2906 non
1229 2854 1343 2908 vult
1387 2856 1818 2912 adversariorum
1862 2860 2131 2943 impetum“
2168 2912 2179 2917 -

544 2938 856 2995 formidare.
912 2942 978 2995 Et
1011 2952 1095 2997 est
1121 2959 1311 3000 sensus
1346 2964 1360 2998 :
1391 2946 1507 3001 Non
1532 2949 1614 3003 vis
1661 2950 1846 3004 timere
1872 2952 2120 3009 inimicos

545 3030 709 3083 tuos?
745 3029 829 3085 fac
874 3032 973 3086 ista
1012 3046 1132 3100 quae
1160 3034 1300 3099 dico,
1334 3036 1437 3090 hoc
1471 3045 1573 3102 est,
1620 3040 1807 3094 recede
1835 3056 1865 3093 a
1907 3042 2115 3096 calum-

544 3118 656 3182 nia,
679 3126 735 3172 et
758 3119 824 3173 ab
845 3121 1146 3189 iniquitate,
1169 3131 1224 3177 et
1246 3140 1274 3178 a
1303 3139 1501 3192 pavore
1517 3128 1788 3184 hominum
1813 3146 1877 3184 uc
1904 3132 2111 3189 timeas.

2230 1933 2313 1988 vel
2340 1936 2505 2018 etiam,
2528 1939 2829 2008 damnabis,
2867 1955 2962 1999 aut
2992 1958 3140 2004 certe
3178 1933 3505 2011 discretione
3529 1933 3795 2018 discernes

2227 2016 2549 2091 disputando
2572 2032 2693 2082 cum
2717 2032 2815 2086 eis.
2840 2032 3007 2088 Sicuti
3034 2038 3157 2093 alibi
3186 2043 3450 2111 scriptum
3472 2057 3559 2100 est
3586 2065 3603 2101 :
3636 2068 3655 2099 ι

2224 2113 2349 2168 dam
2375 2117 2694 2186 sapientiam
2725 2123 3016 2182 humanam
3046 2144 3077 2182 a
3108 2131 3462 2200 sapientibus,
3491 2149 3547 2192 et
3576 2144 3793 2208 prudela

2224 2203 2352 2256 tiam
2391 2206 2736 2274 prudentium
2775 2215 3070 2283 reprobaho
3109 2217 3162 2289 (Ι
3191 2218 3313 2274 Cor.
3354 2222 3418 2291 ι).
3450 2244 3472 2278 ι
3525 2203 3788 2298 Siquiden

2223 2295 2401 2348 conati
2431 2305 2556 2351 sunt
2587 2299 2769 2356 Simon
2812 2313 2869 2358 et
2907 2306 3105 2364 Elimas
3140 2313 3392 2371 resistere
3429 2295 3639 2376 sanctis
3670 2341 3785 2394 apo-

2222 2386 2398 2450 stolis,
2432 2389 2570 2444 sicut
2598 2392 2857 2460 diximus,
2891 2412 2986 2452 sua
3018 2400 3259 2457 doctrina
3290 2416 3345 2459 et
3374 2410 3664 2478 sapientia,

2221 2478 2560 2534 condemnati
2587 2482 2715 2537 sont
2738 2486 2805 2540 ab
2828 2488 2907 2542 eis
2927 2497 2982 2543 et
3004 2490 3277 2560 dijudicati
3304 2512 3411 2552 non
3446 2514 3581 2555 vera
3600 2505 3770 2558 dicere.

2222 2565 2312 2625 Sic
2332 2571 2591 2641 Hilarius,
2606 2577 2683 2632 sic
2706 2579 3057 2652 Augustinus,
3074 2587 3150 2642 sic
3166 2588 3555 2664 Hieronymus,
3574 2608 3625 2652 et
3637 2599 3784 2654 Athas

2220 2661 2425 2728 nasius,
2458 2675 2643 2720 contra
2677 2684 2805 2725 vasa
2838 2672 3037 2729 diaboli
3074 2661 3451 2749 pugnaverunt
3478 2688 3597 2742 suis
3620 2691 3786 2761 dispua

2221 2749 2531 2807 tationibus.
2575 2773 2595 2805 ι
2627 2754 2750 2813 Haec
2777 2769 2860 2814 est
2886 2762 3158 2821 hereditas
3183 2783 3462 2827 servorum
3490 2749 3726 2845 Domini,
3746 2791 3793 2835 et

2210 2836 2418 2925 justitia
2445 2856 2629 2899 eorum
2661 2850 2801 2918 apud
2835 2867 2940 2917 me,
2978 2854 3106 2910 dicit
3143 2856 3423 2917 Dominus.
3456 2884 3474 2915 ι
3525 2867 3608 2922 Ne
3644 2836 3794 2939 puta-

2219 2940 2341 2985 rent
2368 2932 2522 2989 electi
2564 2935 2837 2995 incassum
2878 2942 3114 3003 laborem
3154 2956 3437 3019 przesentis
3474 2958 3599 3014 vitae
3635 2932 3794 3017 susti-

2218 3035 2347 3076 nere
2366 3039 2463 3093 pro
2483 3030 2695 3085 nomine
2717 3033 2935 3102 Christi,
2956 3052 3354 3111 consequentur
3374 3046 3641 3106 subini’ert
3662 3071 3792 3123 pne-

2220 3115 2325 3205 rnia
2363 3120 2703 3205 Ameritortim.
2752 3124 2877 3182 llaec
2921 3130 3137 3205 (inquit)
3185 3135 3460 3194 hcereditas
3501 3115 3786 3200 servorum

618 3230 636 3261 ε
668 3211 804 3266 Ecce
823 3214 1003 3268 accola
1029 3215 1224 3281 veniet,
1254 3218 1346 3287 qui
1377 3234 1481 3273 non
1511 3228 1627 3275 erat
1656 3237 1885 3286 mecm",
1910 3225 2116 3281 advena
2144 3201 2189 3263 C
2220 3192 2453 3272 Domini,
2480 3211 2726 3268 videlicet
2755 3218 2860 3271 vita
2888 3228 3107 3289 acterna,
3144 3241 3303 3297 regna
3329 3230 3577 3285 caelorum
3606 3244 3663 3286 et
3693 3253 3780 3291 re-

541 3302 807 3371 quondam
840 3314 963 3360 tuus
989 3306 1311 3375 adjuugetur
1341 3308 1456 3364 tibi.
1487 3330 1505 3361 ι
1547 3311 1661 3365 Vox
1688 3311 1889 3367 Christi
1919 3312 1985 3369 ad
2015 3316 2117 3371 Ec-

540 3393 758 3447 clesium
788 3395 1115 3464 primitivam
1145 3397 1412 3467 loquentis
1430 3401 1495 3455 de
1516 3400 1856 3458 multitudine
1877 3406 2114 3472 gentium

520 3488 609 3547 ,ad
647 3487 806 3543 ﬁdem
839 3490 1205 3557 venientium,
1248 3507 1367 3561 quae
1407 3502 1532 3547 ante
1575 3493 1785 3550 Domini
1825 3496 2115 3553 adventrum

540 3583 743 3636 advena
774 3591 922 3647 erat,
954 3593 1007 3637 et
1038 3584 1195 3655 longe
1233 3602 1262 3640 a
1302 3586 1431 3641 Deo.
1472 3587 1611 3642 Ecce
1640 3586 1880 3659 (inquit)
1907 3590 2111 3655 accola,

539 3674 754 3745 gentilis
782 3675 1029 3731 videlicet
1058 3677 1282 3747 populus
1302 3719 1316 3741 ,
1360 3680 1540 3734 veniet
1569 3678 1635 3733 ad
1680 3694 1767 3734 me
1794 3695 1891 3751 per
1932 3681 2112 3745 ﬁdem,

539 3772 685 3819 recte
710 3765 1001 3830 credendo,
1029 3774 1083 3820 et
1110 3767 1244 3822 bene
1266 3768 1513 3835 vivendo,
1553 3768 1643 3838 qui
1675 3779 1831 3826 antea
1863 3785 1965 3824 non
1996 3778 2115 3825 erat

536 3872 771 3922 mecum,
803 3858 1045 3913 serviens
1067 3859 1221 3914 idolis
1250 3860 1521 3931 variisque
1546 3861 1851 3926 erroribus;
1883 3864 2111 3928 advena,

538 3952 592 4006 id
610 3961 694 4007 est
722 3954 1027 4024 proselytus
1052 3955 1319 4022 quondam
1346 3961 1487 4017 tuus,
1512 3954 1795 4010 oEcclesia
1817 3955 2108 4024 primitiva,

536 4045 764 4114 populus
791 4045 1041 4099 videlicet
1065 4046 1302 4114 gentium
1321 4086 1337 4109 ,
1382 4047 1472 4115 qui
1516 4045 1671 4116 longe
1712 4056 1829 4100 erat
1865 4063 1895 4101 a
1923 4056 1975 4102 te
2000 4057 2053 4103 et
2081 4065 2112 4103 a

538 4135 642 4188 ﬁde
682 4143 768 4187 tua
796 4175 810 4196 ,
865 4134 1184 4204 adjungetur
1232 4136 1324 4189 tibi
1365 4136 1523 4190 modo
1569 4136 1830 4191 vocabulo
1881 4138 2113 4194 nominis

537 4226 829 4279 Christiani
854 4238 908 4279 et
931 4226 1049 4279 ﬁdei
1077 4226 1301 4280 unitate.
1330 4225 1529 4280 Sancta
1558 4227 1699 4280 enim
1732 4227 1974 4282 Ecclesia
1994 4245 2112 4298 qua:

535 4323 663 4369 ante
701 4312 751 4369 in
788 4314 985 4370 Judmis
1026 4316 1358 4370 solummodo
1395 4324 1547 4381 erat,
1597 4317 1755 4372 modo
1797 4328 2007 4373 constat
2044 4335 2109 4375 ex

536 4414 767 4476 utroque
790 4407 987 4475 populo
1013 4406 1441 4461 circumcisionis
1462 4415 1514 4460 et
1541 4407 1784 4477 przeputii
1811 4408 2031 4462 collecta
2056 4410 2107 4462 in

533 4513 699 4550 unum
729 4497 887 4551 ovile.
921 4495 1074 4551 Sicut
1101 4496 1357 4551 Dominus
1385 4498 1436 4551 in
1468 4498 1755 4567 Evangelio
1781 4498 1913 4552 dicit
1938 4517 1952 4552 :
2000 4518 2017 4549 (
2042 4499 2107 4552 Et

534 4587 682 4650 alias,
709 4587 904 4657 inquit,
930 4602 1058 4641 oves
1079 4586 1273 4652 habeo,
1295 4602 1414 4656 quae
1438 4605 1542 4642 non
1573 4597 1780 4642 suntex
1811 4588 1913 4643 hoc
1940 4590 2066 4644 ovili
2091 4607 2104 4643 :

533 4687 589 4734 et
632 4678 748 4733 illas
783 4688 994 4749 oportet
1038 4694 1122 4733 me
1163 4679 1448 4745 adducere,
1492 4688 1548 4735 et
1581 4696 1765 4736 vocem
1803 4697 1977 4736 meam
2014 4699 2110 4737 au-

532 4771 702 4833 dient,
719 4781 773 4825 et
789 4771 881 4825 ﬁet
894 4788 1057 4825 umnn
1075 4773 1214 4826 ovile
1226 4783 1281 4826 et
1296 4789 1434 4828 unus
1447 4782 1629 4844 pastor
1642 4774 1820 4844 (Joan.
1838 4774 1913 4843 ι).
1940 4795 1957 4826 ι
1983 4764 2107 4829 [Idae

531 4859 697 4915 Judaei
723 4870 912 4931 putant
937 4864 1167 4919 inaniter
1182 4864 1247 4917 ad
1268 4865 1602 4920 Hierusalem
1620 4867 1728 4922 dici
1753 4886 1765 4920 :
1790 4868 1928 4936 quod
1952 4869 2104 4923 multi

530 4966 597 5006 ex
621 4954 870 5022 gentibus
896 4955 1002 5009 sint
1026 4956 1281 5025 proselyti
1311 4955 1473 5010 futuri
1500 4966 1743 5028 tempore
1767 4958 1966 5015 Christi
1996 4961 2099 5014 sui.

610 5061 629 5094 ι
659 5043 795 5099 Ecce
820 5060 920 5115 ego
949 5047 1126 5100 creavi
1156 5046 1370 5101 fabrum
1396 5047 1695 5104 suﬁlantem
1734 5051 1786 5104 in
1827 5051 1947 5117 igne
1975 5067 2104 5120 pru-

514 5147 663 5196 nas,
704 5142 759 5187 et
796 5134 1157 5203 proferentem
1194 5152 1287 5191 vas
1318 5138 1370 5191 in
1412 5155 1546 5208 opus
1598 5156 1774 5195 suum.
1806 5160 1825 5191 ι
1869 5141 2101 5196 Fabrum

530 5223 640 5278 isto
668 5223 721 5277 in
753 5224 871 5278 loco
909 5225 1140 5294 appellat
1177 5227 1446 5283 diabolum
1490 5229 1822 5286 inventorem
1863 5232 2101 5287 omnium

529 5314 817 5377 malorum,
843 5324 898 5369 et
927 5314 1309 5373 fabricatorem
1347 5318 1512 5374 totius
1539 5322 1755 5377 malitia:
1776 5332 1831 5376 et
1853 5325 2105 5394 iniquita-

529 5403 620 5465 tis,
650 5419 757 5458 non
785 5404 927 5473 quod
957 5404 1101 5460 Deus
1120 5407 1462 5476 omnipotens
1481 5420 1739 5476 quantum
1760 5413 1830 5469 ad
1853 5423 2102 5469 naturam

526 5493 764 5562 pertinet
805 5494 1003 5548 malum
1038 5497 1303 5550 creaverit
1336 5496 1517 5561 illum,
1555 5497 1649 5553 sed
1700 5498 1787 5555 ille
1839 5518 1936 5556 suo
1974 5505 2102 5560 vitio

528 5583 701 5637 malus
731 5583 986 5649 effectus,
1026 5583 1254 5641 fabricat
1297 5589 1538 5656 quotidie
1580 5604 1730 5645 arma
1780 5593 2098 5663 iniquitatis.

526 5671 630 5739 Per
658 5674 832 5742 ignem
862 5686 917 5746 et
943 5689 1142 5744 prunas
1170 5677 1427 5733 debemus
1456 5681 1752 5752 intelligere
1780 5683 2099 5743 inccntivam

530 5764 777 5820 vitiorum
825 5767 1133 5833 libidinem,
1172 5769 1379 5838 aliaque
1415 5783 1652 5840 peccata,
1689 5784 1737 5827 ct
1771 5783 2099 5845 persecutio-

2221 3296 2441 3353 tributio
2474 3300 2736 3372 laborum,
2770 3324 2889 3377 quae
2924 3327 2942 3362 ι
2970 3313 3159 3371 oculus
3187 3296 3292 3372 non
3319 3320 3455 3383 vidit,
3489 3338 3588 3375 nec
3619 3326 3769 3379 auris

2215 3386 2449 3454 audivit,
2481 3407 2581 3447 nec
2613 3394 2666 3447 in
2698 3410 2791 3449 cor
2818 3397 3050 3458 hominis
3079 3408 3435 3462 ascenderunt
3454 3451 3467 3473 ,
3496 3425 3613 3479 qua:
3642 3429 3779 3483 pne-

2215 3481 2425 3548 paravit
2462 3482 2603 3540 Deus
2632 3485 2975 3559 diligentibus
3005 3508 3065 3548 se
3095 3490 3145 3567 (Ι
3177 3497 3300 3553 Cor.
3330 3500 3369 3566 ι)
3398 3522 3415 3552 ι
3459 3502 3523 3555 Et
3559 3481 3679 3558 bme
3705 3510 3787 3560 est

2209 3568 2417 3639 justitia
2439 3589 2623 3631 eorum
2649 3580 2738 3648 qui
2767 3582 2905 3651 apud
2930 3583 3210 3642 Dominum
3235 3601 3380 3655 sunt,
3405 3602 3464 3646 ut
3487 3610 3587 3662 pro
3610 3597 3788 3652 labore

2216 3665 2497 3730 praesentis
2519 3666 2640 3721 'viuc
2666 3673 2881 3738 praemia
2909 3685 3107 3731 aeterna
3136 3682 3457 3751 percipiant,
3479 3695 3533 3738 et
3554 3703 3788 3756 przescns

2216 3755 2487 3814 tribulatio
2513 3757 2694 3816 futuro
2722 3765 2914 3834 gaudio
2941 3772 3448 3841 eoiuprchendatur.

2811 3872 3036 3931 CAPUT
3085 3877 3196 3933 LV.

2290 3978 2308 4009 ‹
2337 3956 2534 4014 Omnes
2557 3960 2818 4026 sitientes,
2848 3967 3025 4023 venite
3051 3971 3119 4025 ad
3147 3988 3342 4043 aquas;
3369 3985 3426 4031 et
3450 3980 3543 4049 qui
3574 3997 3678 4037 non
3700 3983 3793 4037 ha-

2211 4051 2352 4106 betis
2380 4061 2680 4120 argentum,
2713 4067 3017 4125 properate,
3048 4063 3210 4118 emite
3246 4076 3299 4120 et
3329 4073 3620 4126 comedite.
3652 4092 3672 4125 ι
3705 4074 3792 4127 Al-

2211 4142 2446 4211 loquitur
2478 4158 2654 4198 sermo
2690 4146 2899 4215 divinus
2939 4153 3260 4220 generaliter
3296 4172 3522 4223 omnes,
3566 4169 3674 4216 tam
3702 4163 3791 4216 Juo

2212 4233 2356 4286 daaos
2380 4249 2537 4301 quam
2567 4237 2825 4305 gentiles,
2863 4248 2922 4293 ut
2961 4245 3180 4299 veniant
3205 4248 3273 4301 ad
3301 4265 3475 4319 aquas
3503 4254 3783 4317 salutares,

2213 4322 2277 4377 de
2304 4324 2497 4392 quibus
2523 4326 2654 4380 dicit
2681 4327 2787 4381 alio
2810 4329 2862 4383 in
2885 4330 3005 4389 loco
3026 4334 3190 4390 Isaias
3225 4355 3239 4391 :
3272 4358 3289 4389 ι
3321 4340 3607 4400 Haurietis
3628 4363 3786 4417 aquas

2212 4414 2265 4467 in
2296 4416 2491 4485 gaudio
2516 4415 2581 4471 de
2608 4416 2846 4474 fontibus
2877 4422 3173 4481 Salvatoris
3199 4427 3335 4498 (Isa.
3364 4434 3491 4502 xu).
3529 4454 3548 4484 ι
3575 4414 3704 4491 Sitis
3731 4441 3777 4491 in

2212 4505 2313 4560 hoc
2338 4506 2456 4561 loco
2485 4508 2836 4577 spiritualiter
2862 4514 3206 4584 intelligenda
3233 4528 3333 4583 est,
3373 4531 3433 4576 et
3460 4540 3606 4594 aqua
3639 4529 3781 4596 spiri-

2216 4595 2501 4660 tualis,de
2546 4615 2650 4667 qua
2698 4616 2836 4670 aqua
2882 4602 3141 4662 Dominus
3187 4609 3239 4662 in
3279 4610 3585 4685 Evangelia
3622 4595 3783 4672 dicit:

2216 4706 2233 4737 ς
2258 4686 2356 4753 Qui
2386 4689 2497 4742 sitit
2525 4691 2706 4745 veniat
2733 4692 2801 4746 ad
2830 4709 2916 4750 me
2931 4705 3006 4778 _et
3043 4688 3218 4767 bibat,
3262 4705 3423 4766 etde
3455 4719 3651 4766 ventre
3679 4712 3790 4778 ejus

2209 4776 2375 4832 fluent
2402 4795 2557 4848 aqum
2581 4783 2714 4837 vivae
2746 4770 2950 4855 (Jama.
2971 4789 3096 4859 vn).
3130 4810 3147 4842 ι
3189 4791 3610 4867 Consequentcr
3650 4770 3789 4856 enim

2209 4868 2549 4937 Evangelista
2583 4873 2872 4941 declaravit
2896 4878 3021 4945 quid
3061 4879 3185 4935 illud
3224 4884 3653 4954 signiﬁcaverit,
3696 4893 3792 4946 hoc

2209 4957 2501 5032 (inquiens)
2520 4963 2655 5016 dixit
2680 4965 2744 5020 de
2773 4965 2973 5034 Spiritu
2996 4985 3156 5038 quem
3186 4980 3461 5047 accepturi
3488 4993 3653 5036 erant
3681 4998 3791 5038 cre-

2209 5046 2396 5103 dentes
2426 5050 2480 5105 in
2510 5067 2653 5106 eum.
2684 5054 2881 5110 Omnes
2912 5058 3175 5125 sitientes,
3201 5046 3253 5115 id
3280 5074 3363 5118 est
3388 5067 3787 5133 desiderantes,

2208 5140 2321 5194 sive
2337 5151 2641 5211 quaerentes
2660 5145 2939 5201 scientiam
2958 5148 3164 5206 Veteris
3187 5167 3250 5206 ac
3271 5152 3403 5208 Novi
3424 5157 3786 5223 Testamenti,

2206 5231 2385 5286 venite
2427 5233 2495 5288 ad
2535 5250 2705 5303 aquas
2745 5236 3103 5308 baptismatis,
3141 5244 3223 5297 vel
3257 5249 3325 5300 ad
3362 5247 3507 5302 dona‘
3552 5250 3786 5322 Spiritus

2206 5326 2398 5379 sancti.
2432 5326 2498 5380 Et
2528 5328 2622 5396 qui
2650 5344 2754 5384 non
2787 5330 2993 5387 habetis
3021 5346 3322 5404 argentum,
3354 5340 3461 5396 hoc
3490 5355 3580 5397 est
3604 5347 3786 5400 divina

2204 5414 2517 5485 cloquia,1de
2545 5419 2741 5487 quibus
2766 5406 2896 5475 dicit
2923 5423 3203 5480 Psalmista
3234 5447 3287 5499 :a
3312 5430 3541 5500 Eloquia
3570 5435 3783 5489 Domini

2203 5505 2413 5576 eloquia
2430 5517 2577 5563 casta
2608 5519 2889 5580 argentum
2923 5515 3394 5589 probatum(Psal.
3430 5522 3568 5594 xI),:
3590 5542 3785 5595 propc-

2204 5605 2320 5651 rate
2343 5599 2450 5653 cito
2476 5600 2660 5654 venire
2688 5601 2754 5655 ad
2785 5601 2939 5656 ﬁdem
2972 5620 3166 5659 meam.
3211 5607 3404 5674 Emite,
3432 5612 3573 5667 dona
3605 5614 3783 5685 Spiri-

2206 5693 2290 5741 tus
2318 5689 2489 5742 sancti
2516 5696 2570 5743 et
2594 5706 2788 5759 aquam
2814 5690 3175 5762 baptismatis,
3200 5712 3304 5751 non
3335 5702 3513 5768 pretio
3538 5705 3661 5759 auri
3691 5714 3787 5758 aut

2206 5779 2413 5849 argenti
2464 5779 2546 5833 vel
2596 5781 2774 5852 aliquo
2822 5782 3221 5854 hujuscemodi,
3270 5792 3364 5845 sed
3403 5794 3681 5849 credendo
3726 5805 3787 5850 et
