  <div class='ocr_page' id='page_1' title='image "/cluster/home/n/w/nwhite01/storage/ocr_20150623/116/hvd.32044015466881/502.png"; bbox 0 0 4016 6472; ppageno 0'>
   <div class='ocr_carea' id='block_1_1' title="bbox 241 409 376 472">
    <p class='ocr_par' dir='ltr' id='par_1_1' title="bbox 241 409 376 472">
     <span class='ocr_line' id='line_1_1' title="bbox 241 409 376 472; baseline -0.015 -1"><span class='ocrx_word' id='word_1_1' title='bbox 241 409 376 472; x_wconf 72' lang='grc' dir='ltr'>ιοοι</span> 
     </span>
    </p>
   </div>
   <div class='ocr_carea' id='block_1_2' title="bbox 1298 400 2439 465">
    <p class='ocr_par' dir='ltr' id='par_1_2' title="bbox 1298 400 2439 465">
     <span class='ocr_line' id='line_1_2' title="bbox 1298 400 2439 465; baseline -0.009 -1"><span class='ocrx_word' id='word_1_2' title='bbox 1298 405 1650 465; x_wconf 72' lang='grc' dir='ltr'><strong>(ΖΟΜΜΕΝΤ.</strong></span> <span class='ocrx_word' id='word_1_3' title='bbox 1693 404 1757 459; x_wconf 80' lang='grc' dir='ltr'><strong>ΙΝ</strong></span> <span class='ocrx_word' id='word_1_4' title='bbox 1797 400 2046 460; x_wconf 75' lang='lat' dir='ltr'><strong>lSAlAH.</strong></span> <span class='ocrx_word' id='word_1_5' title='bbox 2085 433 2152 442; x_wconf 90' lang='lat'><strong>—-</strong></span> <span class='ocrx_word' id='word_1_6' title='bbox 2186 401 2312 458; x_wconf 83' lang='lat' dir='ltr'><strong>LIB.</strong></span> <span class='ocrx_word' id='word_1_7' title='bbox 2353 403 2439 458; x_wconf 88' lang='lat' dir='ltr'><strong>Ill.</strong></span> 
     </span>
    </p>
   </div>
   <div class='ocr_carea' id='block_1_3' title="bbox 3372 402 3512 460">
    <p class='ocr_par' dir='ltr' id='par_1_3' title="bbox 3372 402 3512 460">
     <span class='ocr_line' id='line_1_3' title="bbox 3372 402 3512 460; baseline 0.014 -2"><span class='ocrx_word' id='word_1_8' title='bbox 3372 402 3512 460; x_wconf 72' lang='grc'><strong>1002</strong></span> 
     </span>
    </p>
   </div>
   <div class='ocr_carea' id='block_1_4' title="bbox 241 520 3513 596">
    <p class='ocr_par' dir='ltr' id='par_1_4' title="bbox 241 520 3513 596">
     <span class='ocr_line' id='line_1_4' title="bbox 241 520 3513 596; baseline -0.001 -11"><span class='ocrx_word' id='word_1_9' title='bbox 241 532 385 590; x_wconf 85' lang='lat' dir='ltr'><strong>bene</strong></span> <span class='ocrx_word' id='word_1_10' title='bbox 410 527 658 585; x_wconf 83' lang='lat' dir='ltr'><strong>vivendo.</strong></span> <span class='ocrx_word' id='word_1_11' title='bbox 692 525 1043 583; x_wconf 81' lang='lat' dir='ltr'><strong>Etcomedite</strong></span> <span class='ocrx_word' id='word_1_12' title='bbox 1074 525 1243 595; x_wconf 88' lang='lat' dir='ltr'><strong>ipsam</strong></span> <span class='ocrx_word' id='word_1_13' title='bbox 1275 541 1490 596; x_wconf 88' lang='lat' dir='ltr'><strong>aquam,</strong></span> <span class='ocrx_word' id='word_1_14' title='bbox 1519 523 1822 580; x_wconf 89' lang='lat' dir='ltr'><strong>doctrinam</strong></span> <span class='ocrx_word' id='word_1_15' title='bbox 1853 527 1897 582; x_wconf 74' lang='grc' dir='ltr'><strong>Α</strong></span> <span class='ocrx_word' id='word_1_16' title='bbox 1927 521 2186 592; x_wconf 71' lang='lat' dir='ltr'><strong>géntiam,</strong></span> <span class='ocrx_word' id='word_1_17' title='bbox 2210 530 2266 576; x_wconf 89' lang='lat' dir='ltr'><strong>et</strong></span> <span class='ocrx_word' id='word_1_18' title='bbox 2284 520 2551 578; x_wconf 87' lang='lat' dir='ltr'><strong>comedite</strong></span> <span class='ocrx_word' id='word_1_19' title='bbox 2572 521 2796 587; x_wconf 88' lang='lat' dir='ltr'><strong>bonum,</strong></span> <span class='ocrx_word' id='word_1_20' title='bbox 2819 523 2924 579; x_wconf 91' lang='lat' dir='ltr'><strong>hoc</strong></span> <span class='ocrx_word' id='word_1_21' title='bbox 2948 531 3031 578; x_wconf 86' lang='lat' dir='ltr'><strong>est</strong></span> <span class='ocrx_word' id='word_1_22' title='bbox 3061 523 3339 595; x_wconf 83' lang='lat' dir='ltr'><strong>inteulgtte</strong></span> <span class='ocrx_word' id='word_1_23' title='bbox 3356 524 3513 581; x_wconf 85' lang='lat' dir='ltr'><strong>Chri-</strong></span> 
     </span>
    </p>
   </div>
   <div class='ocr_carea' id='block_1_5' title="bbox 241 616 1825 691">
    <p class='ocr_par' dir='ltr' id='par_1_5' title="bbox 241 616 1825 691">
     <span class='ocr_line' id='line_1_5' title="bbox 241 616 1825 691; baseline -0.009 -10"><span class='ocrx_word' id='word_1_24' title='bbox 241 623 454 681; x_wconf 79' lang='lat' dir='ltr'><strong>scilicet</strong></span> <span class='ocrx_word' id='word_1_25' title='bbox 491 620 827 691; x_wconf 86' lang='lat' dir='ltr'><strong>spiritualem</strong></span> <span class='ocrx_word' id='word_1_26' title='bbox 876 619 958 674; x_wconf 88' lang='lat' dir='ltr'><strong>vel</strong></span> <span class='ocrx_word' id='word_1_27' title='bbox 1013 619 1150 673; x_wconf 88' lang='lat' dir='ltr'><strong>dona</strong></span> <span class='ocrx_word' id='word_1_28' title='bbox 1196 618 1432 688; x_wconf 76' lang='lat' dir='ltr'><strong>Spiritus</strong></span> <span class='ocrx_word' id='word_1_29' title='bbox 1477 616 1683 678; x_wconf 87' lang='lat' dir='ltr'><strong>sancti,</strong></span> <span class='ocrx_word' id='word_1_30' title='bbox 1727 629 1825 668; x_wconf 83' lang='lat' dir='ltr'><strong>an-</strong></span> 
     </span>
    </p>
   </div>
   <div class='ocr_carea' id='block_1_6' title="bbox 244 707 1820 782">
    <p class='ocr_par' dir='ltr' id='par_1_6' title="bbox 244 707 1820 782">
     <span class='ocr_line' id='line_1_6' title="bbox 244 707 1820 782; baseline -0.008 -11"><span class='ocrx_word' id='word_1_31' title='bbox 244 716 463 780; x_wconf 80' lang='lat' dir='ltr'><strong>diendo,</strong></span> <span class='ocrx_word' id='word_1_32' title='bbox 496 713 740 782; x_wconf 76' lang='lat' dir='ltr'><strong>legendo,</strong></span> <span class='ocrx_word' id='word_1_33' title='bbox 776 711 1105 774; x_wconf 88' lang='lat' dir='ltr'><strong>meditando,</strong></span> <span class='ocrx_word' id='word_1_34' title='bbox 1139 709 1302 764; x_wconf 91' lang='lat' dir='ltr'><strong>corde</strong></span> <span class='ocrx_word' id='word_1_35' title='bbox 1339 709 1637 763; x_wconf 87' lang='lat' dir='ltr'><strong>retinendo.</strong></span> <span class='ocrx_word' id='word_1_36' title='bbox 1680 707 1820 773; x_wconf 85' lang='lat' dir='ltr'><strong>Quo-</strong></span> 
     </span>
    </p>
   </div>
   <div class='ocr_carea' id='block_1_7' title="bbox 247 793 1829 874">
    <p class='ocr_par' dir='ltr' id='par_1_7' title="bbox 247 793 1829 874">
     <span class='ocr_line' id='line_1_7' title="bbox 247 793 1829 874; baseline -0.008 -13"><span class='ocrx_word' id='word_1_37' title='bbox 247 806 408 862; x_wconf 87' lang='lat' dir='ltr'><strong>modo</strong></span> <span class='ocrx_word' id='word_1_38' title='bbox 435 819 565 874; x_wconf 83' lang='lat' dir='ltr'><strong>ergo</strong></span> <span class='ocrx_word' id='word_1_39' title='bbox 592 818 879 873; x_wconf 82' lang='lat' dir='ltr'><strong>possumus</strong></span> <span class='ocrx_word' id='word_1_40' title='bbox 909 816 1103 869; x_wconf 85' lang='lat' dir='ltr'><strong>aquam</strong></span> <span class='ocrx_word' id='word_1_41' title='bbox 1134 799 1452 854; x_wconf 79' lang='lat' dir='ltr'><strong>comedere?</strong></span> <span class='ocrx_word' id='word_1_42' title='bbox 1483 799 1648 852; x_wconf 84' lang='lat' dir='ltr'><strong>Sacra</strong></span> <span class='ocrx_word' id='word_1_43' title='bbox 1683 793 1829 851; x_wconf 80' lang='lat' dir='ltr'><strong>Scri-</strong></span> 
     </span>
    </p>
   </div>
   <div class='ocr_carea' id='block_1_8' title="bbox 247 891 1831 972">
    <p class='ocr_par' dir='ltr' id='par_1_8' title="bbox 247 891 1831 972">
     <span class='ocr_line' id='line_1_8' title="bbox 247 891 1831 972; baseline -0.008 -17"><span class='ocrx_word' id='word_1_44' title='bbox 247 908 403 972; x_wconf 84' lang='lat' dir='ltr'><strong>ptura</strong></span> <span class='ocrx_word' id='word_1_45' title='bbox 437 897 754 967; x_wconf 84' lang='lat' dir='ltr'><strong>quihusdam</strong></span> <span class='ocrx_word' id='word_1_46' title='bbox 786 896 841 949; x_wconf 91' lang='lat' dir='ltr'><strong>in</strong></span> <span class='ocrx_word' id='word_1_47' title='bbox 873 895 1006 948; x_wconf 91' lang='lat' dir='ltr'><strong>locis</strong></span> <span class='ocrx_word' id='word_1_48' title='bbox 1035 903 1117 948; x_wconf 90' lang='lat' dir='ltr'><strong>est</strong></span> <span class='ocrx_word' id='word_1_49' title='bbox 1143 893 1303 948; x_wconf 73' lang='lat' dir='ltr'><strong>cibos</strong></span> <span class='ocrx_word' id='word_1_50' title='bbox 1323 933 1338 956; x_wconf 94' lang='lat'><strong>,</strong></span> <span class='ocrx_word' id='word_1_51' title='bbox 1374 891 1694 961; x_wconf 83' lang='lat' dir='ltr'><strong>quihusdam</strong></span> <span class='ocrx_word' id='word_1_52' title='bbox 1737 905 1831 958; x_wconf 88' lang='lat' dir='ltr'><strong>po-</strong></span> 
     </span>
    </p>
   </div>
   <div class='ocr_carea' id='block_1_9' title="bbox 248 983 1826 1057">
    <p class='ocr_par' dir='ltr' id='par_1_9' title="bbox 248 983 1826 1057">
     <span class='ocr_line' id='line_1_9' title="bbox 248 983 1826 1057; baseline -0.004 -15"><span class='ocrx_word' id='word_1_53' title='bbox 248 999 357 1044; x_wconf 63' lang='lat' dir='ltr'><strong>tus~</strong></span> <span class='ocrx_word' id='word_1_54' title='bbox 393 989 708 1057; x_wconf 86' lang='lat' dir='ltr'><strong>Ubicunque</strong></span> <span class='ocrx_word' id='word_1_55' title='bbox 745 1002 866 1041; x_wconf 86' lang='lat' dir='ltr'><strong>cum</strong></span> <span class='ocrx_word' id='word_1_56' title='bbox 909 983 1216 1040; x_wconf 76' lang='lat' dir='ltr'><strong>diliicultate</strong></span> <span class='ocrx_word' id='word_1_57' title='bbox 1250 985 1482 1053; x_wconf 81' lang='lat' dir='ltr'><strong>capitur,</strong></span> <span class='ocrx_word' id='word_1_58' title='bbox 1527 983 1680 1037; x_wconf 85' lang='lat' dir='ltr'><strong>cibus</strong></span> <span class='ocrx_word' id='word_1_59' title='bbox 1724 990 1826 1036; x_wconf 76' lang='lat' dir='ltr'><strong>est.</strong></span> 
     </span>
    </p>
   </div>
   <div class='ocr_carea' id='block_1_10' title="bbox 251 1071 1828 1144">
    <p class='ocr_par' dir='ltr' id='par_1_10' title="bbox 251 1071 1828 1144">
     <span class='ocr_line' id='line_1_10' title="bbox 251 1071 1828 1144; baseline -0.008 -8"><span class='ocrx_word' id='word_1_60' title='bbox 251 1079 351 1136; x_wconf 84' lang='lat' dir='ltr'><strong>Ubi</strong></span> <span class='ocrx_word' id='word_1_61' title='bbox 396 1095 526 1135; x_wconf 83' lang='lat' dir='ltr'><strong>vero</strong></span> <span class='ocrx_word' id='word_1_62' title='bbox 573 1076 788 1133; x_wconf 77' lang='lat' dir='ltr'><strong>facilem</strong></span> <span class='ocrx_word' id='word_1_63' title='bbox 837 1077 1001 1131; x_wconf 82' lang='lat' dir='ltr'><strong>habet</strong></span> <span class='ocrx_word' id='word_1_64' title='bbox 1044 1071 1484 1144; x_wconf 78' lang='lat' dir='ltr'><strong>intelligentiam,</strong></span> <span class='ocrx_word' id='word_1_65' title='bbox 1524 1081 1684 1142; x_wconf 90' lang='lat' dir='ltr'><strong>potus</strong></span> <span class='ocrx_word' id='word_1_66' title='bbox 1725 1078 1828 1128; x_wconf 88' lang='lat' dir='ltr'><strong>est.</strong></span> 
     </span>
    </p>
   </div>
   <div class='ocr_carea' id='block_1_11' title="bbox 254 1161 1833 1242">
    <p class='ocr_par' dir='ltr' id='par_1_11' title="bbox 254 1161 1833 1242">
     <span class='ocr_line' id='line_1_11' title="bbox 254 1161 1833 1242; baseline -0.004 -20"><span class='ocrx_word' id='word_1_67' title='bbox 254 1190 274 1222; x_wconf 73' lang='grc' dir='ltr'><strong>ι</strong></span> <span class='ocrx_word' id='word_1_68' title='bbox 307 1169 518 1232; x_wconf 88' lang='lat' dir='ltr'><strong>Venite,</strong></span> <span class='ocrx_word' id='word_1_69' title='bbox 549 1189 570 1242; x_wconf 63' lang='grc' dir='ltr'><strong>ρ</strong></span> <span class='ocrx_word' id='word_1_70' title='bbox 604 1184 637 1224; x_wconf 91' lang='grc' dir='ltr'>ο</span> <span class='ocrx_word' id='word_1_71' title='bbox 661 1165 1126 1238; x_wconf 68' lang='grc' dir='ltr'>εειιιίιεενρορυιί,</span> <span class='ocrx_word' id='word_1_72' title='bbox 1160 1173 1215 1218; x_wconf 90' lang='grc' dir='ltr'><strong>ει</strong></span> <span class='ocrx_word' id='word_1_73' title='bbox 1250 1178 1436 1218; x_wconf 89' lang='lat' dir='ltr'><strong>omnes</strong></span> <span class='ocrx_word' id='word_1_74' title='bbox 1460 1163 1551 1232; x_wconf 85' lang='lat' dir='ltr'><strong>qui</strong></span> <span class='ocrx_word' id='word_1_75' title='bbox 1583 1161 1833 1232; x_wconf 71' lang='lat' dir='ltr'><strong>indigetis</strong></span> 
     </span>
    </p>
   </div>
   <div class='ocr_carea' id='block_1_12' title="bbox 247 1253 1834 1331">
    <p class='ocr_par' dir='ltr' id='par_1_12' title="bbox 247 1253 1834 1331">
     <span class='ocr_line' id='line_1_12' title="bbox 247 1253 1834 1331; baseline -0.006 -15"><span class='ocrx_word' id='word_1_76' title='bbox 247 1261 480 1331; x_wconf 82' lang='lat' dir='ltr'><strong>eloquiis</strong></span> <span class='ocrx_word' id='word_1_77' title='bbox 502 1258 713 1314; x_wconf 89' lang='lat' dir='ltr'><strong>Veteris</strong></span> <span class='ocrx_word' id='word_1_78' title='bbox 733 1267 787 1312; x_wconf 89' lang='lat' dir='ltr'><strong>et</strong></span> <span class='ocrx_word' id='word_1_79' title='bbox 803 1255 934 1310; x_wconf 79' lang='lat' dir='ltr'><strong>Novi</strong></span> <span class='ocrx_word' id='word_1_80' title='bbox 950 1254 1303 1319; x_wconf 86' lang='lat' dir='ltr'><strong>Testamenti,</strong></span> <span class='ocrx_word' id='word_1_81' title='bbox 1333 1273 1350 1305; x_wconf 85' lang='grc'>‹</span> <span class='ocrx_word' id='word_1_82' title='bbox 1370 1261 1425 1308; x_wconf 85' lang='lat' dir='ltr'><strong>et</strong></span> <span class='ocrx_word' id='word_1_83' title='bbox 1447 1253 1610 1308; x_wconf 89' lang='lat' dir='ltr'><strong>emite</strong></span> <span class='ocrx_word' id='word_1_84' title='bbox 1629 1253 1834 1322; x_wconf 81' lang='lat' dir='ltr'><strong>absque</strong></span> 
     </span>
    </p>
   </div>
   <div class='ocr_carea' id='block_1_13' title="bbox 247 1341 1828 1421">
    <p class='ocr_par' dir='ltr' id='par_1_13' title="bbox 247 1341 1828 1421">
     <span class='ocr_line' id='line_1_13' title="bbox 247 1341 1828 1421; baseline -0.008 -17"><span class='ocrx_word' id='word_1_85' title='bbox 247 1359 493 1421; x_wconf 84' lang='lat' dir='ltr'><strong>argento,</strong></span> <span class='ocrx_word' id='word_1_86' title='bbox 518 1358 572 1403; x_wconf 92' lang='lat' dir='ltr'><strong>et</strong></span> <span class='ocrx_word' id='word_1_87' title='bbox 592 1350 797 1420; x_wconf 83' lang='lat' dir='ltr'><strong>absque</strong></span> <span class='ocrx_word' id='word_1_88' title='bbox 819 1347 926 1401; x_wconf 91' lang='lat' dir='ltr'><strong>ulla</strong></span> <span class='ocrx_word' id='word_1_89' title='bbox 949 1345 1392 1407; x_wconf 62' lang='lat' dir='ltr'><strong>commutatione,</strong></span> <span class='ocrx_word' id='word_1_90' title='bbox 1413 1344 1598 1397; x_wconf 86' lang='lat' dir='ltr'><strong>vinum</strong></span> <span class='ocrx_word' id='word_1_91' title='bbox 1619 1351 1673 1396; x_wconf 89' lang='lat' dir='ltr'><strong>et</strong></span> <span class='ocrx_word' id='word_1_92' title='bbox 1695 1341 1828 1396; x_wconf 62' lang='lat' dir='ltr'><strong>lac.»</strong></span> 
     </span>
    </p>
   </div>
   <div class='ocr_carea' id='block_1_14' title="bbox 247 1431 1832 1510">
    <p class='ocr_par' dir='ltr' id='par_1_14' title="bbox 247 1431 1832 1510">
     <span class='ocr_line' id='line_1_14' title="bbox 247 1431 1832 1510; baseline -0.005 -16"><span class='ocrx_word' id='word_1_93' title='bbox 247 1439 526 1510; x_wconf 74' lang='lat' dir='ltr'><strong>Sapientia</strong></span> <span class='ocrx_word' id='word_1_94' title='bbox 572 1440 805 1494; x_wconf 85' lang='lat' dir='ltr'><strong>humana</strong></span> <span class='ocrx_word' id='word_1_95' title='bbox 854 1431 1034 1507; x_wconf 82' lang='lat' dir='ltr'><strong>pretio</strong></span> <span class='ocrx_word' id='word_1_96' title='bbox 1084 1451 1116 1489; x_wconf 90' lang='lat' dir='ltr'><strong>a</strong></span> <span class='ocrx_word' id='word_1_97' title='bbox 1146 1433 1486 1503; x_wconf 78' lang='lat' dir='ltr'><strong>philosophis</strong></span> <span class='ocrx_word' id='word_1_98' title='bbox 1520 1433 1832 1497; x_wconf 84' lang='lat' dir='ltr'><strong>emebatur,</strong></span> 
     </span>
    </p>
   </div>
   <div class='ocr_carea' id='block_1_15' title="bbox 247 1523 1836 1602">
    <p class='ocr_par' dir='ltr' id='par_1_15' title="bbox 247 1523 1836 1602">
     <span class='ocr_line' id='line_1_15' title="bbox 247 1523 1836 1602; baseline -0.004 -16"><span class='ocrx_word' id='word_1_99' title='bbox 247 1531 346 1587; x_wconf 78' lang='lat' dir='ltr'><strong>sed</strong></span> <span class='ocrx_word' id='word_1_100' title='bbox 381 1531 635 1602; x_wconf 79' lang='lat' dir='ltr'><strong>apostolis</strong></span> <span class='ocrx_word' id='word_1_101' title='bbox 667 1530 869 1585; x_wconf 89' lang='lat' dir='ltr'><strong>dictum</strong></span> <span class='ocrx_word' id='word_1_102' title='bbox 899 1537 983 1584; x_wconf 87' lang='lat' dir='ltr'><strong>est</strong></span> <span class='ocrx_word' id='word_1_103' title='bbox 1009 1546 1022 1580; x_wconf 89' lang='lat'><strong>:</strong></span> <span class='ocrx_word' id='word_1_104' title='bbox 1058 1547 1075 1578; x_wconf 80' lang='grc' dir='ltr'><strong>ι</strong></span> <span class='ocrx_word' id='word_1_105' title='bbox 1105 1525 1288 1581; x_wconf 82' lang='lat' dir='ltr'><strong>Gratis</strong></span> <span class='ocrx_word' id='word_1_106' title='bbox 1313 1524 1633 1595; x_wconf 88' lang='lat' dir='ltr'><strong>accepistis,</strong></span> <span class='ocrx_word' id='word_1_107' title='bbox 1666 1523 1836 1595; x_wconf 81' lang='lat' dir='ltr'><strong>gratis</strong></span> 
     </span>
    </p>
   </div>
   <div class='ocr_carea' id='block_1_16' title="bbox 249 1611 1838 1692">
    <p class='ocr_par' dir='ltr' id='par_1_16' title="bbox 249 1611 1838 1692">
     <span class='ocr_line' id='line_1_16' title="bbox 249 1611 1838 1692; baseline -0.005 -16"><span class='ocrx_word' id='word_1_108' title='bbox 249 1619 376 1677; x_wconf 74' lang='lat' dir='ltr'><strong>date</strong></span> <span class='ocrx_word' id='word_1_109' title='bbox 403 1621 617 1692; x_wconf 80' lang='lat' dir='ltr'><strong>(Matth.</strong></span> <span class='ocrx_word' id='word_1_110' title='bbox 646 1613 722 1690; x_wconf 63' lang='grc' dir='ltr'><strong>χ).</strong></span> <span class='ocrx_word' id='word_1_111' title='bbox 757 1639 774 1671; x_wconf 76' lang='grc' dir='ltr'><strong>ι</strong></span> <span class='ocrx_word' id='word_1_112' title='bbox 814 1614 1008 1672; x_wconf 77' lang='lat' dir='ltr'><strong>Vinum</strong></span> <span class='ocrx_word' id='word_1_113' title='bbox 1038 1633 1166 1688; x_wconf 87' lang='lat' dir='ltr'><strong>ergo</strong></span> <span class='ocrx_word' id='word_1_114' title='bbox 1192 1613 1350 1670; x_wconf 87' lang='lat' dir='ltr'><strong>nobis</strong></span> <span class='ocrx_word' id='word_1_115' title='bbox 1374 1616 1466 1670; x_wconf 92' lang='lat' dir='ltr'><strong>dat</strong></span> <span class='ocrx_word' id='word_1_116' title='bbox 1502 1629 1656 1669; x_wconf 88' lang='lat' dir='ltr'><strong>sacra</strong></span> <span class='ocrx_word' id='word_1_117' title='bbox 1691 1611 1838 1669; x_wconf 88' lang='lat' dir='ltr'><strong>Scri-</strong></span> 
     </span>
    </p>
   </div>
   <div class='ocr_carea' id='block_1_17' title="bbox 245 1705 1837 1782">
    <p class='ocr_par' dir='ltr' id='par_1_17' title="bbox 245 1705 1837 1782">
     <span class='ocr_line' id='line_1_17' title="bbox 245 1705 1837 1782; baseline -0.004 -14"><span class='ocrx_word' id='word_1_118' title='bbox 245 1721 432 1782; x_wconf 66' lang='lat' dir='ltr'><strong>ptura,</strong></span> <span class='ocrx_word' id='word_1_119' title='bbox 459 1725 581 1768; x_wconf 89' lang='lat' dir='ltr'><strong>cum</strong></span> <span class='ocrx_word' id='word_1_120' title='bbox 607 1705 735 1766; x_wconf 83' lang='lat' dir='ltr'><strong>dicit</strong></span> <span class='ocrx_word' id='word_1_121' title='bbox 762 1731 777 1765; x_wconf 75' lang='grc' dir='ltr'>ς</span> <span class='ocrx_word' id='word_1_122' title='bbox 813 1730 832 1761; x_wconf 86' lang='grc'><em>‹</em></span> <span class='ocrx_word' id='word_1_123' title='bbox 858 1707 994 1764; x_wconf 79' lang='lat' dir='ltr'><strong>Audi</strong></span> <span class='ocrx_word' id='word_1_124' title='bbox 1026 1705 1208 1766; x_wconf 88' lang='lat' dir='ltr'><strong>lsrael.</strong></span> <span class='ocrx_word' id='word_1_125' title='bbox 1245 1705 1506 1762; x_wconf 86' lang='lat' dir='ltr'><strong>Dominus</strong></span> <span class='ocrx_word' id='word_1_126' title='bbox 1535 1705 1678 1762; x_wconf 90' lang='lat' dir='ltr'><strong>Deus</strong></span> <span class='ocrx_word' id='word_1_127' title='bbox 1714 1717 1837 1761; x_wconf 90' lang='lat' dir='ltr'><strong>tuus</strong></span> 
     </span>
    </p>
   </div>
   <div class='ocr_carea' id='block_1_18' title="bbox 250 1795 1836 1872">
    <p class='ocr_par' dir='ltr' id='par_1_18' title="bbox 250 1795 1836 1872">
     <span class='ocr_line' id='line_1_18' title="bbox 250 1795 1836 1872; baseline -0.004 -15"><span class='ocrx_word' id='word_1_128' title='bbox 250 1800 398 1860; x_wconf 83' lang='lat' dir='ltr'><strong>Deus</strong></span> <span class='ocrx_word' id='word_1_129' title='bbox 435 1817 576 1858; x_wconf 87' lang='lat' dir='ltr'><strong>unus</strong></span> <span class='ocrx_word' id='word_1_130' title='bbox 623 1811 708 1856; x_wconf 89' lang='lat' dir='ltr'><strong>est</strong></span> <span class='ocrx_word' id='word_1_131' title='bbox 734 1797 931 1872; x_wconf 65' lang='lat' dir='ltr'><strong>(Exod.</strong></span> <span class='ocrx_word' id='word_1_132' title='bbox 960 1799 1086 1870; x_wconf 82' lang='lat' dir='ltr'><strong>xx).</strong></span> <span class='ocrx_word' id='word_1_133' title='bbox 1117 1817 1136 1850; x_wconf 75' lang='grc' dir='ltr'><strong>ι</strong></span> <span class='ocrx_word' id='word_1_134' title='bbox 1171 1797 1237 1852; x_wconf 83' lang='lat' dir='ltr'><strong>Et</strong></span> <span class='ocrx_word' id='word_1_135' title='bbox 1265 1796 1392 1851; x_wconf 85' lang='lat' dir='ltr'><strong>illud</strong></span> <span class='ocrx_word' id='word_1_136' title='bbox 1439 1795 1698 1851; x_wconf 85' lang='lat' dir='ltr'><strong>Joannis:</strong></span> <span class='ocrx_word' id='word_1_137' title='bbox 1733 1814 1750 1846; x_wconf 75' lang='grc' dir='ltr'><strong>ι</strong></span> <span class='ocrx_word' id='word_1_138' title='bbox 1779 1796 1836 1850; x_wconf 88' lang='lat' dir='ltr'><strong>In</strong></span> 
     </span>
    </p>
   </div>
   <div class='ocr_carea' id='block_1_19' title="bbox 253 1882 2616 1966">
    <p class='ocr_par' dir='ltr' id='par_1_19' title="bbox 253 1882 2616 1966">
     <span class='ocr_line' id='line_1_19' title="bbox 253 1882 2616 1966; baseline -0.005 -16"><span class='ocrx_word' id='word_1_139' title='bbox 253 1892 522 1966; x_wconf 87' lang='lat' dir='ltr'><strong>principio</strong></span> <span class='ocrx_word' id='word_1_140' title='bbox 547 1902 666 1950; x_wconf 90' lang='lat' dir='ltr'><strong>erat</strong></span> <span class='ocrx_word' id='word_1_141' title='bbox 688 1891 940 1948; x_wconf 81' lang='lat' dir='ltr'><strong>Verbum.</strong></span> <span class='ocrx_word' id='word_1_142' title='bbox 961 1910 979 1942; x_wconf 78' lang='grc' dir='ltr'><strong>ι</strong></span> <span class='ocrx_word' id='word_1_143' title='bbox 1005 1889 1114 1944; x_wconf 88' lang='lat' dir='ltr'><strong>Lac</strong></span> <span class='ocrx_word' id='word_1_144' title='bbox 1141 1904 1268 1944; x_wconf 90' lang='lat' dir='ltr'><strong>vero</strong></span> <span class='ocrx_word' id='word_1_145' title='bbox 1292 1887 1447 1942; x_wconf 88' lang='lat' dir='ltr'><strong>nobis</strong></span> <span class='ocrx_word' id='word_1_146' title='bbox 1471 1887 1832 1950; x_wconf 77' lang='lat' dir='ltr'><strong>administrat,</strong></span> <span class='ocrx_word' id='word_1_147' title='bbox 1867 1883 1913 1942; x_wconf 79' lang='grc' dir='ltr'><strong>Β</strong></span> <span class='ocrx_word' id='word_1_148' title='bbox 1933 1894 2143 1938; x_wconf 85' lang='lat' dir='ltr'><strong>cutere.</strong></span> <span class='ocrx_word' id='word_1_149' title='bbox 2175 1882 2328 1939; x_wconf 90' lang='lat' dir='ltr'><strong>Unde</strong></span> <span class='ocrx_word' id='word_1_150' title='bbox 2365 1883 2562 1938; x_wconf 91' lang='lat' dir='ltr'><strong>dicitur</strong></span> <span class='ocrx_word' id='word_1_151' title='bbox 2600 1899 2616 1939; x_wconf 93' lang='lat'><strong>:</strong></span> 
     </span>
    </p>
   </div>
   <div class='ocr_carea' id='block_1_20' title="bbox 253 1977 1839 2046">
    <p class='ocr_par' dir='ltr' id='par_1_20' title="bbox 253 1977 1839 2046">
     <span class='ocr_line' id='line_1_20' title="bbox 253 1977 1839 2046; baseline -0.005 -6"><span class='ocrx_word' id='word_1_152' title='bbox 253 2002 381 2041; x_wconf 89' lang='lat' dir='ltr'><strong>cum</strong></span> <span class='ocrx_word' id='word_1_153' title='bbox 409 1985 577 2040; x_wconf 87' lang='lat' dir='ltr'><strong>dicit:</strong></span> <span class='ocrx_word' id='word_1_154' title='bbox 611 2002 628 2035; x_wconf 73' lang='grc' dir='ltr'><strong>ι</strong></span> <span class='ocrx_word' id='word_1_155' title='bbox 658 1982 776 2038; x_wconf 86' lang='lat' dir='ltr'><strong>Non</strong></span> <span class='ocrx_word' id='word_1_156' title='bbox 812 1981 1055 2046; x_wconf 85' lang='lat' dir='ltr'><strong>occides,</strong></span> <span class='ocrx_word' id='word_1_157' title='bbox 1087 1995 1192 2034; x_wconf 94' lang='lat' dir='ltr'><strong>non</strong></span> <span class='ocrx_word' id='word_1_158' title='bbox 1221 1977 1579 2042; x_wconf 88' lang='lat' dir='ltr'><strong>adulterabis,</strong></span> <span class='ocrx_word' id='word_1_159' title='bbox 1607 1996 1624 2028; x_wconf 72' lang='grc' dir='ltr'><strong>ι</strong></span> <span class='ocrx_word' id='word_1_160' title='bbox 1657 1985 1711 2032; x_wconf 86' lang='grc' dir='ltr'><strong>ει</strong></span> <span class='ocrx_word' id='word_1_161' title='bbox 1734 1992 1839 2032; x_wconf 68' lang='grc' dir='ltr'><strong>(εω-</strong></span> 
     </span>
    </p>
   </div>
   <div class='ocr_carea' id='block_1_21' title="bbox 257 2071 1836 2147">
    <p class='ocr_par' dir='ltr' id='par_1_21' title="bbox 257 2071 1836 2147">
     <span class='ocr_line' id='line_1_21' title="bbox 257 2071 1836 2147; baseline -0.006 -16"><span class='ocrx_word' id='word_1_162' title='bbox 257 2085 374 2132; x_wconf 91' lang='lat' dir='ltr'><strong>tera</strong></span> <span class='ocrx_word' id='word_1_163' title='bbox 404 2076 727 2147; x_wconf 87' lang='lat' dir='ltr'><strong>hujnsmodi.</strong></span> <span class='ocrx_word' id='word_1_164' title='bbox 747 2077 813 2132; x_wconf 83' lang='lat' dir='ltr'><strong>Et</strong></span> <span class='ocrx_word' id='word_1_165' title='bbox 827 2075 921 2146; x_wconf 86' lang='lat' dir='ltr'><strong>per</strong></span> <span class='ocrx_word' id='word_1_166' title='bbox 937 2074 1117 2128; x_wconf 86' lang='lat' dir='ltr'><strong>vinum</strong></span> <span class='ocrx_word' id='word_1_167' title='bbox 1134 2071 1480 2140; x_wconf 87' lang='lat' dir='ltr'><strong>intelligenda</strong></span> <span class='ocrx_word' id='word_1_168' title='bbox 1500 2079 1626 2125; x_wconf 90' lang='lat' dir='ltr'><strong>sunt</strong></span> <span class='ocrx_word' id='word_1_169' title='bbox 1642 2085 1836 2125; x_wconf 87' lang='lat' dir='ltr'><strong>arcana</strong></span> 
     </span>
    </p>
   </div>
   <div class='ocr_carea' id='block_1_22' title="bbox 257 2161 1838 2235">
    <p class='ocr_par' dir='ltr' id='par_1_22' title="bbox 257 2161 1838 2235">
     <span class='ocr_line' id='line_1_22' title="bbox 257 2161 1838 2235; baseline -0.003 -13"><span class='ocrx_word' id='word_1_170' title='bbox 257 2167 565 2223; x_wconf 78' lang='lat' dir='ltr'><strong>divinorum</strong></span> <span class='ocrx_word' id='word_1_171' title='bbox 594 2167 950 2235; x_wconf 80' lang='lat' dir='ltr'><strong>eloquiorum,</strong></span> <span class='ocrx_word' id='word_1_172' title='bbox 982 2180 1080 2235; x_wconf 88' lang='lat' dir='ltr'><strong>per</strong></span> <span class='ocrx_word' id='word_1_173' title='bbox 1105 2162 1190 2216; x_wconf 90' lang='lat' dir='ltr'><strong>lac</strong></span> <span class='ocrx_word' id='word_1_174' title='bbox 1209 2161 1433 2232; x_wconf 80' lang='lat' dir='ltr'><strong>simplex</strong></span> <span class='ocrx_word' id='word_1_175' title='bbox 1453 2161 1696 2216; x_wconf 84' lang='lat' dir='ltr'><strong>doctrina</strong></span> <span class='ocrx_word' id='word_1_176' title='bbox 1719 2177 1838 2230; x_wconf 69' lang='lat' dir='ltr'><strong>qua:</strong></span> 
     </span>
    </p>
   </div>
   <div class='ocr_carea' id='block_1_23' title="bbox 252 2247 1839 2326">
    <p class='ocr_par' dir='ltr' id='par_1_23' title="bbox 252 2247 1839 2326">
     <span class='ocr_line' id='line_1_23' title="bbox 252 2247 1839 2326; baseline -0.003 -15"><span class='ocrx_word' id='word_1_177' title='bbox 252 2257 510 2311; x_wconf 79' lang='lat' dir='ltr'><strong>convenit</strong></span> <span class='ocrx_word' id='word_1_178' title='bbox 525 2255 873 2326; x_wconf 83' lang='lat' dir='ltr'><strong>parvulorum</strong></span> <span class='ocrx_word' id='word_1_179' title='bbox 897 2253 1042 2316; x_wconf 81' lang='lat' dir='ltr'><strong>ﬁdei,</strong></span> <span class='ocrx_word' id='word_1_180' title='bbox 1059 2249 1500 2320; x_wconf 77' lang='lat' dir='ltr'><strong>sicutApostolus</strong></span> <span class='ocrx_word' id='word_1_181' title='bbox 1525 2247 1652 2305; x_wconf 83' lang='lat' dir='ltr'><strong>dieit</strong></span> <span class='ocrx_word' id='word_1_182' title='bbox 1669 2267 1681 2304; x_wconf 93' lang='lat'>:</span> <span class='ocrx_word' id='word_1_183' title='bbox 1701 2249 1839 2307; x_wconf 68' lang='lat' dir='ltr'><strong>«Lac</strong></span> 
     </span>
    </p>
   </div>
   <div class='ocr_carea' id='block_1_24' title="bbox 255 2341 1836 2417">
    <p class='ocr_par' dir='ltr' id='par_1_24' title="bbox 255 2341 1836 2417">
     <span class='ocr_line' id='line_1_24' title="bbox 255 2341 1836 2417; baseline 0 -18"><span class='ocrx_word' id='word_1_184' title='bbox 255 2348 410 2402; x_wconf 77' lang='lat' dir='ltr'><strong>vobis</strong></span> <span class='ocrx_word' id='word_1_185' title='bbox 441 2357 632 2417; x_wconf 85' lang='lat' dir='ltr'><strong>potum</strong></span> <span class='ocrx_word' id='word_1_186' title='bbox 662 2344 782 2402; x_wconf 86' lang='lat' dir='ltr'><strong>dedi</strong></span> <span class='ocrx_word' id='word_1_187' title='bbox 820 2360 925 2401; x_wconf 85' lang='lat' dir='ltr'><strong>non</strong></span> <span class='ocrx_word' id='word_1_188' title='bbox 963 2359 1181 2410; x_wconf 87' lang='lat' dir='ltr'><strong>escam,</strong></span> <span class='ocrx_word' id='word_1_189' title='bbox 1223 2341 1460 2398; x_wconf 85' lang='lat' dir='ltr'><strong>nondum</strong></span> <span class='ocrx_word' id='word_1_190' title='bbox 1502 2341 1646 2396; x_wconf 90' lang='lat' dir='ltr'><strong>enim</strong></span> <span class='ocrx_word' id='word_1_191' title='bbox 1685 2350 1836 2413; x_wconf 83' lang='lat' dir='ltr'><strong>pote-</strong></span> 
     </span>
    </p>
   </div>
   <div class='ocr_carea' id='block_1_25' title="bbox 254 2438 459 2492">
    <p class='ocr_par' dir='ltr' id='par_1_25' title="bbox 254 2438 459 2492">
     <span class='ocr_line' id='line_1_25' title="bbox 254 2438 459 2492; baseline -0.02 -1"><span class='ocrx_word' id='word_1_192' title='bbox 254 2438 412 2492; x_wconf 79' lang='lat' dir='ltr'><strong>ratis.</strong></span> <span class='ocrx_word' id='word_1_193' title='bbox 441 2457 459 2487; x_wconf 75' lang='grc' dir='ltr'><strong>ι</strong></span> 
     </span>
    </p>
   </div>
   <div class='ocr_carea' id='block_1_26' title="bbox 331 2521 1840 2600">
    <p class='ocr_par' dir='ltr' id='par_1_26' title="bbox 331 2521 1840 2600">
     <span class='ocr_line' id='line_1_26' title="bbox 331 2521 1840 2600; baseline 0 -18"><span class='ocrx_word' id='word_1_194' title='bbox 331 2549 354 2582; x_wconf 85' lang='grc'><strong><em>‹</em></strong></span> <span class='ocrx_word' id='word_1_195' title='bbox 380 2529 561 2597; x_wconf 84' lang='lat' dir='ltr'><strong>Quare</strong></span> <span class='ocrx_word' id='word_1_196' title='bbox 588 2521 892 2600; x_wconf 85' lang='lat' dir='ltr'><strong>appenditis</strong></span> <span class='ocrx_word' id='word_1_197' title='bbox 922 2535 1201 2599; x_wconf 82' lang='lat' dir='ltr'><strong>argentum</strong></span> <span class='ocrx_word' id='word_1_198' title='bbox 1238 2543 1342 2582; x_wconf 91' lang='lat' dir='ltr'><strong>non</strong></span> <span class='ocrx_word' id='word_1_199' title='bbox 1376 2527 1426 2582; x_wconf 91' lang='lat' dir='ltr'><strong>in</strong></span> <span class='ocrx_word' id='word_1_200' title='bbox 1454 2527 1702 2597; x_wconf 89' lang='lat' dir='ltr'><strong>panibus,</strong></span> <span class='ocrx_word' id='word_1_201' title='bbox 1733 2546 1750 2578; x_wconf 79' lang='grc' dir='ltr'><strong>ι</strong></span> <span class='ocrx_word' id='word_1_202' title='bbox 1785 2526 1840 2582; x_wconf 93' lang='lat' dir='ltr'><strong>id</strong></span> 
     </span>
    </p>
   </div>
   <div class='ocr_carea' id='block_1_27' title="bbox 254 2617 1837 2689">
    <p class='ocr_par' dir='ltr' id='par_1_27' title="bbox 254 2617 1837 2689">
     <span class='ocr_line' id='line_1_27' title="bbox 254 2617 1837 2689; baseline -0.001 -14"><span class='ocrx_word' id='word_1_203' title='bbox 254 2629 341 2675; x_wconf 81' lang='lat' dir='ltr'><strong>cst</strong></span> <span class='ocrx_word' id='word_1_204' title='bbox 361 2660 377 2684; x_wconf 91' lang='lat'><strong>,</strong></span> <span class='ocrx_word' id='word_1_205' title='bbox 413 2635 517 2674; x_wconf 91' lang='lat' dir='ltr'><strong>non</strong></span> <span class='ocrx_word' id='word_1_206' title='bbox 545 2620 597 2674; x_wconf 91' lang='lat' dir='ltr'><strong>in</strong></span> <span class='ocrx_word' id='word_1_207' title='bbox 629 2619 888 2675; x_wconf 87' lang='lat' dir='ltr'><strong>doctrinis</strong></span> <span class='ocrx_word' id='word_1_208' title='bbox 922 2618 1315 2689; x_wconf 88' lang='lat' dir='ltr'><strong>spiritualibus,</strong></span> <span class='ocrx_word' id='word_1_209' title='bbox 1344 2635 1362 2669; x_wconf 86' lang='grc'><em>‹</em></span> <span class='ocrx_word' id='word_1_210' title='bbox 1390 2627 1442 2672; x_wconf 88' lang='grc' dir='ltr'><strong>ει</strong></span> <span class='ocrx_word' id='word_1_211' title='bbox 1477 2617 1714 2673; x_wconf 84' lang='lat' dir='ltr'><strong>laborem</strong></span> <span class='ocrx_word' id='word_1_212' title='bbox 1743 2633 1837 2674; x_wconf 90' lang='lat' dir='ltr'><strong>ve-</strong></span> 
     </span>
    </p>
   </div>
   <div class='ocr_carea' id='block_1_28' title="bbox 258 2709 1842 2780">
    <p class='ocr_par' dir='ltr' id='par_1_28' title="bbox 258 2709 1842 2780">
     <span class='ocr_line' id='line_1_28' title="bbox 258 2709 1842 2780; baseline 0.001 -16"><span class='ocrx_word' id='word_1_213' title='bbox 258 2720 431 2764; x_wconf 85' lang='lat' dir='ltr'><strong>strum</strong></span> <span class='ocrx_word' id='word_1_214' title='bbox 461 2725 565 2764; x_wconf 92' lang='lat' dir='ltr'><strong>non</strong></span> <span class='ocrx_word' id='word_1_215' title='bbox 599 2711 651 2765; x_wconf 92' lang='lat' dir='ltr'><strong>in</strong></span> <span class='ocrx_word' id='word_1_216' title='bbox 679 2710 1043 2765; x_wconf 66' lang='lat' dir='ltr'><strong>saturitate?»</strong></span> <span class='ocrx_word' id='word_1_217' title='bbox 1078 2709 1506 2780; x_wconf 83' lang='lat' dir='ltr'><strong>Increpatmodo</strong></span> <span class='ocrx_word' id='word_1_218' title='bbox 1544 2711 1750 2765; x_wconf 85' lang='lat' dir='ltr'><strong>scribas</strong></span> <span class='ocrx_word' id='word_1_219' title='bbox 1787 2719 1842 2766; x_wconf 89' lang='lat' dir='ltr'><strong>et</strong></span> 
     </span>
    </p>
   </div>
   <div class='ocr_carea' id='block_1_29' title="bbox 255 2789 1843 2872">
    <p class='ocr_par' dir='ltr' id='par_1_29' title="bbox 255 2789 1843 2872">
     <span class='ocr_line' id='line_1_29' title="bbox 255 2789 1843 2872; baseline 0.001 -19"><span class='ocrx_word' id='word_1_220' title='bbox 255 2789 582 2864; x_wconf 3' lang='lat' dir='ltr'><strong>(Pharisaeos,</strong></span> <span class='ocrx_word' id='word_1_221' title='bbox 611 2801 999 2870; x_wconf 74' lang='lat' dir='ltr'><strong>lizereticosque</strong></span> <span class='ocrx_word' id='word_1_222' title='bbox 1025 2815 1088 2854; x_wconf 91' lang='lat' dir='ltr'><strong>ac</strong></span> <span class='ocrx_word' id='word_1_223' title='bbox 1112 2800 1458 2870; x_wconf 88' lang='lat' dir='ltr'><strong>philosophos</strong></span> <span class='ocrx_word' id='word_1_224' title='bbox 1491 2800 1752 2872; x_wconf 86' lang='lat' dir='ltr'><strong>gentium,</strong></span> <span class='ocrx_word' id='word_1_225' title='bbox 1786 2809 1843 2856; x_wconf 90' lang='lat' dir='ltr'><strong>et</strong></span> 
     </span>
    </p>
   </div>
   <div class='ocr_carea' id='block_1_30' title="bbox 261 2890 1841 2962">
    <p class='ocr_par' dir='ltr' id='par_1_30' title="bbox 261 2890 1841 2962">
     <span class='ocr_line' id='line_1_30' title="bbox 261 2890 1841 2962; baseline 0.001 -17"><span class='ocrx_word' id='word_1_226' title='bbox 261 2905 456 2946; x_wconf 88' lang='lat' dir='ltr'><strong>omnes</strong></span> <span class='ocrx_word' id='word_1_227' title='bbox 481 2890 572 2959; x_wconf 89' lang='lat' dir='ltr'><strong>qui</strong></span> <span class='ocrx_word' id='word_1_228' title='bbox 603 2890 814 2945; x_wconf 89' lang='lat' dir='ltr'><strong>illorum</strong></span> <span class='ocrx_word' id='word_1_229' title='bbox 843 2906 1130 2961; x_wconf 87' lang='lat' dir='ltr'><strong>perversas</strong></span> <span class='ocrx_word' id='word_1_230' title='bbox 1156 2890 1428 2944; x_wconf 87' lang='lat' dir='ltr'><strong>doctrinas</strong></span> <span class='ocrx_word' id='word_1_231' title='bbox 1455 2891 1841 2962; x_wconf 81' lang='lat' dir='ltr'><strong>simulatasque</strong></span> 
     </span>
    </p>
   </div>
   <div class='ocr_carea' id='block_1_31' title="bbox 265 2979 1842 3050">
    <p class='ocr_par' dir='ltr' id='par_1_31' title="bbox 265 2979 1842 3050">
     <span class='ocr_line' id='line_1_31' title="bbox 265 2979 1842 3050; baseline 0.001 -17"><span class='ocrx_word' id='word_1_232' title='bbox 265 2979 588 3034; x_wconf 86' lang='lat' dir='ltr'><strong>traditiones</strong></span> <span class='ocrx_word' id='word_1_233' title='bbox 618 2989 925 3046; x_wconf 83' lang='lat' dir='ltr'><strong>sectantur,</strong></span> <span class='ocrx_word' id='word_1_234' title='bbox 961 2995 1130 3050; x_wconf 86' lang='lat' dir='ltr'><strong>quare</strong></span> <span class='ocrx_word' id='word_1_235' title='bbox 1163 2980 1471 3050; x_wconf 77' lang='lat' dir='ltr'><strong>expcndant</strong></span> <span class='ocrx_word' id='word_1_236' title='bbox 1505 2981 1620 3035; x_wconf 87' lang='lat' dir='ltr'><strong>sive</strong></span> <span class='ocrx_word' id='word_1_237' title='bbox 1647 2996 1842 3035; x_wconf 90' lang='lat' dir='ltr'><strong>consu-</strong></span> 
     </span>
    </p>
   </div>
   <div class='ocr_carea' id='block_1_32' title="bbox 263 3061 1840 3139">
    <p class='ocr_par' dir='ltr' id='par_1_32' title="bbox 263 3061 1840 3139">
     <span class='ocr_line' id='line_1_32' title="bbox 263 3061 1840 3139; baseline 0.001 -16"><span class='ocrx_word' id='word_1_238' title='bbox 263 3078 416 3124; x_wconf 87' lang='lat' dir='ltr'><strong>mant</strong></span> <span class='ocrx_word' id='word_1_239' title='bbox 444 3071 671 3126; x_wconf 89' lang='lat' dir='ltr'><strong>nitorem</strong></span> <span class='ocrx_word' id='word_1_240' title='bbox 697 3070 1017 3139; x_wconf 67' lang='lat' dir='ltr'><strong>eloquentiae</strong></span> <span class='ocrx_word' id='word_1_241' title='bbox 1058 3071 1110 3124; x_wconf 91' lang='lat' dir='ltr'><strong>in</strong></span> <span class='ocrx_word' id='word_1_242' title='bbox 1153 3061 1436 3138; x_wconf 61' lang='lat' dir='ltr'><strong>superﬁcie</strong></span> <span class='ocrx_word' id='word_1_243' title='bbox 1454 3065 1673 3136; x_wconf 84' lang='lat' dir='ltr'><strong>litterae,</strong></span> <span class='ocrx_word' id='word_1_244' title='bbox 1701 3074 1756 3126; x_wconf 86' lang='lat' dir='ltr'><strong>et</strong></span> <span class='ocrx_word' id='word_1_245' title='bbox 1785 3072 1840 3126; x_wconf 90' lang='lat' dir='ltr'><strong>in</strong></span> 
     </span>
    </p>
   </div>
   <div class='ocr_carea' id='block_1_33' title="bbox 263 3159 1841 3234">
    <p class='ocr_par' dir='ltr' id='par_1_33' title="bbox 263 3159 1841 3234">
     <span class='ocr_line' id='line_1_33' title="bbox 263 3159 1841 3234; baseline 0.004 -20"><span class='ocrx_word' id='word_1_246' title='bbox 263 3159 495 3215; x_wconf 86' lang='lat' dir='ltr'><strong>humana</strong></span> <span class='ocrx_word' id='word_1_247' title='bbox 525 3162 785 3231; x_wconf 87' lang='lat' dir='ltr'><strong>sapientia</strong></span> <span class='ocrx_word' id='word_1_248' title='bbox 820 3163 871 3216; x_wconf 92' lang='lat' dir='ltr'><strong>in</strong></span> <span class='ocrx_word' id='word_1_249' title='bbox 901 3163 1098 3232; x_wconf 87' lang='lat' dir='ltr'><strong>quibus</strong></span> <span class='ocrx_word' id='word_1_250' title='bbox 1129 3180 1233 3219; x_wconf 90' lang='lat' dir='ltr'><strong>non</strong></span> <span class='ocrx_word' id='word_1_251' title='bbox 1265 3165 1534 3233; x_wconf 89' lang='lat' dir='ltr'><strong>reperitur</strong></span> <span class='ocrx_word' id='word_1_252' title='bbox 1556 3165 1710 3234; x_wconf 88' lang='lat' dir='ltr'><strong>panis</strong></span> <span class='ocrx_word' id='word_1_253' title='bbox 1733 3165 1841 3234; x_wconf 86' lang='lat' dir='ltr'><strong>spi-</strong></span> 
     </span>
    </p>
   </div>
   <div class='ocr_carea' id='block_1_34' title="bbox 261 3233 1908 3324">
    <p class='ocr_par' dir='ltr' id='par_1_34' title="bbox 261 3233 1908 3324">
     <span class='ocr_line' id='line_1_34' title="bbox 261 3233 1908 3324; baseline 0.002 -18"><span class='ocrx_word' id='word_1_254' title='bbox 261 3251 503 3316; x_wconf 87' lang='lat' dir='ltr'><strong>ritualis,</strong></span> <span class='ocrx_word' id='word_1_255' title='bbox 538 3252 604 3306; x_wconf 90' lang='lat' dir='ltr'><strong>de</strong></span> <span class='ocrx_word' id='word_1_256' title='bbox 631 3267 736 3322; x_wconf 90' lang='lat' dir='ltr'><strong>quo</strong></span> <span class='ocrx_word' id='word_1_257' title='bbox 757 3262 1034 3307; x_wconf 86' lang='lat' dir='ltr'><strong>saturetur</strong></span> <span class='ocrx_word' id='word_1_258' title='bbox 1056 3254 1266 3319; x_wconf 89' lang='lat' dir='ltr'><strong>anima,</strong></span> <span class='ocrx_word' id='word_1_259' title='bbox 1305 3255 1407 3309; x_wconf 90' lang='lat' dir='ltr'><strong>hoc</strong></span> <span class='ocrx_word' id='word_1_260' title='bbox 1434 3263 1516 3309; x_wconf 90' lang='lat' dir='ltr'><strong>est</strong></span> <span class='ocrx_word' id='word_1_261' title='bbox 1543 3233 1836 3324; x_wconf 86' lang='lat' dir='ltr'><strong>spiritualis</strong></span> <span class='ocrx_word' id='word_1_262' title='bbox 1865 3233 1908 3294; x_wconf 67' lang='grc' dir='ltr'>Ο</span> 
     </span>
    </p>
   </div>
   <div class='ocr_carea' id='block_1_35' title="bbox 265 3341 1832 3412">
    <p class='ocr_par' dir='ltr' id='par_1_35' title="bbox 265 3341 1832 3412">
     <span class='ocr_line' id='line_1_35' title="bbox 265 3341 1832 3412; baseline 0.001 -16"><span class='ocrx_word' id='word_1_263' title='bbox 265 3341 613 3412; x_wconf 81' lang='lat' dir='ltr'><strong>intelligentia</strong></span> <span class='ocrx_word' id='word_1_264' title='bbox 632 3382 647 3406; x_wconf 92' lang='lat'><strong>,</strong></span> <span class='ocrx_word' id='word_1_265' title='bbox 687 3342 776 3396; x_wconf 93' lang='lat' dir='ltr'><strong>ubi</strong></span> <span class='ocrx_word' id='word_1_266' title='bbox 814 3349 898 3396; x_wconf 90' lang='lat' dir='ltr'><strong>est</strong></span> <span class='ocrx_word' id='word_1_267' title='bbox 935 3343 1169 3412; x_wconf 85' lang='lat' dir='ltr'><strong>cognitio</strong></span> <span class='ocrx_word' id='word_1_268' title='bbox 1196 3345 1351 3412; x_wconf 91' lang='lat' dir='ltr'><strong>panis</strong></span> <span class='ocrx_word' id='word_1_269' title='bbox 1373 3344 1512 3408; x_wconf 90' lang='lat' dir='ltr'><strong>veri,</strong></span> <span class='ocrx_word' id='word_1_270' title='bbox 1537 3342 1627 3412; x_wconf 89' lang='lat' dir='ltr'><strong>qui</strong></span> <span class='ocrx_word' id='word_1_271' title='bbox 1657 3343 1791 3397; x_wconf 80' lang='lat' dir='ltr'><strong>dixit</strong></span> <span class='ocrx_word' id='word_1_272' title='bbox 1818 3357 1832 3397; x_wconf 90' lang='lat'><strong>:</strong></span> 
     </span>
    </p>
   </div>
   <div class='ocr_carea' id='block_1_36' title="bbox 269 3433 1836 3506">
    <p class='ocr_par' dir='ltr' id='par_1_36' title="bbox 269 3433 1836 3506">
     <span class='ocr_line' id='line_1_36' title="bbox 269 3433 1836 3506; baseline 0.003 -21"><span class='ocrx_word' id='word_1_273' title='bbox 269 3452 289 3485; x_wconf 79' lang='grc' dir='ltr'><strong>ι</strong></span> <span class='ocrx_word' id='word_1_274' title='bbox 317 3433 429 3504; x_wconf 85' lang='lat' dir='ltr'><strong>Ego</strong></span> <span class='ocrx_word' id='word_1_275' title='bbox 474 3450 590 3488; x_wconf 89' lang='lat' dir='ltr'><strong>sum</strong></span> <span class='ocrx_word' id='word_1_276' title='bbox 640 3434 795 3503; x_wconf 87' lang='lat' dir='ltr'><strong>panis</strong></span> <span class='ocrx_word' id='word_1_277' title='bbox 839 3434 992 3488; x_wconf 88' lang='lat' dir='ltr'><strong>vivus</strong></span> <span class='ocrx_word' id='word_1_278' title='bbox 1039 3433 1238 3504; x_wconf 84' lang='lat' dir='ltr'><strong>(Joan.</strong></span> <span class='ocrx_word' id='word_1_279' title='bbox 1286 3434 1421 3505; x_wconf 81' lang='lat' dir='ltr'><strong>vn).</strong></span> <span class='ocrx_word' id='word_1_280' title='bbox 1455 3454 1472 3485; x_wconf 78' lang='grc' dir='ltr'><strong>ι</strong></span> <span class='ocrx_word' id='word_1_281' title='bbox 1541 3435 1836 3506; x_wconf 84' lang='lat' dir='ltr'><strong>Argentum</strong></span> 
     </span>
    </p>
   </div>
   <div class='ocr_carea' id='block_1_37' title="bbox 261 3521 1834 3595">
    <p class='ocr_par' dir='ltr' id='par_1_37' title="bbox 261 3521 1834 3595">
     <span class='ocr_line' id='line_1_37' title="bbox 261 3521 1834 3595; baseline 0.001 -17"><span class='ocrx_word' id='word_1_282' title='bbox 261 3524 430 3589; x_wconf 87' lang='lat' dir='ltr'><strong>enim,</strong></span> <span class='ocrx_word' id='word_1_283' title='bbox 462 3524 603 3579; x_wconf 90' lang='lat' dir='ltr'><strong>sicut</strong></span> <span class='ocrx_word' id='word_1_284' title='bbox 628 3524 746 3578; x_wconf 88' lang='lat' dir='ltr'><strong>aliis</strong></span> <span class='ocrx_word' id='word_1_285' title='bbox 780 3524 832 3577; x_wconf 92' lang='lat' dir='ltr'><strong>in</strong></span> <span class='ocrx_word' id='word_1_286' title='bbox 860 3521 992 3578; x_wconf 92' lang='lat' dir='ltr'><strong>locis</strong></span> <span class='ocrx_word' id='word_1_287' title='bbox 1015 3524 1266 3587; x_wconf 84' lang='lat' dir='ltr'><strong>diximus,</strong></span> <span class='ocrx_word' id='word_1_288' title='bbox 1304 3524 1575 3595; x_wconf 87' lang='lat' dir='ltr'><strong>signiﬁcat</strong></span> <span class='ocrx_word' id='word_1_289' title='bbox 1607 3525 1834 3580; x_wconf 91' lang='lat' dir='ltr'><strong>nitorem</strong></span> 
     </span>
    </p>
   </div>
   <div class='ocr_carea' id='block_1_38' title="bbox 264 3614 1837 3688">
    <p class='ocr_par' dir='ltr' id='par_1_38' title="bbox 264 3614 1837 3688">
     <span class='ocr_line' id='line_1_38' title="bbox 264 3614 1837 3688; baseline 0.003 -18"><span class='ocrx_word' id='word_1_290' title='bbox 264 3615 608 3685; x_wconf 78' lang='lat' dir='ltr'><strong>eloquentize.</strong></span> <span class='ocrx_word' id='word_1_291' title='bbox 656 3615 804 3670; x_wconf 85' lang='lat' dir='ltr'><strong>Multi</strong></span> <span class='ocrx_word' id='word_1_292' title='bbox 842 3624 967 3670; x_wconf 91' lang='lat' dir='ltr'><strong>sunt</strong></span> <span class='ocrx_word' id='word_1_293' title='bbox 995 3615 1159 3687; x_wconf 75' lang='lat' dir='ltr'><strong>(dicit</strong></span> <span class='ocrx_word' id='word_1_294' title='bbox 1184 3617 1373 3672; x_wconf 87' lang='lat' dir='ltr'><strong>beatus</strong></span> <span class='ocrx_word' id='word_1_295' title='bbox 1393 3614 1718 3688; x_wconf 84' lang='lat' dir='ltr'><strong>Gregorius)</strong></span> <span class='ocrx_word' id='word_1_296' title='bbox 1746 3619 1837 3686; x_wconf 88' lang='lat' dir='ltr'><strong>qui</strong></span> 
     </span>
    </p>
   </div>
   <div class='ocr_carea' id='block_1_39' title="bbox 264 3699 1840 3777">
    <p class='ocr_par' dir='ltr' id='par_1_39' title="bbox 264 3699 1840 3777">
     <span class='ocr_line' id='line_1_39' title="bbox 264 3699 1840 3777; baseline 0.004 -20"><span class='ocrx_word' id='word_1_297' title='bbox 264 3704 448 3776; x_wconf 83' lang='lat' dir='ltr'><strong>legunt</strong></span> <span class='ocrx_word' id='word_1_298' title='bbox 468 3707 607 3760; x_wconf 83' lang='lat' dir='ltr'><strong>dicta</strong></span> <span class='ocrx_word' id='word_1_299' title='bbox 625 3707 1006 3775; x_wconf 83' lang='lat' dir='ltr'><strong>prophetarum</strong></span> <span class='ocrx_word' id='word_1_300' title='bbox 1030 3699 1363 3777; x_wconf 85' lang='lat' dir='ltr'><strong>aliarumque</strong></span> <span class='ocrx_word' id='word_1_301' title='bbox 1382 3707 1683 3763; x_wconf 86' lang='lat' dir='ltr'><strong>divinarum</strong></span> <span class='ocrx_word' id='word_1_302' title='bbox 1699 3704 1840 3765; x_wconf 88' lang='lat' dir='ltr'><strong>Scri-</strong></span> 
     </span>
    </p>
   </div>
   <div class='ocr_carea' id='block_1_40' title="bbox 264 3788 1837 3870">
    <p class='ocr_par' dir='ltr' id='par_1_40' title="bbox 264 3788 1837 3870">
     <span class='ocr_line' id='line_1_40' title="bbox 264 3788 1837 3870; baseline 0.004 -20"><span class='ocrx_word' id='word_1_303' title='bbox 264 3808 566 3868; x_wconf 72' lang='lat' dir='ltr'><strong>plttl‘al‘llln,</strong></span> <span class='ocrx_word' id='word_1_304' title='bbox 589 3797 681 3852; x_wconf 86' lang='lat' dir='ltr'><strong>sed</strong></span> <span class='ocrx_word' id='word_1_305' title='bbox 702 3814 804 3853; x_wconf 83' lang='lat' dir='ltr'><strong>non</strong></span> <span class='ocrx_word' id='word_1_306' title='bbox 829 3788 1171 3868; x_wconf 84' lang='lat' dir='ltr'><strong>reperiuntin</strong></span> <span class='ocrx_word' id='word_1_307' title='bbox 1194 3799 1274 3853; x_wconf 91' lang='lat' dir='ltr'><strong>eis</strong></span> <span class='ocrx_word' id='word_1_308' title='bbox 1293 3814 1458 3870; x_wconf 88' lang='lat' dir='ltr'><strong>panes</strong></span> <span class='ocrx_word' id='word_1_309' title='bbox 1471 3807 1536 3854; x_wconf 76' lang='lat' dir='ltr'><strong>ex</strong></span> <span class='ocrx_word' id='word_1_310' title='bbox 1551 3799 1745 3870; x_wconf 89' lang='lat' dir='ltr'><strong>quibus</strong></span> <span class='ocrx_word' id='word_1_311' title='bbox 1771 3802 1837 3856; x_wconf 91' lang='lat' dir='ltr'><strong>ad</strong></span> 
     </span>
    </p>
   </div>
   <div class='ocr_carea' id='block_1_41' title="bbox 265 3885 1830 3961">
    <p class='ocr_par' dir='ltr' id='par_1_41' title="bbox 265 3885 1830 3961">
     <span class='ocr_line' id='line_1_41' title="bbox 265 3885 1830 3961; baseline 0.003 -18"><span class='ocrx_word' id='word_1_312' title='bbox 265 3885 602 3943; x_wconf 76' lang='lat' dir='ltr'><strong>saturitatem</strong></span> <span class='ocrx_word' id='word_1_313' title='bbox 625 3890 960 3957; x_wconf 79' lang='lat' dir='ltr'><strong>perveniant,</strong></span> <span class='ocrx_word' id='word_1_314' title='bbox 986 3890 1110 3961; x_wconf 91' lang='lat' dir='ltr'><strong>quia</strong></span> <span class='ocrx_word' id='word_1_315' title='bbox 1134 3890 1472 3946; x_wconf 87' lang='lat' dir='ltr'><strong>solummodo</strong></span> <span class='ocrx_word' id='word_1_316' title='bbox 1495 3892 1728 3947; x_wconf 88' lang='lat' dir='ltr'><strong>litteram</strong></span> <span class='ocrx_word' id='word_1_317' title='bbox 1755 3909 1830 3948; x_wconf 54' lang='lat' dir='ltr'><strong>rev</strong></span> 
     </span>
    </p>
   </div>
   <div class='ocr_carea' id='block_1_42' title="bbox 265 3978 1837 4052">
    <p class='ocr_par' dir='ltr' id='par_1_42' title="bbox 265 3978 1837 4052">
     <span class='ocr_line' id='line_1_42' title="bbox 265 3978 1837 4052; baseline 0.004 -21"><span class='ocrx_word' id='word_1_318' title='bbox 265 3980 487 4048; x_wconf 86' lang='lat' dir='ltr'><strong>quirunt</strong></span> <span class='ocrx_word' id='word_1_319' title='bbox 525 3994 642 4048; x_wconf 67' lang='lat' dir='ltr'><strong>qua:</strong></span> <span class='ocrx_word' id='word_1_320' title='bbox 680 3978 908 4042; x_wconf 90' lang='lat' dir='ltr'><strong>occidit,</strong></span> <span class='ocrx_word' id='word_1_321' title='bbox 959 3988 1013 4034; x_wconf 88' lang='lat' dir='ltr'><strong>et</strong></span> <span class='ocrx_word' id='word_1_322' title='bbox 1056 3980 1394 4049; x_wconf 82' lang='lat' dir='ltr'><strong>spiritualem</strong></span> <span class='ocrx_word' id='word_1_323' title='bbox 1436 3981 1837 4052; x_wconf 79' lang='lat' dir='ltr'><strong>intelligentiam</strong></span> 
     </span>
    </p>
   </div>
   <div class='ocr_carea' id='block_1_43' title="bbox 268 4071 1842 4144">
    <p class='ocr_par' dir='ltr' id='par_1_43' title="bbox 268 4071 1842 4144">
     <span class='ocr_line' id='line_1_43' title="bbox 268 4071 1842 4144; baseline 0.003 -20"><span class='ocrx_word' id='word_1_324' title='bbox 268 4071 456 4125; x_wconf 88' lang='lat' dir='ltr'><strong>nolunt</strong></span> <span class='ocrx_word' id='word_1_325' title='bbox 480 4072 794 4140; x_wconf 86' lang='lat' dir='ltr'><strong>perquirere</strong></span> <span class='ocrx_word' id='word_1_326' title='bbox 819 4087 938 4141; x_wconf 69' lang='lat' dir='ltr'><strong>qua:</strong></span> <span class='ocrx_word' id='word_1_327' title='bbox 961 4072 1214 4136; x_wconf 86' lang='lat' dir='ltr'><strong>viviﬁcat,</strong></span> <span class='ocrx_word' id='word_1_328' title='bbox 1242 4083 1296 4128; x_wconf 90' lang='lat' dir='ltr'><strong>et</strong></span> <span class='ocrx_word' id='word_1_329' title='bbox 1325 4073 1414 4128; x_wconf 87' lang='lat' dir='ltr'><strong>ubi</strong></span> <span class='ocrx_word' id='word_1_330' title='bbox 1441 4073 1736 4144; x_wconf 89' lang='lat' dir='ltr'><strong>spiritualis</strong></span> <span class='ocrx_word' id='word_1_331' title='bbox 1759 4084 1842 4130; x_wconf 91' lang='lat' dir='ltr'><strong>est</strong></span> 
     </span>
    </p>
   </div>
   <div class='ocr_carea' id='block_1_44' title="bbox 265 4153 1838 4232">
    <p class='ocr_par' dir='ltr' id='par_1_44' title="bbox 265 4153 1838 4232">
     <span class='ocr_line' id='line_1_44' title="bbox 265 4153 1838 4232; baseline 0.004 -20"><span class='ocrx_word' id='word_1_332' title='bbox 265 4163 420 4232; x_wconf 86' lang='lat' dir='ltr'><strong>panis</strong></span> <span class='ocrx_word' id='word_1_333' title='bbox 443 4176 548 4230; x_wconf 88' lang='lat' dir='ltr'><strong>quo</strong></span> <span class='ocrx_word' id='word_1_334' title='bbox 571 4154 748 4214; x_wconf 80' lang='lat' dir='ltr'><strong>anima</strong></span> <span class='ocrx_word' id='word_1_335' title='bbox 772 4170 1044 4215; x_wconf 83' lang='lat' dir='ltr'><strong>saturatur</strong></span> <span class='ocrx_word' id='word_1_336' title='bbox 1067 4161 1114 4232; x_wconf 90' lang='grc' dir='ltr'>(ι</span> <span class='ocrx_word' id='word_1_337' title='bbox 1139 4161 1260 4216; x_wconf 83' lang='lat' dir='ltr'><strong>Cor.</strong></span> <span class='ocrx_word' id='word_1_338' title='bbox 1289 4163 1390 4232; x_wconf 92' lang='grc' dir='ltr'>ιιι).</span> <span class='ocrx_word' id='word_1_339' title='bbox 1417 4156 1657 4219; x_wconf 81' lang='lat' dir='ltr'><strong>Gentiles</strong></span> <span class='ocrx_word' id='word_1_340' title='bbox 1677 4153 1838 4220; x_wconf 85' lang='lat' dir='ltr'><strong>etiam</strong></span> 
     </span>
    </p>
   </div>
   <div class='ocr_carea' id='block_1_45' title="bbox 267 4243 1842 4322">
    <p class='ocr_par' dir='ltr' id='par_1_45' title="bbox 267 4243 1842 4322">
     <span class='ocr_line' id='line_1_45' title="bbox 267 4243 1842 4322; baseline 0.004 -19"><span class='ocrx_word' id='word_1_341' title='bbox 267 4249 453 4320; x_wconf 83' lang='lat' dir='ltr'><strong>legunt</strong></span> <span class='ocrx_word' id='word_1_342' title='bbox 483 4251 745 4305; x_wconf 91' lang='lat' dir='ltr'><strong>humanos</strong></span> <span class='ocrx_word' id='word_1_343' title='bbox 765 4249 956 4315; x_wconf 88' lang='lat' dir='ltr'><strong>libros,</strong></span> <span class='ocrx_word' id='word_1_344' title='bbox 987 4252 1323 4322; x_wconf 88' lang='lat' dir='ltr'><strong>multumque</strong></span> <span class='ocrx_word' id='word_1_345' title='bbox 1338 4243 1417 4308; x_wconf 84' lang='lat' dir='ltr'><strong>ibi</strong></span> <span class='ocrx_word' id='word_1_346' title='bbox 1439 4253 1685 4310; x_wconf 78' lang='lat' dir='ltr'><strong>laborant</strong></span> <span class='ocrx_word' id='word_1_347' title='bbox 1713 4271 1842 4311; x_wconf 84' lang='lat' dir='ltr'><strong>con-</strong></span> 
     </span>
    </p>
   </div>
   <div class='ocr_carea' id='block_1_46' title="bbox 265 4333 1842 4410">
    <p class='ocr_par' dir='ltr' id='par_1_46' title="bbox 265 4333 1842 4410">
     <span class='ocr_line' id='line_1_46' title="bbox 265 4333 1842 4410; baseline 0.004 -17"><span class='ocrx_word' id='word_1_348' title='bbox 265 4339 527 4394; x_wconf 83' lang='lat' dir='ltr'><strong>suincndo</strong></span> <span class='ocrx_word' id='word_1_349' title='bbox 551 4340 782 4394; x_wconf 89' lang='lat' dir='ltr'><strong>nitorem</strong></span> <span class='ocrx_word' id='word_1_350' title='bbox 812 4333 1153 4410; x_wconf 68' lang='lat' dir='ltr'><strong>eloquentiae,</strong></span> <span class='ocrx_word' id='word_1_351' title='bbox 1188 4342 1280 4397; x_wconf 91' lang='lat' dir='ltr'><strong>sed</strong></span> <span class='ocrx_word' id='word_1_352' title='bbox 1317 4359 1423 4397; x_wconf 92' lang='lat' dir='ltr'><strong>non</strong></span> <span class='ocrx_word' id='word_1_353' title='bbox 1460 4353 1737 4399; x_wconf 90' lang='lat' dir='ltr'><strong>merentur</strong></span> <span class='ocrx_word' id='word_1_354' title='bbox 1761 4361 1842 4399; x_wconf 87' lang='lat' dir='ltr'><strong>sa-</strong></span> 
     </span>
    </p>
   </div>
   <div class='ocr_carea' id='block_1_47' title="bbox 269 4426 1840 4505">
    <p class='ocr_par' dir='ltr' id='par_1_47' title="bbox 269 4426 1840 4505">
     <span class='ocr_line' id='line_1_47' title="bbox 269 4426 1840 4505; baseline 0.003 -20"><span class='ocrx_word' id='word_1_355' title='bbox 269 4430 462 4495; x_wconf 89' lang='lat' dir='ltr'><strong>turari,</strong></span> <span class='ocrx_word' id='word_1_356' title='bbox 501 4431 624 4500; x_wconf 88' lang='lat' dir='ltr'><strong>quia</strong></span> <span class='ocrx_word' id='word_1_357' title='bbox 658 4432 954 4501; x_wconf 79' lang='lat' dir='ltr'><strong>spiritualis</strong></span> <span class='ocrx_word' id='word_1_358' title='bbox 998 4433 1346 4505; x_wconf 72' lang='lat' dir='ltr'><strong>intelligentia</strong></span> <span class='ocrx_word' id='word_1_359' title='bbox 1388 4435 1439 4487; x_wconf 92' lang='lat' dir='ltr'><strong>in</strong></span> <span class='ocrx_word' id='word_1_360' title='bbox 1483 4426 1585 4490; x_wconf 89' lang='lat' dir='ltr'><strong>illis</strong></span> <span class='ocrx_word' id='word_1_361' title='bbox 1621 4436 1840 4490; x_wconf 89' lang='lat' dir='ltr'><strong>minime</strong></span> 
     </span>
    </p>
   </div>
   <div class='ocr_carea' id='block_1_48' title="bbox 265 4520 1838 4589">
    <p class='ocr_par' dir='ltr' id='par_1_48' title="bbox 265 4520 1838 4589">
     <span class='ocr_line' id='line_1_48' title="bbox 265 4520 1838 4589; baseline 0.004 -12"><span class='ocrx_word' id='word_1_362' title='bbox 265 4523 593 4579; x_wconf 89' lang='lat' dir='ltr'><strong>continetur.</strong></span> <span class='ocrx_word' id='word_1_363' title='bbox 633 4543 650 4576; x_wconf 76' lang='grc' dir='ltr'><strong>ι</strong></span> <span class='ocrx_word' id='word_1_364' title='bbox 677 4520 872 4579; x_wconf 78' lang='lat' dir='ltr'><strong>Audite</strong></span> <span class='ocrx_word' id='word_1_365' title='bbox 901 4525 1182 4580; x_wconf 85' lang='lat' dir='ltr'><strong>audientes</strong></span> <span class='ocrx_word' id='word_1_366' title='bbox 1216 4542 1322 4589; x_wconf 90' lang='lat' dir='ltr'><strong>me,</strong></span> <span class='ocrx_word' id='word_1_367' title='bbox 1349 4535 1405 4581; x_wconf 93' lang='lat' dir='ltr'><strong>et</strong></span> <span class='ocrx_word' id='word_1_368' title='bbox 1439 4527 1703 4582; x_wconf 90' lang='lat' dir='ltr'><strong>comedite</strong></span> <span class='ocrx_word' id='word_1_369' title='bbox 1742 4529 1838 4583; x_wconf 88' lang='lat' dir='ltr'><strong>bo-</strong></span> 
     </span>
    </p>
   </div>
   <div class='ocr_carea' id='block_1_49' title="bbox 266 4606 1834 4678">
    <p class='ocr_par' dir='ltr' id='par_1_49' title="bbox 266 4606 1834 4678">
     <span class='ocr_line' id='line_1_49' title="bbox 266 4606 1834 4678; baseline 0.001 -10"><span class='ocrx_word' id='word_1_370' title='bbox 266 4629 422 4678; x_wconf 89' lang='lat' dir='ltr'><strong>num,</strong></span> <span class='ocrx_word' id='word_1_371' title='bbox 454 4621 511 4667; x_wconf 89' lang='lat' dir='ltr'><strong>et</strong></span> <span class='ocrx_word' id='word_1_372' title='bbox 536 4606 890 4668; x_wconf 77' lang='lat' dir='ltr'><strong>delectabitur</strong></span> <span class='ocrx_word' id='word_1_373' title='bbox 915 4613 966 4667; x_wconf 92' lang='lat' dir='ltr'><strong>in</strong></span> <span class='ocrx_word' id='word_1_374' title='bbox 997 4614 1352 4669; x_wconf 87' lang='lat' dir='ltr'><strong>crassitudine</strong></span> <span class='ocrx_word' id='word_1_375' title='bbox 1381 4615 1559 4669; x_wconf 88' lang='lat' dir='ltr'><strong>anima</strong></span> <span class='ocrx_word' id='word_1_376' title='bbox 1586 4626 1784 4670; x_wconf 85' lang='lat' dir='ltr'><strong>vestra.</strong></span> <span class='ocrx_word' id='word_1_377' title='bbox 1815 4637 1834 4670; x_wconf 74' lang='grc' dir='ltr'><strong>ι</strong></span> 
     </span>
    </p>
   </div>
   <div class='ocr_carea' id='block_1_50' title="bbox 267 4700 1841 4777">
    <p class='ocr_par' dir='ltr' id='par_1_50' title="bbox 267 4700 1841 4777">
     <span class='ocr_line' id='line_1_50' title="bbox 267 4700 1841 4777; baseline 0.003 -18"><span class='ocrx_word' id='word_1_378' title='bbox 267 4700 496 4760; x_wconf 84' lang='lat' dir='ltr'><strong>Auditus</strong></span> <span class='ocrx_word' id='word_1_379' title='bbox 523 4704 575 4759; x_wconf 93' lang='lat' dir='ltr'><strong>in</strong></span> <span class='ocrx_word' id='word_1_380' title='bbox 605 4715 762 4760; x_wconf 84' lang='lat' dir='ltr'><strong>sacro</strong></span> <span class='ocrx_word' id='word_1_381' title='bbox 799 4700 1013 4774; x_wconf 86' lang='lat' dir='ltr'><strong>eloquio</strong></span> <span class='ocrx_word' id='word_1_382' title='bbox 1049 4706 1405 4776; x_wconf 87' lang='lat' dir='ltr'><strong>spiritualiter</strong></span> <span class='ocrx_word' id='word_1_383' title='bbox 1438 4716 1521 4762; x_wconf 91' lang='lat' dir='ltr'><strong>est</strong></span> <span class='ocrx_word' id='word_1_384' title='bbox 1561 4709 1841 4777; x_wconf 88' lang='lat' dir='ltr'><strong>requiren-</strong></span> 
     </span>
    </p>
   </div>
   <div class='ocr_carea' id='block_1_51' title="bbox 266 4796 1836 4868">
    <p class='ocr_par' dir='ltr' id='par_1_51' title="bbox 266 4796 1836 4868">
     <span class='ocr_line' id='line_1_51' title="bbox 266 4796 1836 4868; baseline 0.001 -15"><span class='ocrx_word' id='word_1_385' title='bbox 266 4800 388 4862; x_wconf 87' lang='lat' dir='ltr'><strong>dus,</strong></span> <span class='ocrx_word' id='word_1_386' title='bbox 421 4806 480 4852; x_wconf 91' lang='lat' dir='ltr'><strong>ut</strong></span> <span class='ocrx_word' id='word_1_387' title='bbox 512 4797 677 4852; x_wconf 90' lang='lat' dir='ltr'><strong>illud:</strong></span> <span class='ocrx_word' id='word_1_388' title='bbox 715 4815 732 4848; x_wconf 76' lang='grc' dir='ltr'><strong>ι</strong></span> <span class='ocrx_word' id='word_1_389' title='bbox 760 4796 859 4862; x_wconf 87' lang='lat' dir='ltr'><strong>Qui</strong></span> <span class='ocrx_word' id='word_1_390' title='bbox 891 4797 1052 4853; x_wconf 90' lang='lat' dir='ltr'><strong>habet</strong></span> <span class='ocrx_word' id='word_1_391' title='bbox 1079 4812 1235 4852; x_wconf 86' lang='lat' dir='ltr'><strong>aures</strong></span> <span class='ocrx_word' id='word_1_392' title='bbox 1262 4799 1444 4852; x_wconf 88' lang='lat' dir='ltr'><strong>audiat</strong></span> <span class='ocrx_word' id='word_1_393' title='bbox 1480 4799 1662 4868; x_wconf 79' lang='lat' dir='ltr'><strong>(Apoc.</strong></span> <span class='ocrx_word' id='word_1_394' title='bbox 1701 4800 1787 4868; x_wconf 92' lang='grc' dir='ltr'>ιι),</span> <span class='ocrx_word' id='word_1_395' title='bbox 1815 4819 1836 4854; x_wconf 73' lang='grc' dir='ltr'><strong>ι</strong></span> 
     </span>
    </p>
   </div>
   <div class='ocr_carea' id='block_1_52' title="bbox 267 4887 1841 4960">
    <p class='ocr_par' dir='ltr' id='par_1_52' title="bbox 267 4887 1841 4960">
     <span class='ocr_line' id='line_1_52' title="bbox 267 4887 1841 4960; baseline 0.002 -17"><span class='ocrx_word' id='word_1_396' title='bbox 267 4889 322 4943; x_wconf 88' lang='lat' dir='ltr'><strong>id</strong></span> <span class='ocrx_word' id='word_1_397' title='bbox 344 4897 446 4953; x_wconf 84' lang='lat' dir='ltr'><strong>est,</strong></span> <span class='ocrx_word' id='word_1_398' title='bbox 469 4889 562 4957; x_wconf 88' lang='lat' dir='ltr'><strong>qui</strong></span> <span class='ocrx_word' id='word_1_399' title='bbox 587 4889 750 4942; x_wconf 85' lang='lat' dir='ltr'><strong>habet</strong></span> <span class='ocrx_word' id='word_1_400' title='bbox 771 4888 1177 4959; x_wconf 81' lang='lat' dir='ltr'><strong>intelligentiam</strong></span> <span class='ocrx_word' id='word_1_401' title='bbox 1202 4887 1419 4953; x_wconf 90' lang='lat' dir='ltr'><strong>mentis,</strong></span> <span class='ocrx_word' id='word_1_402' title='bbox 1445 4888 1702 4959; x_wconf 82' lang='lat' dir='ltr'><strong>intelligat</strong></span> <span class='ocrx_word' id='word_1_403' title='bbox 1722 4906 1841 4960; x_wconf 72' lang='lat' dir='ltr'><strong>qua}</strong></span> 
     </span>
    </p>
   </div>
   <div class='ocr_carea' id='block_1_53' title="bbox 268 4976 1842 5048">
    <p class='ocr_par' dir='ltr' id='par_1_53' title="bbox 268 4976 1842 5048">
     <span class='ocr_line' id='line_1_53' title="bbox 268 4976 1842 5048; baseline 0.002 -15"><span class='ocrx_word' id='word_1_404' title='bbox 268 4977 510 5033; x_wconf 89' lang='lat' dir='ltr'><strong>dicturus</strong></span> <span class='ocrx_word' id='word_1_405' title='bbox 530 4993 670 5032; x_wconf 90' lang='lat' dir='ltr'><strong>sum.</strong></span> <span class='ocrx_word' id='word_1_406' title='bbox 698 4977 801 5032; x_wconf 87' lang='lat' dir='ltr'><strong>Ista</strong></span> <span class='ocrx_word' id='word_1_407' title='bbox 832 4977 974 5032; x_wconf 91' lang='lat' dir='ltr'><strong>enim</strong></span> <span class='ocrx_word' id='word_1_408' title='bbox 1001 4979 1261 5033; x_wconf 91' lang='lat' dir='ltr'><strong>comestio</strong></span> <span class='ocrx_word' id='word_1_409' title='bbox 1283 4976 1635 5048; x_wconf 90' lang='lat' dir='ltr'><strong>spiritualiter</strong></span> <span class='ocrx_word' id='word_1_410' title='bbox 1656 4989 1738 5034; x_wconf 89' lang='lat' dir='ltr'><strong>est</strong></span> <span class='ocrx_word' id='word_1_411' title='bbox 1760 4995 1842 5036; x_wconf 89' lang='lat' dir='ltr'><strong>re-</strong></span> 
     </span>
    </p>
   </div>
   <div class='ocr_carea' id='block_1_54' title="bbox 267 5069 1833 5140">
    <p class='ocr_par' dir='ltr' id='par_1_54' title="bbox 267 5069 1833 5140">
     <span class='ocr_line' id='line_1_54' title="bbox 267 5069 1833 5140; baseline 0.003 -17"><span class='ocrx_word' id='word_1_412' title='bbox 267 5071 554 5140; x_wconf 87' lang='lat' dir='ltr'><strong>quirenda,</strong></span> <span class='ocrx_word' id='word_1_413' title='bbox 575 5071 712 5124; x_wconf 89' lang='lat' dir='ltr'><strong>sicut</strong></span> <span class='ocrx_word' id='word_1_414' title='bbox 728 5069 884 5124; x_wconf 89' lang='lat' dir='ltr'><strong>etilla</strong></span> <span class='ocrx_word' id='word_1_415' title='bbox 907 5069 972 5123; x_wconf 91' lang='lat' dir='ltr'><strong>de</strong></span> <span class='ocrx_word' id='word_1_416' title='bbox 991 5085 1095 5140; x_wconf 87' lang='lat' dir='ltr'><strong>qua</strong></span> <span class='ocrx_word' id='word_1_417' title='bbox 1121 5070 1226 5124; x_wconf 87' lang='lat' dir='ltr'><strong>alio</strong></span> <span class='ocrx_word' id='word_1_418' title='bbox 1249 5070 1300 5123; x_wconf 91' lang='lat' dir='ltr'><strong>in</strong></span> <span class='ocrx_word' id='word_1_419' title='bbox 1323 5070 1441 5124; x_wconf 91' lang='lat' dir='ltr'><strong>loco</strong></span> <span class='ocrx_word' id='word_1_420' title='bbox 1465 5071 1663 5126; x_wconf 88' lang='lat' dir='ltr'><strong>dicitur</strong></span> <span class='ocrx_word' id='word_1_421' title='bbox 1689 5090 1700 5126; x_wconf 90' lang='lat'><strong>:</strong></span> <span class='ocrx_word' id='word_1_422' title='bbox 1733 5092 1750 5123; x_wconf 83' lang='grc' dir='ltr'><strong>ι</strong></span> <span class='ocrx_word' id='word_1_423' title='bbox 1776 5070 1833 5128; x_wconf 88' lang='lat' dir='ltr'><strong>Si</strong></span> 
     </span>
    </p>
   </div>
   <div class='ocr_carea' id='block_1_55' title="bbox 265 5160 1828 5234">
    <p class='ocr_par' dir='ltr' id='par_1_55' title="bbox 265 5160 1828 5234">
     <span class='ocr_line' id='line_1_55' title="bbox 265 5160 1828 5234; baseline 0.001 -20"><span class='ocrx_word' id='word_1_424' title='bbox 265 5160 549 5214; x_wconf 66' lang='lat' dir='ltr'><strong>audieritis</strong></span> <span class='ocrx_word' id='word_1_425' title='bbox 586 5175 690 5223; x_wconf 89' lang='lat' dir='ltr'><strong>me,</strong></span> <span class='ocrx_word' id='word_1_426' title='bbox 716 5161 854 5215; x_wconf 90' lang='lat' dir='ltr'><strong>bona</strong></span> <span class='ocrx_word' id='word_1_427' title='bbox 885 5169 1040 5214; x_wconf 83' lang='lat' dir='ltr'><strong>terrae</strong></span> <span class='ocrx_word' id='word_1_428' title='bbox 1063 5161 1356 5215; x_wconf 85' lang='lat' dir='ltr'><strong>comedetis</strong></span> <span class='ocrx_word' id='word_1_429' title='bbox 1383 5160 1559 5232; x_wconf 82' lang='lat' dir='ltr'><strong>(Deut.</strong></span> <span class='ocrx_word' id='word_1_430' title='bbox 1587 5165 1828 5234; x_wconf 54' lang='lat' dir='ltr'><strong>xxvm)»</strong></span> 
     </span>
    </p>
   </div>
   <div class='ocr_carea' id='block_1_56' title="bbox 270 5250 1835 5321">
    <p class='ocr_par' dir='ltr' id='par_1_56' title="bbox 270 5250 1835 5321">
     <span class='ocr_line' id='line_1_56' title="bbox 270 5250 1835 5321; baseline 0.003 -15"><span class='ocrx_word' id='word_1_431' title='bbox 270 5251 427 5306; x_wconf 85' lang='lat' dir='ltr'><strong>Sicut</strong></span> <span class='ocrx_word' id='word_1_432' title='bbox 453 5250 594 5303; x_wconf 90' lang='lat' dir='ltr'><strong>enim</strong></span> <span class='ocrx_word' id='word_1_433' title='bbox 625 5265 820 5320; x_wconf 91' lang='lat' dir='ltr'><strong>corpus</strong></span> <span class='ocrx_word' id='word_1_434' title='bbox 851 5252 1180 5307; x_wconf 88' lang='lat' dir='ltr'><strong>incrassatur</strong></span> <span class='ocrx_word' id='word_1_435' title='bbox 1210 5253 1380 5320; x_wconf 91' lang='lat' dir='ltr'><strong>epulis</strong></span> <span class='ocrx_word' id='word_1_436' title='bbox 1408 5253 1732 5321; x_wconf 87' lang='lat' dir='ltr'><strong>carnalibus,</strong></span> <span class='ocrx_word' id='word_1_437' title='bbox 1762 5257 1835 5311; x_wconf 92' lang='lat' dir='ltr'><strong>ita</strong></span> 
     </span>
    </p>
   </div>
   <div class='ocr_carea' id='block_1_57' title="bbox 268 5337 1836 5411">
    <p class='ocr_par' dir='ltr' id='par_1_57' title="bbox 268 5337 1836 5411">
     <span class='ocr_line' id='line_1_57' title="bbox 268 5337 1836 5411; baseline 0.003 -17"><span class='ocrx_word' id='word_1_438' title='bbox 268 5339 447 5394; x_wconf 79' lang='lat' dir='ltr'><strong>anima</strong></span> <span class='ocrx_word' id='word_1_439' title='bbox 473 5337 709 5390; x_wconf 88' lang='lat' dir='ltr'><strong>reﬁcitur</strong></span> <span class='ocrx_word' id='word_1_440' title='bbox 729 5347 784 5391; x_wconf 89' lang='lat' dir='ltr'><strong>et</strong></span> <span class='ocrx_word' id='word_1_441' title='bbox 808 5339 1166 5408; x_wconf 87' lang='lat' dir='ltr'><strong>impinguatur</strong></span> <span class='ocrx_word' id='word_1_442' title='bbox 1186 5340 1444 5396; x_wconf 90' lang='lat' dir='ltr'><strong>doctrinis</strong></span> <span class='ocrx_word' id='word_1_443' title='bbox 1469 5343 1836 5411; x_wconf 90' lang='lat' dir='ltr'><strong>spiritualibus</strong></span> 
     </span>
    </p>
   </div>
   <div class='ocr_carea' id='block_1_58' title="bbox 268 5427 1832 5488">
    <p class='ocr_par' dir='ltr' id='par_1_58' title="bbox 268 5427 1832 5488">
     <span class='ocr_line' id='line_1_58' title="bbox 268 5427 1832 5488; baseline 0.003 -4"><span class='ocrx_word' id='word_1_444' title='bbox 268 5440 324 5484; x_wconf 87' lang='lat' dir='ltr'><strong>et</strong></span> <span class='ocrx_word' id='word_1_445' title='bbox 361 5429 665 5483; x_wconf 82' lang='lat' dir='ltr'><strong>virtutibus.</strong></span> <span class='ocrx_word' id='word_1_446' title='bbox 712 5427 786 5481; x_wconf 90' lang='lat' dir='ltr'><strong>De</strong></span> <span class='ocrx_word' id='word_1_447' title='bbox 822 5428 922 5481; x_wconf 88' lang='lat' dir='ltr'><strong>hac</strong></span> <span class='ocrx_word' id='word_1_448' title='bbox 956 5430 1312 5485; x_wconf 87' lang='lat' dir='ltr'><strong>crassitudine</strong></span> <span class='ocrx_word' id='word_1_449' title='bbox 1348 5432 1477 5486; x_wconf 91' lang='lat' dir='ltr'><strong>dicit</strong></span> <span class='ocrx_word' id='word_1_450' title='bbox 1512 5431 1832 5488; x_wconf 87' lang='lat' dir='ltr'><strong>Psalmista:</strong></span> 
     </span>
    </p>
   </div>
   <div class='ocr_carea' id='block_1_59' title="bbox 274 5519 1836 5589">
    <p class='ocr_par' dir='ltr' id='par_1_59' title="bbox 274 5519 1836 5589">
     <span class='ocr_line' id='line_1_59' title="bbox 274 5519 1836 5589; baseline 0.004 -19"><span class='ocrx_word' id='word_1_451' title='bbox 274 5540 291 5570; x_wconf 75' lang='grc' dir='ltr'><strong>ι</strong></span> <span class='ocrx_word' id='word_1_452' title='bbox 325 5521 475 5574; x_wconf 76' lang='lat' dir='ltr'><strong>Sicut</strong></span> <span class='ocrx_word' id='word_1_453' title='bbox 518 5519 673 5589; x_wconf 83' lang='lat' dir='ltr'><strong>adipe</strong></span> <span class='ocrx_word' id='word_1_454' title='bbox 719 5526 771 5572; x_wconf 92' lang='lat' dir='ltr'><strong>et</strong></span> <span class='ocrx_word' id='word_1_455' title='bbox 812 5519 1134 5588; x_wconf 81' lang='lat' dir='ltr'><strong>pinguedine</strong></span> <span class='ocrx_word' id='word_1_456' title='bbox 1183 5521 1448 5588; x_wconf 84' lang='lat' dir='ltr'><strong>repleatur</strong></span> <span class='ocrx_word' id='word_1_457' title='bbox 1491 5523 1670 5576; x_wconf 91' lang='lat' dir='ltr'><strong>anima</strong></span> <span class='ocrx_word' id='word_1_458' title='bbox 1715 5538 1836 5578; x_wconf 90' lang='lat' dir='ltr'><strong>mea</strong></span> 
     </span>
    </p>
   </div>
   <div class='ocr_carea' id='block_1_60' title="bbox 269 5608 1834 5684">
    <p class='ocr_par' dir='ltr' id='par_1_60' title="bbox 269 5608 1834 5684">
     <span class='ocr_line' id='line_1_60' title="bbox 269 5608 1834 5684; baseline 0.006 -22"><span class='ocrx_word' id='word_1_459' title='bbox 269 5609 441 5678; x_wconf 80' lang='lat' dir='ltr'><strong>(l’sal.</strong></span> <span class='ocrx_word' id='word_1_460' title='bbox 471 5611 621 5680; x_wconf 72' lang='lat' dir='ltr'><strong>1.x&quot;).</strong></span> <span class='ocrx_word' id='word_1_461' title='bbox 647 5629 664 5661; x_wconf 76' lang='grc' dir='ltr'><strong>ι</strong></span> <span class='ocrx_word' id='word_1_462' title='bbox 695 5610 796 5664; x_wconf 79' lang='lat' dir='ltr'><strong>Et:</strong></span> <span class='ocrx_word' id='word_1_463' title='bbox 837 5629 852 5660; x_wconf 83' lang='grc' dir='ltr'><strong>ι</strong></span> <span class='ocrx_word' id='word_1_464' title='bbox 879 5609 1226 5682; x_wconf 87' lang='lat' dir='ltr'><strong>lmpinguasti</strong></span> <span class='ocrx_word' id='word_1_465' title='bbox 1256 5613 1305 5666; x_wconf 91' lang='lat' dir='ltr'><strong>in</strong></span> <span class='ocrx_word' id='word_1_466' title='bbox 1331 5608 1449 5668; x_wconf 89' lang='lat' dir='ltr'><strong>oleo</strong></span> <span class='ocrx_word' id='word_1_467' title='bbox 1473 5623 1634 5684; x_wconf 88' lang='lat' dir='ltr'><strong>caput</strong></span> <span class='ocrx_word' id='word_1_468' title='bbox 1656 5631 1834 5672; x_wconf 88' lang='lat' dir='ltr'><strong>meum</strong></span> 
     </span>
    </p>
   </div>
   <div class='ocr_carea' id='block_1_61' title="bbox 269 5701 1832 5776">
    <p class='ocr_par' dir='ltr' id='par_1_61' title="bbox 269 5701 1832 5776">
     <span class='ocr_line' id='line_1_61' title="bbox 269 5701 1832 5776; baseline 0.008 -24"><span class='ocrx_word' id='word_1_469' title='bbox 269 5701 439 5773; x_wconf 76' lang='lat' dir='ltr'><strong>(l’sul.</strong></span> <span class='ocrx_word' id='word_1_470' title='bbox 471 5705 625 5772; x_wconf 70' lang='grc' dir='ltr'>χχιι).</span> <span class='ocrx_word' id='word_1_471' title='bbox 657 5723 674 5755; x_wconf 79' lang='grc' dir='ltr'><strong>ι</strong></span> <span class='ocrx_word' id='word_1_472' title='bbox 709 5703 903 5758; x_wconf 83' lang='lat' dir='ltr'><strong>Audite</strong></span> <span class='ocrx_word' id='word_1_473' title='bbox 932 5703 1168 5774; x_wconf 87' lang='lat' dir='ltr'><strong>(inquit)</strong></span> <span class='ocrx_word' id='word_1_474' title='bbox 1201 5706 1479 5762; x_wconf 89' lang='lat' dir='ltr'><strong>audientes</strong></span> <span class='ocrx_word' id='word_1_475' title='bbox 1505 5723 1610 5772; x_wconf 89' lang='lat' dir='ltr'><strong>me,</strong></span> <span class='ocrx_word' id='word_1_476' title='bbox 1650 5709 1700 5764; x_wconf 87' lang='lat' dir='ltr'><strong>id</strong></span> <span class='ocrx_word' id='word_1_477' title='bbox 1728 5720 1832 5776; x_wconf 89' lang='lat' dir='ltr'><strong>est,</strong></span> 
     </span>
    </p>
   </div>
   <div class='ocr_carea' id='block_1_62' title="bbox 268 5793 1835 5868">
    <p class='ocr_par' dir='ltr' id='par_1_62' title="bbox 268 5793 1835 5868">
     <span class='ocr_line' id='line_1_62' title="bbox 268 5793 1835 5868; baseline 0.006 -22"><span class='ocrx_word' id='word_1_478' title='bbox 268 5793 546 5864; x_wconf 75' lang='lat' dir='ltr'><strong>intelligite</strong></span> <span class='ocrx_word' id='word_1_479' title='bbox 571 5810 690 5847; x_wconf 79' lang='lat' dir='ltr'><strong>utne</strong></span> <span class='ocrx_word' id='word_1_480' title='bbox 719 5811 818 5864; x_wconf 86' lang='lat' dir='ltr'><strong>ego</strong></span> <span class='ocrx_word' id='word_1_481' title='bbox 845 5796 1086 5850; x_wconf 84' lang='lat' dir='ltr'><strong>dicturus</strong></span> <span class='ocrx_word' id='word_1_482' title='bbox 1111 5799 1357 5868; x_wconf 85' lang='lat' dir='ltr'><strong>sum.qui</strong></span> <span class='ocrx_word' id='word_1_483' title='bbox 1396 5799 1604 5856; x_wconf 86' lang='lat' dir='ltr'><strong>habetis</strong></span> <span class='ocrx_word' id='word_1_484' title='bbox 1640 5801 1835 5858; x_wconf 90' lang='lat' dir='ltr'><strong>intelli-</strong></span> 
     </span>
    </p>
   </div>
   <div class='ocr_carea' id='block_1_63' title="bbox 629 5887 1160 5953">
    <p class='ocr_par' dir='ltr' id='par_1_63' title="bbox 629 5887 1160 5953">
     <span class='ocr_line' id='line_1_63' title="bbox 629 5887 1160 5953; baseline 0.008 -5"><span class='ocrx_word' id='word_1_485' title='bbox 629 5887 894 5948; x_wconf 67' lang='lat' dir='ltr'><strong>PA&#39;raot..</strong></span> <span class='ocrx_word' id='word_1_486' title='bbox 943 5889 1039 5949; x_wconf 62' lang='lat' dir='ltr'><strong>CX</strong></span> <span class='ocrx_word' id='word_1_487' title='bbox 1060 5891 1160 5953; x_wconf 69' lang='lat' dir='ltr'><strong>Vl.</strong></span> 
     </span>
    </p>
   </div>
   <div class='ocr_carea' id='block_1_64' title="bbox 1930 615 3512 688">
    <p class='ocr_par' dir='ltr' id='par_1_64' title="bbox 1930 615 3512 688">
     <span class='ocr_line' id='line_1_64' title="bbox 1930 615 3512 688; baseline 0.003 -21"><span class='ocrx_word' id='word_1_488' title='bbox 1930 619 2073 668; x_wconf 90' lang='lat' dir='ltr'><strong>stum</strong></span> <span class='ocrx_word' id='word_1_489' title='bbox 2095 622 2240 669; x_wconf 88' lang='lat' dir='ltr'><strong>recte</strong></span> <span class='ocrx_word' id='word_1_490' title='bbox 2259 615 2527 670; x_wconf 88' lang='lat' dir='ltr'><strong>credendo</strong></span> <span class='ocrx_word' id='word_1_491' title='bbox 2549 625 2605 669; x_wconf 90' lang='lat' dir='ltr'><strong>et</strong></span> <span class='ocrx_word' id='word_1_492' title='bbox 2622 616 2759 670; x_wconf 89' lang='lat' dir='ltr'><strong>bene</strong></span> <span class='ocrx_word' id='word_1_493' title='bbox 2779 615 3029 680; x_wconf 88' lang='lat' dir='ltr'><strong>vivendo,</strong></span> <span class='ocrx_word' id='word_1_494' title='bbox 3051 616 3141 684; x_wconf 86' lang='lat' dir='ltr'><strong>qui</strong></span> <span class='ocrx_word' id='word_1_495' title='bbox 3165 616 3299 671; x_wconf 82' lang='lat' dir='ltr'><strong>dixit</strong></span> <span class='ocrx_word' id='word_1_496' title='bbox 3321 633 3334 669; x_wconf 94' lang='lat'>:</span> <span class='ocrx_word' id='word_1_497' title='bbox 3363 634 3382 668; x_wconf 73' lang='grc' dir='ltr'><strong>ι</strong></span> <span class='ocrx_word' id='word_1_498' title='bbox 3399 615 3512 688; x_wconf 86' lang='lat' dir='ltr'><strong>Ego</strong></span> 
     </span>
    </p>
   </div>
   <div class='ocr_carea' id='block_1_65' title="bbox 1930 705 3514 778">
    <p class='ocr_par' dir='ltr' id='par_1_65' title="bbox 1930 705 3514 778">
     <span class='ocr_line' id='line_1_65' title="bbox 1930 705 3514 778; baseline 0.003 -19"><span class='ocrx_word' id='word_1_499' title='bbox 1930 720 2048 759; x_wconf 91' lang='lat' dir='ltr'><strong>sum</strong></span> <span class='ocrx_word' id='word_1_500' title='bbox 2075 713 2259 774; x_wconf 90' lang='lat' dir='ltr'><strong>pastor</strong></span> <span class='ocrx_word' id='word_1_501' title='bbox 2281 705 2457 760; x_wconf 90' lang='lat' dir='ltr'><strong>bonus</strong></span> <span class='ocrx_word' id='word_1_502' title='bbox 2488 705 2680 777; x_wconf 85' lang='lat' dir='ltr'><strong>(Joan.</strong></span> <span class='ocrx_word' id='word_1_503' title='bbox 2715 705 2806 776; x_wconf 64' lang='grc' dir='ltr'><strong>χ).</strong></span> <span class='ocrx_word' id='word_1_504' title='bbox 2840 727 2865 758; x_wconf 67' lang='grc' dir='ltr'><strong>ι</strong></span> <span class='ocrx_word' id='word_1_505' title='bbox 2904 705 2998 759; x_wconf 84' lang='lat' dir='ltr'><strong>Vel</strong></span> <span class='ocrx_word' id='word_1_506' title='bbox 3037 706 3200 759; x_wconf 89' lang='lat' dir='ltr'><strong>etiam</strong></span> <span class='ocrx_word' id='word_1_507' title='bbox 3230 705 3514 778; x_wconf 79' lang='lat' dir='ltr'><strong>intelligite</strong></span> 
     </span>
    </p>
   </div>
   <div class='ocr_carea' id='block_1_66' title="bbox 1930 794 3509 865">
    <p class='ocr_par' dir='ltr' id='par_1_66' title="bbox 1930 794 3509 865">
     <span class='ocr_line' id='line_1_66' title="bbox 1930 794 3509 865; baseline 0.001 -16"><span class='ocrx_word' id='word_1_508' title='bbox 1930 802 1984 849; x_wconf 92' lang='lat' dir='ltr'><strong>et</strong></span> <span class='ocrx_word' id='word_1_509' title='bbox 2012 795 2271 864; x_wconf 86' lang='lat' dir='ltr'><strong>percipitc</strong></span> <span class='ocrx_word' id='word_1_510' title='bbox 2300 796 2520 860; x_wconf 88' lang='lat' dir='ltr'><strong>bonum,</strong></span> <span class='ocrx_word' id='word_1_511' title='bbox 2546 796 2770 850; x_wconf 83' lang='lat' dir='ltr'><strong>verbum</strong></span> <span class='ocrx_word' id='word_1_512' title='bbox 2792 795 3087 865; x_wconf 82' lang='lat' dir='ltr'><strong>Evangelii.</strong></span> <span class='ocrx_word' id='word_1_513' title='bbox 3115 794 3193 850; x_wconf 91' lang='lat' dir='ltr'><strong>De</strong></span> <span class='ocrx_word' id='word_1_514' title='bbox 3215 811 3321 865; x_wconf 88' lang='lat' dir='ltr'><strong>quo</strong></span> <span class='ocrx_word' id='word_1_515' title='bbox 3347 795 3509 851; x_wconf 89' lang='lat' dir='ltr'><strong>etiam</strong></span> 
     </span>
    </p>
   </div>
   <div class='ocr_carea' id='block_1_67' title="bbox 1932 883 3514 952">
    <p class='ocr_par' dir='ltr' id='par_1_67' title="bbox 1932 883 3514 952">
     <span class='ocr_line' id='line_1_67' title="bbox 1932 883 3514 952; baseline 0.002 -12"><span class='ocrx_word' id='word_1_516' title='bbox 1932 883 2130 940; x_wconf 89' lang='lat' dir='ltr'><strong>dicitur</strong></span> <span class='ocrx_word' id='word_1_517' title='bbox 2156 903 2168 937; x_wconf 90' lang='lat'><strong>:</strong></span> <span class='ocrx_word' id='word_1_518' title='bbox 2207 904 2224 934; x_wconf 76' lang='grc' dir='ltr'><strong>ι</strong></span> <span class='ocrx_word' id='word_1_519' title='bbox 2254 883 2513 952; x_wconf 86' lang='lat' dir='ltr'><strong>Domine,</strong></span> <span class='ocrx_word' id='word_1_520' title='bbox 2556 901 2733 941; x_wconf 90' lang='lat' dir='ltr'><strong>nonne</strong></span> <span class='ocrx_word' id='word_1_521' title='bbox 2760 887 2957 942; x_wconf 90' lang='lat' dir='ltr'><strong>bonum</strong></span> <span class='ocrx_word' id='word_1_522' title='bbox 2990 903 3172 942; x_wconf 91' lang='lat' dir='ltr'><strong>semen</strong></span> <span class='ocrx_word' id='word_1_523' title='bbox 3201 888 3514 944; x_wconf 86' lang='lat' dir='ltr'><strong>seminasti?</strong></span> 
     </span>
    </p>
   </div>
   <div class='ocr_carea' id='block_1_68' title="bbox 1934 972 3512 1046">
    <p class='ocr_par' dir='ltr' id='par_1_68' title="bbox 1934 972 3512 1046">
     <span class='ocr_line' id='line_1_68' title="bbox 1934 972 3512 1046; baseline 0.004 -18"><span class='ocrx_word' id='word_1_524' title='bbox 1934 972 2147 1046; x_wconf 84' lang='lat' dir='ltr'><strong>(Matth.</strong></span> <span class='ocrx_word' id='word_1_525' title='bbox 2175 976 2317 1045; x_wconf 78' lang='lat' dir='ltr'><strong>xm).</strong></span> <span class='ocrx_word' id='word_1_526' title='bbox 2351 997 2367 1028; x_wconf 79' lang='grc' dir='ltr'><strong>ι</strong></span> <span class='ocrx_word' id='word_1_527' title='bbox 2402 977 2470 1032; x_wconf 89' lang='grc' dir='ltr'>Ει</span> <span class='ocrx_word' id='word_1_528' title='bbox 2499 977 2856 1033; x_wconf 83' lang='lat' dir='ltr'><strong>delectabitur</strong></span> <span class='ocrx_word' id='word_1_529' title='bbox 2881 978 2932 1032; x_wconf 90' lang='lat' dir='ltr'><strong>in</strong></span> <span class='ocrx_word' id='word_1_530' title='bbox 2954 977 3311 1033; x_wconf 83' lang='lat' dir='ltr'><strong>crassitudine</strong></span> <span class='ocrx_word' id='word_1_531' title='bbox 3333 979 3512 1034; x_wconf 87' lang='lat' dir='ltr'><strong>anima</strong></span> 
     </span>
    </p>
   </div>
   <div class='ocr_carea' id='block_1_69' title="bbox 1933 1065 3415 1138">
    <p class='ocr_par' dir='ltr' id='par_1_69' title="bbox 1933 1065 3415 1138">
     <span class='ocr_line' id='line_1_69' title="bbox 1933 1065 3415 1138; baseline 0.003 -20"><span class='ocrx_word' id='word_1_532' title='bbox 1933 1073 2133 1130; x_wconf 85' lang='lat' dir='ltr'><strong>vestra,</strong></span> <span class='ocrx_word' id='word_1_533' title='bbox 2165 1065 2217 1119; x_wconf 90' lang='lat' dir='ltr'><strong>id</strong></span> <span class='ocrx_word' id='word_1_534' title='bbox 2242 1074 2342 1131; x_wconf 86' lang='lat' dir='ltr'><strong>est,</strong></span> <span class='ocrx_word' id='word_1_535' title='bbox 2371 1067 2426 1121; x_wconf 86' lang='lat' dir='ltr'><strong>in</strong></span> <span class='ocrx_word' id='word_1_536' title='bbox 2452 1067 2741 1123; x_wconf 85' lang='lat' dir='ltr'><strong>virtutibus</strong></span> <span class='ocrx_word' id='word_1_537' title='bbox 2770 1077 2826 1123; x_wconf 92' lang='lat' dir='ltr'><strong>et</strong></span> <span class='ocrx_word' id='word_1_538' title='bbox 2855 1067 3099 1123; x_wconf 87' lang='lat' dir='ltr'><strong>doctrina</strong></span> <span class='ocrx_word' id='word_1_539' title='bbox 3127 1069 3415 1138; x_wconf 88' lang='lat' dir='ltr'><strong>spirituali.</strong></span> 
     </span>
    </p>
   </div>
   <div class='ocr_carea' id='block_1_70' title="bbox 2011 1154 3530 1238">
    <p class='ocr_par' dir='ltr' id='par_1_70' title="bbox 2011 1154 3530 1238">
     <span class='ocr_line' id='line_1_70' title="bbox 2011 1154 3530 1238; baseline 0.005 -30"><span class='ocrx_word' id='word_1_540' title='bbox 2011 1174 2029 1208; x_wconf 77' lang='grc' dir='ltr'><strong>ι</strong></span> <span class='ocrx_word' id='word_1_541' title='bbox 2051 1154 2313 1214; x_wconf 84' lang='lat' dir='ltr'><strong>lnclinate</strong></span> <span class='ocrx_word' id='word_1_542' title='bbox 2334 1174 2520 1214; x_wconf 89' lang='lat' dir='ltr'><strong>aurem</strong></span> <span class='ocrx_word' id='word_1_543' title='bbox 2548 1169 2808 1224; x_wconf 88' lang='lat' dir='ltr'><strong>vestram,</strong></span> <span class='ocrx_word' id='word_1_544' title='bbox 2835 1181 2852 1212; x_wconf 78' lang='grc' dir='ltr'><strong>ι</strong></span> <span class='ocrx_word' id='word_1_545' title='bbox 2881 1161 2983 1216; x_wconf 93' lang='lat' dir='ltr'><strong>hoc</strong></span> <span class='ocrx_word' id='word_1_546' title='bbox 3011 1169 3094 1216; x_wconf 90' lang='lat' dir='ltr'><strong>est</strong></span> <span class='ocrx_word' id='word_1_547' title='bbox 3115 1160 3391 1217; x_wconf 89' lang='lat' dir='ltr'><strong>humiliter</strong></span> <span class='ocrx_word' id='word_1_548' title='bbox 3416 1177 3530 1238; x_wconf 36' lang='lat' dir='ltr'><strong>au‘</strong></span> 
     </span>
    </p>
   </div>
   <div class='ocr_carea' id='block_1_71' title="bbox 1935 1247 3515 1317">
    <p class='ocr_par' dir='ltr' id='par_1_71' title="bbox 1935 1247 3515 1317">
     <span class='ocr_line' id='line_1_71' title="bbox 1935 1247 3515 1317; baseline 0.002 -12"><span class='ocrx_word' id='word_1_549' title='bbox 1935 1247 2044 1305; x_wconf 88' lang='lat' dir='ltr'><strong>dite</strong></span> <span class='ocrx_word' id='word_1_550' title='bbox 2067 1265 2173 1316; x_wconf 88' lang='lat' dir='ltr'><strong>me,</strong></span> <span class='ocrx_word' id='word_1_551' title='bbox 2212 1268 2231 1301; x_wconf 84' lang='grc'><strong><em>‹</em></strong></span> <span class='ocrx_word' id='word_1_552' title='bbox 2251 1258 2306 1305; x_wconf 91' lang='lat' dir='ltr'><strong>et</strong></span> <span class='ocrx_word' id='word_1_553' title='bbox 2335 1251 2531 1317; x_wconf 87' lang='lat' dir='ltr'><strong>venite,</strong></span> <span class='ocrx_word' id='word_1_554' title='bbox 2556 1271 2574 1304; x_wconf 71' lang='grc' dir='ltr'><strong>ι</strong></span> <span class='ocrx_word' id='word_1_555' title='bbox 2605 1252 2860 1308; x_wconf 90' lang='lat' dir='ltr'><strong>subaudis</strong></span> <span class='ocrx_word' id='word_1_556' title='bbox 2881 1253 2945 1307; x_wconf 88' lang='lat' dir='ltr'><strong>ad</strong></span> <span class='ocrx_word' id='word_1_557' title='bbox 2977 1269 3086 1316; x_wconf 86' lang='lat' dir='ltr'><strong>me,</strong></span> <span class='ocrx_word' id='word_1_558' title='bbox 3120 1267 3223 1307; x_wconf 90' lang='lat' dir='ltr'><strong>non</strong></span> <span class='ocrx_word' id='word_1_559' title='bbox 3253 1252 3392 1317; x_wconf 89' lang='lat' dir='ltr'><strong>loco,</strong></span> <span class='ocrx_word' id='word_1_560' title='bbox 3422 1255 3515 1309; x_wconf 86' lang='lat' dir='ltr'><strong>sed</strong></span> 
     </span>
    </p>
   </div>
   <div class='ocr_carea' id='block_1_72' title="bbox 1935 1338 3510 1416">
    <p class='ocr_par' dir='ltr' id='par_1_72' title="bbox 1935 1338 3510 1416">
     <span class='ocr_line' id='line_1_72' title="bbox 1935 1338 3510 1416; baseline 0.004 -24"><span class='ocrx_word' id='word_1_561' title='bbox 1935 1338 2149 1416; x_wconf 78' lang='lat' dir='ltr'><strong>merito,</strong></span> <span class='ocrx_word' id='word_1_562' title='bbox 2179 1348 2324 1395; x_wconf 89' lang='lat' dir='ltr'><strong>recte</strong></span> <span class='ocrx_word' id='word_1_563' title='bbox 2348 1341 2641 1406; x_wconf 89' lang='lat' dir='ltr'><strong>credendo,</strong></span> <span class='ocrx_word' id='word_1_564' title='bbox 2671 1352 2726 1397; x_wconf 88' lang='lat' dir='ltr'><strong>et</strong></span> <span class='ocrx_word' id='word_1_565' title='bbox 2759 1342 2894 1398; x_wconf 87' lang='lat' dir='ltr'><strong>bene</strong></span> <span class='ocrx_word' id='word_1_566' title='bbox 2917 1343 3165 1399; x_wconf 85' lang='lat' dir='ltr'><strong>vivendo.</strong></span> <span class='ocrx_word' id='word_1_567' title='bbox 3196 1361 3214 1394; x_wconf 74' lang='grc' dir='ltr'><strong>ι</strong></span> <span class='ocrx_word' id='word_1_568' title='bbox 3242 1344 3458 1409; x_wconf 84' lang='lat' dir='ltr'><strong>Audite,</strong></span> <span class='ocrx_word' id='word_1_569' title='bbox 3491 1366 3510 1398; x_wconf 74' lang='grc' dir='ltr'><strong>ι</strong></span> 
     </span>
    </p>
   </div>
   <div class='ocr_carea' id='block_1_73' title="bbox 1936 1427 3511 1500">
    <p class='ocr_par' dir='ltr' id='par_1_73' title="bbox 1936 1427 3511 1500">
     <span class='ocr_line' id='line_1_73' title="bbox 1936 1427 3511 1500; baseline 0.004 -16"><span class='ocrx_word' id='word_1_570' title='bbox 1936 1427 1990 1484; x_wconf 88' lang='lat' dir='ltr'><strong>id</strong></span> <span class='ocrx_word' id='word_1_571' title='bbox 2018 1438 2100 1484; x_wconf 92' lang='lat' dir='ltr'><strong>est</strong></span> <span class='ocrx_word' id='word_1_572' title='bbox 2134 1431 2347 1486; x_wconf 90' lang='lat' dir='ltr'><strong>obedite</strong></span> <span class='ocrx_word' id='word_1_573' title='bbox 2371 1432 2550 1487; x_wconf 79' lang='lat' dir='ltr'><strong>verbis</strong></span> <span class='ocrx_word' id='word_1_574' title='bbox 2575 1433 2728 1498; x_wconf 87' lang='lat' dir='ltr'><strong>meis,</strong></span> <span class='ocrx_word' id='word_1_575' title='bbox 2761 1453 2779 1484; x_wconf 77' lang='grc' dir='ltr'><strong>ι</strong></span> <span class='ocrx_word' id='word_1_576' title='bbox 2807 1442 2862 1488; x_wconf 84' lang='grc' dir='ltr'><strong>ει</strong></span> <span class='ocrx_word' id='word_1_577' title='bbox 2883 1434 3028 1489; x_wconf 85' lang='lat' dir='ltr'><strong>vivet</strong></span> <span class='ocrx_word' id='word_1_578' title='bbox 3051 1435 3231 1490; x_wconf 91' lang='lat' dir='ltr'><strong>anima</strong></span> <span class='ocrx_word' id='word_1_579' title='bbox 3267 1446 3464 1500; x_wconf 88' lang='lat' dir='ltr'><strong>vestra,</strong></span> <span class='ocrx_word' id='word_1_580' title='bbox 3495 1458 3511 1490; x_wconf 77' lang='grc' dir='ltr'><strong>ι</strong></span> 
     </span>
    </p>
   </div>
   <div class='ocr_carea' id='block_1_74' title="bbox 1937 1520 3518 1598">
    <p class='ocr_par' dir='ltr' id='par_1_74' title="bbox 1937 1520 3518 1598">
     <span class='ocr_line' id='line_1_74' title="bbox 1937 1520 3518 1598; baseline 0.005 -24"><span class='ocrx_word' id='word_1_581' title='bbox 1937 1520 2214 1584; x_wconf 84' lang='lat' dir='ltr'><strong>subaudis,</strong></span> <span class='ocrx_word' id='word_1_582' title='bbox 2248 1521 2298 1575; x_wconf 89' lang='lat' dir='ltr'><strong>in</strong></span> <span class='ocrx_word' id='word_1_583' title='bbox 2347 1520 2455 1574; x_wconf 87' lang='lat' dir='ltr'><strong>vita</strong></span> <span class='ocrx_word' id='word_1_584' title='bbox 2501 1529 2703 1577; x_wconf 65' lang='lat' dir='ltr'><strong>acterna</strong></span> <span class='ocrx_word' id='word_1_585' title='bbox 2752 1523 2998 1580; x_wconf 87' lang='lat' dir='ltr'><strong>habendo</strong></span> <span class='ocrx_word' id='word_1_586' title='bbox 3034 1525 3086 1578; x_wconf 88' lang='lat' dir='ltr'><strong>in</strong></span> <span class='ocrx_word' id='word_1_587' title='bbox 3127 1540 3185 1580; x_wconf 92' lang='lat' dir='ltr'><strong>se</strong></span> <span class='ocrx_word' id='word_1_588' title='bbox 3220 1526 3386 1581; x_wconf 91' lang='lat' dir='ltr'><strong>Deum</strong></span> <span class='ocrx_word' id='word_1_589' title='bbox 3425 1529 3518 1598; x_wconf 88' lang='lat' dir='ltr'><strong>qui</strong></span> 
     </span>
    </p>
   </div>
   <div class='ocr_carea' id='block_1_75' title="bbox 1937 1604 3521 1678">
    <p class='ocr_par' dir='ltr' id='par_1_75' title="bbox 1937 1604 3521 1678">
     <span class='ocr_line' id='line_1_75' title="bbox 1937 1604 3521 1678; baseline 0.009 -19"><span class='ocrx_word' id='word_1_590' title='bbox 1937 1618 2157 1678; x_wconf 77' lang='lat' dir='ltr'><strong>praestat</strong></span> <span class='ocrx_word' id='word_1_591' title='bbox 2184 1607 2348 1664; x_wconf 86' lang='lat' dir='ltr'><strong>vitam</strong></span> <span class='ocrx_word' id='word_1_592' title='bbox 2384 1611 2439 1663; x_wconf 89' lang='lat' dir='ltr'><strong>in</strong></span> <span class='ocrx_word' id='word_1_593' title='bbox 2471 1625 2534 1665; x_wconf 91' lang='lat' dir='ltr'><strong>sc</strong></span> <span class='ocrx_word' id='word_1_594' title='bbox 2569 1604 2934 1669; x_wconf 84' lang='lat' dir='ltr'><strong>credentibus.</strong></span> <span class='ocrx_word' id='word_1_595' title='bbox 2969 1632 2989 1664; x_wconf 88' lang='grc'>‹</span> <span class='ocrx_word' id='word_1_596' title='bbox 3026 1614 3094 1668; x_wconf 84' lang='lat' dir='ltr'><strong>Et</strong></span> <span class='ocrx_word' id='word_1_597' title='bbox 3122 1613 3309 1670; x_wconf 83' lang='lat' dir='ltr'><strong>feriam</strong></span> <span class='ocrx_word' id='word_1_598' title='bbox 3345 1618 3521 1674; x_wconf 80' lang='lat' dir='ltr'><strong>vobis-</strong></span> 
     </span>
    </p>
   </div>
   <div class='ocr_carea' id='block_1_76' title="bbox 1939 1701 3522 1771">
    <p class='ocr_par' dir='ltr' id='par_1_76' title="bbox 1939 1701 3522 1771">
     <span class='ocr_line' id='line_1_76' title="bbox 1939 1701 3522 1771; baseline 0.007 -17"><span class='ocrx_word' id='word_1_599' title='bbox 1939 1715 2060 1754; x_wconf 90' lang='lat' dir='ltr'><strong>cum</strong></span> <span class='ocrx_word' id='word_1_600' title='bbox 2105 1709 2321 1770; x_wconf 87' lang='lat' dir='ltr'><strong>pactum</strong></span> <span class='ocrx_word' id='word_1_601' title='bbox 2360 1701 2782 1771; x_wconf 87' lang='lat' dir='ltr'><strong>sempiternum,</strong></span> <span class='ocrx_word' id='word_1_602' title='bbox 2820 1705 3224 1763; x_wconf 88' lang='lat' dir='ltr'><strong>misericordias</strong></span> <span class='ocrx_word' id='word_1_603' title='bbox 3258 1709 3424 1765; x_wconf 87' lang='lat' dir='ltr'><strong>David</strong></span> <span class='ocrx_word' id='word_1_604' title='bbox 3461 1709 3522 1764; x_wconf 90' lang='lat' dir='ltr'><strong>ﬁ-</strong></span> 
     </span>
    </p>
   </div>
   <div class='ocr_carea' id='block_1_77' title="bbox 1940 1791 3522 1873">
    <p class='ocr_par' dir='ltr' id='par_1_77' title="bbox 1940 1791 3522 1873">
     <span class='ocr_line' id='line_1_77' title="bbox 1940 1791 3522 1873; baseline 0.008 -27"><span class='ocrx_word' id='word_1_605' title='bbox 1940 1791 2107 1847; x_wconf 87' lang='lat' dir='ltr'><strong>deles.</strong></span> <span class='ocrx_word' id='word_1_606' title='bbox 2142 1812 2159 1843; x_wconf 76' lang='grc' dir='ltr'><strong>ι</strong></span> <span class='ocrx_word' id='word_1_607' title='bbox 2183 1791 2262 1845; x_wconf 84' lang='lat' dir='ltr'><strong>Ad</strong></span> <span class='ocrx_word' id='word_1_608' title='bbox 2290 1791 2504 1848; x_wconf 67' lang='lat' dir='ltr'><strong>Judteos</strong></span> <span class='ocrx_word' id='word_1_609' title='bbox 2525 1793 2764 1863; x_wconf 89' lang='lat' dir='ltr'><strong>loquitur</strong></span> <span class='ocrx_word' id='word_1_610' title='bbox 2785 1795 2907 1851; x_wconf 90' lang='lat' dir='ltr'><strong>ista.</strong></span> <span class='ocrx_word' id='word_1_611' title='bbox 2939 1796 3124 1854; x_wconf 85' lang='lat' dir='ltr'><strong>Ferire</strong></span> <span class='ocrx_word' id='word_1_612' title='bbox 3149 1800 3378 1857; x_wconf 91' lang='lat' dir='ltr'><strong>dicimus</strong></span> <span class='ocrx_word' id='word_1_613' title='bbox 3400 1817 3522 1873; x_wconf 90' lang='lat' dir='ltr'><strong>per-</strong></span> 
     </span>
    </p>
   </div>
   <div class='ocr_carea' id='block_1_78' title="bbox 2666 1885 3520 1947">
    <p class='ocr_par' dir='ltr' id='par_1_78' title="bbox 2666 1885 3520 1947">
     <span class='ocr_line' id='line_1_78' title="bbox 2666 1885 3520 1947; baseline 0.012 -10"><span class='ocrx_word' id='word_1_614' title='bbox 2666 1907 2682 1937; x_wconf 79' lang='grc' dir='ltr'><strong>ι</strong></span> <span class='ocrx_word' id='word_1_615' title='bbox 2714 1885 2987 1943; x_wconf 85' lang='lat' dir='ltr'><strong>Percussit</strong></span> <span class='ocrx_word' id='word_1_616' title='bbox 3015 1889 3288 1945; x_wconf 80' lang='lat' dir='ltr'><strong>Abraham</strong></span> <span class='ocrx_word' id='word_1_617' title='bbox 3340 1891 3520 1947; x_wconf 66' lang='lat' dir='ltr'><strong>{cadus</strong></span> 
     </span>
    </p>
   </div>
   <div class='ocr_carea' id='block_1_79' title="bbox 1941 1970 3523 2051">
    <p class='ocr_par' dir='ltr' id='par_1_79' title="bbox 1941 1970 3523 2051">
     <span class='ocr_line' id='line_1_79' title="bbox 1941 1970 3523 2051; baseline 0.005 -25"><span class='ocrx_word' id='word_1_618' title='bbox 1941 1970 2094 2042; x_wconf 82' lang='lat' dir='ltr'><strong>(Cen.</strong></span> <span class='ocrx_word' id='word_1_619' title='bbox 2121 1973 2214 2044; x_wconf 82' lang='lat' dir='ltr'><strong>Li),</strong></span> <span class='ocrx_word' id='word_1_620' title='bbox 2243 1992 2261 2023; x_wconf 76' lang='grc' dir='ltr'><strong>ι</strong></span> <span class='ocrx_word' id='word_1_621' title='bbox 2294 1973 2346 2028; x_wconf 90' lang='lat' dir='ltr'><strong>id</strong></span> <span class='ocrx_word' id='word_1_622' title='bbox 2365 1981 2450 2028; x_wconf 88' lang='lat' dir='ltr'><strong>est</strong></span> <span class='ocrx_word' id='word_1_623' title='bbox 2476 1975 2706 2030; x_wconf 83' lang='lat' dir='ltr'><strong>hostiam</strong></span> <span class='ocrx_word' id='word_1_624' title='bbox 2730 1977 3052 2042; x_wconf 81' lang='lat' dir='ltr'><strong>pro-foedere</strong></span> <span class='ocrx_word' id='word_1_625' title='bbox 3074 1989 3129 2034; x_wconf 90' lang='lat' dir='ltr'><strong>et</strong></span> <span class='ocrx_word' id='word_1_626' title='bbox 3158 1989 3336 2051; x_wconf 81' lang='lat' dir='ltr'><strong>pacto.</strong></span> <span class='ocrx_word' id='word_1_627' title='bbox 3369 1981 3523 2038; x_wconf 82' lang='lat' dir='ltr'><strong>Sicut</strong></span> 
     </span>
    </p>
   </div>
   <div class='ocr_carea' id='block_1_80' title="bbox 1936 2061 3523 2143">
    <p class='ocr_par' dir='ltr' id='par_1_80' title="bbox 1936 2061 3523 2143">
     <span class='ocr_line' id='line_1_80' title="bbox 1936 2061 3523 2143; baseline 0.008 -28"><span class='ocrx_word' id='word_1_628' title='bbox 1936 2061 2133 2133; x_wconf 85' lang='lat' dir='ltr'><strong>legitur</strong></span> <span class='ocrx_word' id='word_1_629' title='bbox 2154 2063 2206 2117; x_wconf 92' lang='lat' dir='ltr'><strong>in</strong></span> <span class='ocrx_word' id='word_1_630' title='bbox 2233 2061 2412 2118; x_wconf 79' lang='lat' dir='ltr'><strong>Veteri</strong></span> <span class='ocrx_word' id='word_1_631' title='bbox 2439 2062 2808 2135; x_wconf 88' lang='lat' dir='ltr'><strong>Testamento,</strong></span> <span class='ocrx_word' id='word_1_632' title='bbox 2834 2068 2957 2140; x_wconf 91' lang='lat' dir='ltr'><strong>quia</strong></span> <span class='ocrx_word' id='word_1_633' title='bbox 2977 2068 3237 2126; x_wconf 90' lang='lat' dir='ltr'><strong>Dominus</strong></span> <span class='ocrx_word' id='word_1_634' title='bbox 3259 2073 3523 2143; x_wconf 83' lang='lat' dir='ltr'><strong>sanguine</strong></span> 
     </span>
    </p>
   </div>
   <div class='ocr_carea' id='block_1_81' title="bbox 1936 2154 3524 2231">
    <p class='ocr_par' dir='ltr' id='par_1_81' title="bbox 1936 2154 3524 2231">
     <span class='ocr_line' id='line_1_81' title="bbox 1936 2154 3524 2231; baseline 0.006 -22"><span class='ocrx_word' id='word_1_635' title='bbox 1936 2154 2236 2221; x_wconf 91' lang='lat' dir='ltr'><strong>hircorum,</strong></span> <span class='ocrx_word' id='word_1_636' title='bbox 2254 2155 2573 2226; x_wconf 89' lang='lat' dir='ltr'><strong>vitulorum,</strong></span> <span class='ocrx_word' id='word_1_637' title='bbox 2597 2167 2652 2214; x_wconf 91' lang='lat' dir='ltr'><strong>et</strong></span> <span class='ocrx_word' id='word_1_638' title='bbox 2673 2175 2956 2231; x_wconf 87' lang='lat' dir='ltr'><strong>agnorum,</strong></span> <span class='ocrx_word' id='word_1_639' title='bbox 2983 2161 3328 2217; x_wconf 87' lang='lat' dir='ltr'><strong>conllrmavit</strong></span> <span class='ocrx_word' id='word_1_640' title='bbox 3351 2163 3524 2219; x_wconf 76' lang='lat' dir='ltr'><strong>ftedus</strong></span> 
     </span>
    </p>
   </div>
   <div class='ocr_carea' id='block_1_82' title="bbox 1935 2244 3520 2325">
    <p class='ocr_par' dir='ltr' id='par_1_82' title="bbox 1935 2244 3520 2325">
     <span class='ocr_line' id='line_1_82' title="bbox 1935 2244 3520 2325; baseline 0.005 -25"><span class='ocrx_word' id='word_1_641' title='bbox 1935 2244 2079 2316; x_wconf 88' lang='lat' dir='ltr'><strong>quod</strong></span> <span class='ocrx_word' id='word_1_642' title='bbox 2117 2248 2382 2318; x_wconf 89' lang='lat' dir='ltr'><strong>percussit</strong></span> <span class='ocrx_word' id='word_1_643' title='bbox 2419 2264 2542 2304; x_wconf 91' lang='lat' dir='ltr'><strong>cum</strong></span> <span class='ocrx_word' id='word_1_644' title='bbox 2589 2248 2715 2305; x_wconf 87' lang='lat' dir='ltr'><strong>ﬁliis</strong></span> <span class='ocrx_word' id='word_1_645' title='bbox 2752 2249 2936 2315; x_wconf 77' lang='lat' dir='ltr'><strong>Israel,</strong></span> <span class='ocrx_word' id='word_1_646' title='bbox 2970 2251 3106 2308; x_wconf 92' lang='lat' dir='ltr'><strong>dans</strong></span> <span class='ocrx_word' id='word_1_647' title='bbox 3143 2253 3224 2308; x_wconf 88' lang='lat' dir='ltr'><strong>eis</strong></span> <span class='ocrx_word' id='word_1_648' title='bbox 3257 2253 3520 2325; x_wconf 87' lang='lat' dir='ltr'><strong>legitima.</strong></span> 
     </span>
    </p>
   </div>
   <div class='ocr_carea' id='block_1_83' title="bbox 1937 2337 3520 2412">
    <p class='ocr_par' dir='ltr' id='par_1_83' title="bbox 1937 2337 3520 2412">
     <span class='ocr_line' id='line_1_83' title="bbox 1937 2337 3520 2412; baseline 0.005 -20"><span class='ocrx_word' id='word_1_649' title='bbox 1937 2337 2136 2394; x_wconf 64' lang='lat' dir='ltr'><strong>Foedus</strong></span> <span class='ocrx_word' id='word_1_650' title='bbox 2171 2343 2313 2410; x_wconf 89' lang='lat' dir='ltr'><strong>quod</strong></span> <span class='ocrx_word' id='word_1_651' title='bbox 2344 2340 2547 2412; x_wconf 85' lang='lat' dir='ltr'><strong>pepigit</strong></span> <span class='ocrx_word' id='word_1_652' title='bbox 2583 2341 2864 2398; x_wconf 88' lang='lat' dir='ltr'><strong>nobiscum</strong></span> <span class='ocrx_word' id='word_1_653' title='bbox 2889 2342 2942 2396; x_wconf 92' lang='lat' dir='ltr'><strong>in</strong></span> <span class='ocrx_word' id='word_1_654' title='bbox 2971 2340 3121 2398; x_wconf 86' lang='lat' dir='ltr'><strong>Novo</strong></span> <span class='ocrx_word' id='word_1_655' title='bbox 3152 2344 3520 2410; x_wconf 86' lang='lat' dir='ltr'><strong>Testamento,</strong></span> 
     </span>
    </p>
   </div>
   <div class='ocr_carea' id='block_1_84' title="bbox 1939 2431 3524 2503">
    <p class='ocr_par' dir='ltr' id='par_1_84' title="bbox 1939 2431 3524 2503">
     <span class='ocr_line' id='line_1_84' title="bbox 1939 2431 3524 2503; baseline 0.004 -18"><span class='ocrx_word' id='word_1_656' title='bbox 1939 2431 2198 2501; x_wconf 87' lang='lat' dir='ltr'><strong>sanguine</strong></span> <span class='ocrx_word' id='word_1_657' title='bbox 2229 2431 2349 2485; x_wconf 88' lang='lat' dir='ltr'><strong>Filii</strong></span> <span class='ocrx_word' id='word_1_658' title='bbox 2393 2432 2474 2485; x_wconf 92' lang='lat' dir='ltr'><strong>sui</strong></span> <span class='ocrx_word' id='word_1_659' title='bbox 2520 2431 2883 2499; x_wconf 86' lang='lat' dir='ltr'><strong>conﬁrmavit,</strong></span> <span class='ocrx_word' id='word_1_660' title='bbox 2921 2433 3138 2503; x_wconf 87' lang='lat' dir='ltr'><strong>quando</strong></span> <span class='ocrx_word' id='word_1_661' title='bbox 3178 2433 3326 2489; x_wconf 84' lang='lat' dir='ltr'><strong>dedit</strong></span> <span class='ocrx_word' id='word_1_662' title='bbox 3368 2437 3524 2491; x_wconf 84' lang='lat' dir='ltr'><strong>nobis</strong></span> 
     </span>
    </p>
   </div>
   <div class='ocr_carea' id='block_1_85' title="bbox 1940 2520 3518 2591">
    <p class='ocr_par' dir='ltr' id='par_1_85' title="bbox 1940 2520 3518 2591">
     <span class='ocr_line' id='line_1_85' title="bbox 1940 2520 3518 2591; baseline 0.005 -16"><span class='ocrx_word' id='word_1_663' title='bbox 1940 2521 2305 2591; x_wconf 85' lang='lat' dir='ltr'><strong>Evangelium.</strong></span> <span class='ocrx_word' id='word_1_664' title='bbox 2327 2520 2506 2589; x_wconf 82' lang='lat' dir='ltr'><strong>Quare</strong></span> <span class='ocrx_word' id='word_1_665' title='bbox 2529 2532 2709 2578; x_wconf 87' lang='lat' dir='ltr'><strong>autem</strong></span> <span class='ocrx_word' id='word_1_666' title='bbox 2729 2522 2876 2588; x_wconf 87' lang='lat' dir='ltr'><strong>dicit,</strong></span> <span class='ocrx_word' id='word_1_667' title='bbox 2913 2541 2931 2574; x_wconf 76' lang='grc' dir='ltr'><strong>ι</strong></span> <span class='ocrx_word' id='word_1_668' title='bbox 2951 2533 3002 2577; x_wconf 85' lang='grc' dir='ltr'><strong>ει</strong></span> <span class='ocrx_word' id='word_1_669' title='bbox 3025 2523 3213 2580; x_wconf 80' lang='lat' dir='ltr'><strong>feriam</strong></span> <span class='ocrx_word' id='word_1_670' title='bbox 3240 2526 3518 2583; x_wconf 89' lang='lat' dir='ltr'><strong>vobiscum</strong></span> 
     </span>
    </p>
   </div>
   <div class='ocr_carea' id='block_1_86' title="bbox 1939 2614 3530 2690">
    <p class='ocr_par' dir='ltr' id='par_1_86' title="bbox 1939 2614 3530 2690">
     <span class='ocr_line' id='line_1_86' title="bbox 1939 2614 3530 2690; baseline 0.005 -23"><span class='ocrx_word' id='word_1_671' title='bbox 1939 2622 2155 2682; x_wconf 87' lang='lat' dir='ltr'><strong>pactum</strong></span> <span class='ocrx_word' id='word_1_672' title='bbox 2200 2614 2604 2685; x_wconf 88' lang='lat' dir='ltr'><strong>sempiternum,</strong></span> <span class='ocrx_word' id='word_1_673' title='bbox 2636 2633 2654 2666; x_wconf 78' lang='grc' dir='ltr'><strong>ι</strong></span> <span class='ocrx_word' id='word_1_674' title='bbox 2687 2630 2807 2670; x_wconf 90' lang='lat' dir='ltr'><strong>cum</strong></span> <span class='ocrx_word' id='word_1_675' title='bbox 2851 2616 2981 2672; x_wconf 91' lang='lat' dir='ltr'><strong>illud</strong></span> <span class='ocrx_word' id='word_1_676' title='bbox 3019 2633 3125 2673; x_wconf 92' lang='lat' dir='ltr'><strong>non</strong></span> <span class='ocrx_word' id='word_1_677' title='bbox 3156 2619 3530 2690; x_wconf 83' lang='lat' dir='ltr'><strong>permanserit</strong></span> 
     </span>
    </p>
   </div>
   <div class='ocr_carea' id='block_1_87' title="bbox 1940 2704 3523 2781">
    <p class='ocr_par' dir='ltr' id='par_1_87' title="bbox 1940 2704 3523 2781">
     <span class='ocr_line' id='line_1_87' title="bbox 1940 2704 3523 2781; baseline 0.004 -19"><span class='ocrx_word' id='word_1_678' title='bbox 1940 2706 2270 2762; x_wconf 77' lang='lat' dir='ltr'><strong>aeternaliter</strong></span> <span class='ocrx_word' id='word_1_679' title='bbox 2306 2722 2428 2762; x_wconf 88' lang='lat' dir='ltr'><strong>cum</strong></span> <span class='ocrx_word' id='word_1_680' title='bbox 2475 2707 2616 2762; x_wconf 90' lang='lat' dir='ltr'><strong>illis?</strong></span> <span class='ocrx_word' id='word_1_681' title='bbox 2660 2704 2767 2762; x_wconf 85' lang='lat' dir='ltr'><strong>Sed</strong></span> <span class='ocrx_word' id='word_1_682' title='bbox 2815 2707 3094 2764; x_wconf 89' lang='lat' dir='ltr'><strong>sciendum</strong></span> <span class='ocrx_word' id='word_1_683' title='bbox 3145 2718 3250 2778; x_wconf 88' lang='lat' dir='ltr'><strong>est,</strong></span> <span class='ocrx_word' id='word_1_684' title='bbox 3287 2713 3413 2781; x_wconf 90' lang='lat' dir='ltr'><strong>quia</strong></span> <span class='ocrx_word' id='word_1_685' title='bbox 3455 2712 3523 2769; x_wconf 86' lang='lat' dir='ltr'><strong>de</strong></span> 
     </span>
    </p>
   </div>
   <div class='ocr_carea' id='block_1_88' title="bbox 1939 2792 3526 2873">
    <p class='ocr_par' dir='ltr' id='par_1_88' title="bbox 1939 2792 3526 2873">
     <span class='ocr_line' id='line_1_88' title="bbox 1939 2792 3526 2873; baseline 0.006 -24"><span class='ocrx_word' id='word_1_686' title='bbox 1939 2796 2112 2867; x_wconf 86' lang='lat' dir='ltr'><strong>gratia</strong></span> <span class='ocrx_word' id='word_1_687' title='bbox 2144 2794 2277 2850; x_wconf 84' lang='lat' dir='ltr'><strong>Novi</strong></span> <span class='ocrx_word' id='word_1_688' title='bbox 2311 2792 2648 2851; x_wconf 87' lang='lat' dir='ltr'><strong>Testamenti</strong></span> <span class='ocrx_word' id='word_1_689' title='bbox 2678 2797 2828 2852; x_wconf 88' lang='lat' dir='ltr'><strong>dicit.</strong></span> <span class='ocrx_word' id='word_1_690' title='bbox 2857 2795 2966 2853; x_wconf 79' lang='lat' dir='ltr'><strong>Lex</strong></span> <span class='ocrx_word' id='word_1_691' title='bbox 2997 2799 3140 2855; x_wconf 89' lang='lat' dir='ltr'><strong>enim</strong></span> <span class='ocrx_word' id='word_1_692' title='bbox 3167 2809 3222 2855; x_wconf 91' lang='lat' dir='ltr'><strong>et</strong></span> <span class='ocrx_word' id='word_1_693' title='bbox 3248 2802 3526 2873; x_wconf 77' lang='lat' dir='ltr'><strong>propheta:</strong></span> 
     </span>
    </p>
   </div>
   <div class='ocr_carea' id='block_1_89' title="bbox 1942 2885 3523 2966">
    <p class='ocr_par' dir='ltr' id='par_1_89' title="bbox 1942 2885 3523 2966">
     <span class='ocr_line' id='line_1_89' title="bbox 1942 2885 3523 2966; baseline 0.004 -26"><span class='ocrx_word' id='word_1_694' title='bbox 1942 2901 2112 2957; x_wconf 89' lang='lat' dir='ltr'><strong>usque</strong></span> <span class='ocrx_word' id='word_1_695' title='bbox 2159 2887 2226 2942; x_wconf 90' lang='lat' dir='ltr'><strong>ad</strong></span> <span class='ocrx_word' id='word_1_696' title='bbox 2266 2885 2550 2953; x_wconf 88' lang='lat' dir='ltr'><strong>Joannem,</strong></span> <span class='ocrx_word' id='word_1_697' title='bbox 2586 2903 2653 2943; x_wconf 80' lang='lat' dir='ltr'><strong>ex</strong></span> <span class='ocrx_word' id='word_1_698' title='bbox 2692 2902 2758 2942; x_wconf 87' lang='lat' dir='ltr'><strong>eo</strong></span> <span class='ocrx_word' id='word_1_699' title='bbox 2795 2904 3019 2960; x_wconf 82' lang='lat' dir='ltr'><strong>regnum</strong></span> <span class='ocrx_word' id='word_1_700' title='bbox 3058 2889 3152 2945; x_wconf 90' lang='lat' dir='ltr'><strong>Dei</strong></span> <span class='ocrx_word' id='word_1_701' title='bbox 3187 2889 3402 2962; x_wconf 75' lang='lat' dir='ltr'><strong>(Matth.</strong></span> <span class='ocrx_word' id='word_1_702' title='bbox 3439 2891 3523 2966; x_wconf 86' lang='grc' dir='ltr'>ιι),</span> 
     </span>
    </p>
   </div>
   <div class='ocr_carea' id='block_1_90' title="bbox 1943 2974 3524 3055">
    <p class='ocr_par' dir='ltr' id='par_1_90' title="bbox 1943 2974 3524 3055">
     <span class='ocr_line' id='line_1_90' title="bbox 1943 2974 3524 3055; baseline 0.006 -23"><span class='ocrx_word' id='word_1_703' title='bbox 1943 2977 1994 3032; x_wconf 92' lang='lat' dir='ltr'><strong>id</strong></span> <span class='ocrx_word' id='word_1_704' title='bbox 2036 2986 2120 3033; x_wconf 88' lang='lat' dir='ltr'><strong>est</strong></span> <span class='ocrx_word' id='word_1_705' title='bbox 2163 2977 2514 3049; x_wconf 87' lang='lat' dir='ltr'><strong>Evangelium</strong></span> <span class='ocrx_word' id='word_1_706' title='bbox 2555 2974 2929 3047; x_wconf 86' lang='lat' dir='ltr'><strong>annuntiatur,</strong></span> <span class='ocrx_word' id='word_1_707' title='bbox 2957 2982 3099 3052; x_wconf 92' lang='lat' dir='ltr'><strong>quod</strong></span> <span class='ocrx_word' id='word_1_708' title='bbox 3134 2985 3524 3055; x_wconf 83' lang='lat' dir='ltr'><strong>sempiternum</strong></span> 
     </span>
    </p>
   </div>
   <div class='ocr_carea' id='block_1_91' title="bbox 1941 3067 3526 3137">
    <p class='ocr_par' dir='ltr' id='par_1_91' title="bbox 1941 3067 3526 3137">
     <span class='ocr_line' id='line_1_91' title="bbox 1941 3067 3526 3137; baseline 0.008 -16"><span class='ocrx_word' id='word_1_709' title='bbox 1941 3067 2143 3123; x_wconf 89' lang='lat' dir='ltr'><strong>dicitur</strong></span> <span class='ocrx_word' id='word_1_710' title='bbox 2170 3084 2313 3134; x_wconf 84' lang='lat' dir='ltr'><strong>esse,</strong></span> <span class='ocrx_word' id='word_1_711' title='bbox 2346 3069 2472 3137; x_wconf 92' lang='lat' dir='ltr'><strong>quia</strong></span> <span class='ocrx_word' id='word_1_712' title='bbox 2509 3085 2614 3124; x_wconf 94' lang='lat' dir='ltr'><strong>non</strong></span> <span class='ocrx_word' id='word_1_713' title='bbox 2661 3073 2913 3127; x_wconf 88' lang='lat' dir='ltr'><strong>succedet</strong></span> <span class='ocrx_word' id='word_1_714' title='bbox 2941 3073 2988 3128; x_wconf 92' lang='lat' dir='ltr'><strong>ei</strong></span> <span class='ocrx_word' id='word_1_715' title='bbox 3021 3073 3189 3130; x_wconf 85' lang='lat' dir='ltr'><strong>altera</strong></span> <span class='ocrx_word' id='word_1_716' title='bbox 3231 3075 3339 3131; x_wconf 83' lang='lat' dir='ltr'><strong>lex.</strong></span> <span class='ocrx_word' id='word_1_717' title='bbox 3368 3075 3526 3134; x_wconf 89' lang='lat' dir='ltr'><strong>Unde</strong></span> 
     </span>
    </p>
   </div>
   <div class='ocr_carea' id='block_1_92' title="bbox 1942 3156 3526 3232">
    <p class='ocr_par' dir='ltr' id='par_1_92' title="bbox 1942 3156 3526 3232">
     <span class='ocr_line' id='line_1_92' title="bbox 1942 3156 3526 3232; baseline 0.006 -18"><span class='ocrx_word' id='word_1_718' title='bbox 1942 3167 1998 3214; x_wconf 91' lang='lat' dir='ltr'><strong>et</strong></span> <span class='ocrx_word' id='word_1_719' title='bbox 2022 3156 2332 3214; x_wconf 69' lang='lat' dir='ltr'><strong>Joannes&#39;in</strong></span> <span class='ocrx_word' id='word_1_720' title='bbox 2359 3159 2676 3232; x_wconf 84' lang='lat' dir='ltr'><strong>Apocalypsi</strong></span> <span class='ocrx_word' id='word_1_721' title='bbox 2703 3177 2820 3226; x_wconf 89' lang='lat' dir='ltr'><strong>sua,</strong></span> <span class='ocrx_word' id='word_1_722' title='bbox 2845 3161 2976 3217; x_wconf 90' lang='lat' dir='ltr'><strong>dicit</strong></span> <span class='ocrx_word' id='word_1_723' title='bbox 2998 3179 3056 3218; x_wconf 91' lang='lat' dir='ltr'><strong>se</strong></span> <span class='ocrx_word' id='word_1_724' title='bbox 3087 3182 3106 3215; x_wconf 76' lang='grc' dir='ltr'><strong>ι</strong></span> <span class='ocrx_word' id='word_1_725' title='bbox 3129 3165 3328 3222; x_wconf 91' lang='lat' dir='ltr'><strong>vidisse</strong></span> <span class='ocrx_word' id='word_1_726' title='bbox 3351 3166 3526 3223; x_wconf 79' lang='lat' dir='ltr'><strong>Evan-</strong></span> 
     </span>
    </p>
   </div>
   <div class='ocr_carea' id='block_1_93' title="bbox 1939 3244 3526 3323">
    <p class='ocr_par' dir='ltr' id='par_1_93' title="bbox 1939 3244 3526 3323">
     <span class='ocr_line' id='line_1_93' title="bbox 1939 3244 3526 3323; baseline 0.008 -21"><span class='ocrx_word' id='word_1_727' title='bbox 1939 3244 2137 3320; x_wconf 85' lang='lat' dir='ltr'><strong>gelium</strong></span> <span class='ocrx_word' id='word_1_728' title='bbox 2168 3260 2428 3305; x_wconf 68' lang='lat' dir='ltr'><strong>internum</strong></span> <span class='ocrx_word' id='word_1_729' title='bbox 2461 3251 2642 3320; x_wconf 78' lang='lat' dir='ltr'><strong>(Apoc.</strong></span> <span class='ocrx_word' id='word_1_730' title='bbox 2677 3253 2808 3323; x_wconf 70' lang='lat' dir='ltr'><strong>xxv).</strong></span> <span class='ocrx_word' id='word_1_731' title='bbox 2835 3272 2852 3303; x_wconf 75' lang='grc' dir='ltr'><strong>ι</strong></span> <span class='ocrx_word' id='word_1_732' title='bbox 2876 3253 3026 3320; x_wconf 89' lang='lat' dir='ltr'><strong>Quod</strong></span> <span class='ocrx_word' id='word_1_733' title='bbox 3056 3265 3235 3311; x_wconf 88' lang='lat' dir='ltr'><strong>autem</strong></span> <span class='ocrx_word' id='word_1_734' title='bbox 3263 3258 3394 3314; x_wconf 89' lang='lat' dir='ltr'><strong>dicit</strong></span> <span class='ocrx_word' id='word_1_735' title='bbox 3423 3260 3526 3315; x_wconf 84' lang='lat' dir='ltr'><strong>mi-</strong></span> 
     </span>
    </p>
   </div>
   <div class='ocr_carea' id='block_1_94' title="bbox 1941 3340 3522 3414">
    <p class='ocr_par' dir='ltr' id='par_1_94' title="bbox 1941 3340 3522 3414">
     <span class='ocr_line' id='line_1_94' title="bbox 1941 3340 3522 3414; baseline 0.008 -21"><span class='ocrx_word' id='word_1_736' title='bbox 1941 3340 2282 3403; x_wconf 89' lang='lat' dir='ltr'><strong>sericordias,</strong></span> <span class='ocrx_word' id='word_1_737' title='bbox 2315 3340 2367 3394; x_wconf 88' lang='lat' dir='ltr'><strong>id</strong></span> <span class='ocrx_word' id='word_1_738' title='bbox 2407 3349 2490 3394; x_wconf 92' lang='lat' dir='ltr'><strong>est</strong></span> <span class='ocrx_word' id='word_1_739' title='bbox 2535 3343 2922 3411; x_wconf 87' lang='lat' dir='ltr'><strong>promissiones</strong></span> <span class='ocrx_word' id='word_1_740' title='bbox 2956 3346 3124 3400; x_wconf 89' lang='lat' dir='ltr'><strong>David</strong></span> <span class='ocrx_word' id='word_1_741' title='bbox 3158 3347 3364 3414; x_wconf 88' lang='lat' dir='ltr'><strong>ﬁdeles,</strong></span> <span class='ocrx_word' id='word_1_742' title='bbox 3392 3351 3522 3406; x_wconf 86' lang='lat' dir='ltr'><strong>sub-</strong></span> 
     </span>
    </p>
   </div>
   <div class='ocr_carea' id='block_1_95' title="bbox 1940 3433 3526 3515">
    <p class='ocr_par' dir='ltr' id='par_1_95' title="bbox 1940 3433 3526 3515">
     <span class='ocr_line' id='line_1_95' title="bbox 1940 3433 3526 3515; baseline 0.007 -28"><span class='ocrx_word' id='word_1_743' title='bbox 1940 3434 2094 3488; x_wconf 84' lang='lat' dir='ltr'><strong>audis</strong></span> <span class='ocrx_word' id='word_1_744' title='bbox 2131 3433 2475 3490; x_wconf 87' lang='lat' dir='ltr'><strong>Conﬁrmabo</strong></span> <span class='ocrx_word' id='word_1_745' title='bbox 2533 3437 2849 3502; x_wconf 84' lang='lat' dir='ltr'><strong>vobiscum,</strong></span> <span class='ocrx_word' id='word_1_746' title='bbox 2908 3454 3012 3493; x_wconf 93' lang='lat' dir='ltr'><strong>non</strong></span> <span class='ocrx_word' id='word_1_747' title='bbox 3065 3439 3132 3494; x_wconf 90' lang='lat' dir='ltr'><strong>de</strong></span> <span class='ocrx_word' id='word_1_748' title='bbox 3180 3440 3349 3496; x_wconf 86' lang='lat' dir='ltr'><strong>David</strong></span> <span class='ocrx_word' id='word_1_749' title='bbox 3400 3457 3526 3515; x_wconf 88' lang='lat' dir='ltr'><strong>rege</strong></span> 
     </span>
    </p>
   </div>
   <div class='ocr_carea' id='block_1_96' title="bbox 1940 3523 3526 3604">
    <p class='ocr_par' dir='ltr' id='par_1_96' title="bbox 1940 3523 3526 3604">
     <span class='ocr_line' id='line_1_96' title="bbox 1940 3523 3526 3604; baseline 0.006 -26"><span class='ocrx_word' id='word_1_750' title='bbox 1940 3539 2038 3579; x_wconf 91' lang='lat' dir='ltr'><strong>suo</strong></span> <span class='ocrx_word' id='word_1_751' title='bbox 2063 3523 2163 3580; x_wconf 78' lang='lat' dir='ltr'><strong>lsai</strong></span> <span class='ocrx_word' id='word_1_752' title='bbox 2197 3525 2596 3596; x_wconf 85' lang='lat' dir='ltr'><strong>intelligendam</strong></span> <span class='ocrx_word' id='word_1_753' title='bbox 2635 3537 2746 3592; x_wconf 85' lang='lat' dir='ltr'><strong>est,</strong></span> <span class='ocrx_word' id='word_1_754' title='bbox 2779 3527 2870 3582; x_wconf 89' lang='lat' dir='ltr'><strong>sed</strong></span> <span class='ocrx_word' id='word_1_755' title='bbox 2913 3529 2980 3584; x_wconf 90' lang='lat' dir='ltr'><strong>de</strong></span> <span class='ocrx_word' id='word_1_756' title='bbox 3019 3528 3236 3586; x_wconf 91' lang='lat' dir='ltr'><strong>Christo</strong></span> <span class='ocrx_word' id='word_1_757' title='bbox 3276 3531 3327 3586; x_wconf 91' lang='lat' dir='ltr'><strong>in</strong></span> <span class='ocrx_word' id='word_1_758' title='bbox 3371 3533 3526 3604; x_wconf 85' lang='lat' dir='ltr'><strong>cujus</strong></span> 
     </span>
    </p>
   </div>
   <div class='ocr_carea' id='block_1_97' title="bbox 1941 3616 3525 3697">
    <p class='ocr_par' dir='ltr' id='par_1_97' title="bbox 1941 3616 3525 3697">
     <span class='ocr_line' id='line_1_97' title="bbox 1941 3616 3525 3697; baseline 0.006 -27"><span class='ocrx_word' id='word_1_759' title='bbox 1941 3616 2166 3688; x_wconf 88' lang='lat' dir='ltr'><strong>ﬁguram</strong></span> <span class='ocrx_word' id='word_1_760' title='bbox 2199 3617 2286 3672; x_wconf 90' lang='lat' dir='ltr'><strong>ille</strong></span> <span class='ocrx_word' id='word_1_761' title='bbox 2306 3619 2595 3686; x_wconf 87' lang='lat' dir='ltr'><strong>processit.</strong></span> <span class='ocrx_word' id='word_1_762' title='bbox 2612 3617 2812 3675; x_wconf 84' lang='lat' dir='ltr'><strong>Omnes</strong></span> <span class='ocrx_word' id='word_1_763' title='bbox 2833 3621 2974 3674; x_wconf 91' lang='lat' dir='ltr'><strong>enim</strong></span> <span class='ocrx_word' id='word_1_764' title='bbox 2995 3624 3382 3692; x_wconf 88' lang='lat' dir='ltr'><strong>promissiones</strong></span> <span class='ocrx_word' id='word_1_765' title='bbox 3406 3643 3525 3697; x_wconf 74' lang='lat' dir='ltr'><strong>quae</strong></span> 
     </span>
    </p>
   </div>
   <div class='ocr_carea' id='block_1_98' title="bbox 1942 3707 3163 3785">
    <p class='ocr_par' dir='ltr' id='par_1_98' title="bbox 1942 3707 3163 3785">
     <span class='ocr_line' id='line_1_98' title="bbox 1942 3707 3163 3785; baseline 0.006 -24"><span class='ocrx_word' id='word_1_766' title='bbox 1942 3707 2009 3761; x_wconf 88' lang='lat' dir='ltr'><strong>ad</strong></span> <span class='ocrx_word' id='word_1_767' title='bbox 2039 3708 2206 3762; x_wconf 87' lang='lat' dir='ltr'><strong>David</strong></span> <span class='ocrx_word' id='word_1_768' title='bbox 2238 3707 2392 3785; x_wconf 67' lang='lat' dir='ltr'><strong>facta:</strong></span> <span class='ocrx_word' id='word_1_769' title='bbox 2418 3718 2565 3775; x_wconf 88' lang='lat' dir='ltr'><strong>sunt,</strong></span> <span class='ocrx_word' id='word_1_770' title='bbox 2594 3708 2660 3766; x_wconf 91' lang='lat' dir='ltr'><strong>de</strong></span> <span class='ocrx_word' id='word_1_771' title='bbox 2681 3709 2898 3768; x_wconf 77' lang='lat' dir='ltr'><strong>Christo</strong></span> <span class='ocrx_word' id='word_1_772' title='bbox 2928 3711 3163 3768; x_wconf 79' lang='lat' dir='ltr'><strong>fuerunt.</strong></span> 
     </span>
    </p>
   </div>
   <div class='ocr_carea' id='block_1_99' title="bbox 2017 3788 3526 3882">
    <p class='ocr_par' dir='ltr' id='par_1_99' title="bbox 2017 3788 3526 3882">
     <span class='ocr_line' id='line_1_99' title="bbox 2017 3788 3526 3882; baseline 0.011 -32"><span class='ocrx_word' id='word_1_773' title='bbox 2017 3817 2034 3850; x_wconf 81' lang='grc' dir='ltr'><strong>ι</strong></span> <span class='ocrx_word' id='word_1_774' title='bbox 2079 3788 2215 3855; x_wconf 85' lang='lat' dir='ltr'><strong>Ecce</strong></span> <span class='ocrx_word' id='word_1_775' title='bbox 2259 3809 2448 3856; x_wconf 90' lang='lat' dir='ltr'><strong>testem</strong></span> <span class='ocrx_word' id='word_1_776' title='bbox 2494 3799 2705 3872; x_wconf 82' lang='lat' dir='ltr'><strong>pepulis</strong></span> <span class='ocrx_word' id='word_1_777' title='bbox 2743 3803 2885 3868; x_wconf 90' lang='lat' dir='ltr'><strong>dedi,</strong></span> <span class='ocrx_word' id='word_1_778' title='bbox 2919 3805 3106 3861; x_wconf 87' lang='lat' dir='ltr'><strong>ducem</strong></span> <span class='ocrx_word' id='word_1_779' title='bbox 3138 3823 3200 3863; x_wconf 89' lang='lat' dir='ltr'><strong>ac</strong></span> <span class='ocrx_word' id='word_1_780' title='bbox 3234 3820 3526 3882; x_wconf 63' lang='lat' dir='ltr'><strong>praecepto-</strong></span> 
     </span>
    </p>
   </div>
   <div class='ocr_carea' id='block_1_100' title="bbox 1941 3887 3527 3970">
    <p class='ocr_par' dir='ltr' id='par_1_100' title="bbox 1941 3887 3527 3970">
     <span class='ocr_line' id='line_1_100' title="bbox 1941 3887 3527 3970; baseline 0.011 -28"><span class='ocrx_word' id='word_1_781' title='bbox 1941 3903 2054 3944; x_wconf 90' lang='lat' dir='ltr'><strong>rem</strong></span> <span class='ocrx_word' id='word_1_782' title='bbox 2099 3891 2358 3959; x_wconf 81' lang='lat' dir='ltr'><strong>gentium.</strong></span> <span class='ocrx_word' id='word_1_783' title='bbox 2392 3911 2409 3942; x_wconf 77' lang='grc' dir='ltr'><strong>ι</strong></span> <span class='ocrx_word' id='word_1_784' title='bbox 2437 3887 2552 3947; x_wconf 79' lang='lat' dir='ltr'><strong>Vox</strong></span> <span class='ocrx_word' id='word_1_785' title='bbox 2589 3894 2679 3948; x_wconf 90' lang='lat' dir='ltr'><strong>Dei</strong></span> <span class='ocrx_word' id='word_1_786' title='bbox 2711 3895 2887 3952; x_wconf 86' lang='lat' dir='ltr'><strong>Patris</strong></span> <span class='ocrx_word' id='word_1_787' title='bbox 2912 3898 2977 3953; x_wconf 88' lang='lat' dir='ltr'><strong>de</strong></span> <span class='ocrx_word' id='word_1_788' title='bbox 3004 3898 3163 3966; x_wconf 84' lang='lat' dir='ltr'><strong>Filio,</strong></span> <span class='ocrx_word' id='word_1_789' title='bbox 3189 3916 3350 3970; x_wconf 89' lang='lat' dir='ltr'><strong>quem</strong></span> <span class='ocrx_word' id='word_1_790' title='bbox 3380 3902 3527 3959; x_wconf 89' lang='lat' dir='ltr'><strong>dedit</strong></span> 
     </span>
    </p>
   </div>
   <div class='ocr_carea' id='block_1_101' title="bbox 1945 3975 3520 4062">
    <p class='ocr_par' dir='ltr' id='par_1_101' title="bbox 1945 3975 3520 4062">
     <span class='ocr_line' id='line_1_101' title="bbox 1945 3975 3520 4062; baseline 0.011 -29"><span class='ocrx_word' id='word_1_791' title='bbox 1945 3988 2136 4035; x_wconf 85' lang='lat' dir='ltr'><strong>testem</strong></span> <span class='ocrx_word' id='word_1_792' title='bbox 2169 3981 2400 4051; x_wconf 70' lang='lat' dir='ltr'><strong>poliulis,</strong></span> <span class='ocrx_word' id='word_1_793' title='bbox 2436 3983 2541 4038; x_wconf 85' lang='lat' dir='ltr'><strong>hoc</strong></span> <span class='ocrx_word' id='word_1_794' title='bbox 2567 3995 2648 4040; x_wconf 91' lang='lat' dir='ltr'><strong>est</strong></span> <span class='ocrx_word' id='word_1_795' title='bbox 2681 3985 2735 4039; x_wconf 90' lang='lat' dir='ltr'><strong>in</strong></span> <span class='ocrx_word' id='word_1_796' title='bbox 2770 3975 3134 4043; x_wconf 78' lang='lat' dir='ltr'><strong>testimonium</strong></span> <span class='ocrx_word' id='word_1_797' title='bbox 3180 3993 3520 4062; x_wconf 90' lang='lat' dir='ltr'><strong>populorum,</strong></span> 
     </span>
    </p>
   </div>
   <div class='ocr_carea' id='block_1_102' title="bbox 1943 4075 3523 4155">
    <p class='ocr_par' dir='ltr' id='par_1_102' title="bbox 1943 4075 3523 4155">
     <span class='ocr_line' id='line_1_102' title="bbox 1943 4075 3523 4155; baseline 0.006 -27"><span class='ocrx_word' id='word_1_798' title='bbox 1943 4083 2284 4143; x_wconf 70' lang='lat' dir='ltr'><strong>utprmcepta</strong></span> <span class='ocrx_word' id='word_1_799' title='bbox 2303 4075 2443 4129; x_wconf 87' lang='lat' dir='ltr'><strong>illius</strong></span> <span class='ocrx_word' id='word_1_800' title='bbox 2461 4083 2623 4145; x_wconf 87' lang='lat' dir='ltr'><strong>atque</strong></span> <span class='ocrx_word' id='word_1_801' title='bbox 2645 4079 2896 4132; x_wconf 89' lang='lat' dir='ltr'><strong>mandata</strong></span> <span class='ocrx_word' id='word_1_802' title='bbox 2917 4078 3019 4135; x_wconf 90' lang='lat' dir='ltr'><strong>illis</strong></span> <span class='ocrx_word' id='word_1_803' title='bbox 3036 4083 3403 4149; x_wconf 88' lang='lat' dir='ltr'><strong>annuntiaret,</strong></span> <span class='ocrx_word' id='word_1_804' title='bbox 3428 4086 3523 4155; x_wconf 87' lang='lat' dir='ltr'><strong>qni</strong></span> 
     </span>
    </p>
   </div>
   <div class='ocr_carea' id='block_1_103' title="bbox 1938 4162 3518 4241">
    <p class='ocr_par' dir='ltr' id='par_1_103' title="bbox 1938 4162 3518 4241">
     <span class='ocr_line' id='line_1_103' title="bbox 1938 4162 3518 4241; baseline 0.008 -22"><span class='ocrx_word' id='word_1_805' title='bbox 1938 4166 2007 4220; x_wconf 91' lang='lat' dir='ltr'><strong>de</strong></span> <span class='ocrx_word' id='word_1_806' title='bbox 2031 4181 2089 4220; x_wconf 88' lang='lat' dir='ltr'><strong>se</strong></span> <span class='ocrx_word' id='word_1_807' title='bbox 2111 4166 2226 4234; x_wconf 84' lang='lat' dir='ltr'><strong>ipso</strong></span> <span class='ocrx_word' id='word_1_808' title='bbox 2247 4175 2301 4221; x_wconf 89' lang='lat' dir='ltr'><strong>et</strong></span> <span class='ocrx_word' id='word_1_809' title='bbox 2317 4162 2480 4222; x_wconf 73' lang='lat' dir='ltr'><strong>Patre</strong></span> <span class='ocrx_word' id='word_1_810' title='bbox 2510 4167 2746 4238; x_wconf 88' lang='lat' dir='ltr'><strong>loquitur</strong></span> <span class='ocrx_word' id='word_1_811' title='bbox 2770 4189 2781 4222; x_wconf 91' lang='lat'>:</span> <span class='ocrx_word' id='word_1_812' title='bbox 2813 4191 2829 4221; x_wconf 77' lang='grc' dir='ltr'><strong>ι</strong></span> <span class='ocrx_word' id='word_1_813' title='bbox 2857 4170 2968 4241; x_wconf 86' lang='lat' dir='ltr'><strong>Ego</strong></span> <span class='ocrx_word' id='word_1_814' title='bbox 2989 4174 3053 4228; x_wconf 91' lang='lat' dir='ltr'><strong>ad</strong></span> <span class='ocrx_word' id='word_1_815' title='bbox 3078 4173 3180 4228; x_wconf 89' lang='lat' dir='ltr'><strong>hoc</strong></span> <span class='ocrx_word' id='word_1_816' title='bbox 3203 4165 3360 4230; x_wconf 73' lang='lat' dir='ltr'><strong>natus</strong></span> <span class='ocrx_word' id='word_1_817' title='bbox 3381 4191 3518 4237; x_wconf 91' lang='lat' dir='ltr'><strong>sum.</strong></span> 
     </span>
    </p>
   </div>
   <div class='ocr_carea' id='block_1_104' title="bbox 1941 4259 3526 4340">
    <p class='ocr_par' dir='ltr' id='par_1_104' title="bbox 1941 4259 3526 4340">
     <span class='ocr_line' id='line_1_104' title="bbox 1941 4259 3526 4340; baseline 0.008 -28"><span class='ocrx_word' id='word_1_818' title='bbox 1941 4269 2000 4313; x_wconf 85' lang='lat' dir='ltr'><strong>ut</strong></span> <span class='ocrx_word' id='word_1_819' title='bbox 2024 4259 2388 4314; x_wconf 90' lang='lat' dir='ltr'><strong>testimonium</strong></span> <span class='ocrx_word' id='word_1_820' title='bbox 2414 4263 2962 4330; x_wconf 84' lang='lat' dir='ltr'><strong>perhibeam-veritati</strong></span> <span class='ocrx_word' id='word_1_821' title='bbox 2988 4264 3364 4340; x_wconf 78' lang='lat' dir='ltr'><strong>(Joan.xvm).</strong></span> <span class='ocrx_word' id='word_1_822' title='bbox 3403 4290 3421 4323; x_wconf 77' lang='grc' dir='ltr'><strong>ι</strong></span> <span class='ocrx_word' id='word_1_823' title='bbox 3460 4271 3526 4325; x_wconf 86' lang='grc' dir='ltr'>Ει</span> 
     </span>
    </p>
   </div>
   <div class='ocr_carea' id='block_1_105' title="bbox 1942 4348 3521 4424">
    <p class='ocr_par' dir='ltr' id='par_1_105' title="bbox 1942 4348 3521 4424">
     <span class='ocr_line' id='line_1_105' title="bbox 1942 4348 3521 4424; baseline 0.009 -22"><span class='ocrx_word' id='word_1_824' title='bbox 1942 4349 2070 4402; x_wconf 89' lang='lat' dir='ltr'><strong>illud</strong></span> <span class='ocrx_word' id='word_1_825' title='bbox 2095 4363 2113 4403; x_wconf 87' lang='lat'><strong>:</strong></span> <span class='ocrx_word' id='word_1_826' title='bbox 2152 4368 2170 4399; x_wconf 75' lang='grc' dir='ltr'><strong>ι</strong></span> <span class='ocrx_word' id='word_1_827' title='bbox 2195 4348 2419 4418; x_wconf 87' lang='lat' dir='ltr'><strong>Oportet</strong></span> <span class='ocrx_word' id='word_1_828' title='bbox 2438 4351 2720 4420; x_wconf 63' lang='lat' dir='ltr'><strong>praedicari</strong></span> <span class='ocrx_word' id='word_1_829' title='bbox 2747 4353 3092 4424; x_wconf 81' lang='lat' dir='ltr'><strong>Evangelium</strong></span> <span class='ocrx_word' id='word_1_830' title='bbox 3127 4358 3264 4412; x_wconf 91' lang='lat' dir='ltr'><strong>istud</strong></span> <span class='ocrx_word' id='word_1_831' title='bbox 3293 4360 3344 4414; x_wconf 88' lang='lat' dir='ltr'><strong>in</strong></span> <span class='ocrx_word' id='word_1_832' title='bbox 3375 4364 3521 4416; x_wconf 90' lang='lat' dir='ltr'><strong>omni</strong></span> 
     </span>
    </p>
   </div>
   <div class='ocr_carea' id='block_1_106' title="bbox 1941 4441 3516 4522">
    <p class='ocr_par' dir='ltr' id='par_1_106' title="bbox 1941 4441 3516 4522">
     <span class='ocr_line' id='line_1_106' title="bbox 1941 4441 3516 4522; baseline 0.008 -28"><span class='ocrx_word' id='word_1_833' title='bbox 1941 4442 2095 4505; x_wconf 81' lang='lat' dir='ltr'><strong>orbe,</strong></span> <span class='ocrx_word' id='word_1_834' title='bbox 2115 4441 2167 4495; x_wconf 91' lang='lat' dir='ltr'><strong>in</strong></span> <span class='ocrx_word' id='word_1_835' title='bbox 2196 4443 2558 4497; x_wconf 84' lang='lat' dir='ltr'><strong>testimonium</strong></span> <span class='ocrx_word' id='word_1_836' title='bbox 2580 4445 2788 4500; x_wconf 86' lang='lat' dir='ltr'><strong>cunctis</strong></span> <span class='ocrx_word' id='word_1_837' title='bbox 2811 4448 3060 4516; x_wconf 87' lang='lat' dir='ltr'><strong>gentibus</strong></span> <span class='ocrx_word' id='word_1_838' title='bbox 3077 4449 3213 4519; x_wconf 79' lang='lat' dir='ltr'><strong>(Mat</strong></span> <span class='ocrx_word' id='word_1_839' title='bbox 3238 4452 3292 4505; x_wconf 86' lang='lat' dir='ltr'><strong>h.</strong></span> <span class='ocrx_word' id='word_1_840' title='bbox 3314 4456 3482 4522; x_wconf 58' lang='grc' dir='ltr'>χειν).</span> <span class='ocrx_word' id='word_1_841' title='bbox 3501 4476 3516 4506; x_wconf 78' lang='grc' dir='ltr'><strong>ι</strong></span> 
     </span>
    </p>
   </div>
   <div class='ocr_carea' id='block_1_107' title="bbox 1873 4532 3522 4634">
    <p class='ocr_par' dir='ltr' id='par_1_107' title="bbox 1873 4532 3522 4634">
     <span class='ocr_line' id='line_1_107' title="bbox 1873 4532 3522 4634; baseline 0.006 -48"><span class='ocrx_word' id='word_1_842' title='bbox 1873 4576 1919 4634; x_wconf 81' lang='lat' dir='ltr'><strong>D</strong></span> <span class='ocrx_word' id='word_1_843' title='bbox 1947 4532 2050 4588; x_wconf 90' lang='lat' dir='ltr'><strong>Iste</strong></span> <span class='ocrx_word' id='word_1_844' title='bbox 2096 4543 2181 4589; x_wconf 91' lang='lat' dir='ltr'><strong>est</strong></span> <span class='ocrx_word' id='word_1_845' title='bbox 2227 4533 2370 4588; x_wconf 90' lang='lat' dir='ltr'><strong>enim</strong></span> <span class='ocrx_word' id='word_1_846' title='bbox 2415 4534 2566 4589; x_wconf 82' lang='lat' dir='ltr'><strong>tc5tis</strong></span> <span class='ocrx_word' id='word_1_847' title='bbox 2610 4537 2870 4599; x_wconf 86' lang='lat' dir='ltr'><strong>omnium,</strong></span> <span class='ocrx_word' id='word_1_848' title='bbox 2906 4553 3064 4608; x_wconf 88' lang='lat' dir='ltr'><strong>quem</strong></span> <span class='ocrx_word' id='word_1_849' title='bbox 3113 4541 3276 4596; x_wconf 88' lang='lat' dir='ltr'><strong>Pater</strong></span> <span class='ocrx_word' id='word_1_850' title='bbox 3324 4546 3522 4598; x_wconf 90' lang='lat' dir='ltr'><strong>mundo</strong></span> 
     </span>
    </p>
   </div>
   <div class='ocr_carea' id='block_1_108' title="bbox 1940 4626 3519 4701">
    <p class='ocr_par' dir='ltr' id='par_1_108' title="bbox 1940 4626 3519 4701">
     <span class='ocr_line' id='line_1_108' title="bbox 1940 4626 3519 4701; baseline 0.009 -27"><span class='ocrx_word' id='word_1_851' title='bbox 1940 4626 2195 4695; x_wconf 79' lang='lat' dir='ltr'><strong>promisit</strong></span> <span class='ocrx_word' id='word_1_852' title='bbox 2237 4634 2292 4679; x_wconf 88' lang='lat' dir='ltr'><strong>et</strong></span> <span class='ocrx_word' id='word_1_853' title='bbox 2332 4626 2598 4696; x_wconf 70' lang='lat' dir='ltr'><strong>prmstitit.</strong></span> <span class='ocrx_word' id='word_1_854' title='bbox 2644 4627 2881 4695; x_wconf 89' lang='lat' dir='ltr'><strong>lpse.est</strong></span> <span class='ocrx_word' id='word_1_855' title='bbox 2923 4630 3052 4696; x_wconf 76' lang='lat' dir='ltr'><strong>dux,</strong></span> <span class='ocrx_word' id='word_1_856' title='bbox 3095 4633 3218 4701; x_wconf 90' lang='lat' dir='ltr'><strong>quia</strong></span> <span class='ocrx_word' id='word_1_857' title='bbox 3269 4634 3519 4690; x_wconf 90' lang='lat' dir='ltr'><strong>ducatum</strong></span> 
     </span>
    </p>
   </div>
   <div class='ocr_carea' id='block_1_109' title="bbox 1946 4717 3522 4794">
    <p class='ocr_par' dir='ltr' id='par_1_109' title="bbox 1946 4717 3522 4794">
     <span class='ocr_line' id='line_1_109' title="bbox 1946 4717 3522 4794; baseline 0.006 -24"><span class='ocrx_word' id='word_1_858' title='bbox 1946 4717 2284 4772; x_wconf 85' lang='lat' dir='ltr'><strong>rectitudinis</strong></span> <span class='ocrx_word' id='word_1_859' title='bbox 2309 4718 2535 4787; x_wconf 79' lang='lat' dir='ltr'><strong>praebuit</strong></span> <span class='ocrx_word' id='word_1_860' title='bbox 2563 4718 2674 4772; x_wconf 91' lang='lat' dir='ltr'><strong>suis</strong></span> <span class='ocrx_word' id='word_1_861' title='bbox 2706 4719 2976 4788; x_wconf 89' lang='lat' dir='ltr'><strong>ﬁdelibus,</strong></span> <span class='ocrx_word' id='word_1_862' title='bbox 3004 4733 3058 4776; x_wconf 90' lang='lat' dir='ltr'><strong>et</strong></span> <span class='ocrx_word' id='word_1_863' title='bbox 3090 4724 3202 4794; x_wconf 88' lang='lat' dir='ltr'><strong>ipse</strong></span> <span class='ocrx_word' id='word_1_864' title='bbox 3232 4725 3522 4780; x_wconf 80' lang='lat' dir='ltr'><strong>introducit</strong></span> 
     </span>
    </p>
   </div>
   <div class='ocr_carea' id='block_1_110' title="bbox 1943 4806 3520 4880">
    <p class='ocr_par' dir='ltr' id='par_1_110' title="bbox 1943 4806 3520 4880">
     <span class='ocr_line' id='line_1_110' title="bbox 1943 4806 3520 4880; baseline 0.006 -19"><span class='ocrx_word' id='word_1_865' title='bbox 1943 4821 2044 4861; x_wconf 90' lang='lat' dir='ltr'><strong>nos</strong></span> <span class='ocrx_word' id='word_1_866' title='bbox 2081 4806 2150 4861; x_wconf 87' lang='lat' dir='ltr'><strong>de</strong></span> <span class='ocrx_word' id='word_1_867' title='bbox 2197 4807 2426 4861; x_wconf 85' lang='lat' dir='ltr'><strong>terrenis</strong></span> <span class='ocrx_word' id='word_1_868' title='bbox 2470 4807 2536 4861; x_wconf 92' lang='lat' dir='ltr'><strong>ad</strong></span> <span class='ocrx_word' id='word_1_869' title='bbox 2588 4811 3093 4880; x_wconf 85' lang='lat' dir='ltr'><strong>contemplationem</strong></span> <span class='ocrx_word' id='word_1_870' title='bbox 3133 4815 3226 4870; x_wconf 92' lang='lat' dir='ltr'><strong>Dei</strong></span> <span class='ocrx_word' id='word_1_871' title='bbox 3257 4816 3430 4872; x_wconf 81' lang='lat' dir='ltr'><strong>Patris</strong></span> <span class='ocrx_word' id='word_1_872' title='bbox 3467 4829 3520 4874; x_wconf 88' lang='lat' dir='ltr'><strong>et</strong></span> 
     </span>
    </p>
   </div>
   <div class='ocr_carea' id='block_1_111' title="bbox 1944 4893 3518 4965">
    <p class='ocr_par' dir='ltr' id='par_1_111' title="bbox 1944 4893 3518 4965">
     <span class='ocr_line' id='line_1_111' title="bbox 1944 4893 3518 4965; baseline 0.008 -17"><span class='ocrx_word' id='word_1_873' title='bbox 1944 4895 2274 4956; x_wconf 90' lang='lat' dir='ltr'><strong>suam,sicut</strong></span> <span class='ocrx_word' id='word_1_874' title='bbox 2303 4895 2414 4964; x_wconf 91' lang='lat' dir='ltr'><strong>ipse</strong></span> <span class='ocrx_word' id='word_1_875' title='bbox 2440 4893 2572 4949; x_wconf 89' lang='lat' dir='ltr'><strong>dicit</strong></span> <span class='ocrx_word' id='word_1_876' title='bbox 2599 4913 2610 4949; x_wconf 94' lang='lat'>:</span> <span class='ocrx_word' id='word_1_877' title='bbox 2642 4915 2660 4946; x_wconf 84' lang='grc'><strong>«</strong></span> <span class='ocrx_word' id='word_1_878' title='bbox 2684 4897 2850 4964; x_wconf 77' lang='lat' dir='ltr'><strong>Nemo</strong></span> <span class='ocrx_word' id='word_1_879' title='bbox 2880 4902 3026 4955; x_wconf 85' lang='lat' dir='ltr'><strong>venit</strong></span> <span class='ocrx_word' id='word_1_880' title='bbox 3056 4904 3120 4958; x_wconf 88' lang='lat' dir='ltr'><strong>ad</strong></span> <span class='ocrx_word' id='word_1_881' title='bbox 3143 4903 3378 4965; x_wconf 84' lang='lat' dir='ltr'><strong>Patrem.</strong></span> <span class='ocrx_word' id='word_1_882' title='bbox 3413 4907 3518 4961; x_wconf 90' lang='lat' dir='ltr'><strong>nisi</strong></span> 
     </span>
    </p>
   </div>
   <div class='ocr_carea' id='block_1_112' title="bbox 1943 4983 3520 5064">
    <p class='ocr_par' dir='ltr' id='par_1_112' title="bbox 1943 4983 3520 5064">
     <span class='ocr_line' id='line_1_112' title="bbox 1943 4983 3520 5064; baseline 0.011 -28"><span class='ocrx_word' id='word_1_883' title='bbox 1943 4997 2040 5054; x_wconf 87' lang='lat' dir='ltr'><strong>per</strong></span> <span class='ocrx_word' id='word_1_884' title='bbox 2061 4999 2146 5039; x_wconf 90' lang='lat' dir='ltr'><strong>me</strong></span> <span class='ocrx_word' id='word_1_885' title='bbox 2168 4983 2499 5054; x_wconf 74' lang='lat' dir='ltr'><strong>(Joan..xtv).</strong></span> <span class='ocrx_word' id='word_1_886' title='bbox 2531 5005 2548 5036; x_wconf 76' lang='grc' dir='ltr'><strong>ι</strong></span> <span class='ocrx_word' id='word_1_887' title='bbox 2581 4985 2698 5056; x_wconf 87' lang='lat' dir='ltr'><strong>Ipse</strong></span> <span class='ocrx_word' id='word_1_888' title='bbox 2717 4991 2979 5044; x_wconf 88' lang='lat' dir='ltr'><strong>estetiam</strong></span> <span class='ocrx_word' id='word_1_889' title='bbox 3010 5004 3310 5064; x_wconf 81' lang='lat' dir='ltr'><strong>praeceptor</strong></span> <span class='ocrx_word' id='word_1_890' title='bbox 3338 5005 3520 5053; x_wconf 91' lang='lat' dir='ltr'><strong>noster</strong></span> 
     </span>
    </p>
   </div>
   <div class='ocr_carea' id='block_1_113' title="bbox 1947 5074 3513 5153">
    <p class='ocr_par' dir='ltr' id='par_1_113' title="bbox 1947 5074 3513 5153">
     <span class='ocr_line' id='line_1_113' title="bbox 1947 5074 3513 5153; baseline 0.011 -26"><span class='ocrx_word' id='word_1_891' title='bbox 1947 5081 2000 5128; x_wconf 88' lang='grc' dir='ltr'><strong>ει</strong></span> <span class='ocrx_word' id='word_1_892' title='bbox 2023 5074 2299 5144; x_wconf 87' lang='lat' dir='ltr'><strong>magister,</strong></span> <span class='ocrx_word' id='word_1_893' title='bbox 2329 5074 2420 5142; x_wconf 87' lang='lat' dir='ltr'><strong>qui</strong></span> <span class='ocrx_word' id='word_1_894' title='bbox 2458 5091 2556 5129; x_wconf 91' lang='lat' dir='ltr'><strong>nos</strong></span> <span class='ocrx_word' id='word_1_895' title='bbox 2588 5077 2743 5133; x_wconf 88' lang='lat' dir='ltr'><strong>docet</strong></span> <span class='ocrx_word' id='word_1_896' title='bbox 2767 5081 2905 5134; x_wconf 88' lang='lat' dir='ltr'><strong>viam</strong></span> <span class='ocrx_word' id='word_1_897' title='bbox 2930 5082 3197 5147; x_wconf 90' lang='lat' dir='ltr'><strong>veritatis,</strong></span> <span class='ocrx_word' id='word_1_898' title='bbox 3221 5085 3311 5153; x_wconf 91' lang='lat' dir='ltr'><strong>qui</strong></span> <span class='ocrx_word' id='word_1_899' title='bbox 3343 5085 3475 5143; x_wconf 81' lang='lat' dir='ltr'><strong>dixit</strong></span> <span class='ocrx_word' id='word_1_900' title='bbox 3501 5107 3513 5143; x_wconf 90' lang='lat'><strong>:</strong></span> 
     </span>
    </p>
   </div>
   <div class='ocr_carea' id='block_1_114' title="bbox 1952 5168 3510 5250">
    <p class='ocr_par' dir='ltr' id='par_1_114' title="bbox 1952 5168 3510 5250">
     <span class='ocr_line' id='line_1_114' title="bbox 1952 5168 3510 5250; baseline 0.009 -31"><span class='ocrx_word' id='word_1_901' title='bbox 1952 5188 1969 5219; x_wconf 88' lang='grc'><strong><em>‹</em></strong></span> <span class='ocrx_word' id='word_1_902' title='bbox 1994 5168 2142 5224; x_wconf 90' lang='lat' dir='ltr'><strong>Unus</strong></span> <span class='ocrx_word' id='word_1_903' title='bbox 2172 5176 2255 5223; x_wconf 87' lang='lat' dir='ltr'><strong>est</strong></span> <span class='ocrx_word' id='word_1_904' title='bbox 2277 5169 2537 5239; x_wconf 83' lang='lat' dir='ltr'><strong>magister</strong></span> <span class='ocrx_word' id='word_1_905' title='bbox 2559 5180 2738 5226; x_wconf 88' lang='lat' dir='ltr'><strong>vester</strong></span> <span class='ocrx_word' id='word_1_906' title='bbox 2759 5172 3004 5229; x_wconf 88' lang='lat' dir='ltr'><strong>Christus</strong></span> <span class='ocrx_word' id='word_1_907' title='bbox 3029 5176 3241 5247; x_wconf 78' lang='lat' dir='ltr'><strong>(Matth.</strong></span> <span class='ocrx_word' id='word_1_908' title='bbox 3275 5179 3452 5250; x_wconf 65' lang='grc' dir='ltr'>χχιιι).</span> <span class='ocrx_word' id='word_1_909' title='bbox 3492 5203 3510 5233; x_wconf 76' lang='grc' dir='ltr'><strong>ι</strong></span> 
     </span>
    </p>
   </div>
   <div class='ocr_carea' id='block_1_115' title="bbox 1951 5259 3516 5342">
    <p class='ocr_par' dir='ltr' id='par_1_115' title="bbox 1951 5259 3516 5342">
     <span class='ocr_line' id='line_1_115' title="bbox 1951 5259 3516 5342; baseline 0.009 -30"><span class='ocrx_word' id='word_1_910' title='bbox 1951 5279 1970 5311; x_wconf 77' lang='grc' dir='ltr'><strong>ι</strong></span> <span class='ocrx_word' id='word_1_911' title='bbox 2006 5259 2144 5314; x_wconf 86' lang='lat' dir='ltr'><strong>Ecce</strong></span> <span class='ocrx_word' id='word_1_912' title='bbox 2172 5269 2360 5329; x_wconf 88' lang='lat' dir='ltr'><strong>gentes</strong></span> <span class='ocrx_word' id='word_1_913' title='bbox 2388 5276 2520 5330; x_wconf 89' lang='lat' dir='ltr'><strong>quas</strong></span> <span class='ocrx_word' id='word_1_914' title='bbox 2543 5263 2821 5318; x_wconf 89' lang='lat' dir='ltr'><strong>nesciebas</strong></span> <span class='ocrx_word' id='word_1_915' title='bbox 2849 5265 3086 5332; x_wconf 87' lang='lat' dir='ltr'><strong>vocabis,</strong></span> <span class='ocrx_word' id='word_1_916' title='bbox 3111 5278 3165 5322; x_wconf 91' lang='lat' dir='ltr'><strong>et</strong></span> <span class='ocrx_word' id='word_1_917' title='bbox 3186 5279 3372 5340; x_wconf 80' lang='lat' dir='ltr'><strong>gentes</strong></span> <span class='ocrx_word' id='word_1_918' title='bbox 3397 5288 3516 5342; x_wconf 69' lang='lat' dir='ltr'><strong>qua:</strong></span> 
     </span>
    </p>
   </div>
   <div class='ocr_carea' id='block_1_116' title="bbox 1947 5353 3515 5428">
    <p class='ocr_par' dir='ltr' id='par_1_116' title="bbox 1947 5353 3515 5428">
     <span class='ocr_line' id='line_1_116' title="bbox 1947 5353 3515 5428; baseline 0.01 -26"><span class='ocrx_word' id='word_1_919' title='bbox 1947 5357 1998 5402; x_wconf 87' lang='lat' dir='ltr'><strong>te</strong></span> <span class='ocrx_word' id='word_1_920' title='bbox 2021 5363 2125 5402; x_wconf 92' lang='lat' dir='ltr'><strong>non</strong></span> <span class='ocrx_word' id='word_1_921' title='bbox 2157 5361 2542 5419; x_wconf 87' lang='lat' dir='ltr'><strong>cognoverunt,</strong></span> <span class='ocrx_word' id='word_1_922' title='bbox 2565 5353 2631 5406; x_wconf 85' lang='lat' dir='ltr'><strong>ad</strong></span> <span class='ocrx_word' id='word_1_923' title='bbox 2657 5363 2706 5407; x_wconf 89' lang='lat' dir='ltr'><strong>te</strong></span> <span class='ocrx_word' id='word_1_924' title='bbox 2732 5364 2969 5408; x_wconf 87' lang='lat' dir='ltr'><strong>current.</strong></span> <span class='ocrx_word' id='word_1_925' title='bbox 2994 5375 3012 5407; x_wconf 71' lang='grc' dir='ltr'><strong>ι</strong></span> <span class='ocrx_word' id='word_1_926' title='bbox 3041 5357 3343 5428; x_wconf 87' lang='lat' dir='ltr'><strong>Alloquitur</strong></span> <span class='ocrx_word' id='word_1_927' title='bbox 3377 5364 3515 5417; x_wconf 75' lang='lat' dir='ltr'><strong>Deus</strong></span> 
     </span>
    </p>
   </div>
   <div class='ocr_carea' id='block_1_117' title="bbox 1944 5436 3510 5519">
    <p class='ocr_par' dir='ltr' id='par_1_117' title="bbox 1944 5436 3510 5519">
     <span class='ocr_line' id='line_1_117' title="bbox 1944 5436 3510 5519; baseline 0.011 -27"><span class='ocrx_word' id='word_1_928' title='bbox 1944 5436 2105 5494; x_wconf 89' lang='lat' dir='ltr'><strong>Pater</strong></span> <span class='ocrx_word' id='word_1_929' title='bbox 2135 5439 2328 5494; x_wconf 82' lang='lat' dir='ltr'><strong>Filium</strong></span> <span class='ocrx_word' id='word_1_930' title='bbox 2361 5457 2515 5497; x_wconf 94' lang='lat' dir='ltr'><strong>suum</strong></span> <span class='ocrx_word' id='word_1_931' title='bbox 2551 5442 2617 5498; x_wconf 90' lang='lat' dir='ltr'><strong>de</strong></span> <span class='ocrx_word' id='word_1_932' title='bbox 2654 5445 2934 5501; x_wconf 85' lang='lat' dir='ltr'><strong>vocatione</strong></span> <span class='ocrx_word' id='word_1_933' title='bbox 2972 5451 3209 5519; x_wconf 87' lang='lat' dir='ltr'><strong>gentium</strong></span> <span class='ocrx_word' id='word_1_934' title='bbox 3239 5454 3303 5507; x_wconf 88' lang='lat' dir='ltr'><strong>ad</strong></span> <span class='ocrx_word' id='word_1_935' title='bbox 3331 5455 3510 5518; x_wconf 84' lang='lat' dir='ltr'><strong>ﬁdem,</strong></span> 
     </span>
    </p>
   </div>
   <div class='ocr_carea' id='block_1_118' title="bbox 1943 5533 3509 5611">
    <p class='ocr_par' dir='ltr' id='par_1_118' title="bbox 1943 5533 3509 5611">
     <span class='ocr_line' id='line_1_118' title="bbox 1943 5533 3509 5611; baseline 0.011 -27"><span class='ocrx_word' id='word_1_936' title='bbox 1943 5540 1999 5584; x_wconf 89' lang='lat' dir='ltr'><strong>et</strong></span> <span class='ocrx_word' id='word_1_937' title='bbox 2021 5533 2162 5601; x_wconf 87' lang='lat' dir='ltr'><strong>quod</strong></span> <span class='ocrx_word' id='word_1_938' title='bbox 2194 5534 2260 5587; x_wconf 90' lang='lat' dir='ltr'><strong>ad</strong></span> <span class='ocrx_word' id='word_1_939' title='bbox 2285 5550 2406 5588; x_wconf 91' lang='lat' dir='ltr'><strong>eum</strong></span> <span class='ocrx_word' id='word_1_940' title='bbox 2437 5547 2762 5591; x_wconf 86' lang='lat' dir='ltr'><strong>concurrant</strong></span> <span class='ocrx_word' id='word_1_941' title='bbox 2803 5549 3008 5608; x_wconf 82' lang='lat' dir='ltr'><strong>gentes,</strong></span> <span class='ocrx_word' id='word_1_942' title='bbox 3039 5558 3158 5611; x_wconf 82' lang='lat' dir='ltr'><strong>quae</strong></span> <span class='ocrx_word' id='word_1_943' title='bbox 3198 5555 3322 5600; x_wconf 87' lang='lat' dir='ltr'><strong>ante</strong></span> <span class='ocrx_word' id='word_1_944' title='bbox 3358 5546 3509 5606; x_wconf 88' lang='lat' dir='ltr'><strong>illum</strong></span> 
     </span>
    </p>
   </div>
   <div class='ocr_carea' id='block_1_119' title="bbox 1943 5627 3513 5696">
    <p class='ocr_par' dir='ltr' id='par_1_119' title="bbox 1943 5627 3513 5696">
     <span class='ocr_line' id='line_1_119' title="bbox 1943 5627 3513 5696; baseline 0.013 -20"><span class='ocrx_word' id='word_1_945' title='bbox 1943 5638 2047 5677; x_wconf 90' lang='lat' dir='ltr'><strong>non</strong></span> <span class='ocrx_word' id='word_1_946' title='bbox 2098 5627 2493 5694; x_wconf 83' lang='lat' dir='ltr'><strong>cognoscebant</strong></span> <span class='ocrx_word' id='word_1_947' title='bbox 2540 5644 2634 5696; x_wconf 89' lang='lat' dir='ltr'><strong>per</strong></span> <span class='ocrx_word' id='word_1_948' title='bbox 2685 5628 2841 5684; x_wconf 84' lang='lat' dir='ltr'><strong>ﬁdem</strong></span> <span class='ocrx_word' id='word_1_949' title='bbox 2881 5641 2935 5685; x_wconf 92' lang='lat' dir='ltr'><strong>et</strong></span> <span class='ocrx_word' id='word_1_950' title='bbox 2980 5633 3338 5693; x_wconf 89' lang='lat' dir='ltr'><strong>dilectionem.</strong></span> <span class='ocrx_word' id='word_1_951' title='bbox 3373 5638 3513 5696; x_wconf 83' lang='lat' dir='ltr'><strong>Ecce</strong></span> 
     </span>
    </p>
   </div>
   <div class='ocr_carea' id='block_1_120' title="bbox 1943 5713 3508 5793">
    <p class='ocr_par' dir='ltr' id='par_1_120' title="bbox 1943 5713 3508 5793">
     <span class='ocr_line' id='line_1_120' title="bbox 1943 5713 3508 5793; baseline 0.012 -29"><span class='ocrx_word' id='word_1_952' title='bbox 1943 5713 2157 5785; x_wconf 89' lang='lat' dir='ltr'><strong>(inquit)</strong></span> <span class='ocrx_word' id='word_1_953' title='bbox 2187 5728 2372 5785; x_wconf 77' lang='lat' dir='ltr'><strong>gentes</strong></span> <span class='ocrx_word' id='word_1_954' title='bbox 2398 5732 2531 5784; x_wconf 89' lang='lat' dir='ltr'><strong>quas</strong></span> <span class='ocrx_word' id='word_1_955' title='bbox 2564 5718 2866 5787; x_wconf 87' lang='lat' dir='ltr'><strong>ignorabas,</strong></span> <span class='ocrx_word' id='word_1_956' title='bbox 2888 5733 3106 5793; x_wconf 87' lang='lat' dir='ltr'><strong>propter</strong></span> <span class='ocrx_word' id='word_1_957' title='bbox 3131 5725 3508 5791; x_wconf 87' lang='lat' dir='ltr'><strong>idololatriam,</strong></span> 
     </span>
    </p>
   </div>
   <div class='ocr_carea' id='block_1_121' title="bbox 1942 5805 3510 5890">
    <p class='ocr_par' dir='ltr' id='par_1_121' title="bbox 1942 5805 3510 5890">
     <span class='ocr_line' id='line_1_121' title="bbox 1942 5805 3510 5890; baseline 0.013 -34"><span class='ocrx_word' id='word_1_958' title='bbox 1942 5805 2157 5862; x_wconf 84' lang='lat' dir='ltr'><strong>vocabis</strong></span> <span class='ocrx_word' id='word_1_959' title='bbox 2185 5823 2213 5860; x_wconf 89' lang='lat' dir='ltr'><strong>a</strong></span> <span class='ocrx_word' id='word_1_960' title='bbox 2249 5807 2458 5862; x_wconf 87' lang='lat' dir='ltr'><strong>cultura</strong></span> <span class='ocrx_word' id='word_1_961' title='bbox 2502 5823 2635 5862; x_wconf 83' lang='lat' dir='ltr'><strong>vana</strong></span> <span class='ocrx_word' id='word_1_962' title='bbox 2665 5809 2730 5863; x_wconf 88' lang='lat' dir='ltr'><strong>ad</strong></span> <span class='ocrx_word' id='word_1_963' title='bbox 2764 5811 2919 5867; x_wconf 82' lang='lat' dir='ltr'><strong>ﬁdem</strong></span> <span class='ocrx_word' id='word_1_964' title='bbox 2951 5824 3093 5869; x_wconf 86' lang='lat' dir='ltr'><strong>tuam</strong></span> <span class='ocrx_word' id='word_1_965' title='bbox 3120 5833 3215 5887; x_wconf 82' lang='lat' dir='ltr'><strong>per</strong></span> <span class='ocrx_word' id='word_1_966' title='bbox 3244 5822 3510 5890; x_wconf 77' lang='lat' dir='ltr'><strong>apostolo-</strong></span> 
     </span>
    </p>
   </div>
   <div class='ocr_carea' id='block_1_122' title="bbox 2961 5908 3038 5966">
    <p class='ocr_par' dir='ltr' id='par_1_122' title="bbox 2961 5908 3038 5966">
     <span class='ocr_line' id='line_1_122' title="bbox 2961 5908 3038 5966; baseline 0.013 -1"><span class='ocrx_word' id='word_1_967' title='bbox 2961 5908 3038 5966; x_wconf 68' lang='lat'><strong>32</strong></span> 
     </span>
    </p>
   </div>
  </div>
