4016 6450
564 423 702 480 i005

1044 420 1397 499 muretus
1435 415 1908 497 HALBERSTAT.
1949 413 2139 471 EPISC

2241 412 2343 469 PP.
2386 412 2564 469 PAllS
2603 412 2641 468 1.
2678 444 2742 453 --
2784 413 3136 471 (ΣΟΜΜΕΝΤ.
3174 414 3343 470 BIBL.

3699 415 3831 470 ιοω

566 554 686 594 rum
726 546 941 594 tuorum
982 536 1442 608 prmdicationcm.
1477 534 1543 589 Et
1572 541 1759 604 gentes
1781 548 1904 604 qua:
1929 546 2035 587 non
2062 545 2150 586 co-
2179 534 2229 594 Α
2257 539 2312 586 et
2353 531 2622 602 antiquas,
2664 530 2861 601 quibus
2906 549 2936 586 a
2971 532 3199 588 Domino
3241 532 3575 599 declinabat,
3619 535 3835 605 quando

563 637 864 697 gnoverunt
885 637 937 684 te
958 636 1111 683 antea
1134 642 1228 698 per
1254 626 1433 692 ﬁdem,
1456 625 1524 683 ad
1547 633 1600 681 te
1626 631 1849 679 current
1871 623 2141 678 dicentes:

570 739 585 769 ι
630 721 875 787 Domine,
916 719 1177 791 refugium
1227 718 1400 773 factus
1439 732 1498 773 cs
1545 715 1700 785 nobis
1729 712 1902 787 (Psal.
1935 713 2080 784 ην).
2119 730 2138 763 ι

562 810 667 866 lste
686 820 771 866 est
788 811 927 865 Deus
949 819 1154 873 noster,
1170 823 1327 878 quem
1348 806 1801 877 exspectavimus.
1821 803 1895 859 De
1919 804 2143 860 istorum

563 897 668 952 title
696 898 897 953 dictum
936 907 1021 953 est
1048 897 1297 967 superius
1329 915 1341 949 :
1376 895 1584 963 Quibus
1627 910 1733 948 non
1772 903 1853 949 est
1883 893 2145 964 pradica-

561 996 674 1044 tum
704 987 768 1043 de
793 1003 880 1052 eo,
916 988 1191 1042 videbunt.
1226 985 1291 1041 Et
1317 984 1695 1055 insEvangelio
1720 984 1788 1038 de
1813 984 1944 1055 ipsis
1971 983 2144 1053 loqui-

562 1088 651 1135 tur
680 1079 938 1135 Dominus
966 1097 980 1133 :
1016 1098 1034 1131 ι
1064 1079 1209 1133 Beati
1240 1079 1529 1151 (inquiens)
1557 1079 1648 1151 qui
1676 1094 1783 1134 non
1809 1078 2064 1134 viderunt
2087 1087 2142 1133 et

562 1171 911 1227 crediderunt
951 1169 1133 1242 (Joan.
1178 1171 1295 1241 xx).
1350 1189 1369 1220 ι
1424 1169 1726 1240 Sequitur:
1759 1168 1827 1223 Et
1881 1169 1984 1224 hoc
2028 1168 2142 1233 fiet,

566 1281 585 1315 ι
620 1270 836 1333 propter
862 1262 1147 1316 Dominum
1190 1261 1357 1316 Deum
1390 1268 1560 1327 tuum,
1593 1269 1646 1315 et
1677 1268 1923 1315 sanctum
1952 1259 2138 1323 Israel,

558 1353 686 1425 quia
716 1353 1038 1426 glorificabit
1081 1362 1151 1407 te.
1192 1372 1209 1405 ο
1241 1351 1548 1422 Aliquando
1578 1367 1731 1407 sacra
1761 1350 2047 1421 Scriptura
2075 1351 2141 1407 de

558 1443 843 1498 divinitate
864 1440 986 1497 Filii
1012 1441 1104 1496 Dei
1123 1439 1387 1510 loquitur,
1400 1439 1684 1510 aliquando
1699 1438 1765 1494 de
1784 1438 2137 1494 humanitate.

559 1534 628 1590 Et
650 1531 867 1605 quando
894 1532 960 1588 de
988 1531 1098 1586 Deo
1125 1530 1381 1601 loquitur,
1410 1530 1500 1602 qui
1551 1548 1569 1581 ι
1609 1529 1664 1584 in
1711 1528 1977 1600 principio
2020 1537 2142 1584 erat

560 1616 951 1680 DeusVerbum
980 1616 1118 1694 apud
1139 1620 1305 1676 Deum
1330 1619 1548 1676 Patrem
1571 1617 1753 1691 (Joun.
1795 1619 1867 1691 ι),
1892 1638 1912 1672 ι
1942 1619 2142 1675 dicitur

560 1716 729 1774 Pater
749 1716 953 1789 gloriae.
987 1714 1213 1785 Quando
1240 1730 1369 1770 vero
1397 1716 1463 1771 de
1492 1729 1558 1770 eo
1591 1714 1684 1785 qui
1722 1713 1853 1770 dicit
1886 1714 1939 1768 in
1964 1713 2142 1768 Evan-

559 1807 719 1882 gelio,
737 1807 881 1879 quod
905 1826 925 1859 ι
944 1822 1031 1865 me
1044 1804 1431 1879 persequitnini
1455 1803 1728 1864 hominem
1742 1804 1833 1876 qui
1856 1802 2137 1860 veritatem

2248 623 2384 677 dixit
2424 623 2498 679 illi
2532 642 2545 677 :
2580 641 2600 675 ι
2632 611 2828 694 thuid
2883 625 3133 696 cogitatis
3169 626 3308 681 mala
3342 628 3395 681 in
3453 628 3713 684 cordibus
3744 644 3834 686 ve-

2252 713 2386 769 stris
2418 712 2631 786 (Matth.
2666 713 2792 785 rx)?
2825 733 2842 767 ι
2895 734 2913 767 ι
2946 716 3013 770 Et
3052 724 3354 772 revertatur
3378 719 3444 773 ad
3486 718 3774 775 Dominum
3808 742 3830 774 ι

2247 807 2544 863 secundum
2588 805 2757 861 illud:
2796 826 2814 858 ι
2847 805 3067 864 Declina
3113 823 3145 863 a
3190 808 3359 876 male,
3386 819 3443 865 et
3497 810 3585 867 fac
3632 812 3835 868 bonum

2246 896 2422 968 (Psal.
2450 900 2656 970 xxxvi).
2682 920 2701 953 ι
2737 919 2756 951 ς
2776 900 2844 955 Et
2866 902 3212 958 miserebitur
3229 903 3346 972 ejus
3364 925 3383 957 ι
3417 908 3745 963 revertentis
3767 909 3831 964 ad

2245 1005 2325 1055 se,
2355 1008 2374 1042 ι
2392 991 2535 1061 ,(ιιιία
2562 1008 2668 1047 non
2692 992 2809 1047 vult
2831 1002 3059 1050 mortem
3084 998 3405 1066 peccatoris,
3435 997 3531 1053 sed
3571 1000 3749 1071 magis
3774 1008 3831 1054 ut

2246 1083 2847 1137 convertaturetvivati
2872 1083 3278 1156 (Ezech.xvm).
3310 1105 3330 1140 σ
3355 1087 3425 1142 Et
3449 1088 3519 1143 ad
3543 1088 3716 1145 Deum
3740 1105 3830 1145 no-

2247 1179 2447 1237 strum,
2472 1190 2490 1221 ι
2520 1171 2775 1227 subaudis
2798 1180 3105 1228 revertatur
3137 1183 3363 1244 uterque
3394 1176 3629 1248 populus
3664 1179 3832 1248 paria

2246 1263 2473 1319 tentiam
2506 1265 2733 1335 agendo,
2771 1282 2791 1315 ι
2829 1265 3087 1336 quoniam
3120 1267 3317 1323 multus
3336 1277 3420 1323 est
3448 1269 3517 1324 ad
3548 1270 3827 1339 ignoscen-

2242 1358 2392 1423 dum,
2418 1378 2436 1410 ι
2472 1359 2575 1413 hoc
2616 1366 2721 1424 est,
2753 1372 2967 1429 semper
3005 1366 3089 1414 est
3131 1368 3354 1430 paratus
3400 1361 3468 1415 ad
3514 1361 3828 1416 misericor-

2242 1448 2407 1503 diam.
2442 1447 2535 1504 Sic
2568 1449 2713 1504 enim
2744 1448 2874 1504 dicit
2901 1448 3183 1505 Psalmista
3218 1468 3231 1504 :
3270 1468 3288 1501 ι
3324 1449 3701 1506 Misericordia
3724 1448 3832 1519 eius

2242 1558 2409 1615 super
2447 1543 2627 1599 omnia
2674 1558 2839 1615 opera
2881 1541 2997 1614 ejus
3028 1541 3201 1616 (Psal.
3240 1544 3451 1616 cxuv).
3485 1562 3505 1595 ι
3548 1543 3673 1599 Hoc
3711 1560 3831 1601 vero

2240 1638 2384 1709 quod
2434 1637 2667 1693 diximus
2715 1637 2989 1709 pertinere
3036 1637 3343 1709 specialiter
3378 1638 3447 1694 ad
3482 1637 3748 1710 gentilem
3782 1646 3829 1693 et

2240 1726 2526 1784 Iudaicum
2567 1726 2845 1799 populum,
2877 1726 3218 1799 derelinquat
3246 1726 3445 1798 impius
3474 1727 3628 1781 viam
3661 1741 3820 1787 suam,

2243 1817 2296 1875 id
2319 1827 2405 1876 est
2426 1818 2695 1874 actionem
2721 1834 2875 1874 suam
2904 1833 3148 1890 pravam,
3177 1826 3233 1874 et
3259 1818 3345 1872 vir
3373 1817 3599 1888 iniquus
3634 1819 3823 1889 cogita‘

559 1880 2140 1970 loquorvobis(Joan.vIu),iappellaturPaterdivininostri
2172 1880 2215 1939 Β
2245 1908 2416 1964 tiones
2448 1924 2576 1964 suas
2609 1880 2933 1979 ροτγετεαεξ
2968 1907 3038 1964 ad
3076 1880 3521 1979 ηδιηηῳιθωφξε
3575 1880 3823 1979 βορέω,

558 1990 687 2047 .lesu
717 1989 937 2045 Christi.
968 1988 1121 2045 Sicut
1153 1987 1209 2043 in
1234 1988 1338 2043 isto
1361 1987 1500 2054 loco,
1530 2002 1652 2042 cum
1678 1986 1894 2052 dicitur,
1926 1994 2144 2059 propter

561 2083 846 2138 Dominum
886 2081 1103 2136 Patrem
1142 2080 1311 2135 Deum
1367 2088 1519 2133 tuum
1557 2087 1613 2134 et
1657 2088 1903 2135 sanctum
1952 2077 2139 2145 Israel,

560 2175 685 2248 quia
718 2173 1039 2247 gloriﬁcabit
1062 2179 1134 2237 te,
1166 2187 1229 2227 ex
1255 2179 1492 2240 tempore
1528 2183 1591 2224 ea
1635 2168 1806 2241 gloria
1843 2183 2005 2239 quam
2041 2168 2139 2223 lia-

559 2266 677 2320 buit
728 2265 841 2335 ipsa
892 2261 1150 2317 divinitas
1195 2267 1320 2314 ante
1360 2256 1542 2314 omnia
1579 2257 1773 2313 s:ccula
1813 2256 2143 2312 aeternaliter

559 2372 682 2412 cum
726 2356 863 2427 ipso.
901 2351 1237 2409 Glorificavit
1264 2351 1406 2405 Deus
1431 2348 1592 2403 Pater
1610 2347 1808 2403 Filium
1845 2347 1898 2401 in
1934 2348 2142 2418 baptis-

560 2454 724 2510 mate,
741 2444 958 2516 quando
978 2443 1148 2497 dixit:
1184 2460 1202 2493 ‹
1224 2440 1322 2497 Hic
1344 2447 1428 2495 est
1455 2436 1622 2493 Filius
1641 2452 1794 2493 meus
1818 2435 2065 2501 dilectus,
2084 2435 2139 2491 in

557 2553 664 2610 quo
688 2536 819 2591 mihi
835 2531 1155 2605 complacui.
1180 2550 1197 2584 ι
1219 2529 1552 2587 Glorilicavit
1568 2527 1729 2583 etiam
1747 2541 1869 2581 eum
1892 2525 1946 2580 in
1967 2532 2140 2582 morte

555 2638 611 2682 et
642 2627 695 2682 in
727 2626 977 2697 passione
1002 2622 1333 2679 resuscitans
1359 2635 1480 2675 cum
1509 2634 1538 2673 a
1566 2617 1813 2673 mortuis.

634 2734 653 2767 ι
683 2715 920 2785 Qumrite
944 2713 1225 2769 Dominum
1258 2712 1381 2767 dum
1414 2708 1639 2765 inveniri
1668 2716 1865 2779 potest,
1890 2707 2138 2763 invocato

556 2824 681 2865 eum
723 2807 850 2861 dum
889 2819 1055 2876 prope
1086 2812 1186 2860 cst.
1225 2822 1243 2855 ι
1278 2801 1545 2870 Propheta
1598 2798 1887 2869 alloquitur
1925 2795 2138 2852 Judzcos

555 2900 647 2970 qui
675 2898 966 2953 noluerunt
993 2893 1233 2964 recipere
1255 2890 1658 2946 misericordias
1674 2897 1729 2944 et
1749 2887 2138 2959 promissiones

549 2978 677 3068 quin
701 2993 858 3047 facta:
883 2998 1011 3046 sunt
1036 2988 1104 3043 ad
1123 2986 1310 3050 David,
1338 2995 1396 3040 ut
1422 2991 1669 3055 quaerant
1697 2982 1983 3038 Dominum
2013 2994 2136 3035 cum

558 3097 771 3158 tempus
792 3092 877 3139 est
898 3090 952 3136 et
970 3080 1141 3145 locus,
1169 3079 1220 3133 id
1246 3086 1331 3134 est
1354 3077 1477 3132 dum
1500 3076 1687 3129 vivunt
1709 3076 1761 3128 in
1782 3074 1884 3129 hoc
1916 3072 2130 3127 srcealo.

529 3178 634 3233 ,Δρ
680 3175 725 3231 si
787 3168 1199 3238 diceretzQuia
1250 3182 1378 3238 ergo
1419 3165 1667 3221 noluistis
1728 3164 1973 3234 recipere
2034 3160 2135 3217 mi-

555 3264 880 3323 sericordias
908 3277 1026 3333 quae
1067 3259 1220 3315 facta:
1250 3266 1376 3314 sunt
1400 3255 1465 3311 ad
1496 3256 1686 3322 David,
1712 3254 1806 3311 sed
1834 3265 2020 3325 gentes
2042 3268 2130 3309 re-
2159 3244 2208 3305 C

556 3366 816 3433 ceperunt
837 3371 954 3422 eas,
973 3374 992 3406 ι
1017 3354 1158 3426 agite
1184 3350 1559 3423 paenitentiam
1583 3356 1640 3405 et
1659 3346 2035 3404 convertimini
2065 3346 2132 3402 ad

556 3449 845 3506 Dominum
874 3447 1000 3503 dum
1026 3454 1234 3514 tempus
1262 3441 1530 3497 habetisa
1556 3439 1631 3494 De
1650 3438 1754 3493 hoc
1785 3447 2026 3507 tempore
2052 3435 2135 3492 (ιίι

555 3542 631 3600 cit
658 3538 946 3614 Apostolus
973 3555 987 3591 :
1018 3556 1037 3590 ι
1069 3536 1206 3590 Ecce
1236 3547 1378 3587 nunc
1401 3539 1612 3601 tempus
1637 3527 1989 3599 acceptabile,
2008 3541 2134 3583 ecce

557 3649 703 3690 nunc
732 3632 849 3689 dies
876 3627 1067 3686 salutis
1102 3623 1206 3699 (ΙΙ.
1239 3620 1362 3679 Cor.
1390 3622 1488 3693 Vl).
1521 3639 1539 3673 ι
1577 3619 1633 3675 In
1663 3617 1915 3691 prtesenti
1967 3616 2135 3689 siqui-

556 3732 681 3788 dem
720 3734 901 3802 potest
937 3722 1189 3787 inveniri,
1224 3734 1328 3776 non
1356 3718 1475 3774 loco
1509 3717 1603 3772 sed
1637 3714 1832 3771 merito
1862 3712 2007 3779 ildei,
2039 3712 2135 3769 sed

559 3824 612 3879 in
657 3821 837 3876 futuro
872 3832 976 3873 non
1022 3814 1236 3871 dabitur
1278 3823 1450 3880 neque
1488 3810 1662 3871 locus,
1703 3820 1879 3875 neque
1922 3811 2137 3873 tempus

557 3913 729 3969 Deum
757 3907 1053 3984 quaerendi,
1083 3904 1177 3961 sed
1216 3894 1449 3959 vivendi.
1492 3901 1829 3970 Quapropter
1863 3916 1881 3950 ι
1911 3897 2135 3969 quaerite

556 4019 679 4062 eum
705 4003 831 4059 dum
858 3998 1084 4056 inveniri
1109 4004 1305 4069 potest,
1333 3994 1460 4049 dum
1487 3991 1620 4047 estis
1647 3991 1701 4044 in
1729 4003 1980 4058 corpore,
2005 3988 2132 4044 dum

559 4090 719 4153 datur
736 4093 887 4148 locus
907 4087 1257 4160 pmnitentice.
1273 4103 1291 4135 ι
1319 4083 1634 4150 Qumramus
1654 4094 1777 4133 eum
1797 4086 1853 4133 et
1878 4092 1995 4144 nos,
2025 4092 2134 4133 non
2166 4156 2181 4165 ι

557 4186 676 4242 loco
711 4181 807 4237 sed
848 4179 970 4235 fide.
1011 4175 1325 4244 Quaeramus
1369 4178 1513 4227 recte
1555 4167 1844 4235 credendo,
1880 4167 2017 4224 bene
2055 4167 2135 4223 vi.

558 4274 751 4339 velldo,
785 4273 920 4328 bene
957 4264 1374 4343 perseverando,
1407 4270 1463 4318 et
1495 4260 1599 4317 hoc
1639 4275 1760 4315 cum
1790 4257 2135 4328 simplicitate

558 4363 756 4430 contis,
789 4370 848 4417 ut
877 4360 1005 4415 illud
1037 4376 1050 4412 :
1086 4376 1105 4409 ι
1142 4355 1328 4427 Sapite
1354 4352 1419 4409 de
1446 4349 1675 4405 Domino
1706 4348 1759 4403 in
1792 4347 2049 4413 bonitate,
2080 4354 2137 4401 et

560 4461 614 4514 in
640 4454 984 4527 simplicitate
1024 4449 1205 4509 cordis
1230 4446 1453 4518 quaerite
1500 4442 1650 4498 illum
1680 4440 1829 4510 (Sap.
1864 4440 1925 4511 ι).
1966 4457 1985 4490 ι
2030 4438 2131 4494 Se-

560 4550 745 4622 quitur
770 4565 782 4601 :
816 4565 833 4597 σ
865 4546 1115 4602 lnvocate
1139 4557 1262 4598 eum
1289 4539 1414 4593 dum
1447 4549 1612 4608 prope
1636 4540 1738 4599 est,
1770 4552 1788 4585 ι
1821 4532 1874 4587 id
1900 4541 1983 4587 est
2008 4533 2133 4587 dum

560 4612 732 4702 vacat,
757 4637 881 4693 dum
915 4644 1126 4704 tempus
1150 4641 1251 4686 est.
1272 4627 1445 4699 Prope
1467 4635 1550 4682 est
1575 4625 1720 4679 enim
1746 4622 1996 4679 omnibus
2022 4622 2128 4677 Do-
2159 4612 2210 4673 D

545 4721 737 4787 'minus
759 4743 816 4784 se
837 4727 889 4781 in
912 4725 1136 4780 veritate
1152 4715 1711 4790 invocantibus(Psal.
1726 4716 1925 4789 cxuv),
1939 4736 1957 4768 ι
1977 4715 2132 4787 longe

558 4832 739 4878 autem
776 4827 859 4875 est
896 4819 964 4874 ab
1002 4816 1107 4872 illis
1154 4820 1244 4886 qui
1295 4813 1360 4870 ab
1399 4811 1517 4882 ejus
1558 4808 1832 4865 voluntate
1874 4808 2133 4863 recedunt

557 4915 848 4988 peccando.
883 4911 1033 4967 Sicut
1058 4908 1201 4965 enim
1233 4904 1724 4977 apprOpinquamus
1749 4900 1799 4955 ei
1820 4900 1977 4956 bonis
2002 4913 2131 4969 ope-

558 5006 709 5063 ribus
748 5000 1113 5064 inscrviendo,
1152 5011 1259 5051 non
1313 4996 1367 5050 in
1405 4993 1547 5059 loco,
1578 4991 1673 5047 sed
1716 4989 2026 5060 elongamus
2063 4988 2131 5043 ab

558 5107 651 5162 illo
684 5102 827 5158 vitiis
857 5095 1175 5156 insudando.
1217 5091 1369 5149 Unde
1395 5090 1510 5160 ipse
1537 5087 1667 5144 dicit
1688 5101 1785 5157 per
1807 5083 2127 5141 Jeremiam:

563 5218 581 5250 ι
614 5197 728 5270 Ego
758 5195 895 5250 Deus
941 5187 1377 5262 appropinquans
1419 5183 1498 5239 eis
1540 5182 1632 5253 qui
1678 5179 1810 5236 mihi
1847 5178 2133 5270 appropinf

558 5267 728 5360 quant
751 5284 874 5349 (ide,
902 5289 957 5337 et
986 5279 1141 5350 longe
1163 5275 1421 5331 recedens
1450 5273 1518 5329 ab
1545 5274 1630 5328 his
1655 5271 1745 5343 qui
1778 5284 1806 5327 a
1840 5285 1925 5325 me
1949 5267 2133 5340 procul

557 5374 817 5433 recedunt
864 5372 916 5425 in
956 5366 1268 5423 infidelitate
1316 5362 1463 5438 (Jer.
1508 5363 1697 5435 xxnl).
1749 5381 1766 5413 ι
1810 5361 1879 5417 Et
1920 5367 2135 5430 aposto-

556 5460 909 5534 lusloqnitur
939 5455 1282 5514 credentibus
1309 5471 1324 5508 :
1360 5473 1379 5507 ι
1414 5454 1852 5526 Appropinquate
1879 5451 2127 5518 Domino,

555 5565 612 5613 et
641 5548 1089 5628 appropinquabit
1115 5547 1267 5605 vobis
1296 5546 1436 5620 (Jac.
1462 5545 1559 5619 tv.)
1588 5564 1606 5596 ι

634 5664 653 5698 ι
688 5642 1034 5713 Derelinquat
1069 5639 1284 5710 impius,
1306 5658 1324 5691 ι
1355 5635 1568 5709 gentilis
1596 5632 1844 5689 videlicet
1880 5632 2126 5703 populus,

563 5754 581 5787 ι
602 5736 743 5791 viam
766 5748 939 5797 suam,
963 5751 981 5783 ι
1010 5729 1204 5785 malam
1225 5736 1280 5784 et
1298 5728 1603 5798 pristinam,
1626 5744 1643 5776 ι
1673 5722 1825 5779 etvir
1844 5723 2080 5793 iniquus,
2106 5743 2123 5775 ι

557 5825 810 5881 Iudaicus
831 5823 1035 5879 scilicet
1059 5819 1309 5890 populus,
1346 5837 1363 5869 ι
1386 5817 1737 5887 cogitationes
1764 5830 1888 5871 suas
1908 5834 1927 5866 ι
1960 5813 2129 5870 malas

2243 2015 2356 2055 rem
2381 1998 2573 2055 referri
2601 2015 2710 2055 non
2742 1999 3038 2071 incongrue
3067 2006 3262 2071 potest,
3296 1999 3390 2069 qui
3420 1998 3827 2071 cogitationeet

2242 2106 2406 2161 opere
2454 2089 2737 2159 delinquit,
2772 2099 2831 2145 ut
2873 2105 3037 2163 agens
3063 2089 3438 2161 paenitentiam
3481 2090 3582 2146 Dei
3626 2092 3820 2146 miseri-

2240 2181 2480 2237 cordiam
2520 2190 2909 2252 consequatur.
2952 2180 3104 2236 Tunc
3130 2180 3274 2236 enim
3317 2180 3385 2235 ad
3422 2179 3715 2235 Dominum
3746 2197 3821 2235 rea

2240 2271 2504 2326 vertimur
2555 2278 2610 2326 et
2657 2274 2775 2343 ipse
2825 2271 3170 2327 miserebitur
3220 2270 3393 2326 nostri
3431 2271 3562 2341 quia
3606 2272 3815 2325 multum

2240 2363 2554 2418 misericors
2592 2372 2697 2428 est,
2729 2378 2852 2418 cum
2906 2363 3261 2434 cogitationes
3305 2370 3361 2417 ct
3409 2363 3530 2417 vias
3576 2364 3811 2433 pristinas

2241 2454 2628 2526 relinquentes,
2659 2455 2951 2510 virtutibus
2979 2454 3321 2510 inscrvimus.

2316 2564 2335 2596 ι
2367 2543 2482 2598 Non
2508 2543 2650 2598 enim
2684 2544 3041 2615 cogitationes
3067 2560 3201 2599 mea:
3231 2545 3592 2616 cogitationes
3607 2552 3806 2606 vestrae,

2239 2650 2414 2705 neque
2436 2635 2536 2689 vim
2562 2645 2754 2691 vestrm
2783 2635 2881 2690 vim
2912 2650 3066 2701 mem,
3090 2636 3221 2690 dicit
3240 2635 3532 2691 Dominus.
3561 2656 3579 2687 ι
3606 2635 3684 2690 Ne
3706 2636 3818 2705 quis

2240 2729 2511 2785 dubitaret
2538 2728 2603 2784 de
2634 2727 2809 2783 salute
2849 2728 3131 2798 utriusque
3176 2726 3382 2797 populi,
3423 2738 3477 2782 et
3525 2729 3671 2799 quod
3716 2729 3819 2799 ipse

2239 2840 2346 2879 non
2394 2823 2599 2879 valeret
2648 2830 2929 2892 peccatum
2972 2820 3153 2892 operis
3197 2830 3253 2876 et
3303 2822 3657 2891 cogitationis
3710 2836 3815 2877 om

2239 2914 2397 2970 nibus
2440 2914 2738 2982 indulgere,
2772 2912 2892 2969 ideo
2924 2912 3048 2967 talia
3083 2910 3236 2967 dixit.
3267 2911 3335 2967 Et
3363 2923 3445 2967 est
3478 2927 3676 2968 sensus
3707 2927 3723 2965 :
3753 2910 3820 2967 Ne

2238 3005 2439 3075 putetis
2468 3003 2681 3059 difﬁcile
2710 3018 2853 3069 esse,
2888 3001 3215 3073 impossibile
3248 3001 3380 3057 mihi
3415 3001 3631 3056 salvarc
3659 3018 3820 3073 popu-

2237 3092 2347 3147 lum
2384 3092 2724 3157 Judmorum,
2761 3107 3058 3162 omnesque
3107 3091 3331 3163 gentiles
3356 3091 3522 3147 Deum
3566 3093 3819 3161 ignoran-

2237 3191 2320 3239 tes
2350 3202 2363 3239 :
2393 3183 2497 3239 hoc
2521 3183 2964 3248 considerantes,
3011 3182 3154 3251 quod
3196 3182 3356 3235 multa
3398 3182 3468 3235 sit
3507 3180 3816 3237 differentia

2236 3274 2377 3330 inter
2415 3287 2534 3328 mea
2576 3271 2803 3328 consilia
2847 3280 2902 3327 et
2940 3281 3140 3335 vestra,
3178 3270 3513 3342 cogitationes
3550 3284 3707 3325 meas
3742 3286 3815 3325 ac

2235 3371 2464 3429 vestras,
2502 3369 2557 3417 et
2602 3377 2775 3416 meam
2824 3370 3078 3416 naturam
3126 3370 3179 3416 et
3226 3371 3472 3416 vestram.
3501 3358 3616 3414 Non
3657 3362 3809 3415 enim

2235 3454 2375 3510 sicut
2403 3453 2761 3525 cogitationes
2782 3468 2914 3508 meae
2942 3451 3310 3508 immutabiles
3328 3460 3474 3516 sunt,
3501 3453 3575 3507 ita
3606 3454 3817 3524 cogita—

2234 3543 2410 3599 tiones
2437 3551 2632 3598 vestrtc
2666 3550 2810 3599 sunt.
2840 3541 2977 3610 Quia
3018 3543 3376 3613 cogitationes
3412 3543 3692 3598 hominum
3730 3559 3817 3598 va-

2234 3650 2318 3690 ηαξ
2346 3642 2491 3692 sunt.
2524 3634 2710 3705 Neque
2736 3644 2796 3690 ut
2825 3635 2947 3701 vim,
2984 3635 3039 3691 id
3076 3644 3159 3691 est
3199 3636 3442 3691 actiones
3482 3645 3682 3691 vestra:
3707 3645 3817 3693 tor-

2236 3734 2404 3781 tuosae
2454 3734 2512 3782 et
2557 3740 2757 3797 pravze.
2795 3744 2813 3779 ι
2850 3724 2962 3780 Via:
3008 3740 3144 3782 mea:
3196 3735 3320 3782 sunt
3372 3726 3744 3784 immutabiles
3768 3737 3821 3783 et

2235 3825 2400 3873 recta:
2451 3814 2631 3889 (Prov.
2686 3815 2824 3887 ιιι).
2860 3833 2879 3867 ι
2934 3814 3112 3872 Multa:
3168 3816 3314 3871 enim
3364 3817 3727 3888 cogitationes
3767 3817 3818 3873 in

2235 3909 2398 3967 corde
2444 3909 2582 3972 viri,
2627 3908 2911 3964 consilium
2960 3919 3140 3964 autem
3189 3907 3406 3963 Domini
3454 3917 3511 3963 et
3561 3909 3821 3981 cogitatio

2236 4000 2392 4056 firma
2428 3998 2484 4056 lu
2510 4009 2774 4056 mternum
2804 4000 3059 4056 manebit.
3096 3998 3250 4055 Unde
3274 4007 3330 4055 et
3352 3998 3645 4055 subditur:

2310 4113 2329 4147 ε
2356 4092 2494 4162 Quia
2526 4093 2666 4149 sicut
2699 4092 3011 4149 exaltantur
3035 4082 3161 4161 caeli
3183 4106 3213 4146 a
3250 4100 3415 4157 terra,
3464 4091 3545 4147 sic
3573 4092 3820 4148 exaltaue

2234 4192 2361 4241 sunt
2386 4184 2487 4239 via:
2518 4196 2651 4238 mea:
2687 4202 2706 4233 ι
2740 4182 2960 4239 stabiles
2987 4202 3006 4235 ι
3041 4181 3195 4239 aviis
3222 4182 3425 4240 vestris
3461 4203 3480 4235 ι
3515 4181 3818 4255 fragilibus,

2241 4293 2260 4329 ι
2296 4284 2350 4330 et
2387 4274 2745 4347 cogitationes
2783 4286 2920 4330 mea:
2966 4293 2988 4329 ›
3043 4273 3164 4329 ﬁxae
3219 4294 3240 4326 σ
3293 4289 3326 4329 a
3395 4275 3816 4347 cogitationibus

2236 4366 2431 4424 vestris
2464 4388 2480 4421 ι
2514 4366 2690 4422 vanis.
2714 4366 2987 4435 Quantum
3016 4366 3182 4422 distat
3211 4365 3408 4423 cadum
3438 4383 3469 4422 a
3497 4375 3647 4424 terra
3672 4368 3811 4439 (quia

2236 4455 2378 4513 aliud
2407 4453 2774 4512 habitaculum
2826 4465 2910 4513 est
2953 4456 3290 4527 angelorum,
3326 4456 3474 4512 aliud
3513 4458 3808 4527 hominum)

2238 4554 2445 4617 tantum
2476 4546 2830 4617 cogitationes
2857 4543 2952 4601 Dei
2983 4553 3037 4601 et
3075 4545 3177 4600 viae
3206 4561 3237 4601 a
3267 4546 3684 4617 cogitationibus
3707 4547 3806 4602 ho-

2236 4637 2439 4692 minum
2465 4645 2521 4691 et
2544 4635 2647 4692 viis
2676 4637 2897 4702 distant,
2926 4644 2981 4692 et
3018 4636 3187 4692 multo
3224 4638 3480 4709 amplius,
3506 4640 3636 4708 quia
3668 4640 3813 4711 cogi-

2236 4727 2469 4783 tationes
2503 4735 2558 4783 et
2598 4728 2698 4784 via:
2744 4727 3022 4783 hominum
3050 4736 3387 4798 pravassunt
3419 4736 3478 4784 et
3510 4728 3816 4793 instabiles,

2235 4819 2330 4874 Dei
2357 4827 2533 4874 autem
2570 4818 2931 4875 immutabiles
2953 4828 3008 4875 et
3032 4820 3467 4891 promptissime.
3493 4819 3575 4877 De
3614 4823 3820 4894 cogita-

2234 4907 2469 4963 tionibus
2506 4907 2650 4963 euim
2682 4908 2860 4968 Dei.et
2885 4909 2985 4963 viis
3009 4909 3209 4964 dicitur
3238 4927 3252 4964 :
3282 4908 3674 4966 Inscrutabilia
3702 4921 3823 4967 sunt

2231 4999 2428 5071 iudicia
2454 4998 2593 5069 ejus,
2622 5009 2679 5055 et
2704 5000 3106 5072 investigabiles
3132 5002 3231 5056 viae
3260 5002 3392 5073 ejus.
3429 5000 3506 5055 De
3531 5002 3825 5058 hominum

2233 5105 2364 5146 vero
2397 5088 2623 5145 consilio
2659 5088 2857 5145 dicitur
2882 5107 2894 5145 :
2918 5089 3301 5161 Cogitaverunt
3328 5090 3643 5157 consilium,
3686 5093 3826 5162 quod

2234 5193 2339 5234 non
2368 5185 2659 5248 potuerunt
2686 5177 2946 5234 stabilire.

2310 5289 2328 5323 ‹
2358 5270 2427 5325 Ει
2463 5269 2730 5342 quomodo
2769 5270 3043 5326 descendit
3071 5271 3243 5327 imber
3276 5280 3333 5327 et
3371 5272 3463 5326 nix
3493 5272 3571 5328 de
3602 5274 3780 5336 emlo,
3806 5293 3825 5321 ο

2232 5358 2288 5414 id
2314 5366 2415 5426 est,
2447 5358 2513 5414 de
2547 5357 2800 5424 nubibus,
2839 5378 2857 5411 ι
2895 5366 2951 5414 et
2985 5359 3111 5415 illuc
3156 5360 3296 5415 ultra
3336 5375 3444 5415 non
3490 5363 3831 5425 revertitur,

2234 5451 2328 5506 sed
2355 5450 2587 5507 inebriat
2610 5458 2809 5505 terram
2840 5471 2858 5505 ι
2894 5467 2990 5507 suo
3016 5467 3158 5519 rore,
3193 5471 3211 5504 ι
3244 5460 3297 5507 et
3326 5452 3570 5508 infundit
3597 5469 3758 5517 eam,
3779 5460 3835 5507 et

2230 5543 2534 5612 germinare
2556 5557 2676 5596 eam
2704 5542 2854 5608 facit,
2880 5551 2932 5598 et
2962 5544 3055 5599 dat
3080 5559 3263 5600 semen
3285 5545 3511 5609 serenti,
3538 5555 3599 5600 et
3624 5560 3838 5617 panem

2231 5632 2534 5690 comedenti
2565 5651 2578 5689 :
2610 5632 2690 5688 sic
2716 5633 2820 5688 erit
2847 5635 3071 5689 verbum
3097 5649 3300 5700 meum,
3333 5653 3352 5686 ι
3380 5635 3435 5691 id
3463 5643 3573 5700 est,
3600 5645 3831 5691 semen.

2232 5725 2307 5780 tia
2336 5739 2475 5788 mea,
2508 5723 2651 5793 quod
2677 5723 2987 5794 egredietur
3013 5725 3078 5780 de
3104 5740 3198 5781 ore
3229 5739 3367 5781 meo.
3417 5744 3439 5777 ι
3467 5723 3591 5781 Non
3635 5740 3838 5779 rever-

2232 5825 2377 5873 tetur
2404 5817 2470 5872 ad
2498 5830 2583 5872 me
2604 5829 2853 5884 vacuum,
2868 5819 2978 5875 sed
3003 5817 3166 5874 faciet
3187 5831 3527 5885 qutecunque
3568 5816 3762 5874 volui,
3790 5822 3845 5866 et
