  <div class='ocr_page' id='page_1' title='image "/cluster/home/n/w/nwhite01/storage/ocr_20150623/116/hvd.32044015466881/504.png"; bbox 0 0 4016 6468; ppageno 0'>
   <div class='ocr_carea' id='block_1_1' title="bbox 245 448 377 504">
    <p class='ocr_par' dir='ltr' id='par_1_1' title="bbox 245 448 377 504">
     <span class='ocr_line' id='line_1_1' title="bbox 245 448 377 504; baseline 0.008 -1"><span class='ocrx_word' id='word_1_1' title='bbox 245 448 377 504; x_wconf 77' lang='grc'><strong>1005</strong></span> 
     </span>
    </p>
   </div>
   <div class='ocr_carea' id='block_1_2' title="bbox 1279 419 2425 489">
    <p class='ocr_par' dir='ltr' id='par_1_2' title="bbox 1279 419 2425 489">
     <span class='ocr_line' id='line_1_2' title="bbox 1279 419 2425 489; baseline -0.013 0"><span class='ocrx_word' id='word_1_2' title='bbox 1279 429 1628 489; x_wconf 75' lang='lat' dir='ltr'><strong>COMMENT.</strong></span> <span class='ocrx_word' id='word_1_3' title='bbox 1679 425 1742 481; x_wconf 70' lang='lat' dir='ltr'><strong>IN</strong></span> <span class='ocrx_word' id='word_1_4' title='bbox 1781 422 2028 480; x_wconf 73' lang='lat' dir='ltr'><strong>lS.\lAM.</strong></span> <span class='ocrx_word' id='word_1_5' title='bbox 2067 453 2134 461; x_wconf 90' lang='lat'><strong>-—</strong></span> <span class='ocrx_word' id='word_1_6' title='bbox 2178 420 2304 476; x_wconf 71' lang='grc' dir='ltr'><strong>ΗΒ.</strong></span> <span class='ocrx_word' id='word_1_7' title='bbox 2341 419 2425 476; x_wconf 79' lang='grc' dir='ltr'><strong>ιιι.</strong></span> 
     </span>
    </p>
   </div>
   <div class='ocr_carea' id='block_1_3' title="bbox 3344 408 3490 484">
    <p class='ocr_par' dir='ltr' id='par_1_3' title="bbox 3344 408 3490 484">
     <span class='ocr_line' id='line_1_3' title="bbox 3344 408 3490 484; baseline 0.027 -24"><span class='ocrx_word' id='word_1_8' title='bbox 3344 408 3490 484; x_wconf 39' lang='grc' dir='ltr'><strong>ιθυο,</strong></span> 
     </span>
    </p>
   </div>
   <div class='ocr_carea' id='block_1_4' title="bbox 241 519 3473 626">
    <p class='ocr_par' dir='ltr' id='par_1_4' title="bbox 241 519 3473 626">
     <span class='ocr_line' id='line_1_4' title="bbox 241 519 3473 626; baseline -0.012 -15"><span class='ocrx_word' id='word_1_9' title='bbox 241 551 645 626; x_wconf 85' lang='lat' dir='ltr'><strong>prosperabitur</strong></span> <span class='ocrx_word' id='word_1_10' title='bbox 673 549 727 604; x_wconf 86' lang='lat' dir='ltr'><strong>in</strong></span> <span class='ocrx_word' id='word_1_11' title='bbox 764 545 852 602; x_wconf 85' lang='lat' dir='ltr'><strong>bis</strong></span> <span class='ocrx_word' id='word_1_12' title='bbox 897 545 963 601; x_wconf 85' lang='lat' dir='ltr'><strong>ad</strong></span> <span class='ocrx_word' id='word_1_13' title='bbox 1003 558 1125 620; x_wconf 63' lang='lat' dir='ltr'><strong>gum</strong></span> <span class='ocrx_word' id='word_1_14' title='bbox 1167 543 1288 597; x_wconf 83' lang='lat' dir='ltr'><strong>misi</strong></span> <span class='ocrx_word' id='word_1_15' title='bbox 1322 540 1470 594; x_wconf 88' lang='lat' dir='ltr'><strong>illud.</strong></span> <span class='ocrx_word' id='word_1_16' title='bbox 1507 559 1524 591; x_wconf 74' lang='grc' dir='ltr'>ι</span> <span class='ocrx_word' id='word_1_17' title='bbox 1560 537 1696 591; x_wconf 86' lang='lat' dir='ltr'><strong>Ecce</strong></span> <span class='ocrx_word' id='word_1_18' title='bbox 1717 535 1808 589; x_wconf 89' lang='lat' dir='ltr'><strong>dat</strong></span> <span class='ocrx_word' id='word_1_19' title='bbox 1836 538 1882 598; x_wconf 80' lang='grc' dir='ltr'>Α</span> <span class='ocrx_word' id='word_1_20' title='bbox 1911 526 2521 626; x_wconf 41' lang='lat' dir='ltr'><strong>apta,__quam_etian1all</strong></span> <span class='ocrx_word' id='word_1_21' title='bbox 2545 538 2716 626; x_wconf 40' lang='lat' dir='ltr'><strong>prce-ni</strong></span> <span class='ocrx_word' id='word_1_22' title='bbox 2738 521 3130 626; x_wconf 77' lang='lat' dir='ltr'><strong>eﬂ’undendam.</strong></span> <span class='ocrx_word' id='word_1_23' title='bbox 3153 520 3233 576; x_wconf 80' lang='lat' dir='ltr'><strong>Ac</strong></span> <span class='ocrx_word' id='word_1_24' title='bbox 3253 520 3302 575; x_wconf 92' lang='lat' dir='ltr'><strong>si</strong></span> <span class='ocrx_word' id='word_1_25' title='bbox 3327 519 3473 574; x_wconf 87' lang='lat' dir='ltr'><strong>dice-</strong></span> 
     </span>
    </p>
   </div>
   <div class='ocr_carea' id='block_1_5' title="bbox 243 625 1811 706">
    <p class='ocr_par' dir='ltr' id='par_1_5' title="bbox 243 625 1811 706">
     <span class='ocr_line' id='line_1_5' title="bbox 243 625 1811 706; baseline -0.015 -5"><span class='ocrx_word' id='word_1_26' title='bbox 243 625 405 701; x_wconf 87' lang='lat' dir='ltr'><strong>aliam</strong></span> <span class='ocrx_word' id='word_1_27' title='bbox 431 640 859 703; x_wconf 70' lang='lat' dir='ltr'><strong>similitudinem,</strong></span> <span class='ocrx_word' id='word_1_28' title='bbox 882 636 1022 706; x_wconf 89' lang='lat' dir='ltr'><strong>quod</strong></span> <span class='ocrx_word' id='word_1_29' title='bbox 1053 633 1337 690; x_wconf 88' lang='lat' dir='ltr'><strong>consilium</strong></span> <span class='ocrx_word' id='word_1_30' title='bbox 1369 631 1510 685; x_wconf 90' lang='lat' dir='ltr'><strong>illius</strong></span> <span class='ocrx_word' id='word_1_31' title='bbox 1543 636 1597 682; x_wconf 88' lang='lat' dir='ltr'><strong>et</strong></span> <span class='ocrx_word' id='word_1_32' title='bbox 1626 625 1811 680; x_wconf 91' lang='lat' dir='ltr'><strong>volun-</strong></span> 
     </span>
    </p>
   </div>
   <div class='ocr_carea' id='block_1_6' title="bbox 235 712 1810 789">
    <p class='ocr_par' dir='ltr' id='par_1_6' title="bbox 235 712 1810 789">
     <span class='ocr_line' id='line_1_6' title="bbox 235 712 1810 789; baseline -0.015 0"><span class='ocrx_word' id='word_1_33' title='bbox 235 743 330 789; x_wconf 85' lang='lat' dir='ltr'><strong>‘tas</strong></span> <span class='ocrx_word' id='word_1_34' title='bbox 377 728 737 786; x_wconf 85' lang='lat' dir='ltr'><strong>immntabiles</strong></span> <span class='ocrx_word' id='word_1_35' title='bbox 781 735 924 782; x_wconf 89' lang='lat' dir='ltr'><strong>sunt.</strong></span> <span class='ocrx_word' id='word_1_36' title='bbox 972 724 1039 778; x_wconf 85' lang='lat' dir='ltr'><strong>Et</strong></span> <span class='ocrx_word' id='word_1_37' title='bbox 1079 731 1162 778; x_wconf 85' lang='lat' dir='ltr'><strong>est</strong></span> <span class='ocrx_word' id='word_1_38' title='bbox 1184 735 1373 778; x_wconf 86' lang='lat' dir='ltr'><strong>sensus</strong></span> <span class='ocrx_word' id='word_1_39' title='bbox 1414 735 1430 775; x_wconf 83' lang='lat'><strong>:</strong></span> <span class='ocrx_word' id='word_1_40' title='bbox 1465 717 1618 774; x_wconf 92' lang='lat' dir='ltr'><strong>Sicut</strong></span> <span class='ocrx_word' id='word_1_41' title='bbox 1668 712 1810 770; x_wconf 93' lang='lat' dir='ltr'><strong>istud</strong></span> 
     </span>
    </p>
   </div>
   <div class='ocr_carea' id='block_1_7' title="bbox 1910 613 3477 682">
    <p class='ocr_par' dir='ltr' id='par_1_7' title="bbox 1910 613 3477 682">
     <span class='ocr_line' id='line_1_7' title="bbox 1910 613 3477 682; baseline -0.008 -6"><span class='ocrx_word' id='word_1_42' title='bbox 1910 631 1994 676; x_wconf 85' lang='lat' dir='ltr'><strong>ret</strong></span> <span class='ocrx_word' id='word_1_43' title='bbox 2017 620 2137 674; x_wconf 88' lang='lat' dir='ltr'><strong>aliis</strong></span> <span class='ocrx_word' id='word_1_44' title='bbox 2161 619 2340 675; x_wconf 85' lang='lat' dir='ltr'><strong>verbis</strong></span> <span class='ocrx_word' id='word_1_45' title='bbox 2369 637 2382 673; x_wconf 90' lang='lat'>:</span> <span class='ocrx_word' id='word_1_46' title='bbox 2418 617 2525 672; x_wconf 85' lang='lat' dir='ltr'><strong>Pro</strong></span> <span class='ocrx_word' id='word_1_47' title='bbox 2555 616 2698 672; x_wconf 89' lang='lat' dir='ltr'><strong>vitiis</strong></span> <span class='ocrx_word' id='word_1_48' title='bbox 2724 617 3015 671; x_wconf 88' lang='lat' dir='ltr'><strong>ascendent</strong></span> <span class='ocrx_word' id='word_1_49' title='bbox 3034 613 3282 677; x_wconf 88' lang='lat' dir='ltr'><strong>virtutes,</strong></span> <span class='ocrx_word' id='word_1_50' title='bbox 3302 621 3357 666; x_wconf 90' lang='lat' dir='ltr'><strong>et</strong></span> <span class='ocrx_word' id='word_1_51' title='bbox 3379 625 3477 682; x_wconf 92' lang='lat' dir='ltr'><strong>pro</strong></span> 
     </span>
    </p>
   </div>
   <div class='ocr_carea' id='block_1_8' title="bbox 1908 701 3477 777">
    <p class='ocr_par' dir='ltr' id='par_1_8' title="bbox 1908 701 3477 777">
     <span class='ocr_line' id='line_1_8' title="bbox 1908 701 3477 777; baseline -0.006 -13"><span class='ocrx_word' id='word_1_52' title='bbox 1908 710 2212 765; x_wconf 83' lang='lat' dir='ltr'><strong>inﬁdelibus</strong></span> <span class='ocrx_word' id='word_1_53' title='bbox 2264 708 2466 764; x_wconf 89' lang='lat' dir='ltr'><strong>ﬁdeles.</strong></span> <span class='ocrx_word' id='word_1_54' title='bbox 2510 705 2668 761; x_wconf 84' lang='lat' dir='ltr'><strong>Verbi</strong></span> <span class='ocrx_word' id='word_1_55' title='bbox 2719 705 2889 777; x_wconf 88' lang='lat' dir='ltr'><strong>gratia</strong></span> <span class='ocrx_word' id='word_1_56' title='bbox 2924 723 2937 757; x_wconf 91' lang='lat'>:</span> <span class='ocrx_word' id='word_1_57' title='bbox 2971 703 3203 759; x_wconf 80' lang='lat' dir='ltr'><strong>Veniens</strong></span> <span class='ocrx_word' id='word_1_58' title='bbox 3255 701 3477 772; x_wconf 88' lang='lat' dir='ltr'><strong>quilibet</strong></span> 
     </span>
    </p>
   </div>
   <div class='ocr_carea' id='block_1_9' title="bbox 245 797 3478 896">
    <p class='ocr_par' dir='ltr' id='par_1_9' title="bbox 245 797 3478 896">
     <span class='ocr_line' id='line_1_9' title="bbox 245 797 3478 896; baseline -0.01 -18"><span class='ocrx_word' id='word_1_59' title='bbox 245 823 387 896; x_wconf 87' lang='lat' dir='ltr'><strong>quod</strong></span> <span class='ocrx_word' id='word_1_60' title='bbox 416 823 537 877; x_wconf 82' lang='lat' dir='ltr'><strong>dico</strong></span> <span class='ocrx_word' id='word_1_61' title='bbox 571 809 904 875; x_wconf 88' lang='lat' dir='ltr'><strong>immutabile</strong></span> <span class='ocrx_word' id='word_1_62' title='bbox 929 825 1014 872; x_wconf 87' lang='lat' dir='ltr'><strong>est</strong></span> <span class='ocrx_word' id='word_1_63' title='bbox 1045 825 1104 870; x_wconf 90' lang='lat' dir='ltr'><strong>ut</strong></span> <span class='ocrx_word' id='word_1_64' title='bbox 1122 823 1414 885; x_wconf 77' lang='lat' dir='ltr'><strong>postquam</strong></span> <span class='ocrx_word' id='word_1_65' title='bbox 1433 809 1613 880; x_wconf 82' lang='lat' dir='ltr'><strong>pluvia</strong></span> <span class='ocrx_word' id='word_1_66' title='bbox 1652 817 1813 874; x_wconf 82' lang='lat' dir='ltr'><strong>super</strong></span> <span class='ocrx_word' id='word_1_67' title='bbox 1908 801 2150 896; x_wconf 75' lang='lat' dir='ltr'><strong>inﬁdelis</strong></span> <span class='ocrx_word' id='word_1_68' title='bbox 2177 801 2254 896; x_wconf 77' lang='lat' dir='ltr'><strong>ad</strong></span> <span class='ocrx_word' id='word_1_69' title='bbox 2293 800 2526 896; x_wconf 66' lang='lat' dir='ltr'><strong>gratiam</strong></span> <span class='ocrx_word' id='word_1_70' title='bbox 2569 797 3224 896; x_wconf 46' lang='lat' dir='ltr'><strong>baptisnlatis,uqui-attt_e</strong></span> <span class='ocrx_word' id='word_1_71' title='bbox 3249 805 3368 896; x_wconf 74' lang='lat' dir='ltr'><strong>erat</strong></span> <span class='ocrx_word' id='word_1_72' title='bbox 3393 809 3478 896; x_wconf 77' lang='lat' dir='ltr'><strong>sa-</strong></span> 
     </span>
    </p>
   </div>
   <div class='ocr_carea' id='block_1_10' title="bbox 247 884 3481 968">
    <p class='ocr_par' dir='ltr' id='par_1_10' title="bbox 247 884 3481 968">
     <span class='ocr_line' id='line_1_10' title="bbox 247 884 3481 968; baseline -0.01 0"><span class='ocrx_word' id='word_1_73' title='bbox 247 884 451 968; x_wconf 70' lang='lat' dir='ltr'><strong>terram</strong></span> <span class='ocrx_word' id='word_1_74' title='bbox 475 909 755 967; x_wconf 84' lang='lat' dir='ltr'><strong>descendit</strong></span> <span class='ocrx_word' id='word_1_75' title='bbox 776 922 882 962; x_wconf 87' lang='lat' dir='ltr'><strong>non</strong></span> <span class='ocrx_word' id='word_1_76' title='bbox 906 884 1194 961; x_wconf 84' lang='lat' dir='ltr'><strong>revertitur</strong></span> <span class='ocrx_word' id='word_1_77' title='bbox 1210 915 1447 965; x_wconf 89' lang='lat' dir='ltr'><strong>sursum,</strong></span> <span class='ocrx_word' id='word_1_78' title='bbox 1471 899 1565 954; x_wconf 87' lang='lat' dir='ltr'><strong>sed</strong></span> <span class='ocrx_word' id='word_1_79' title='bbox 1577 893 1815 951; x_wconf 76' lang='lat' dir='ltr'><strong>inebriat</strong></span> <span class='ocrx_word' id='word_1_80' title='bbox 1907 889 2104 953; x_wconf 84' lang='lat' dir='ltr'><strong>liunca,</strong></span> <span class='ocrx_word' id='word_1_81' title='bbox 2137 889 2190 944; x_wconf 89' lang='lat' dir='ltr'><strong>id</strong></span> <span class='ocrx_word' id='word_1_82' title='bbox 2217 899 2301 944; x_wconf 88' lang='lat' dir='ltr'><strong>est</strong></span> <span class='ocrx_word' id='word_1_83' title='bbox 2330 887 2714 952; x_wconf 80' lang='lat' dir='ltr'><strong>infructuosus,</strong></span> <span class='ocrx_word' id='word_1_84' title='bbox 2745 887 2988 942; x_wconf 84' lang='lat' dir='ltr'><strong>ascendit</strong></span> <span class='ocrx_word' id='word_1_85' title='bbox 3020 886 3088 941; x_wconf 91' lang='lat' dir='ltr'><strong>ad</strong></span> <span class='ocrx_word' id='word_1_86' title='bbox 3112 884 3350 940; x_wconf 87' lang='lat' dir='ltr'><strong>culmina</strong></span> <span class='ocrx_word' id='word_1_87' title='bbox 3375 884 3481 937; x_wconf 84' lang='lat' dir='ltr'><strong>vir-</strong></span> 
     </span>
    </p>
   </div>
   <div class='ocr_carea' id='block_1_11' title="bbox 246 985 1808 1066">
    <p class='ocr_par' dir='ltr' id='par_1_11' title="bbox 246 985 1808 1066">
     <span class='ocr_line' id='line_1_11' title="bbox 246 985 1808 1066; baseline -0.013 -7"><span class='ocrx_word' id='word_1_88' title='bbox 246 1013 448 1059; x_wconf 87' lang='lat' dir='ltr'><strong>terram</strong></span> <span class='ocrx_word' id='word_1_89' title='bbox 487 1015 586 1056; x_wconf 91' lang='lat' dir='ltr'><strong>suo</strong></span> <span class='ocrx_word' id='word_1_90' title='bbox 610 1013 734 1055; x_wconf 89' lang='lat' dir='ltr'><strong>rore</strong></span> <span class='ocrx_word' id='word_1_91' title='bbox 767 1006 827 1052; x_wconf 90' lang='lat' dir='ltr'><strong>ut</strong></span> <span class='ocrx_word' id='word_1_92' title='bbox 852 994 1096 1066; x_wconf 84' lang='lat' dir='ltr'><strong>proferre</strong></span> <span class='ocrx_word' id='word_1_93' title='bbox 1135 992 1312 1048; x_wconf 72' lang='lat' dir='ltr'><strong>valeat</strong></span> <span class='ocrx_word' id='word_1_94' title='bbox 1336 989 1553 1045; x_wconf 79' lang='lat' dir='ltr'><strong>fructus</strong></span> <span class='ocrx_word' id='word_1_95' title='bbox 1585 985 1768 1040; x_wconf 79' lang='lat' dir='ltr'><strong>varios</strong></span> <span class='ocrx_word' id='word_1_96' title='bbox 1785 1000 1808 1037; x_wconf 65' lang='grc' dir='ltr'><strong>ς</strong></span> 
     </span>
    </p>
   </div>
   <div class='ocr_carea' id='block_1_12' title="bbox 240 1077 1814 1166">
    <p class='ocr_par' dir='ltr' id='par_1_12' title="bbox 240 1077 1814 1166">
     <span class='ocr_line' id='line_1_12' title="bbox 240 1077 1814 1166; baseline -0.013 -14"><span class='ocrx_word' id='word_1_97' title='bbox 240 1097 326 1152; x_wconf 87' lang='lat' dir='ltr'><strong>sic</strong></span> <span class='ocrx_word' id='word_1_98' title='bbox 353 1093 499 1166; x_wconf 87' lang='lat' dir='ltr'><strong>quod</strong></span> <span class='ocrx_word' id='word_1_99' title='bbox 528 1093 639 1149; x_wconf 79' lang='lat' dir='ltr'><strong>dixi</strong></span> <span class='ocrx_word' id='word_1_100' title='bbox 671 1093 738 1147; x_wconf 91' lang='lat' dir='ltr'><strong>de</strong></span> <span class='ocrx_word' id='word_1_101' title='bbox 761 1090 940 1146; x_wconf 89' lang='lat' dir='ltr'><strong>salute</strong></span> <span class='ocrx_word' id='word_1_102' title='bbox 971 1084 1182 1142; x_wconf 75' lang='lat' dir='ltr'><strong>Judaicl</strong></span> <span class='ocrx_word' id='word_1_103' title='bbox 1222 1083 1402 1166; x_wconf 83' lang='lat' dir='ltr'><strong>populi</strong></span> <span class='ocrx_word' id='word_1_104' title='bbox 1438 1088 1494 1137; x_wconf 87' lang='lat' dir='ltr'><strong>et</strong></span> <span class='ocrx_word' id='word_1_105' title='bbox 1531 1077 1814 1135; x_wconf 90' lang='lat' dir='ltr'><strong>vocatione</strong></span> 
     </span>
    </p>
   </div>
   <div class='ocr_carea' id='block_1_13' title="bbox 236 1169 1811 1257">
    <p class='ocr_par' dir='ltr' id='par_1_13' title="bbox 236 1169 1811 1257">
     <span class='ocr_line' id='line_1_13' title="bbox 236 1169 1811 1257; baseline -0.013 -16"><span class='ocrx_word' id='word_1_106' title='bbox 236 1185 508 1257; x_wconf 73' lang='lat' dir='ltr'><strong>gentium,</strong></span> <span class='ocrx_word' id='word_1_107' title='bbox 540 1181 731 1238; x_wconf 79' lang='lat' dir='ltr'><strong>stabile</strong></span> <span class='ocrx_word' id='word_1_108' title='bbox 759 1180 881 1235; x_wconf 88' lang='lat' dir='ltr'><strong>erit.</strong></span> <span class='ocrx_word' id='word_1_109' title='bbox 920 1174 1222 1247; x_wconf 79' lang='lat' dir='ltr'><strong>Allegorice</strong></span> <span class='ocrx_word' id='word_1_110' title='bbox 1249 1183 1430 1228; x_wconf 92' lang='lat' dir='ltr'><strong>autem</strong></span> <span class='ocrx_word' id='word_1_111' title='bbox 1464 1185 1562 1240; x_wconf 90' lang='lat' dir='ltr'><strong>per</strong></span> <span class='ocrx_word' id='word_1_112' title='bbox 1587 1169 1811 1224; x_wconf 82' lang='lat' dir='ltr'><strong>imbrem</strong></span> 
     </span>
    </p>
   </div>
   <div class='ocr_carea' id='block_1_14' title="bbox 236 1261 1811 1347">
    <p class='ocr_par' dir='ltr' id='par_1_14' title="bbox 236 1261 1811 1347">
     <span class='ocr_line' id='line_1_14' title="bbox 236 1261 1811 1347; baseline -0.015 -14"><span class='ocrx_word' id='word_1_113' title='bbox 236 1290 528 1347; x_wconf 72' lang='lat' dir='ltr'><strong>possumus</strong></span> <span class='ocrx_word' id='word_1_114' title='bbox 549 1272 847 1342; x_wconf 79' lang='lat' dir='ltr'><strong>intelligere</strong></span> <span class='ocrx_word' id='word_1_115' title='bbox 877 1263 1249 1338; x_wconf 78' lang='lat' dir='ltr'><strong>Evangelicam</strong></span> <span class='ocrx_word' id='word_1_116' title='bbox 1279 1261 1600 1324; x_wconf 79' lang='lat' dir='ltr'><strong>doctrinam,</strong></span> <span class='ocrx_word' id='word_1_117' title='bbox 1633 1272 1753 1327; x_wconf 68' lang='lat' dir='ltr'><strong>qua:</strong></span> <span class='ocrx_word' id='word_1_118' title='bbox 1782 1270 1811 1309; x_wconf 88' lang='lat' dir='ltr'><strong>a</strong></span> 
     </span>
    </p>
   </div>
   <div class='ocr_carea' id='block_1_15' title="bbox 246 1347 1814 1430">
    <p class='ocr_par' dir='ltr' id='par_1_15' title="bbox 246 1347 1814 1430">
     <span class='ocr_line' id='line_1_15' title="bbox 246 1347 1814 1430; baseline -0.014 -7"><span class='ocrx_word' id='word_1_119' title='bbox 246 1367 498 1430; x_wconf 83' lang='lat' dir='ltr'><strong>nubibus,</strong></span> <span class='ocrx_word' id='word_1_120' title='bbox 529 1365 582 1420; x_wconf 92' lang='lat' dir='ltr'><strong>id</strong></span> <span class='ocrx_word' id='word_1_121' title='bbox 607 1371 690 1418; x_wconf 89' lang='lat' dir='ltr'><strong>est</strong></span> <span class='ocrx_word' id='word_1_122' title='bbox 715 1363 781 1415; x_wconf 89' lang='lat' dir='ltr'><strong>ab</strong></span> <span class='ocrx_word' id='word_1_123' title='bbox 808 1357 1086 1430; x_wconf 82' lang='lat' dir='ltr'><strong>apostolis,</strong></span> <span class='ocrx_word' id='word_1_124' title='bbox 1116 1353 1261 1409; x_wconf 89' lang='lat' dir='ltr'><strong>venit</strong></span> <span class='ocrx_word' id='word_1_125' title='bbox 1283 1365 1446 1421; x_wconf 83' lang='lat' dir='ltr'><strong>super</strong></span> <span class='ocrx_word' id='word_1_126' title='bbox 1468 1349 1631 1405; x_wconf 81' lang='lat' dir='ltr'><strong>corda</strong></span> <span class='ocrx_word' id='word_1_127' title='bbox 1665 1347 1814 1401; x_wconf 76' lang='lat' dir='ltr'><strong>arida</strong></span> 
     </span>
    </p>
   </div>
   <div class='ocr_carea' id='block_1_16' title="bbox 248 1437 1816 1513">
    <p class='ocr_par' dir='ltr' id='par_1_16' title="bbox 248 1437 1816 1513">
     <span class='ocr_line' id='line_1_16' title="bbox 248 1437 1816 1513; baseline -0.015 -2"><span class='ocrx_word' id='word_1_128' title='bbox 248 1465 584 1512; x_wconf 88' lang='lat' dir='ltr'><strong>terrenorum</strong></span> <span class='ocrx_word' id='word_1_129' title='bbox 624 1451 909 1508; x_wconf 77' lang='lat' dir='ltr'><strong>hominum</strong></span> <span class='ocrx_word' id='word_1_130' title='bbox 933 1486 949 1513; x_wconf 90' lang='lat'><strong>,</strong></span> <span class='ocrx_word' id='word_1_131' title='bbox 987 1455 1043 1503; x_wconf 91' lang='lat' dir='ltr'><strong>et</strong></span> <span class='ocrx_word' id='word_1_132' title='bbox 1085 1460 1182 1501; x_wconf 87' lang='lat' dir='ltr'><strong>suo</strong></span> <span class='ocrx_word' id='word_1_133' title='bbox 1228 1450 1353 1498; x_wconf 76' lang='lat' dir='ltr'><strong>rore</strong></span> <span class='ocrx_word' id='word_1_134' title='bbox 1397 1437 1726 1499; x_wconf 78' lang='lat' dir='ltr'><strong>fecundavit,</strong></span> <span class='ocrx_word' id='word_1_135' title='bbox 1755 1443 1816 1508; x_wconf 85' lang='lat' dir='ltr'><strong>ut</strong></span> 
     </span>
    </p>
   </div>
   <div class='ocr_carea' id='block_1_17' title="bbox 236 1529 1815 1616">
    <p class='ocr_par' dir='ltr' id='par_1_17' title="bbox 236 1529 1815 1616">
     <span class='ocr_line' id='line_1_17' title="bbox 236 1529 1815 1616; baseline -0.016 -11"><span class='ocrx_word' id='word_1_136' title='bbox 236 1543 458 1605; x_wconf 69' lang='lat' dir='ltr'><strong>‘fructus</strong></span> <span class='ocrx_word' id='word_1_137' title='bbox 497 1544 715 1616; x_wconf 61' lang='lat' dir='ltr'><strong>justitia:</strong></span> <span class='ocrx_word' id='word_1_138' title='bbox 741 1553 794 1597; x_wconf 94' lang='lat' dir='ltr'><strong>et</strong></span> <span class='ocrx_word' id='word_1_139' title='bbox 827 1541 1084 1595; x_wconf 92' lang='lat' dir='ltr'><strong>virtutum</strong></span> <span class='ocrx_word' id='word_1_140' title='bbox 1112 1533 1434 1606; x_wconf 89' lang='lat' dir='ltr'><strong>proferrent.</strong></span> <span class='ocrx_word' id='word_1_141' title='bbox 1463 1529 1567 1585; x_wconf 85' lang='lat' dir='ltr'><strong>Per</strong></span> <span class='ocrx_word' id='word_1_142' title='bbox 1592 1529 1815 1584; x_wconf 78' lang='lat' dir='ltr'><strong>verbum</strong></span> 
     </span>
    </p>
   </div>
   <div class='ocr_carea' id='block_1_18' title="bbox 1912 979 3482 1048">
    <p class='ocr_par' dir='ltr' id='par_1_18' title="bbox 1912 979 3482 1048">
     <span class='ocr_line' id='line_1_18' title="bbox 1912 979 3482 1048; baseline -0.006 -9"><span class='ocrx_word' id='word_1_143' title='bbox 1912 990 2083 1039; x_wconf 76' lang='lat' dir='ltr'><strong>tutum</strong></span> <span class='ocrx_word' id='word_1_144' title='bbox 2104 991 2162 1038; x_wconf 86' lang='lat' dir='ltr'><strong>et</strong></span> <span class='ocrx_word' id='word_1_145' title='bbox 2182 981 2412 1038; x_wconf 68' lang='lat' dir='ltr'><strong>efﬁcitur</strong></span> <span class='ocrx_word' id='word_1_146' title='bbox 2437 981 2604 1037; x_wconf 85' lang='lat' dir='ltr'><strong>abies.</strong></span> <span class='ocrx_word' id='word_1_147' title='bbox 2630 979 2735 1035; x_wconf 83' lang='lat' dir='ltr'><strong>Per</strong></span> <span class='ocrx_word' id='word_1_148' title='bbox 2757 979 2982 1034; x_wconf 84' lang='lat' dir='ltr'><strong>urticam</strong></span> <span class='ocrx_word' id='word_1_149' title='bbox 3024 987 3225 1043; x_wconf 83' lang='lat' dir='ltr'><strong>autem,</strong></span> <span class='ocrx_word' id='word_1_150' title='bbox 3248 993 3367 1048; x_wconf 74' lang='lat' dir='ltr'><strong>quzr</strong></span> <span class='ocrx_word' id='word_1_151' title='bbox 3396 987 3482 1032; x_wconf 87' lang='lat' dir='ltr'><strong>est</strong></span> 
     </span>
    </p>
   </div>
   <div class='ocr_carea' id='block_1_19' title="bbox 1912 1069 3482 1144">
    <p class='ocr_par' dir='ltr' id='par_1_19' title="bbox 1912 1069 3482 1144">
     <span class='ocr_line' id='line_1_19' title="bbox 1912 1069 3482 1144; baseline -0.003 -16"><span class='ocrx_word' id='word_1_152' title='bbox 1912 1074 2080 1144; x_wconf 65' lang='lat' dir='ltr'><strong>ignea:</strong></span> <span class='ocrx_word' id='word_1_153' title='bbox 2108 1083 2336 1139; x_wconf 67' lang='lat' dir='ltr'><strong>naturae,</strong></span> <span class='ocrx_word' id='word_1_154' title='bbox 2377 1072 2750 1144; x_wconf 84' lang='lat' dir='ltr'><strong>signiﬁcantur</strong></span> <span class='ocrx_word' id='word_1_155' title='bbox 2775 1069 3043 1126; x_wconf 85' lang='lat' dir='ltr'><strong>libidinosi</strong></span> <span class='ocrx_word' id='word_1_156' title='bbox 3085 1077 3142 1125; x_wconf 88' lang='lat' dir='ltr'><strong>et</strong></span> <span class='ocrx_word' id='word_1_157' title='bbox 3186 1069 3385 1140; x_wconf 78' lang='lat' dir='ltr'><strong>cupidi,</strong></span> <span class='ocrx_word' id='word_1_158' title='bbox 3425 1078 3482 1124; x_wconf 88' lang='lat' dir='ltr'><strong>et</strong></span> 
     </span>
    </p>
   </div>
   <div class='ocr_carea' id='block_1_20' title="bbox 1911 1160 3478 1232">
    <p class='ocr_par' dir='ltr' id='par_1_20' title="bbox 1911 1160 3478 1232">
     <span class='ocr_line' id='line_1_20' title="bbox 1911 1160 3478 1232; baseline -0.002 -15"><span class='ocrx_word' id='word_1_159' title='bbox 1911 1164 2005 1232; x_wconf 89' lang='lat' dir='ltr'><strong>qui</strong></span> <span class='ocrx_word' id='word_1_160' title='bbox 2029 1179 2060 1218; x_wconf 84' lang='lat' dir='ltr'><strong>a</strong></span> <span class='ocrx_word' id='word_1_161' title='bbox 2090 1163 2194 1220; x_wconf 89' lang='lat' dir='ltr'><strong>ﬁde</strong></span> <span class='ocrx_word' id='word_1_162' title='bbox 2211 1162 2414 1219; x_wconf 89' lang='lat' dir='ltr'><strong>Christi</strong></span> <span class='ocrx_word' id='word_1_163' title='bbox 2444 1161 2603 1216; x_wconf 89' lang='lat' dir='ltr'><strong>alieni</strong></span> <span class='ocrx_word' id='word_1_164' title='bbox 2630 1161 2890 1226; x_wconf 81' lang='lat' dir='ltr'><strong>existunt,</strong></span> <span class='ocrx_word' id='word_1_165' title='bbox 2912 1169 2971 1216; x_wconf 83' lang='lat' dir='ltr'><strong>et</strong></span> <span class='ocrx_word' id='word_1_166' title='bbox 3003 1160 3204 1216; x_wconf 77' lang='lat' dir='ltr'><strong>aculeis</strong></span> <span class='ocrx_word' id='word_1_167' title='bbox 3229 1171 3478 1230; x_wconf 87' lang='lat' dir='ltr'><strong>peccato-</strong></span> 
     </span>
    </p>
   </div>
   <div class='ocr_carea' id='block_1_21' title="bbox 1912 1251 3483 1324">
    <p class='ocr_par' dir='ltr' id='par_1_21' title="bbox 1912 1251 3483 1324">
     <span class='ocr_line' id='line_1_21' title="bbox 1912 1251 3483 1324; baseline -0.003 -16"><span class='ocrx_word' id='word_1_168' title='bbox 1912 1269 2032 1308; x_wconf 86' lang='lat' dir='ltr'><strong>rum</strong></span> <span class='ocrx_word' id='word_1_169' title='bbox 2061 1262 2389 1324; x_wconf 84' lang='lat' dir='ltr'><strong>panguntur,</strong></span> <span class='ocrx_word' id='word_1_170' title='bbox 2417 1252 2509 1323; x_wconf 87' lang='lat' dir='ltr'><strong>qui</strong></span> <span class='ocrx_word' id='word_1_171' title='bbox 2547 1259 2674 1307; x_wconf 90' lang='lat' dir='ltr'><strong>tunc</strong></span> <span class='ocrx_word' id='word_1_172' title='bbox 2703 1260 2978 1306; x_wconf 85' lang='lat' dir='ltr'><strong>mutantur</strong></span> <span class='ocrx_word' id='word_1_173' title='bbox 3000 1251 3054 1306; x_wconf 89' lang='lat' dir='ltr'><strong>in</strong></span> <span class='ocrx_word' id='word_1_174' title='bbox 3082 1261 3318 1323; x_wconf 85' lang='lat' dir='ltr'><strong>myrtum</strong></span> <span class='ocrx_word' id='word_1_175' title='bbox 3341 1251 3483 1322; x_wconf 67' lang='lat' dir='ltr'><strong>(qua:</strong></span> 
     </span>
    </p>
   </div>
   <div class='ocr_carea' id='block_1_22' title="bbox 1911 1341 3484 1416">
    <p class='ocr_par' dir='ltr' id='par_1_22' title="bbox 1911 1341 3484 1416">
     <span class='ocr_line' id='line_1_22' title="bbox 1911 1341 3484 1416; baseline -0.001 -16"><span class='ocrx_word' id='word_1_176' title='bbox 1911 1354 1997 1400; x_wconf 89' lang='lat' dir='ltr'><strong>est</strong></span> <span class='ocrx_word' id='word_1_177' title='bbox 2014 1345 2178 1399; x_wconf 88' lang='lat' dir='ltr'><strong>arbor</strong></span> <span class='ocrx_word' id='word_1_178' title='bbox 2195 1344 2491 1400; x_wconf 86' lang='lat' dir='ltr'><strong>aromatica</strong></span> <span class='ocrx_word' id='word_1_179' title='bbox 2511 1352 2568 1399; x_wconf 89' lang='lat' dir='ltr'><strong>et</strong></span> <span class='ocrx_word' id='word_1_180' title='bbox 2587 1341 2876 1416; x_wconf 90' lang='lat' dir='ltr'><strong>odorifera)</strong></span> <span class='ocrx_word' id='word_1_181' title='bbox 2899 1342 3026 1398; x_wconf 92' lang='lat' dir='ltr'><strong>dum</strong></span> <span class='ocrx_word' id='word_1_182' title='bbox 3045 1343 3114 1398; x_wconf 92' lang='lat' dir='ltr'><strong>de</strong></span> <span class='ocrx_word' id='word_1_183' title='bbox 3135 1343 3280 1398; x_wconf 84' lang='lat' dir='ltr'><strong>vitiis</strong></span> <span class='ocrx_word' id='word_1_184' title='bbox 3307 1353 3484 1398; x_wconf 52' lang='lat' dir='ltr'><strong>trans.</strong></span> 
     </span>
    </p>
   </div>
   <div class='ocr_carea' id='block_1_23' title="bbox 1912 1433 3485 1503">
    <p class='ocr_par' dir='ltr' id='par_1_23' title="bbox 1912 1433 3485 1503">
     <span class='ocr_line' id='line_1_23' title="bbox 1912 1433 3485 1503; baseline 0.001 -14"><span class='ocrx_word' id='word_1_185' title='bbox 1912 1444 2044 1489; x_wconf 89' lang='lat' dir='ltr'><strong>eunt</strong></span> <span class='ocrx_word' id='word_1_186' title='bbox 2085 1433 2153 1488; x_wconf 90' lang='lat' dir='ltr'><strong>ad</strong></span> <span class='ocrx_word' id='word_1_187' title='bbox 2191 1433 2438 1497; x_wconf 88' lang='lat' dir='ltr'><strong>virtutes,</strong></span> <span class='ocrx_word' id='word_1_188' title='bbox 2470 1434 2774 1503; x_wconf 91' lang='lat' dir='ltr'><strong>bonumque</strong></span> <span class='ocrx_word' id='word_1_189' title='bbox 2791 1433 3018 1488; x_wconf 86' lang='lat' dir='ltr'><strong>odorem</strong></span> <span class='ocrx_word' id='word_1_190' title='bbox 3046 1434 3304 1488; x_wconf 88' lang='lat' dir='ltr'><strong>virtutum</strong></span> <span class='ocrx_word' id='word_1_191' title='bbox 3333 1435 3402 1490; x_wconf 92' lang='lat' dir='ltr'><strong>de</strong></span> <span class='ocrx_word' id='word_1_192' title='bbox 3426 1449 3485 1490; x_wconf 90' lang='lat' dir='ltr'><strong>se</strong></span> 
     </span>
    </p>
   </div>
   <div class='ocr_carea' id='block_1_24' title="bbox 1911 1521 3484 1593">
    <p class='ocr_par' dir='ltr' id='par_1_24' title="bbox 1911 1521 3484 1593">
     <span class='ocr_line' id='line_1_24' title="bbox 1911 1521 3484 1593; baseline 0.001 -17"><span class='ocrx_word' id='word_1_193' title='bbox 1911 1521 2163 1577; x_wconf 84' lang='lat' dir='ltr'><strong>reddunt.</strong></span> <span class='ocrx_word' id='word_1_194' title='bbox 2201 1521 2452 1590; x_wconf 86' lang='lat' dir='ltr'><strong>Nunquid</strong></span> <span class='ocrx_word' id='word_1_195' title='bbox 2484 1537 2589 1576; x_wconf 93' lang='lat' dir='ltr'><strong>non</strong></span> <span class='ocrx_word' id='word_1_196' title='bbox 2617 1521 2812 1578; x_wconf 86' lang='lat' dir='ltr'><strong>Paulus</strong></span> <span class='ocrx_word' id='word_1_197' title='bbox 2841 1522 3112 1593; x_wconf 82' lang='lat' dir='ltr'><strong>apostolus</strong></span> <span class='ocrx_word' id='word_1_198' title='bbox 3144 1533 3200 1580; x_wconf 86' lang='lat' dir='ltr'><strong>et</strong></span> <span class='ocrx_word' id='word_1_199' title='bbox 3228 1523 3484 1578; x_wconf 64' lang='lat' dir='ltr'><strong>Zachaaus</strong></span> 
     </span>
    </p>
   </div>
   <div class='ocr_carea' id='block_1_25' title="bbox 248 1613 3486 1707">
    <p class='ocr_par' dir='ltr' id='par_1_25' title="bbox 248 1613 3486 1707">
     <span class='ocr_line' id='line_1_25' title="bbox 248 1613 3486 1707; baseline -0.008 -13"><span class='ocrx_word' id='word_1_200' title='bbox 248 1648 454 1704; x_wconf 89' lang='lat' dir='ltr'><strong>autem,</strong></span> <span class='ocrx_word' id='word_1_201' title='bbox 484 1613 627 1707; x_wconf 85' lang='lat' dir='ltr'><strong>quod</strong></span> <span class='ocrx_word' id='word_1_202' title='bbox 653 1634 783 1689; x_wconf 84' lang='lat' dir='ltr'><strong>dicit</strong></span> <span class='ocrx_word' id='word_1_203' title='bbox 803 1645 839 1686; x_wconf 82' lang='lat' dir='ltr'><strong>a</strong></span> <span class='ocrx_word' id='word_1_204' title='bbox 865 1643 963 1686; x_wconf 88' lang='lat' dir='ltr'><strong>suo</strong></span> <span class='ocrx_word' id='word_1_205' title='bbox 987 1641 1082 1682; x_wconf 87' lang='lat' dir='ltr'><strong>ore</strong></span> <span class='ocrx_word' id='word_1_206' title='bbox 1103 1627 1328 1682; x_wconf 80' lang='lat' dir='ltr'><strong>exireet</strong></span> <span class='ocrx_word' id='word_1_207' title='bbox 1352 1623 1528 1677; x_wconf 89' lang='lat' dir='ltr'><strong>facere</strong></span> <span class='ocrx_word' id='word_1_208' title='bbox 1546 1633 1700 1676; x_wconf 82' lang='lat' dir='ltr'><strong>suam</strong></span> <span class='ocrx_word' id='word_1_209' title='bbox 1727 1633 1820 1673; x_wconf 85' lang='lat' dir='ltr'><strong>vo-</strong></span> <span class='ocrx_word' id='word_1_210' title='bbox 1908 1629 2023 1707; x_wconf 69' lang='lat' dir='ltr'><strong>aon</strong></span> <span class='ocrx_word' id='word_1_211' title='bbox 2047 1621 2204 1668; x_wconf 88' lang='lat' dir='ltr'><strong>erant</strong></span> <span class='ocrx_word' id='word_1_212' title='bbox 2227 1620 2288 1666; x_wconf 85' lang='lat' dir='ltr'><strong>ut</strong></span> <span class='ocrx_word' id='word_1_213' title='bbox 2308 1613 2574 1707; x_wconf 80' lang='lat' dir='ltr'><strong>saliunca,</strong></span> <span class='ocrx_word' id='word_1_214' title='bbox 2597 1613 2657 1668; x_wconf 82' lang='lat' dir='ltr'><strong>id</strong></span> <span class='ocrx_word' id='word_1_215' title='bbox 2699 1622 2783 1670; x_wconf 87' lang='lat' dir='ltr'><strong>est</strong></span> <span class='ocrx_word' id='word_1_216' title='bbox 2812 1613 3156 1670; x_wconf 67' lang='lat' dir='ltr'><strong>infructuosa:</strong></span> <span class='ocrx_word' id='word_1_217' title='bbox 3183 1616 3404 1670; x_wconf 88' lang='lat' dir='ltr'><strong>arbores</strong></span> <span class='ocrx_word' id='word_1_218' title='bbox 3431 1624 3486 1669; x_wconf 88' lang='lat' dir='ltr'><strong>et</strong></span> 
     </span>
    </p>
   </div>
   <div class='ocr_carea' id='block_1_26' title="bbox 239 1710 1815 1797">
    <p class='ocr_par' dir='ltr' id='par_1_26' title="bbox 239 1710 1815 1797">
     <span class='ocr_line' id='line_1_26' title="bbox 239 1710 1815 1797; baseline -0.015 -10"><span class='ocrx_word' id='word_1_219' title='bbox 239 1731 509 1787; x_wconf 65' lang='lat' dir='ltr'><strong>’luntatem</strong></span> <span class='ocrx_word' id='word_1_220' title='bbox 531 1769 545 1792; x_wconf 93' lang='lat'><strong>,</strong></span> <span class='ocrx_word' id='word_1_221' title='bbox 587 1738 872 1797; x_wconf 88' lang='lat' dir='ltr'><strong>possumus</strong></span> <span class='ocrx_word' id='word_1_222' title='bbox 912 1718 1206 1788; x_wconf 80' lang='lat' dir='ltr'><strong>intelligere</strong></span> <span class='ocrx_word' id='word_1_223' title='bbox 1229 1711 1466 1771; x_wconf 75' lang='lat' dir='ltr'><strong>Verbum</strong></span> <span class='ocrx_word' id='word_1_224' title='bbox 1494 1711 1586 1766; x_wconf 90' lang='lat' dir='ltr'><strong>Dei</strong></span> <span class='ocrx_word' id='word_1_225' title='bbox 1615 1710 1815 1774; x_wconf 83' lang='lat' dir='ltr'><strong>Patris,</strong></span> 
     </span>
    </p>
   </div>
   <div class='ocr_carea' id='block_1_27' title="bbox 1917 1701 3486 1776">
    <p class='ocr_par' dir='ltr' id='par_1_27' title="bbox 1917 1701 3486 1776">
     <span class='ocr_line' id='line_1_27' title="bbox 1917 1701 3486 1776; baseline 0.001 -20"><span class='ocrx_word' id='word_1_226' title='bbox 1917 1702 2114 1766; x_wconf 90' lang='lat' dir='ltr'><strong>urtica,</strong></span> <span class='ocrx_word' id='word_1_227' title='bbox 2145 1702 2359 1771; x_wconf 87' lang='lat' dir='ltr'><strong>quando</strong></span> <span class='ocrx_word' id='word_1_228' title='bbox 2385 1701 2524 1756; x_wconf 84' lang='lat' dir='ltr'><strong>alter</strong></span> <span class='ocrx_word' id='word_1_229' title='bbox 2552 1703 2941 1772; x_wconf 86' lang='lat' dir='ltr'><strong>persecutionis</strong></span> <span class='ocrx_word' id='word_1_230' title='bbox 2980 1704 3180 1760; x_wconf 80' lang='lat' dir='ltr'><strong>aculeis</strong></span> <span class='ocrx_word' id='word_1_231' title='bbox 3215 1706 3486 1776; x_wconf 89' lang='lat' dir='ltr'><strong>pungebat</strong></span> 
     </span>
    </p>
   </div>
   <div class='ocr_carea' id='block_1_28' title="bbox 251 1791 3487 1890">
    <p class='ocr_par' dir='ltr' id='par_1_28' title="bbox 251 1791 3487 1890">
     <span class='ocr_line' id='line_1_28' title="bbox 251 1791 3487 1890; baseline -0.01 -12"><span class='ocrx_word' id='word_1_232' title='bbox 251 1824 317 1878; x_wconf 92' lang='lat' dir='ltr'><strong>de</strong></span> <span class='ocrx_word' id='word_1_233' title='bbox 339 1836 445 1890; x_wconf 92' lang='lat' dir='ltr'><strong>quo</strong></span> <span class='ocrx_word' id='word_1_234' title='bbox 470 1791 605 1872; x_wconf 67' lang='lat' dir='ltr'><strong>dicit</strong></span> <span class='ocrx_word' id='word_1_235' title='bbox 621 1809 1076 1882; x_wconf 80' lang='lat' dir='ltr'><strong>Joannes(Cup.r)</strong></span> <span class='ocrx_word' id='word_1_236' title='bbox 1101 1827 1113 1863; x_wconf 91' lang='lat'>:</span> <span class='ocrx_word' id='word_1_237' title='bbox 1146 1826 1163 1858; x_wconf 86' lang='grc'><strong>‹</strong></span> <span class='ocrx_word' id='word_1_238' title='bbox 1186 1806 1238 1861; x_wconf 85' lang='grc' dir='ltr'><strong>1η</strong></span> <span class='ocrx_word' id='word_1_239' title='bbox 1269 1802 1530 1875; x_wconf 90' lang='lat' dir='ltr'><strong>principio</strong></span> <span class='ocrx_word' id='word_1_240' title='bbox 1555 1799 1819 1855; x_wconf 75' lang='lat' dir='ltr'><strong>eratVer—</strong></span> <span class='ocrx_word' id='word_1_241' title='bbox 1850 1878 1890 1890; x_wconf 41' lang='lat' dir='ltr'><strong>ﬁ</strong></span> <span class='ocrx_word' id='word_1_242' title='bbox 1918 1792 2276 1857; x_wconf 88' lang='lat' dir='ltr'><strong>Christianos,</strong></span> <span class='ocrx_word' id='word_1_243' title='bbox 2309 1792 2448 1846; x_wconf 87' lang='lat' dir='ltr'><strong>alter</strong></span> <span class='ocrx_word' id='word_1_244' title='bbox 2475 1792 2676 1846; x_wconf 87' lang='lat' dir='ltr'><strong>aculeis</strong></span> <span class='ocrx_word' id='word_1_245' title='bbox 2703 1791 3015 1862; x_wconf 88' lang='lat' dir='ltr'><strong>cupiditatis</strong></span> <span class='ocrx_word' id='word_1_246' title='bbox 3039 1803 3094 1848; x_wconf 93' lang='lat' dir='ltr'><strong>et</strong></span> <span class='ocrx_word' id='word_1_247' title='bbox 3114 1794 3334 1849; x_wconf 71' lang='lat' dir='ltr'><strong>aestibus</strong></span> <span class='ocrx_word' id='word_1_248' title='bbox 3359 1809 3487 1871; x_wconf 63' lang='lat' dir='ltr'><strong>ay-</strong></span> 
     </span>
    </p>
   </div>
   <div class='ocr_carea' id='block_1_29' title="bbox 252 1878 3483 1968">
    <p class='ocr_par' dir='ltr' id='par_1_29' title="bbox 252 1878 3483 1968">
     <span class='ocr_line' id='line_1_29' title="bbox 252 1878 3483 1968; baseline -0.008 -3"><span class='ocrx_word' id='word_1_249' title='bbox 252 1878 399 1966; x_wconf 80' lang='lat' dir='ltr'><strong>bum.</strong></span> <span class='ocrx_word' id='word_1_250' title='bbox 437 1927 456 1960; x_wconf 73' lang='grc' dir='ltr'><strong><em>ι</em></strong></span> <span class='ocrx_word' id='word_1_251' title='bbox 495 1907 696 1961; x_wconf 83' lang='lat' dir='ltr'><strong>Tamen</strong></span> <span class='ocrx_word' id='word_1_252' title='bbox 747 1878 887 1958; x_wconf 81' lang='lat' dir='ltr'><strong>cum</strong></span> <span class='ocrx_word' id='word_1_253' title='bbox 915 1878 1046 1955; x_wconf 88' lang='lat' dir='ltr'><strong>dicit</strong></span> <span class='ocrx_word' id='word_1_254' title='bbox 1091 1899 1234 1968; x_wconf 87' lang='lat' dir='ltr'><strong>quod</strong></span> <span class='ocrx_word' id='word_1_255' title='bbox 1280 1895 1585 1966; x_wconf 73' lang='lat' dir='ltr'><strong>egredietur</strong></span> <span class='ocrx_word' id='word_1_256' title='bbox 1625 1893 1691 1947; x_wconf 90' lang='lat' dir='ltr'><strong>de</strong></span> <span class='ocrx_word' id='word_1_257' title='bbox 1725 1906 1819 1946; x_wconf 86' lang='lat' dir='ltr'><strong>ore</strong></span> <span class='ocrx_word' id='word_1_258' title='bbox 1850 1878 1894 1938; x_wconf 88' lang='grc' dir='ltr'><strong>Β</strong></span> <span class='ocrx_word' id='word_1_259' title='bbox 1923 1882 2062 1938; x_wconf 68' lang='grc' dir='ltr'><strong>ι’ἱιίω</strong></span> <span class='ocrx_word' id='word_1_260' title='bbox 2095 1882 2416 1937; x_wconf 86' lang='lat' dir='ltr'><strong>anhelabat?</strong></span> <span class='ocrx_word' id='word_1_261' title='bbox 2444 1881 2551 1938; x_wconf 88' lang='lat' dir='ltr'><strong>Sed</strong></span> <span class='ocrx_word' id='word_1_262' title='bbox 2592 1882 2698 1938; x_wconf 91' lang='lat' dir='ltr'><strong>cito</strong></span> <span class='ocrx_word' id='word_1_263' title='bbox 2737 1882 2980 1937; x_wconf 88' lang='lat' dir='ltr'><strong>conversi</strong></span> <span class='ocrx_word' id='word_1_264' title='bbox 3030 1884 3097 1936; x_wconf 89' lang='lat' dir='ltr'><strong>ad</strong></span> <span class='ocrx_word' id='word_1_265' title='bbox 3138 1883 3328 1949; x_wconf 88' lang='lat' dir='ltr'><strong>ﬁdem,</strong></span> <span class='ocrx_word' id='word_1_266' title='bbox 3364 1897 3483 1938; x_wconf 89' lang='lat' dir='ltr'><strong>cre-</strong></span> 
     </span>
    </p>
   </div>
   <div class='ocr_carea' id='block_1_30' title="bbox 245 1983 1820 2065">
    <p class='ocr_par' dir='ltr' id='par_1_30' title="bbox 245 1983 1820 2065">
     <span class='ocr_line' id='line_1_30' title="bbox 245 1983 1820 2065; baseline -0.013 -9"><span class='ocrx_word' id='word_1_267' title='bbox 245 2016 395 2065; x_wconf 84' lang='lat' dir='ltr'><strong>meo,</strong></span> <span class='ocrx_word' id='word_1_268' title='bbox 425 2015 532 2054; x_wconf 91' lang='lat' dir='ltr'><strong>non</strong></span> <span class='ocrx_word' id='word_1_269' title='bbox 577 1996 833 2051; x_wconf 86' lang='lat' dir='ltr'><strong>debemus</strong></span> <span class='ocrx_word' id='word_1_270' title='bbox 877 2001 1085 2063; x_wconf 87' lang='lat' dir='ltr'><strong>putare,</strong></span> <span class='ocrx_word' id='word_1_271' title='bbox 1118 1987 1261 2058; x_wconf 89' lang='lat' dir='ltr'><strong>quod</strong></span> <span class='ocrx_word' id='word_1_272' title='bbox 1305 1986 1444 2040; x_wconf 90' lang='lat' dir='ltr'><strong>Deus</strong></span> <span class='ocrx_word' id='word_1_273' title='bbox 1479 1983 1820 2052; x_wconf 83' lang='lat' dir='ltr'><strong>omnipotens</strong></span> 
     </span>
    </p>
   </div>
   <div class='ocr_carea' id='block_1_31' title="bbox 244 2074 1821 2146">
    <p class='ocr_par' dir='ltr' id='par_1_31' title="bbox 244 2074 1821 2146">
     <span class='ocr_line' id='line_1_31' title="bbox 244 2074 1821 2146; baseline -0.013 0"><span class='ocrx_word' id='word_1_274' title='bbox 244 2092 382 2146; x_wconf 79' lang='lat' dir='ltr'><strong>talia</strong></span> <span class='ocrx_word' id='word_1_275' title='bbox 427 2089 669 2144; x_wconf 86' lang='lat' dir='ltr'><strong>membra</strong></span> <span class='ocrx_word' id='word_1_276' title='bbox 707 2084 902 2139; x_wconf 85' lang='lat' dir='ltr'><strong>habeat</strong></span> <span class='ocrx_word' id='word_1_277' title='bbox 928 2083 1068 2137; x_wconf 87' lang='lat' dir='ltr'><strong>sicut</strong></span> <span class='ocrx_word' id='word_1_278' title='bbox 1094 2079 1324 2133; x_wconf 89' lang='lat' dir='ltr'><strong>humana</strong></span> <span class='ocrx_word' id='word_1_279' title='bbox 1347 2085 1538 2130; x_wconf 88' lang='lat' dir='ltr'><strong>natura</strong></span> <span class='ocrx_word' id='word_1_280' title='bbox 1567 2074 1698 2129; x_wconf 88' lang='lat' dir='ltr'><strong>:sed</strong></span> <span class='ocrx_word' id='word_1_281' title='bbox 1727 2087 1821 2127; x_wconf 88' lang='lat' dir='ltr'><strong>no-</strong></span> 
     </span>
    </p>
   </div>
   <div class='ocr_carea' id='block_1_32' title="bbox 251 2163 1820 2245">
    <p class='ocr_par' dir='ltr' id='par_1_32' title="bbox 251 2163 1820 2245">
     <span class='ocr_line' id='line_1_32' title="bbox 251 2163 1820 2245; baseline -0.015 -8"><span class='ocrx_word' id='word_1_282' title='bbox 251 2191 366 2236; x_wconf 89' lang='lat' dir='ltr'><strong>stro</strong></span> <span class='ocrx_word' id='word_1_283' title='bbox 390 2194 538 2235; x_wconf 90' lang='lat' dir='ltr'><strong>more</strong></span> <span class='ocrx_word' id='word_1_284' title='bbox 558 2177 813 2245; x_wconf 89' lang='lat' dir='ltr'><strong>loquitur,</strong></span> <span class='ocrx_word' id='word_1_285' title='bbox 829 2182 1003 2242; x_wconf 86' lang='lat' dir='ltr'><strong>utpcr</strong></span> <span class='ocrx_word' id='word_1_286' title='bbox 1023 2179 1259 2223; x_wconf 85' lang='lat' dir='ltr'><strong>nostram</strong></span> <span class='ocrx_word' id='word_1_287' title='bbox 1283 2175 1528 2220; x_wconf 88' lang='lat' dir='ltr'><strong>naturam</strong></span> <span class='ocrx_word' id='word_1_288' title='bbox 1549 2163 1820 2218; x_wconf 89' lang='lat' dir='ltr'><strong>discamus</strong></span> 
     </span>
    </p>
   </div>
   <div class='ocr_carea' id='block_1_33' title="bbox 254 2254 1823 2332">
    <p class='ocr_par' dir='ltr' id='par_1_33' title="bbox 254 2254 1823 2332">
     <span class='ocr_line' id='line_1_33' title="bbox 254 2254 1823 2332; baseline -0.013 -6"><span class='ocrx_word' id='word_1_289' title='bbox 254 2271 349 2326; x_wconf 90' lang='lat' dir='ltr'><strong>Dei</strong></span> <span class='ocrx_word' id='word_1_290' title='bbox 379 2271 562 2324; x_wconf 85' lang='lat' dir='ltr'><strong>verba.</strong></span> <span class='ocrx_word' id='word_1_291' title='bbox 593 2266 746 2320; x_wconf 69' lang='lat' dir='ltr'><strong>istud</strong></span> <span class='ocrx_word' id='word_1_292' title='bbox 773 2279 902 2332; x_wconf 83' lang='lat' dir='ltr'><strong>ergo</strong></span> <span class='ocrx_word' id='word_1_293' title='bbox 938 2261 1170 2316; x_wconf 74' lang='lat' dir='ltr'><strong>Verbum</strong></span> <span class='ocrx_word' id='word_1_294' title='bbox 1215 2259 1362 2313; x_wconf 84' lang='lat' dir='ltr'><strong>misit</strong></span> <span class='ocrx_word' id='word_1_295' title='bbox 1390 2257 1532 2311; x_wconf 90' lang='lat' dir='ltr'><strong>Deus</strong></span> <span class='ocrx_word' id='word_1_296' title='bbox 1554 2254 1734 2318; x_wconf 88' lang='lat' dir='ltr'><strong>Pater,</strong></span> <span class='ocrx_word' id='word_1_297' title='bbox 1763 2261 1823 2306; x_wconf 91' lang='lat' dir='ltr'><strong>ut</strong></span> 
     </span>
    </p>
   </div>
   <div class='ocr_carea' id='block_1_34' title="bbox 251 2345 1818 2425">
    <p class='ocr_par' dir='ltr' id='par_1_34' title="bbox 251 2345 1818 2425">
     <span class='ocr_line' id='line_1_34' title="bbox 251 2345 1818 2425; baseline -0.011 -11"><span class='ocrx_word' id='word_1_298' title='bbox 251 2362 580 2417; x_wconf 85' lang='lat' dir='ltr'><strong>voluntatem</strong></span> <span class='ocrx_word' id='word_1_299' title='bbox 621 2372 770 2412; x_wconf 90' lang='lat' dir='ltr'><strong>suam</strong></span> <span class='ocrx_word' id='word_1_300' title='bbox 813 2369 911 2425; x_wconf 85' lang='lat' dir='ltr'><strong>per</strong></span> <span class='ocrx_word' id='word_1_301' title='bbox 950 2353 1078 2406; x_wconf 86' lang='lat' dir='ltr'><strong>illud</strong></span> <span class='ocrx_word' id='word_1_302' title='bbox 1122 2348 1438 2418; x_wconf 87' lang='lat' dir='ltr'><strong>adimpleret</strong></span> <span class='ocrx_word' id='word_1_303' title='bbox 1463 2356 1518 2402; x_wconf 88' lang='lat' dir='ltr'><strong>et</strong></span> <span class='ocrx_word' id='word_1_304' title='bbox 1545 2345 1818 2416; x_wconf 86' lang='lat' dir='ltr'><strong>placitum,</strong></span> 
     </span>
    </p>
   </div>
   <div class='ocr_carea' id='block_1_35' title="bbox 244 2435 1826 2515">
    <p class='ocr_par' dir='ltr' id='par_1_35' title="bbox 244 2435 1826 2515">
     <span class='ocr_line' id='line_1_35' title="bbox 244 2435 1826 2515; baseline -0.012 -7"><span class='ocrx_word' id='word_1_305' title='bbox 244 2453 359 2508; x_wconf 80' lang='lat' dir='ltr'><strong>hoc</strong></span> <span class='ocrx_word' id='word_1_306' title='bbox 386 2458 490 2514; x_wconf 87' lang='lat' dir='ltr'><strong>est,</strong></span> <span class='ocrx_word' id='word_1_307' title='bbox 515 2457 575 2502; x_wconf 92' lang='lat' dir='ltr'><strong>ut</strong></span> <span class='ocrx_word' id='word_1_308' title='bbox 604 2462 699 2515; x_wconf 89' lang='lat' dir='ltr'><strong>per</strong></span> <span class='ocrx_word' id='word_1_309' title='bbox 726 2460 848 2500; x_wconf 91' lang='lat' dir='ltr'><strong>eum</strong></span> <span class='ocrx_word' id='word_1_310' title='bbox 875 2457 1044 2513; x_wconf 83' lang='lat' dir='ltr'><strong>genus</strong></span> <span class='ocrx_word' id='word_1_311' title='bbox 1071 2441 1362 2494; x_wconf 87' lang='lat' dir='ltr'><strong>humanum</strong></span> <span class='ocrx_word' id='word_1_312' title='bbox 1389 2437 1697 2499; x_wconf 87' lang='lat' dir='ltr'><strong>redimeret,</strong></span> <span class='ocrx_word' id='word_1_313' title='bbox 1720 2435 1826 2489; x_wconf 85' lang='lat' dir='ltr'><strong>sic-</strong></span> 
     </span>
    </p>
   </div>
   <div class='ocr_carea' id='block_1_36' title="bbox 245 2523 1825 2610">
    <p class='ocr_par' dir='ltr' id='par_1_36' title="bbox 245 2523 1825 2610">
     <span class='ocr_line' id='line_1_36' title="bbox 245 2523 1825 2610; baseline -0.013 -13"><span class='ocrx_word' id='word_1_314' title='bbox 245 2550 315 2597; x_wconf 79' lang='lat' dir='ltr'><strong>ut</strong></span> <span class='ocrx_word' id='word_1_315' title='bbox 346 2540 460 2610; x_wconf 87' lang='lat' dir='ltr'><strong>ipse</strong></span> <span class='ocrx_word' id='word_1_316' title='bbox 481 2537 646 2592; x_wconf 86' lang='lat' dir='ltr'><strong>Filius</strong></span> <span class='ocrx_word' id='word_1_317' title='bbox 679 2535 845 2590; x_wconf 85' lang='lat' dir='ltr'><strong>dicit:</strong></span> <span class='ocrx_word' id='word_1_318' title='bbox 877 2531 1011 2598; x_wconf 87' lang='lat' dir='ltr'><strong>Quia</strong></span> <span class='ocrx_word' id='word_1_319' title='bbox 1043 2549 1060 2581; x_wconf 72' lang='grc' dir='ltr'><strong>ε</strong></span> <span class='ocrx_word' id='word_1_320' title='bbox 1089 2545 1207 2599; x_wconf 63' lang='lat' dir='ltr'><strong>qua:</strong></span> <span class='ocrx_word' id='word_1_321' title='bbox 1231 2527 1423 2598; x_wconf 87' lang='lat' dir='ltr'><strong>placita</strong></span> <span class='ocrx_word' id='word_1_322' title='bbox 1461 2534 1586 2582; x_wconf 91' lang='lat' dir='ltr'><strong>sunt</strong></span> <span class='ocrx_word' id='word_1_323' title='bbox 1609 2526 1659 2580; x_wconf 90' lang='lat' dir='ltr'><strong>ei</strong></span> <span class='ocrx_word' id='word_1_324' title='bbox 1681 2523 1825 2578; x_wconf 78' lang='lat' dir='ltr'><strong>facio</strong></span> 
     </span>
    </p>
   </div>
   <div class='ocr_carea' id='block_1_37' title="bbox 244 2615 1822 2700">
    <p class='ocr_par' dir='ltr' id='par_1_37' title="bbox 244 2615 1822 2700">
     <span class='ocr_line' id='line_1_37' title="bbox 244 2615 1822 2700; baseline -0.012 -13"><span class='ocrx_word' id='word_1_325' title='bbox 244 2628 670 2700; x_wconf 25' lang='lat' dir='ltr'><strong>r&#39;sempeonan.</strong></span> <span class='ocrx_word' id='word_1_326' title='bbox 701 2625 843 2693; x_wconf 86' lang='lat' dir='ltr'><strong>vrn).</strong></span> <span class='ocrx_word' id='word_1_327' title='bbox 876 2641 900 2674; x_wconf 74' lang='grc' dir='ltr'><strong>-ι</strong></span> <span class='ocrx_word' id='word_1_328' title='bbox 935 2621 1084 2677; x_wconf 83' lang='lat' dir='ltr'><strong>Fecit</strong></span> <span class='ocrx_word' id='word_1_329' title='bbox 1114 2635 1242 2691; x_wconf 86' lang='lat' dir='ltr'><strong>ergo</strong></span> <span class='ocrx_word' id='word_1_330' title='bbox 1266 2619 1408 2688; x_wconf 88' lang='lat' dir='ltr'><strong>quod</strong></span> <span class='ocrx_word' id='word_1_331' title='bbox 1448 2617 1607 2672; x_wconf 90' lang='lat' dir='ltr'><strong>Pater</strong></span> <span class='ocrx_word' id='word_1_332' title='bbox 1634 2615 1822 2681; x_wconf 89' lang='lat' dir='ltr'><strong>voluit,</strong></span> 
     </span>
    </p>
   </div>
   <div class='ocr_carea' id='block_1_38' title="bbox 258 2714 1825 2788">
    <p class='ocr_par' dir='ltr' id='par_1_38' title="bbox 258 2714 1825 2788">
     <span class='ocr_line' id='line_1_38' title="bbox 258 2714 1825 2788; baseline -0.011 -10"><span class='ocrx_word' id='word_1_333' title='bbox 258 2720 572 2778; x_wconf 88' lang='lat' dir='ltr'><strong>redimendo</strong></span> <span class='ocrx_word' id='word_1_334' title='bbox 613 2731 779 2788; x_wconf 89' lang='lat' dir='ltr'><strong>genus</strong></span> <span class='ocrx_word' id='word_1_335' title='bbox 805 2716 1096 2769; x_wconf 88' lang='lat' dir='ltr'><strong>humanum</strong></span> <span class='ocrx_word' id='word_1_336' title='bbox 1129 2729 1143 2766; x_wconf 90' lang='lat'><strong>:</strong></span> <span class='ocrx_word' id='word_1_337' title='bbox 1169 2718 1225 2766; x_wconf 87' lang='lat' dir='ltr'><strong>et</strong></span> <span class='ocrx_word' id='word_1_338' title='bbox 1254 2717 1602 2781; x_wconf 76' lang='lat' dir='ltr'><strong>prOSperatus</strong></span> <span class='ocrx_word' id='word_1_339' title='bbox 1631 2714 1715 2762; x_wconf 89' lang='lat' dir='ltr'><strong>est</strong></span> <span class='ocrx_word' id='word_1_340' title='bbox 1740 2719 1825 2761; x_wconf 88' lang='lat' dir='ltr'><strong>se-</strong></span> 
     </span>
    </p>
   </div>
   <div class='ocr_carea' id='block_1_39' title="bbox 240 2795 1825 2874">
    <p class='ocr_par' dir='ltr' id='par_1_39' title="bbox 240 2795 1825 2874">
     <span class='ocr_line' id='line_1_39' title="bbox 240 2795 1825 2874; baseline -0.013 -5"><span class='ocrx_word' id='word_1_341' title='bbox 240 2812 490 2870; x_wconf 66' lang='lat' dir='ltr'><strong>cundum</strong></span> <span class='ocrx_word' id='word_1_342' title='bbox 515 2807 924 2868; x_wconf 88' lang='lat' dir='ltr'><strong>humanitatem,</strong></span> <span class='ocrx_word' id='word_1_343' title='bbox 943 2803 1176 2874; x_wconf 89' lang='lat' dir='ltr'><strong>quando,</strong></span> <span class='ocrx_word' id='word_1_344' title='bbox 1201 2815 1296 2871; x_wconf 91' lang='lat' dir='ltr'><strong>per</strong></span> <span class='ocrx_word' id='word_1_345' title='bbox 1316 2795 1825 2864; x_wconf 86' lang='lat' dir='ltr'><strong>universumorbem</strong></span> 
     </span>
    </p>
   </div>
   <div class='ocr_carea' id='block_1_40' title="bbox 253 2885 1827 2971">
    <p class='ocr_par' dir='ltr' id='par_1_40' title="bbox 253 2885 1827 2971">
     <span class='ocr_line' id='line_1_40' title="bbox 253 2885 1827 2971; baseline -0.009 -17"><span class='ocrx_word' id='word_1_346' title='bbox 253 2898 643 2971; x_wconf 64' lang='lat' dir='ltr'><strong>praedicatione</strong></span> <span class='ocrx_word' id='word_1_347' title='bbox 664 2895 804 2950; x_wconf 89' lang='lat' dir='ltr'><strong>illius</strong></span> <span class='ocrx_word' id='word_1_348' title='bbox 827 2902 882 2948; x_wconf 89' lang='lat' dir='ltr'><strong>et</strong></span> <span class='ocrx_word' id='word_1_349' title='bbox 907 2891 1012 2946; x_wconf 90' lang='lat' dir='ltr'><strong>ﬁde</strong></span> <span class='ocrx_word' id='word_1_350' title='bbox 1045 2889 1334 2954; x_wconf 76' lang='lat' dir='ltr'><strong>diﬁ&#39;amata,</strong></span> <span class='ocrx_word' id='word_1_351' title='bbox 1367 2897 1554 2960; x_wconf 78' lang='lat' dir='ltr'><strong>gentes</strong></span> <span class='ocrx_word' id='word_1_352' title='bbox 1585 2885 1827 2942; x_wconf 85' lang='lat' dir='ltr'><strong>credide-</strong></span> 
     </span>
    </p>
   </div>
   <div class='ocr_carea' id='block_1_41' title="bbox 262 2978 1827 3055">
    <p class='ocr_par' dir='ltr' id='par_1_41' title="bbox 262 2978 1827 3055">
     <span class='ocr_line' id='line_1_41' title="bbox 262 2978 1827 3055; baseline -0.008 -8"><span class='ocrx_word' id='word_1_353' title='bbox 262 3001 389 3048; x_wconf 89' lang='lat' dir='ltr'><strong>runt</strong></span> <span class='ocrx_word' id='word_1_354' title='bbox 414 2992 466 3045; x_wconf 93' lang='lat' dir='ltr'><strong>in</strong></span> <span class='ocrx_word' id='word_1_355' title='bbox 495 3005 616 3044; x_wconf 92' lang='lat' dir='ltr'><strong>eum</strong></span> <span class='ocrx_word' id='word_1_356' title='bbox 645 3006 657 3042; x_wconf 91' lang='lat'>:</span> <span class='ocrx_word' id='word_1_357' title='bbox 687 2987 872 3055; x_wconf 85' lang='lat' dir='ltr'><strong>sicque</strong></span> <span class='ocrx_word' id='word_1_358' title='bbox 896 2985 964 3039; x_wconf 88' lang='lat' dir='ltr'><strong>ad</strong></span> <span class='ocrx_word' id='word_1_359' title='bbox 995 2983 1267 3039; x_wconf 76' lang='lat' dir='ltr'><strong>dexteram</strong></span> <span class='ocrx_word' id='word_1_360' title='bbox 1299 2991 1535 3052; x_wconf 75' lang='lat' dir='ltr'><strong>paternae</strong></span> <span class='ocrx_word' id='word_1_361' title='bbox 1573 2978 1827 3050; x_wconf 75' lang='lat' dir='ltr'><strong>majesta-</strong></span> 
     </span>
    </p>
   </div>
   <div class='ocr_carea' id='block_1_42' title="bbox 255 3085 735 3141">
    <p class='ocr_par' dir='ltr' id='par_1_42' title="bbox 255 3085 735 3141">
     <span class='ocr_line' id='line_1_42' title="bbox 255 3085 735 3141; baseline -0.019 0"><span class='ocrx_word' id='word_1_362' title='bbox 255 3085 328 3141; x_wconf 85' lang='lat' dir='ltr'><strong>tis</strong></span> <span class='ocrx_word' id='word_1_363' title='bbox 355 3098 606 3139; x_wconf 85' lang='lat' dir='ltr'><strong>reversus</strong></span> <span class='ocrx_word' id='word_1_364' title='bbox 634 3089 735 3136; x_wconf 87' lang='lat' dir='ltr'><strong>est.</strong></span> 
     </span>
    </p>
   </div>
   <div class='ocr_carea' id='block_1_43' title="bbox 333 3160 1826 3245">
    <p class='ocr_par' dir='ltr' id='par_1_43' title="bbox 333 3160 1826 3245">
     <span class='ocr_line' id='line_1_43' title="bbox 333 3160 1826 3245; baseline -0.009 -15"><span class='ocrx_word' id='word_1_365' title='bbox 333 3197 352 3230; x_wconf 69' lang='grc' dir='ltr'>ι</span> <span class='ocrx_word' id='word_1_366' title='bbox 391 3178 527 3245; x_wconf 88' lang='lat' dir='ltr'><strong>Quia</strong></span> <span class='ocrx_word' id='word_1_367' title='bbox 566 3178 617 3231; x_wconf 91' lang='lat' dir='ltr'><strong>in</strong></span> <span class='ocrx_word' id='word_1_368' title='bbox 645 3174 826 3230; x_wconf 69' lang='lat' dir='ltr'><strong>ltetitia</strong></span> <span class='ocrx_word' id='word_1_369' title='bbox 854 3168 1258 3243; x_wconf 85' lang='lat' dir='ltr'><strong>ingrediemini,</strong></span> <span class='ocrx_word' id='word_1_370' title='bbox 1299 3175 1354 3222; x_wconf 86' lang='lat' dir='ltr'><strong>et</strong></span> <span class='ocrx_word' id='word_1_371' title='bbox 1377 3165 1435 3220; x_wconf 85' lang='lat' dir='ltr'><strong>in</strong></span> <span class='ocrx_word' id='word_1_372' title='bbox 1481 3177 1615 3234; x_wconf 87' lang='lat' dir='ltr'><strong>pace</strong></span> <span class='ocrx_word' id='word_1_373' title='bbox 1659 3160 1826 3218; x_wconf 78' lang='lat' dir='ltr'><strong>dedu-</strong></span> 
     </span>
    </p>
   </div>
   <div class='ocr_carea' id='block_1_44' title="bbox 256 3249 1896 3337">
    <p class='ocr_par' dir='ltr' id='par_1_44' title="bbox 256 3249 1896 3337">
     <span class='ocr_line' id='line_1_44' title="bbox 256 3249 1896 3337; baseline -0.008 -11"><span class='ocrx_word' id='word_1_374' title='bbox 256 3269 474 3326; x_wconf 87' lang='lat' dir='ltr'><strong>ccmini.</strong></span> <span class='ocrx_word' id='word_1_375' title='bbox 514 3286 530 3319; x_wconf 76' lang='grc' dir='ltr'><strong>ι</strong></span> <span class='ocrx_word' id='word_1_376' title='bbox 561 3266 869 3337; x_wconf 82' lang='lat' dir='ltr'><strong>Alloquitur</strong></span> <span class='ocrx_word' id='word_1_377' title='bbox 902 3266 1043 3319; x_wconf 88' lang='lat' dir='ltr'><strong>Deus</strong></span> <span class='ocrx_word' id='word_1_378' title='bbox 1070 3261 1231 3316; x_wconf 88' lang='lat' dir='ltr'><strong>Pater</strong></span> <span class='ocrx_word' id='word_1_379' title='bbox 1272 3269 1380 3314; x_wconf 89' lang='lat' dir='ltr'><strong>tam</strong></span> <span class='ocrx_word' id='word_1_380' title='bbox 1419 3257 1632 3312; x_wconf 75' lang='lat' dir='ltr'><strong>Judzeos</strong></span> <span class='ocrx_word' id='word_1_381' title='bbox 1658 3270 1819 3325; x_wconf 88' lang='lat' dir='ltr'><strong>quam</strong></span> <span class='ocrx_word' id='word_1_382' title='bbox 1848 3249 1896 3313; x_wconf 91' lang='lat' dir='ltr'><strong>C</strong></span> 
     </span>
    </p>
   </div>
   <div class='ocr_carea' id='block_1_45' title="bbox 257 3345 1826 3421">
    <p class='ocr_par' dir='ltr' id='par_1_45' title="bbox 257 3345 1826 3421">
     <span class='ocr_line' id='line_1_45' title="bbox 257 3345 1826 3421; baseline -0.011 -5"><span class='ocrx_word' id='word_1_383' title='bbox 257 3359 562 3421; x_wconf 85' lang='lat' dir='ltr'><strong>credentes,</strong></span> <span class='ocrx_word' id='word_1_384' title='bbox 591 3357 869 3411; x_wconf 84' lang='lat' dir='ltr'><strong>venientes</strong></span> <span class='ocrx_word' id='word_1_385' title='bbox 907 3354 974 3408; x_wconf 92' lang='lat' dir='ltr'><strong>ad</strong></span> <span class='ocrx_word' id='word_1_386' title='bbox 1015 3367 1073 3408; x_wconf 90' lang='lat' dir='ltr'><strong>se</strong></span> <span class='ocrx_word' id='word_1_387' title='bbox 1107 3365 1201 3420; x_wconf 91' lang='lat' dir='ltr'><strong>per</strong></span> <span class='ocrx_word' id='word_1_388' title='bbox 1225 3350 1402 3404; x_wconf 90' lang='lat' dir='ltr'><strong>ﬁdem.</strong></span> <span class='ocrx_word' id='word_1_389' title='bbox 1425 3348 1482 3402; x_wconf 89' lang='lat' dir='ltr'><strong>lu</strong></span> <span class='ocrx_word' id='word_1_390' title='bbox 1509 3345 1689 3401; x_wconf 63' lang='lat' dir='ltr'><strong>laetitia</strong></span> <span class='ocrx_word' id='word_1_391' title='bbox 1723 3345 1826 3416; x_wconf 92' lang='lat' dir='ltr'><strong>(in-</strong></span> 
     </span>
    </p>
   </div>
   <div class='ocr_carea' id='block_1_46' title="bbox 257 3435 1828 3519">
    <p class='ocr_par' dir='ltr' id='par_1_46' title="bbox 257 3435 1828 3519">
     <span class='ocr_line' id='line_1_46' title="bbox 257 3435 1828 3519; baseline -0.008 -17"><span class='ocrx_word' id='word_1_392' title='bbox 257 3449 394 3519; x_wconf 90' lang='lat' dir='ltr'><strong>quit)</strong></span> <span class='ocrx_word' id='word_1_393' title='bbox 424 3445 820 3517; x_wconf 81' lang='lat' dir='ltr'><strong>ingrediemini,</strong></span> <span class='ocrx_word' id='word_1_394' title='bbox 842 3459 875 3497; x_wconf 92' lang='grc' dir='ltr'>ο</span> <span class='ocrx_word' id='word_1_395' title='bbox 897 3442 1158 3505; x_wconf 89' lang='lat' dir='ltr'><strong>Gentiles,</strong></span> <span class='ocrx_word' id='word_1_396' title='bbox 1189 3441 1254 3494; x_wconf 88' lang='lat' dir='ltr'><strong>de</strong></span> <span class='ocrx_word' id='word_1_397' title='bbox 1281 3435 1612 3492; x_wconf 89' lang='lat' dir='ltr'><strong>inﬁdelitatis</strong></span> <span class='ocrx_word' id='word_1_398' title='bbox 1638 3447 1828 3490; x_wconf 78' lang='lat' dir='ltr'><strong>errore</strong></span> 
     </span>
    </p>
   </div>
   <div class='ocr_carea' id='block_1_47' title="bbox 257 3529 1825 3601">
    <p class='ocr_par' dir='ltr' id='par_1_47' title="bbox 257 3529 1825 3601">
     <span class='ocr_line' id='line_1_47' title="bbox 257 3529 1825 3601; baseline -0.007 -8"><span class='ocrx_word' id='word_1_399' title='bbox 257 3548 314 3594; x_wconf 89' lang='lat' dir='ltr'><strong>et</strong></span> <span class='ocrx_word' id='word_1_400' title='bbox 345 3536 658 3592; x_wconf 71' lang='lat' dir='ltr'><strong>idololatriae</strong></span> <span class='ocrx_word' id='word_1_401' title='bbox 678 3535 909 3601; x_wconf 86' lang='lat' dir='ltr'><strong>cultura,</strong></span> <span class='ocrx_word' id='word_1_402' title='bbox 932 3535 997 3587; x_wconf 90' lang='lat' dir='ltr'><strong>ad</strong></span> <span class='ocrx_word' id='word_1_403' title='bbox 1023 3533 1198 3587; x_wconf 89' lang='lat' dir='ltr'><strong>lucem</strong></span> <span class='ocrx_word' id='word_1_404' title='bbox 1229 3530 1352 3586; x_wconf 92' lang='lat' dir='ltr'><strong>ﬁdei</strong></span> <span class='ocrx_word' id='word_1_405' title='bbox 1382 3538 1438 3584; x_wconf 91' lang='lat' dir='ltr'><strong>et</strong></span> <span class='ocrx_word' id='word_1_406' title='bbox 1467 3529 1825 3600; x_wconf 79' lang='lat' dir='ltr'><strong>cognitionem</strong></span> 
     </span>
    </p>
   </div>
   <div class='ocr_carea' id='block_1_48' title="bbox 258 3619 1828 3692">
    <p class='ocr_par' dir='ltr' id='par_1_48' title="bbox 258 3619 1828 3692">
     <span class='ocr_line' id='line_1_48' title="bbox 258 3619 1828 3692; baseline -0.007 -9"><span class='ocrx_word' id='word_1_407' title='bbox 258 3642 456 3683; x_wconf 90' lang='lat' dir='ltr'><strong>meam.</strong></span> <span class='ocrx_word' id='word_1_408' title='bbox 491 3625 634 3690; x_wconf 88' lang='lat' dir='ltr'><strong>Sive,</strong></span> <span class='ocrx_word' id='word_1_409' title='bbox 665 3639 699 3680; x_wconf 87' lang='grc' dir='ltr'>ο</span> <span class='ocrx_word' id='word_1_410' title='bbox 725 3623 917 3688; x_wconf 64' lang='lat' dir='ltr'><strong>Judaei,</strong></span> <span class='ocrx_word' id='word_1_411' title='bbox 944 3623 1012 3678; x_wconf 90' lang='lat' dir='ltr'><strong>de</strong></span> <span class='ocrx_word' id='word_1_412' title='bbox 1033 3623 1224 3676; x_wconf 88' lang='lat' dir='ltr'><strong>umbra</strong></span> <span class='ocrx_word' id='word_1_413' title='bbox 1251 3620 1383 3692; x_wconf 91' lang='lat' dir='ltr'><strong>legis</strong></span> <span class='ocrx_word' id='word_1_414' title='bbox 1416 3621 1482 3675; x_wconf 90' lang='lat' dir='ltr'><strong>ad</strong></span> <span class='ocrx_word' id='word_1_415' title='bbox 1519 3619 1746 3690; x_wconf 83' lang='lat' dir='ltr'><strong>gratiam</strong></span> <span class='ocrx_word' id='word_1_416' title='bbox 1769 3628 1828 3673; x_wconf 91' lang='lat' dir='ltr'><strong>et</strong></span> 
     </span>
    </p>
   </div>
   <div class='ocr_carea' id='block_1_49' title="bbox 256 3708 1827 3784">
    <p class='ocr_par' dir='ltr' id='par_1_49' title="bbox 256 3708 1827 3784">
     <span class='ocr_line' id='line_1_49' title="bbox 256 3708 1827 3784; baseline -0.003 -17"><span class='ocrx_word' id='word_1_417' title='bbox 256 3718 540 3773; x_wconf 81' lang='lat' dir='ltr'><strong>veritatem</strong></span> <span class='ocrx_word' id='word_1_418' title='bbox 563 3715 854 3784; x_wconf 80' lang='lat' dir='ltr'><strong>Evangelii.</strong></span> <span class='ocrx_word' id='word_1_419' title='bbox 882 3713 948 3768; x_wconf 87' lang='lat' dir='ltr'><strong>Et</strong></span> <span class='ocrx_word' id='word_1_420' title='bbox 974 3714 1028 3766; x_wconf 91' lang='lat' dir='ltr'><strong>in</strong></span> <span class='ocrx_word' id='word_1_421' title='bbox 1056 3727 1210 3782; x_wconf 88' lang='lat' dir='ltr'><strong>pace,</strong></span> <span class='ocrx_word' id='word_1_422' title='bbox 1227 3711 1278 3765; x_wconf 92' lang='lat' dir='ltr'><strong>id</strong></span> <span class='ocrx_word' id='word_1_423' title='bbox 1295 3719 1380 3766; x_wconf 85' lang='lat' dir='ltr'><strong>est</strong></span> <span class='ocrx_word' id='word_1_424' title='bbox 1402 3710 1455 3764; x_wconf 91' lang='lat' dir='ltr'><strong>in</strong></span> <span class='ocrx_word' id='word_1_425' title='bbox 1475 3709 1712 3774; x_wconf 83' lang='lat' dir='ltr'><strong>Christo,</strong></span> <span class='ocrx_word' id='word_1_426' title='bbox 1735 3708 1827 3763; x_wconf 84' lang='lat' dir='ltr'><strong>de-</strong></span> 
     </span>
    </p>
   </div>
   <div class='ocr_carea' id='block_1_50' title="bbox 256 3802 1826 3874">
    <p class='ocr_par' dir='ltr' id='par_1_50' title="bbox 256 3802 1826 3874">
     <span class='ocr_line' id='line_1_50' title="bbox 256 3802 1826 3874; baseline -0.004 -12"><span class='ocrx_word' id='word_1_427' title='bbox 256 3806 526 3862; x_wconf 90' lang='lat' dir='ltr'><strong>ducemini</strong></span> <span class='ocrx_word' id='word_1_428' title='bbox 553 3805 620 3860; x_wconf 88' lang='lat' dir='ltr'><strong>ad</strong></span> <span class='ocrx_word' id='word_1_429' title='bbox 651 3805 882 3874; x_wconf 88' lang='lat' dir='ltr'><strong>patriam</strong></span> <span class='ocrx_word' id='word_1_430' title='bbox 911 3803 1207 3868; x_wconf 77' lang='lat' dir='ltr'><strong>C(Blestem,</strong></span> <span class='ocrx_word' id='word_1_431' title='bbox 1236 3805 1302 3858; x_wconf 91' lang='lat' dir='ltr'><strong>de</strong></span> <span class='ocrx_word' id='word_1_432' title='bbox 1325 3802 1559 3857; x_wconf 77' lang='lat' dir='ltr'><strong>tenebris</strong></span> <span class='ocrx_word' id='word_1_433' title='bbox 1572 3807 1826 3870; x_wconf 86' lang='lat' dir='ltr'><strong>peccato-</strong></span> 
     </span>
    </p>
   </div>
   <div class='ocr_carea' id='block_1_51' title="bbox 254 3894 1829 3966">
    <p class='ocr_par' dir='ltr' id='par_1_51' title="bbox 254 3894 1829 3966">
     <span class='ocr_line' id='line_1_51' title="bbox 254 3894 1829 3966; baseline -0.006 -11"><span class='ocrx_word' id='word_1_434' title='bbox 254 3915 400 3955; x_wconf 76' lang='lat' dir='ltr'><strong>rum.</strong></span> <span class='ocrx_word' id='word_1_435' title='bbox 427 3900 500 3953; x_wconf 92' lang='lat' dir='ltr'><strong>De</strong></span> <span class='ocrx_word' id='word_1_436' title='bbox 524 3899 624 3953; x_wconf 85' lang='lat' dir='ltr'><strong>hac</strong></span> <span class='ocrx_word' id='word_1_437' title='bbox 649 3913 781 3966; x_wconf 88' lang='lat' dir='ltr'><strong>pace</strong></span> <span class='ocrx_word' id='word_1_438' title='bbox 808 3897 938 3952; x_wconf 91' lang='lat' dir='ltr'><strong>dicit</strong></span> <span class='ocrx_word' id='word_1_439' title='bbox 965 3895 1253 3966; x_wconf 83' lang='lat' dir='ltr'><strong>Apostolus</strong></span> <span class='ocrx_word' id='word_1_440' title='bbox 1279 3912 1292 3949; x_wconf 92' lang='lat'>:</span> <span class='ocrx_word' id='word_1_441' title='bbox 1329 3914 1347 3947; x_wconf 87' lang='grc'><em>‹</em></span> <span class='ocrx_word' id='word_1_442' title='bbox 1371 3894 1557 3950; x_wconf 82' lang='lat' dir='ltr'><strong>Gratia</strong></span> <span class='ocrx_word' id='word_1_443' title='bbox 1594 3894 1745 3950; x_wconf 87' lang='lat' dir='ltr'><strong>vobis</strong></span> <span class='ocrx_word' id='word_1_444' title='bbox 1773 3903 1829 3947; x_wconf 86' lang='lat' dir='ltr'><strong>et</strong></span> 
     </span>
    </p>
   </div>
   <div class='ocr_carea' id='block_1_52' title="bbox 253 3985 1825 4059">
    <p class='ocr_par' dir='ltr' id='par_1_52' title="bbox 253 3985 1825 4059">
     <span class='ocr_line' id='line_1_52' title="bbox 253 3985 1825 4059; baseline -0.004 -17"><span class='ocrx_word' id='word_1_445' title='bbox 253 4004 363 4059; x_wconf 73' lang='lat' dir='ltr'><strong>pax</strong></span> <span class='ocrx_word' id='word_1_446' title='bbox 393 3987 569 4055; x_wconf 80' lang='lat' dir='ltr'><strong>(llam.</strong></span> <span class='ocrx_word' id='word_1_447' title='bbox 595 3987 656 4056; x_wconf 83' lang='lat' dir='ltr'><strong>r).</strong></span> <span class='ocrx_word' id='word_1_448' title='bbox 692 4007 712 4038; x_wconf 71' lang='grc' dir='ltr'>δ</span> <span class='ocrx_word' id='word_1_449' title='bbox 760 3986 828 4040; x_wconf 81' lang='lat' dir='ltr'><strong>Et</strong></span> <span class='ocrx_word' id='word_1_450' title='bbox 862 3987 1055 4040; x_wconf 91' lang='lat' dir='ltr'><strong>iterum</strong></span> <span class='ocrx_word' id='word_1_451' title='bbox 1091 4003 1104 4038; x_wconf 90' lang='lat'><strong>:</strong></span> <span class='ocrx_word' id='word_1_452' title='bbox 1137 4003 1158 4038; x_wconf 73' lang='grc' dir='ltr'><strong><em>ι</em></strong></span> <span class='ocrx_word' id='word_1_453' title='bbox 1186 3985 1302 4055; x_wconf 80' lang='lat' dir='ltr'><strong>ipse</strong></span> <span class='ocrx_word' id='word_1_454' title='bbox 1344 3994 1427 4038; x_wconf 91' lang='lat' dir='ltr'><strong>est</strong></span> <span class='ocrx_word' id='word_1_455' title='bbox 1466 3999 1570 4053; x_wconf 82' lang='lat' dir='ltr'><strong>pax</strong></span> <span class='ocrx_word' id='word_1_456' title='bbox 1620 3991 1825 4048; x_wconf 89' lang='lat' dir='ltr'><strong>nostra,</strong></span> 
     </span>
    </p>
   </div>
   <div class='ocr_carea' id='block_1_53' title="bbox 259 4075 1820 4148">
    <p class='ocr_par' dir='ltr' id='par_1_53' title="bbox 259 4075 1820 4148">
     <span class='ocr_line' id='line_1_53' title="bbox 259 4075 1820 4148; baseline -0.004 -16"><span class='ocrx_word' id='word_1_457' title='bbox 259 4079 352 4148; x_wconf 90' lang='lat' dir='ltr'><strong>qui</strong></span> <span class='ocrx_word' id='word_1_458' title='bbox 399 4093 494 4133; x_wconf 88' lang='lat' dir='ltr'><strong>nos</strong></span> <span class='ocrx_word' id='word_1_459' title='bbox 537 4075 976 4148; x_wconf 86' lang='lat' dir='ltr'><strong>paciﬁcavitDeo</strong></span> <span class='ocrx_word' id='word_1_460' title='bbox 1003 4076 1144 4130; x_wconf 81' lang='lat' dir='ltr'><strong>Patri</strong></span> <span class='ocrx_word' id='word_1_461' title='bbox 1193 4085 1248 4130; x_wconf 90' lang='lat' dir='ltr'><strong>et</strong></span> <span class='ocrx_word' id='word_1_462' title='bbox 1289 4076 1392 4129; x_wconf 91' lang='lat' dir='ltr'><strong>sibi</strong></span> <span class='ocrx_word' id='word_1_463' title='bbox 1425 4075 1638 4145; x_wconf 65' lang='lat' dir='ltr'><strong>(Epiros.</strong></span> <span class='ocrx_word' id='word_1_464' title='bbox 1676 4075 1760 4145; x_wconf 73' lang='lat' dir='ltr'><strong>rt).</strong></span> <span class='ocrx_word' id='word_1_465' title='bbox 1801 4093 1820 4126; x_wconf 72' lang='grc' dir='ltr'>υ</span> 
     </span>
    </p>
   </div>
   <div class='ocr_carea' id='block_1_54' title="bbox 265 4166 1828 4232">
    <p class='ocr_par' dir='ltr' id='par_1_54' title="bbox 265 4166 1828 4232">
     <span class='ocr_line' id='line_1_54' title="bbox 265 4166 1828 4232; baseline -0.003 -9"><span class='ocrx_word' id='word_1_466' title='bbox 265 4195 286 4223; x_wconf 76' lang='grc' dir='ltr'>ι</span> <span class='ocrx_word' id='word_1_467' title='bbox 323 4171 529 4226; x_wconf 78' lang='lat' dir='ltr'><strong>Montes</strong></span> <span class='ocrx_word' id='word_1_468' title='bbox 549 4177 604 4224; x_wconf 90' lang='lat' dir='ltr'><strong>et</strong></span> <span class='ocrx_word' id='word_1_469' title='bbox 625 4169 788 4224; x_wconf 90' lang='lat' dir='ltr'><strong>colles</strong></span> <span class='ocrx_word' id='word_1_470' title='bbox 813 4169 1104 4223; x_wconf 87' lang='lat' dir='ltr'><strong>cantabunt</strong></span> <span class='ocrx_word' id='word_1_471' title='bbox 1123 4183 1305 4222; x_wconf 83' lang='lat' dir='ltr'><strong>coram</strong></span> <span class='ocrx_word' id='word_1_472' title='bbox 1335 4167 1484 4221; x_wconf 87' lang='lat' dir='ltr'><strong>vobis</strong></span> <span class='ocrx_word' id='word_1_473' title='bbox 1513 4166 1745 4232; x_wconf 88' lang='lat' dir='ltr'><strong>laudern,</strong></span> <span class='ocrx_word' id='word_1_474' title='bbox 1774 4175 1828 4220; x_wconf 92' lang='lat' dir='ltr'><strong>et</strong></span> 
     </span>
    </p>
   </div>
   <div class='ocr_carea' id='block_1_55' title="bbox 255 4256 1829 4330">
    <p class='ocr_par' dir='ltr' id='par_1_55' title="bbox 255 4256 1829 4330">
     <span class='ocr_line' id='line_1_55' title="bbox 255 4256 1829 4330; baseline -0.004 -14"><span class='ocrx_word' id='word_1_475' title='bbox 255 4261 440 4316; x_wconf 88' lang='lat' dir='ltr'><strong>omnia</strong></span> <span class='ocrx_word' id='word_1_476' title='bbox 473 4259 612 4330; x_wconf 88' lang='lat' dir='ltr'><strong>ligna</strong></span> <span class='ocrx_word' id='word_1_477' title='bbox 651 4257 886 4329; x_wconf 87' lang='lat' dir='ltr'><strong>regionis</strong></span> <span class='ocrx_word' id='word_1_478' title='bbox 925 4258 1177 4328; x_wconf 87' lang='lat' dir='ltr'><strong>plaudent</strong></span> <span class='ocrx_word' id='word_1_479' title='bbox 1206 4273 1389 4311; x_wconf 91' lang='lat' dir='ltr'><strong>manu.</strong></span> <span class='ocrx_word' id='word_1_480' title='bbox 1420 4277 1438 4309; x_wconf 76' lang='grc' dir='ltr'><strong><em>ι</em></strong></span> <span class='ocrx_word' id='word_1_481' title='bbox 1475 4256 1578 4312; x_wconf 88' lang='lat' dir='ltr'><strong>Per</strong></span> <span class='ocrx_word' id='word_1_482' title='bbox 1619 4268 1829 4312; x_wconf 76' lang='lat' dir='ltr'><strong>montes</strong></span> 
     </span>
    </p>
   </div>
   <div class='ocr_carea' id='block_1_56' title="bbox 251 4348 1830 4420">
    <p class='ocr_par' dir='ltr' id='par_1_56' title="bbox 251 4348 1830 4420">
     <span class='ocr_line' id='line_1_56' title="bbox 251 4348 1830 4420; baseline -0.004 -13"><span class='ocrx_word' id='word_1_483' title='bbox 251 4360 318 4407; x_wconf 82' lang='lat' dir='ltr'><strong>et</strong></span> <span class='ocrx_word' id='word_1_484' title='bbox 355 4349 518 4406; x_wconf 89' lang='lat' dir='ltr'><strong>colles</strong></span> <span class='ocrx_word' id='word_1_485' title='bbox 559 4348 931 4418; x_wconf 89' lang='lat' dir='ltr'><strong>intelliguntur</strong></span> <span class='ocrx_word' id='word_1_486' title='bbox 970 4348 1223 4420; x_wconf 81' lang='lat' dir='ltr'><strong>angelicae</strong></span> <span class='ocrx_word' id='word_1_487' title='bbox 1255 4355 1569 4418; x_wconf 80' lang='lat' dir='ltr'><strong>potestates,</strong></span> <span class='ocrx_word' id='word_1_488' title='bbox 1604 4357 1661 4402; x_wconf 84' lang='lat' dir='ltr'><strong>et</strong></span> <span class='ocrx_word' id='word_1_489' title='bbox 1705 4363 1830 4401; x_wconf 87' lang='lat' dir='ltr'><strong>san-</strong></span> 
     </span>
    </p>
   </div>
   <div class='ocr_carea' id='block_1_57' title="bbox 255 4437 1828 4507">
    <p class='ocr_par' dir='ltr' id='par_1_57' title="bbox 255 4437 1828 4507">
     <span class='ocr_line' id='line_1_57' title="bbox 255 4437 1828 4507; baseline -0.003 -12"><span class='ocrx_word' id='word_1_490' title='bbox 255 4449 470 4495; x_wconf 88' lang='lat' dir='ltr'><strong>ctorum</strong></span> <span class='ocrx_word' id='word_1_491' title='bbox 485 4439 676 4492; x_wconf 66' lang='lat' dir='ltr'><strong>animae</strong></span> <span class='ocrx_word' id='word_1_492' title='bbox 691 4437 1120 4507; x_wconf 83' lang='lat' dir='ltr'><strong>patriarcharum</strong></span> <span class='ocrx_word' id='word_1_493' title='bbox 1136 4447 1187 4492; x_wconf 92' lang='lat' dir='ltr'><strong>et</strong></span> <span class='ocrx_word' id='word_1_494' title='bbox 1201 4438 1599 4506; x_wconf 86' lang='lat' dir='ltr'><strong>prephetarum,</strong></span> <span class='ocrx_word' id='word_1_495' title='bbox 1618 4447 1828 4505; x_wconf 89' lang='lat' dir='ltr'><strong>aposto-</strong></span> 
     </span>
    </p>
   </div>
   <div class='ocr_carea' id='block_1_58' title="bbox 255 4526 1827 4596">
    <p class='ocr_par' dir='ltr' id='par_1_58' title="bbox 255 4526 1827 4596">
     <span class='ocr_line' id='line_1_58' title="bbox 255 4526 1827 4596; baseline -0.003 -14"><span class='ocrx_word' id='word_1_496' title='bbox 255 4529 456 4592; x_wconf 81' lang='lat' dir='ltr'><strong>lorum,</strong></span> <span class='ocrx_word' id='word_1_497' title='bbox 493 4536 914 4596; x_wconf 75' lang='lat' dir='ltr'><strong>caeterorumque</strong></span> <span class='ocrx_word' id='word_1_498' title='bbox 945 4535 1275 4590; x_wconf 87' lang='lat' dir='ltr'><strong>sanctorum,</strong></span> <span class='ocrx_word' id='word_1_499' title='bbox 1297 4541 1416 4594; x_wconf 86' lang='lat' dir='ltr'><strong>quae</strong></span> <span class='ocrx_word' id='word_1_500' title='bbox 1445 4541 1543 4595; x_wconf 89' lang='lat' dir='ltr'><strong>pro</strong></span> <span class='ocrx_word' id='word_1_501' title='bbox 1568 4526 1827 4580; x_wconf 75' lang='lat' dir='ltr'><strong>varietate</strong></span> 
     </span>
    </p>
   </div>
   <div class='ocr_carea' id='block_1_59' title="bbox 1920 1975 3487 2046">
    <p class='ocr_par' dir='ltr' id='par_1_59' title="bbox 1920 1975 3487 2046">
     <span class='ocr_line' id='line_1_59' title="bbox 1920 1975 3487 2046; baseline 0.001 -16"><span class='ocrx_word' id='word_1_502' title='bbox 1920 1983 2115 2030; x_wconf 88' lang='lat' dir='ltr'><strong>verunt</strong></span> <span class='ocrx_word' id='word_1_503' title='bbox 2147 1976 2200 2030; x_wconf 91' lang='lat' dir='ltr'><strong>in</strong></span> <span class='ocrx_word' id='word_1_504' title='bbox 2234 1975 2438 2031; x_wconf 89' lang='lat' dir='ltr'><strong>abietes</strong></span> <span class='ocrx_word' id='word_1_505' title='bbox 2475 1984 2530 2030; x_wconf 90' lang='lat' dir='ltr'><strong>et</strong></span> <span class='ocrx_word' id='word_1_506' title='bbox 2564 1983 2790 2046; x_wconf 85' lang='lat' dir='ltr'><strong>myrtos,</strong></span> <span class='ocrx_word' id='word_1_507' title='bbox 2822 1977 3089 2030; x_wconf 90' lang='lat' dir='ltr'><strong>intantum</strong></span> <span class='ocrx_word' id='word_1_508' title='bbox 3117 1985 3177 2030; x_wconf 92' lang='lat' dir='ltr'><strong>ut</strong></span> <span class='ocrx_word' id='word_1_509' title='bbox 3205 1991 3342 2031; x_wconf 90' lang='lat' dir='ltr'><strong>unus</strong></span> <span class='ocrx_word' id='word_1_510' title='bbox 3372 1976 3487 2031; x_wconf 92' lang='lat' dir='ltr'><strong>illo-</strong></span> 
     </span>
    </p>
   </div>
   <div class='ocr_carea' id='block_1_60' title="bbox 1922 2069 3486 2128">
    <p class='ocr_par' dir='ltr' id='par_1_60' title="bbox 1922 2069 3486 2128">
     <span class='ocr_line' id='line_1_60' title="bbox 1922 2069 3486 2128; baseline 0.003 -5"><span class='ocrx_word' id='word_1_511' title='bbox 1922 2085 2042 2123; x_wconf 89' lang='lat' dir='ltr'><strong>rum</strong></span> <span class='ocrx_word' id='word_1_512' title='bbox 2071 2069 2310 2124; x_wconf 88' lang='lat' dir='ltr'><strong>diceret:</strong></span> <span class='ocrx_word' id='word_1_513' title='bbox 2347 2088 2364 2122; x_wconf 85' lang='grc'><strong>‹</strong></span> <span class='ocrx_word' id='word_1_514' title='bbox 2404 2069 2602 2124; x_wconf 87' lang='lat' dir='ltr'><strong>Christi</strong></span> <span class='ocrx_word' id='word_1_515' title='bbox 2645 2069 2814 2125; x_wconf 92' lang='lat' dir='ltr'><strong>bonus</strong></span> <span class='ocrx_word' id='word_1_516' title='bbox 2868 2070 3002 2126; x_wconf 89' lang='lat' dir='ltr'><strong>odor</strong></span> <span class='ocrx_word' id='word_1_517' title='bbox 3045 2085 3231 2125; x_wconf 83' lang='lat' dir='ltr'><strong>sumus</strong></span> <span class='ocrx_word' id='word_1_518' title='bbox 3276 2071 3386 2126; x_wconf 84' lang='lat' dir='ltr'><strong>Deo</strong></span> <span class='ocrx_word' id='word_1_519' title='bbox 3433 2071 3486 2128; x_wconf 88' lang='lat' dir='ltr'><strong>in</strong></span> 
     </span>
    </p>
   </div>
   <div class='ocr_carea' id='block_1_61' title="bbox 1919 2159 2671 2231">
    <p class='ocr_par' dir='ltr' id='par_1_61' title="bbox 1919 2159 2671 2231">
     <span class='ocr_line' id='line_1_61' title="bbox 1919 2159 2671 2231; baseline -0.005 -16"><span class='ocrx_word' id='word_1_520' title='bbox 1919 2161 2067 2215; x_wconf 87' lang='lat' dir='ltr'><strong>omni</strong></span> <span class='ocrx_word' id='word_1_521' title='bbox 2096 2160 2215 2218; x_wconf 89' lang='lat' dir='ltr'><strong>loco</strong></span> <span class='ocrx_word' id='word_1_522' title='bbox 2237 2160 2352 2231; x_wconf 73' lang='lat' dir='ltr'><strong>(Il.</strong></span> <span class='ocrx_word' id='word_1_523' title='bbox 2381 2159 2503 2215; x_wconf 84' lang='lat' dir='ltr'><strong>Cor.</strong></span> <span class='ocrx_word' id='word_1_524' title='bbox 2537 2160 2617 2231; x_wconf 76' lang='grc' dir='ltr'><strong>ιι).</strong></span> <span class='ocrx_word' id='word_1_525' title='bbox 2650 2175 2671 2211; x_wconf 70' lang='grc' dir='ltr'><strong>ι</strong></span> 
     </span>
    </p>
   </div>
   <div class='ocr_carea' id='block_1_62' title="bbox 1999 2251 3487 2324">
    <p class='ocr_par' dir='ltr' id='par_1_62' title="bbox 1999 2251 3487 2324">
     <span class='ocr_line' id='line_1_62' title="bbox 1999 2251 3487 2324; baseline 0.003 -20"><span class='ocrx_word' id='word_1_526' title='bbox 1999 2272 2018 2304; x_wconf 82' lang='grc'><em>‹</em></span> <span class='ocrx_word' id='word_1_527' title='bbox 2047 2252 2114 2308; x_wconf 85' lang='grc' dir='ltr'>Ει</span> <span class='ocrx_word' id='word_1_528' title='bbox 2138 2253 2242 2308; x_wconf 89' lang='lat' dir='ltr'><strong>erit</strong></span> <span class='ocrx_word' id='word_1_529' title='bbox 2269 2252 2526 2307; x_wconf 85' lang='lat' dir='ltr'><strong>Dominus</strong></span> <span class='ocrx_word' id='word_1_530' title='bbox 2552 2251 2860 2308; x_wconf 91' lang='lat' dir='ltr'><strong>nominatus</strong></span> <span class='ocrx_word' id='word_1_531' title='bbox 2887 2253 2940 2307; x_wconf 91' lang='lat' dir='ltr'><strong>in</strong></span> <span class='ocrx_word' id='word_1_532' title='bbox 2968 2253 3176 2324; x_wconf 89' lang='lat' dir='ltr'><strong>signum</strong></span> <span class='ocrx_word' id='word_1_533' title='bbox 3203 2262 3487 2319; x_wconf 68' lang='lat' dir='ltr'><strong>aeternum,</strong></span> 
     </span>
    </p>
   </div>
   <div class='ocr_carea' id='block_1_63' title="bbox 1923 2341 3489 2414">
    <p class='ocr_par' dir='ltr' id='par_1_63' title="bbox 1923 2341 3489 2414">
     <span class='ocr_line' id='line_1_63' title="bbox 1923 2341 3489 2414; baseline 0.002 -18"><span class='ocrx_word' id='word_1_534' title='bbox 1923 2343 2065 2413; x_wconf 88' lang='lat' dir='ltr'><strong>quod</strong></span> <span class='ocrx_word' id='word_1_535' title='bbox 2095 2359 2200 2397; x_wconf 92' lang='lat' dir='ltr'><strong>non</strong></span> <span class='ocrx_word' id='word_1_536' title='bbox 2229 2341 2526 2397; x_wconf 81' lang='lat' dir='ltr'><strong>auferetur.</strong></span> <span class='ocrx_word' id='word_1_537' title='bbox 2566 2361 2584 2395; x_wconf 75' lang='grc' dir='ltr'><strong><em>ι</em></strong></span> <span class='ocrx_word' id='word_1_538' title='bbox 2617 2341 2772 2406; x_wconf 92' lang='lat' dir='ltr'><strong>Cum,</strong></span> <span class='ocrx_word' id='word_1_539' title='bbox 2802 2341 2992 2412; x_wconf 89' lang='lat' dir='ltr'><strong>inquit,</strong></span> <span class='ocrx_word' id='word_1_540' title='bbox 3025 2343 3366 2398; x_wconf 89' lang='lat' dir='ltr'><strong>ascenderint</strong></span> <span class='ocrx_word' id='word_1_541' title='bbox 3390 2359 3489 2414; x_wconf 86' lang='lat' dir='ltr'><strong>pro</strong></span> 
     </span>
    </p>
   </div>
   <div class='ocr_carea' id='block_1_64' title="bbox 1925 2434 3488 2504">
    <p class='ocr_par' dir='ltr' id='par_1_64' title="bbox 1925 2434 3488 2504">
     <span class='ocr_line' id='line_1_64' title="bbox 1925 2434 3488 2504; baseline 0.002 -15"><span class='ocrx_word' id='word_1_542' title='bbox 1925 2435 2229 2490; x_wconf 88' lang='lat' dir='ltr'><strong>inﬁdelibus</strong></span> <span class='ocrx_word' id='word_1_543' title='bbox 2260 2434 2466 2500; x_wconf 86' lang='lat' dir='ltr'><strong>ﬁdeles,</strong></span> <span class='ocrx_word' id='word_1_544' title='bbox 2493 2444 2547 2489; x_wconf 91' lang='lat' dir='ltr'><strong>et</strong></span> <span class='ocrx_word' id='word_1_545' title='bbox 2571 2435 2842 2491; x_wconf 89' lang='lat' dir='ltr'><strong>creverint</strong></span> <span class='ocrx_word' id='word_1_546' title='bbox 2875 2450 2972 2504; x_wconf 86' lang='lat' dir='ltr'><strong>pro</strong></span> <span class='ocrx_word' id='word_1_547' title='bbox 2995 2435 3294 2491; x_wconf 85' lang='lat' dir='ltr'><strong>libidinosis</strong></span> <span class='ocrx_word' id='word_1_548' title='bbox 3317 2446 3372 2491; x_wconf 89' lang='lat' dir='ltr'><strong>et</strong></span> <span class='ocrx_word' id='word_1_549' title='bbox 3393 2452 3488 2492; x_wconf 83' lang='lat' dir='ltr'><strong>cu-</strong></span> 
     </span>
    </p>
   </div>
   <div class='ocr_carea' id='block_1_65' title="bbox 1923 2525 3489 2600">
    <p class='ocr_par' dir='ltr' id='par_1_65' title="bbox 1923 2525 3489 2600">
     <span class='ocr_line' id='line_1_65' title="bbox 1923 2525 3489 2600; baseline 0.001 -21"><span class='ocrx_word' id='word_1_550' title='bbox 1923 2525 2066 2594; x_wconf 91' lang='lat' dir='ltr'><strong>pidis</strong></span> <span class='ocrx_word' id='word_1_551' title='bbox 2092 2525 2251 2600; x_wconf 79' lang='lat' dir='ltr'><strong>casti,</strong></span> <span class='ocrx_word' id='word_1_552' title='bbox 2278 2533 2335 2579; x_wconf 93' lang='lat' dir='ltr'><strong>et</strong></span> <span class='ocrx_word' id='word_1_553' title='bbox 2359 2533 2756 2594; x_wconf 88' lang='lat' dir='ltr'><strong>contemptores</strong></span> <span class='ocrx_word' id='word_1_554' title='bbox 2794 2525 3100 2580; x_wconf 87' lang='lat' dir='ltr'><strong>divitiarum</strong></span> <span class='ocrx_word' id='word_1_555' title='bbox 3131 2543 3146 2581; x_wconf 89' lang='lat'><strong>:</strong></span> <span class='ocrx_word' id='word_1_556' title='bbox 3172 2528 3277 2584; x_wconf 91' lang='lat' dir='ltr'><strong>erit</strong></span> <span class='ocrx_word' id='word_1_557' title='bbox 3307 2527 3489 2583; x_wconf 85' lang='lat' dir='ltr'><strong>Domi-</strong></span> 
     </span>
    </p>
   </div>
   <div class='ocr_carea' id='block_1_66' title="bbox 1925 2616 3488 2692">
    <p class='ocr_par' dir='ltr' id='par_1_66' title="bbox 1925 2616 3488 2692">
     <span class='ocr_line' id='line_1_66' title="bbox 1925 2616 3488 2692; baseline 0.005 -21"><span class='ocrx_word' id='word_1_558' title='bbox 1925 2632 2029 2673; x_wconf 87' lang='lat' dir='ltr'><strong>nus</strong></span> <span class='ocrx_word' id='word_1_559' title='bbox 2055 2616 2360 2672; x_wconf 87' lang='lat' dir='ltr'><strong>nominatus</strong></span> <span class='ocrx_word' id='word_1_560' title='bbox 2402 2617 2458 2670; x_wconf 91' lang='lat' dir='ltr'><strong>in</strong></span> <span class='ocrx_word' id='word_1_561' title='bbox 2498 2625 2610 2672; x_wconf 89' lang='lat' dir='ltr'><strong>toto</strong></span> <span class='ocrx_word' id='word_1_562' title='bbox 2640 2617 2838 2672; x_wconf 90' lang='lat' dir='ltr'><strong>mundo</strong></span> <span class='ocrx_word' id='word_1_563' title='bbox 2881 2618 2937 2672; x_wconf 90' lang='lat' dir='ltr'><strong>in</strong></span> <span class='ocrx_word' id='word_1_564' title='bbox 2968 2620 3179 2691; x_wconf 89' lang='lat' dir='ltr'><strong>signum</strong></span> <span class='ocrx_word' id='word_1_565' title='bbox 3203 2630 3488 2692; x_wconf 74' lang='lat' dir='ltr'><strong>teternum,</strong></span> 
     </span>
    </p>
   </div>
   <div class='ocr_carea' id='block_1_67' title="bbox 1925 2707 3490 2784">
    <p class='ocr_par' dir='ltr' id='par_1_67' title="bbox 1925 2707 3490 2784">
     <span class='ocr_line' id='line_1_67' title="bbox 1925 2707 3490 2784; baseline 0.007 -21"><span class='ocrx_word' id='word_1_566' title='bbox 1925 2709 2052 2780; x_wconf 89' lang='lat' dir='ltr'><strong>quia</strong></span> <span class='ocrx_word' id='word_1_567' title='bbox 2073 2724 2105 2763; x_wconf 90' lang='lat' dir='ltr'><strong>a</strong></span> <span class='ocrx_word' id='word_1_568' title='bbox 2122 2707 2341 2765; x_wconf 88' lang='lat' dir='ltr'><strong>Chr-isto</strong></span> <span class='ocrx_word' id='word_1_569' title='bbox 2363 2709 2656 2765; x_wconf 88' lang='lat' dir='ltr'><strong>Christiani</strong></span> <span class='ocrx_word' id='word_1_570' title='bbox 2683 2711 2954 2778; x_wconf 89' lang='lat' dir='ltr'><strong>dicuntur,</strong></span> <span class='ocrx_word' id='word_1_571' title='bbox 2981 2714 3124 2783; x_wconf 87' lang='lat' dir='ltr'><strong>quod</strong></span> <span class='ocrx_word' id='word_1_572' title='bbox 3151 2715 3362 2784; x_wconf 90' lang='lat' dir='ltr'><strong>signum</strong></span> <span class='ocrx_word' id='word_1_573' title='bbox 3399 2732 3490 2774; x_wconf 79' lang='lat' dir='ltr'><strong>sa-</strong></span> 
     </span>
    </p>
   </div>
   <div class='ocr_carea' id='block_1_68' title="bbox 1925 2799 3492 2865">
    <p class='ocr_par' dir='ltr' id='par_1_68' title="bbox 1925 2799 3492 2865">
     <span class='ocr_line' id='line_1_68' title="bbox 1925 2799 3492 2865; baseline 0.007 -11"><span class='ocrx_word' id='word_1_574' title='bbox 1925 2799 2055 2857; x_wconf 82' lang='lat' dir='ltr'><strong>lutis</strong></span> <span class='ocrx_word' id='word_1_575' title='bbox 2083 2817 2189 2857; x_wconf 91' lang='lat' dir='ltr'><strong>non</strong></span> <span class='ocrx_word' id='word_1_576' title='bbox 2228 2801 2506 2857; x_wconf 82' lang='lat' dir='ltr'><strong>auferetur</strong></span> <span class='ocrx_word' id='word_1_577' title='bbox 2543 2817 2573 2856; x_wconf 91' lang='lat' dir='ltr'><strong>a</strong></span> <span class='ocrx_word' id='word_1_578' title='bbox 2616 2803 2870 2859; x_wconf 88' lang='lat' dir='ltr'><strong>cordibus</strong></span> <span class='ocrx_word' id='word_1_579' title='bbox 2909 2803 3164 2861; x_wconf 92' lang='lat' dir='ltr'><strong>ﬁdelium.</strong></span> <span class='ocrx_word' id='word_1_580' title='bbox 3199 2807 3312 2864; x_wconf 83' lang='lat' dir='ltr'><strong>Hoc</strong></span> <span class='ocrx_word' id='word_1_581' title='bbox 3347 2809 3492 2865; x_wconf 88' lang='lat' dir='ltr'><strong>enim</strong></span> 
     </span>
    </p>
   </div>
   <div class='ocr_carea' id='block_1_69' title="bbox 1926 2895 3492 2967">
    <p class='ocr_par' dir='ltr' id='par_1_69' title="bbox 1926 2895 3492 2967">
     <span class='ocr_line' id='line_1_69' title="bbox 1926 2895 3492 2967; baseline 0.006 -15"><span class='ocrx_word' id='word_1_582' title='bbox 1926 2896 2102 2967; x_wconf 88' lang='lat' dir='ltr'><strong>signo,</strong></span> <span class='ocrx_word' id='word_1_583' title='bbox 2130 2896 2182 2952; x_wconf 91' lang='lat' dir='ltr'><strong>id</strong></span> <span class='ocrx_word' id='word_1_584' title='bbox 2218 2904 2300 2952; x_wconf 89' lang='lat' dir='ltr'><strong>est</strong></span> <span class='ocrx_word' id='word_1_585' title='bbox 2343 2897 2560 2952; x_wconf 89' lang='lat' dir='ltr'><strong>nomine</strong></span> <span class='ocrx_word' id='word_1_586' title='bbox 2587 2895 2811 2962; x_wconf 88' lang='lat' dir='ltr'><strong>Christi,</strong></span> <span class='ocrx_word' id='word_1_587' title='bbox 2833 2909 2993 2954; x_wconf 87' lang='lat' dir='ltr'><strong>erunt</strong></span> <span class='ocrx_word' id='word_1_588' title='bbox 3024 2899 3264 2967; x_wconf 77' lang='lat' dir='ltr'><strong>insigniti</strong></span> <span class='ocrx_word' id='word_1_589' title='bbox 3303 2915 3492 2961; x_wconf 80' lang='lat' dir='ltr'><strong>omnes</strong></span> 
     </span>
    </p>
   </div>
   <div class='ocr_carea' id='block_1_70' title="bbox 1927 2985 2793 3058">
    <p class='ocr_par' dir='ltr' id='par_1_70' title="bbox 1927 2985 2793 3058">
     <span class='ocr_line' id='line_1_70' title="bbox 1927 2985 2793 3058; baseline -0.002 -14"><span class='ocrx_word' id='word_1_590' title='bbox 1927 2985 2113 3044; x_wconf 87' lang='lat' dir='ltr'><strong>ﬁdeles</strong></span> <span class='ocrx_word' id='word_1_591' title='bbox 2136 3001 2307 3058; x_wconf 88' lang='lat' dir='ltr'><strong>usque</strong></span> <span class='ocrx_word' id='word_1_592' title='bbox 2331 2986 2399 3041; x_wconf 88' lang='lat' dir='ltr'><strong>ad</strong></span> <span class='ocrx_word' id='word_1_593' title='bbox 2423 2986 2564 3042; x_wconf 88' lang='lat' dir='ltr'><strong>diem</strong></span> <span class='ocrx_word' id='word_1_594' title='bbox 2585 2986 2793 3058; x_wconf 89' lang='lat' dir='ltr'><strong>judicii.</strong></span> 
     </span>
    </p>
   </div>
   <div class='ocr_carea' id='block_1_71' title="bbox 2512 3135 2908 3199">
    <p class='ocr_par' dir='ltr' id='par_1_71' title="bbox 2512 3135 2908 3199">
     <span class='ocr_line' id='line_1_71' title="bbox 2512 3135 2908 3199; baseline -0.003 0"><span class='ocrx_word' id='word_1_595' title='bbox 2512 3135 2739 3199; x_wconf 81' lang='lat' dir='ltr'><strong>CAPUT</strong></span> <span class='ocrx_word' id='word_1_596' title='bbox 2777 3135 2908 3198; x_wconf 78' lang='lat' dir='ltr'><strong>LVI.</strong></span> 
     </span>
    </p>
   </div>
   <div class='ocr_carea' id='block_1_72' title="bbox 1997 3253 3498 3325">
    <p class='ocr_par' dir='ltr' id='par_1_72' title="bbox 1997 3253 3498 3325">
     <span class='ocr_line' id='line_1_72' title="bbox 1997 3253 3498 3325; baseline 0.002 -15"><span class='ocrx_word' id='word_1_597' title='bbox 1997 3274 2022 3310; x_wconf 61' lang='grc' dir='ltr'><em>ις</em></span> <span class='ocrx_word' id='word_1_598' title='bbox 2053 3253 2181 3311; x_wconf 68' lang='lat' dir='ltr'><strong>Haec</strong></span> <span class='ocrx_word' id='word_1_599' title='bbox 2207 3254 2339 3310; x_wconf 90' lang='lat' dir='ltr'><strong>dicit</strong></span> <span class='ocrx_word' id='word_1_600' title='bbox 2363 3253 2623 3310; x_wconf 90' lang='lat' dir='ltr'><strong>Dominus</strong></span> <span class='ocrx_word' id='word_1_601' title='bbox 2648 3271 2661 3309; x_wconf 87' lang='lat'><strong>:</strong></span> <span class='ocrx_word' id='word_1_602' title='bbox 2687 3253 2964 3312; x_wconf 90' lang='lat' dir='ltr'><strong>Custodite</strong></span> <span class='ocrx_word' id='word_1_603' title='bbox 2979 3255 3264 3325; x_wconf 89' lang='lat' dir='ltr'><strong>judicium,</strong></span> <span class='ocrx_word' id='word_1_604' title='bbox 3289 3276 3306 3309; x_wconf 73' lang='grc' dir='ltr'><strong>ι</strong></span> <span class='ocrx_word' id='word_1_605' title='bbox 3337 3257 3390 3312; x_wconf 91' lang='lat' dir='ltr'><strong>id</strong></span> <span class='ocrx_word' id='word_1_606' title='bbox 3415 3267 3498 3313; x_wconf 89' lang='lat' dir='ltr'><strong>est</strong></span> 
     </span>
    </p>
   </div>
   <div class='ocr_carea' id='block_1_73' title="bbox 1928 3339 3496 3414">
    <p class='ocr_par' dir='ltr' id='par_1_73' title="bbox 1928 3339 3496 3414">
     <span class='ocr_line' id='line_1_73' title="bbox 1928 3339 3496 3414; baseline 0.001 -16"><span class='ocrx_word' id='word_1_607' title='bbox 1928 3359 2116 3399; x_wconf 88' lang='lat' dir='ltr'><strong>omnes</strong></span> <span class='ocrx_word' id='word_1_608' title='bbox 2137 3341 2417 3413; x_wconf 72' lang='lat' dir='ltr'><strong>aequaliter</strong></span> <span class='ocrx_word' id='word_1_609' title='bbox 2433 3339 2692 3410; x_wconf 90' lang='lat' dir='ltr'><strong>judicate,</strong></span> <span class='ocrx_word' id='word_1_610' title='bbox 2718 3358 2822 3398; x_wconf 92' lang='lat' dir='ltr'><strong>non</strong></span> <span class='ocrx_word' id='word_1_611' title='bbox 2849 3345 3188 3399; x_wconf 86' lang='lat' dir='ltr'><strong>attendentes</strong></span> <span class='ocrx_word' id='word_1_612' title='bbox 3211 3359 3496 3414; x_wconf 87' lang='lat' dir='ltr'><strong>personam</strong></span> 
     </span>
    </p>
   </div>
   <div class='ocr_carea' id='block_1_74' title="bbox 1927 3432 3496 3505">
    <p class='ocr_par' dir='ltr' id='par_1_74' title="bbox 1927 3432 3496 3505">
     <span class='ocr_line' id='line_1_74' title="bbox 1927 3432 3496 3505; baseline 0.001 -16"><span class='ocrx_word' id='word_1_613' title='bbox 1927 3435 1982 3490; x_wconf 90' lang='lat' dir='ltr'><strong>in</strong></span> <span class='ocrx_word' id='word_1_614' title='bbox 2008 3432 2214 3504; x_wconf 84' lang='lat' dir='ltr'><strong>judicio</strong></span> <span class='ocrx_word' id='word_1_615' title='bbox 2256 3434 2528 3504; x_wconf 84' lang='lat' dir='ltr'><strong>pauperis.</strong></span> <span class='ocrx_word' id='word_1_616' title='bbox 2559 3432 2712 3500; x_wconf 82' lang='lat' dir='ltr'><strong>Quod</strong></span> <span class='ocrx_word' id='word_1_617' title='bbox 2732 3441 2914 3488; x_wconf 81' lang='lat' dir='ltr'><strong>autem</strong></span> <span class='ocrx_word' id='word_1_618' title='bbox 2940 3433 3235 3505; x_wconf 84' lang='lat' dir='ltr'><strong>subjungit,</strong></span> <span class='ocrx_word' id='word_1_619' title='bbox 3272 3454 3289 3488; x_wconf 76' lang='grc' dir='ltr'>ι</span> <span class='ocrx_word' id='word_1_620' title='bbox 3335 3434 3496 3492; x_wconf 87' lang='lat' dir='ltr'><strong>facite</strong></span> 
     </span>
    </p>
   </div>
   <div class='ocr_carea' id='block_1_75' title="bbox 1921 3523 3499 3598">
    <p class='ocr_par' dir='ltr' id='par_1_75' title="bbox 1921 3523 3499 3598">
     <span class='ocr_line' id='line_1_75' title="bbox 1921 3523 3499 3598; baseline 0.003 -19"><span class='ocrx_word' id='word_1_621' title='bbox 1921 3524 2207 3596; x_wconf 88' lang='lat' dir='ltr'><strong>justitiam,</strong></span> <span class='ocrx_word' id='word_1_622' title='bbox 2241 3543 2259 3576; x_wconf 68' lang='grc' dir='ltr'><strong><em>ι</em></strong></span> <span class='ocrx_word' id='word_1_623' title='bbox 2288 3539 2386 3594; x_wconf 85' lang='lat' dir='ltr'><strong>per</strong></span> <span class='ocrx_word' id='word_1_624' title='bbox 2411 3523 2673 3593; x_wconf 83' lang='lat' dir='ltr'><strong>justitiam</strong></span> <span class='ocrx_word' id='word_1_625' title='bbox 2702 3525 2960 3581; x_wconf 89' lang='lat' dir='ltr'><strong>debemus</strong></span> <span class='ocrx_word' id='word_1_626' title='bbox 2986 3525 3281 3598; x_wconf 88' lang='lat' dir='ltr'><strong>intelligere</strong></span> <span class='ocrx_word' id='word_1_627' title='bbox 3307 3542 3499 3583; x_wconf 84' lang='lat' dir='ltr'><strong>omnes</strong></span> 
     </span>
    </p>
   </div>
   <div class='ocr_carea' id='block_1_76' title="bbox 1927 3613 3497 3686">
    <p class='ocr_par' dir='ltr' id='par_1_76' title="bbox 1927 3613 3497 3686">
     <span class='ocr_line' id='line_1_76' title="bbox 1927 3613 3497 3686; baseline 0.001 -17"><span class='ocrx_word' id='word_1_628' title='bbox 1927 3617 2156 3671; x_wconf 87' lang='lat' dir='ltr'><strong>virtutes</strong></span> <span class='ocrx_word' id='word_1_629' title='bbox 2193 3630 2314 3685; x_wconf 76' lang='lat' dir='ltr'><strong>qua:</strong></span> <span class='ocrx_word' id='word_1_630' title='bbox 2345 3614 2645 3685; x_wconf 88' lang='lat' dir='ltr'><strong>justiﬁcant</strong></span> <span class='ocrx_word' id='word_1_631' title='bbox 2681 3613 2885 3669; x_wconf 88' lang='lat' dir='ltr'><strong>electos</strong></span> <span class='ocrx_word' id='word_1_632' title='bbox 2922 3613 3035 3668; x_wconf 92' lang='lat' dir='ltr'><strong>Dei.</strong></span> <span class='ocrx_word' id='word_1_633' title='bbox 3065 3615 3134 3669; x_wconf 89' lang='lat' dir='ltr'><strong>Et</strong></span> <span class='ocrx_word' id='word_1_634' title='bbox 3175 3631 3342 3686; x_wconf 90' lang='lat' dir='ltr'><strong>quare</strong></span> <span class='ocrx_word' id='word_1_635' title='bbox 3394 3617 3497 3672; x_wconf 84' lang='lat' dir='ltr'><strong>ista</strong></span> 
     </span>
    </p>
   </div>
   <div class='ocr_carea' id='block_1_77' title="bbox 1928 3704 3496 3778">
    <p class='ocr_par' dir='ltr' id='par_1_77' title="bbox 1928 3704 3496 3778">
     <span class='ocr_line' id='line_1_77' title="bbox 1928 3704 3496 3778; baseline 0.001 -17"><span class='ocrx_word' id='word_1_636' title='bbox 1928 3707 2217 3778; x_wconf 74' lang='lat' dir='ltr'><strong>praecipio?</strong></span> <span class='ocrx_word' id='word_1_637' title='bbox 2251 3725 2270 3758; x_wconf 84' lang='grc'><em>‹</em></span> <span class='ocrx_word' id='word_1_638' title='bbox 2299 3704 2434 3772; x_wconf 86' lang='lat' dir='ltr'><strong>Quia</strong></span> <span class='ocrx_word' id='word_1_639' title='bbox 2457 3704 2612 3774; x_wconf 80' lang='lat' dir='ltr'><strong>juxta</strong></span> <span class='ocrx_word' id='word_1_640' title='bbox 2636 3714 2721 3762; x_wconf 90' lang='lat' dir='ltr'><strong>est</strong></span> <span class='ocrx_word' id='word_1_641' title='bbox 2747 3705 2893 3760; x_wconf 86' lang='lat' dir='ltr'><strong>salus</strong></span> <span class='ocrx_word' id='word_1_642' title='bbox 2914 3720 3054 3770; x_wconf 90' lang='lat' dir='ltr'><strong>mea,</strong></span> <span class='ocrx_word' id='word_1_643' title='bbox 3082 3714 3142 3760; x_wconf 94' lang='lat' dir='ltr'><strong>ut</strong></span> <span class='ocrx_word' id='word_1_644' title='bbox 3162 3707 3362 3771; x_wconf 88' lang='lat' dir='ltr'><strong>veniat,</strong></span> <span class='ocrx_word' id='word_1_645' title='bbox 3397 3727 3416 3760; x_wconf 76' lang='grc' dir='ltr'><strong><em>ι</em></strong></span> <span class='ocrx_word' id='word_1_646' title='bbox 3445 3707 3496 3763; x_wconf 92' lang='lat' dir='ltr'><strong>id</strong></span> 
     </span>
    </p>
   </div>
   <div class='ocr_carea' id='block_1_78' title="bbox 1927 3797 3498 3870">
    <p class='ocr_par' dir='ltr' id='par_1_78' title="bbox 1927 3797 3498 3870">
     <span class='ocr_line' id='line_1_78' title="bbox 1927 3797 3498 3870; baseline 0 -15"><span class='ocrx_word' id='word_1_647' title='bbox 1927 3808 2032 3864; x_wconf 86' lang='lat' dir='ltr'><strong>est,</strong></span> <span class='ocrx_word' id='word_1_648' title='bbox 2069 3799 2123 3854; x_wconf 91' lang='lat' dir='ltr'><strong>in</strong></span> <span class='ocrx_word' id='word_1_649' title='bbox 2158 3801 2402 3870; x_wconf 79' lang='lat' dir='ltr'><strong>proximo</strong></span> <span class='ocrx_word' id='word_1_650' title='bbox 2447 3807 2533 3854; x_wconf 89' lang='lat' dir='ltr'><strong>est</strong></span> <span class='ocrx_word' id='word_1_651' title='bbox 2582 3807 2643 3853; x_wconf 92' lang='lat' dir='ltr'><strong>ut</strong></span> <span class='ocrx_word' id='word_1_652' title='bbox 2688 3799 2869 3852; x_wconf 88' lang='lat' dir='ltr'><strong>veniat</strong></span> <span class='ocrx_word' id='word_1_653' title='bbox 2916 3798 3085 3854; x_wconf 89' lang='lat' dir='ltr'><strong>Filius</strong></span> <span class='ocrx_word' id='word_1_654' title='bbox 3137 3814 3290 3854; x_wconf 89' lang='lat' dir='ltr'><strong>meus</strong></span> <span class='ocrx_word' id='word_1_655' title='bbox 3341 3797 3498 3856; x_wconf 72' lang='lat' dir='ltr'><strong>Iesus</strong></span> 
     </span>
    </p>
   </div>
   <div class='ocr_carea' id='block_1_79' title="bbox 1927 3888 3496 3961">
    <p class='ocr_par' dir='ltr' id='par_1_79' title="bbox 1927 3888 3496 3961">
     <span class='ocr_line' id='line_1_79' title="bbox 1927 3888 3496 3961; baseline -0.001 -16"><span class='ocrx_word' id='word_1_656' title='bbox 1927 3891 2071 3960; x_wconf 86' lang='lat' dir='ltr'><strong>quod</strong></span> <span class='ocrx_word' id='word_1_657' title='bbox 2099 3890 2484 3961; x_wconf 81' lang='lat' dir='ltr'><strong>interpretatur</strong></span> <span class='ocrx_word' id='word_1_658' title='bbox 2521 3888 2792 3953; x_wconf 88' lang='lat' dir='ltr'><strong>Salvator,</strong></span> <span class='ocrx_word' id='word_1_659' title='bbox 2814 3901 2880 3942; x_wconf 90' lang='lat' dir='ltr'><strong>eo</strong></span> <span class='ocrx_word' id='word_1_660' title='bbox 2907 3888 3050 3957; x_wconf 89' lang='lat' dir='ltr'><strong>quod</strong></span> <span class='ocrx_word' id='word_1_661' title='bbox 3086 3905 3106 3939; x_wconf 72' lang='grc' dir='ltr'><strong><em>ι</em></strong></span> <span class='ocrx_word' id='word_1_662' title='bbox 3139 3888 3306 3943; x_wconf 87' lang='lat' dir='ltr'><strong>salvet</strong></span> <span class='ocrx_word' id='word_1_663' title='bbox 3329 3903 3496 3959; x_wconf 86' lang='lat' dir='ltr'><strong>popu-</strong></span> 
     </span>
    </p>
   </div>
   <div class='ocr_carea' id='block_1_80' title="bbox 1927 3978 3496 4052">
    <p class='ocr_par' dir='ltr' id='par_1_80' title="bbox 1927 3978 3496 4052">
     <span class='ocr_line' id='line_1_80' title="bbox 1927 3978 3496 4052; baseline 0 -18"><span class='ocrx_word' id='word_1_664' title='bbox 1927 3981 2038 4035; x_wconf 90' lang='lat' dir='ltr'><strong>lum</strong></span> <span class='ocrx_word' id='word_1_665' title='bbox 2054 3995 2209 4036; x_wconf 85' lang='lat' dir='ltr'><strong>suurn</strong></span> <span class='ocrx_word' id='word_1_666' title='bbox 2233 3997 2262 4035; x_wconf 92' lang='lat' dir='ltr'><strong>a</strong></span> <span class='ocrx_word' id='word_1_667' title='bbox 2284 3979 2742 4052; x_wconf 80' lang='lat' dir='ltr'><strong>peccatis(Mauh.</strong></span> <span class='ocrx_word' id='word_1_668' title='bbox 2758 3980 2818 4050; x_wconf 85' lang='grc' dir='ltr'><strong>ι),</strong></span> <span class='ocrx_word' id='word_1_669' title='bbox 2833 3999 2851 4031; x_wconf 73' lang='grc' dir='ltr'><strong><em>ι</em></strong></span> <span class='ocrx_word' id='word_1_670' title='bbox 2885 3997 2903 4030; x_wconf 80' lang='lat' dir='ltr'><strong>r</strong></span> <span class='ocrx_word' id='word_1_671' title='bbox 2924 3987 2978 4033; x_wconf 92' lang='lat' dir='ltr'><strong>et</strong></span> <span class='ocrx_word' id='word_1_672' title='bbox 2999 3993 3162 4049; x_wconf 88' lang='lat' dir='ltr'><strong>prope</strong></span> <span class='ocrx_word' id='word_1_673' title='bbox 3182 3988 3266 4033; x_wconf 91' lang='lat' dir='ltr'><strong>est</strong></span> <span class='ocrx_word' id='word_1_674' title='bbox 3285 3978 3496 4049; x_wconf 84' lang='lat' dir='ltr'><strong>justitia</strong></span> 
     </span>
    </p>
   </div>
   <div class='ocr_carea' id='block_1_81' title="bbox 1929 4069 3494 4140">
    <p class='ocr_par' dir='ltr' id='par_1_81' title="bbox 1929 4069 3494 4140">
     <span class='ocr_line' id='line_1_81' title="bbox 1929 4069 3494 4140; baseline -0.002 -13"><span class='ocrx_word' id='word_1_675' title='bbox 1929 4087 2050 4127; x_wconf 89' lang='lat' dir='ltr'><strong>mea</strong></span> <span class='ocrx_word' id='word_1_676' title='bbox 2075 4091 2093 4123; x_wconf 69' lang='grc' dir='ltr'><strong><em>ι</em></strong></span> <span class='ocrx_word' id='word_1_677' title='bbox 2122 4081 2182 4127; x_wconf 94' lang='lat' dir='ltr'><strong>ut</strong></span> <span class='ocrx_word' id='word_1_678' title='bbox 2206 4071 2470 4128; x_wconf 87' lang='lat' dir='ltr'><strong>reveletur</strong></span> <span class='ocrx_word' id='word_1_679' title='bbox 2493 4086 2590 4127; x_wconf 90' lang='lat' dir='ltr'><strong>suo</strong></span> <span class='ocrx_word' id='word_1_680' title='bbox 2611 4080 2870 4140; x_wconf 89' lang='lat' dir='ltr'><strong>tempore,</strong></span> <span class='ocrx_word' id='word_1_681' title='bbox 2889 4069 3043 4140; x_wconf 82' lang='lat' dir='ltr'><strong>juxta</strong></span> <span class='ocrx_word' id='word_1_682' title='bbox 3069 4070 3197 4126; x_wconf 93' lang='lat' dir='ltr'><strong>illud</strong></span> <span class='ocrx_word' id='word_1_683' title='bbox 3221 4070 3494 4140; x_wconf 87' lang='lat' dir='ltr'><strong>Apostoli:</strong></span> 
     </span>
    </p>
   </div>
   <div class='ocr_carea' id='block_1_82' title="bbox 1935 4162 3500 4234">
    <p class='ocr_par' dir='ltr' id='par_1_82' title="bbox 1935 4162 3500 4234">
     <span class='ocr_line' id='line_1_82' title="bbox 1935 4162 3500 4234; baseline 0.002 -18"><span class='ocrx_word' id='word_1_684' title='bbox 1935 4183 1955 4216; x_wconf 69' lang='grc' dir='ltr'>ι</span> <span class='ocrx_word' id='word_1_685' title='bbox 1998 4164 2286 4234; x_wconf 80' lang='lat' dir='ltr'><strong>Postquam</strong></span> <span class='ocrx_word' id='word_1_686' title='bbox 2339 4163 2484 4218; x_wconf 85' lang='lat' dir='ltr'><strong>venit</strong></span> <span class='ocrx_word' id='word_1_687' title='bbox 2525 4163 2801 4233; x_wconf 87' lang='lat' dir='ltr'><strong>plenitudo</strong></span> <span class='ocrx_word' id='word_1_688' title='bbox 2850 4163 3125 4234; x_wconf 91' lang='lat' dir='ltr'><strong>temporis,</strong></span> <span class='ocrx_word' id='word_1_689' title='bbox 3165 4163 3314 4218; x_wconf 87' lang='lat' dir='ltr'><strong>misit</strong></span> <span class='ocrx_word' id='word_1_690' title='bbox 3355 4162 3500 4220; x_wconf 76' lang='lat' dir='ltr'><strong>Deus</strong></span> 
     </span>
    </p>
   </div>
   <div class='ocr_carea' id='block_1_83' title="bbox 1931 4257 3497 4331">
    <p class='ocr_par' dir='ltr' id='par_1_83' title="bbox 1931 4257 3497 4331">
     <span class='ocr_line' id='line_1_83' title="bbox 1931 4257 3497 4331; baseline 0 -17"><span class='ocrx_word' id='word_1_691' title='bbox 1931 4259 2123 4314; x_wconf 87' lang='lat' dir='ltr'><strong>Filium</strong></span> <span class='ocrx_word' id='word_1_692' title='bbox 2159 4274 2314 4314; x_wconf 89' lang='lat' dir='ltr'><strong>suurn</strong></span> <span class='ocrx_word' id='word_1_693' title='bbox 2345 4258 2488 4328; x_wconf 82' lang='lat' dir='ltr'><strong>(Cal.</strong></span> <span class='ocrx_word' id='word_1_694' title='bbox 2527 4261 2621 4329; x_wconf 90' lang='lat' dir='ltr'><strong>rv).</strong></span> <span class='ocrx_word' id='word_1_695' title='bbox 2658 4277 2677 4310; x_wconf 73' lang='grc' dir='ltr'><strong><em>ι</em></strong></span> <span class='ocrx_word' id='word_1_696' title='bbox 2711 4257 2868 4314; x_wconf 89' lang='lat' dir='ltr'><strong>Salus</strong></span> <span class='ocrx_word' id='word_1_697' title='bbox 2895 4260 2986 4314; x_wconf 90' lang='lat' dir='ltr'><strong>Dei</strong></span> <span class='ocrx_word' id='word_1_698' title='bbox 3016 4259 3194 4314; x_wconf 88' lang='lat' dir='ltr'><strong>Patris</strong></span> <span class='ocrx_word' id='word_1_699' title='bbox 3219 4271 3273 4314; x_wconf 89' lang='lat' dir='ltr'><strong>et</strong></span> <span class='ocrx_word' id='word_1_700' title='bbox 3290 4260 3497 4331; x_wconf 89' lang='lat' dir='ltr'><strong>justitia</strong></span> 
     </span>
    </p>
   </div>
   <div class='ocr_carea' id='block_1_84' title="bbox 1931 4347 3500 4417">
    <p class='ocr_par' dir='ltr' id='par_1_84' title="bbox 1931 4347 3500 4417">
     <span class='ocr_line' id='line_1_84' title="bbox 1931 4347 3500 4417; baseline 0.001 -15"><span class='ocrx_word' id='word_1_701' title='bbox 1931 4348 2100 4402; x_wconf 84' lang='lat' dir='ltr'><strong>Filius</strong></span> <span class='ocrx_word' id='word_1_702' title='bbox 2124 4356 2228 4414; x_wconf 87' lang='lat' dir='ltr'><strong>est,</strong></span> <span class='ocrx_word' id='word_1_703' title='bbox 2258 4348 2384 4417; x_wconf 85' lang='lat' dir='ltr'><strong>quia</strong></span> <span class='ocrx_word' id='word_1_704' title='bbox 2431 4362 2530 4417; x_wconf 88' lang='lat' dir='ltr'><strong>per</strong></span> <span class='ocrx_word' id='word_1_705' title='bbox 2556 4347 2726 4417; x_wconf 91' lang='lat' dir='ltr'><strong>ipsum</strong></span> <span class='ocrx_word' id='word_1_706' title='bbox 2752 4347 2922 4402; x_wconf 88' lang='lat' dir='ltr'><strong>salvat</strong></span> <span class='ocrx_word' id='word_1_707' title='bbox 2947 4357 3002 4401; x_wconf 90' lang='lat' dir='ltr'><strong>et</strong></span> <span class='ocrx_word' id='word_1_708' title='bbox 3023 4347 3285 4416; x_wconf 86' lang='lat' dir='ltr'><strong>justiﬁcat</strong></span> <span class='ocrx_word' id='word_1_709' title='bbox 3313 4365 3500 4406; x_wconf 89' lang='lat' dir='ltr'><strong>omnes</strong></span> 
     </span>
    </p>
   </div>
   <div class='ocr_carea' id='block_1_85' title="bbox 1931 4440 2148 4494">
    <p class='ocr_par' dir='ltr' id='par_1_85' title="bbox 1931 4440 2148 4494">
     <span class='ocr_line' id='line_1_85' title="bbox 1931 4440 2148 4494; baseline -0.005 0"><span class='ocrx_word' id='word_1_710' title='bbox 1931 4440 2148 4494; x_wconf 84' lang='lat' dir='ltr'><strong>electos.</strong></span> 
     </span>
    </p>
   </div>
   <div class='ocr_carea' id='block_1_86' title="bbox 2008 4529 3499 4600">
    <p class='ocr_par' dir='ltr' id='par_1_86' title="bbox 2008 4529 3499 4600">
     <span class='ocr_line' id='line_1_86' title="bbox 2008 4529 3499 4600; baseline 0.004 -18"><span class='ocrx_word' id='word_1_711' title='bbox 2008 4549 2028 4582; x_wconf 73' lang='grc' dir='ltr'>ι</span> <span class='ocrx_word' id='word_1_712' title='bbox 2063 4531 2262 4586; x_wconf 87' lang='lat' dir='ltr'><strong>Beatus</strong></span> <span class='ocrx_word' id='word_1_713' title='bbox 2288 4531 2370 4585; x_wconf 88' lang='lat' dir='ltr'><strong>vir</strong></span> <span class='ocrx_word' id='word_1_714' title='bbox 2391 4530 2481 4600; x_wconf 92' lang='lat' dir='ltr'><strong>qui</strong></span> <span class='ocrx_word' id='word_1_715' title='bbox 2508 4529 2639 4585; x_wconf 89' lang='lat' dir='ltr'><strong>facit</strong></span> <span class='ocrx_word' id='word_1_716' title='bbox 2663 4531 2789 4597; x_wconf 89' lang='lat' dir='ltr'><strong>hoc,</strong></span> <span class='ocrx_word' id='word_1_717' title='bbox 2819 4550 2838 4582; x_wconf 64' lang='grc' dir='ltr'><strong>θ</strong></span> <span class='ocrx_word' id='word_1_718' title='bbox 2872 4531 3126 4586; x_wconf 89' lang='lat' dir='ltr'><strong>subaudis</strong></span> <span class='ocrx_word' id='word_1_719' title='bbox 3145 4529 3410 4600; x_wconf 86' lang='lat' dir='ltr'><strong>judicium</strong></span> <span class='ocrx_word' id='word_1_720' title='bbox 3443 4543 3499 4588; x_wconf 91' lang='lat' dir='ltr'><strong>et</strong></span> 
     </span>
    </p>
   </div>
   <div class='ocr_carea' id='block_1_87' title="bbox 262 4602 1824 4694">
    <p class='ocr_par' dir='ltr' id='par_1_87' title="bbox 262 4615 1824 4685">
     <span class='ocr_line' id='line_1_87' title="bbox 262 4615 1824 4685; baseline -0.002 -13"><span class='ocrx_word' id='word_1_721' title='bbox 262 4618 520 4672; x_wconf 89' lang='lat' dir='ltr'><strong>virtutum</strong></span> <span class='ocrx_word' id='word_1_722' title='bbox 553 4625 766 4672; x_wconf 86' lang='lat' dir='ltr'><strong>montes</strong></span> <span class='ocrx_word' id='word_1_723' title='bbox 793 4615 1128 4684; x_wconf 87' lang='lat' dir='ltr'><strong>appellantur</strong></span> <span class='ocrx_word' id='word_1_724' title='bbox 1149 4625 1203 4670; x_wconf 92' lang='lat' dir='ltr'><strong>et</strong></span> <span class='ocrx_word' id='word_1_725' title='bbox 1228 4615 1410 4680; x_wconf 87' lang='lat' dir='ltr'><strong>colles,</strong></span> <span class='ocrx_word' id='word_1_726' title='bbox 1435 4624 1488 4670; x_wconf 90' lang='lat' dir='ltr'><strong>et</strong></span> <span class='ocrx_word' id='word_1_727' title='bbox 1508 4616 1740 4685; x_wconf 89' lang='lat' dir='ltr'><strong>gaudent</strong></span> <span class='ocrx_word' id='word_1_728' title='bbox 1764 4616 1824 4669; x_wconf 81' lang='lat' dir='ltr'><strong>de</strong></span> 
     </span>
    </p>
   </div>
   <div class='ocr_carea' id='block_1_88' title="bbox 1926 4602 3500 4694">
    <p class='ocr_par' dir='ltr' id='par_1_88' title="bbox 1927 4619 3500 4694">
     <span class='ocr_line' id='line_1_88' title="bbox 1927 4619 3500 4694; baseline 0.001 -18"><span class='ocrx_word' id='word_1_729' title='bbox 1927 4622 2215 4694; x_wconf 90' lang='lat' dir='ltr'><strong>justitiam,</strong></span> <span class='ocrx_word' id='word_1_730' title='bbox 2242 4628 2298 4676; x_wconf 88' lang='lat' dir='ltr'><strong>et</strong></span> <span class='ocrx_word' id='word_1_731' title='bbox 2323 4635 2446 4675; x_wconf 91' lang='lat' dir='ltr'><strong>cum</strong></span> <span class='ocrx_word' id='word_1_732' title='bbox 2471 4620 2794 4675; x_wconf 89' lang='lat' dir='ltr'><strong>discretione</strong></span> <span class='ocrx_word' id='word_1_733' title='bbox 2817 4621 2998 4676; x_wconf 88' lang='lat' dir='ltr'><strong>omnia</strong></span> <span class='ocrx_word' id='word_1_734' title='bbox 3027 4619 3174 4675; x_wconf 86' lang='lat' dir='ltr'><strong>facit.</strong></span> <span class='ocrx_word' id='word_1_735' title='bbox 3211 4639 3230 4672; x_wconf 78' lang='grc' dir='ltr'>ι</span> <span class='ocrx_word' id='word_1_736' title='bbox 3267 4622 3334 4676; x_wconf 84' lang='grc' dir='ltr'><strong>Ει</strong></span> <span class='ocrx_word' id='word_1_737' title='bbox 3360 4622 3500 4677; x_wconf 90' lang='lat' dir='ltr'><strong>ﬁlius</strong></span> 
     </span>
    </p>
   </div>
   <div class='ocr_carea' id='block_1_89' title="bbox 263 4706 1827 4777">
    <p class='ocr_par' dir='ltr' id='par_1_89' title="bbox 263 4706 1827 4777">
     <span class='ocr_line' id='line_1_89' title="bbox 263 4706 1827 4777; baseline -0.004 -13"><span class='ocrx_word' id='word_1_738' title='bbox 263 4709 439 4764; x_wconf 83' lang='lat' dir='ltr'><strong>salute</strong></span> <span class='ocrx_word' id='word_1_739' title='bbox 472 4709 751 4777; x_wconf 88' lang='lat' dir='ltr'><strong>utriusque</strong></span> <span class='ocrx_word' id='word_1_740' title='bbox 775 4707 977 4777; x_wconf 89' lang='lat' dir='ltr'><strong>populi.</strong></span> <span class='ocrx_word' id='word_1_741' title='bbox 1007 4707 1082 4760; x_wconf 92' lang='lat' dir='ltr'><strong>De</strong></span> <span class='ocrx_word' id='word_1_742' title='bbox 1106 4707 1300 4774; x_wconf 87' lang='lat' dir='ltr'><strong>quibus</strong></span> <span class='ocrx_word' id='word_1_743' title='bbox 1331 4706 1590 4760; x_wconf 88' lang='lat' dir='ltr'><strong>Dominus</strong></span> <span class='ocrx_word' id='word_1_744' title='bbox 1615 4706 1746 4761; x_wconf 90' lang='lat' dir='ltr'><strong>dicit</strong></span> <span class='ocrx_word' id='word_1_745' title='bbox 1775 4706 1827 4760; x_wconf 84' lang='lat' dir='ltr'><strong>iu</strong></span> 
     </span>
    </p>
   </div>
   <div class='ocr_carea' id='block_1_90' title="bbox 259 4796 1828 4872">
    <p class='ocr_par' dir='ltr' id='par_1_90' title="bbox 259 4796 1828 4872">
     <span class='ocr_line' id='line_1_90' title="bbox 259 4796 1828 4872; baseline -0.004 -14"><span class='ocrx_word' id='word_1_746' title='bbox 259 4802 552 4872; x_wconf 79' lang='lat' dir='ltr'><strong>Evangelio</strong></span> <span class='ocrx_word' id='word_1_747' title='bbox 584 4819 598 4855; x_wconf 91' lang='lat'><strong>:</strong></span> <span class='ocrx_word' id='word_1_748' title='bbox 628 4818 648 4852; x_wconf 76' lang='grc' dir='ltr'>ι</span> <span class='ocrx_word' id='word_1_749' title='bbox 680 4800 814 4868; x_wconf 87' lang='lat' dir='ltr'><strong>Quia</strong></span> <span class='ocrx_word' id='word_1_750' title='bbox 844 4798 1094 4868; x_wconf 88' lang='lat' dir='ltr'><strong>gaudium</strong></span> <span class='ocrx_word' id='word_1_751' title='bbox 1121 4806 1205 4852; x_wconf 88' lang='lat' dir='ltr'><strong>est</strong></span> <span class='ocrx_word' id='word_1_752' title='bbox 1229 4796 1281 4852; x_wconf 89' lang='lat' dir='ltr'><strong>in</strong></span> <span class='ocrx_word' id='word_1_753' title='bbox 1329 4796 1467 4852; x_wconf 86' lang='lat' dir='ltr'><strong>coelo</strong></span> <span class='ocrx_word' id='word_1_754' title='bbox 1505 4796 1708 4868; x_wconf 86' lang='lat' dir='ltr'><strong>angelis</strong></span> <span class='ocrx_word' id='word_1_755' title='bbox 1735 4796 1828 4852; x_wconf 91' lang='lat' dir='ltr'><strong>Dei</strong></span> 
     </span>
    </p>
   </div>
   <div class='ocr_carea' id='block_1_91' title="bbox 253 4891 1822 4966">
    <p class='ocr_par' dir='ltr' id='par_1_91' title="bbox 253 4891 1822 4966">
     <span class='ocr_line' id='line_1_91' title="bbox 253 4891 1822 4966; baseline -0.004 -15"><span class='ocrx_word' id='word_1_756' title='bbox 253 4910 426 4966; x_wconf 69' lang='lat' dir='ltr'><strong>super</strong></span> <span class='ocrx_word' id='word_1_757' title='bbox 446 4911 551 4950; x_wconf 88' lang='lat' dir='ltr'><strong>uno</strong></span> <span class='ocrx_word' id='word_1_758' title='bbox 579 4902 862 4965; x_wconf 81' lang='lat' dir='ltr'><strong>peccatore</strong></span> <span class='ocrx_word' id='word_1_759' title='bbox 881 4892 1255 4962; x_wconf 74' lang='lat' dir='ltr'><strong>ptenitentiam</strong></span> <span class='ocrx_word' id='word_1_760' title='bbox 1281 4900 1470 4962; x_wconf 87' lang='lat' dir='ltr'><strong>agente</strong></span> <span class='ocrx_word' id='word_1_761' title='bbox 1492 4891 1641 4962; x_wconf 77' lang='lat' dir='ltr'><strong>(Luc.</strong></span> <span class='ocrx_word' id='word_1_762' title='bbox 1661 4891 1771 4960; x_wconf 81' lang='lat' dir='ltr'><strong>xv).</strong></span> <span class='ocrx_word' id='word_1_763' title='bbox 1803 4912 1822 4944; x_wconf 70' lang='grc' dir='ltr'><strong>ι</strong></span> 
     </span>
    </p>
   </div>
   <div class='ocr_carea' id='block_1_92' title="bbox 226 4984 1828 5056">
    <p class='ocr_par' dir='ltr' id='par_1_92' title="bbox 226 4984 1828 5056">
     <span class='ocr_line' id='line_1_92' title="bbox 226 4984 1828 5056; baseline -0.003 -12"><span class='ocrx_word' id='word_1_764' title='bbox 226 4989 417 5056; x_wconf 81' lang='lat' dir='ltr'><strong>-Quod</strong></span> <span class='ocrx_word' id='word_1_765' title='bbox 453 4996 633 5042; x_wconf 90' lang='lat' dir='ltr'><strong>autem</strong></span> <span class='ocrx_word' id='word_1_766' title='bbox 684 4985 974 5054; x_wconf 83' lang='lat' dir='ltr'><strong>subjungit,</strong></span> <span class='ocrx_word' id='word_1_767' title='bbox 1011 5004 1029 5035; x_wconf 85' lang='grc'><em>‹</em></span> <span class='ocrx_word' id='word_1_768' title='bbox 1075 4993 1128 5039; x_wconf 90' lang='lat' dir='ltr'><strong>et</strong></span> <span class='ocrx_word' id='word_1_769' title='bbox 1177 4985 1358 5038; x_wconf 89' lang='lat' dir='ltr'><strong>omnia</strong></span> <span class='ocrx_word' id='word_1_770' title='bbox 1405 4984 1546 5052; x_wconf 87' lang='lat' dir='ltr'><strong>ligna</strong></span> <span class='ocrx_word' id='word_1_771' title='bbox 1592 4985 1828 5054; x_wconf 87' lang='lat' dir='ltr'><strong>regionis</strong></span> 
     </span>
    </p>
   </div>
   <div class='ocr_carea' id='block_1_93' title="bbox 263 5075 1828 5150">
    <p class='ocr_par' dir='ltr' id='par_1_93' title="bbox 263 5075 1828 5150">
     <span class='ocr_line' id='line_1_93' title="bbox 263 5075 1828 5150; baseline -0.004 -16"><span class='ocrx_word' id='word_1_772' title='bbox 263 5079 519 5150; x_wconf 87' lang='lat' dir='ltr'><strong>plaudent</strong></span> <span class='ocrx_word' id='word_1_773' title='bbox 546 5093 726 5142; x_wconf 90' lang='lat' dir='ltr'><strong>manu,</strong></span> <span class='ocrx_word' id='word_1_774' title='bbox 759 5097 777 5129; x_wconf 73' lang='grc' dir='ltr'>ι</span> <span class='ocrx_word' id='word_1_775' title='bbox 804 5076 869 5130; x_wconf 92' lang='lat' dir='ltr'><strong>de</strong></span> <span class='ocrx_word' id='word_1_776' title='bbox 899 5075 1238 5130; x_wconf 90' lang='lat' dir='ltr'><strong>multitudine</strong></span> <span class='ocrx_word' id='word_1_777' title='bbox 1260 5075 1494 5145; x_wconf 83' lang='lat' dir='ltr'><strong>gentium</strong></span> <span class='ocrx_word' id='word_1_778' title='bbox 1519 5084 1572 5129; x_wconf 86' lang='lat' dir='ltr'><strong>et</strong></span> <span class='ocrx_word' id='word_1_779' title='bbox 1596 5075 1828 5130; x_wconf 74' lang='lat' dir='ltr'><strong>ﬁdelium</strong></span> 
     </span>
    </p>
   </div>
   <div class='ocr_carea' id='block_1_94' title="bbox 267 5163 1829 5238">
    <p class='ocr_par' dir='ltr' id='par_1_94' title="bbox 267 5163 1829 5238">
     <span class='ocr_line' id='line_1_94' title="bbox 267 5163 1829 5238; baseline -0.005 -12"><span class='ocrx_word' id='word_1_780' title='bbox 267 5170 669 5238; x_wconf 86' lang='lat' dir='ltr'><strong>intelligendum</strong></span> <span class='ocrx_word' id='word_1_781' title='bbox 699 5176 804 5232; x_wconf 91' lang='lat' dir='ltr'><strong>est,</strong></span> <span class='ocrx_word' id='word_1_782' title='bbox 833 5181 952 5235; x_wconf 82' lang='lat' dir='ltr'><strong>quae</strong></span> <span class='ocrx_word' id='word_1_783' title='bbox 985 5165 1210 5236; x_wconf 84' lang='lat' dir='ltr'><strong>gentiles</strong></span> <span class='ocrx_word' id='word_1_784' title='bbox 1253 5165 1546 5234; x_wconf 80' lang='lat' dir='ltr'><strong>prtecessit.</strong></span> <span class='ocrx_word' id='word_1_785' title='bbox 1591 5163 1829 5229; x_wconf 88' lang='lat' dir='ltr'><strong>Quarum</strong></span> 
     </span>
    </p>
   </div>
   <div class='ocr_carea' id='block_1_95' title="bbox 266 5253 1829 5327">
    <p class='ocr_par' dir='ltr' id='par_1_95' title="bbox 266 5253 1829 5327">
     <span class='ocr_line' id='line_1_95' title="bbox 266 5253 1829 5327; baseline -0.004 -11"><span class='ocrx_word' id='word_1_786' title='bbox 266 5278 372 5316; x_wconf 90' lang='lat' dir='ltr'><strong>una</strong></span> <span class='ocrx_word' id='word_1_787' title='bbox 415 5259 666 5314; x_wconf 88' lang='lat' dir='ltr'><strong>arborum</strong></span> <span class='ocrx_word' id='word_1_788' title='bbox 703 5259 820 5311; x_wconf 82' lang='lat' dir='ltr'><strong>ait:</strong></span> <span class='ocrx_word' id='word_1_789' title='bbox 852 5277 871 5308; x_wconf 73' lang='lat' dir='ltr'><strong>r</strong></span> <span class='ocrx_word' id='word_1_790' title='bbox 902 5258 1013 5327; x_wconf 86' lang='lat' dir='ltr'><strong>Ego</strong></span> <span class='ocrx_word' id='word_1_791' title='bbox 1053 5265 1232 5310; x_wconf 89' lang='lat' dir='ltr'><strong>autem</strong></span> <span class='ocrx_word' id='word_1_792' title='bbox 1275 5255 1415 5310; x_wconf 90' lang='lat' dir='ltr'><strong>sicut</strong></span> <span class='ocrx_word' id='word_1_793' title='bbox 1459 5255 1598 5310; x_wconf 87' lang='lat' dir='ltr'><strong>oliva</strong></span> <span class='ocrx_word' id='word_1_794' title='bbox 1638 5253 1829 5310; x_wconf 86' lang='lat' dir='ltr'><strong>fructi-</strong></span> 
     </span>
    </p>
   </div>
   <div class='ocr_carea' id='block_1_96' title="bbox 267 5345 1830 5417">
    <p class='ocr_par' dir='ltr' id='par_1_96' title="bbox 267 5345 1830 5417">
     <span class='ocr_line' id='line_1_96' title="bbox 267 5345 1830 5417; baseline -0.004 -10"><span class='ocrx_word' id='word_1_795' title='bbox 267 5353 383 5407; x_wconf 85' lang='lat' dir='ltr'><strong>fera</strong></span> <span class='ocrx_word' id='word_1_796' title='bbox 412 5351 465 5404; x_wconf 91' lang='lat' dir='ltr'><strong>in</strong></span> <span class='ocrx_word' id='word_1_797' title='bbox 505 5349 662 5404; x_wconf 90' lang='lat' dir='ltr'><strong>domo</strong></span> <span class='ocrx_word' id='word_1_798' title='bbox 701 5349 816 5413; x_wconf 91' lang='lat' dir='ltr'><strong>Dei,</strong></span> <span class='ocrx_word' id='word_1_799' title='bbox 849 5348 1059 5417; x_wconf 88' lang='lat' dir='ltr'><strong>speravi</strong></span> <span class='ocrx_word' id='word_1_800' title='bbox 1111 5347 1164 5401; x_wconf 91' lang='lat' dir='ltr'><strong>in</strong></span> <span class='ocrx_word' id='word_1_801' title='bbox 1211 5346 1421 5401; x_wconf 90' lang='lat' dir='ltr'><strong>Domini</strong></span> <span class='ocrx_word' id='word_1_802' title='bbox 1465 5345 1830 5402; x_wconf 86' lang='lat' dir='ltr'><strong>misericordia</strong></span> 
     </span>
    </p>
   </div>
   <div class='ocr_carea' id='block_1_97' title="bbox 268 5441 621 5513">
    <p class='ocr_par' dir='ltr' id='par_1_97' title="bbox 268 5441 621 5513">
     <span class='ocr_line' id='line_1_97' title="bbox 268 5441 621 5513; baseline -0.011 -17"><span class='ocrx_word' id='word_1_803' title='bbox 268 5441 442 5513; x_wconf 71' lang='lat' dir='ltr'><strong>(Paul.</strong></span> <span class='ocrx_word' id='word_1_804' title='bbox 471 5441 566 5510; x_wconf 80' lang='lat' dir='ltr'><strong>LI).</strong></span> <span class='ocrx_word' id='word_1_805' title='bbox 602 5459 621 5492; x_wconf 76' lang='grc' dir='ltr'><strong>ι</strong></span> 
     </span>
    </p>
   </div>
   <div class='ocr_carea' id='block_1_98' title="bbox 344 5529 1832 5598">
    <p class='ocr_par' dir='ltr' id='par_1_98' title="bbox 344 5529 1832 5598">
     <span class='ocr_line' id='line_1_98' title="bbox 344 5529 1832 5598; baseline -0.001 -15"><span class='ocrx_word' id='word_1_806' title='bbox 344 5552 362 5583; x_wconf 74' lang='grc' dir='ltr'>ι</span> <span class='ocrx_word' id='word_1_807' title='bbox 404 5531 508 5584; x_wconf 88' lang='lat' dir='ltr'><strong>Pro</strong></span> <span class='ocrx_word' id='word_1_808' title='bbox 544 5531 786 5585; x_wconf 86' lang='lat' dir='ltr'><strong>saliunca</strong></span> <span class='ocrx_word' id='word_1_809' title='bbox 827 5531 1079 5584; x_wconf 90' lang='lat' dir='ltr'><strong>ascendet</strong></span> <span class='ocrx_word' id='word_1_810' title='bbox 1111 5529 1276 5592; x_wconf 89' lang='lat' dir='ltr'><strong>abies,</strong></span> <span class='ocrx_word' id='word_1_811' title='bbox 1312 5537 1363 5583; x_wconf 89' lang='lat' dir='ltr'><strong>et</strong></span> <span class='ocrx_word' id='word_1_812' title='bbox 1391 5543 1492 5598; x_wconf 89' lang='lat' dir='ltr'><strong>pro</strong></span> <span class='ocrx_word' id='word_1_813' title='bbox 1515 5530 1685 5584; x_wconf 89' lang='lat' dir='ltr'><strong>urtica</strong></span> <span class='ocrx_word' id='word_1_814' title='bbox 1717 5543 1832 5583; x_wconf 87' lang='lat' dir='ltr'><strong>cre-</strong></span> 
     </span>
    </p>
   </div>
   <div class='ocr_carea' id='block_1_99' title="bbox 269 5620 1834 5695">
    <p class='ocr_par' dir='ltr' id='par_1_99' title="bbox 269 5620 1834 5695">
     <span class='ocr_line' id='line_1_99' title="bbox 269 5620 1834 5695; baseline -0.005 -15"><span class='ocrx_word' id='word_1_815' title='bbox 269 5635 383 5680; x_wconf 87' lang='lat' dir='ltr'><strong>scet</strong></span> <span class='ocrx_word' id='word_1_816' title='bbox 425 5634 650 5695; x_wconf 86' lang='lat' dir='ltr'><strong>myrtus.</strong></span> <span class='ocrx_word' id='word_1_817' title='bbox 686 5641 708 5677; x_wconf 73' lang='grc' dir='ltr'>ι</span> <span class='ocrx_word' id='word_1_818' title='bbox 759 5621 1064 5676; x_wconf 88' lang='lat' dir='ltr'><strong>Saliuncula</strong></span> <span class='ocrx_word' id='word_1_819' title='bbox 1104 5620 1216 5675; x_wconf 91' lang='lat' dir='ltr'><strong>sive</strong></span> <span class='ocrx_word' id='word_1_820' title='bbox 1257 5620 1493 5676; x_wconf 90' lang='lat' dir='ltr'><strong>saliunca</strong></span> <span class='ocrx_word' id='word_1_821' title='bbox 1548 5621 1710 5674; x_wconf 85' lang='lat' dir='ltr'><strong>herba</strong></span> <span class='ocrx_word' id='word_1_822' title='bbox 1751 5628 1834 5673; x_wconf 79' lang='lat' dir='ltr'><strong>est</strong></span> 
     </span>
    </p>
   </div>
   <div class='ocr_carea' id='block_1_100' title="bbox 269 5710 1832 5786">
    <p class='ocr_par' dir='ltr' id='par_1_100' title="bbox 269 5710 1832 5786">
     <span class='ocr_line' id='line_1_100' title="bbox 269 5710 1832 5786; baseline -0.004 -18"><span class='ocrx_word' id='word_1_823' title='bbox 269 5714 424 5786; x_wconf 89' lang='lat' dir='ltr'><strong>plena</strong></span> <span class='ocrx_word' id='word_1_824' title='bbox 461 5713 662 5769; x_wconf 88' lang='lat' dir='ltr'><strong>aculeis</strong></span> <span class='ocrx_word' id='word_1_825' title='bbox 706 5721 760 5768; x_wconf 88' lang='lat' dir='ltr'><strong>et</strong></span> <span class='ocrx_word' id='word_1_826' title='bbox 810 5711 1208 5782; x_wconf 89' lang='lat' dir='ltr'><strong>punctionibus.</strong></span> <span class='ocrx_word' id='word_1_827' title='bbox 1246 5711 1408 5765; x_wconf 81' lang='lat' dir='ltr'><strong>Abies</strong></span> <span class='ocrx_word' id='word_1_828' title='bbox 1449 5725 1580 5766; x_wconf 86' lang='lat' dir='ltr'><strong>vero</strong></span> <span class='ocrx_word' id='word_1_829' title='bbox 1631 5710 1737 5764; x_wconf 73' lang='lat' dir='ltr'><strong>alia</strong></span> <span class='ocrx_word' id='word_1_830' title='bbox 1778 5720 1832 5763; x_wconf 85' lang='lat' dir='ltr'><strong>et</strong></span> 
     </span>
    </p>
   </div>
   <div class='ocr_carea' id='block_1_101' title="bbox 269 5802 1828 5878">
    <p class='ocr_par' dir='ltr' id='par_1_101' title="bbox 269 5802 1828 5878">
     <span class='ocr_line' id='line_1_101' title="bbox 269 5802 1828 5878; baseline -0.006 -16"><span class='ocrx_word' id='word_1_831' title='bbox 269 5819 492 5878; x_wconf 82' lang='lat' dir='ltr'><strong>procera</strong></span> <span class='ocrx_word' id='word_1_832' title='bbox 530 5807 691 5861; x_wconf 83' lang='lat' dir='ltr'><strong>arbor</strong></span> <span class='ocrx_word' id='word_1_833' title='bbox 713 5814 813 5870; x_wconf 88' lang='lat' dir='ltr'><strong>est,</strong></span> <span class='ocrx_word' id='word_1_834' title='bbox 842 5813 895 5860; x_wconf 92' lang='lat' dir='ltr'><strong>et</strong></span> <span class='ocrx_word' id='word_1_835' title='bbox 940 5813 1048 5859; x_wconf 90' lang='lat' dir='ltr'><strong>tam</strong></span> <span class='ocrx_word' id='word_1_836' title='bbox 1089 5803 1154 5857; x_wconf 84' lang='lat' dir='ltr'><strong>ad</strong></span> <span class='ocrx_word' id='word_1_837' title='bbox 1199 5802 1414 5857; x_wconf 90' lang='lat' dir='ltr'><strong>domum</strong></span> <span class='ocrx_word' id='word_1_838' title='bbox 1463 5802 1828 5856; x_wconf 85' lang='lat' dir='ltr'><strong>fabricandam</strong></span> 
     </span>
    </p>
   </div>
   <div class='ocr_carea' id='block_1_102' title="bbox 1935 4713 3496 4784">
    <p class='ocr_par' dir='ltr' id='par_1_102' title="bbox 1935 4713 3496 4784">
     <span class='ocr_line' id='line_1_102' title="bbox 1935 4713 3496 4784; baseline 0.001 -15"><span class='ocrx_word' id='word_1_839' title='bbox 1935 4714 2169 4769; x_wconf 90' lang='lat' dir='ltr'><strong>hominis</strong></span> <span class='ocrx_word' id='word_1_840' title='bbox 2187 4713 2276 4782; x_wconf 91' lang='lat' dir='ltr'><strong>qui</strong></span> <span class='ocrx_word' id='word_1_841' title='bbox 2308 4713 2658 4782; x_wconf 89' lang='lat' dir='ltr'><strong>apprehendit</strong></span> <span class='ocrx_word' id='word_1_842' title='bbox 2685 4713 2848 4778; x_wconf 91' lang='lat' dir='ltr'><strong>istud,</strong></span> <span class='ocrx_word' id='word_1_843' title='bbox 2883 4732 2900 4764; x_wconf 77' lang='grc' dir='ltr'><strong><em>ι</em></strong></span> <span class='ocrx_word' id='word_1_844' title='bbox 2936 4713 3190 4769; x_wconf 87' lang='lat' dir='ltr'><strong>subaudis</strong></span> <span class='ocrx_word' id='word_1_845' title='bbox 3213 4713 3496 4784; x_wconf 88' lang='lat' dir='ltr'><strong>judicium,</strong></span> 
     </span>
    </p>
   </div>
   <div class='ocr_carea' id='block_1_103' title="bbox 1935 4803 3498 4875">
    <p class='ocr_par' dir='ltr' id='par_1_103' title="bbox 1935 4803 3498 4875">
     <span class='ocr_line' id='line_1_103' title="bbox 1935 4803 3498 4875; baseline 0.001 -14"><span class='ocrx_word' id='word_1_846' title='bbox 1935 4807 1988 4861; x_wconf 93' lang='lat' dir='ltr'><strong>id</strong></span> <span class='ocrx_word' id='word_1_847' title='bbox 2007 4805 2190 4875; x_wconf 91' lang='lat' dir='ltr'><strong>estqui</strong></span> <span class='ocrx_word' id='word_1_848' title='bbox 2209 4805 2418 4863; x_wconf 88' lang='lat' dir='ltr'><strong>fortiter</strong></span> <span class='ocrx_word' id='word_1_849' title='bbox 2443 4813 2588 4859; x_wconf 89' lang='lat' dir='ltr'><strong>tenet</strong></span> <span class='ocrx_word' id='word_1_850' title='bbox 2607 4803 2878 4859; x_wconf 90' lang='lat' dir='ltr'><strong>Christum</strong></span> <span class='ocrx_word' id='word_1_851' title='bbox 2892 4805 3160 4859; x_wconf 91' lang='lat' dir='ltr'><strong>credendo</strong></span> <span class='ocrx_word' id='word_1_852' title='bbox 3185 4805 3238 4859; x_wconf 91' lang='lat' dir='ltr'><strong>in</strong></span> <span class='ocrx_word' id='word_1_853' title='bbox 3253 4821 3397 4872; x_wconf 90' lang='lat' dir='ltr'><strong>eum,</strong></span> <span class='ocrx_word' id='word_1_854' title='bbox 3412 4809 3498 4862; x_wconf 84' lang='lat' dir='ltr'><strong>cui</strong></span> 
     </span>
    </p>
   </div>
   <div class='ocr_carea' id='block_1_104' title="bbox 1939 4893 3499 4966">
    <p class='ocr_par' dir='ltr' id='par_1_104' title="bbox 1939 4893 3499 4966">
     <span class='ocr_line' id='line_1_104' title="bbox 1939 4893 3499 4966; baseline 0.002 -19"><span class='ocrx_word' id='word_1_855' title='bbox 1939 4917 1956 4947; x_wconf 83' lang='lat' dir='ltr'><strong>r</strong></span> <span class='ocrx_word' id='word_1_856' title='bbox 1981 4896 2141 4950; x_wconf 87' lang='lat' dir='ltr'><strong>Pater</strong></span> <span class='ocrx_word' id='word_1_857' title='bbox 2159 4912 2318 4950; x_wconf 92' lang='lat' dir='ltr'><strong>omne</strong></span> <span class='ocrx_word' id='word_1_858' title='bbox 2338 4897 2600 4966; x_wconf 89' lang='lat' dir='ltr'><strong>judicium</strong></span> <span class='ocrx_word' id='word_1_859' title='bbox 2632 4895 2777 4949; x_wconf 91' lang='lat' dir='ltr'><strong>dedit</strong></span> <span class='ocrx_word' id='word_1_860' title='bbox 2805 4893 2985 4965; x_wconf 79' lang='lat' dir='ltr'><strong>(Joan.</strong></span> <span class='ocrx_word' id='word_1_861' title='bbox 3011 4895 3086 4965; x_wconf 88' lang='lat' dir='ltr'><strong>v).</strong></span> <span class='ocrx_word' id='word_1_862' title='bbox 3115 4915 3133 4946; x_wconf 71' lang='grc' dir='ltr'><strong><em>ι</em></strong></span> <span class='ocrx_word' id='word_1_863' title='bbox 3170 4894 3305 4950; x_wconf 82' lang='lat' dir='ltr'><strong>Huic</strong></span> <span class='ocrx_word' id='word_1_864' title='bbox 3334 4897 3499 4952; x_wconf 82' lang='lat' dir='ltr'><strong>versi-</strong></span> 
     </span>
    </p>
   </div>
   <div class='ocr_carea' id='block_1_105' title="bbox 1933 4986 3497 5058">
    <p class='ocr_par' dir='ltr' id='par_1_105' title="bbox 1933 4986 3497 5058">
     <span class='ocr_line' id='line_1_105' title="bbox 1933 4986 3497 5058; baseline 0.001 -15"><span class='ocrx_word' id='word_1_865' title='bbox 1933 4989 2058 5043; x_wconf 88' lang='lat' dir='ltr'><strong>culo</strong></span> <span class='ocrx_word' id='word_1_866' title='bbox 2078 4988 2251 5043; x_wconf 90' lang='lat' dir='ltr'><strong>simile</strong></span> <span class='ocrx_word' id='word_1_867' title='bbox 2277 4996 2359 5042; x_wconf 90' lang='lat' dir='ltr'><strong>est</strong></span> <span class='ocrx_word' id='word_1_868' title='bbox 2385 4989 2525 5056; x_wconf 90' lang='lat' dir='ltr'><strong>quod</strong></span> <span class='ocrx_word' id='word_1_869' title='bbox 2554 4987 2686 5042; x_wconf 88' lang='lat' dir='ltr'><strong>dicit</strong></span> <span class='ocrx_word' id='word_1_870' title='bbox 2712 4986 2994 5043; x_wconf 86' lang='lat' dir='ltr'><strong>Psalmista</strong></span> <span class='ocrx_word' id='word_1_871' title='bbox 3022 5007 3034 5041; x_wconf 93' lang='lat'>:</span> <span class='ocrx_word' id='word_1_872' title='bbox 3065 5008 3083 5040; x_wconf 73' lang='grc' dir='ltr'><strong>ε</strong></span> <span class='ocrx_word' id='word_1_873' title='bbox 3106 4987 3254 5043; x_wconf 87' lang='lat' dir='ltr'><strong>Beati</strong></span> <span class='ocrx_word' id='word_1_874' title='bbox 3283 4989 3376 5058; x_wconf 91' lang='lat' dir='ltr'><strong>qui</strong></span> <span class='ocrx_word' id='word_1_875' title='bbox 3401 5006 3497 5044; x_wconf 91' lang='lat' dir='ltr'><strong>eu-</strong></span> 
     </span>
    </p>
   </div>
   <div class='ocr_carea' id='block_1_106' title="bbox 1939 5078 3498 5149">
    <p class='ocr_par' dir='ltr' id='par_1_106' title="bbox 1939 5078 3498 5149">
     <span class='ocr_line' id='line_1_106' title="bbox 1939 5078 3498 5149; baseline -0.001 -14"><span class='ocrx_word' id='word_1_876' title='bbox 1939 5080 2174 5135; x_wconf 90' lang='lat' dir='ltr'><strong>stodiunt</strong></span> <span class='ocrx_word' id='word_1_877' title='bbox 2194 5079 2478 5149; x_wconf 89' lang='lat' dir='ltr'><strong>judicium,</strong></span> <span class='ocrx_word' id='word_1_878' title='bbox 2508 5087 2563 5132; x_wconf 90' lang='lat' dir='ltr'><strong>et</strong></span> <span class='ocrx_word' id='word_1_879' title='bbox 2593 5078 3071 5147; x_wconf 82' lang='lat' dir='ltr'><strong>l&#39;aeiuntjustitiam</strong></span> <span class='ocrx_word' id='word_1_880' title='bbox 3105 5079 3158 5132; x_wconf 92' lang='lat' dir='ltr'><strong>in</strong></span> <span class='ocrx_word' id='word_1_881' title='bbox 3184 5081 3331 5132; x_wconf 92' lang='lat' dir='ltr'><strong>omni</strong></span> <span class='ocrx_word' id='word_1_882' title='bbox 3361 5089 3498 5135; x_wconf 86' lang='lat' dir='ltr'><strong>tem-</strong></span> 
     </span>
    </p>
   </div>
   <div class='ocr_carea' id='block_1_107' title="bbox 1937 5168 3502 5240">
    <p class='ocr_par' dir='ltr' id='par_1_107' title="bbox 1937 5168 3502 5240">
     <span class='ocr_line' id='line_1_107' title="bbox 1937 5168 3502 5240; baseline 0.001 -17"><span class='ocrx_word' id='word_1_883' title='bbox 1937 5186 2066 5240; x_wconf 89' lang='lat' dir='ltr'><strong>pore</strong></span> <span class='ocrx_word' id='word_1_884' title='bbox 2097 5168 2267 5240; x_wconf 74' lang='lat' dir='ltr'><strong>(Psal.</strong></span> <span class='ocrx_word' id='word_1_885' title='bbox 2293 5169 2399 5239; x_wconf 91' lang='lat' dir='ltr'><strong>cv).</strong></span> <span class='ocrx_word' id='word_1_886' title='bbox 2431 5188 2449 5220; x_wconf 71' lang='grc' dir='ltr'><strong><em>ι</em></strong></span> <span class='ocrx_word' id='word_1_887' title='bbox 2484 5170 2596 5223; x_wconf 91' lang='lat' dir='ltr'><strong>Duo</strong></span> <span class='ocrx_word' id='word_1_888' title='bbox 2631 5169 2782 5232; x_wconf 90' lang='lat' dir='ltr'><strong>dicit,</strong></span> <span class='ocrx_word' id='word_1_889' title='bbox 2810 5169 3001 5223; x_wconf 89' lang='lat' dir='ltr'><strong>beatus</strong></span> <span class='ocrx_word' id='word_1_890' title='bbox 3020 5169 3122 5233; x_wconf 92' lang='lat' dir='ltr'><strong>vir,</strong></span> <span class='ocrx_word' id='word_1_891' title='bbox 3144 5179 3200 5223; x_wconf 93' lang='lat' dir='ltr'><strong>et</strong></span> <span class='ocrx_word' id='word_1_892' title='bbox 3221 5169 3412 5224; x_wconf 85' lang='lat' dir='ltr'><strong>beatus</strong></span> <span class='ocrx_word' id='word_1_893' title='bbox 3441 5170 3502 5224; x_wconf 82' lang='lat' dir='ltr'><strong>ﬁ-</strong></span> 
     </span>
    </p>
   </div>
   <div class='ocr_carea' id='block_1_108' title="bbox 1939 5258 3503 5328">
    <p class='ocr_par' dir='ltr' id='par_1_108' title="bbox 1939 5258 3503 5328">
     <span class='ocr_line' id='line_1_108' title="bbox 1939 5258 3503 5328; baseline 0.002 -16"><span class='ocrx_word' id='word_1_894' title='bbox 1939 5261 2040 5314; x_wconf 90' lang='lat' dir='ltr'><strong>lius</strong></span> <span class='ocrx_word' id='word_1_895' title='bbox 2070 5260 2320 5313; x_wconf 87' lang='lat' dir='ltr'><strong>hominis.</strong></span> <span class='ocrx_word' id='word_1_896' title='bbox 2348 5259 2438 5314; x_wconf 91' lang='lat' dir='ltr'><strong>Ille</strong></span> <span class='ocrx_word' id='word_1_897' title='bbox 2477 5258 2642 5328; x_wconf 88' lang='lat' dir='ltr'><strong>igitur</strong></span> <span class='ocrx_word' id='word_1_898' title='bbox 2665 5260 2755 5327; x_wconf 87' lang='lat' dir='ltr'><strong>qui</strong></span> <span class='ocrx_word' id='word_1_899' title='bbox 2778 5259 3004 5312; x_wconf 74' lang='lat' dir='ltr'><strong>viriliter</strong></span> <span class='ocrx_word' id='word_1_900' title='bbox 3023 5258 3076 5312; x_wconf 89' lang='lat' dir='ltr'><strong>in</strong></span> <span class='ocrx_word' id='word_1_901' title='bbox 3099 5260 3365 5315; x_wconf 87' lang='lat' dir='ltr'><strong>mandatis</strong></span> <span class='ocrx_word' id='word_1_902' title='bbox 3399 5261 3503 5315; x_wconf 90' lang='lat' dir='ltr'><strong>Do-</strong></span> 
     </span>
    </p>
   </div>
   <div class='ocr_carea' id='block_1_109' title="bbox 1939 5349 3502 5419">
    <p class='ocr_par' dir='ltr' id='par_1_109' title="bbox 1939 5349 3502 5419">
     <span class='ocr_line' id='line_1_109' title="bbox 1939 5349 3502 5419; baseline 0.003 -16"><span class='ocrx_word' id='word_1_903' title='bbox 1939 5350 2069 5403; x_wconf 88' lang='lat' dir='ltr'><strong>mini</strong></span> <span class='ocrx_word' id='word_1_904' title='bbox 2109 5349 2337 5414; x_wconf 90' lang='lat' dir='ltr'><strong>laborat,</strong></span> <span class='ocrx_word' id='word_1_905' title='bbox 2361 5351 2692 5419; x_wconf 73' lang='lat' dir='ltr'><strong>pra-teritum</strong></span> <span class='ocrx_word' id='word_1_906' title='bbox 2721 5349 3042 5404; x_wconf 81' lang='lat' dir='ltr'><strong>oblivisccns</strong></span> <span class='ocrx_word' id='word_1_907' title='bbox 3077 5359 3132 5403; x_wconf 91' lang='lat' dir='ltr'><strong>et</strong></span> <span class='ocrx_word' id='word_1_908' title='bbox 3172 5350 3224 5404; x_wconf 88' lang='lat' dir='ltr'><strong>in</strong></span> <span class='ocrx_word' id='word_1_909' title='bbox 3261 5349 3502 5408; x_wconf 80' lang='lat' dir='ltr'><strong>futurum</strong></span> 
     </span>
    </p>
   </div>
   <div class='ocr_carea' id='block_1_110' title="bbox 1939 5439 3506 5508">
    <p class='ocr_par' dir='ltr' id='par_1_110' title="bbox 1939 5439 3506 5508">
     <span class='ocr_line' id='line_1_110' title="bbox 1939 5439 3506 5508; baseline 0.001 -14"><span class='ocrx_word' id='word_1_910' title='bbox 1939 5454 1999 5494; x_wconf 83' lang='lat' dir='ltr'><strong>se</strong></span> <span class='ocrx_word' id='word_1_911' title='bbox 2026 5441 2350 5502; x_wconf 84' lang='lat' dir='ltr'><strong>extendens,</strong></span> <span class='ocrx_word' id='word_1_912' title='bbox 2394 5441 2562 5494; x_wconf 87' lang='lat' dir='ltr'><strong>donec</strong></span> <span class='ocrx_word' id='word_1_913' title='bbox 2602 5441 2880 5508; x_wconf 85' lang='lat' dir='ltr'><strong>perveniat</strong></span> <span class='ocrx_word' id='word_1_914' title='bbox 2912 5440 2962 5492; x_wconf 92' lang='lat' dir='ltr'><strong>in</strong></span> <span class='ocrx_word' id='word_1_915' title='bbox 3005 5439 3266 5494; x_wconf 90' lang='lat' dir='ltr'><strong>unitatem</strong></span> <span class='ocrx_word' id='word_1_916' title='bbox 3298 5439 3420 5495; x_wconf 86' lang='lat' dir='ltr'><strong>ﬁdei</strong></span> <span class='ocrx_word' id='word_1_917' title='bbox 3451 5450 3506 5496; x_wconf 87' lang='lat' dir='ltr'><strong>et</strong></span> 
     </span>
    </p>
   </div>
   <div class='ocr_carea' id='block_1_111' title="bbox 1939 5529 3504 5602">
    <p class='ocr_par' dir='ltr' id='par_1_111' title="bbox 1939 5529 3504 5602">
     <span class='ocr_line' id='line_1_111' title="bbox 1939 5529 3504 5602; baseline 0.002 -19"><span class='ocrx_word' id='word_1_918' title='bbox 1939 5531 2263 5602; x_wconf 85' lang='lat' dir='ltr'><strong>agnitionem</strong></span> <span class='ocrx_word' id='word_1_919' title='bbox 2291 5529 2409 5584; x_wconf 85' lang='lat' dir='ltr'><strong>Filii</strong></span> <span class='ocrx_word' id='word_1_920' title='bbox 2436 5531 2548 5596; x_wconf 88' lang='lat' dir='ltr'><strong>Dei,</strong></span> <span class='ocrx_word' id='word_1_921' title='bbox 2579 5549 2594 5579; x_wconf 76' lang='grc' dir='ltr'>ι</span> <span class='ocrx_word' id='word_1_922' title='bbox 2620 5531 2672 5584; x_wconf 89' lang='lat' dir='ltr'><strong>in</strong></span> <span class='ocrx_word' id='word_1_923' title='bbox 2694 5533 2866 5586; x_wconf 89' lang='lat' dir='ltr'><strong>virum</strong></span> <span class='ocrx_word' id='word_1_924' title='bbox 2889 5529 3183 5601; x_wconf 89' lang='lat' dir='ltr'><strong>perfectum</strong></span> <span class='ocrx_word' id='word_1_925' title='bbox 3207 5539 3265 5584; x_wconf 89' lang='lat' dir='ltr'><strong>et</strong></span> <span class='ocrx_word' id='word_1_926' title='bbox 3286 5546 3504 5586; x_wconf 77' lang='lat' dir='ltr'><strong>mensu-</strong></span> 
     </span>
    </p>
   </div>
   <div class='ocr_carea' id='block_1_112' title="bbox 1940 5619 3504 5692">
    <p class='ocr_par' dir='ltr' id='par_1_112' title="bbox 1940 5619 3504 5692">
     <span class='ocr_line' id='line_1_112' title="bbox 1940 5619 3504 5692; baseline 0.001 -18"><span class='ocrx_word' id='word_1_927' title='bbox 1940 5636 2053 5675; x_wconf 90' lang='lat' dir='ltr'><strong>ram</strong></span> <span class='ocrx_word' id='word_1_928' title='bbox 2081 5621 2253 5676; x_wconf 67' lang='lat' dir='ltr'><strong>mtatis</strong></span> <span class='ocrx_word' id='word_1_929' title='bbox 2277 5621 2623 5691; x_wconf 90' lang='lat' dir='ltr'><strong>plenitudinis</strong></span> <span class='ocrx_word' id='word_1_930' title='bbox 2648 5619 2846 5674; x_wconf 84' lang='lat' dir='ltr'><strong>Christi</strong></span> <span class='ocrx_word' id='word_1_931' title='bbox 2871 5621 3085 5691; x_wconf 76' lang='lat' dir='ltr'><strong>(Ep/tes.</strong></span> <span class='ocrx_word' id='word_1_932' title='bbox 3110 5619 3185 5692; x_wconf 89' lang='lat' dir='ltr'><strong>rv)</strong></span> <span class='ocrx_word' id='word_1_933' title='bbox 3207 5640 3226 5673; x_wconf 74' lang='grc' dir='ltr'><strong><em>ι</em></strong></span> <span class='ocrx_word' id='word_1_934' title='bbox 3269 5636 3283 5673; x_wconf 89' lang='lat'><strong>:</strong></span> <span class='ocrx_word' id='word_1_935' title='bbox 3318 5624 3504 5691; x_wconf 88' lang='lat' dir='ltr'><strong>utique</strong></span> 
     </span>
    </p>
   </div>
   <div class='ocr_carea' id='block_1_113' title="bbox 1939 5710 3505 5781">
    <p class='ocr_par' dir='ltr' id='par_1_113' title="bbox 1939 5710 3505 5781">
     <span class='ocr_line' id='line_1_113' title="bbox 1939 5710 3505 5781; baseline -0.003 -13"><span class='ocrx_word' id='word_1_936' title='bbox 1939 5713 2053 5768; x_wconf 90' lang='lat' dir='ltr'><strong>sine</strong></span> <span class='ocrx_word' id='word_1_937' title='bbox 2104 5713 2266 5768; x_wconf 90' lang='lat' dir='ltr'><strong>dubio</strong></span> <span class='ocrx_word' id='word_1_938' title='bbox 2314 5713 2366 5766; x_wconf 92' lang='lat' dir='ltr'><strong>in</strong></span> <span class='ocrx_word' id='word_1_939' title='bbox 2415 5711 2754 5781; x_wconf 87' lang='lat' dir='ltr'><strong>adoptionem</strong></span> <span class='ocrx_word' id='word_1_940' title='bbox 2798 5711 2891 5765; x_wconf 87' lang='lat' dir='ltr'><strong>ﬁlii</strong></span> <span class='ocrx_word' id='word_1_941' title='bbox 2923 5711 3018 5765; x_wconf 91' lang='lat' dir='ltr'><strong>Dei</strong></span> <span class='ocrx_word' id='word_1_942' title='bbox 3061 5710 3356 5766; x_wconf 86' lang='lat' dir='ltr'><strong>merebitur</strong></span> <span class='ocrx_word' id='word_1_943' title='bbox 3382 5727 3505 5780; x_wconf 86' lang='lat' dir='ltr'><strong>per-</strong></span> 
     </span>
    </p>
   </div>
   <div class='ocr_carea' id='block_1_114' title="bbox 1940 5800 3511 5873">
    <p class='ocr_par' dir='ltr' id='par_1_114' title="bbox 1940 5800 3511 5873">
     <span class='ocr_line' id='line_1_114' title="bbox 1940 5800 3511 5873; baseline -0.001 -16"><span class='ocrx_word' id='word_1_944' title='bbox 1940 5804 2143 5858; x_wconf 87' lang='lat' dir='ltr'><strong>venire.</strong></span> <span class='ocrx_word' id='word_1_945' title='bbox 2167 5801 2446 5873; x_wconf 56' lang='lat' dir='ltr'><strong>Sequitur:</strong></span> <span class='ocrx_word' id='word_1_946' title='bbox 2481 5821 2497 5852; x_wconf 74' lang='grc' dir='ltr'>ι</span> <span class='ocrx_word' id='word_1_947' title='bbox 2527 5801 2849 5856; x_wconf 87' lang='lat' dir='ltr'><strong>Custodieus</strong></span> <span class='ocrx_word' id='word_1_948' title='bbox 2879 5801 3180 5865; x_wconf 79' lang='lat' dir='ltr'><strong>sabbatum,</strong></span> <span class='ocrx_word' id='word_1_949' title='bbox 3212 5815 3280 5854; x_wconf 86' lang='lat' dir='ltr'><strong>ne</strong></span> <span class='ocrx_word' id='word_1_950' title='bbox 3306 5800 3511 5868; x_wconf 83' lang='lat' dir='ltr'><strong>polluat</strong></span> 
     </span>
    </p>
   </div>
  </div>
