4016 6452
580 382 717 449 ιειιι

1043 390 1130 447 HA
1143 388 1397 447 YMONIS
1433 387 1907 444 llALBEKSTAT.
1950 384 2141 441 EPISC

2246 384 2355 441 *PP.
2399 386 2576 443 PARS
2615 384 2749 441 1.-
2785 386 3140 443 ΟΟΜΜΕΝΤ.
3182 387 3354 443 BlBL.

3690 391 3826 448 1008

579 506 730 576 illud,
761 492 1066 566 custodiens
1104 522 1295 562 manus
1330 520 1479 568 suas,
1516 501 1585 558 ne
1621 502 1785 557 faciat
1829 514 1988 556 omne
2029 513 2146 552 ma-
2173 506 2220 562 Α
2253 498 2306 553 id
2329 508 2412 552 est
2432 513 2566 567 opus
2592 498 2794 555 bonum
2815 498 3076 555 fecerint:
3100 498 3199 555 sed
3219 512 3474 555 coronam
3500 508 3557 555 et
3578 500 3826 557 brevium

573 600 711 659 lum.
747 621 767 655 ι
801 601 1097 657 Sabbatum
1146 598 1400 662 custodit,
1427 596 1516 665 qui
1554 602 1819 664 praecepta
1858 590 1953 645 Dei
1980 589 2149 645 adimo

575 692 731 765 piens
760 707 790 746 a
818 691 961 747 vitiis
990 690 1239 745 declinat.
1268 684 1611 748 Custodiens,
1641 681 1836 751 inquit,
1868 678 2150 734 sabbatum

576 779 844 839 cessando
880 794 911 835 a
951 778 1099 834 vitiis
1144 792 1211 831 ne
1257 774 1461 846 polluat
1512 772 1672 836 illud,
1708 772 1900 826 beatus
1937 776 2022 822 est
2051 781 2066 819 :
2096 774 2152 819 et

580 873 891 929 custodiens
920 884 1110 926 manus
1137 883 1262 924 suas
1295 882 1326 921 ιι
1352 866 1539 935 rapina
1575 872 1630 918 et
1664 862 1811 918 omni
1844 859 2145 929 iniquitate,

580 981 648 1020 ne
695 962 861 1018 faciat
907 972 1066 1017 omne
1118 959 1342 1023 malum,
1384 957 1437 1012 id
1483 964 1570 1012 est
1615 969 1776 1010 omne
1819 960 2145 1024 peceatum:

578 1053 704 1123 quia
742 1052 834 1123 qui
881 1052 934 1106 in
974 1060 1082 1106 uno
1128 1047 1379 1114 offendit,
1412 1046 1589 1103 factus
1624 1053 1707 1099 est
1744 1043 1981 1098 omnium
2026 1054 2151 1097 reus

579 1139 724 1214 (lac.
755 1144 839 1214 ιι).
1718 1200 1721 1203 ,

655 1255 673 1287 ι
715 1234 783 1289 Ει
806 1238 914 1289 non
941 1232 1087 1287 dicat
1109 1231 1250 1287 ﬁlius
1272 1230 1511 1295 advenm,
1538 1229 1630 1298 qui
1659 1228 1893 1284 adhaeret
1922 1226 2150 1281 Domino

577 1324 765 1379 dicens
806 1341 821 1377 :
872 1320 1226 1391 Separatione
1274 1334 1369 1375 sua
1423 1319 1627 1374 dividet
1683 1333 1772 1372 me
1810 1317 2071 1373 Dominus
2117 1332 2149 1371 a

575 1414 775 1486 populo
800 1429 919 1469 suo.
957 1408 976 1464 ι
1009 1412 1242 1467 Advena:
1273 1410 1611 1480 appellabant
1642 1409 1889 1480 gentiles,
1918 1408 2009 1478 qui
2055 1408 2150 1461 de-

577 1515 823 1561 serentes
836 1504 995 1558 ritum
1018 1501 1336 1573 gentilitatis
1361 1501 1660 1555 transibant
1676 1496 2150 1569 per'circumcisio-

578 1613 702 1652 nem
732 1596 800 1651 ad
832 1595 1187 1658 Judaismum,
1220 1593 1556 1647 adhaerentes
1593 1591 1820 1645 Domino
1854 1605 1952 1660 per
1991 1588 2150 1644 ﬁdem

578 1696 633 1742 et
657 1686 1042 1756 operationem.
1074 1683 1198 1738 llaec
1229 1690 1414 1737 contra
1458 1680 1671 1736 Judacos
1703 1681 1849 1736 dicta
1880 1687 2026 1745 sunt,
2057 1679 2150 1749 qui

2252 587 2580 658 virginitatis
2604 604 2635 643 a
2658 588 2889 643 Domino
2916 584 3199 660 recipient.
3228 588 3525 659 Sequitur:

2328 696 2347 729 ι
2375 678 2499 734 ilice
2520 680 2649 735 dicit
2671 679 2929 736 Dominus
2949 682 3233 748 eunuchis,
3263 702 3283 735 ι
3321 683 3373 738 id
3396 692 3504 749 est,
3534 686 3829 757 virginibus

2258 789 2278 821 ο
2304 770 2397 839 qui
2437 770 2789 826 custodierint
2832 772 3059 827 sabbata
3093 788 3247 835 mea,
3275 792 3292 825 ι
3337 774 3390 829 id
3427 784 3544 841 est,
3578 778 3648 833 ab
3678 780 3828 834 omni

2250 861 2385 915 vitio
2410 862 2746 919 cessaverint
2771 880 2785 916 :
2816 877 2914 932 per
2940 863 3081 932 quod
3107 864 3270 919 homo
3293 865 3523 921 edicitur
3552 867 3697 923 ﬁlius
3716 870 3831 924 dia-

2250 951 2384 1018 boli,
2421 971 2442 1003 ο
2469 960 2524 1006 et
2550 952 2812 1022 elegerint
2843 969 2965 1023 qua:
2998 954 3161 1017 volui,
3188 975 3207 1007 ι
3241 956 3292 1011 id
3319 965 3439 1022 est,
3465 958 3826 1029 virginitatem

2250 1045 2619 1109 servaverint,
2663 1062 2683 1097 ι
2711 1053 2763 1099 et
2804 1045 3075 1101 tenuerint
3118 1044 3293 1102 foedus
3322 1064 3529 1115 meum,
3553 1069 3571 1100 ι
3622 1051 3685 1106 id
3715 1062 3829 1115 est,

2250 1144 2465 1204 pactum
2498 1134 2612 1211 sive
2636 1143 2965 1225 prmceptum
2990 1135 3132 1205 quod
3181 1137 3357 1207 pepigi
3384 1153 3509 1193 cum
3538 1140 3645 1204 eis,
3680 1152 3735 1195 et
3762 1140 3828 1195 il—

2250 1224 2340 1280 iud
2365 1239 2527 1294 opere
2553 1223 2966 1293 adimpleverint
3000 1243 3012 1278 :
3054 1225 3334 1283 studentes
3346 1228 3553 1299 iugiter
3572 1232 3827 1295 orationi,

2242 1310 2396 1380 juxta
2412 1312 2572 1368 illud:
2602 1312 2855 1384 «Oportet
2873 1328 3087 1384 semper
3104 1329 3264 1369 orare
3283 1315 3436 1387 (Luc.
3457 1319 3641 1390 xviii),
3657 1339 3679 1371 ι
3701 1329 3829 1385 etc,

2250 1419 2351 1459 nec
2365 1418 2473 1459 non
2486 1414 2540 1459 et
2559 1404 2689 1459 illud
2704 1404 3108 1459 considerantes
3121 1398 3265 1475 quad
3286 1405 3485 1463 dicitur
3503 1426 3519 1461 :
3546 1427 3567 1460 ι
3592 1395 3729 1465 Sine
3746 1412 3825 1465 in-

2252 1496 2592 1551 termissione
2640 1505 2795 1550 orate
2839 1495 2900 1567 (I
2940 1495 3119 1551 Thess.
3155 1496 3242 1567 v).
3272 1516 3292 1549 ι
3333 1496 3650 1555 Notandum
3710 1504 3825 1572 quia

2250 1601 2357 1641 non
2381 1585 2581 1640 dicitur
2601 1594 2656 1639 et
2678 1585 2941 1656 elegerint
2965 1601 3085 1656 qum
3100 1588 3353 1658 praecepi,
3380 1591 3475 1645 sed
3501 1606 3630 1660 qua:
3652 1593 3824 1648 volui:

2251 1678 2375 1748 quia
2407 1678 2665 1733 Dominus
2693 1678 2929 1733 ostendit
2969 1692 3027 1733 se
3067 1693 3251 1733 amare
3278 1680 3653 1751 virginitatem
3675 1724 3693 1749 ,
3732 1700 3824 1738 nos

575 1779 659 1836 de.
682 1774 960 1834 nobilitate
1000 1775 1293 1845 generisse
1311 1773 1611 1844 jactantes,
1654 1771 1909 1827 dicebant
1948 1769 2147 1827 Christi
2184 1844 2193 1845 ί
2252 1774 2429 1821 tamen
2458 1766 2704 1837 praecipit
2734 1781 2857 1822 eam
2891 1782 3014 1822 cum
3066 1767 3179 1822 ait:
3219 1785 3238 1818 ι
3268 1767 3369 1836 Qui
3405 1779 3592 1840 potest
3644 1788 3825 1843 capere

576 1869 864 1924 adventum
893 1844 1299 1936 nonipertinere
1345 1863 1449 1918 nisi
1494 1863 1828 1918 solummodo
1868 1862 1936 1916 ad
1982 1861 2149 1931 ipsos,
2178 1844 2226 1906 Β
2254 1856 2431 1925 capiat
2457 1855 2675 1927 (Matth.
2697 1856 2835 1926 xxx).
2865 1876 2883 1909 ι
2916 1856 2984 1910 Ει
3003 1857 3328 1927 Apostolus:
3366 1877 3385 1909 ι
3408 1860 3483 1915 De
3512 1861 3825 1932 virginibus.

574 1964 641 2018 de
663 1974 891 2032 quorum
924 1958 1092 2028 stirpe
1132 1957 1397 2028 originem
1439 1962 1667 2024 sumpsnt
1699 1952 1994 2009 secundum
2024 1965 2147 2007 car-

573 2068 718 2108 nem.
766 2052 1006 2120 Quorum
1051 2049 1217 2103 verba
1262 2045 1540 2101 audientes
1576 2042 1804 2113 gentiles
1847 2041 1939 2113 qui
1979 2040 2148 2110 juncti

576 2154 735 2200 erant
760 2144 888 2210 illis,
919 2141 1283 2213 despcrabant
1306 2136 1372 2192 de
1399 2135 1593 2201 salute,
1626 2134 1768 2204 quod
1795 2149 1899 2188 non
1931 2140 2152 2203 possent

569 2237 652 2293 eis
685 2236 957 2307 coniquari
1002 2234 1055 2289 in
1104 2232 1273 2305 gloria
1320 2239 1553 2295 reterns,
1607 2227 1849 2282 dicentes
1882 2226 2149 2295 :Separa-

573 2328 719 2383 tione
743 2327 947 2382 dividet
979 2340 1064 2379 me
1083 2323 1344 2378 Dominus
1368 2336 1397 2374 a
1431 2319 1627 2391 populo
1671 2331 1789 2382 suo,
1835 2330 1957 2370 cum
1983 2328 2146 2370 vene-

571 2421 663 2475 rit.
696 2418 803 2473 Sed
830 2418 881 2472 in
915 2416 1002 2471 illa
1042 2412 1305 2485 spirituali
1351 2409 1761 2482 regeneratione
1791 2421 1897 2462 non
1927 2412 2011 2459 est
2041 2404 2149 2458 dis-

573 2506 744 2561 cretio
788 2519 949 2560 sexus
995 2511 1090 2557 aut
1138 2499 1492 2565 conditionis,
1534 2507 1715 2553 utrum
1766 2493 2039 2552 masculus
2078 2506 2147 2545 an

570 2596 794 2660 femina,
842 2594 980 2650 liber
1019 2608 1088 2647 an
1130 2604 1318 2647 servus
1345 2589 1527 2644 veniat
1569 2589 1639 2644 ad
1684 2587 1944 2651 ﬁdem,et
1973 2583 2148 2655 bapti—

573 2703 695 2746 smo
733 2683 1180 2743 sanctiﬁcationis
1208 2681 1514 2737 mandetur.
1544 2677 1602 2734 In
1623 2678 1770 2734 omni
1808 2678 1954 2732 enim
1990 2683 2148 2748 gente

549 2781 664 2851 ‘qui
708 2779 863 2834 timet
889 2776 1038 2831 illum
1073 2781 1128 2830 et
1155 2780 1412 2843 operatur
1438 2771 1726 2841 justitiam,
1761 2777 2014 2839 acceptus
2063 2775 2148 2824 est

571 2873 647 2928 illi
676 2871 815 2946 (Act.
848 2869 927 2941 ι).
958 2866 1119 2923 Juxta
1154 2866 1289 2922 illud
1322 2864 1563 2937 Apostoli
1592 2879 1607 2918 :
1642 2882 1661 2915 ι
1692 2864 1749 2918 ιιι
1778 2862 1992 2919 Christo
2019 2859 2148 2917 Jesu

571 2983 679 3023 non
708 2975 792 3022 est
828 2962 1044 3019 Iudaeus
1073 2975 1245 3030 neque
1276 2957 1512 3030 gentilis,
1553 2971 1659 3011 non
1699 2963 1781 3011 est
1821 2968 2010 3009 servus
2052 2967 2149 3008 ue-

572 3072 679 3128 que
718 3056 893 3109 liber:
921 3051 1015 3107 sed
1060 3064 1248 3106 omnes
1287 3063 1452 3102 unum
1492 3054 1618 3102 sunt
1647 3044 1789 3117 (Gal.
1815 3045 1919 3115 ιιι).
1954 3062 1973 3095 ι
2007 3044 2148 3110 Qua-

570 3155 796 3223 propter
825 3142 1137 3201 consolatur
1158 3139 1426 3209 Propheta
1461 3137 1706 3209 gcntiles,
1736 3145 1792 3191 et
1820 3135 1951 3190 dicit
1982 3153 1995 3189 :
2030 3133 2145 3188 Non

568 3241 733 3306 dicat,
770 3228 1053 3308 inquiens,
1077 3231 1220 3287 ﬁlius
1261 3231 1481 3285 advenae
1523 3229 1640 3283 Sive
1670 3226 2019 3298 peregrinus,
2051 3226 2142 3295 qui

568 3333 809 3389 adhaeret
846 3326 1073 3386 Domino
1102 3339 1199 3395 per
1227 3320 1694 3380 circumcisionem
1733 3328 1788 3375 et
1831 3320 2013 3376 ﬁdem.
2047 3318 2144 3375 Sc-

568 3424 851 3494 paratione
894 3416 1097 3475 dividet
1143 3428 1230 3469 me
1282 3412 1540 3469 Dominus
1577 3426 1607 3465 a
1646 3410 1841 3481 populo
1872 3425 1990 3475 suo,
2015 3425 2141 3465 eum

565 3513 778 3569 venerit
829 3511 1042 3566 salvare
1092 3504 1349 3579 populum
1404 3519 1558 3559 suum
1606 3501 1891 3559 Iudaicum
1940 3510 1958 3557 ἑ
2015 3502 2142 3573 quia

566 3590 749 3677 plures
789 3612 917 3659 sunt
950 3599 1193 3658 salvandi
1231 3611 1331 3668 per
1368 3596 1528 3651 ﬁdem
1571 3595 1639 3650 de
1679 3597 1952 3667 gentibus,
1978 3610 2141 3665 quam

567 3694 637 3751 de’
661 3693 882 3750 Iudaeis.
928 3710 949 3745 ι
985 3691 1053 3746 Ει
1088 3705 1195 3746 non
1245 3687 1391 3743 dicat
1435 3684 1747 3741 eunuchus:
1782 3685 1919 3740 Ecce
1949 3698 2052 3756 ego
2081 3683 2144 3739 li-

568 3801 732 3858 gnum
779 3783 1009 3838 aridum.
1063 3801 1082 3834 »
1145 3780 1273 3835 Tria
1325 3790 1524 3847 genera
1572 3784 1698 3831 sunt
1747 3777 2138 3832 cunuchorum.

569 3875 709 3931 Sunt
746 3872 978 3928 eunuchi
1023 3871 1112 3941 qui
1140 3873 1209 3926 ab
1234 3870 1354 3925 aliis
1388 3868 1527 3924 ﬁunt
1567 3866 1897 3932 hominibus,
1924 3874 1980 3922 et
2016 3874 2142 3921 sunt

570 3965 662 4021 alii
697 3965 789 4036 qui
829 3977 899 4018 ex
943 3970 1098 4017 utero
1134 3960 1322 4015 matris
1372 3961 1443 4015 ita
1486 3965 1802 4021 nascuntur,
1833 3962 1891 4009 ut
1941 3955 2140 4012 nullam

570 4054 805 4109 habeant
844 4050 1097 4103 virtutem
1146 4047 1468 4118 procreandi
1518 4044 1675 4100 ﬁlios.
1726 4042 1864 4099 Sunt
1910 4043 2141 4113 denique

570 4140 803 4198 eunuchi
835 4140 889 4193 in
917 4146 1145 4207 utroque
1169 4152 1323 4200 sexu,
1350 4137 1442 4206 qui
1472 4150 1532 4191 se
1557 4135 1867 4191 custodiunt
1894 4132 1964 4189 ab
1994 4134 2139 4189 omni

571 4230 932 4294 immunditia,
963 4236 1242 4283 servantes
1268 4226 1629 4298 virginitatem
1658 4241 1757 4298 pro
1781 4212 1970 4285 amore
2001 4226 2097 4282 Dei
2122 4244 2135 4281 :

571 4323 639 4377 de
660 4321 854 4392 quibus
881 4318 1140 4374 Dominus
1169 4317 1248 4372 ait
1276 4335 1289 4371 :
1321 4336 1341 4368 ι
1378 4316 1532 4384 Sunt,
1560 4318 1756 4389 inquit,
1780 4317 2015 4375 eunuchi
2046 4318 2138 4390 qui

569 4428 628 4470 se
645 4419 1022 4469 castraverunt
1040 4419 1258 4480 propter
1271 4424 1433 4481 regna
1453 4410 1710 4466 caelorum
1731 4411 1943 4481 (Matth.
1960 4411 2095 4483 ιιι).
2111 4430 2130 4463 ι

568 4504 683 4561 Non
724 4502 1046 4559 abscidendo
1070 4500 1174 4556 sibi
1202 4500 1395 4565 virilia,
1421 4500 1517 4556 sed
1546 4499 1812 4555 luxuriam
1856 4501 2134 4556 refrenan-

567 4601 657 4654 do.
678 4596 823 4665 Quos
852 4605 1041 4650 omnes
1067 4592 1158 4647 hic
1184 4591 1496 4647 consolatur
1518 4590 1781 4660 Propheta
1813 4606 1877 4646 ex
1908 4606 2138 4662 persona

570 4687 805 4752 Domini,
833 4692 893 4739 ut
920 4698 1027 4738 non
1052 4682 1337 4751 desperent
1360 4680 1425 4735 de
1448 4686 1648 4734 aeterna
1673 4679 1863 4745 salute,
1892 4696 1991 4736 nec
2018 4695 2141 4735 con-

566 4776 853 4831 tristentur
872 4786 938 4826 eo
957 4769 1099 4841 quod
1119 4769 1260 4824 ﬁlios
1288 4765 1534 4823 carnales
1554 4782 1660 4821 non
1682 4767 1899 4830 habent,
1920 4775 2140 4838 propter

566 4865 712 4936 quod
759 4863 812 4918 in
860 4861 978 4931 lege
1015 4858 1112 4914 Dei
1167 4855 1481 4913 maledictus
1514 4855 1657 4926 quod
1706 4872 1814 4915 non
1862 4856 2140 4925 reliquerit

569 4969 754 5012 semen
783 4966 942 5023 super
971 4960 1192 5006 terram.
1222 4948 1295 5003 lbi
1331 4947 1475 5003 enim
1508 4962 1613 5002 non
1657 4947 1725 5002 de
1767 4948 1970 5004 semine
2009 4958 2136 5016 pro-

568 5043 858 5100 creationis
900 5041 1118 5106 dicitur,
1149 5038 1245 5093 sed
1267 5037 1333 5093 de
1356 5037 1562 5092 semine
1597 5038 1751 5093 bona:
1786 5038 2133 5109 operationis.

569 5134 842 5191 Putabant
879 5132 1076 5202 quippe
1121 5127 1264 5198 quod
1298 5127 1389 5196 qui
1430 5142 1534 5182 non
1579 5128 1802 5183 haberet
1842 5129 2000 5195 ﬁlios,
2028 5143 2137 5184 non

571 5224 797 5281 haberet
841 5221 1082 5291 requiem
1129 5219 1184 5273 in
1235 5230 1401 5286 regno
1453 5216 1714 5271 caelorum
1765 5232 1887 5272 cum
1938 5219 2140 5274 sanctis

572 5315 835 5388 patribus.
883 5309 1183 5381 Allegorice
1227 5322 1324 5377 per
1374 5307 1473 5361 hos
1522 5306 1796 5362 eunuchos
1841 5306 2138 5377 intelligere

568 5407 831 5462 debemus
873 5416 1061 5458 omnes
1109 5399 1389 5468 utriusque
1434 5410 1618 5461 sexus,
1648 5397 1739 5465 qui
1771 5396 2133 5467 virginitatem

570 5510 672 5566 pro
694 5492 894 5550 Christi
934 5489 1152 5545 nomine
1197 5493 1421 5557 servant
1447 5503 1461 5540 :
1491 5499 1628 5554 quos
1666 5500 1809 5540 nunc
1847 5485 2138 5557 alloquitur

571 5600 751 5642 sermo
785 5583 1015 5647 divinus,
1059 5591 1119 5634 ut
1156 5595 1262 5635 non
1299 5579 1551 5634 amittant
1579 5592 1727 5648 spem
1754 5579 1942 5647 patriae
1974 5579 2137 5636 cccle-

571 5671 952 5743 stis,quamvis
979 5676 1197 5725 careant
1218 5668 1338 5723 ﬁliis
1364 5667 1692 5733 carnalibus,
1708 5670 1832 5739 quia
1857 5685 1959 5724 non
1983 5687 2137 5742 sepa-

574 5764 836 5823 rabth
853 5776 883 5817 ιι
903 5760 1072 5834 gloria
1093 5759 1408 5825 electorum,
1437 5759 1479 5813 si
1511 5773 1692 5813 semen
1720 5760 1998 5828 spirituale
2026 5763 2134 5829 hic,

2172 3191 2217 3254 C

2169 4549 2218 4609 D

2251 1946 2346 2010 ait,
2377 1954 2698 2015 praeceptum
2722 1946 2933 2001 Domini
2960 1961 3067 2001 non
3095 1947 3304 2003 habeo:
3334 1950 3632 2006 consilium
3659 1964 3831 2009 autem

2250 2036 2319 2092 do
2349 2035 2413 2110 (l
2438 2035 2562 2092 Cor.
2590 2037 2720 2108 vn).
2752 2057 2772 2090 ι
2818 2038 3108 2093 Videamus
3143 2054 3263 2108 qua:
3302 2055 3517 2098 merces
3548 2043 3635 2098 eis
3667 2061 3699 2098 a
3732 2044 3826 2100 Do-

2250 2130 2396 2185 mino
2426 2132 2777 2202 promittitur.

2327 2241 2346 2273 ι
2377 2222 2527 2277 Dabo
2563 2223 2668 2289 eis,
2697 2242 2716 2275 ι
2751 2222 2946 2292 inquit,
2992 2239 3018 2275 ἰ
3047 2223 3103 2278 in
3143 2224 3301 2280 domo
3338 2241 3458 2282 mea
3496 2246 3517 2280 ι
3576 2230 3827 2285 subaudis

2249 2313 2458 2379 locum,
2487 2312 2542 2368 id
2574 2323 2690 2379 est,
2730 2314 2784 2369 in
2807 2314 3065 2385 praesenti
3094 2310 3336 2371 Ecclesia
3365 2318 3511 2373 dabo
3539 2323 3821 2376 maximum

2248 2408 2541 2470 honorem,
2572 2408 2714 2462 utin
2743 2421 2805 2463 ea
2838 2407 3155 2463 sacerdotali
3198 2407 3496 2479 fungantur
3534 2410 3731 2478 ofﬁcio,
3768 2425 3818 2469 et

2247 2510 2348 2567 pro
2368 2497 2495 2552 filiis
2514 2497 2822 2553 carnalibus
2845 2498 3046 2555 multos
3067 2498 3304 2554 habeant
3321 2501 3636 2568 spirituales
3652 2504 3811 2559 ﬁlios:

2245 2590 2333 2645 vel
2358 2591 2497 2647 dabo
2526 2590 2607 2647 eis
2638 2590 2815 2646 locum
2840 2591 2897 2646 in
2926 2591 3091 2647 domo
3115 2608 3232 2647 mea
3251 2633 3267 2656 ,
3300 2593 3356 2648 in
3388 2595 3604 2651 cmicsti
3630 2598 3823 2653 scilicet

2246 2682 2603 2748 Hierusalem,
2633 2682 2726 2738 ubi
2756 2683 3069 2739 mansiones
3098 2683 3281 2739 multa:
3306 2694 3437 2740 sunt
3479 2685 3671 2758 (loco.
3696 2689 3824 2760 xiv).

2251 2792 2271 2827 ι
2300 2773 2368 2829 Ει
2395 2773 2450 2828 in
2477 2771 2647 2828 muris
2672 2772 2811 2829 meis
2838 2773 2980 2829 dabo
3003 2772 3085 2829 eis
3108 2772 3305 2838 locum,
3335 2794 3359 2828 ι
3398 2775 3452 2830 id
3477 2786 3600 2842 est,
3638 2778 3695 2832 in
3734 2796 3827 2834 nuo

2245 2863 2397 2920 mero
2427 2862 2838 2934 przedicatorum
2869 2863 2993 2919 illos
3016 2864 3374 2932 constituam,
3412 2875 3476 2921 ut
3523 2867 3828 2926 eﬁiciantur

2246 2964 2427 3013 turres
2456 2955 2765 3014 fortissima:
2790 2957 3030 3013 civitatis
3054 2973 3224 3014 meas:
3252 2967 3311 3013 ut
3338 2961 3588 3016 muniant
3617 2974 3676 3018 et
3708 2980 3830 3034 pro-

2247 3058 2432 3121 tegant
2456 3050 2556 3105 sibi
2584 3050 2874 3120 subjectos,
2898 3049 3301 3120 praedicationis
3319 3051 3483 3108 verbo
3501 3054 3622 3109 sive
3642 3072 3831 3112 exem-

2247 3138 2356 3210 plo.
2401 3158 2421 3193 ι
2446 3141 2513 3195 Et
2540 3154 2736 3196 nomen
2763 3140 2956 3195 melius
2984 3154 3015 3194 a
3052 3139 3178 3195 ﬁliis
3203 3149 3258 3197 et
3285 3140 3522 3207 ﬁliabus,
3549 3161 3571 3193 ι
3612 3144 3675 3199 id
3705 3154 3828 3210 est,

2248 3231 2599 3287 excellentius
2625 3246 2736 3300 prie
2764 3232 2975 3287 caneris
3003 3233 3095 3303 qui
3133 3231 3275 3288 ﬁlios
3305 3240 3355 3287 et
3389 3231 3522 3287 ﬁlias
3558 3236 3827 3292 carnales

2248 3328 2526 3393 generant.
2563 3337 2582 3372 ι
2609 3320 2815 3377 Nomen
2841 3322 3227 3392 sempiternum
3259 3322 3391 3378 dabo
3416 3323 3524 3389 eis,
3550 3342 3570 3375 ι
3604 3323 3662 3378 id
3690 3334 3780 3380 est
3799 3357 3819 3389 ,~

2249 3426 2445 3467 nomen
2471 3410 2926 3475 Christianitatis,
2968 3422 3028 3467 ut
3065 3426 3096 3466 a
3126 3411 3342 3469 Christo
3372 3428 3489 3468 meo
3518 3412 3829 3471 Christiani

2250 3511 2548 3558 vocentur:
2598 3521 2617 3555 ι
2647 3506 2787 3573 quod
2819 3524 2837 3556 ι
2882 3520 3078 3560 nomen
3124 3521 3441 3576 «nunquam
3474 3504 3714 3562 deﬁciet.
3759 3508 3831 3563 Et

2250 3592 2388 3648 ﬁlios
2424 3594 2680 3660 advenae,
2708 3614 2727 3647 ι
2772 3595 2825 3651 id
2860 3605 2975 3662 est,
3021 3595 3301 3666 gentilium
3359 3616 3379 3648 ι
3411 3596 3505 3667 qui
3546 3598 3833 3653 adbzerent

2248 3683 2496 3749 Domino,
2525 3702 2544 3737 ι
2579 3684 2851 3741 credendo
2874 3685 2930 3739 in
2953 3700 3075 3741 eum
3096 3725 3112 3751 ,
3149 3685 3406 3741 subaudis
3440 3687 3583 3742 dabo
3618 3688 3827 3743 nomini

2247 3785 2436 3831 sancto
2459 3775 2576 3846 ejus
2610 3796 2629 3828 ι
2656 3785 2716 3832 ιιι
2743 3775 2922 3832 colant
2951 3793 3099 3843 eum,
3127 3797 3145 3830 ι
3179 3777 3489 3835 conﬁtendo
3516 3779 3693 3845 illum,
3727 3798 3748 3832 ι
3775 3791 3830 3837 et

2248 3865 2473 3936 diligant
2499 3876 2694 3922 nomen
2721 3867 2860 3938 ejus,
2887 3886 2906 3918 ι
2938 3867 2993 3923 id
3015 3876 3122 3933 est,
3152 3882 3350 3924 nomen
3375 3868 3470 3924 ﬁlii
3504 3886 3523 3921 ι
3550 3880 3611 3924 ιιι
3640 3870 3753 3926 sint
3777 3873 3830 3926 ei

2248 3957 2302 4011 in
2332 3971 2539 4023 servos,
2563 3975 2586 4010 ι
2617 3957 2755 4013 sicut
2773 3956 3066 4027 Apostolus
3094 3958 3162 4013 de
3182 3973 3245 4014 se
3268 3958 3544 4027 loquitur:
3579 3976 3601 4011 ι
3628 3960 3832 4017 Paulus

2247 4062 2436 4103 servus
2458 4046 2586 4103 Iesu
2619 4047 2820 4103 Christi
2856 4046 2999 4119 (Gal.
3024 4048 3087 4121 ι).
3118 4066 3140 4102 ι
3180 4069 3199 4103 ι
3224 4048 3477 4115 Omnem,
3506 4070 3527 4104 ι
3565 4054 3831 4108 subaudis

2248 4135 2553 4192 eunuchum
2585 4137 2699 4192 sive
2734 4138 3017 4203 advenam,
3046 4156 3066 4189 ι
3095 4141 3493 4197 custodientem
3535 4144 3827 4200 sabbatum

2246 4242 2446 4294 meum,
2477 4240 2548 4282 ne
2575 4226 2779 4298 polluat
2811 4227 2941 4283 illud
2958 4269 2972 4294 ,
2996 4245 3020 4281 ι
3054 4228 3110 4284 id
3137 4237 3256 4296 est,
3291 4239 3600 4287 cessantem
3625 4248 3659 4288 a
3686 4236 3828 4289 malo

2244 4331 2427 4386 opere,
2465 4334 2483 4368 ι
2506 4325 2562 4372 et
2585 4324 2856 4373 tenentem
2884 4317 3061 4374 foedus
3084 4332 3290 4385 meum,
3313 4339 3332 4373 ι
3363 4328 3422 4375 ιιι
3446 4335 3670 4392 semper
3690 4323 3823 4378 insi-

2244 4420 2352 4466 stat
2374 4410 2627 4466 orationi.
3343 4462 3358 4474 ,

2321 4519 2341 4552 ι
2368 4499 2643 4557 Adducam
2671 4515 2764 4558 eos
2794 4502 2847 4557 in
2876 4512 3113 4560 montem
3140 4512 3388 4561 sanetum
3414 4521 3623 4571 meum,
3646 4516 3699 4563 et
3726 4507 3818 4562 ke-

2244 4590 2464 4650 tiﬁcabo
2486 4607 2581 4648 eos
2606 4593 2661 4648 in
2690 4594 2848 4649 domo
2875 4596 3137 4651 orationis
3166 4612 3320 4663 meae,
3352 4617 3371 4651 ι
3404 4597 3459 4652 id
3482 4608 3606 4664 est,
3635 4601 3688 4654 in
3713 4614 3825 4673 eis;

2240 4680 2363 4738 lesti
2392 4680 2764 4749 Hierusalem,
2800 4678 2897 4740 'ubi
2936 4685 3092 4741 electi
3126 4686 3261 4741 nihil
3302 4688 3447 4743 aliud
3480 4692 3660 4746 acturi
3699 4700 3829 4746 sunt

2241 4772 2347 4826 nisi
2375 4771 2561 4826 laudes
2590 4771 2702 4827 Deo
2731 4772 2968 4828 referent
3012 4785 3069 4828 et
3096 4776 3329 4831 orationi
3351 4780 3647 4834 vacabunt.
3671 4780 3828 4836 lous

2241 4867 2463 4915 sanctus
2493 4860 2559 4914 ad
2588 4873 2748 4929 quem
2785 4863 3050 4931 promittit
3073 4878 3169 4919 eos
3194 4879 3253 4919 se
3278 4866 3576 4933 adducere,
3602 4879 3702 4925 aut
3733 4872 3829 4924 do-

2241 4959 2421 5021 gmata
2445 4952 2689 5008 veritatis
2713 4962 2838 5009 sunt
2862 4953 3250 5025 Trinitatisque
3271 4957 3566 5023 confessio,
3602 4961 3691 5015 vel
3720 4961 3827 5016 Be-

2241 5038 2401 5095 clesia
2423 5054 2681 5108 praesens,
2702 5042 2786 5097 vel
2812 5043 2975 5097 etiam
2996 5043 3112 5114 ipse
3132 5043 3417 5110 Dominus,
3443 5049 3533 5117 qui
3558 5057 3833 5107 estmons

2240 5132 2504 5185 montium
2543 5132 2657 5188 :de
2702 5148 2809 5203 quo
2857 5134 2996 5189 idem
3033 5133 3304 5205 Propheta
3350 5137 3429 5190 ait
3467 5154 3482 5189 :
3537 5156 3559 5188 ι
3604 5140 3828 5205 Venite,

2240 5222 2597 5276 ascendamus
2624 5222 2691 5277 ad
2719 5232 2955 5279 montem
2995 5224 3206 5279 Domini
3243 5224 3392 5291 (Isa.
3420 5229 3521 5297 ιι).
3553 5248 3574 5278 ι
3616 5230 3705 5285 Ad
3730 5249 3831 5285 cn-

2232 5310 2324 5380 jus
2344 5311 2851 5380 contemplationem
2874 5312 3104 5369 adducet
3128 5314 3242 5384 ipse
3260 5313 3464 5371 electos
3484 5330 3636 5373 suos.
3667 5337 3689 5370 α
3715 5319 3833 5376 Bo-

2238 5399 2479 5457 locausta
2502 5416 2689 5457 eorum
2714 5411 2769 5457 et
2795 5403 3040 5469 victimae,
3072 5424 3090 5456 ι
3125 5404 3179 5460 id
3202 5414 3306 5473 est,
3351 5408 3741 5466 cunuchorum
3774 5426 3839 5469 et

2240 5491 2589 5558 advenarum,
2635 5511 2654 5543 ‹
2680 5491 2967 5562 placebunt
3004 5493 3137 5549 mihi
3177 5509 3339 5565 super
3378 5495 3837 5568 alumnum,

2241 5581 2367 5650 quia
2399 5582 2589 5638 domus
2614 5598 2733 5639 mea
2768 5584 2957 5640 domus
2990 5584 3252 5640 orationis
3285 5586 3571 5642 vocabitur
3602 5592 3837 5647 cunctis

2241 5673 2506 5741 gentibus.
2530 5694 2550 5728 ι
2584 5675 2905 5732 llolocausta
2930 5685 3056 5731 sunt
3081 5692 3201 5746 qua:
3226 5677 3435 5749 integra
3456 5692 3795 5739 cremantur
3817 5725 3833 5737 .

2242 5763 2366 5834 quia
2403 5764 2773 5822 holocaustum
2814 5775 2985 5822 totum
3023 5766 3298 5822 incensum
3334 5768 3534 5825 dicitur
3568 5780 3628 5826 et
3660 5787 3836 5827 com-
