4016 6456
222 406 352 464 Κιῦθ

1266 393 1620 459 (ΞΟΜΜΕΝΤ.
1662 392 1728 451 lN
1766 392 2014 451 iSAlAII.
2054 429 2121 441 -——
2160 394 2285 456 LIB.
2322 394 2406 453 Ill.

3336 397 3472 453 1010

219 525 454 578 bustum.
502 518 759 575 Victima
798 516 1050 573 dicuntur
1096 529 1126 568 a
1176 514 1496 578 vinciendo,
1541 525 1608 567 eo
1649 509 1793 581 quod
1822 521 1867 576 Α
1893 517 2116 572 orantes
2159 520 2469 567 creaturam
2508 525 2606 580 pro
2641 509 2917 576 Creatore,
2943 520 3006 565 at
3032 511 3178 566 varia
3220 518 3472 582 portenta

218 614 413 683 vincta:
438 621 600 681 atque
628 610 805 683 ligata:
842 609 1239 664 adducerentur
1275 606 1341 661 ad
1374 605 1571 660 ostium
1606 604 1796 660 domus

219 680 456 768 Domini,
503 680 1066 771 atquei'tradebantur
1112 696 1502 752 sacerdotibus.
1558 694 1794 760 Quarum

219 808 345 865 pars
373 791 705 848 offerebatur
733 790 787 845 in
817 788 1010 853 altari,
1045 796 1097 842 et
1126 786 1229 842 alia
1265 800 1394 856 pars
1424 783 1796 841 sacerdotibus

219 884 551 943 tradebatur.
592 880 711 937 Non
740 888 922 935 autem
956 880 1041 933 his
1064 878 1246 933 verbis
1269 876 1534 931 eunuchis
1572 873 1657 929 vel
1694 873 1795 928 ad-

218 972 368 1028 venis
394 969 660 1042 praecipit,
685 976 744 1024 ut
771 965 1351 1025 oll‘erant‘sacrilicium
1377 965 1672 1020 secundum
1702 962 1794 1017 Ju-

217 1065 361 1125 tltBos
385 1080 407 1117 :7
431 1062 526 1121 sed
545 1060 885 1132 spiritualcm
909 1058 1140 1115 hostiam
1157 1054 1312 1126 jubet
1338 1056 1554 1120 cifcrrc,
1593 1055 1660 1110 do
1688 1070 1793 1125 qua

214 1155 502 1227 Apostolus
528 1172 541 1209 :
580 1172 599 1205 ι
628 1153 868 1211 Obsecro
894 1150 1117 1223 (inquit)
1142 1158 1205 1206 ut
1225 1148 1543 1211 ex-hibeatis-
1566 1162 1793 1217 corpora

215 1254 394 1302 vestra
415 1244 648 1301 hostiam
662 1241 1123 1311 viventem(Rom.
1149 1240 1299 1310 xu)»
1317 1240 1381 1295 Et
1394 1239 1549 1295 alibi:
1571 1258 1590 1290 ι
1615 1238 1795 1295 Marti-

216 1335 373 1390 ticate
389 1334 629 1389 membra
649 1341 823 1388 vestra
847 1344 966 1402 qua:
991 1338 1118 1385 sunt
1131 1343 1294 1400 super
1315 1337 1535 1385 terram.
1563 1348 1582 1381 ι
1611 1329 1790 1399 Virgi-

214 1416 438 1481 nitatem
468 1425 611 1481 enim
642 1425 841 1479 mentis
876 1432 925 1480 et
953 1422 1199 1493 corporis
1222 1435 1458 1484 servare,
1485 1419 1791 1488 spiritualcs

212 1518 464 1574 victimas
496 1528 582 1573 est
618 1518 730 1573 Deo
766 1516 983 1572 oll'erre.
1022 1514 1129 1570 Sed
1168 1522 1229 1568 ut
1273 1512 1451 1582 aliqua
1489 1510 1789 1567 diil'erentia

208 1607 342 1675 ﬁat,
389 1607 638 1663 victimas
672 1606 836 1662 oﬂ‘ert
877 1605 1123 1675 quisquis
1166 1604 1236 1658 ad
1295 1611 1507 1673 tempus
1556 1602 1791 1658 orationi

208 1709 394 1767 vacat,
424 1708 482 1755 ct
516 1714 705 1754 rursus
732 1699 801 1753 ad
829 1707 1044 1767 tempus
1072 1710 1173 1766 pro
1199 1709 1386 1750 amore
1422 1693 1656 1750 filiorum
1686 1710 1792 1751 non

204 1805 375 1847 causa
412 1788 649 1845 libidinis
690 1787 930 1842 debitum
972 1785 1127 1840 uxori
1170 1783 1365 1839 reddit.
1409 1783 1793 1840 Holocaustum

1894 600 2195 654 daemonum
2220 609 2560 666 venerantes,
2594 609 2650 656 et
2677 601 2730 655 in
2761 601 2899 656 saltu
2937 602 3191 657 vitiorum
3227 617 3469 665 comno-

1896 699 2096 746 rantes.
2126 691 2351 759 Quando
2384 692 2614 748 Romani
2647 701 2913 749 venerunt
2935 695 3351 766 quadragesimo
3382 711 3469 753 see

1894 783 2069 837 eundo
2090 798 2233 837 anno
2252 793 2375 854 post
2394 785 2765 840 ascensionem
2788 785 2997 841 Domini
3023 794 3211 841 contra
3232 785 3465 855 Jutlteos,

1893 889 2031 944 pene
2048 874 2286 929 omnium
2308 875 2547 945 gentium
2572 874 2773 930 milites
2801 884 3065 930 venerunt
3088 894 3100 929 :
3134 876 3224 945 qui
3257 876 3470 931 univere

1894 981 2013 1020 sum
2039 967 2227 1020 orbem
2251 965 2351 1020 sub
2381 979 2479 1020 suo
2499 964 2738 1021 dominio
2764 965 3035 1019 tenebant.
3069 964 3300 1036 Ideoque
3324 981 3471 1021 nunc

1892 1056 2091 1110 dicitur
2113 1071 2302 1110 omnes
2338 1056 2524 1109 bestiae
2551 1056 2702 1127 agri,
2749 1056 2801 1109 id
2833 1064 2946 1120 est,
2993 1056 3189 1110 milites
3227 1057 3470 1110 omnium

1892 1147 2153 1217 gentium.
2183 1147 2327 1218 Ager
2353 1148 2495 1201 enim
2526 1155 2609 1207 est
2640 1148 2897 1212 mundus,
2941 1149 3084 1202 sicut
3116 1146 3378 1207 Dominus
3410 1147 3470 1209 ita

1892 1238 2180 1308 Evangelia
2205 1238 2434 1306 quodam
2464 1238 2583 1292 loco
2604 1238 2832 1307 exponit
2854 1238 3072 1310 (Matth.
3103 1240 3247 1309 xm).
3272 1239 3472 1294 Possu-

1892 1344 2013 1383 mus
2049 1343 2146 1396 per
2190 1327 2393 1382 bestias
2434 1329 2548 1399 agri
2590 1328 2891 1400 intelligere
2928 1329 3235 1395 daemones,
3275 1331 3472 1401 quibus

1890 1418 2077 1473 miseri
2098 1415 2267 1472 Judaei
2295 1418 2476 1471 traditi
2505 1429 2633 1473 sunt
2659 1419 2728 1472 ad
2756 1419 3146 1473 cruciandum:
3174 1421 3469 1475 secundum

1892 1506 2021 1561 illud
2039 1503 2286 1561 Jeremize
2311 1523 2325 1559 :
2356 1526 2372 1556 ι
2403 1504 2533 1562 Ovis
2554 1521 2757 1563 errans.
2774 1506 2956 1571 Israel,
2981 1507 3165 1563 leones
3193 1507 3474 1579 eiecerunt

1892 1611 2013 1653 eam
2043 1595 2178 1668 (Jer.
2222 1594 2296 1668 ι).
2336 1613 2355 1646 ι
2384 1596 2451 1650 Et
2493 1596 2819 1667 Apostolus:
2855 1614 2874 1647 ι
2901 1596 3258 1653 Adversarius
3291 1607 3474 1653 vester

1893 1687 2137 1744 diabolus
2162 1696 2418 1759 tanquam
2446 1688 2528 1745 leo
2553 1689 2788 1761 rugiens.
2814 1710 2833 1743 ι

1968 1798 1988 1831 ι
2013 1777 2392 1849 Speculatores
2417 1780 2536 1851 ejus
2551 1779 2681 1834 caeci
2704 1795 2913 1845 omnes,
2939 1780 3271 1847 nescierunt,
3301 1799 3321 1834 ι
3348 1782 3474 1836 sub-

206 1889 395 1942 antem
432 1878 611 1944 oﬂert,
638 1878 883 1948 quisquis
906 1891 1007 1948 pro
1027 1875 1227 1931 Christi
1255 1874 1473 1930 nomine
1495 1875 1678 1929 omnia
1707 1874 1791 1930 di-
1819 1870 1868 1930 B
1893 1870 2053 1927 audis
2087 1870 2265 1931 Deum
2295 1872 2410 1927 sive
2447 1886 2632 1926 veram
2681 1871 2875 1927 lucem.
2912 1890 2932 1922 ι
2958 1872 3132 1928 Canes
3169 1874 3332 1937 muti,
3365 1890 3471 1929 non

208 1970 397 2024 mittit.
433 1968 593 2023 Juxta
635 1968 780 2039 quod
817 1967 1079 2022 Dominus
1108 1965 1221 2021 ait:
1259 1985 1277 2017 ι
1308 1964 1366 2020 Si
1403 1964 1488 2020 vis
1520 1965 1793 2035 perfectus

210 2075 352 2126 esse,
381 2062 539 2127 vade,
566 2062 738 2116 vende
770 2060 977 2125 omnia,
1018 2067 1075 2115 et
1100 2058 1166 2113 da
1196 2058 1523 2130 pauperibus
1563 2056 1789 2126 (Matth.

211 2151 347 2224 arx).
381 2171 401 2205 ι
450 2149 547 2206 Vel
591 2150 839 2206 victimas
877 2148 1054 2214 offert,
1099 2148 1191 2219 qui
1241 2149 1296 2203 in
1341 2148 1539 2203 saeculo
1586 2148 1793 2217 positus

206 2248 421 2309 partem
448 2240 764 2296 substantia:
792 2254 903 2294 suae
933 2246 1113 2295 servat
1142 2236 1243 2292 sibi
1288 2236 1356 2290 ad
1395 2251 1522 2291 suos
1545 2251 1695 2300 usus,
1736 2244 1793 2290 et

210 2345 436 2386 suorum
462 2329 781 2399 explendam
808 2327 1184 2384 necessitatem
1206 2346 1226 2381 ς
1254 2335 1462 2398 partem
1486 2326 1647 2382 etiam
1670 2339 1795 2396 ege-

209 2419 298 2479 nis
326 2426 381 2475 et
407 2420 737 2490 pauperibus
762 2434 861 2489 pro
887 2418 1089 2474 Christi
1113 2418 1335 2473 nomine
1364 2416 1658 2473 dis'rihuit.
1684 2416 1794 2470 Hu-

207 2507 446 2579 iusmodi
474 2523 605 2578 ergo
638 2508 952 2563 holocausta
988 2515 1048 2561 et
1082 2507 1331 2562 victimas
1370 2506 1616 2576 praecipit
1654 2507 1794 2561 Deus

213 2598 477 2653 eunuchis
497 2606 553 2653 et
576 2597 800 2653 advenis
821 2596 1038 2661 oll‘erre,
1067 2596 1119 2651 id
1142 2604 1248 2661 cst,
1280 2595 1580 2665 virginibus
1601 2606 1655 2651 et
1679 2611 1795 2652 ere

213 2687 465 2743 dentibus
510 2701 578 2742 ex
629 2688 880 2759 gentibus
921 2705 935 2743 :
992 2694 1054 2741 ut
1107 2694 1516 2743 contemnentes
1565 2702 1633 2742 ex
1680 2695 1793 2742 toto

211 2778 499 2843 mundum,
529 2778 895 2848 virginitatem
916 2785 1140 2833 servent
1169 2785 1224 2832 ct
1254 2777 1506 2832 studeant
1535 2776 1788 2843 orationi,

209 2879 272 2927 et
296 2872 400 2926 hoc
425 2887 588 2942 super
616 2872 806 2937 altare,
843 2872 897 2927 id
918 2880 1036 2938 est,
1075 2871 1129 2926 in
1158 2871 1263 2927 llde
1291 2880 1459 2937 recta,
1490 2871 1684 2927 debent
1713 2872 1795 2927 ol-

215 2959 379 3014 Ierre.
403 2959 557 3015 Sicut
577 2960 724 3015 enim
749 2973 913 3029 super
930 2958 1103 3015 altare
1118 2960 1464 3028 ponebantur
1485 2960 1716 3015 victima:
1738 2967 1796 3015 et

210 3049 549 3115 holocausta,
586 3050 770 3119 ibique
806 3048 1163 3105 adolebantur
1194 3067 1207 3101 :
1241 3049 1317 3103 ita
1364 3050 1417 3103 in
1466 3048 1569 3104 ﬁde
1608 3063 1798 3107 omnes

209 3142 445 3196 virtutes
469 3150 528 3197 et
550 3141 728 3196 omnia
755 3137 897 3195 bona
925 3154 1090 3211 opera
1127 3127 1433 3197 consistunt
1468 3158 1480 3194 :
1518 3141 1643 3210 quia
1678 3141 1797 3197 sine

1896 1959 2139 2015 valentes
2166 1960 2388 2016 latrare.
2421 1979 2441 2011 ι
2472 1959 2816 2017 Consuetudo
2839 1959 3240 2030 Scripturarum
3269 1971 3374 2027 est,
3415 1972 3476 2025 ut

1894 2064 2050 2121 rcges
2062 2056 2116 2104 et
2145 2048 2418 2120 principes
2437 2066 2501 2107 ac
2519 2052 2806 2123 magistros
2828 2052 3055 2122 appellet
3074 2053 3468 2122 speculatores:

1891 2139 2033 2194 sicut
2065 2139 2155 2194 hic
2185 2140 2394 2195 scribas
2421 2149 2482 2195 et
2521 2141 2822 2198 Pharisaeos
2850 2151 3011 2211 atque
3040 2142 3353 2197 sacerdotes
3377 2139 3473 2197 Ju-

1891 2234 2266 2305 da:orum,‘qui
2301 2235 2428 2290 caci
2457 2244 2631 2300 erant,
2662 2236 2964 2293 nescientes
2992 2235 3305 2304 conspicere
3339 2252 3358 2284 ι
3388 2234 3470 2288 lu-

1891 2339 2016 2379 men
2039 2340 2227 2379 verum
2250 2327 2397 2395 quod
2422 2325 2690 2381 illuminat
2713 2341 2930 2381 onmem
2955 2325 3229 2381 hominem
3252 2325 3472 2380 venien-

1891 2423 2000 2471 tem
2040 2416 2095 2469 in
2131 2415 2277 2471 hunc
2310 2417 2568 2472 mundum
2604 2416 2788 2487 (latin.
2830 2418 2892 2489 ι).
2922 2438 2942 2472 ι
2983 2417 3108 2473 Sive
3134 2419 3263 2473 caeci
3292 2428 3471 2484 erant,

1890 2505 2017 2574 quia
2043 2521 2152 2560 non
2181 2506 2452 2561 habebant
2492 2507 2672 2563 lumen
2722 2507 2845 2563 fidei
2876 2517 2934 2563 et
2963 2508 3268 2564 claritatem
3299 2507 3472 2562 virtu-

1893 2606 2028 2667 tum.
2057 2595 2212 2652 Unde
2236 2597 2317 2652 eis
2335 2597 2600 2654 Dominus
2624 2599 2756 2654 dicit
2781 2616 2793 2652 :
2833 2617 2853 2651 ι
2881 2598 2973 2654 Vae
3010 2601 3162 2656 vobis
3196 2601 3354 2657 caecis
3380 2602 3473 2671 qui

1893 2686 2113 2741 dicitis:
2144 2685 2202 2741 Si
2237 2687 2361 2757 quis
2393 2686 2660 2756 iuraverit
2697 2689 2753 2743 in
2793 2688 2981 2751 altare,
3015 2705 3122 2745 non
3159 2689 3338 2745 debet.
3369 2689 3472 2756 Qui

1893 2790 2024 2830 vero
2051 2790 2150 2845 per
2183 2791 2377 2830 aurum
2403 2776 2689 2846 iuraverit,
2712 2777 2871 2833 debet
2898 2777 3112 2848 (Matth.
3138 2779 3318 2849 mu).
3350 2799 3369 2831 ι
3406 2777 3477 2833 Et

1896 2867 2000 2921 hoc
2025 2866 2250 2922 verbum
2276 2865 2419 2936 quod
2446 2875 2529 2922 est
2557 2867 2888 2936 speculator,
2930 2867 2985 2923 in
3028 2868 3223 2923 bonam
3264 2877 3320 2924 et
3353 2883 3473 2925 ma-

1887 2956 2001 3011 lam
2034 2964 2241 3026 partem
2271 2957 2510 3027 ponitur.
2535 2957 2593 3011 In
2621 2958 2841 3024 bonam,
2865 2967 2925 3013 ut
2949 2958 3209 3015 Dominus
3238 2959 3477 3029 loquitur

1898 3048 1966 3103 ad
2003 3048 2382 3103 Ezechielem:
2422 3067 2441 3099 ‹
2468 3048 2569 3103 Fili
2603 3049 2868 3115 hominis,
2917 3050 3310 3120 speculatorem
3353 3052 3475 3108 dedi

1900 3148 1955 3195 te
1975 3139 2156 3195 domui
2178 3138 2343 3194 Israel
2365 3138 2582 3209 (Ezech.
2608 3140 2713 3211 ιιι).
2743 3159 2762 3194 ι
2797 3141 2866 3197 Et
2889 3142 3087 3197 Isaias:
3120 3142 3335 3215 «.Super
3356 3159 3477 3215 spe-

208 3230 321 3287 tide
346 3230 675 3302 impossibile
700 3240 785 3288 est
801 3232 1017 3302 placere
1039 3232 1168 3286 Deo.
1195 3231 1332 3286 Hinc
1352 3232 1579 3287 dicitur:
1606 3231 1793 3287 Justus
1819 3214 1865 3277 Ο
1894 3227 2014 3282 cula
2053 3228 2265 3282 Domini
2306 3242 2408 3297 ego
2449 3236 2538 3282 sto
2571 3229 2659 3284 die
2702 3244 2766 3284 ac
2805 3238 2965 3286 nocte
3002 3230 3148 3302 (Ira.
3175 3231 3320 3302 xxi).
3354 3214 3395 3284 »ν
3417 3232 3474 3286 lu

209 3331 397 3377 autem
426 3338 671 3377 meus-ex
702 3321 806 3377 [ide
839 3323 993 3376 vivit.
1038 3321 1332 3390 Sequitur:
1365 3330 1385 3373 ι
1414 3323 1614 3376 Domus
1649 3337 1789 3387 mea,

205 3410 706 3466 domusoratiouis
752 3409 1032 3465 vocabitur
1082 3409 1291 3463 cunctis
1338 3410 1586 3479 gentibus
1637 3407 1791 3479 (Ila-

209 3503 330 3557 bac.
360 3502 436 3574 l).
467 3520 485 3554 ι
520 3500 636 3557 Non
663 3502 731 3557 de
758 3517 865 3557 uno
891 3501 1228 3557 solummodo
1259 3501 1460 3571 templo
1486 3499 1793 3572 Hierosoly-

215 3592 434 3648 mitana:
462 3592 612 3648 urbis
641 3592 902 3662 loquitur,
930 3592 1019 3648 ubi
1046 3600 1259 3649 tantmn
1288 3593 1465 3647 oratio
1491 3600 1546 3647 et
1566 3607 1795 3647 concur-

213 3696 309 3741 sus
333 3681 499 3737 ηοω
524 3681 685 3737 unius
704 3681 946 3738 Iudaica:
972 3682 1147 3752 gentis
1170 3700 1185 3735 :
1207 3682 1302 3737 sed
1326 3683 1392 3737 de
1414 3682 1653 3739 Ecclesia
1677 3698 1796 3751 qua:

214 3788 316 3844 per
340 3773 652 3829 universum
680 3775 867 3829 orbem
896 3773 1120 3830 dilatata
1144 3782 1247 3840 est,
1273 3774 1341 3829 ad
1365 3789 1530 3844 quam
1556 3774 1795 3843 quotidie

217 3845 373 3916 multi
405 3861 684 3918 conﬂuunt
711 3862 914 3933 populi.

291 3970 313 4004 ι
340 3951 431 4007 Ait
454 3951 719 4009 Dominus
744 3953 837 4023 qui
863 3963 1157 4026 congregat
1187 3954 1463 4025 dispersos
1486 3955 1648 4039 Israel
1679 3974 1698 4009 ι
1740 3956 1794 4010 in

209 4059 384 4100 unum
407 4044 551 4099 ovile
588 4052 646 4101 et
678 4043 733 4100 iu
772 4060 937 4101 unam
977 4046 1296 4104 Ecclesium.
1327 4048 1610 4118 Dispersos
1633 4049 1799 4105 Israel

206 4137 452 4208 appellat
476 4137 757 4193 duodecim
790 4138 982 4204 tribus,
1016 4140 1083 4195 ad
1111 4156 1245 4210 quas
1270 4141 1540 4197 scribebat
1560 4142 1757 4197 Petrus
1781 4160 1793 4195 :

216 4226 307 4283 vel
326 4241 516 4283 omnes
539 4227 842 4294 credentes,
874 4229 944 4284 de
969 4228 1167 4299 quibus
1196 4231 1454 4289 Dominus
1479 4232 1557 4285 ait
1579 4239 1796 4301 aposto-

210 4317 286 4374 lis
309 4334 323 4371 :
353 4308 385 4369 ι’
395 4318 667 4393 Sedebitis
686 4333 848 4387 super
865 4319 1022 4374 sedes
1043 4319 1327 4376 duodecim
1352 4320 1566 4392 (Matth.
1590 4321 1704 4393 nux)
1727 4338 1743 4384 ξ
1774 4341 1790 4370 ι

207 4415 274 4461 et
300 4415 517 4462 caetera.
552 4409 629 4462 De
658 4408 761 4462 hac
784 4410 1200 4479 congregatione
1224 4410 1310 4464 vel
1340 4410 1597 4481 dispersis
1623 4411 1799 4480 loqui-

209 4508 308 4555 tur
340 4498 706 4569 evangelista:
742 4516 761 4549 ι
787 4498 945 4555 Jesus
975 4499 1195 4570 (inquit)
1226 4499 1523 4554 moriturus
1543 4509 1668 4554 erat
1697 4515 1796 4569 pro

208 4598 380 4660 gente
405 4560 589 4658 (Jo'an.
614 4588 692 4658 si)
721 4607 733 4643 :
762 4597 819 4645 et
854 4604 962 4644 non
983 4560 1213 4644 tantum
1253 4604 1354 4659 pro
1389 4598 1581 4660 gente,
1613 4560 1715 4646 sed
1737 4601 1790 4645 ut
1827 4560 1872 4619 υ

210 4680 358 4738 ﬁlios
394 4680 490 4736 Dei
520 4680 611 4750 qui
649 4680 877 4749 dispersi
902 4688 1081 4745 erant,
1105 4689 1458 4750 congregaret
1488 4681 1538 4733 in
1558 4698 1745 4737 unum.
1770 4703 1788 4735 ι

225 4792 244 4825 ι
270 4773 465 4830 Adhuc
491 4774 830 4845 congregabo
860 4772 928 4827 ad
955 4784 1101 4836 eum,
1132 4790 1164 4830 ι,
1187 4771 1373 4836 idest,
1398 4764 1464 4826 ad
1495 4770 1792 4836 Christum,

221 4885 243 4917 ι
273 4874 628 4936 congregatos
654 4865 790 4936 ejus,
824 4884 841 4917 ι
876 4863 928 4919 id
956 4872 1065 4928 est,
1089 4876 1276 4918 omnes
1295 4862 1807 4932 prmdestinatosad

220 4957 410 5021 vitam,
440 4974 458 5006 ι
478 4964 532 5012 et
552 4955 814 5011 adducam
836 4975 855 5007 ι
886 4956 953 5010 ad
981 4954 1142 5021 Iidem
1173 4952 1290 5024 eius
1311 4963 1366 5008 et
1387 4954 1454 5009 ad
1476 4954 1792 5021 Ecclesium,

221 5046 308 5102 vel
336 5047 404 5103 ad
433 5048 708 5103 caelestem
739 5045 1091 5116 Hierusalern.
1139 5045 1252 5101 Vox
1281 5043 1458 5109 Patris
1485 5045 1551 5101 ad
1576 5044 1792 5100 Filium.

223 5140 483 5208 Sequitur
503 5159 518 5194 :

301 5249 322 5282 ι
349 5230 551 5287 Omnes
578 5231 764 5291 bestia:
788 5231 928 5303 agri,
958 5230 1137 5286 venite
1165 5229 1231 5285 ad
1262 5230 1651 5297 devorandum,
1672 5231 1795 5286 uni-

223 5336 395 5378 versae
421 5321 609 5376 bestiae
640 5322 830 5388 saltus,
859 5342 878 5374 ι
914 5323 1173 5380 subaudis
1221 5322 1397 5378 venite
1420 5332 1474 5377 et
1501 5330 1798 5392 praeparate

222 5412 298 5467 ad
323 5411 690 5468 devorandum
719 5413 972 5483 populum
995 5413 1297 5478 Iudaicum,
1330 5414 1421 5482 qui
1449 5413 1673 5469 credere
1699 5427 1796 5469 no-

226 5502 331 5557 luit
352 5502 407 5558 in
428 5503 721 5558 Christum.
756 5503 1100 5576 Congregate
1136 5504 1251 5575 (ait
1273 5504 1572 5575 Propheta)
1609 5520 1798 5561 omnes

226 5600 438 5659 gentes.
463 5602 520 5648 ut
545 5592 764 5648 veniant
793 5602 848 5648 et
876 5593 1204 5649 interﬁciant
1225 5594 1452 5649 miseros
1469 5593 1683 5651 Iudaeos
1706 5596 1799 5665 qui

230 5681 289 5744 in
313 5681 628 5741 infidelitate
655 5693 1087 5754 permanserunt.
1110 5684 1176 5738 Et
1201 5683 1434 5753 appellat
1455 5698 1549 5740 eos
1574 5685 1795 5751 bestias,

229 5771 360 5843 quia
390 5790 537 5831 more
587 5774 877 5832 bestiarum
906 5814 909 5815 ν
936 5774 1379 5838 irrationabiliter
1413 5774 1667 5841 vivebant
1699 5776 1797 5837 ad-

1897 3314 2094 3370 malam
2124 3323 2330 3387 partem
2355 3316 2481 3387 poni
2508 3333 2573 3371 ur
2596 3326 2654 3371 ut
2683 3318 2793 3383 hic,
2822 3318 3048 3388 aliisque
3076 3319 3131 3372 in
3155 3318 3289 3374 locis
3308 3334 3472 3388 quam

1896 3405 2163 3476 plurimis.
2181 3405 2247 3460 Et
2260 3422 2363 3461 non
2379 3406 2551 3463 solum
2567 3408 2930 3480 speculatores
2944 3410 3071 3466 caeci
3088 3419 3365 3477 vocantur,
3381 3426 3475 3466 ve-

1896 3511 2015 3550 rum
2034 3495 2199 3552 etiam
2225 3516 2243 3548 ι
2267 3513 2428 3553 canes
2449 3500 2581 3554 muti
2606 3515 2711 3562 non
2733 3499 2973 3558 valentes
2993 3501 3193 3556 latrare
3212 3522 3230 3553 ι
3256 3498 3478 3573 propter

1895 3588 2188 3659 pigritiam.
2215 3586 2367 3644 Sicut
2391 3605 2555 3655 canes
2582 3606 2678 3648 suo
2705 3591 2901 3649 latratu
2928 3593 3239 3650 custodiunt
3260 3607 3475 3665 gregem

1899 3696 1929 3735 a
1954 3680 2113 3750 lupis,
2136 3682 2215 3737 sic
2236 3681 2313 3736 illi
2334 3680 2634 3738 debuerant
2654 3682 2876 3747 latratus
2898 3675 3296 3755 praedicationis
3317 3683 3475 3751 emit-

1899 3779 2033 3837 tere,
2078 3781 2135 3827 et
2177 3771 2447 3829 daemones
2489 3789 2519 3826 a
2558 3774 2810 3829 cordibus
2851 3772 3216 3843 subiectorum
3263 3773 3471 3847 fugare.

1903 3851 1921 3918 ἆ
1951 3867 2209 3921 Videntes
2237 3881 2398 3932 vana,
2428 3885 2447 3918 ι
2482 3866 2533 3920 id
2565 3876 2669 3934 est,
2703 3869 2975 3937 sapientes
3012 3883 3042 3922 a
3077 3866 3220 3922 malo
3257 3887 3275 3919 ι
3304 3877 3359 3922 et
3388 3868 3475 3922 in—

1899 3958 2201 4029 telligentes
2226 3958 2459 4026 inutilia,
2480 3958 2838 4031 (dormientes,
2870 3978 2888 4012 ι
2924 3960 2975 4015 id
3006 3969 3105 4023 est,
3150 3961 3202 4014 in
3237 3960 3476 4031 peccatis

1894 4047 2147 4118 iacentes
2165 4046 2480 4117 libidinique
2505 4047 2826 4113 servientes,
2852 4056 2908 4103 et
2941 4063 2973 4103 a
3003 4046 3147 4104 bono
3170 4063 3332 4118 opere
3360 4055 3472 4120 tor?

1898 4151 2109 4215 pontes,
2144 4160 2162 4194 ι
2188 4149 2243 4196 et
2269 4148 2512 4196 amantes
2534 4141 2740 4196 somnia
2767 4160 2785 4192 ι
2813 4156 2844 4195 a
2867 4140 3060 4210 quibus
3083 4139 3475 4211 deludebantur

1898 4247 1928 4286 a
1957 4230 2313 4299 daemonibus.
2339 4229 2489 4286 Unde
2511 4230 2792 4286 dicebant:
2827 4248 2845 4281 ι
2874 4229 3169 4297 Somniavi,
3208 4230 3473 4299 somniavi

1899 4320 2047 4393 (Jer.
2093 4319 2283 4388 xxut).
2316 4341 2334 4370 υ
2370 4319 2722 4374 Dormicbant
2751 4318 3017 4388 siquidem
3057 4319 3133 4372 illi
3169 4318 3472 4388 speculato—

1900 4425 2008 4473 res,
2053 4424 2160 4464 non
2197 4410 2538 4463 attendentes
2577 4407 2751 4463 illud:
2798 4426 2817 4459 ι
2847 4407 2925 4462 Ne
2969 4406 3184 4463 dederis
3225 4423 3473 4463 somnum

1900 4501 2070 4558 oculis
2092 4501 2198 4555 tuis
2221 4497 2406 4569 (Prov.
2427 4500 2527 4569 vi).
2553 4517 2571 4550 ι
2599 4498 2666 4555 Et
2690 4498 2819 4553 illud
2834 4497 3107 4570 Evangelii
3134 4515 3147 4551 :
3179 4518 3197 4549 ι
3223 4490 3469 4570 νίεἷιιιιε.

1899 4595 2024 4665 quia
2053 4594 2273 4650 nescitis
2295 4608 2398 4662 qua
2430 4593 2562 4647 liora
2600 4590 2858 4648 Dominus
2889 4601 3073 4647 vester
3096 4598 3357 4646 venturus
3389 4597 3475 4644 est
3510 4606 3517 4611 ·

1901 4687 2117 4759 (Matth.
2152 4686 2301 4758 xxv).
2332 4705 2350 4738 ι
2392 4685 2457 4740 Ει
2485 4686 2549 4740 ad
2589 4684 3023 4757 exaggerandum
3066 4682 3276 4741 illorum
3320 4681 3472 4755 mali;
3512 4696 3519 4701 '

1902 4780 2054 4843 tiam,
2091 4778 2364 4849 subiungit
2388 4794 2403 4831 :
3206 4770 3211 4775 “

1975 4886 1994 4919 ι
2025 4866 2196 4922 Canes
2222 4866 2668 4937 impudentissimi
2696 4885 2712 4918 ι
2745 4865 2797 4922 id
2819 4875 2925 4933 est,
2949 4864 3319 4932 inverecundi,
3340 4882 3358 4915 ι
3380 4878 3469 4918 ue-

1899 4958 2140 5015 scierunt
2159 4958 2516 5018 saturitatem,
2552 4976 2570 5008 ι
2604 4956 2881 5023 subaudis,
2913 4956 3115 5029 erroris
3147 4962 3203 5011 et
3226 4953 3464 5008 malitiae.
3543 5008 3548 5014 _

1900 5047 2053 5105 Si'cut
2088 5062 2250 5104 canes
2274 5048 2618 5103 inverecundi
2650 5055 2993 5102 revertuntur
3017 5046 3083 5101 ad
3110 5062 3266 5101 suum
3295 5045 3465 5100 vomi-

1900 5150 2013 5194 tum
2041 5157 2054 5192 :
2083 5139 2165 5194 sic
2194 5138 2266 5193 illi
2296 5139 2557 5193 malitiam
2585 5153 2746 5209 quam
2789 5138 2951 5193 corde
2984 5144 3342 5207 conceperant
3376 5150 3472 5191 cx~

1897 5231 2124 5303 pientes,
2151 5230 2333 5285 statim
2357 5229 2422 5284 ad
2447 5230 2672 5301 pristina
2693 5229 2825 5285 vitia
2851 5228 3277 5285 revertebantur.
3308 5226 3468 5283 Juxta

1899 5326 2028 5380 illud
2070 5324 2525 5393 Proverbiorum:
2564 5342 2584 5375 ι
2623 5322 2788 5380 Canis
2828 5338 3077 5379 reversus
3110 5324 3177 5378 ad
3206 5323 3468 5378 vomitum

1900 5412 2084 5484 (Prov.
2128 5414 2295 5487 xxiv).
2337 5433 2357 5467 ι
2390 5413 2488 5469 Vel
2517 5414 2676 5469 aliter
2713 5434 2727 5468 :
2764 5412 2917 5469 Sicut
2960 5429 3122 5470 canes
3160 5414 3278 5470 sine
3316 5426 3471 5472 vere-

1898 5504 2093 5559 cundia
2138 5503 2366 5559 latratus
2404 5506 2657 5559 emittunt
2705 5506 3076 5574 persequendo
3115 5504 3334 5571 lupum,
3381 5504 3469 5559 vel

1898 5593 2061 5649 etiam
2090 5593 2485 5650 latrunculum:
2518 5595 2597 5650 sic
2624 5594 2700 5649 illi
2742 5595 3102 5651 inverecunda
3147 5594 3325 5652 fronte
3359 5595 3470 5650 cla-

1842 5705 1857 5725 ·
1901 5692 2184 5741 maverunt
2233 5694 2421 5742 contra
2452 5685 2736 5741 Dominum
2776 5703 2789 5740 :
2828 5702 2847 5737 ι
2884 5683 3172 5757 Crucilige.
3215 5684 3471 5757 cruciﬂge

1902 5793 2047 5844 eum,
2071 5793 2193 5834 reus
2219 5788 2301 5833 est
2325 5778 2515 5834 mortis
2540 5776 2753 5849 (Matth.
2782 5777 2969 5842 xxvul.
3002 5800 3019 5832 ι
3052 5798 3069 5830 ι
3096 5778 3199 5850 Ipsi
3224 5787 3473 5849 pastores
