4016 6456
543 373 672 427 illi!
997 368 1350 426 HAYMONIS
1386 365 1863 426 llALBERSTAT.
1904 363 2118 424 EPlSC.
2161 365 2312 424 OPP.
2350 363 2530 424 PARS
2565 364 2606 422 l.
2646 397 2706 408 --
2753 363 3107 425 COMMENT.
3145 362 3312 428 BIBL.
3657 363 3793 432 4οη

538 489 922 558 ignoravemut
983 487 1414 558 intelligentiam,
1468 507 1486 538 ι
1539 486 1796 543 subaudis
1850 485 1986 557 legis
2049 491 2108 540 et
2132 485 2184 546 Α
2209 491 2325 537 cata
2353 483 2571 553 pertulit
2592 483 2644 542 in
2664 499 2891 557 corpore
2918 498 3203 555 suo‘super
3225 485 3458 556 lignum,
3475 492 3537 540 ut.
3554 487 3794 556 peccatis

534 578 940 648 prophetarum.
975 571 1202 635 Eosdem
1231 592 1371 646 quos
1393 577 1643 653 superius
1665 576 2112 651 speculatores-et
2209 573 2407 628 mortui
2429 571 2654 642 iustitia:
2675 575 2998 639 viveremus,
3018 575 3193 634 vietor
3211 575 3459 632 ascendit
3482 575 3551 631 ad
3571 575 3790 635 Patrem

536 683 699 724 canes
727 667 960 730 dixerat,
1003 683 1146 730 nunc
1177 676 1423 738 pastores
1453 667 1706 738 appellat,
1730 667 2106 726 scribasvide—
2210 664 2260 735 (I
2294 665 2442 727 Petr.
2473 665 2555 736 tt).

530 759 660 815 licet
685 765 740 813 et
768 758 1067 814 Pharisrcos
1095 766 1150 814 et
1171 759 1458 829 magistros
1474 757 1811 814 Iudaeorum:
1834 773 1940 812 non
1961 751 2112 828 quod
2282 777 2300 809 ι
2337 755 2531 838 Veniat
2555 771 2690 828 pax,
2721 755 3027 828 requiescat
3055 759 3108 814 in
3135 755 3298 815 cubili
3339 775 3439 815 suo
3470 759 3576 829 qui‘
3594 757 3796 814 ambit.

529 863 720 906 revera
766 849 881 904 veri
926 858 1169 920 pastores
1223 858 1406 905 essent
1431 889 1448 915 ,
1491 850 1586 905 sed
1636 849 1954 905 mercenarii
2008 849 2102 919 qui
2203 847 2334 904 lavit
2361 849 2416 903 in
2445 849 2740 905 directione
2759 865 2876 914 sua,
2901 848 2993 904 rid
3020 859 3105 906 est
3133 851 3185 906 in
3213 851 3558 906 rectitudine.
3591 849 3791 907 Beatus

531 943 915 1014 ignoraverunt
943 942 1221 998 scientiam
1249 941 1381 1013 legis
1409 943 1624 1006 divinaz,
1664 942 1803 998 sicut
1843 942 2102 998 Dominus
2206 939 2566 1012 Hieronymus
2609 941 2742 997 dicit
2775 942 2829 996 in
2860 941 3086 998 Hebraeo
3129 943 3633 1014 requiescantlegi,
3665 943 3791 998 licet

529 1037 596 1089 ad
641 1050 736 1090 eos
781 1034 1018 1104 loquitur
1059 1054 1070 1090 :
1111 1055 1128 1088 ι
1163 1035 1371 1091 Erratis
1409 1036 1712 1090 nescientes
1751 1034 2098 1106 Scripturas,
2204 1030 2492 1100 singularis
2518 1045 2777 1086 numerus
2814 1031 2868 1086 in
2905 1032 3226 1100 quibusdam
3256 1033 3413 1088 libris
3451 1034 3789 1089 inveniatur.

525 1141 703 1196 neque
721 1126 973 1182 virtutem
994 1125 1088 1183 Dei
1110 1124 1322 1197 (Matth.
1346 1125 1501 1197 χχιι).
1525 1143 1577 1178 »ι
1599 1123 1864 1180 Omnesin
1889 1125 2053 1191 viam,
2073 1143 2094 1180 ι
2204 1120 2356 1188 Quod
2394 1122 2606 1177 duobus
2647 1123 2823 1178 modis
2850 1131 3027 1192 potest
3072 1123 3317 1194 intelligi.
3363 1123 3420 1179 ld
3464 1133 3550 1179 est
3575 1134 3636 1178 ut
3661 1140 3788 1192 pro-

526 1216 579 1271 id
603 1226 685 1272 est
713 1218 764 1271 in
786 1219 1051 1273 actionem
1075 1238 1092 1269 t
1116 1234 1269 1273 suam
1291 1237 1309 1270 ι
1331 1233 1551 1289 pravam
1568 1235 1587 1269 ‹
1618 1217 2044 1273 declinaverunt.
2076 1237 2094 1270 ι
2199 1212 2708 1282 phetadesiderans
2726 1212 3014 1266 adventum
3037 1212 3237 1267 Christi
3260 1213 3404 1269 dicat
3436 1214 3796 1284 :,Veniatpa1

526 1305 732 1362 Scrihae
761 1307 1006 1363 videlicet
1049 1317 1103 1364 et
1143 1309 1512 1378 speculatores
1549 1307 1856 1363 Iudaeorum
1883 1349 1900 1374 ,
1942 1322 2096 1363 rece-
2198 1317 2327 1357 vera
2350 1301 2598 1358 Christus
2618 1317 2716 1372 per
2737 1303 3128 1364 incarnationis
3147 1306 3579 1377 mysteriumtnd
3609 1323 3792 1362 ηωῐι·

523 1399 699 1454 dendo
728 1415 758 1453 a
782 1399 1057 1454 voluntate
1078 1400 1172 1454 Dei
1197 1410 1250 1455 et
1273 1401 1545 1470 sequendo
1579 1399 1879 1465 diabolum,
1903 1414 2097 1454 secun-
2198 1392 2490 1449 (libandum
2519 1394 2629 1450 Deo
2653 1393 2801 1452 Patri
2829 1410 2998 1465 genus
3021 1396 3348 1460 humanum,
3383 1406 3573 1466 postea
3604 1413 3786 1453 resnh

521 1488 649 1542 dum
685 1488 815 1545 illud
845 1508 859 1543 :
893 1508 912 1540 ι
948 1488 1152 1548 Omnes
1179 1491 1627 1556 declinaverunt,
1678 1489 1840 1545 simul
1877 1489 2102 1546 inutiles
2197 1498 2332 1554 gens
2351 1499 2380 1538 a
2399 1485 2626 1540 mortuis
2652 1486 2953 1554 requiescat
2975 1487 3026 1540 in
3045 1487 3205 1541 cubili
3227 1488 3415 1551 suo,“
3434 1499 3519 1543 est
3543 1489 3598 1542 in
3622 1490 3800 1559 gloria

521 1579 653 1635 facti
683 1590 808 1636 sunt
829 1579 1005 1651 (Paul.
1032 1599 1152 1647 xm,
1177 1582 1286 1654 52).
1313 1602 1332 1635 ι
1368 1602 1385 1634 ι
1408 1582 1791 1652 Unusquisque
1821 1581 1888 1635 ad
1921 1582 2098 1638 avari-
2195 1582 2436 1643 paternae
2464 1575 2787 1646 majestatis,
2809 1575 2897 1631 vel
2926 1575 2979 1630 in
3005 1576 3246 1634 Ecclesia
3273 1577 3325 1630 in
3354 1593 3459 1647 qua
3490 1579 3796 1633 ambulavit

521 1669 649 1723 nam
676 1684 827 1724 suam
851 1670 1160 1735 decimam,
1197 1691 1215 1722 ,
1241 1686 1487 1740 quaerens
1514 1685 1634 1741 quae
1658 1685 1755 1725 sua
1782 1679 1908 1725 sum
1931 1711 1960 1736 ,_
1987 1686 2094 1726 non
2196 1663 2313 1732 ipse
2350 1663 2614 1720 Christus.
2635 1665 2691 1719 in
2729 1665 3028 1720 directione
3060 1680 3177 1720 sua.
3207 1666 3266 1720 Si
3291 1676 3470 1721 autem
3504 1667 3796 1736 pluraliter

520 1775 641 1830 quae
675 1759 802 1816 Iesu
835 1760 1039 1822 Christi
1085 1761 1308 1830 (Philip.
1354 1762 1438 1832 ιι).
1471 1761 1538 1815 Et
1585 1761 1689 1816 hoc
1724 1759 1971 1816 fecerunt
2006 1781 2024 1812 ι
2063 1777 2094 1816 a
2195 1752 2522 1825 legerimus,
2568 1755 2916 1824 requiescant
2953 1755 3007 1810 in
3043 1756 3206 1813 cubili
3252 1772 3388 1823 suo,
3417 1757 3485 1811 de
3529 1760 3794 1827 apostolis

519 1866 732 1907 summo
762 1867 932 1921 usque
956 1852 1021 1905 ad
1050 1851 1424 1917 novissimum,
1459 1871 1479 1904 ι
1506 1851 1560 1906 id
1587 1860 1703 1916 est,
1739 1865 1771 1910 a
1797 1851 2084 1919 majoribus

2199 1842 2606 1914 intelligendum
2630 1853 2713 1900 est
2728 1845 2801 1898 ita
2821 1862 2837 1898 :
2852 1843 3052 1900 Veniat
3063 1861 3168 1914 pax
3181 1845 3382 1904 Christi
3397 1863 3497 1916 per
3514 1851 3794 1918 apostolos

519 1954 689 2010 usque
715 1940 793 2002 ad
815 1941 1089 2005 minores,
1121 1957 1149 1994 a
1182 1941 1430 2012 przelatis.
1443 1956 1615 2010 usque
1650 1942 1716 1996 ad
1742 1942 2092 1997 novissimum

518 2029 826 2100 subjectum;
843 2048 856 2085 :
876 2032 1013 2089 sicut
1041 2033 1180 2086 idem
1213 2032 1474 2102 propheta
1502 2032 1772 2102 loquitur:
1795 2051 1814 2084 ι
1841 2032 1887 2086 Α
1912 2032 2108 2102 ριθιιια.

517 2119 669 2190 pedis
709 2134 884 2190 usque
929 2120 998 2175 ad
1045 2121 1324 2186 verticem,
1376 2137 1484 2176 non
1533 2130 1616 2178 est
1668 2121 1722 2177 in
1773 2135 1840 2177 eo
1887 2123 2092 2177 sanitas

515 2207 652 2280 (ιω.
684 2209 762 2282 ι).
791 2228 816 2262 ι

590 2318 612 2352 σ
647 2298 861 2364 Venite,
891 2313 1170 2356 sumamus
1189 2301 1733 2372 vinum,impleamur
1751 2301 2036 2366 ebrietate,
2066 2318 2088 2352 ι

514 2388 600 2454 vel
639 2389 815 2447 sicera
867 2390 1009 2447 sicut
1059 2391 1112 2446 in
1181 2391 1406 2450 llebrteo
1451 2393 1700 2448 habetur.
1758 2391 1824 2446 Et
1876 2391 2092 2460 ponitur

512 2494 612 2550 pro
659 2480 806 2535 omni
860 2480 1002 2550 quod
1049 2481 1321 2538 inebriare
1355 2489 1548 2552 potest.
1604 2500 1622 2533 ι
1681 2481 1750 2536 Ει
1802 2481 1906 2536 erit
1952 2480 2092 2535 sicut

513 2556 675 2625 hodie
717 2570 859 2624 sicut
903 2578 959 2625 et
993 2581 1233 2637 cras,,et
1267 2572 1436 2628 multo
1473 2572 1722 2642 amplius.
1761 2592 1781 2625 ι
1815 2571 1907 2627 Sic
1945 2572 2092 2626 dice-

512 2659 647 2714 bant
670 2660 754 2719 illi.
779 2660 965 2718 miseri
995 2661 1109 2716 suis
1127 2662 1398 2718 sodalibus
1419 2674 1473 2718 et
1496 2663 1660 2718 sociis
1680 2704 1696 2729 ,
1724 2663 1817 2732 qui
1841 2662 2090 2718 subdito.

511 2765 632 2806 rum
658 2759 916 2806 moreset
937 2761 1091 2807 actus
1119 2751 1304 2807 sedulo
1328 2754 1672 2808 considerare
1693 2754 2010 2818 debuerant,
2034 2761 2092 2808 et

512 2841 834 2910 gubernare.
888 2841 956 2896 Et
995 2843 1122 2912 quia
1175 2843 1463 2900 noluerunt
1506 2861 1664 2916 agere
1711 2845 2087 2915 paenitentiam

508 2941 635 3000 post
659 2931 879 2988 Domini.
908 2934 1214 3001 passionem
1239 2976 1256 3000 ,
1287 2938 1380 2991 sed
1423 2937 1482 2991 in
1520 2938 1724 2992 malitia
1758 2936 2088 3007 perdurare-

509 3030 674 3086 runt,
725 3022 964 3078 dicentes
999 3043 1014 3078 :
1063 3043 1082 3076 c
1122 3025 1480 3082 Comedamus
1522 3036 1577 3082 et
1626 3028 1874 3082 bibamus
1901 3067 1919 3094 ,
1965 3043 2094 3084 cras

507 3110 650 3164 enim
679 3111 974 3166 moriemur
1001 3113 1136 3184 (Isa.
1167 3114 1303 3186 χχιι)
1325 3156 1340 3177 ,
1363 3135 1388 3168 ι
1417 3116 1600 3170 traditi
1635 3125 1762 3171 sunt
1803 3117 1855 3173 in
1898 3133 2091 3173 manus

510 3199 906 3268 Romanorum,
936 3211 990 3257 et
1017 3204 1083 3258 ab
1111 3204 1190 3259 eis
1231 3205 1608 3262 miserabiliter
1633 3207 1903 3262 interfecti
1933 3217 2078 3262 sunt.
2111 3195 2154 3258 C

1079 3331 1306 3390 CAPUT
1341 3334 1473 3392 LVII

582 3477 602 3510 ε
633 3456 820 3514 Justus
847 3459 1008 3528 perit,
1044 3469 1100 3514 et
1126 3474 1284 3515 nemo
1310 3460 1504 3529 estqui
1531 3462 1810 3532 recogitet,
1846 3481 1864 3514 ι
1884 3469 1940 3516 ct
1967 3461 2084 3516 reli-

504 3566 632 3620 qua.
672 3551 911 3607 'l‘radunt
952 3552 1161 3608 llebrazi
1203 3555 1344 3623 quod
1385 3556 1448 3609 de
1501 3555 1678 3624 seipso
1724 3555 1920 3610 dixerit
1979 3557 2099 3610 hoc-

502 3642 695 3708 lsaias,
723 3659 817 3712 qm
854 3653 1036 3700 sectus
1064 3654 1148 3700 est
1176 3663 1325 3702 serra
1357 3647 1531 3718 lignea
1559 3664 1587 3702 a
1620 3648 1885 3712 Manasse,
1909 3649 2082 3704 virosv-

503 3752 610 3806 quc
652 3737 1036 3793 misericordiae
1083 3739 1433 3810 appellaverit
1480 3750 1706 3795 caeteros
1753 3743 2086 3812 prophetas,

502 3841 640 3894 quos
679 3827 827 3881 idem
859 3842 952 3882 rex
990 3827 1340 3898 impiissimus
1377 3829 1624 3899 peremit.
1668 3827 1774 3883 Sed
1804 3831 1986 3884 verius
2014 3830 2082 3885 de

504 3915 595 3970 illo
621 3917 958 3986 intelligitur,
982 3917 1071 3986 qui
1091 3915 1348 3986 justilieat
1375 3935 1588 3974 omnem
1613 3919 1856 3988 impium.
1877 3922 1951 3976 De
1973 3937 2082 3992 quo

502 4019 644 4058 uxor
671 4004 828 4058 Pilati
862 4023 884 4057 :-
907 4023 926 4055 ι
964 4004 1107 4059 Nihil
1149 4005 1245 4060 tibi
1271 4015 1326 4061 rt
1351 4005 1506 4074 justo
1535 4007 1630 4060 illi.
1673 4027 1692 4059 ι
1723 4008 1784 4066 Et
1830 4009 2077 4065 Pilatus:

507 4092 700 4161 «Quid
741 4093 936 4148 faciam
981 4093 1199 4165 (inquit)
1247 4096 1313 4150 de
1358 4097 1484 4150 Jcsu
1531 4096 1624 4166 qui
1669 4099 1866 4152 dicitur
1899 4098 2081 4167 justus

503 4181 724 4250 (Matth.
761 4183 968 4251 xxv")?
1003 4201 1021 4235 ι
1055 4181 1242 4238 Justus
1268 4183 1514 4240 Christus
1539 4185 1680 4257 perit
1707 4186 1760 4240 in
1793 4188 2077 4257 passione,

502 4280 558 4326 et
589 4286 750 4327 nemo
775 4280 859 4328 est
889 4271 1218 4340 Iudaeorum,
1255 4275 1307 4331 id
1345 4285 1430 4332 est
1457 4276 1831 4349 reproborum,
1863 4279 1968 4350 qui.
1993 4295 2080 4336 re-

502 4361 724 4430 cogitet,"
748 4362 860 4418 sive
887 4364 1192 4421 consideret
1231 4365 1284 4421 in
1311 4367 1473 4423 corde
1499 4381 1600 4423 suo
1619 4407 1635 4433 ,
1675 4369 1818 4439 quod
1843 4384 1950 4424 non
1981 4385 2080 4441 pro

503 4451 618 4509 suis
643 4455 886 4524 peccatis
903 4455 1028 4510 talia
1063 4458 1389 4530 patiebatur,
1415 4459 1511 4516 sed
1541 4474 1640 4530 pm
1667 4461 1838 4516 salute
1863 4465 2077 4533 generis

500 4542 746 4599 humani.
793 4543 946 4612 Quod
991 4545 1189 4600 dicitur
1224 4547 1395 4616 perit,
1430 4549 1724 4605 secundum
1761 4553 2075 4609 :estimatio-
2101 4533 2152 4592 Ῑ)

501 4645 629 4689 nem
662 4632 874 4686 illorum
906 4632 1161 4702 loquitur,
1191 4637 1278 4691 vel
1305 4638 1469 4692 etiam
1503 4638 1648 4703 ideo,
1679 4640 1805 4710 quia
1842 4643 2076 4712 perditio

499 4735 608 4778 non
637 4737 854 4791 semper
877 4725 1289 4791 proabolitione
1315 4729 1430 4783 sive
1456 4743 1555 4798 pro
1582 4729 1802 4784 interitu
1831 4733 2081 4802 ponitur,

499 4811 594 4868 sed
629 4825 729 4880 pro
757 4813 1124 4883 magnitudine
1162 4817 1450 4886 passionis.
1494 4819 1629 4876 Nam
1669 4823 1928 4881 Dominus
1967 4842 2072 4882 non

497 4902 684 4974 periit,
706 4903 833 4972 quia
857 4905 1013 4959 tertia
1044 4905 1131 4961 die
1169 4911 1484 4966 resurrexit.
1525 4913 1686 4969 Viros
1705 4925 1883 4971 autem
1914 4918 2074 4974 mise-

497 4996 746 5053 ricordia:
798 4999 1084 5068 apostolos-
1118 5002 1376 5061 debemus
1425 5006 1759 5080 intelligere,
1807 5013 1898 5081 qui
1962 5031 2068 5070 non

498 5088 700 5143 nostris
727 5090 955 5154 meritis,
974 5091 1042 5146 ad
1065 5108 1166 5148 nos
1194 5105 1482 5162 venerunt,
1507 5106 1566 5152 ut
1585 5114 1685 5154 nos
1717 5101 1782 5155 de
1807 5111 2072 5171 potestate

495 5175 1010 5234 diaboli‘eruerent.
1046 5197 1066 5231 ι
1111 5182 1202 5237 lsti
1235 5184 1335 5238 viri
1383 5185 1766 5245 misericordia:
1805 5192 2071 5263 colligun-

495 5277 586 5321 tur
613 5288 632 5320 ι
667 5268 732 5322 ad
767 5269 997 5338 patriam
1025 5272 1318 5337 caelestem,
1357 5294 1375 5327 ι
1420 5286 1607 5334 etnon
1637 5284 1840 5352 estqui
1875 5285 2070 5341 intelli-

497 5365 608 5426 gat,
643 5377 660 5410 ι
698 5359 749 5413 id
773 5369 856 5414 est
885 5376 1044 5416 nemo
1082 5366 1433 5434 reproborum
1467 5370 1774 5426 considerat
1799 5377 1942 5442 quod
1968 5392 2070 5446 pro

491 5451 699 5520 iustitia
729 5468 822 5506 sua
854 5455 1212 5523 trucidentur,
1241 5469 1294 5512 et
1320 5459 1445 5515 talia
1477 5464 1796 5519 sustineant.
1817 5487 1835 5518 ι
1867 5468 1906 5522 Α
1932 5471 2068 5527 l‘aeie

499 5542 738 5606 malitim,
770 5562 787 5594 ι
823 5543 874 5597 id
901 5553 982 5600 est
1003 5562 1031 5600 a
1060 5551 1342 5615 prreseutia
1375 5553 1580 5622 peccati
1607 5573 1626 5604 ‹
1657 5555 1914 5612 collectus
1937 5571 2022 5617 est
2042 5583 2060 5614 ι

498 5649 527 5686 a
562 5633 670 5686 Deo
698 5634 888 5689 Patre:
923 5636 1140 5704 «justus
1174 5659 1190 5689 ι
1228 5640 1474 5698 Christus
1507 5648 1834 5716 resurgendo
1864 5664 1894 5702 a
1920 5668 2064 5706 mor-

503 5726 622 5786 tuis,
656 5726 766 5780 sive
795 5736 1014 5796 propter
1056 5730 1314 5786 malitiam
1363 5734 1637 5791 hominum
1680 5753 1907 5810 quorum
1939 5759 2064 5814 pec-

2196 1932 2263 1989 ad
2287 1932 2542 2002 gentiles,
2573 1949 2736 2004 quam
2769 1934 2902 2004 ipsis
2929 1935 3189 2006 apostolis
3230 1935 3520 2008 dereliquit
3556 1940 3747 1994 dicens
3774 1960 3788 1994 :

2199 2040 2218 2075 ι
2253 2021 2445 2079 Pacem
2502 2023 2748 2093 relinquo
2799 2025 2992 2090 vobis,
3049 2041 3238 2095 pacem
3273 2043 3451 2084 meam
3505 2029 3577 2084 do
3638 2031 3790 2085 vobis

2194 2111 2556 2185 (Jaau.x1v).t
2581 2113 2823 2184 Cumque
2845 2114 2933 2168 illa
2954 2129 3058 2184 pax
3083 2117 3289 2171 venerit
3313 2132 3433 2186 qua:
3463 2129 3790 2188 cessuperat

2191 2219 2408 2261 omnem
2437 2221 2655 2262 sensum
2686 2205 2907 2280 (Philip.
2937 2208 3034 2278 tv),
3063 2210 3448 2278 trequiescant
3476 2212 3706 2280 apostoli
3738 2213 3786 2265 in

2191 2296 2354 2353 cubili
2392 2313 2522 2364 suo,
2567 2298 2622 2352 id
2663 2298 2831 2355 estin
2870 2309 3073 2355 aeterna
3115 2300 3477 2358 beatitudine.
3517 2301 3639 2372 Ipse
3667 2319 3786 2356 vero

2190 2386 2284 2456 qui
2318 2402 2424 2457 pax
2449 2396 2534 2443 est
2565 2395 2620 2442 et
2650 2403 2840 2458 pacem
2879 2389 3069 2444 tribuit
3097 2389 3378 2453 ﬁdelibus,
3411 2391 3705 2445 ambulavit
3727 2393 3788 2445 in

2191 2478 2516 2534 rectitudine
2542 2493 2662 2544 sua,
2684 2480 2811 2552 quia
2845 2488 2994 2534 recto
3021 2481 3233 2538 tramite
3259 2483 3421 2537 rediit
3449 2483 3522 2536 ad
3548 2483 3767 2537 Patrem.

2265 2585 2284 2617 ι
2320 2567 2578 2623 Accedite
2614 2569 2756 2634 huc,
2789 2568 2885 2624 lilii
2922 2573 3304 2643 auguratrieis.
3355 2587 3545 2628 semen
3584 2573 3778 2628 adulte-

2191 2669 2284 2710 ιω.
2325 2675 2345 2709 ›
2383 2654 2716 2714 Hierusalem
2741 2659 2909 2712 multa
2936 2659 3075 2714 idola
3106 2660 3274 2716 coluit
3303 2663 3548 2717 maxime
3577 2672 3779 2733 tempo-

2191 2747 2343 2803 ribus
2386 2748 2573 2814 lsaite,
2611 2758 2668 2802 et
2705 2749 2851 2804 inter
2891 2761 3118 2808 cteteras
3164 2754 3456 2823 spurcities
3501 2756 3792 2826 augurium

2189 2840 2352 2894 etiam
2397 2840 2660 2898 exercuit.
2701 2840 2854 2899 Unde
2890 2845 3228 2914 appellantur
3272 2847 3433 2900 modo
3474 2847 3653 2905 Judari
3699 2849 3789 2904 lilii

2190 2932 2551 3003 auguratricis
2582 2941 2638 2988 et
2677 2947 2862 2990 semen
2898 2936 3159 2992 adulterae
3188 2938 3463 3004 mulieris,
3495 2942 3614 2995 sive
3637 2943 3789 2996 adnls

2190 3026 2290 3081 teri
2310 3025 2492 3096 populi
2522 3027 2577 3081 in
2607 3027 2930 3096 quibusdam
2953 3029 3438 3100 legitur,etsetnen
3469 3031 3789 3088 fornicarize

2188 3118 2359 3188 plebis
2391 3119 2475 3175 vel
2512 3119 2791 3176 mulieris:
2825 3130 2883 3176 ut
2918 3123 3004 3177 vel
3041 3124 3120 3179 sic
3163 3124 3367 3180 confusi
3396 3126 3790 3193 paenitentiam

2188 3221 2369 3283 agant.
2403 3210 2556 3268 Sicut
2581 3213 2824 3268 adultera
2859 3215 3060 3270 dicitur
3097 3217 3306 3282 mulier,
3331 3233 3445 3286 qua:
3484 3220 3782 3288 proprium

2187 3302 2364 3356 virum
2395 3302 2622 3356 dimittit
2649 3311 2705 3358 et
2740 3304 2983 3360 adhmret
3017 3307 3213 3362 alieno.
3239 3307 3325 3362 Sic
3351 3317 3405 3362 et
3425 3307 3774 3363 Hierusalem

2187 3391 2429 3447 adultera
2455 3393 2782 3462 appellatur,
2818 3395 2942 3464 quia
2969 3396 3257 3468 dereliquit
3293 3399 3564 3467 proprium
3591 3399 3780 3453 virum

2187 3483 2378 3547 Deum,
2405 3493 2460 3537 et
2487 3484 2713 3539 adhmsit
2753 3485 2988 3540 diabolo.
3022 3486 3176 3543 Unde
3222 3489 3272 3543 ei
3304 3490 3462 3543 modo
3489 3488 3734 3556 loquitur
3764 3508 3780 3543 :

2191 3593 2209 3626 ι
2244 3575 2498 3632 Accedite
2525 3576 2593 3631 ad
2636 3591 2746 3642 me,
2775 3577 2869 3632 lilii
2897 3580 3285 3648 auguratricis,
3313 3590 3370 3634 et
3409 3581 3589 3636 audite
3612 3581 3782 3636 verba

2185 3681 2304 3719 utea
2330 3665 2422 3735 qui
2449 3666 2581 3720 estis
2606 3681 2788 3721 semen
2813 3667 3070 3723 adultera:
3098 3663 3342 3726 mulieris
3362 3680 3416 3724 et
3441 3671 3786 3735 fornicarize,

2185 3753 2360 3825 Super
2385 3770 2542 3826 quem
2572 3755 2853 3812 lusistiset
2876 3759 3145 3815 dilatastis
3170 3775 3257 3826 os,
3289 3771 3344 3817 et
3377 3762 3644 3832 rejecistis
3678 3763 3784 3816 lin-

2184 3848 2378 3915 guam?
2413 3863 2432 3897 ι
2459 3843 2574 3898 Vox
2597 3844 2719 3899 Filii
2752 3847 2844 3901 Dei
2874 3852 3354 3907 commemorantis
3382 3853 3652 3907 satvitiam
3679 3851 3784 3907 Ju-

2183 3935 2422 3990 dteorum
2451 3945 2640 3992 contra
2665 3952 2741 4001 se,
2760 3954 2924 4009 quam
2948 3943 3206 3998 sustinuit
3234 3954 3481 4015 tempore
3508 3948 3784 4016 passionis

2181 4043 2293 4084 suae
2330 4030 2471 4084 sicut
2514 4031 2862 4102 evangelistze
2903 4032 3212 4100 insinuant,
3243 4037 3463 4107 quando
3491 4039 3786 4095 illuscrunt

2181 4118 2629 4176 etdilataverunt
2652 4135 2714 4176 os
2740 4128 2796 4175 et
2826 4119 3104 4190 eiecerunt
3141 4123 3380 4198 linguam
3417 4126 3488 4183 ad
3520 4126 3784 4198 blasphe—

2181 4209 2436 4264 maudum
2470 4224 2625 4275 eum,
2671 4211 2901 4281 quando
2928 4213 3179 4270 videlicet
3212 4215 3542 4275 velaverunt
3579 4218 3782 4274 faciem

2179 4296 2316 4366 eius,
2351 4306 2405 4354 et
2432 4309 2818 4369 percusserunt
2857 4313 3020 4372 caput
3051 4303 3170 4375 ejus
3209 4306 3604 4374 arundine,,et
3628 4310 3778 4366 dixe—

2180 4397 2347 4444 runt:
2369 4388 2520 4454 Ave,
2536 4404 2635 4446 rex
2655 4389 2964 4449 Judaaorum
2985 4404 3077 4454 aet
3107 4396 3487 4467 imposuerunt
3510 4414 3771 4456 coronam

2179 4483 2422 4554 spineam
2469 4485 2526 4540 in
2563 4485 2743 4557 capite
2769 4484 2922 4556 ejus,
2965 4496 3022 4544 et
3046 4499 3243 4545 caetera
3278 4506 3398 4561 qua:
3422 4492 3768 4562 evangelicns
3815 4518 3826 4530 -

2177 4590 2360 4632 sermo
2405 4588 2792 4635 commemorat
2856 4580 3028 4653 (Luc.
3083 4599 3259 4653 una;
3316 4585 3513 4641 Matth.
3570 4604 3768 4653 nm;

2177 4665 2350 4722 Marc.
2374 4684 2474 4736 xv;
2499 4668 2663 4726 Joan.
2691 4672 2831 4744 xm).
2858 4673 3113 4745 Nunquid
3154 4692 3265 4732 non
3300 4677 3681 4734 dilataret-unt
3713 4694 3783 4734 os

2173 4764 2240 4811 et.
2258 4757 2534 4828 eiecerunt
2556 4759 2803 4830 linguam
2819 4763 2887 4817 ad
2915 4763 3401 4834 blasphemandum
3426 4767 3628 4832 Deum,
3646 4784 3776 4824 cum

2174 4846 2471 4904 dixerunt:
2511 4851 2888 4908 «Demetrium
2914 4856 3111 4923 habes;
3143 4858 3526 4916 Samaritanus
3576 4876 3670 4926 es;
3723 4864 3782 4917 in

2175 4937 2418 5009 principe
2458 4940 2846 4998 daemoniorum
2895 4944 3045 5015 ejicit
3100 4948 3366 5005 daemonia
3412 4951 3618 5023 (Joan.
3665 4969 3776 5019 vn,

2174 5029 2348 5100 Vlll).)
2374 5031 2443 5086 Et
2470 5039 2709 5102 tempore
2729 5035 2997 5104 passionis
3027 5053 3150 5092 cum
3177 5041 3429 5096 dixerunt
3453 5060 3467 5096 :
3495 5043 3783 5116 Crucilige

2175 5132 2464 5182 eum,reus
2501 5129 2587 5175 est
2617 5124 2828 5178 mortis.
2854 5124 2920 5180 Et
2941 5127 3057 5181 Vah
3084 5129 3176 5198 qui
3217 5131 3451 5184 destruis
3481 5132 3774 5202 templum.

2177 5208 2351 5278 Super
2375 5225 2538 5280 quem
2568 5210 2782 5284 (inquit)
2825 5216 2941 5271 haec
2962 5219 3140 5272 omnia
3172 5219 3396 5290 fecistis,
3430 5221 3568 5276 dicit
3596 5225 3780 5280 Filius

2175 5299 2308 5366 Dei,
2350 5301 2454 5356 nisi
2489 5317 2650 5372 super
2696 5307 2826 5360 me?
2869 5326 2887 5357 ι
2943 5307 3196 5379 Nunquid
3231 5326 3336 5365 non
3367 5327 3461 5366 vos
3503 5313 3602 5368 lilii
3646 5331 3778 5370 sce-

2174 5390 2321 5456 lesti,
2350 5407 2532 5448 semen
2560 5394 2805 5457 mendax,
2833 5399 2924 5466 qui
2949 5401 3299 5456 consolamini
3332 5403 3384 5456 in
3414 5403 3543 5467 diis,
3582 5424 3600 5456 ι
3628 5405 3774 5460 alic-

2175 5483 2260 5537 nis
2290 5503 2307 5534 t
2345 5483 2530 5539 subter
2559 5501 2718 5541 omne
2746 5488 2950 5558 lignum
2983 5493 3316 5556 frondosum,
3342 5514 3361 5546 ι
3393 5495 3442 5548 id
3469 5506 3554 5550 est
3577 5513 3775 5550 nemo.

2175 5587 2375 5635 rosum,
2411 5592 2429 5623 ι
2467 5574 2809 5633 immolantes
2843 5583 3094 5650 parvulos
3125 5585 3175 5638 in
3216 5587 3548 5641 torrentibus
3572 5591 3776 5641 subter

2174 5662 2517 5720 imminentes
2563 5667 2904 5742 (eminentes)
2956 5677 3179 5742 petras?
3223 5697 3240 5727 ι
3277 5677 3396 5732 Filii
3453 5680 3648 5733 diaboli
3711 5693 3773 5734 et

2172 5753 2376 5820 peccati
2428 5763 2616 5822 erant,
2672 5758 2811 5813 sicut
2869 5762 3125 5820 Dominus
3169 5766 3249 5821 eis
3285 5766 3457 5821 dicit:
3501 5790 3518 5819 ι
3557 5765 3663 5824 V‘os
3695 5789 3770 5826 ex
