4016 6476
256 375 392 439 1015

1324 374 1673 434 ΕΟΜΜΕΝΤ.
1712 372 1778 430 ΙΝ
1815 373 2069 431 ιελιΑιιι.
2098 404 2167 417 -—
2202 374 2325 433 LIB.
2364 376 2449 433 Ill.

3385 377 3522 455 loli

251 501 410 569 patre
443 485 658 557 diabolo
680 486 815 547 estis
846 489 1026 563 (Joan.
1072 490 1189 561 rut)
1217 509 1231 544 :
1268 509 1289 543 ι
1309 506 1415 545 non
1439 507 1537 563 per
1560 499 1834 554 naturam,
1867 497 1913 553 Α
1942 495 1996 542 ιε
2034 488 2185 561 regio
2213 495 2501 559 unguento.
2536 506 2554 540 ι
2589 486 2691 541 Per
2711 494 2940 542 stratum
2966 488 3055 545 hic
3078 488 3335 545 debemus
3361 486 3519 542 inteb

253 584 353 646 sed
378 596 476 658 per
494 580 849 641 imitationcs.
876 582 1150 638 Scelestus
1174 583 1340 638 homo
1363 583 1562 638 dicitur
1579 579 1835 637 crudelis.

259 681 325 736 Et
354 679 427 735 illi
451 676 744 734 crudeliter
766 691 830 730 ac
855 673 1104 744 nequiter
1132 675 1386 747 agebant,
1414 674 1631 745 quando
1652 672 1842 727 relicto

259 770 371 827 Deo
393 784 529 825 vero
556 764 713 823 idolis
740 766 1049 822 serviebant
1075 806 1089 831 ,
1105 774 1165 821 et
1190 765 1292 820 diis
1319 765 1510 820 alienis
1552 761 1689 818 ﬁlios
1714 776 1843 817 suos

259 858 633 916 inmolabant.
671 856 869 912 Semen
912 856 1141 911 mendax
1178 865 1362 921 erant,
1407 855 1532 925 quia
1571 851 1841 910 diabolum

259 952 633 1018 imitabantur,
665 952 756 1021 qui
794 960 879 1006 est
912 950 1145 1005 mendax
1173 951 1340 1023 (sicut
1375 950 1632 1005 Dominus
1660 947 1755 1019 ait)
1790 955 1844 1002 et

259 1052 417 1113 pater
449 1041 564 1111 ejus
584 1082 600 1108 ,
631 1042 683 1096 id
717 1050 834 1107 est,
864 1040 1165 1107 mendacii,
1210 1052 1364 1112 pater
1394 1050 1448 1096 et
1485 1050 1674 1095 auctor
1703 1037 1841 1109 ejus.

260 1126 378 1189 llee
404 1146 532 1187 vero
562 1130 706 1203 quod
736 1130 886 1196 dicit,
917 1129 1009 1201 qui
1036 1130 1389 1186 consulamini
1415 1131 1467 1184 in
1495 1130 1597 1184 diis
1621 1128 1841 1193 alienis,

266 1217 319 1278 id
355 1230 470 1289 est,
517 1220 608 1292 qui
651 1220 992 1275 delectamini
1021 1220 1074 1275 in
1112 1222 1215 1277 diis
1241 1223 1430 1277 subter
1456 1236 1618 1276 onme
1642 1221 1844 1293 lignum

264 1310 602 1378 frondosum,
632 1308 973 1367 immolantes
999 1311 1251 1381 parvulos
1289 1312 1341 1366 in
1375 1312 1704 1367 torrentibus
1723 1310 1873 1385 sub-.

266 1412 350 1459 ter
375 1404 718 1459 imminentes
758 1412 939 1474 petras
969 1421 981 1456 :
1009 1403 1061 1457 in
1097 1402 1234 1458 libro
1261 1402 1465 1473 Regum
1493 1410 1549 1456 et
1572 1398 1847 1468 Paralipo-

265 1508 460 1551 menon
486 1493 727 1565 apertius
766 1491 1166 1558 manifestatur,
1190 1491 1279 1547 nbi
1305 1490 1501 1547 dicitur
1522 1489 1665 1560 quod
1710 1488 1847 1545 ﬁlios

262 1600 394 1642 suos
425 1594 481 1641 et
508 1585 648 1641 ﬁlias
666 1584 914 1641 fecerunt
939 1585 1172 1639 transire
1213 1598 1310 1654 per
1338 1583 1546 1655 ignem,
1580 1591 1635 1638 et
1661 1582 1850 1638 subter

264 1676 408 1751 ligna
433 1690 755 1744 nemorosa,
793 1676 930 1731 etin
967 1675 1299 1731 torrentibus
1340 1682 1398 1730 et
1438 1673 1625 1730 subter
1664 1672 1847 1727 immi-

260 1776 456 1827 nentes
498 1776 685 1840 petras
728 1765 1043 1821 obtulerunt
1097 1763 1253 1823 idolis
1298 1763 1586 1820 sacriﬁcia.
1626 1762 1703 1818 De
1742 1762 1847 1818 bac

1941 578 2107 650 ligere
2136 580 2481 646 adulterium,
2520 580 2664 651 quod
2699 578 2753 633 in
2804 588 2975 634 stratu
3020 589 3301 653 operatur,
3342 588 3398 634 et
3430 594 3525 650 per

1942 687 2160 725 manum
2200 671 2568 741 operationem
2619 670 3041 737 irreverentem,
3069 679 3129 725 ut
3174 672 3247 738 sit
3286 684 3522 726 sensus:

1943 762 2187 818 Dilexisti
2228 748 2549 841 adulterium
2576 777 2739 817 manu
2769 770 2979 832 aperta,
3008 762 3063 817 id
3097 771 3199 824 est,
3232 762 3350 821 sine
3372 777 3525 818 vere-

1942 854 2137 909 cundia
2165 864 2220 910 ει
2248 855 2561 923 operatione
2591 854 2910 911 irreverenti
2931 896 2956 921 μ
2975 865 3032 912 ει
3060 857 3263 912 ornasti
3294 866 3348 910 et
3390 872 3527 926 pra:-

1942 947 2147 1016 parasti
2177 954 2230 1000 te
2260 954 2534 1016 unguento
2562 945 2729 1018 regio,
2768 946 2820 999 id
2855 954 2965 1012 est,
2988 946 3271 1011 diabolico,
3312 947 3405 1017 qui
3444 955 3529 1002 est

1944 1054 2040 1093 rex
2073 1053 2236 1106 super
2256 1052 2445 1092 omnes
2483 1036 2622 1094 ﬁlios
2653 1037 2936 1106 superbire.
2967 1036 3063 1092 Vel
3092 1045 3365 1107 unguento
3391 1052 3529 1109 prte—

1943 1129 2148 1198 parasti
2180 1137 2231 1183 te
2259 1127 2438 1199 regio,
2477 1127 2530 1182 id
2557 1136 2669 1191 est,
2704 1127 2846 1184 idolo
2889 1127 3245 1184 Moabitarum
3274 1148 3290 1184 ε
3324 1128 3468 1197 quod
3498 1144 3529 1203 ξι

1944 1220 2263 1291 quibusdam
2301 1219 2511 1275 Moloch
2538 1219 2624 1275 vel
2653 1218 2896 1275 Melchon
2923 1219 3246 1290 appellatur,
3278 1227 3332 1276 et
3365 1220 3529 1274 inter-

1944 1319 2190 1383 pretatur
2210 1326 2321 1366 rex.
2337 1308 2433 1366 Cui
2460 1324 2520 1367 se
2550 1311 2892 1382 praeparabat
2910 1309 3245 1376 Hierusalem
3266 1318 3321 1366 et
3349 1307 3531 1364 multi-

1946 1395 2180 1474 plicabat
2213 1405 2511 1476 pigmenta,
2544 1412 2604 1459 ut
2641 1413 2835 1459 ornatu
2871 1420 2969 1460 suo
3002 1413 3057 1458 et
3092 1404 3259 1459 odore
3296 1403 3532 1474 placeret

1947 1493 2280 1549 amatoribus
2304 1492 2433 1548 suis.
3474 1550 3479 1563 ,

2025 1606 2043 1640 α
2072 1586 2262 1642 Misisti
2294 1584 2500 1657 legatos
2525 1595 2648 1642 tuos
2674 1586 2885 1658 procul,
2909 1607 2926 1640 ι
2961 1585 3238 1653 subaudis,
3279 1586 3347 1641 ad
3383 1585 3530 1642 defe-

1950 1677 2119 1732 renda
2149 1677 2292 1733 idola
2313 1717 2330 1743 ,
2362 1685 2419 1733 et
2453 1677 2834 1733 conducendos
2865 1685 3169 1749 amatores,
3203 1695 3221 1728 ι
3249 1685 3303 1730 et
3352 1676 3530 1730 humi-

1950 1770 2082 1825 liata
2107 1784 2169 1828 es
2206 1784 2374 1839 usque
2397 1770 2465 1825 ad
2499 1768 2721 1834 inferos,
2745 1788 2764 1821 ι
2799 1769 2852 1823 id
2877 1777 2982 1833 est,
3012 1777 3233 1840 propter
3259 1783 3422 1839 opera
3446 1776 3533 1823 tua

263 1858 631 1916 immolatione
662 1856 795 1914 dicit
818 1855 1101 1913 Psalmista
1136 1873 1151 1910 :
1197 1876 1213 1908 ι
1245 1853 1669 1910 lmmolaverunt
1710 1852 1848 1909 ﬁlios
1879 1855 1926 1915 Β
1953 1859 2095 1914 mala
2133 1860 2467 1930 praecipitata
2491 1874 2554 1914 es
2584 1859 2639 1915 in
2666 1867 2916 1914 mortem.
2946 1858 3012 1913 Et
3039 1850 3131 1914 est
3151 1874 3344 1915 sensus
3369 1876 3383 1912 :
3415 1857 3533 1914 Non

264 1964 395 2005 suos
420 1948 644 2007 etﬁlias
671 1947 950 2003 daemoniis
977 1943 1150 2017 (Psal.
1181 1944 1291 2017 ev).
1329 1965 1347 2000 ι

341 2024 367 2092 ι’
390 2038 449 2095 In
472 2039 719 2110 partibus
746 2038 1027 2110 torrentis,
1059 2056 1077 2090 ι
1115 2036 1169 2091 id
1203 2034 1363 2091 estin
1389 2034 1523 2106 ripis
1560 2032 1841 2099 torrentis,

264 2143 392 2200 pars
414 2137 527 2196 tua,
542 2144 576 2185 ο
595 2127 952 2193 Hierusalem,
982 2143 1099 2198 qua:
1119 2126 1429 2197 relinquens
1454 2125 1624 2181 altare
1653 2124 1845 2181 domus

263 2220 477 2277 Domini
504 2220 558 2277 iu
583 2220 914 2301 torrentibus
943 2219 1208 2274 immolas.
1240 2238 1258 2271 ι
1278 2218 1404 2274 Ηωε
1431 2227 1514 2274 εει
1534 2233 1661 2289 pars
1688 2225 1797 2282 tua,
1820 2233 1839 2266 ι

261 2314 523 2369 subaudis
542 2313 596 2367 in
629 2312 837 2368 cultura
864 2312 1149 2375 idolorum,
1172 2330 1192 2363 ι
1227 2320 1280 2367 ει
1307 2311 1438 2381 ipsis
1460 2310 1691 2366 clludisti
1712 2308 1845 2364 liba-

262 2417 421 2468 men,
450 2401 689 2459 obtulisti
715 2401 1061 2458 sacriﬁcium.
1086 2420 1103 2453 ι
1122 2400 1403 2456 Libamina
1433 2409 1560 2455 sunt
1589 2400 1641 2455 in
1678 2400 1849 2469 liqua-

262 2494 535 2560 minibus,
570 2494 623 2550 in
664 2493 782 2549 oleo
820 2502 877 2549 et
915 2493 1058 2547 vino.
1091 2491 1430 2547 Sacriﬁcium
1474 2492 1527 2546 in
1558 2490 1757 2556 aridis,
1788 2489 1841 2543 in

262 2600 404 2658 pane
444 2596 501 2640 et
542 2584 797 2640 victimis.
835 2602 853 2634 ι
894 2582 1145 2654 Nunquid
1185 2598 1346 2653 super
1380 2582 1500 2647 his,
1538 2601 1558 2635 ι
1594 2579 1846 2651 operibus

264 2674 374 2731 tuis
400 2675 678 2746 pessimis,
714 2693 732 2726 ι
766 2689 870 2729 non
903 2673 1241 2742 indignabor,
1285 2691 1303 2724 ι
1340 2672 1626 2736 subaudis,
1656 2679 1713 2723 ut
1738 2685 1843 2724 non

263 2764 485 2821 reddam
513 2764 607 2820 tibi
631 2764 785 2833 juxta
811 2780 974 2834 opera
1000 2773 1091 2820 tua
1124 2764 1303 2819 mala?

340 2872 359 2905 ι
397 2853 571 2924 Super
600 2865 837 2911 montem
860 2854 1133 2911 excelsum
1160 2854 1385 2925 posuisti
1413 2854 1591 2910 cubile
1622 2863 1795 2921 tuum,
1819 2875 1837 2908 ι

261 2952 322 3000 et
341 2940 554 3001 cetera.
586 2946 727 3001 Dicit
762 2947 955 3001 beatus
981 2945 1377 3018 Hieronymus,
1409 2946 1552 3017 quod
1584 2947 1844 3017 tempori-

265 3037 367 3091 bus
418 3035 568 3091 lsaiae
611 3037 728 3091 haec
762 3027 1011 3091 ‘maxime
1047 3037 1432 3107 contigerunt,
1480 3036 1696 3106 quando
1745 3035 1845 3090 sub

266 3141 391 3194 rege
417 3125 596 3180 Achaz
624 3140 813 3181 omnes
839 3134 1049 3180 montes
1074 3126 1286 3181 cultura
1320 3127 1621 3182 daemonum
1656 3126 1842 3196 repleti

1949 1951 2163 2009 sull'ecit
2212 1952 2310 2008 tibi
2349 1960 2410 2007 ut
2445 1951 2784 2007 solummodo
2814 1951 3077 2007 adorares
3121 1950 3253 2006 deos
3302 1965 3440 2019 quos
3480 1949 3533 2007 in

1948 2043 2177 2099 circuitu
2225 2052 2316 2100 tuo
2358 2051 2547 2115 gentes
2590 2041 2841 2099 colebant
2875 2058 2888 2094 :
2926 2043 3023 2097 sed
3072 2042 3297 2110 insuper
3339 2040 3533 2095 misisti

1946 2135 2136 2208 procul
2163 2135 2217 2192 in
2240 2134 2566 2209 Babylonem
2589 2142 2644 2187 et
2669 2133 2725 2187 in
2748 2132 3059 2204 Egyptum,
3084 2141 3144 2186 ut
3165 2131 3377 2186 illorum
3400 2147 3534 2201 quo-

1947 2244 2053 2299 que
2081 2230 2211 2291 deos
2252 2229 2486 2284 adorans
2514 2226 2937 2283 fornicationem
2978 2236 3122 2281 tuam
3144 2225 3393 2297 explcres
3410 2240 3533 2279 cum

1947 2320 2242 2377 cultoribus
2270 2335 2477 2389 eorum.
2509 2318 2661 2387 Quod
2704 2317 2873 2384 dicit,
2924 2318 3207 2373 bumiliata
3257 2333 3316 2374 cs
3363 2332 3536 2388 usque

1947 2412 2012 2466 ad
2040 2412 2300 2478 infernos,
2324 2426 2429 2465 non
2455 2418 2538 2466 est
2560 2411 2661 2465 ista
2688 2410 2991 2465 humiliatio
3015 2411 3067 2465 in
3097 2410 3292 2465 bonam
3320 2420 3529 2479 partem

1947 2504 2313 2574 intelligenda.
2369 2503 2465 2571 Est
2503 2502 2648 2557 enim
2695 2502 2974 2556 humilitas
3022 2516 3142 2572 qua;
3182 2501 3419 2571 pertinet
3463 2500 3531 2555 ad

1945 2594 2172 2666 gloriam
2205 2613 2217 2648 :
2250 2603 2310 2648 ut
2346 2593 2499 2659 illud,
2530 2611 2548 2643 ι
2586 2590 2777 2649 Omnis
2799 2593 2891 2661 qui
2934 2607 2995 2647 se
3024 2592 3275 2647 humiliat
3322 2590 3529 2647 exalta—

1944 2684 2090 2739 bitur
2140 2681 2290 2752 (Luc.
2338 2698 2447 2746 xlv,
2481 2688 2537 2737 et
2585 2680 2765 2750 xvttt),
2798 2700 2816 2732 ι
2851 2689 2954 2735 etc.
3007 2680 3076 2734 Et
3119 2688 3202 2735 est
3258 2680 3360 2734 alia
3412 2696 3530 2749 quae

1943 2773 2178 2842 pertinet
2223 2772 2288 2827 ad
2334 2771 2611 2826 interitum
2658 2782 2714 2824 et
2765 2767 3244 2824 defectionemzut
3285 2778 3370 2823 cst
3401 2769 3531 2825 illud

1944 2866 2087 2933 quod
2110 2864 2162 2919 in
2188 2863 2323 2918 libro
2345 2862 2549 2933 Regum
2575 2861 2768 2932 legitur
2795 2880 2807 2915 :
2841 2879 2858 2911 ι
2881 2861 3015 2928 Quia
3037 2861 3338 2916 humiliavit
3358 2861 3529 2914 Amon

1945 2955 2180 3009 Thamar
2216 2969 2457 3019 sororem
2488 2968 2638 3006 suam
2672 2951 2757 3023 (ll
2790 2951 2915 3022 Reg.
2941 2951 3083 3022 xm).
3118 2971 3137 3003 ι
3177 2952 3241 3006 Ει
3271 2951 3531 3006 Dominus

1944 3045 2070 3100 dicit
2100 3059 2115 3098 :
2157 3063 2175 3095 ι
2213 3043 2347 3111 Quia
2369 3043 2549 3097 omnis
2569 3043 2659 3114 qui
2691 3057 2749 3098 se
2770 3042 3002 3106 exaltat,
3033 3041 3423 3096 lmtniliabitur.
3458 3060 3476 3092 ι

2020 3156 2037 3187 ι
2074 3136 2130 3192 lu
2178 3135 2523 3191 multitudine
2578 3135 2678 3189 vim
2725 3143 2828 3188 tum
2878 3134 3154 3199 laborasti,
3191 3154 3210 3189 ι
3248 3133 3299 3186 id
3341 3142 3425 3187 est
3475 3132 3527 3186 in

266 3223 412 3271 sunt.
444 3215 499 3270 In
529 3216 801 3271 montibus
838 3215 983 3271 enim
1022 3216 1253 3272 excelsis
1295 3218 1567 3295 ponebant
1600 3217 1844 3275 cubicula
1873 3211 1915 3269 C
1948 3224 2130 3278 multis
2172 3223 2473 3278 actionibus
2504 3222 2609 3278 tuis
2630 3222 2832 3292 pravis.
2866 3241 2883 3272 ι
2922 3222 2988 3277 Et
3023 3238 3129 3277 non
3160 3222 3367 3286 dixisti,
3395 3221 3526 3288 Qui-

265 3320 383 3371 sua,
418 3313 476 3359 ut
514 3304 584 3360 ibi
621 3304 889 3359 luxuriam
934 3305 1456 3375 fornicationcmque
1488 3322 1638 3359 suam
1665 3305 1845 3376 exple-
1943 3330 2145 3379 escam,
2181 3333 2199 3365 ι
2255 3314 2535 3373 subaudis,
2565 3329 2594 3366 τι
2635 3314 2844 3368 cultura
2875 3313 3161 3380 idolorum,
3194 3314 3273 3366 vel
3302 3329 3331 3366 ξι
3363 3329 3529 3383 prmo

270 3405 406 3451 rent.
435 3396 499 3450 El
530 3412 635 3483 non
663 3396 833 3451 solum
856 3395 935 3452 eis
957 3395 1061 3452 hoc
1095 3395 1293 3450 malum
1321 3395 1846 3451 sulliciebat:verum
1943 3421 2125 3477 opere,
2154 3426 2172 3458 ‹
2201 3404 2302 3473 Qui
2325 3404 2565 3460 ambulat
2592 3419 2688 3474 per
2712 3404 2852 3459 viam
2879 3404 3097 3474 regiam,
3126 3418 3230 3457 non
3255 3403 3529 3458 declinans

268 3488 431 3542 ctiam
460 3495 582 3557 post
605 3487 804 3543 ostium
847 3496 903 3544 et
949 3496 1096 3543 retro
1124 3497 1331 3559 postem
1377 3489 1650 3559 ponebant
1680 3488 1845 3543 simu-
1945 3494 2011 3548 ad
2058 3494 2336 3550 dexteram
2375 3508 2477 3550 nec
2524 3494 2591 3548 ad
2630 3493 2907 3548 sinistram
2955 3511 2968 3548 :
3022 3493 3113 3548 ille
3160 3508 3266 3549 non
3314 3493 3528 3548 laborat

267 3578 446 3645 lacra,
486 3587 544 3634 ut
573 3569 839 3635 iiitrantes
883 3578 965 3634 vel
1013 3587 1272 3634 exeuntes
1305 3594 1519 3651 semper
1559 3580 1848 3637 adorarent
1946 3587 2126 3659 (Joan,
2150 3586 2286 3659 χιγ),
2325 3606 2342 3638 ι
2377 3594 2481 3642 etc.
2511 3585 2609 3643 Via
2634 3592 2779 3642 recta
2806 3584 3052 3640 Christus
3080 3592 3184 3655 est,
3223 3584 3314 3660 qui
3350 3584 3525 3641 dixit;

267 3686 356 3736 ea,
389 3670 529 3726 sicut
557 3670 837 3740 sequentia
870 3668 1241 3725 manifestam.
1951 3678 2094 3750 «Ego
2115 3693 2234 3734 sum
2250 3680 2354 3742 via,
2377 3678 2600 3742 veritas,
2621 3685 2677 3731 et
2692 3676 2820 3731 vita.
2837 3701 2854 3727 ι
2882 3675 3044 3730 Verbi
3064 3676 3255 3747 gratia,
3275 3677 3359 3731 via
3383 3686 3526 3732 recta

346 3783 364 3814 ι
390 3761 521 3818 Post
549 3762 773 3826 ostium,
798 3780 815 3813 ι
852 3760 1047 3830 inquit,
1082 3780 1100 3812 ι
1131 3768 1185 3816 ει
1219 3769 1364 3815 retro
1390 3768 1594 3830 postem
1620 3758 1846 3830 posuisti

1952 3777 2003 3825 ει
2035 3769 2181 3840 regia
2208 3778 2294 3826 est
2335 3768 2639 3839 prudentia,
2671 3783 2791 3837 quae
2817 3768 3055 3823 ostendit
3102 3768 3335 3839 qualiter
3382 3767 3525 3823 bona

267 3850 584 3910 ntemoriale
615 3860 786 3918 tuum,
810 3869 829 3903 ι
860 3851 912 3905 id
943 3859 1051 3919 est,
1081 3867 1187 3907 non
1214 3850 1385 3906 solum
1419 3851 1473 3905 in
1500 3849 1772 3905 montibus
1796 3856 1851 3905 et

266 3944 500 4000 vallibus
524 3941 762 3999 adorasti
791 3940 1096 4007 simulacra,
1122 3942 1474 3998 verumetiam
1504 3949 1623 4010 post
1649 3940 1848 3997 ostium

262 4045 327 4094 et
354 4042 499 4090 retro
522 4042 751 4104 postem,
778 4031 923 4103 quod
952 4047 1119 4087 unum
1149 4039 1252 4099 est,
1278 4032 1504 4104 posuisti
1534 4029 1851 4086 memoriale

270 4146 444 4199 tuum,
482 4132 538 4190 id
574 4139 694 4197 est,
721 4129 896 4197 idola,
918 4139 981 4186 ut
1009 4145 1225 4204 semper
1264 4130 1321 4186 in
1358 4128 1617 4187 memoria
1643 4137 1734 4185 tua
1762 4142 1855 4184 es-

266 4231 413 4289 sent,
435 4230 703 4293 quatenus
729 4220 1011 4291 egrediens
1034 4220 1250 4278 domum
1277 4220 1363 4276 vel
1410 4220 1718 4292 ingrediens
1749 4220 1850 4276 ad-

268 4327 459 4371 orarcs
479 4326 563 4366 ea.
586 4309 751 4378 «Quia
764 4308 921 4379 juxta
948 4327 1035 4367 me
1057 4310 1469 4385 discooperuisti
1489 4321 1545 4368 et
1564 4310 1848 4384 suscepisti

222 4446 225 4451 γ
270 4402 593 4467 adulterum,
618 4420 635 4454 ι
664 4400 717 4456 id
737 4410 821 4456 est
841 4402 1130 4467 diabolum,
1157 4421 1179 4455 ς
1198 4403 1433 4460 dilatasti
1474 4402 1653 4458 cubile
1674 4410 1871 4469 tuum,

272 4501 328 4549 et
358 4492 606 4564 pepigisti
637 4507 761 4547 eum
784 4507 851 4548 eo
887 4492 1086 4558 fmdus,
1109 4513 1132 4547 ι
1161 4493 1416 4549 subaudis
1449 4503 1507 4548 ut
1529 4493 1596 4550 ad
1623 4509 1712 4548 me
1741 4508 1848 4551 non

1949 3857 2168 3928 provide
2201 3858 2643 3924 consideremus,
2676 3868 2731 3913 ct
2760 3856 2902 3912 mala
2948 3856 3178 3913 solerter
3218 3873 3529 3915 caveamus.

1949 3947 2050 4014 Qui
2091 3961 2220 4002 vero
2244 3946 2372 4019 plus
2396 3946 2540 4018 sapit
2577 3961 2740 4016 quam
2789 3954 3005 4016 oportet
3049 3961 3267 4018 sapere,
3298 3947 3388 4004 illc
3415 3948 3533 4003 sine

1949 4035 2112 4092 dubio
2141 4035 2208 4089 ad
2234 4033 2794 4090 dexteram-declinat.
2820 4035 2923 4101 Qui
2947 4043 3125 4090 autem
3153 4037 3350 4093 stultus
3372 4045 3458 4093 est
3479 4046 3535 4094 et

1950 4128 2199 4185 incautus
2242 4128 2355 4199 agit
2381 4129 2587 4193 omnia,
2612 4129 2682 4183 ad
2730 4127 3008 4183 sinistram
3039 4128 3411 4198 proculdubio
3444 4128 3535 4185 de-

1950 4217 2134 4273 clinat.
2183 4217 2254 4278 Et
2280 4216 2367 4280 ille
2396 4216 2611 4273 laborat
2637 4217 2703 4275 in'
2730 4217 2835 4283 via,
2863 4216 2954 4288 qui
2999 4217 3181 4289 pravis
3230 4218 3534 4280 actionibus

1951 4322 2166 4378 semper
2194 4308 2406 4364 deditus
2430 4315 2541 4363 .cst.

2028 4418 2046 4451 ι
2107 4398 2288 4455 Vitam
2338 4413 2535 4454 manus
2593 4405 2698 4453 tua:
2751 4397 3042 4463 invenisti,
3087 4407 3369 4471 propterea
3425 4416 3537 4463 non

1953 4489 2180 4561 rogasti,
2212 4507 2232 4541 ι
2259 4489 2528 4547 subaudis
2554 4502 2660 4543 me.
2691 4487 2758 4543 Et
2786 4487 2832 4542 si
2856 4488 3059 4559 rogasti
3103 4490 3283 4545 verbis
3307 4505 3414 4546 non
3452 4500 3534 4546 ta—

273 4586 498 4643 redires.
528 4586 791 4656 Loquitur
816 4585 1076 4643 Dominus
1102 4588 1171 4643 ad
1199 4586 1553 4653 Hierusalem,
1575 4596 1629 4643 et
1660 4588 1849 4645 redar-
1880 4584 1932 4644 D
1955 4596 2079 4636 men
2126 4579 2400 4657 0p9ribus.
2427 4588 2488 4632 ιιι
2509 4587 2592 4634 εει
2613 4578 2743 4633 illud
2767 4592 2784 4633 ε
2815 4597 2834 4629 ί
2873 4578 3105 4649 Populus
3139 4580 3226 4635 hic
3257 4579 3420 4636 labiis
3448 4597 3537 4637 me

273 4678 392 4749 guit
427 4693 549 4732 eam
579 4676 733 4746 quasi
768 4677 1106 4734 meretricem
1154 4686 1216 4737 et
1253 4678 1572 4746 adulteram,
1603 4694 1670 4735 eo
1704 4679 1850 4748 quod

273 4761 623 4836 dereliquerit
643 4766 815 4820 virum
842 4766 1219 4836 propriummid
1241 4776 1345 4834 est,
1372 4768 1563 4835 Deum,
1589 4778 1640 4823 et
1668 4770 1850 4826 adhic-

275 4857 411 4913 scrit
434 4857 627 4924 alieno,
663 4858 713 4912 id
743 4866 854 4924 cst,
889 4858 1130 4924 diabolo,
1158 4874 1257 4929 per
1285 4860 1549 4916 culturam
1586 4861 1850 4919 idolorum

276 4948 594 5005 fornicando
628 4965 749 5004 cum
799 4949 975 5020 lapide
1001 4961 1055 5006 ct
1085 4950 1246 5021 ligno.
1274 4951 1435 5008 Verbi
1463 4955 1633 5024 gratia
1652 4995 1666 5023 ,
1711 4955 1852 5011 sicut

275 5036 502 5110 quilibet
525 5040 685 5096 homo
720 5041 994 5113 redarguit
1024 5058 1246 5098 uxorem
1278 5061 1430 5100 suam
1458 5046 1644 5104 dicens
1671 5065 1683 5100 :
1718 5046 1852 5101 Dum

278 5132 487 5191 dormio
526 5130 680 5202 juxta
728 5141 811 5198 te,
858 5132 995 5187 clam
1040 5133 1249 5189 revelas
1294 5144 1524 5190 stratum
1571 5150 1753 5191 meum
1802 5143 1858 5190 et

276 5226 511 5297 suscipis
555 5225 876 5282 adulterium
916 5226 1071 5296 juxta
1102 5241 1187 5281 me
1212 5267 1227 5293 ,
1272 5236 1598 5297 pactumque
1622 5242 1749 5285 eum
1789 5243 1856 5285 eo

278 5315 449 5373 iniisti
478 5323 535 5370 ut
561 5330 667 5371 non
700 5315 903 5371 redires
934 5316 1001 5370 ad
1031 5331 1135 5371 me.
1161 5316 1257 5371 Vel
1290 5317 1361 5371 ita
1390 5324 1570 5387 potest
1605 5317 1855 5388 intelligi,

278 5402 343 5464 ut
377 5422 592 5462 omnem
620 5404 944 5459 voluntatem
973 5422 1124 5461 suam
1152 5408 1484 5463 amatoribus
1518 5407 1630 5463 suis
1654 5409 1857 5477 absque

281 5497 605 5555 verecundia
652 5496 1078 5553 manifestaverit
1102 5517 1115 5553 :
1143 5507 1199 5552 ct
1227 5515 1331 5555 non
1368 5500 1540 5555 solum
1569 5501 1623 5555 in
1658 5500 1855 5555 llteru-

282 5589 448 5651 salem
484 5588 746 5644 fornicata
794 5588 900 5654 sit,
951 5588 1042 5642 sed
1089 5597 1145 5644 ct
1194 5605 1355 5659 super
1389 5606 1578 5648 omnes
1610 5592 1758 5647 vicos
1804 5600 1859 5644 et

281 5681 592 5739 civitatulas
612 5681 888 5751 lupanaria
915 5681 1273 5736 constituerit.

361 5792 379 5826 ι
409 5770 649 5830 Dilexisti
682 5779 906 5832 stratum
929 5785 1116 5825 eorum
1147 5786 1309 5825 manu
1333 5782 1537 5841 aperta,
1570 5780 1621 5827 et
1650 5772 1853 5828 ornasti

1957 4670 2185 4725 honorat
2205 4668 2406 4740 (Isairc.
2426 4668 2601 4739 xxix).
2636 4688 2654 4721 ι
2688 4669 2863 4724 Vitam
2889 4669 2978 4723 hic
2998 4684 3095 4738 pro
3114 4669 3313 4726 divitiis
3335 4673 3535 4741 posuit,

1956 4769 2012 4817 et
2041 4761 2368 4818 abundantia
2401 4770 2737 4820 terrenarum
2762 4776 2964 4826 rerum,
2990 4761 3041 4815 in
3066 4761 3261 4832 quibus
3291 4763 3365 4817 illi
3385 4778 3537 4833 spem

1957 4852 2081 4908 vita:
2103 4866 2214 4908 sua:
2241 4850 2558 4908 collocatam
2589 4851 2880 4906 habebant.
2908 4851 2988 4907 Ac
3022 4852 3066 4907 si
3103 4854 3308 4917 diceret
3342 4872 3354 4907 :
3387 4853 3536 4909 Divi-

1960 4943 2064 4999 tias
2090 4957 2225 5013 quas
2249 4940 2596 4997 desiderabas
2630 4941 2884 5003 invenisti
2901 4982 2928 5008 ,,
2953 4943 3304 5015 omniumque
3332 4946 3536 5019 repleta

1958 5047 2019 5088 es
2046 5030 2395 5096 abundantia,
2424 5030 2651 5101 ideoque
2672 5045 2760 5086 me
2788 5045 2895 5087 non
2932 5033 3132 5102 rogasti
3167 5033 3310 5097 sicut
3348 5050 3541 5108 rogare

1959 5123 2214 5180 debuisti.

2034 5242 2051 5275 ι
2087 5222 2193 5279 Pro
2220 5238 2327 5293 quo
2345 5222 2855 5289 sollicita,'timuisti,
2884 5223 3009 5293 quia
3040 5225 3265 5279 mentita
3281 5238 3361 5287 es,
3387 5243 3407 5276 ι
3432 5234 3539 5282 etc.

1956 5315 2061 5371 Iste
2088 5329 2274 5370 versus
2316 5311 2754 5392 distinctionibus
2794 5322 2850 5369 et
2890 5314 3357 5371 subauditionibus
3397 5325 3537 5386 eget.

1959 5406 2063 5461 Pro
2078 5420 2185 5475 quo
2205 5404 2471 5460 sollicita?
2490 5402 2596 5460 Pro
2620 5404 2845 5459 divitiis.
2862 5403 3048 5474 ibique
3068 5404 3244 5459 media
3265 5405 3540 5461 distinctio

1960 5498 2204 5568 ponenda
2235 5505 2336 5552 est.
2371 5497 2439 5552 Et
2470 5504 2557 5551 est
2586 5510 2816 5553 sensus:
2863 5494 2967 5549 Pro
3003 5495 3207 5550 divitiis
3244 5511 3275 5551 a
3314 5511 3402 5552 me
3443 5496 3538 5551 tibi

1962 5590 2104 5645 datis
2136 5588 2364 5645 sollicita
2401 5587 2573 5653 fuisti,
2602 5587 2870 5657 quomodo
2915 5587 3216 5645 custodires
3242 5603 3356 5644 eas.
3406 5606 3426 5638 ι
3473 5589 3538 5649 Et

1962 5679 2223 5743 timuisti,
2260 5698 2279 5732 ι
2308 5677 2564 5734 subaudis
2607 5677 2791 5732 hostes
2824 5676 2903 5731 vel
2923 5676 3055 5732 deos
3080 5692 3109 5731 a
3140 5678 3335 5747 quibus
3356 5691 3531 5747 spera-

1962 5772 2058 5828 bas
2084 5771 2261 5828 omnia
2288 5770 2403 5831 b;ee
2432 5768 2526 5823 tibi
2548 5769 2691 5823 data.
2726 5787 2743 5819 ι
2779 5766 2916 5837 Quia
2940 5768 3162 5829 mentita
3186 5783 3264 5833 es,
3297 5786 3314 5820 ι
3344 5769 3517 5832 subau
