4016 6514
438 431 576 488 1015

919 427 964 480 ll
971 426 1010 480 Α
1022 424 1274 481 YMONIS
1317 420 1790 477 llALllERSTAT.
1833 416 2026 499 ξριες

2129 417 2235 474 PP.
2274 417 2455 473 PARS
2490 418 2530 472 l.
2562 448 2632 460 -—-
2670 415 3023 474 COMMENT.
3066 415 3239 472 BlBL.

3571 412 3725 472 IOIG

437 543 520 598 dis
566 540 783 610 quando
818 535 1182 606 egrediebaris
1205 534 1273 588 de
1300 532 1533 603 [Egypto
1556 532 1779 587 dicens:
1825 550 1842 581 ι
1874 530 2007 585 Om-
2039 532 2084 590 Α
2112 530 2325 587 Domini
2366 531 2503 605 (Isa.
2542 533 2624 603 ιι),
2668 557 2687 585 ι
2726 533 2781 588 id
2809 540 2892 588 est
2921 531 3206 588 credamus
3230 531 3284 586 in
3310 529 3591 587 Christum
3622 529 3727 585 Fi-

438 634 525 688 nia
569 646 689 702 quae
734 629 944 684 locutus
970 633 1055 683 est
1088 626 1241 682 nobis
1275 624 1531 680 Dominus
1557 621 1751 695 (Exod.
1784 622 1955 694 xxxv),
1987 641 2007 673 ι

437 729 491 777 ει
515 729 732 776 caetera.
787 737 813 770 «ν
842 718 907 773 Ει
949 717 1058 772 mei
1096 731 1203 771 non
1242 730 1303 771 es
1332 713 1612 770 recordata
1644 730 1658 771 :
1707 734 1728 766 ι
1757 713 2016 769 subaudis

437 820 680 880 tempore
705 809 903 865 laetitia:
933 816 1055 862 tute.
1080 805 1338 876 Quodque
1366 805 1646 875 sequitur:
1679 822 1699 856 ι
1730 820 1904 873 neque
1924 819 2016 860 co-

436 902 631 971 gitasti
660 900 713 954 in
751 899 913 955 corde
943 907 1054 961 tuo,
1089 897 1216 967 quia
1246 911 1348 967 ego
1378 910 1484 950 non
1515 904 1705 950 tacens
1730 912 1744 949 :
1776 903 1831 951 et
1860 897 2015 964 quasi

438 1008 547 1049 non
605 991 809 1054 videns,
851 997 906 1042 et
945 988 1050 1043 mei
1089 987 1253 1043 oblita
1291 1001 1370 1042 es.
1406 1006 1425 1040 ι
1460 984 1665 1042 Sensus
1710 985 2017 1057 hujusmodl

438 1096 521 1141 est
551 1082 725 1140 :Cum
752 1080 956 1136 divitiis
979 1077 1304 1142 abundares,
1336 1084 1388 1132 et
1411 1092 1620 1132 summa
1646 1090 1779 1145 pace
1810 1074 2017 1131 fruere-

440 1176 537 1240 ris,
560 1174 894 1241 luxuriaeque
942 1179 997 1225 et
1031 1167 1275 1227 avaritiae
1296 1177 1351 1229 et
1375 1167 1496 1223 aliis
1519 1167 1668 1222 vitiis
1688 1167 2015 1233 deservires,

438 1268 563 1338 quia
585 1262 1000 1338 praesentialiter
1025 1259 1125 1318 tibi
1140 1259 1284 1330 quod
1309 1257 1607 1313 merebaris
1633 1271 1740 1312 non
1767 1257 2015 1314 reddidi:

439 1360 639 1432 putasti
694 1356 836 1427 quod
881 1369 1096 1424 semper
1123 1361 1378 1408 tacerem
1425 1365 1532 1406 non
1578 1347 1823 1405 recolens
1876 1349 2021 1422 quod
2062 1394 2067 1399 .

439 1451 568 1508 alibi
597 1451 707 1505 dixi
734 1464 749 1504 :
782 1447 981 1511 Tacui,
1010 1443 1255 1515 nmquid
1276 1456 1499 1512 semper
1515 1440 1741 1496 tacebo?

515 1560 535 1594 ι
580 1541 691 1612 Ego
719 1537 1051 1597 annuntiaho
1068 1533 1335 1605 justitiam
1360 1540 1528 1598 tuam,
1553 1540 1609 1586 et
1654 1545 1818 1605 opera
1846 1538 1960 1595 tua,
1996 1546 2049 1584 ι·

442 1633 497 1687 id
522 1640 607 1688 est
633 1629 922 1687 simulacra
967 1635 1076 1691 tua,
1108 1644 1130 1678 ε
1171 1639 1279 1680 non
1309 1623 1607 1694 proderunt
1649 1622 1766 1678 tibi.
1799 1642 1818 1675 ι
1845 1622 1913 1677 Et
1945 1621 2025 1677 lo-

440 1726 630 1797 quitur
658 1723 882 1779 ironice.
932 1718 1012 1776 Ac
1055 1718 1101 1775 si
1143 1717 1389 1774 diceret:
1419 1715 1694 1774 Hactenus
1722 1715 1869 1782 silui,
1915 1728 2024 1769 non

442 1815 672 1887 amplius
712 1812 934 1879 tacebo,
970 1811 1063 1868 sed
1094 1809 1426 1865 annuntiabo
1466 1809 1807 1879 iniquitatem
1848 1815 2019 1874 tuam,

2116 623 2246 679 lium
2270 623 2386 688 Dei.
2417 624 2668 681 Christus
2694 625 2877 695 itaque
2912 625 3042 681 dicit
3084 624 3344 695 apostolis
3364 633 3423 679 et
3448 622 3724 695 apostoli-

2116 714 2196 770 cis
2234 715 2364 771 viris
2411 732 2425 771 :
2470 735 2489 768 ι
2525 716 2682 771 Viam
2710 715 2872 772 facile
2900 716 3096 787 populo
3120 732 3241 772 meo
3262 716 3317 771 in
3357 731 3444 771 me
3465 717 3723 772 credenti

2117 804 2278 859 ﬁdem
2307 814 2531 866 rectam,
2557 814 2611 861 et
2636 807 3007 878 operationem
3043 805 3298 861 mundam
3344 807 3729 876 praedicando,

2116 901 2173 949 et
2187 895 2418 964 praebete
2431 896 2552 958 iter,
2569 916 2589 949 ι
2609 897 2664 952 id
2673 905 2757 952 est
2768 897 3071 967 exemplum
3087 897 3286 952 bonum
3303 896 3433 966 quid
3446 912 3611 967 agere
3628 898 3724 952 de-

2116 984 2261 1040 beat.
2278 984 2500 1043 Auferte
2511 1002 2727 1057 quoque
2747 986 3093 1053 oﬂ‘endicula,
3111 987 3163 1043 id
3185 994 3268 1041 est
3284 995 3506 1056 peccata
3517 1002 3723 1042 eorum

2117 1089 2218 1145 per
2251 1075 2576 1146 baptismum
2604 1088 2852 1149 purgate,
2876 1079 2960 1134 vel
2991 1078 3061 1134 ab
3092 1078 3356 1133 idolorum
3378 1077 3594 1133 cultura
3624 1096 3728 1135 ve-

2118 1175 2232 1221 stra
2257 1168 2641 1237 praxlicatione
2687 1167 2808 1225 illos
2842 1176 3091 1224 amovete
3110 1208 3126 1234 ,
3153 1167 3206 1222 in
3232 1182 3340 1236 qua
3370 1168 3614 1223 maxime
3635 1168 3729 1224 of-

2119 1255 2357 1311 fenditur
2378 1257 2543 1324 Deus,
2571 1267 2628 1314 et
2655 1257 2733 1313 illi
2758 1258 3129 1328 impediuntur
3173 1272 3241 1312 ue
3283 1255 3497 1310 possint
3529 1258 3730 1313 venire

2121 1346 2397 1403 credendo
2422 1349 2491 1404 ad
2520 1348 2818 1404 Christum.

2197 1455 2218 1489 ι
2249 1438 2376 1497 Haec
2401 1439 2535 1495 dicit
2554 1439 3095 1523 Excelsus_habitans
3122 1438 3517 1504 aeternitatem,
3554 1458 3575 1489 ι
3612 1446 3724 1494 etc.

2121 1529 2230 1587 Iste
2257 1540 2343 1587 est
2374 1530 2620 1587 excelsus
2643 1540 2699 1588 et
2727 1530 2997 1596 sublimis,
3028 1529 3097 1585 de
3119 1545 3226 1600 quo
3271 1529 3570 1586 Psalmista
3598 1528 3682 1584 ait
3705 1544 3723 1581 τ

2129 1640 2148 1674 ι
2183 1622 2441 1679 Excelsus
2454 1637 2817 1693 superomnes
2839 1630 3028 1697 gentes
3043 1622 3303 1678 Dominus
3319 1619 3494 1693 (Paul.
3509 1624 3679 1692 exn).
3702 1641 3724 1673 ι

2122 1709 2241 1780 Ipse
2266 1711 2473 1766 habitat
2492 1711 2873 1777 aeternitatem,
2896 1710 3022 1781 quia
3054 1710 3516 1769 incommutabilis
3539 1721 3733 1768 manet

2125 1798 2180 1853 in
2209 1813 2305 1854 sua
2330 1798 2632 1866 divinitate,
2665 1814 2763 1855 nec
2790 1798 3004 1854 initium
3029 1814 3129 1855 nec
3151 1799 3313 1857 linem
3338 1799 3573 1854 habens.
3616 1818 3636 1850 ι
3664 1799 3732 1855 Η

440 1877 563 1963 ουώ
597 1913 649 1961 ιθ
679 1912 734 1960 ει
753 1877 1042 1959 δίωυιέιοη
1070 1908 1159 1954 tua
1187 1899 1458 1955 tradidero
1485 1877 1749 1963 οιιξλιιαωίε
1786 1896 1870 1953 νει
1912 1897 2021 1953 Ro.
2045 1877 2098 1939 Β
2122 1895 2370 1943 sanctum
2390 1895 2477 1943 est
2501 1903 2698 1943 nomen
2720 1887 2839 1957 ejus
2878 1888 2943 1942 in
2968 1888 3208 1953 excelsio,
3240 1888 3373 1942 etin
3399 1896 3601 1943 sancto
3634 1888 3732 1943 ba-

442 1995 636 2052 manis.
688 1990 787 2048 Vel
815 1991 1060 2047 etiamin
1097 1988 1186 2044 die
1216 1987 1405 2059 iudicii
1453 1989 1787 2045 annuntiabo
1832 1987 2024 2057 nequi-

441 2087 571 2141 tiam
615 2092 761 2139 tuam
791 2081 1042 2138 omnibus
1087 2079 1358 2151 gentibus,
1386 2078 1656 2148 quomodo
1697 2085 1886 2134 contra
1938 2090 2029 2132 me

440 2175 619 2248 egeris
663 2183 904 2244 tempore
960 2170 1229 2244 passionis
1279 2183 1436 2236 mete,
1482 2177 1543 2223 ut
1588 2176 1917 2240 cognoscant
1972 2175 2024 2223 te

443 2281 550 2323 non
595 2272 738 2321 recte
762 2263 958 2335 egisse.
1000 2260 1070 2316 Et
1114 2275 1284 2331 quare
1316 2274 1425 2315 non
1469 2260 1766 2331 proderunt
1801 2258 1894 2313 tibi
1950 2259 2024 2314 si-

444 2354 685 2411 mulacra
730 2350 1012 2419 tua?Quia
1057 2348 1149 2405 illa
1177 2346 1574 2416 conﬂabantur,
1606 2356 1663 2403 et
1710 2355 1767 2403 tu
1810 2348 2024 2420 captiva

446 2445 682 2503 duceris.

519 2557 539 2589 ι
577 2536 712 2593 Cum
748 2536 1090 2600 clamaveris,
1120 2556 1138 2588 ι
1189 2534 1447 2590 subaudis
1472 2574 1488 2600 ,
1536 2534 1606 2590 ad
1650 2548 1738 2590 me
1785 2542 2028 2604 tempore

443 2627 774 2699 captivitatis
825 2635 882 2681 et
932 2626 1258 2682 calamitatis
1288 2633 1416 2691 tute,
1444 2626 1560 2680 sive
1604 2639 1729 2680 cum
1777 2623 2029 2679 venerint

443 2718 680 2775 Chaldaai
705 2717 788 2773 vel
814 2716 1067 2783 Romani,
1094 2731 1190 2771 seu
1219 2715 1273 2771 in
1298 2714 1385 2769 die
1420 2712 1640 2783 judicii,
1671 2732 1690 2764 α
1722 2712 1953 2768 liberem
1975 2720 2030 2769 te

443 2811 756 2884 congregati
790 2810 888 2875 tui,
923 2831 941 2863 ι
971 2810 1023 2865 id
1053 2817 1156 2873 est,
1181 2808 1254 2864 dii
1293 2808 1370 2862 tui
1400 2807 1466 2862 de
1511 2805 1846 2876 captivitatls
1886 2804 2029 2861 malo

442 2912 500 2959 et
548 2903 723 2975 prenis
763 2900 954 2957 inferni
1001 2899 1303 2964 absolvant,
1342 2913 1479 2968 quos
1523 2898 1651 2952 «lens
1693 2896 2035 2968 congregastl

445 3013 511 3052 ex
554 2997 784 3053 diversis
822 2994 1101 3067 gentibus,
1147 2993 1287 3048 unde
1329 2989 1643 3069 Ieremias:
1698 3007 1719 3041 ι
1762 2987 1864 3045 Ubi
1904 2997 2032 3045 sunt

447 3089 519 3144 dii
551 3089 628 3144 tui
666 3103 800 3158 quos
845 3085 1053 3142 feceras
1092 3084 1186 3139 tibi
1227 3082 1362 3154 (Jer.
1407 3082 1672 3153 xxxv")?
1704 3101 1721 3134 ι
1769 3080 2028 3152 Surgant,

445 3189 502 3235 et
536 3178 742 3234 salvam
775 3186 826 3232 te
860 3177 1063 3232 faciant
1104 3177 1158 3230 in
1186 3174 1273 3229 die
1321 3173 1606 3228 malorum.
1660 3189 1677 3223 ι
1736 3170 1803 3226 Et
1842 3185 2032 3227 omnes

2121 1978 2322 2034 bitans.
2366 1998 2384 2032 ι
2428 1978 2526 2034 llic
2552 1979 2823 2035 excelsum
2853 1979 3051 2036 ctelum
3082 1979 3465 2050 intelligimus,
3497 1980 3598 2034 ubi
3640 1990 3729 2036 est

2122 2068 2281 2125 sedes
2300 2068 2417 2136 Dei,
2432 2067 2736 2138 juxtajllud
2766 2083 2782 2123 :
2814 2087 2832 2121 ι
2865 2068 3075 2125 Caelum
3103 2069 3235 2124 mihi
3258 2071 3416 2125 sedes
3447 2077 3557 2125 est.
3597 2088 3618 2122 ι
3660 2069 3730 2126 Et

2124 2159 2290 2216 nolite
2308 2161 2494 2232 jurare
2518 2176 2613 2231 per
2637 2159 2834 2216 crelum
2856 2200 2872 2228 ,
2901 2161 3028 2231 quia
3057 2161 3286 2216 thronus
3307 2161 3405 2216 Dei
3435 2171 3547 2216 est.
3598 2161 3734 2218 Sive

2125 2268 2225 2325 per
2242 2253 2515 2308 excelsum
2545 2253 2637 2309 ubi
2680 2252 2824 2309 Deus
2869 2253 3113 2319 habitat,
3145 2253 3423 2324 angelicos
3476 2254 3727 2325 spiritus,

2124 2344 2404 2426 inquibus
2437 2344 2781 2414 omnipotens
2822 2354 3079 2415 tanquam
3107 2345 3161 2399 in
3186 2345 3322 2399 solio
3353 2345 3511 2401 sedet
3554 2355 3614 2401 et
3640 2363 3725 2404 re-

2124 2436 2374 2505 quiescit.
2405 2435 2464 2490 ln
2507 2434 2733 2491 excelso
2755 2435 2938 2509 itaque
2967 2436 3082 2492 sive
3131 2436 3187 2493 in
3230 2436 3370 2492 caelo
3404 2453 3506 2493 seu
3545 2439 3597 2492 in
3625 2454 3716 2494 an-

2127 2530 2282 2603 gelis,
2310 2520 2362 2586 et
2387 2529 2440 2584 in
2469 2538 2660 2587 sancto
2684 2530 2941 2585 subaudis
2968 2528 3106 2585 Filio
3133 2545 3263 2594 suo,
3275 2529 3374 2587 vel
3394 2531 3453 2585 in
3483 2546 3714 2602 unoquo-

2127 2635 2231 2691 que
2251 2620 2544 2676 electorum
2568 2634 2665 2691 per
2685 2620 2846 2676 ﬁdem
2872 2628 2927 2676 et
2948 2620 3293 2677 dilectionem
3320 2622 3471 2676 Deus
3492 2621 3722 2679 habitat.

2130 2708 2281 2765 Sicut
2308 2709 2421 2780 ipse
2474 2710 2606 2766 dicit
2643 2728 2657 2765 :
2695 2730 2713 2763 ι
2751 2709 2811 2767 Si
2857 2712 2978 2782 quis
3016 2711 3192 2783 diligit
3238 2727 3329 2768 me
3348 2752 3375 2777 ,,
3398 2712 3667 2784 diligetur
3696 2727 3730 2767 a

2128 2800 2291 2856 Patre
2303 2817 2445 2867 meo,
2458 2812 2513 2858 et
2525 2803 2591 2857 ad
2605 2817 2728 2857 eum
2743 2802 3023 2859 veniemus
3037 2801 3218 2875 (Joan.
3235 2804 3374 2876 xxv),
3397 2824 3417 2857 ι
3438 2813 3729 2861 etcaztera.

2136 2912 2154 2943 ι
2186 2892 2251 2946 Ει
2279 2908 2401 2947 cum
2424 2894 2660 2949 contrito
2688 2901 2742 2949 et
2771 2894 2981 2960 humili,
3007 2915 3026 2948 ι
3063 2894 3320 2951 subaudis
3348 2897 3588 2962 habitat,
3618 2916 3639 2947 ε
3672 2906 3741 2956 ιιι

2132 2982 2365 3039 viviticet
2389 2985 2637 3054 spiritum
2665 2986 2971 3051 humilium,
2996 2995 3050 3041 et
3076 3001 3172 3042 cor
3196 2988 3584 3053 contritorum,
3610 3008 3630 3041 ι
3662 2989 3741 3045 de

2131 3074 2326 3143 quibus
2357 3074 2470 3144 ipse
2507 3076 2638 3131 dicit
2681 3094 2696 3131 :
2742 3075 2920 3150 Super
2944 3092 3107 3147 quem
3139 3078 3441 3148 requiescet
3481 3078 3734 3150 Spiritus

2132 3181 2300 3229 meus,
2322 3166 2429 3220 nisi
2446 3182 2610 3236 super
2629 3169 2885 3224 humilem
2903 3168 3037 3242 (Im.
3057 3169 3243 3239 vat)?
3263 3179 3314 3226 et
3334 3180 3546 3225 caetera.
3564 3171 3637 3226 Et
3652 3172 3730 3227 de

445 3232 615 3332 eos,»
647 3232 907 3323 subaudis
935 3266 1082 3330 deos,
1113 3283 1130 3315 ι
1161 3263 1373 3319 auferet
1410 3270 1622 3328 ventus,
1666 3279 1685 3313 ι
1726 3260 1779 3316 id
1802 3269 1888 3316 est
1923 3276 2028 3316 non
2132 3256 2329 3326 quibus
2349 3232 2630 3312 PSalmisla
2654 3276 2667 3314 :
2694 3257 2800 3315 Cor
2822 3232 3113 3317 contritum
3138 3232 3196 3316 et
3211 3261 3535 3318 humiliatum
3560 3263 3717 3317 Deus

447 3354 1048 3427 poteruntteliberare,
1076 3354 1201 3424 quia
1246 3367 1436 3409 omnes
1480 3350 1610 3406 deos
1656 3357 1779 3406 tuos
1822 3349 2033 3409 auferet

447 3445 752 3516 persecutio
780 3443 1124 3514 captivitatis,
1147 3451 1201 3498 et
1232 3441 1494 3496 adventus
1521 3440 1730 3496 scilicet
1772 3439 2028 3506 hostium,

454 3556 472 3587 ι
508 3544 564 3591 et
586 3535 735 3591 tollet
754 3549 907 3599 aura,
941 3555 963 3586 ι
996 3532 1135 3603 quod
1165 3533 1303 3588 idem
1337 3532 1626 3602 signiﬁcat.
1666 3551 1684 3584 ι
1716 3532 1819 3599 Qui
1848 3540 2029 3588 autem

449 3627 699 3682 ﬁduciam
725 3625 886 3681 habet
911 3628 1032 3687 mei,
1058 3622 1395 3679 haereditab‘rt
1425 3633 1654 3689 terram,
1691 3641 1709 3674 ι
1735 3630 1791 3678 ει
1811 3630 2027 3679 caetera.

450 3719 526 3773 De
551 3717 656 3772 illis
685 3717 817 3772 dicit
839 3714 930 3785 qui
954 3714 1097 3771 idola
1129 3728 1234 3769 non
1277 3714 1659 3777 adoraverunt,
1690 3714 1805 3768 sive
1836 3712 1903 3768 de
1925 3711 2033 3767 illis

448 3808 540 3879 qui
576 3808 629 3863 in
673 3805 1037 3878 captivitatem
1081 3803 1228 3858 ducti
1271 3803 1645 3872 pmnitentiam
1690 3811 1949 3874 egerunt,
1978 3810 2034 3858 et

451 3899 651 3955 reversi
672 3906 800 3953 sunt
824 3896 923 3951 sub
947 3893 1246 3956 Zorobabel,
1264 3901 1319 3947 et
1341 3891 1466 3947 Jesu
1510 3893 1576 3949 de
1606 3893 1944 3964 captivitate,
1973 3903 2034 3950 ut

449 3988 741 4044 adorarent
773 3988 937 4042 Deum
960 4000 1119 4041 suum
1146 3984 1200 4037 in
1231 3982 1351 4039 loco
1379 3997 1498 4049 suo,
1522 3990 1577 4038 et
1598 3983 1867 4040 servirent
1895 3984 1944 4039 ei
1978 3983 2030 4039 in

453 4086 567 4133 toto
588 4076 752 4132 corde
789 4091 906 4130 suo.

526 4189 546 4219 ‹
587 4168 653 4222 Ει
679 4169 879 4231 dicam,
919 4187 938 4219 ν
983 4165 1242 4221 subaudis
1278 4163 1420 4236 Cyro
1442 4172 1498 4219 et
1520 4164 1857 4235 principibus
1892 4165 2030 4238 eius,

458 4280 477 4311 ι
505 4258 661 4314 Viam
686 4256 847 4322 facite
870 4258 1066 4328 populo
1095 4272 1240 4324 meo,
1269 4278 1289 4310 ι
1322 4257 1376 4313 id
1402 4266 1485 4315 est
1508 4256 1739 4329 praebete
1763 4258 2032 4314 licentiam

454 4350 755 4407 revertendi
794 4348 845 4402 in
882 4357 1080 4404 terram
1124 4364 1295 4404 suam.
1349 4366 1367 4400 ι
1408 4346 1681 4404 Dcclinate
1724 4349 1791 4404 de
1838 4348 2031 4404 semita

453 4458 662 4511 eorum,
705 4462 722 4494 ι
758 4451 947 4497 utnon
992 4441 1299 4511 impcdiatis
1342 4441 1447 4495 iter
1481 4440 1811 4511 egrediendi.
1852 4458 1870 4492 ι
1923 4441 2032 4495 Au-

454 4533 593 4588 ferte
638 4529 974 4595 oﬂ‘endicula,
1009 4549 1027 4581 ι
1058 4530 1110 4584 id
1152 4537 1254 4594 est,
1281 4529 1461 4585 omnia
1490 4528 1870 4599 impedimenta
1911 4544 2030 4599 quae

455 4622 525 4680 ad
569 4624 676 4680 iter
704 4624 920 4679 illorum
963 4637 1159 4678 nocere
1202 4631 1448 4693 possunt,
1497 4631 1556 4677 ut
1597 4621 1764 4677 libere
1807 4622 2030 4676 redeant

453 4715 523 4770 ad
553 4720 755 4769 terram
783 4729 953 4769 suam.
978 4711 1344 4782 Spiritualiter
1370 4727 1500 4768 vero
1542 4712 1610 4768 de
1636 4713 1886 4767 omnibus
1930 4712 2036 4768 ele-

452 4805 560 4862 ctis
586 4804 749 4869 dicit,
774 4804 867 4874 qui
914 4804 1178 4859 veraciter
1220 4804 1273 4857 in
1316 4802 1463 4858 illum
1504 4803 1762 4866 credunt,
1792 4812 1845 4857 et
1873 4804 2030 4858 ﬁdem

456 4908 617 4964 quam
647 4892 846 4948 habent
865 4892 1115 4962 operibus
1161 4902 1458 4960 exornant,
1489 4895 1630 4964 quod
1662 4895 1761 4965 ipsi
1800 4895 2031 4951 haeredi-

458 4982 647 5040 tabunt
696 4992 895 5037 terram
938 4982 1252 5046 viventium,
1280 4982 1348 5037 de
1390 4997 1494 5052 qua
1527 4982 1810 5039 Psalmista
1853 4986 2027 5040 dicit:

464 5091 483 5123 ι
514 5070 690 5128 Credo
711 5070 889 5126 videre
908 5072 1049 5127 bona
1064 5069 1273 5126 Domini
1297 5070 1469 5137 (Paul.
1493 5071 1662 5144 xxvn),
1689 5092 1707 5125 ι
1735 5083 1788 5128 ει
1812 5082 2029 5128 caetera.

457 5164 813 5219 Possidebunt
832 5164 993 5219 etiam
1020 5173 1253 5219 montem
1282 5175 1551 5232 sanctum,
1592 5168 1645 5222 id
1684 5178 1783 5232 est,
1819 5184 2031 5224 sacram

459 5254 795 5324 Scripturam
813 5253 1023 5310 Veteris
1045 5270 1108 5309 ac
1131 5253 1265 5309 Novi
1288 5255 1639 5323 Testameuti,
1664 5273 1783 5329 qua:
1806 5265 2032 5328 utraque

458 5348 514 5402 in
539 5355 722 5402 monte
749 5344 875 5400 data
902 5353 1004 5408 est,
1027 5345 1092 5400 ad
1121 5345 1459 5402 altitudinem
1482 5349 1824 5416 praemiorum
1846 5348 2033 5403 obser-

457 5445 675 5495 vatores
702 5452 828 5493 suos
853 5437 1067 5503 invitat,
1095 5438 1161 5493 de
1196 5454 1302 5509 qua
1324 5438 1584 5494 Dominus
1621 5438 1820 5495 ludatis
1858 5440 2030 5510 loqui-

459 5539 549 5584 tur
575 5546 589 5582 :
623 5545 642 5578 ι
663 5527 951 5583 Auferetur
974 5543 1002 5582 a
1030 5528 1179 5583 vobis
1203 5545 1423 5598 regnum
1454 5529 1549 5585 Dei
1589 5530 1802 5600 (.llauh.
1836 5531 1966 5603 χχι),
2005 5552 2022 5584 ι

458 5620 512 5675 id
549 5630 655 5685 est,
688 5635 847 5675 sacra
874 5618 1172 5690 Scriptura.
1212 5620 1307 5675 Vel
1331 5630 1478 5677 certe
1500 5632 1736 5677 montem
1759 5632 2027 5688 sanctum,

460 5710 513 5762 id
553 5718 658 5776 est,
702 5710 974 5766 Christum
1007 5710 1355 5780 possidebunt
1381 5712 1574 5776 sancti,
1618 5714 1684 5767 de
1732 5728 1837 5782 quo
1891 5712 2029 5769 idem

457 5799 718 5868 propheta
762 5802 835 5854 ait
886 5818 899 5854 :
944 5819 961 5850 ι
1026 5800 1233 5857 Venite.
1282 5802 1633 5858 ascendamus
1673 5803 1744 5859 ad
1796 5813 2061 5877 montem

2131 3361 2236 3401 non
2276 3348 2483 3416 spernit
2520 3346 2690 3416 (Psal.
2727 3351 2801 3418 ι).
2832 3351 2913 3407 Ad
2952 3350 3085 3416 hoc,
3109 3351 3317 3422 inquit,
3346 3352 3545 3406 habitat
3582 3368 3713 3409 cum

2129 3438 2364 3492 contrito
2389 3445 2445 3494 et
2464 3438 2649 3494 humili
2671 3440 2863 3511 spiritu
2881 3480 2896 3505 ,
2919 3449 2980 3494 ut
3001 3441 3238 3497 vivificet
3263 3441 3515 3512 spiritum
3540 3443 3725 3497 humi-

2129 3527 2258 3582 lium
2277 3568 2301 3595 ,.
2318 3529 2369 3583 id
2390 3536 2507 3595 est,
2528 3541 2589 3585 ut
2623 3531 2713 3586 det
2745 3530 2850 3586 illis
2876 3530 3263 3603 indulgentiam
3297 3543 3649 3603 peccatorum
3669 3543 3733 3594 et

2131 3619 2297 3674 vitam
2336 3630 2594 3676 :eternam
2614 3662 2630 3687 ,
2666 3622 2763 3691 qui
2796 3622 2995 3678 mortui
3025 3631 3153 3679 sunt
3191 3634 3417 3695 peccato
3447 3636 3504 3681 et
3534 3627 3731 3682 vivunt

2130 3709 2439 3766 virtutibus.
2470 3710 2537 3766 Et
2564 3703 2801 3767 viviﬁcet
2823 3726 2919 3767 cor
2939 3714 3296 3769 contritorum
3316 3755 3333 3780 ,
3366 3715 3419 3771 id
3456 3725 3575 3781 est,
3600 3732 3731 3772 con-

2130 3800 2394 3858 solatione
2405 3802 2585 3858 divina
2608 3802 2961 3871 reformeuut
2982 3812 3258 3863 transeant
3277 3822 3309 3861 a
3334 3808 3551 3862 tristitia
3568 3809 3730 3880 hujus

2130 3894 2333 3959 saeculi,
2359 3911 2478 3965 qua:
2501 3907 2729 3951 mortem
2754 3905 3035 3970 operatur,
3060 3897 3126 3953 ad
3159 3898 3398 3954 l:etltiam
3435 3903 3726 3971 sempiter-

2133 4004 2292 4055 nam,
2317 3998 2372 4044 et
2400 3989 2466 4043 de
2490 4003 2722 4045 maerore
2741 3990 3023 4059 praesentis
3047 3990 3203 4059 vitae,
3233 3991 3299 4047 ad
3324 3993 3588 4064 gaudium
3612 3995 3729 4051 sine

2133 4082 2240 4139 line
2274 4097 2607 4137 mansurum.

2119 4196 2145 4211 σ
2209 4192 2227 4226 ‹
2269 4172 2382 4228 Non
2413 4173 2557 4228 enim
2587 4174 2640 4228 in
2669 4173 3055 4245 sempiternum
3080 4173 3321 4246 litigabo,
3344 4191 3530 4247 neque
3553 4191 3730 4247 usque

2133 4264 2200 4321 ad
2230 4265 2390 4321 tinem
2414 4264 2652 4331 irascar,
2682 4267 2809 4335 quia
2837 4264 3072 4335 Spiritus
3100 4280 3130 4320 a
3164 4265 3301 4321 facie
3328 4282 3454 4322 mea
3483 4267 3727 4339 egredie-

2132 4366 2220 4412 tur
2247 4364 2303 4411 et
2349 4354 2504 4410 ﬂatus
2541 4369 2645 4426 ego
2683 4354 2896 4411 faciam.
2929 4375 2948 4406 ι
2981 4354 3097 4410 Vox
3133 4354 3228 4410 Dei
3256 4355 3434 4410 Patris
3461 4366 3569 4412 est.
3604 4355 3722 4411 Non

2131 4449 2275 4506 enim
2321 4449 2376 4503 in
2427 4448 2811 4517 sempiternum
2858 4446 3111 4519 litigabo,
3142 4447 3194 4503 id
3236 4430 3436 4513 cst,in
3459 4456 3721 4503 aeternum

2133 4538 2361 4595 servabo
2384 4538 2518 4593 iram
2552 4552 2751 4604 meam,
2777 4552 2951 4607 neque
2984 4538 3251 4592 causabor
3268 4546 3538 4592 creatura:
3570 4554 3721 4601 inea,

2137 4629 2229 4684 sed
2257 4628 2554 4698 percutiam
2578 4628 2630 4682 in
2658 4628 2936 4698 praesenti,
2969 4638 3029 4682 ut
3055 4626 3265 4685 salvent
3285 4628 3339 4682 in
3370 4627 3579 4683 futuro.
3621 4628 3726 4684 Nec

2135 4732 2306 4789 usque
2332 4718 2400 4773 ad
2424 4717 2583 4773 linem
2605 4719 2834 4786 irascar,
2875 4720 2929 4774 id
2955 4727 3059 4785 est,
3086 4721 3224 4775 iram
3255 4736 3432 4776 meam
3460 4730 3515 4777 et
3558 4722 3725 4778 ultio-

2134 4824 2257 4865 nem
2287 4794 2393 4863 non
2424 4823 2637 4879 semper
2677 4807 2947 4865 eﬂ’undam
2974 4825 3138 4881 super
3183 4826 3301 4876 eos,
3325 4811 3455 4881 quia
3485 4810 3728 4883 Spiritus

2132 4906 2355 4953 sanctus
2376 4897 2682 4969 egredietur
2709 4913 2740 4952 a
2766 4897 2904 4954 facie
2938 4914 3078 4965 mea,
3110 4900 3201 4969 qui
3241 4909 3512 4955 sustentat
3538 4903 3727 4957 omnia

2131 4995 2189 5042 et
2214 4986 2307 5042 dat
2332 4985 2585 5041 omnibus
2612 4986 2774 5041 vitam
2793 5027 2808 5053 ,
2840 4996 2895 5042 et
2932 4987 3089 5044 ﬂatus
3112 5029 3126 5053 ,
3152 4988 3205 5043 id
3227 4997 3310 5044 est
3335 4990 3550 5045 animas
3579 5032 3598 5057 ,
3623 5006 3729 5064 ego

2133 5075 2349 5133 faciam.
2392 5079 2468 5133 De
2494 5079 2597 5133 hoc
2634 5076 2763 5133 ﬂatu
2791 5079 2989 5134 dicitur
3013 5080 3063 5134 in
3089 5078 3288 5134 Genesi
3318 5098 3332 5133 :
3369 5098 3389 5132 «
3422 5080 3728 5138 lnsulllavit

2137 5167 2393 5223 Dominus
2421 5168 2473 5222 in
2503 5167 2707 5233 Adam,
2737 5178 2792 5223 et
2832 5167 3007 5224 factus
3047 5177 3131 5224 est
3175 5170 3338 5225 homo
3378 5171 3433 5227 in
3478 5174 3724 5229 animam

2132 5260 2401 5313 viventem
2429 5256 2582 5329 (Gen.
2618 5258 2698 5330 ιι).
2728 5278 2746 5311 ι
2776 5258 2843 5313 Ει
2865 5268 2948 5315 est
2969 5273 3161 5315 sensus
3186 5278 3199 5314 :
3226 5260 3398 5333 Igitur
3428 5263 3558 5332 quia
3593 5263 3722 5335 Spi-

2132 5346 2270 5401 ritus
2296 5361 2326 5399 a
2351 5346 2486 5402 facie
2514 5361 2631 5401 mea
2674 5347 2999 5417 egredietur,
3030 5348 3122 5417 qui
3168 5349 3411 5406 viviﬁcat
3445 5353 3629 5406 omnia
3666 5364 3726 5408 et

2135 5439 2431 5509 gubernat,
2463 5446 2519 5494 et
2548 5453 2761 5494 sensum
2789 5441 2881 5494 dat
2919 5449 2975 5494 et
3011 5440 3340 5496 intellectum
3363 5483 3377 5507 ,
3407 5457 3619 5499 necnon
3666 5456 3726 5500 et

2136 5528 2369 5582 animam
2396 5544 2495 5600 ego
2526 5543 2649 5584 creo
2678 5530 2730 5584 in
2761 5530 3011 5585 omnibus
3033 5528 3183 5603 (Sap.
3207 5532 3299 5603 xv)
3325 5547 3339 5585 :
3374 5547 3482 5591 non
3517 5544 3603 5589 est
3640 5536 3724 5589 di-

2137 5635 2299 5691 gnum
2324 5628 2384 5674 ut
2402 5621 2727 5676 aeternaliter
2748 5633 2975 5690 pereant
2998 5664 3012 5686 ,
3052 5623 3147 5678 sed
3175 5623 3264 5679 hlc
3294 5626 3598 5698 percutiam
3625 5643 3722 5681 eos

2137 5709 2487 5781 ctﬂagellabu
2508 5722 2567 5766 ut
2600 5714 2830 5767 sentiant
2865 5713 2999 5768 iram
3030 5728 3228 5780 meam,
3260 5725 3316 5771 et
3351 5717 3715 5789 corrigantur.

2139 5812 2193 5859 et
2228 5802 2502 5859 iii-futuro
2531 5803 2825 5860 miserebor
2870 5819 3074 5861 eorum.
3133 5805 3423 5877 llaec-qua:
3479 5808 3719 5863 dixlzsms
