4016 6470
190 415 324 475 1017

1249 404 1599 465 COMMENT.
1639 405 1707 461 IN
1744 403 1997 461 lSAlAM.
2035 434 2106 445 —
2143 402 2267 458 LIB.
2304 400 2389 456 lli.

3314 399 3451 455 Η)Ιὸ

191 531 517 606 generaliter
550 527 825 602 pertinent
852 526 919 584 ad
949 537 1138 583 omnes
1158 523 1345 579 ﬁdeles
1368 523 1511 594 quia
1542 521 1771 578 Domino
1797 522 1849 583 Α
1874 516 2129 588 cruciﬁge
2172 516 2333 571 talem
2378 511 2593 585 (Matth.
2630 511 2801 584 xxvn)
2830 530 2844 566 :
2884 529 2903 565 ι
2927 476 3199 569 ferventes
3228 514 3282 568 in
3312 515 3451 571 iram

191 614 551 700 hagellantur,
584 619 896 697 specialiter
913 633 1041 676 vero
1067 616 1136 675 ad
1155 614 1368 673 Judaeos
1391 615 1460 671 de
1487 614 1683 687 quibus
1714 620 1771 670 et

192 723 482 783 subditur:
1592 702 1600 713 '
1627 722 1638 732 ·

269 832 291 869 ι
316 811 550 883 Propter
568 807 908 879 iniquitatem
935 804 1176 862 avaritia:
1197 801 1315 873 ejus
1345 800 1515 856 iratus
1554 811 1695 863 sum,
1718 802 1773 852 et

192 906 438 979 percussi
460 919 582 961 eum
601 944 617 969 ,
646 923 664 956 ι
702 902 755 957 id
781 909 864 957 est
886 941 901 967 ,
927 898 1180 971 populum
1210 894 1514 951 Judzeorum
1536 890 1770 963 primum

195 997 459 1055 tradendo
495 993 765 1066 Assyriis,
802 991 994 1047 deinde
1019 987 1316 1052 Chaldaeis,
1353 1000 1419 1040 ac
1441 991 1772 1055 postremum

194 1089 475 1148 Romanis.
497 1087 708 1143 Avarus
731 1083 950 1147 dicitur,
975 1080 1127 1152 quasi
1148 1078 1336 1136 avidus
1357 1075 1494 1130 auri.
1518 1074 1584 1128 Et
1603 1069 1774 1127 Judaei

196 1178 348 1236 avari
374 1184 530 1232 erant
553 1184 609 1231 et
638 1171 1129 1234 immisericordes,
1164 1167 1390 1235 ideoque
1426 1162 1606 1219 traditi
1647 1169 1776 1217 sunt

196 1270 440 1328 hostibus
465 1268 601 1326 suis.
641 1284 660 1318 ι
706 1263 976 1320 Abscondi
1004 1261 1073 1316 ab
1094 1260 1206 1325 illo,
1245 1278 1263 1312 ι
1300 1257 1356 1312 id
1395 1253 1776 1312 estaJudaico

197 1363 396 1436 populo
426 1380 443 1414 ι
474 1359 668 1419 faciem
698 1372 898 1421 meam,
933 1374 951 1408 ι
984 1353 1039 1409 id
1078 1361 1194 1416 est,
1218 1348 1560 1422 praesentiam
1600 1358 1774 1401 meam

194 1462 252 1510 et
280 1451 537 1509 auxilium
562 1462 736 1507 meum
756 1488 771 1511 .
798 1453 860 1500 ut
880 1459 966 1500 me
1008 1442 1239 1512 amplius
1283 1439 1641 1501 desiderares,
1672 1453 1691 1487 ι
1724 1442 1779 1490 ει

197 1544 507 1614 indignatus
529 1555 671 1604 sum,
695 1558 713 1590 ι
744 1535 1001 1592 subaudis
1022 1542 1209 1589 contra
1234 1541 1308 1596 te,
1330 1529 1411 1584 vel
1436 1534 1655 1600 propter
1677 1525 1779 1580 ido-

198 1634 485 1699 lolatriam,
514 1630 598 1686 vel
627 1636 847 1705 propter
874 1624 1303 1685 interfectionem
1334 1621 1426 1680 ﬁlii
1455 1619 1581 1684 mei,
1606 1637 1625 1670 ι
1648 1617 1780 1677 abiit

199 1742 393 1797 vagus,
423 1744 442 1777 ι
480 1724 534 1779 id
563 1731 680 1786 est,
707 1733 894 1774 amens
919 1723 973 1773 et
1000 1717 1117 1773 sine
1169 1729 1355 1780 sensu,
1405 1720 1466 1766 ut
1493 1710 1625 1767 Cain
1658 1728 1677 1761 ι
1724 1706 1778 1764 in

198 1818 286 1873 via
319 1815 498 1872 cordis
523 1812 606 1867 sui
641 1830 661 1863 ι
697 1811 802 1865 hoc
821 1816 904 1865 est
931 1807 985 1862 in
1009 1807 1220 1862 actione
1250 1819 1346 1860 sua
1374 1817 1559 1874 prava.

1871 611 1941 667 ad
1971 611 2193 677 malum,
2222 609 2375 679 quasi
2404 621 2556 662 mare
2598 605 2816 661 fervens
2846 605 2989 677 quod
3031 606 3311 676 quiescere
3344 623 3450 662 non

1868 710 2067 772 potest,
2095 700 2188 757 sed
2218 713 2430 769 semper
2458 698 2512 752 in
2549 702 2847 752 motuest:
2887 704 2943 751 et
2980 710 3208 766 quorum
3244 695 3452 753 malitia

1870 794 1985 848 sive
2014 791 2319 862 persecutio
2343 788 2696 854 redundavit,
2733 788 2876 844 sicut
2909 789 3213 844 redundant
3254 787 3452 845 ﬂuctus

1871 881 2040 937 maris
2084 898 2099 935 :
2147 894 2270 936 cum
2298 878 2547 934 venerint
2574 877 2800 932 Romani
2822 878 2876 933 in
2903 878 3367 935 conculcationem
3396 886 3454 935 et

1870 969 2068 1036 lutum,
2092 968 2351 1024 subaudis
2387 974 2547 1023 erunt
2576 982 2590 1020 :
2617 974 2673 1022 et
2691 965 3152 1022 conculcabuntur
3183 967 3251 1022 ab
3276 968 3452 1022 bosti-
3514 980 3523 989 ·

1871 1062 1976 1117 bus
1996 1062 2162 1116 sivea
2197 1060 2573 1116 damonibus:
2605 1058 2766 1114 sicuti
2808 1059 2981 1114 lutum
3016 1073 3125 1129 quo
3167 1061 3452 1117 recedente

1872 1151 2330 1207 atranseuntibus
2349 1149 2715 1205 conculcatur.
2767 1147 2923 1205 Sicut
2950 1162 3102 1205 mare
3139 1161 3352 1220 semper
3393 1149 3449 1204 in

1873 1251 2021 1300 motu
2050 1252 2154 1309 est,
2183 1243 2309 1313 quia
2330 1241 2621 1312 aliquando
2660 1239 2935 1310 egreditur
2979 1246 3037 1297 et
3059 1238 3348 1311 aliquando
3375 1253 3455 1294 re-

1874 1334 2118 1405 greditur
2141 1342 2198 1405 et
2234 1333 2290 1387 in
2320 1332 2494 1387 reditu
2524 1346 2622 1386 suo
2643 1330 2774 1387 facit
2789 1330 2963 1385 lutum
2996 1330 3141 1401 quod
3163 1329 3452 1386 conculca-

1877 1402 1965 1481 tur
1988 1442 2001 1478 :
2026 1424 2104 1479 sic
2132 1402 2207 1479 illi
2230 1422 2646 1492 egrediebantur
2687 1422 2755 1477 ad
2782 1421 3124 1491 iniquitatem
3150 1461 3166 1488 ,
3194 1429 3250 1477 et
3276 1435 3456 1490 regre-

1877 1517 2166 1574 diebantur
2193 1517 2259 1571 ad
2284 1516 2581 1579 interitum,
2611 1525 2667 1571 et
2687 1514 2986 1572 fluctuabat
3022 1530 3210 1572 eorum
3249 1514 3455 1570 malitia

1878 1608 2019 1663 sicut
2040 1606 2300 1661 fluctuant
2321 1605 2477 1659 unda:
2498 1605 2702 1660 maris:
2734 1605 2966 1677 ideoque
3006 1604 3303 1661 conculcati
3344 1604 3458 1663 sive

1879 1696 1948 1751 ad
1977 1694 2204 1750 nihilum
2231 1694 2435 1749 redacti
2460 1701 2603 1748 sunt.
2862 1681 2868 1687 ’

1954 1802 1974 1837 ι
2001 1783 2126 1839 Non
2167 1793 2253 1840 est
2280 1799 2386 1854 pax
2432 1782 2631 1853 impiis,
2662 1782 2798 1838 dixit
2837 1784 2980 1839 Deus
3012 1799 3184 1849 meus,
3219 1803 3238 1837 ι
3274 1784 3326 1839 id
3348 1795 3455 1849 est,

278 1926 298 1957 ι
350 1904 481 1960 Vias
516 1900 632 1971 ejus
667 1900 797 1965 vidi,
825 1907 880 1953 et
908 1897 1085 1953 dimisi
1132 1911 1278 1962 eum,
1324 1902 1379 1949 et
1410 1892 1599 1949 reduxi
1627 1905 1774 1947 eum.

1885 1890 1986 1930 non
2017 1876 2305 1947 requiescit
2342 1875 2512 1930 Filius
2544 1876 2639 1931 Dei
2682 1878 2797 1946 (qui
2832 1876 2978 1932 dedit
3007 1890 3197 1946 pacem
3233 1877 3454 1947 mundo)

204 1998 273 2056 Et
294 1994 500 2052 reddidi
537 1992 935 2049 consolationes
977 1988 1099 2060 ipsi,
1126 1997 1182 2044 et
1226 1985 1532 2056 lugentibus
1575 1981 1713 2052 ejus,
1753 2000 1772 2033 ι

204 2087 261 2143 id
292 2095 393 2151 est,
419 2080 910 2155 lugentibusSion.
958 2080 1082 2135 Vias
1125 2078 1263 2149 ejus,
1310 2076 1363 2131 id
1388 2083 1490 2140 est,
1539 2073 1780 2129 actiones

203 2180 374 2235 bonas
397 2173 603 2232 Iudaici
631 2172 832 2245 populi,
856 2170 967 2226 vidi
994 2170 1121 2224 dum
1150 2167 1428 2238 plangeret
1469 2164 1525 2219 in
1555 2162 1780 2233 captivi-

205 2275 316 2322 tate
335 2272 554 2337 peccata
577 2277 696 2328 sua,
718 2270 772 2316 et
794 2260 997 2316 reddidi
1018 2257 1435 2321 consolationes,
1457 2255 1512 2311 id
1537 2262 1644 2320 est,
1667 2256 1778 2309 hze-

91 2378 106 2389 ’
208 2359 491 2416 reditatem
536 2356 809 2428 propriam
858 2354 957 2424 ipsi
997 2350 1193 2425 populo
1234 2350 1288 2404 in
1341 2346 1674 2418 principibus
1728 2349 1783 2398 et

207 2452 512 2529 lugentibus
556 2448 717 2514 Sion,
775 2446 827 2501 id
878 2452 998 2510 est,
1042 2441 1300 2511 subjectis
1354 2440 1488 2511 ejus.
1541 2432 1778 2529 Aliterf

206 2525 461 2606 Actiones
507 2540 677 2596 bonas
733 2536 912 2608 populi
961 2532 1231 2590 credentis
1277 2530 1431 2608 vidi,
1465 2536 1521 2584 et
1571 2525 1778 2585 reddidi

206 2632 623 2694 consolationes,
654 2629 706 2684 id
737 2636 837 2694 est,
867 2626 1127 2697 Spiritum
1155 2630 1401 2683 sanctum
1428 2619 1519 2690 qui
1551 2617 1782 2689 appella-

210 2734 299 2779 tur
323 2720 648 2794 paracletus,
678 2718 731 2775 id
761 2724 864 2783 εει,
884 2714 1212 2779 consolator,
1240 2726 1399 2783 quem
1420 2709 1650 2786 perdidit
1673 2706 1784 2780 pri-

209 2829 332 2869 mus
374 2826 572 2884 parcns
603 2824 700 2881 per
743 2805 1179 2870 inobedientiam,
1236 2801 1442 2858 reddidi
1480 2798 1783 2872 lugentibus

212 2902 486 2959 Ecclesiae.

289 3012 308 3045 ι
360 2990 550 3048 Creavi
597 2989 829 3045 fructum
885 2986 1151 3043 iabiorum
1211 2998 1488 3047 meorum,
1544 3000 1564 3035 ι
1617 2980 1672 3035 id
1701 2986 1785 3034 est

212 3082 357 3155 quod
390 3081 609 3153 promisi
638 3095 736 3150 per
766 3078 1056 3135 Jeremiam
1091 3075 1233 3149 (Cor.
1260 3089 1368 3129 xxv
1390 3082 1446 3128 et
1476 3087 1602 3127 xm
1621 3070 1640 3143 )
1662 3085 1786 3139 pro-

210 3178 451 3251 phetam,
482 3182 543 3230 ut
566 3180 687 3249 post
710 3170 1043 3242 septuaginta
1070 3183 1239 3223 annos
1266 3181 1360 3223 eos
1382 3166 1447 3221 de
1473 3163 1784 3236 captivitate

213 3265 540 3323 dimitterem
566 3302 580 3326 ,
624 3261 882 3317 velociter
930 3274 1095 3330 opere
1136 3256 1446 3327 adimplevi.
1498 3255 1564 3311 Et
1609 3252 1787 3309 creari

217 3373 237 3411 ι
268 3367 456 3426 pacem
486 3352 555 3416 ei,
585 3351 676 3422 qui
697 3351 855 3421 longe
886 3358 1004 3405 erat
1050 3368 1070 3401 ι
1109 3363 1139 3401 a
1163 3355 1305 3402 terra
1336 3344 1551 3417 pr0pria
1581 3344 1636 3398 in
1670 3342 1796 3399 llic-

213 3445 466 3510 rusalem,
501 3456 523 3494 t
549 3452 605 3498 et
637 3442 821 3498 sanavi
852 3456 973 3497 eum
1013 3457 1032 3492 ι
1062 3454 1090 3492 a
1113 3438 1376 3512 peccatis,
1406 3436 1498 3511 qui
1535 3434 1796 3505 paeniten-

210 3537 345 3592 tiam
365 3535 474 3606 egit
496 3534 549 3589 in
567 3533 898 3603 captivitate.
920 3530 1091 3587 Aliter
1119 3547 1131 3583 :
1162 3528 1352 3584 Creavi
1371 3524 1607 3582 fructum
1627 3525 1794 3580 labio-

216 3643 338 3682 rum
372 3639 616 3680 meorum
640 3637 826 3693 pacem
867 3621 916 3677 ei
959 3620 1050 3691 qui
1092 3619 1247 3690 longe
1271 3624 1371 3681 est,
1407 3627 1461 3675 et
1487 3633 1672 3688 pacem
1702 3615 1793 3686 qui

211 3728 377 3787 prope
396 3723 480 3770 est
495 3731 508 3768 :
524 3714 629 3768 huc
652 3712 897 3784 estquod
917 3709 1138 3780 promisi
1159 3725 1254 3780 per
1274 3707 1561 3779 prophetas
1579 3707 1645 3761 de
1660 3704 1794 3760 Filio

215 3818 376 3869 meo,
417 3802 561 3872 quod
606 3801 984 3869 redempturus
1036 3806 1178 3856 esset
1226 3812 1395 3870 genus
1446 3796 1790 3854 humanum:

212 3909 378 3971 opere
404 3891 709 3962 adimplevi,
733 3900 979 3949 statuens
1015 3904 1203 3961 pacem
1229 3887 1428 3943 Judzeis
1452 3886 1795 3946 credentibus

213 3985 305 4063 qui
326 3998 491 4054 prope
511 3990 684 4047 erant,
699 3989 752 4035 et
778 3981 1022 4053 gentibus
1044 3980 1135 4055 qui
1157 3978 1415 4050 longe.Et
1437 3976 1621 4035 sanavi
1649 3993 1791 4041 eum,

216 4074 271 4130 id
316 4081 418 4137 est,
452 4081 741 4139 utrumque
787 4068 1037 4140 populum
1063 4068 1117 4122 in
1146 4067 1236 4122 illo
1266 4066 1574 4122 credentem
1609 4067 1793 4121 sanari

216 4177 246 4216 a
266 4167 511 4231 peccato,
533 4157 745 4214 Iudaeos
766 4157 1011 4213 videlicet
1032 4157 1100 4212 ab
1126 4155 1458 4219 inﬁdelitate,
1483 4164 1670 4226 gentes
1695 4171 1792 4209 au-

219 4260 325 4307 tem
341 4250 409 4305 ab
422 4247 718 4305 idololatria
744 4265 757 4302 :
777 4248 841 4303 de
853 4247 1047 4318 quibus
1059 4246 1189 4303 dicit
1208 4245 1496 4317 Apostolus
1512 4285 1527 4311 ,
1549 4265 1566 4298 ι
1578 4243 1687 4299 Vos
1703 4246 1794 4316 qui

217 4340 385 4395 eratis
405 4340 582 4410 longe,
609 4337 736 4394 facti
759 4338 893 4394 estis
921 4352 1087 4408 prope
1116 4336 1330 4409 (Ephes.
1360 4336 1443 4408 ιι).
1480 4355 1498 4388 ι
1528 4335 1596 4391 Ει
1616 4335 1743 4390 illud
1776 4353 1789 4390 :

219 4431 453 4486 Veniens
496 4430 890 4500 evangelizavit
935 4444 1123 4500 pacem
1175 4430 1255 4483 eis
1285 4428 1378 4498 qui
1431 4428 1587 4497 longe
1615 4434 1790 4489 erant,

220 4520 271 4574 id
303 4527 406 4584 est,
436 4519 727 4590 gentilibus
754 4527 811 4574 et
841 4533 1029 4588 pacem
1070 4519 1153 4574 his
1188 4517 1283 4587 qui
1331 4531 1525 4589 prepe,
1566 4516 1669 4573 hoc
1710 4524 1793 4573 est

216 4606 434 4663 Judaeis.

292 4716 312 4750 ι
342 4696 493 4768 impii
515 4705 691 4752 autem
716 4697 868 4771 quasi
901 4712 1050 4753 mare
1092 4696 1308 4753 fervens
1346 4697 1489 4769 quod
1512 4697 1790 4767 quiescere

219 4805 327 4845 non
368 4797 565 4858 petest,
606 4797 664 4844 et
708 4788 1010 4844 redundant
1044 4787 1235 4843 ﬂuctus
1273 4788 1391 4858 ejus
1428 4788 1480 4841 in
1509 4789 1791 4843 conculca-

219 4881 420 4935 tionem
434 4889 489 4935 et
517 4878 706 4933 lutum.
733 4897 751 4929 ι
783 4878 1043 4949 Superius
1067 4879 1276 4934 locutus
1289 4886 1371 4934 est
1392 4880 1457 4933 de
1480 4878 1678 4934 Judmis
1697 4880 1788 4949 qui

221 4973 276 5027 in
291 4971 604 5043 captivitate
630 4971 790 5041 positi
811 4971 1179 5041 paenitentiam
1207 4977 1454 5039 egerunt,
1476 4985 1612 5040 quos
1632 4986 1790 5026 sana-

220 5061 301 5117 vit
327 5077 356 5117 a
384 5061 620 5132 peccatis
647 5060 954 5115 reducendo
990 5059 1109 5114 illos
1154 5059 1209 5113 in
1241 5059 1600 5125 Hierusalem,
1631 5068 1687 5115 et
1722 5059 1791 5116 de

222 5155 328 5209 illis
355 5152 515 5208 etiam
538 5147 627 5222 qui
654 5160 775 5222 post
808 5151 1018 5207 Domini
1064 5151 1367 5221 passionem
1392 5152 1739 5206 crediderunt
1775 5169 1787 5205 :

220 5258 364 5301 nunc
396 5243 463 5298 de
495 5240 600 5296 illis
623 5242 928 5311 specialiter
956 5242 1194 5311 loquitur
1238 5242 1331 5312 qui
1376 5243 1429 5296 in
1478 5242 1792 5299 infidelitate

222 5352 321 5393 sua
352 5342 474 5406 post
500 5332 706 5389 Domini
744 5333 1112 5388 ascensionem
1143 5340 1575 5407 permanserunt,
1598 5332 1792 5402 quibus

222 5429 437 5484 dicebat
456 5427 646 5482 beatus
672 5423 871 5479 Paulus
897 5441 910 5477 :
942 5423 1106 5480 Vobis
1126 5425 1338 5493 quidem
1369 5425 1650 5495 oportebat
1679 5424 1791 5493 pri-

224 5534 370 5575 mum
395 5516 537 5587 loqui
560 5516 779 5569 verbum
806 5513 917 5577 Dei,
939 5513 1031 5568 sed
1056 5514 1182 5583 quia
1204 5512 1461 5582 repellitis
1488 5512 1613 5567 illud
1638 5525 1693 5568 et
1719 5513 1797 5566 in-

224 5612 413 5679 dignos
444 5622 538 5662 vos
570 5605 827 5676 judicatis
853 5612 1068 5659 aeternae
1096 5605 1219 5659 vitae
1242 5619 1257 5658 :
1280 5618 1406 5671 ecce
1433 5605 1799 5659 convertimur

223 5700 291 5752 ad
316 5706 503 5768 gentes
528 5696 665 5765 (Act.
705 5695 843 5764 ειη).
869 5695 1041 5765 impii,
1068 5696 1262 5765 inquit,
1290 5695 1404 5750 sive
1433 5695 1599 5764 iniqui
1629 5694 1795 5750 Judzei

221 5789 314 5862 qui
330 5788 380 5842 in
399 5787 605 5844 Domini
624 5786 868 5859 passione
885 5786 1251 5843 clueat-erunt
1269 5804 1280 5840 :
1305 5805 1320 5836 ι
1333 5785 1375 5840 it
1390 5800 1474 5841 tus
1488 5795 1564 5841 est
1589 5787 1795 5848 mortis,

1876 1964 1931 2020 in
1955 1966 2134 2037 impiis
2156 1965 2391 2033 Iudaeis,
2432 1980 2607 2040 neque
2648 1966 2703 2025 in
2729 1967 2982 2026 omnibus
3027 1968 3248 2023 adversa
3298 1983 3471 2038 agen-t

1877 2056 2045 2113 tibus.

2451 2162 2680 2222 CAPUT
2708 2164 2881 2221 LVIII.

1954 2277 1974 2311 ‹
2014 2258 2218 2323 Clama,
2270 2273 2338 2313 ne
2386 2273 2567 2314 cesses
2616 2276 2629 2314 :
2681 2259 2834 2329 quasi
2885 2258 3012 2314 tuba
3054 2258 3231 2313 exalta
3272 2273 3460 2314 vocem

1880 2358 2063 2414 tuam,
2110 2358 2166 2403 et
2205 2350 2464 2404 annuntia
2509 2349 2706 2420 populo
2745 2364 2865 2404 meo
2908 2348 3114 2405 scelera
3148 2364 3355 2414 eorum,
3407 2358 3463 2404 et

1878 2443 2057 2499 domui
2080 2441 2246 2498 Jacob
2270 2452 2488 2514 peccata
2514 2457 2719 2498 eorum.
2755 2461 2773 2494 ι
2807 2442 2922 2498 Vox
2948 2442 3040 2496 Dei
3057 2443 3121 2497 ad
3142 2441 3459 2511 prophetam

1879 2536 1995 2591 sive
2029 2536 2094 2590 ad
2126 2535 2352 2591 chorum
2386 2534 2748 2605 apostolorum
2781 2553 2793 2588 :
2827 2534 2872 2590 Ο
2897 2535 3155 2603 propheta
3186 2534 3301 2590 sive
3329 2534 3459 2588 cho-

1884 2640 1978 2681 rus
2009 2623 2394 2695 apostolOrum,
2424 2624 2597 2679 clama
2627 2623 2744 2679 sine
2776 2624 2987 2688 timore,
3016 2638 3083 2678 ne
3108 2634 3316 2678 metuas
3344 2623 3461 2677 illo-

1882 2730 2002 2770 rum
2028 2715 2318 2778 insaniam,
2350 2730 2419 2769 ne
2446 2729 2624 2770 cesses
2652 2730 2681 2768 a
2712 2714 3111 2786 przedicatione.
3146 2713 3308 2781 Quasi
3336 2715 3464 2772 tuba

1882 2804 2059 2860 exalta
2099 2820 2286 2859 vocem
2314 2814 2481 2870 tuam,
2523 2805 2577 2860 id
2605 2813 2705 2869 est,
2746 2820 2997 2875 magnam
3041 2819 3227 2864 vocem
3257 2804 3461 2867 emitte.

1884 2902 1945 2948 ut
1982 2893 2051 2948 ab
2071 2894 2321 2949 omnibus
2353 2893 2526 2964 possis
2552 2895 2725 2949 audiri
2760 2912 2773 2955 ;
2807 2894 3133 2950 annuntians
3170 2894 3245 2954 eis
3284 2894 3464 2951 immi«

1883 2992 2098 3038 nentem
2149 2984 2517 3052 captivitatem
2563 2998 2593 3037 a
2626 2983 2903 3051 Romanis,
2946 2994 3000 3040 et
3044 2985 3265 3039 multam
3295 2986 3465 3041 inter-

1883 3072 2187 3129 rectionem.
2228 3073 2296 3127 Et
2323 3074 2582 3129 annuntia
2624 3076 2817 3144 populo
2858 3092 2979 3131 meo
3025 3076 3227 3133 scelera
3255 3092 3465 3140 eorum,

1890 3164 1943 3219 id
1976 3173 2082 3230 est,
2109 3164 2363 3219 immania
2394 3173 2639 3236 peccata,
2679 3167 3035 3223 idololatriam
3062 3169 3335 3233 videlicet,
3373 3169 3465 3223 Ιιο-

1895 3253 2194 3317 micidium,
2225 3262 2281 3308 et
2304 3255 2655 3312 exsecrabilis
2683 3254 2942 3323 facinora,
2970 3274 3088 3326 quae
3114 3259 3250 3314 ultra
3274 3261 3465 3315 buma-

1895 3359 2021 3397 num
2049 3344 2266 3398 modum
2297 3343 2396 3413 ipsi
2425 3354 2738 3412 operantur.
2772 3345 2837 3398 Et
2860 3346 3038 3401 domui
3061 3346 3228 3403 Jacob
3258 3364 3466 3402 annun-

1894 3435 1969 3490 tia
2023 3443 2241 3505 peccata
2296 3448 2516 3499 corum,
2571 3435 2622 3488 in
2669 3434 2864 3504 quibus
2917 3436 3227 3508 delinquunt
3279 3450 3465 3499 contra

1894 3525 2060 3580 Deum
2087 3533 2141 3580 et
2167 3526 2489 3595 proximum.
2522 3524 2710 3580 Adhuc
2732 3526 2985 3596 populum
3016 3542 3170 3584 suum
3200 3528 3345 3583 illum
3371 3544 3466 3584 vo-

1893 3627 2002 3681 cat,
2034 3625 2093 3671 ut
2123 3617 2190 3672 ad
2225 3618 2595 3688 paenitentiam
2627 3634 2749 3672 eum
2781 3629 3054 3690 provocet.

1968 3728 1987 3760 ε
2025 3707 2108 3763 Με
2129 3709 2327 3763 etenim
2354 3709 2420 3762 de
2443 3709 2527 3764 die
2558 3709 2611 3762 in
2639 3709 2779 3764 diem
2802 3720 3071 3780 quaerunt,
3104 3720 3158 3769 et
3188 3713 3328 3767 scire
3350 3714 3466 3775 vias

1892 3812 2042 3852 meas
2054 3796 2260 3851 volunt.
2285 3796 2450 3864 Quasi
2472 3812 2603 3867 gens
2619 3812 2736 3866 quae
2752 3798 3016 3869 justitiam
3047 3799 3255 3867 fecerit,
3279 3811 3467 3872 etqu:e

1885 3886 2149 3956 judicium
2174 3888 2268 3942 Dei
2300 3887 2382 3946 sui
2413 3903 2518 3942 non
2548 3887 2917 3962 dereliquerit.
2956 3910 2974 3943 ι
3002 3891 3131 3949 Haec
3159 3895 3372 3964 proprie
3399 3894 3466 3950 ad

1891 3974 2103 4031 Judzeos
2127 3977 2418 4048 pertinent,
2434 3977 2525 4049 qui
2548 3979 2784 4047 quotidie
2811 3980 2879 4034 ad
2902 3979 3159 4051 templum
3181 3982 3311 4036 etin
3340 3998 3466 4055 syn-

1891 4081 2089 4138 agogas
2134 4065 2464 4123 conﬁdentes
2503 4067 2649 4139 leges
2690 4069 2783 4126 Dei
2818 4071 3237 4138 meditabantur,
3277 4082 3331 4128 et
3386 4084 3465 4128 ta—

1894 4172 2015 4212 men
2036 4157 2300 4227 justitiam
2330 4164 2383 4213 et
2413 4158 2673 4229 judicium
2699 4171 2902 4217 rectum
2929 4178 3036 4219 non
3057 4163 3419 4236 adimplebaut
3451 4185 3464 4221 :

1893 4248 2017 4319 quia
2052 4247 2191 4303 idola
2237 4263 2338 4319 pro
2367 4247 2478 4304 Deo
2511 4250 2774 4307 colebant.
2815 4253 2917 4319 Me,
2956 4254 3148 4324 inquit,
3180 4256 3245 4311 de
3286 4256 3372 4311 die
3414 4257 3466 4312 in

1893 4338 2057 4404 diem,
2099 4346 2366 4408 quaerunt,
2415 4340 2782 4397 tantummodo
2820 4357 2952 4399 voce
3000 4356 3057 4401 et
3093 4347 3355 4402 veniendo
3398 4349 3464 4402 ad

1895 4429 2152 4501 templum
2189 4439 2353 4501 atque
2396 4447 2696 4504 synagogas
2743 4451 2756 4488 :
2806 4443 2860 4490 et
2903 4436 3043 4493 scire
3080 4438 3215 4504 vias.
3260 4440 3312 4497 id
3362 4452 3464 4505 est,

1822 4554 1872 4614 υ
1897 4521 2135 4614 actiones
2168 4527 2223 4577 et
2266 4519 2572 4614 voluntates
2604 4536 2753 4579 meas
2796 4523 3004 4592 volunt,
3040 4541 3209 4601 quare
3244 4546 3348 4584 non
3375 4546 3468 4585 cx-

1896 4608 2108 4664 audiam
2135 4624 2249 4664 eos.
2280 4607 2443 4677 Quasi
2471 4627 2605 4682 gens
2630 4627 2747 4683 quae
2768 4612 3031 4684 justitiam
3053 4614 3263 4682 fecerit,
3288 4619 3338 4673 id
3361 4630 3466 4685 est,

1896 4714 1954 4757 ut
1980 4700 2140 4757 modo
2176 4700 2361 4757 fideles
2401 4702 2453 4756 in
2492 4702 2730 4763 Ecclesia
2774 4714 2919 4760 recte
2950 4714 3004 4760 et
3022 4704 3167 4777 justo
3203 4709 3466 4774 viventes.

1895 4802 1951 4848 et
1976 4791 2249 4849 Christum
2285 4793 2451 4848 Deum
2478 4802 2532 4847 et
2567 4794 2837 4850 hominem
2866 4796 3203 4855 conﬁtentes.
3232 4800 3322 4855 Vel
3351 4818 3468 4870 qua:

1889 4882 2154 4953 justitiam
2176 4881 2383 4945 fecerit,
2408 4881 2510 4937 hoc
2531 4891 2636 4947 est,
2668 4882 2806 4938 idola
2837 4901 2937 4956 pro
2958 4886 3069 4942 Deo
3091 4904 3194 4943 non
3217 4889 3462 4955 coluerit,

1896 4972 1988 5027 sed
2026 4972 2272 5027 mandata
2302 4987 2418 5027 mea
2445 4981 2591 5028 recte
2620 4989 2835 5045 semper
2855 4977 3244 5048 adimpleverit,
3271 4987 3324 5035 et
3345 4998 3465 5053 qua:

1890 5062 2168 5134 judicium,
2196 5062 2248 5117 id
2272 5070 2374 5129 est,
2406 5062 2577 5134 legem
2610 5064 2703 5120 Dei
2739 5066 2820 5122 sui
2853 5083 2958 5123 non
2984 5068 3349 5140 dereliquerit.
3380 5071 3465 5127 vel

1847 5211 1861 5225 ,
1896 5170 2078 5209 veram
2109 5154 2265 5210 ﬁdem
2308 5155 2540 5210 tenuerit
2573 5170 2639 5210 ex
2671 5173 2774 5228 qua
2805 5157 2983 5227 justus
3008 5161 3157 5216 vivit.
3204 5161 3466 5237 Spiritua-

1895 5243 2022 5298 liter
2048 5251 2226 5297 autem
2260 5242 2523 5313 justitiam
2549 5253 2603 5299 et
2625 5246 2883 5316 judicium
2908 5247 3179 5304 Christum
3207 5252 3464 5311 debemus

1897 5334 2212 5405 intelligere,
2238 5334 2327 5404 qui
2348 5343 2431 5391 est
2451 5334 2679 5405 justitia,
2704 5338 2828 5408 quia
2859 5341 2971 5413 ipse
2987 5340 3245 5410 justiﬁcat
3266 5346 3465 5404 electos

1897 5440 2060 5480 suos:
2087 5434 2143 5479 et
2162 5424 2252 5494 qui
2281 5433 2365 5481 est
2392 5423 2677 5494 judicium,
2702 5430 2825 5499 quia
2858 5450 2877 5482 ι
2910 5430 3069 5488 Pater
3109 5450 3215 5490 non
3261 5436 3467 5507 judicat

1900 5529 2242 5584 quemquam,
2260 5514 2351 5570 sed
2371 5530 2531 5571 omne
2546 5515 2806 5585 judicium
2828 5519 2975 5576 dedit
2996 5521 3129 5579 Filio
3145 5524 3322 5593 (Joan.
3339 5527 3413 5595 v).
3443 5548 3461 5580 ι

1907 5622 1925 5655 ι
1965 5604 2174 5674 Rogant
2215 5620 2301 5660 me
2336 5603 2538 5673 judicia
2584 5606 2824 5675 justitize.
2875 5631 2892 5663 ι
2945 5612 2998 5667 id
3027 5624 3129 5680 est,
3183 5627 3370 5686 rogant
3411 5630 3467 5670 ut

1904 5702 2049 5749 recte
2066 5693 2303 5763 judiccm
2322 5710 2435 5760 eos,
2457 5705 2510 5749 et
2525 5695 2730 5765 justum
2745 5696 3007 5767 judicium
3032 5702 3223 5759 faciam
3252 5722 3263 5759 :
3291 5716 3461 5761 osten-

1906 5784 2079 5841 dendo
2121 5801 2287 5858 quare
2333 5802 2438 5843 non
2484 5790 2771 5861 suscipiam
2818 5807 3005 5852 eorum
3056 5812 3236 5866 opera.
3303 5818 3319 5846 ι
3373 5800 3450 5868 Ap
