4016 6482
562 381 701 441 1019

1017 373 1371 434 HAYMONIS
1411 367 1890 429 HALBERSTAT.
1931 364 2152 423 EPISC.
2193 362 2344 418 OPP.
2383 361 2561 417 PARS
2598 362 2639 418 l.
2680 392 2750 404 —-
2784 361 3141 419 COMMENT.
3179 361 3351 420 BIBL.

3702 362 3853 419 £990

560 495 928 567 propinquare
979 493 1092 549 Deo
1142 490 1330 545 volunt
1352 527 1368 554 ,
1426 507 1446 540 ι
1509 484 1766 543 subaudis
1818 498 1995 550 voce,
2032 496 2138 538 non
2167 484 2218 547 Α
2244 490 2390 533 rens.
2420 476 2580 531 Amat
2603 476 2750 532 Deus
2774 477 3119 548 omnipotens
3145 492 3211 533 ea
3235 492 3359 548 qua:
3390 476 3655 549 superius
3681 492 3847 535 com-

560 599 743 642 onere.

631 601 743 640 ere.

594 601 653 727 ρ(
704 674 881 741 Quare
918 670 1313 742 jejunavimus,
1361 677 1415 725 et
1443 684 1550 726 non
1589 666 1871 739 aspexisti,
1930 686 1949 719 ι
2007 666 2135 721 sub-

558 764 714 820 au'dis
729 763 1086 821 exaudiendo.
1110 781 1129 813 ι
1152 759 1561 816 llumiliavimus
1572 758 1808 814 animam
1830 764 2092 822 nostram,
2114 774 2132 807 ι

559 856 614 910 id
646 864 753 921 est,
778 854 945 911 vitam
974 860 1214 909 nostram
1234 850 1529 922 jejunando
1562 870 1581 902 ι
1626 858 1684 906 et
1711 847 1970 905 nescisti?
1998 848 2138 903 Ecce

557 944 614 998 in
645 944 729 999 die
747 941 936 1017 jejunii
964 940 1129 997 vestri
1154 939 1425 995 invenitur
1451 938 1698 993 voluntas
1721 945 1919 1002 vestra,
1958 957 1977 989 ›
2006 936 2135 991 sub-

558 1032 714 1103 audis
740 1031 977 1088 carnalis
996 1071 1010 1095 ,
1054 1049 1093 1095 ι,
1125 1038 1180 1085 et
1219 1043 1407 1084 omnes
1436 1027 1710 1085 debitores
1736 1035 1946 1082 vestros
1980 1042 2135 1098 repe-

558 1120 743 1207 titis..t
770 1120 1174 1192 Proposuerunt
1215 1119 1384 1175 Judaei
1414 1119 1664 1183 Domino,
1702 1133 1871 1189 quare
1896 1134 2005 1173 non
2043 1131 2138 1173 ex-

559 1213 816 1269 audiebat
854 1229 947 1270 eas
987 1229 1111 1270 cum
1139 1212 1490 1268 humiliarent
1523 1210 1820 1281 sejejuniis
1845 1230 1860 1267 :
1887 1212 1984 1267 sed
2027 1211 2134 1267 Do-

559 1307 741 1362 minus
775 1323 889 1363 non
913 1307 1169 1377 reprobat
1186 1303 1412 1375 jejunia,
1445 1304 1537 1361 sed
1574 1319 1738 1375 epcra
1765 1319 1884 1375 quae
1912 1305 1966 1359 iu
1994 1303 2135 1376 jeju-

559 1398 653 1453 nio
686 1398 978 1464 faciebant,
1014 1398 1201 1454 dicens
1230 1414 1244 1451 :
1276 1396 1417 1451 Ecce
1442 1394 1497 1449 in
1532 1395 1618 1450 die
1639 1394 1832 1465 jejunii
1859 1394 2022 1450 vestri
2054 1394 2136 1448 in-

557 1489 775 1544 venitur
801 1487 1053 1544 voluntas
1074 1495 1277 1551 vestra,
1309 1484 1563 1541 subaudis
1593 1485 1846 1540 carnalis.
1874 1484 1954 1540 Ac
1977 1484 2022 1540 si
2062 1484 2139 1539 di-

556 1586 708 1636 ceret
731 1598 745 1634 :
768 1577 903 1635 ideo.
917 1593 1023 1633 non
1056 1577 1304 1643 exaudio,
1334 1576 1460 1647 quia
1482 1574 1748 1645 jejunium
1777 1584 2020 1631 vestrum
2046 1591 2138 1631 ca-

557 1677 643 1724 ret
671 1668 1046 1723 misericordia
1076 1707 1091 1733 ,
1114 1676 1168 1722 et
1190 1667 1409 1737 insuper
1430 1682 1528 1736 pro
1565 1665 1724 1722 laude
1748 1674 1803 1721 et
1828 1665 2136 1722 adulatione

558 1758 838 1813 hominum
891 1758 1021 1814 illud
1063 1757 1244 1830 agitis.
1294 1754 1506 1811 Vacant
1548 1754 1718 1813 Judaei
1758 1752 1996 1825 jejuniis,
2042 1756 2135 1812 sed

2239 567 2598 633 memoravit,
2642 576 2807 638 caput
2855 568 3108 624 videlicet
3145 567 3452 635 inclinare,
3497 583 3740 624 saccum
3790 580 3851 626 et

2238 658 2474 715 cinerem
2518 668 2764 714 sternere
2807 677 2819 712 :
2863 660 2907 714 si
2957 674 3094 729 puro
3151 658 3219 714 de
3264 660 3427 716 corde
3478 669 3750 731 agantur,
3789 674 3847 717 et

2237 752 2471 807 maxime
2498 759 2743 821 tempore
2772 751 3115 806 necessitatis
3142 758 3197 807 et
3225 751 3599 806 tribulationis
3630 771 3647 805 :
3686 763 3753 807 ut
3788 755 3842 809 in

2237 841 2506 907 Ninivitis,
2538 848 2595 896 et
2634 840 2804 896 David
2840 848 3001 911 atque
3026 840 3207 895 Achar
3242 840 3429 911 (Iona:
3460 856 3555 908 tu;
3598 840 3669 895 II
3706 841 3837 914 Reg.

2239 950 2357 1000 xm,
2394 931 2490 986 111
2516 931 2640 1003 Reg.
2667 931 2804 1003 xxi).
2834 930 2891 986 Si
2914 939 3095 987 autem
3117 930 3312 1001 duplici
3335 930 3516 987 animo
3541 930 3710 998 fiant,
3729 950 3840 989 non

2236 1022 2385 1095 eligit
2407 1036 2584 1093 neque
2604 1022 2866 1093 approbat
2893 1037 2976 1078 ea.

2312 1129 2330 1162 ι
2351 1109 2540 1166 Nonne
2552 1111 2654 1166 hoc
2666 1117 2750 1166 est
2770 1110 2940 1181 magis
2954 1107 3219 1182 jejunium
3235 1111 3377 1181 quod
3398 1110 3567 1184 elegi,
3588 1132 3611 1164 ι
3630 1112 3837 1169 ειὼδυι

2237 1201 2342 1268 dis,
2367 1201 2513 1271 quod
2542 1216 2641 1273 ego
2666 1200 2921 1271 praecipio
2948 1201 3044 1256 tibi
3073 1201 3379 1257 custodire?
3404 1221 3424 1254 ι
3451 1201 3713 1259 Dissolve
3733 1206 3830 1259 col

2238 1294 2519 1366 ligationes
2535 1295 2832 1365 impietatis
2850 1334 2866 1361 ,
2895 1294 3042 1350 solve
3075 1295 3365 1352 fasciculos
3394 1297 3818 1368 deprimentesn

2238 1383 2588 1456 Septuaginta
2611 1384 2851 1455 apertius
2873 1383 3264 1441 transtulerunt
3284 1384 3537 1442 dicentes
3563 1405 3576 1442 :
3602 1387 3829 1445 Omnem

2238 1475 2567 1546 scripturam
2596 1476 2840 1546 iniquam
2872 1477 3184 1533 conscinde.
3224 1476 3342 1533 Mos
3386 1487 3513 1533 erat
3554 1477 3712 1536 illius
3736 1496 3828 1551 po-

2235 1566 2368 1638 puli,
2396 1575 2457 1622 ut
2487 1567 2535 1623 si
2569 1566 2729 1623 alicui
2764 1567 2970 1639 aliquid
2998 1569 3369 1626 commodaret
3397 1569 3828 1642 chirographum

2236 1658 2362 1714 inde
2388 1659 2686 1724 scriberet,
2731 1658 2785 1715 id
2811 1667 2931 1726 est,
2969 1659 3219 1716 chartam
3262 1669 3318 1716 et
3353 1662 3700 1732 scripturam
3742 1680 3827 1735 per

2236 1762 2402 1818 quam
2438 1748 2517 1804 illi
2554 1749 2899 1820 requireret:
2933 1749 3021 1805 vel
3059 1751 3224 1806 etiam
3260 1749 3585 1819 iuramento
3621 1755 3830 1829 colliga-

557 1849 786 1920 frustra,
819 1853 948 1922 quia
984 1867 1093 1908 non
1134 1850 1496 1923 generalibus.
1527 1850 1795 1906 Generale
1827 1851 2029 1909 etenim
2049 1849 2134 1920 je-
2161 1841 2208 1900 Β
2234 1841 2367 1899 bant
2413 1857 2509 1898 eos
2546 1842 2745 1914 quibus
2788 1841 2991 1915 adQuid
3034 1844 3401 1914 pmstabant,
3430 1854 3499 1901 et
3534 1846 3831 1918 aliquando

550 1942 764 2013 junittm
820 1951 905 1999 est
950 1942 1223 1999 abstinere
1263 1942 1331 1998 ab
1369 1942 1620 1997 omnibus
1664 1942 1897 2007 illicitis,
1941 1950 1997 1997 et
2038 1943 2141 1998 hoc

554 2048 662 2088 non
699 2049 798 2104 pro
828 2034 986 2090 laude
1024 2034 1308 2104 temporali
1341 2048 1522 2105 agere.
1567 2032 1721 2101 Quod
1767 2042 1948 2090 autem
1982 2034 2137 2101 dicit,

555 2123 612 2178 in
640 2124 729 2179 die
749 2123 941 2193 jejunii
973 2125 1142 2180 vestri
1168 2124 1443 2180 invenitur
1463 2124 1712 2180 voluntas
1736 2133 1918 2180 vestra
1948 2140 2138 2180 carna-

554 2213 644 2281 lis,
669 2215 887 2285 quidam
921 2215 1138 2271 codices
1174 2216 1377 2271 habent
1408 2232 1422 2269 :
1448 2214 1750 2269 invenietur
1770 2214 2017 2273 voluntas
2052 2230 2141 2270 ve-

555 2311 691 2372 stra,
725 2305 778 2360 id
803 2313 906 2371 est,
939 2305 1256 2370 delectatio,
1297 2306 1350 2361 in
1381 2306 1657 2362 sumendis
1686 2305 1937 2362 videlicet
1972 2306 2137 2377 pluri-

552 2393 656 2448 bus
676 2401 732 2447 et
756 2393 1075 2450 lautioribus
1099 2394 1234 2450 cibis
1254 2402 1377 2464 post
1390 2391 1673 2463 jejunium.
1694 2392 1914 2461 Omnes,
1938 2395 2133 2465 inquit,

554 2484 830 2541 debitores
856 2495 1066 2543 vestros
1107 2485 1372 2557 repetitis,
1404 2485 1458 2540 id
1493 2494 1598 2551 est,
1645 2486 1860 2556 exigitis
1911 2495 2135 2541 conten-

557 2574 691 2631 tiose
718 2576 787 2631 ab
814 2576 920 2633 illis
949 2578 1142 2645 quibus
1173 2576 1376 2646 aliquid
1402 2575 1807 2632 commodastis.
1838 2575 1962 2633 Ideo
1989 2576 2135 2633 enim

554 2665 841 2734 aliquando
856 2666 1213 2738 jejunabant,
1250 2675 1309 2721 ut
1342 2666 1565 2722 liberius
1584 2675 1809 2737 possent
1833 2684 1961 2739 suos
1986 2669 2135 2724 debi-

556 2761 702 2810 tores
727 2764 990 2825 repetere,
1016 2754 1158 2825 quod
1183 2772 1289 2811 non
1312 2763 1489 2825 potest
1508 2755 1626 2811 sine
1652 2757 1996 2813 contentione
2021 2757 2127 2828 agi.

632 2861 652 2895 ‹
693 2845 834 2901 Ecce
860 2848 926 2902 ad
959 2847 1082 2903 lites
1111 2856 1166 2903 et
1206 2846 1579 2902 contentiones
1595 2845 1890 2918 jejunatis,
1923 2859 1977 2905 et
2005 2867 2130 2921 per-

555 2933 742 2991 cutitis
780 2951 959 3007 pugno
988 2936 1169 3007 impie.
1202 2956 1222 2988 »
1257 2937 1324 2991 Et
1351 2945 1435 2993 est
1467 2953 1660 2993 sensus
1691 2957 1703 2993 :
1731 2938 1852 2995 Ideo
1877 2939 2133 3010 jejunatis

555 3031 616 3080 ut
650 3024 771 3080 lites
814 3036 871 3080 et
906 3027 1276 3082 contentiones
1314 3027 1505 3099 agatis,
1526 3034 1612 3097 vet,
1656 3029 1800 3098 quod
1844 3029 1996 3099 pejus
2025 3041 2128 3096 est,

556 3130 819 3187 pauperes
852 3126 910 3171 et
953 3119 1267 3175 innocentes
1296 3134 1475 3190 pugno
1503 3120 1785 3190 percutitis
1811 3162 1827 3188 ,
1868 3122 1985 3177 sine
2017 3124 2130 3192 pie-

2244 1930 2380 1988 falsa
2413 1931 2776 2004 chirographa
2802 1931 3116 1988 scribebant
3141 1942 3329 1989 contra
3354 1950 3660 2006 pauperes,
3688 1947 3745 1993 et
3767 1939 3826 1994 ab

2240 2028 2345 2084 illis
2366 2026 2458 2097 qui
2483 2027 2617 2082 nihil
2644 2026 2915 2083 habebant
2940 2043 3063 2084 cum
3086 2027 3341 2083 violentia
3365 2030 3675 2101 exigebant
3693 2034 3825 2103 quod

2239 2117 2345 2173 illis
2370 2133 2477 2172 non
2498 2117 2901 2173 commiserant.
2931 2117 3312 2189 Hujuscemodi
3344 2121 3579 2176 chartas
3606 2130 3664 2177 et
3694 2124 3824 2179 scri-

2236 2217 2426 2280 pturas
2456 2209 2686 2281 appellat
2710 2210 3084 2279 colligationes
3108 2219 3165 2267 et
3188 2209 3483 2269 fasciculos
3507 2215 3819 2285 deprimen-

2242 2312 2353 2358 tes:
2378 2302 2505 2374 quia
2539 2301 2781 2374 ligabant
2802 2344 2818 2370 ,
2840 2304 2894 2358 id
2915 2311 2997 2359 est
3016 2304 3466 2374 constringebant
3486 2321 3676 2376 perea
3704 2324 3819 2377 pau-

2236 2406 2396 2461 peres
2425 2400 2482 2447 et
2519 2391 2902 2462 opprimebant
2933 2408 2948 2449 :
2975 2394 3232 2465 prmcepit
3264 2400 3322 2448 ut
3350 2409 3416 2449 ea
3442 2394 3808 2452 dissolvean

2238 2481 2296 2538 Si
2331 2483 2478 2538 enim
2503 2482 2755 2554 impietas
2778 2492 2864 2539 est
2887 2483 2970 2555 (ut
2996 2484 3056 2539 B.
3082 2483 3448 2557 Hieronymus
3481 2486 3633 2554 dicit)
3658 2488 3807 2543 abeis

2236 2571 2479 2627 debitum
2514 2572 2982 2627 accommodatum
3033 2574 3251 2647 exigere
3290 2562 3385 2644 qui
3444 2591 3562 2631 non
3610 2588 3819 2647 possunt

2235 2660 2481 2727 reddere,
2511 2661 2637 2731 quia
2664 2677 2769 2717 non
2794 2663 2998 2719 habent
3022 2666 3165 2721 unde
3188 2682 3203 2719 :
3225 2673 3449 2735 quanta:
3480 2666 3619 2723 illud
3647 2670 3820 2740 impie-

2235 2751 2363 2806 tatis
2398 2759 2483 2806 est
2519 2752 2663 2822 quod
2695 2750 2831 2809 falso
2860 2754 3190 2825 requiritur?
3231 2754 3618 2826 Spiritualiter
3654 2769 3817 2815 autem

2233 2849 2288 2896 et
2318 2840 2597 2897 moraliter
2633 2841 3004 2915 colligationes
3032 2853 3087 2900 et
3118 2843 3403 2902 fasciculos
3440 2848 3712 2905 debemus
3750 2850 3821 2904 in-

2234 2930 2473 3002 telligere
2494 2941 2739 3001 peccata,
2759 2948 2880 3002 quae
2905 2923 3252 3005 praicipimur
3274 2936 3554 2992 dimittere
3572 2940 3821 3008 proximo

2233 3018 2288 3073 in
2313 3019 2399 3074 die
2412 3017 2624 3090 jejunii,
2655 3021 2880 3076 Domino
2900 3022 3113 3078 dicente
3138 3041 3151 3076 :
3178 3022 3421 3079 Dissolve
3446 3026 3823 3096 colligationes

2235 3109 2525 3179 impietatis
2550 3152 2563 3173 ,
2595 3120 2702 3166 etc.
2737 3111 2817 3166 Ac
2864 3112 2907 3165 si
2933 3113 3177 3169 diceret:
3207 3114 3425 3170 Dimitte
3466 3119 3729 3187 proximo
3767 3122 3819 3175 in

555 3216 668 3262 tate
718 3209 993 3277 exigentes
1034 3210 1102 3265 ab
1152 3211 1258 3266 illis
1295 3228 1414 3282 quae
1464 3228 1570 3268 non
1620 3191 2033 3283 commodastis,
2072 3227 2125 3272 et

2235 3209 2283 3255 te
2316 3202 2560 3270 peccanti
2602 3217 2721 3271 qua:
2761 3212 2949 3257 contra
2994 3212 3045 3258 te
3077 3205 3206 3276 egit,
3258 3215 3319 3260 ut
3365 3207 3455 3262 tibi
3501 3209 3823 3267 dimittatur

556 3297 720 3353 vultis
740 3310 798 3352 ut
829 3300 1117 3354 exaudiam
1145 3303 1273 3359 vos?
1305 3302 1594 3375 Sequitur,
1620 3324 1638 3357 ‹
1683 3304 1859 3361 Nolite
1881 3305 2128 3376 jejunare

555 3389 696 3445 sicut
734 3406 902 3461 usque
943 3394 1009 3448 ad
1061 3394 1201 3449 banc
1229 3394 1390 3461 diem,
1438 3405 1500 3450 ut
1527 3397 1778 3452 audiatur
1809 3398 1863 3452 in
1913 3398 2126 3455 excelso

552 3480 757 3534 clamor
780 3491 974 3536 vester.
1006 3502 1024 3535 ι
1050 3481 1306 3537 Solebant
1328 3482 1498 3539 Judaei
1516 3485 1569 3539 in
1592 3483 2126 3557 diebusjejuniorum

551 3570 607 3625 in
657 3571 866 3640 angulis
906 3570 1205 3641 platearum
1250 3589 1427 3639 orare,
1478 3576 1731 3648 expansis
1776 3577 2023 3632 manibus
2058 3579 2124 3633 ad

552 3661 782 3726 coelum,
803 3672 858 3715 et
881 3663 932 3716 in
964 3664 1137 3720 medio
1166 3664 1363 3735 templo
1386 3664 1634 3720 similiter
1661 3680 1783 3720 cum
1812 3665 2049 3723 clamore
2073 3677 2126 3725 et

551 3747 776 3816 ejulatu,
816 3762 875 3803 ut
900 3751 967 3805 ab
993 3752 1335 3807 audientibus
1362 3765 1456 3807 eos
1480 3760 1534 3807 et
1563 3755 1909 3810 cernentibus
1941 3754 2127 3811 lauda-

551 3847 740 3919 rentur
766 3839 980 3911 (Matth.
1014 3842 1191 3914 ut").
1228 3842 1380 3897 Sicut
1423 3852 1477 3898 et
1514 3843 1602 3900 ille
1627 3843 1933 3903 Phariszeus
1972 3848 2063 3919 qui
2093 3865 2125 3904 a

554 3912 780 3986 Dom'ino
823 3931 877 3985 in
918 3912 1206 4003 Evangelio
1234 3935 1615 4002 contemnitur,
1661 3936 1888 4008 ideoque
1930 3912 2127 3996 dicitur

552 4021 621 4074 ad
654 4034 748 4075 eos
793 4019 943 4092 (Luc.
979 4021 1176 4093 XVIII):
1214 4041 1233 4074 ι
1266 4021 1441 4081 Nolite
1483 4021 1728 4092 jejuuare
1772 4027 1912 4082 sicut
1955 4044 2124 4098 usque

550 4110 619 4168 ad
658 4111 798 4167 banc
837 4112 1003 4177 diem,
1032 4131 1055 4164 ι
1096 4113 1353 4168 subaudis
1399 4115 1604 4184 absque
1637 4115 2041 4186 misericordia,
2072 4127 2127 4175 et

549 4209 611 4257 ut
635 4201 907 4257 debitores
927 4216 1050 4257 cum
1074 4201 1167 4259 lite
1194 4210 1248 4258 et
1266 4206 1613 4261 contentione
1640 4208 1925 4279 repetatis,
1946 4219 2007 4265 ut
2028 4227 2125 4265 au-

550 4292 729 4350 diatur
756 4292 959 4349 clamor
996 4304 1176 4351 vester
1204 4294 1259 4350 in
1301 4296 1536 4363 excelso,
1582 4299 1796 4355 hoc‘est
1840 4301 1895 4356 in
1928 4301 2126 4374 templo

549 4385 667 4441 sive
689 4385 743 4441 in
772 4385 984 4456 plateis,
1012 4397 1068 4442 et
1097 4404 1219 4443 cum
1247 4388 1486 4445 clamore
1514 4392 1705 4449 oretis.

626 4493 646 4527 ι
673 4474 933 4549 Nunquid
955 4477 1059 4533 tale
1077 4486 1161 4535 est
1175 4477 1441 4549 jejunium
1461 4483 1603 4550 quod
1626 4483 1786 4554 elegi,
1816 4503 1834 4536 ι
1868 4486 2125 4543 subaudis

2234 3292 2378 3361 quod
2412 3301 2598 3347 contra
2626 3292 2793 3348 Deum
2820 3294 3092 3364 deliquisti
3120 3336 3136 3361 ,
3163 3305 3219 3351 et
3243 3298 3412 3368 possis
3433 3297 3609 3355 dicere
3629 3300 3810 3360 libera

2231 3391 2411 3438 mente
2439 3400 2450 3434 :
2483 3381 2703 3437 Dimitte
2731 3384 2911 3451 nobis,
2941 3385 3082 3440 sicut
3110 3395 3167 3441 et
3192 3402 3292 3443 nos
3316 3387 3634 3445 dimittimus
3652 3390 3817 3446 fratri

2231 3472 2444 3545 (Matth.
2474 3473 2568 3544 vt).
2604 3492 2622 3524 ι
2660 3474 2878 3530 Dimitte
2905 3489 3001 3532 eos
3028 3477 3120 3547 qui
3144 3478 3409 3534 confracti
3438 3489 3569 3535 sunt
3593 3480 3813 3546 liberos,

2229 3571 2284 3618 et
2310 3578 2469 3618 omne
2501 3580 2638 3619 onus
2680 3565 2948 3637 dirumpe.
2986 3588 3015 3622 ι
3040 3569 3194 3644 Stepe
3230 3579 3475 3641 tempore
3511 3572 3676 3628 famis
3704 3583 3817 3629 tra-

2229 3654 2429 3712 debant
2450 3672 2510 3712 se
2536 3658 2756 3728 quidam
2779 3657 3084 3715 Iudaeorum
3108 3677 3376 3733 pauperes
3400 3664 3741 3735 principibus
3765 3675 3817 3723 et

2228 3748 2480 3804 divitibus
2503 3748 2555 3803 in
2578 3750 2912 3818 servitutem,
2947 3751 3111 3822 aliqui
3135 3762 3195 3808 ut
3218 3768 3317 3823 per
3343 3755 3587 3825 spatium
3616 3766 3815 3827 septem

2229 3853 2496 3895 annorum
2517 3841 2595 3896 eis
2618 3842 2904 3907 servirent,
2932 3842 3096 3912 aliqui
3118 3843 3260 3914 plus,
3281 3844 3452 3915 aliqui
3481 3847 3704 3902 minus:
3728 3849 3815 3904 alii

2226 3929 2388 3984 etiam
2435 3945 2606 4000 usque
2639 3931 2706 3986 ad
2737 3947 2937 3987 annum
2983 3931 3288 3989 Jubilmum.
3322 3932 3481 3991 Unde
3507 3938 3815 4010 praecipitur

2227 4019 2352 4085 illis,
2386 4030 2444 4075 ut
2475 4022 2607 4078 tales
2646 4022 2919 4080 dimittant
2966 4041 2998 4080 a
3040 4029 3300 4082 servitute
3350 4028 3405 4083 in
3449 4028 3760 4088 libertatein
3798 4051 3812 4086 :

2227 4110 2353 4181 quia
2391 4111 2680 4182 aliquando
2721 4114 3005 4185 plusquam
3053 4117 3143 4172 ille
3187 4119 3477 4175 statuisset
3502 4121 3817 4179 detinebant

2227 4216 2372 4267 eum,
2404 4202 2495 4272 qui
2521 4218 2580 4258 se
2606 4203 3039 4262 concrediderat.
3062 4206 3284 4264 Dimitte
3311 4208 3539 4280 (inquit)
3566 4227 3667 4268 eos
3690 4212 3814 4268 libe-

2229 4306 2319 4345 ros
2346 4291 2437 4362 qui
2463 4291 2724 4349 confracti
2751 4301 2914 4362 sunt,
2941 4295 2996 4352 id
3028 4305 3113 4352 est
3139 4297 3230 4367 qui
3266 4306 3516 4368 tempore
3565 4300 3729 4357 famis
3762 4310 3815 4356 et

2229 4381 2572 4439 necessitatis
2600 4383 2835 4441 instante
2852 4426 2873 4453 ι
2895 4400 2927 4440 a
2955 4384 3208 4445 libertate
3249 4390 3605 4449 tradiderunt
3635 4408 3693 4448 se
3720 4392 3813 4447 tibi

2231 4470 2285 4525 in
2320 4472 2633 4529 servitutem
2661 4513 2677 4542 ,
2717 4482 2774 4530 et
2806 4490 2966 4532 omne
3003 4491 3139 4534 onus
3173 4478 3458 4535 servitutis
3494 4482 3589 4539 vel
3614 4484 3807 4554 peccati

498 4574 501 4575 '
549 4565 710 4641 quale
850 4567 1044 4638 agitis?
1068 4588 1085 4620 ι
1121 4538 1392 4625 Per'diem
1409 4609 1424 4636 ,
1450 4538 1555 4627 {id
1582 4580 1669 4626 est
1689 4538 1799 4628 tota
1827 4538 2125 4632 die—radii:
2148 4538 2203 4597 Β
2227 4560 2495 4631 dirumpe-

549 4673 677 4731 gere
701 4659 971 4714 hominem
1010 4660 1246 4719 animam
1284 4677 1470 4729 suam,
1501 4683 1518 4716 ι
1546 4665 1834 4733 subaudis,
1857 4676 1914 4723 et
1934 4678 2125 4740 postea

548 4749 721 4805 multa
746 4757 1058 4818 perpetrare
1099 4752 1280 4807 illicita
1302 4793 1316 4818 ,
1350 4753 1434 4809 vel
1476 4755 1613 4810 cibis
1654 4757 2007 4816 immoderate
2033 4776 2124 4816 re-

549 4839 718 4914 pleri?
745 4840 883 4906 Quid
914 4856 1041 4912 ergo
1066 4843 1279 4913 proiicit
1315 4860 1511 4917 corpus
1540 4854 1845 4916 temperare
1874 4865 1905 4905 a
1944 4850 2080 4908 cibis
2105 4892 2122 4918 ,

550 4930 655 4988 nisi
705 4938 1029 5000 temperetur
1069 4949 1099 4987 a
1146 4933 1324 4989 vitiis?
1374 4936 1517 4991 Istud
1559 4938 1664 4993 tale
1698 4938 1960 5009 jejunium
2013 4958 2119 4998 non

549 5020 811 5091 approbat
836 5022 995 5088 Deus,
1019 5025 1111 5079 sed
1143 5024 1273 5079 illud
1301 5029 1444 5095 quod
1466 5028 1716 5096 generale
1744 5039 1830 5085 est
1855 5041 1911 5087 et
1939 5033 1995 5086 in
2021 5034 2121 5089 bu-

483 5162 488 5169 .
552 5111 775 5169 militate
804 5114 1169 5170 misericordia
1206 5116 1545 5186 adimpletur.
1587 5138 1606 5170 t
1651 5119 1899 5191 Nunquid
1939 5141 1958 5174 ›
1987 5123 2117 5180 sub-

550 5202 742 5260 baudis
787 5204 923 5277 elegi
971 5224 989 5255 ‹
1041 5214 1400 5276 contorquere
1446 5209 1598 5276 quasi
1647 5210 1908 5267 circulum
1961 5222 2123 5284 caput

551 5310 729 5362 suum,
751 5316 769 5349 ι
797 5297 850 5352 id
877 5307 958 5352 est
984 5308 1145 5368 caput
1166 5314 1229 5353 ac
1255 5299 1417 5369 pedes
1445 5299 1708 5357 inclinare
1727 5319 1745 5353 ι
1774 5311 1829 5357 et
1857 5318 2075 5360 saccum
2096 5324 2115 5356 ι

552 5393 773 5451 induere
798 5414 817 5445 ί
854 5405 909 5450 et
937 5396 1174 5450 cinerem
1208 5395 1485 5451 sternere?
1511 5394 1761 5464 Nunquid
1793 5398 1935 5453 istud
1955 5414 2111 5455 voca-

550 5484 636 5540 bis
652 5482 914 5557 jejunium
932 5493 986 5540 et
1007 5484 1148 5541 diem
1165 5486 1551 5557 acceptabilem
1574 5487 1837 5544 Domino?
1858 5510 1877 5543 ›
1913 5488 2121 5545 Subau-

550 5573 655 5639 dis,
690 5590 795 5630 non
826 5574 998 5631 eritei
1025 5585 1302 5647 acceptum
1334 5576 1437 5633 tale
1459 5575 1743 5648 jejunium,
1776 5580 1902 5651 quia
1940 5580 2118 5635 humi-

551 5662 754 5721 litatem
782 5666 1068 5735 prretendis
1104 5667 1491 5733 exstrinsecus,
1523 5676 1579 5723 et
1608 5677 1819 5725 tumore
1854 5671 2121 5741 superbia:

552 5753 755 5813 inﬂaris
778 5757 1102 5816 intrinsecus
1131 5776 1143 5810 :
1170 5756 1380 5814 laudem
1413 5760 1702 5817 humanam
1726 5761 1918 5818 exinde
1942 5763 2121 5833 requi—

2302 4680 2323 4714 e
2348 4661 2559 4734 Frange
2582 4663 2845 4721 esurienti
2872 4679 3071 4735 panem
3099 4674 3272 4734 tuum,
3302 4676 3360 4724 et
3370 4684 3604 4742 egenos
3623 4689 3809 4745 vagos-

2226 4770 2330 4826 que
2357 4756 2521 4813 iuduc
2541 4757 2595 4813 in
2622 4758 2841 4814 domum
2865 4768 3032 4815 tuam.
3065 4781 3083 4814 ι
3105 4759 3438 4830 Notandum,
3462 4767 3599 4835 quia
3618 4782 3813 4836 panem

2226 4854 2375 4902 tuum
2396 4846 2533 4903 dixit
2548 4862 2654 4903 non
2682 4848 2918 4905 alienum
2940 4866 3039 4907 :ne
3057 4861 3284 4909 conetur
3301 4854 3505 4924 aliquis
3527 4873 3603 4913 ex
3628 4860 3810 4928 rapina

2225 4937 2620 5011 eleemosynam
2657 4940 2855 4997 facere.
2881 4940 2982 5010 Qui
3019 4944 3163 4999 enim
3188 4944 3257 5000 de
3285 4947 3477 5017 rapina
3503 4948 3673 5005 offert
3708 4952 3817 5006 Deo

2228 5028 2549 5085 sacrificium
2566 5039 2623 5089 et
2634 5032 3077 5101 misericordiam,
3092 5038 3248 5107 quasi
3260 5039 3352 5107 qui
3373 5039 3626 5097 immolat
3642 5043 3813 5097 ﬁlium

2228 5126 2354 5175 ante
2379 5127 2587 5190 patrem
2622 5119 2791 5193 (Eccl.
2833 5125 3041 5197 xxxiv).
3074 5126 3440 5196 Spiritualiter
3477 5145 3580 5200 per
3614 5149 3812 5203 panem

2227 5223 2514 5279 possumus
2537 5210 2834 5280 intelligere
2863 5213 3023 5271 {idem
3056 5216 3278 5286 Christi,
3305 5221 3397 5289 qui
3424 5222 3608 5278 dixit:
3644 5244 3663 5277 ι
3700 5226 3811 5297 Ego

2228 5314 2348 5355 sum
2375 5302 2531 5371 panis
2558 5303 2740 5369 vivus,
2776 5305 2867 5374 qui
2897 5305 2965 5362 de
2993 5308 3132 5364 ctelo
3161 5310 3409 5367 descendi
3441 5314 3630 5385 (Joan.
3655 5319 3758 5390 vi).
3784 5338 3803 5370 ι

2227 5392 2427 5447 Panem
2479 5394 2624 5448 enim
2676 5395 2975 5467 frangimus
3012 5400 3313 5465 esurienti,
3367 5406 3592 5472 quando
3643 5407 3813 5463 ﬁdem

2226 5480 2427 5537 Christi
2454 5498 2616 5553 quam
2643 5483 2906 5541 habemus
2945 5488 3371 5558 simplicioribus
3389 5490 3656 5553 fratribus
3687 5512 3806 5551 ma-

2224 5573 2557 5633 nifestamus.
2574 5575 2833 5633 Similiter
2846 5593 2941 5649 per
2964 5594 3159 5648 panem
3184 5596 3474 5652 possumus
3500 5584 3813 5657 intelligere

2226 5682 2435 5724 sacram
2459 5666 2819 5739 Scripturam,
2844 5686 2950 5741 qua
2972 5671 3213 5728 reﬁcitur
3238 5675 3418 5730 anima
3449 5692 3465 5731 :
3505 5679 3647 5733 sicut
3681 5696 3805 5734 eor-

2228 5775 2329 5831 pus
2370 5760 2595 5817 diversis
2637 5761 2824 5833 epulis.
2877 5763 3048 5831 Quem
3093 5781 3283 5836 panem
3330 5776 3458 5825 tunc
3498 5768 3805 5842 frangimus
