4016 6486
221 374 350 435 {03]

1280 383 1630 444 COMMENT.
1669 386 1734 442 ΙΝ
1774 386 2026 447 ISAIAM.
2068 420 2133 430 —-
2171 391 2296 447 UB.
2331 394 2414 449 lli.

3332 410 3476 467 {022

218 492 435 587 quando
476 489 676 587 inscios
713 491 999 562 docemus,
1040 494 1343 553 doctrinam
1375 507 1432 553 et
1469 496 1788 567 sapientiam
1816 501 1865 560 Α
1893 497 2032 565 dest,
2063 501 2189 569 quia
2224 502 2493 561 detractio
2523 505 2789 561 bonorum
2822 522 3049 578 operum
3081 525 3188 566 non
3216 518 3471 587 prodest,

218 585 343 640 vita:
363 582 471 640 illis
492 585 845 643 insinuantes.
869 586 1083 658 Egenos
1110 587 1330 659 (inquit)
1356 596 1412 643 et
1436 604 1604 660 vagos
1630 588 1791 647 induc

218 673 275 730 in
304 676 524 732 domum
546 684 715 742 tuam,
739 677 987 748 pratbeus
1008 678 1089 733 eis
1109 686 1307 733 tectum
1328 678 1418 748 qui
1437 693 1544 737 non
1566 676 1788 742 habent,

219 775 281 823 ut
303 766 534 839 recipias
561 770 896 826 mansionem
922 769 1227 828 ctelestem.
1245 768 1610 839 Spiritualiter
1628 781 1792 839 vagos

218 859 524 917 inducimus
544 862 599 917 in
627 861 845 917 domum
863 900 881 929 ,
911 860 1125 939 quando
1153 859 1522 918 discordantes
1545 867 1607 917 et.
1634 858 1792 917 dissi-

219 953 408 1009 dentes
460 954 528 1009 ad
577 954 845 1015 unitatem.
885 954 1169 1010 charitatis
1223 952 1542 1025 colligimus.
1584 970 1604 1005 ι
1656 950 1790 1009 Cum

217 1045 421 1102 videris
451 1047 677 1113 nudum,
711 1047 869 1117 operi
907 1062 1029 1103 eum
1052 1086 1079 1113 ,,
1100 1067 1123 1100 ι
1161 1046 1431 1104 subaudis
1474 1046 1580 1101 tuis
1624 1045 1793 1101 vcsti-

219 1138 447 1203 mcntis,
461 1135 762 1210 adimplcns
781 1138 941 1194 illud:
971 1138 1072 1208 Qui
1102 1137 1266 1194 habet
1292 1137 1679 1203 duastunicas,
1702 1136 1792 1192 det

218 1240 326 1287 non
364 1226 606 1287 habenti.
639 1247 657 1280 ι
689 1226 758 1285 Ει
795 1242 1015 1283 carnem
1048 1236 1215 1292 tuam,
1238 1246 1258 1280 ι
1291 1226 1351 1285 id
1380 1235 1466 1282 cst
1485 1226 1793 1297 proximum

219 1325 389 1385 mum,
427 1336 447 1370 ι
476 1334 545 1375 ne
567 1319 878 1390 despexeris
911 1335 1089 1379 tcum.
1102 1318 1303 1374 videris
1324 1333 1447 1374 eum
1476 1317 1792 1373 inﬁrmitate

216 1409 606 1476 tabescentem,
655 1419 749 1466 aut
805 1410 1044 1473 nudum,
1096 1410 1182 1465 vel
1232 1410 1287 1464 in
1336 1409 1515 1478 aliqua
1573 1409 1799 1465 miseria.

217 1499 567 1555 constitutum
594 1516 609 1553 :
641 1513 1033 1570 recognoscens
1060 1507 1111 1557 te
1145 1512 1266 1555 esse
1295 1497 1524 1553 similem
1556 1496 1654 1562 illi,
1674 1512 1795 1553 car-

215 1589 394 1647 nalem
422 1598 479 1646 et
498 1590 796 1650 mortalem.
843 1590 1117 1648 Moraiitcr
1144 1608 1158 1644 :
1184 1589 1318 1645 Cum
1341 1589 1539 1646 videris
1569 1590 1799 1655 nudum,

217 1680 273 1736 id
294 1689 380 1737 est
401 1681 633 1740 alienum
664 1696 696 1736 a
733 1680 837 1736 ﬁde
863 1688 917 1735 et
960 1680 1259 1736 virtutibus.
1278 1680 1541 1750 aliquem,
1579 1689 1666 1736 tua
1694 1681 1792 1737 ad-

1890 604 2065 660 neque
2090 592 2254 647 etiam
2285 593 2546 650 malorum
2578 612 2591 649 :
2622 597 2750 666 quia
2789 606 2876 653 tua
2908 599 3003 655 tibi
3035 603 3210 674 magis
3248 609 3473 677 expedi-

1889 690 1975 736 ret
1996 682 2062 736 ad
2087 685 2403 762 memoriam
2438 688 2716 745 reducere.
2748 688 2885 745 Cum
2927 690 3184 748 effuderis
3209 700 3471 756 esurienti

1890 772 2125 829 animam
2151 782 2317 839 tuam,
2349 776 2404 831 id
2428 785 2531 843 est,
2556 792 2680 834 cum
2706 778 3042 837 voluntatem
3072 790 3219 839 tuam
3241 786 3471 843 hilarem

1890 863 2194 919 ostenderis
2230 866 2520 933 esurienti,
2554 868 2931 939 compatiendo
2975 869 3120 926 illius
3170 871 3471 930 inﬁrmitati

1890 962 1946 1008 et
1986 955 2217 1011 nuditati
2256 955 2398 1013 sicut
2435 970 2572 1026 tum,
2611 967 2670 1016 et
2706 960 2943 1018 animam
2974 960 3226 1019 adiiciam
3253 964 3474 1035 ieiuniis

1891 1043 2117 1114 aliisque
2162 1046 2397 1103 miseriis
2444 1049 2738 1119 rcpleveris
2758 1091 2775 1117 ,
2817 1068 2925 1108 non
2964 1052 3139 1109 solum
3176 1053 3474 1129 frangendo

1889 1150 2103 1207 panem,
2126 1138 2220 1193 sed
2242 1140 2486 1196 satiando
2504 1143 2754 1199 omnibus
2774 1144 2968 1202 bonis:
3002 1145 3209 1202 orietur
3234 1147 3290 1202 in
3320 1155 3471 1205 tene-

1890 1227 2013 1287 bris.
2033 1237 2376 1298 peecatorum
2412 1232 2503 1285 lux
2530 1241 2619 1287 tua
2651 1232 2922 1302 Christus,
2947 1237 3053 1293 hoc
3088 1247 3176 1293 cst
3198 1253 3320 1294 cum
3344 1238 3471 1296 talia

1890 1317 2088 1383 egeris,
2116 1319 2375 1387 tenebra',
2416 1322 2471 1377 id
2498 1332 2614 1389 est,
2644 1333 2867 1394 peccata
2889 1338 3273 1386 convertentur
3300 1331 3357 1386 in
3379 1329 3472 1400 iu-

1891 1407 2093 1462 stitiam
2128 1418 2187 1465 ut
2220 1412 2397 1481 possis
2421 1412 2602 1471 dicere
2623 1430 2746 1470 cum
2778 1417 3071 1488 Apostolo:
3099 1436 3129 1472 ‹.
3144 1420 3387 1477 Fuerunt
3416 1423 3471 1477 in

1882 1498 1979 1554 “me
2003 1496 2291 1569 aliquando
2319 1504 2556 1557 tenebrae
2578 1544 2594 1569 ,
2641 1520 2786 1563 nunc
2810 1518 2990 1562 autem
3022 1508 3117 1564 lux
3138 1524 3257 1566 sum
3279 1510 3333 1567 in
3363 1511 3472 1566 Do-

1890 1588 2039 1645 mino
2052 1589 2393 1663 (Ephes.v).a
2412 1592 2483 1647 Et
2497 1595 2734 1650 tenebrat
2755 1604 2883 1662 tute,
2905 1597 2961 1651 id
2981 1605 3087 1665 est,
3112 1607 3334 1670 peccata
3361 1596 3469 1665 tua,

1891 1686 2053 1734 erunt
2084 1680 2229 1736 sicut
2273 1682 2558 1748 meridies,
2601 1684 2653 1738 id
2688 1694 2772 1742 est
2804 1686 2859 1744 in
2898 1687 3201 1746 claritatem
3243 1690 3474 1760 iustitiae

215 1769 512 1825 monitione
539 1779 595 1825 et
620 1778 712 1824 tuo
737 1769 984 1840 exemplo
1019 1769 1241 1839 conperi
1271 1784 1397 1825 eum
1424 1787 1439 1825 ;
1481 1779 1535 1826 et
1568 1785 1792 1829 carnem
1893 1779 2297 1826 convertentur.
2328 1770 2465 1839 Quia
2494 1772 2772 1831 auferetur
2801 1775 3059 1844 iniquitas
3089 1787 3213 1843 tua,
3237 1789 3296 1834 ut
3326 1780 3489 1836 dicas

215 1870 405 1929 mam,
456 1862 512 1918 id
559 1871 680 1931 est,
738 1864 815 1920 tui
861 1863 1094 1924 similem
1139 1874 1514 1939 peccatorem,
1573 1881 1644 1925 ne
1692 1867 1788 1921 (ιο-
1818 1847 1865 1907 Β
1891 1873 2016 1915 cum
2045 1873 2289 1929 sponsa:
2323 1878 2343 1914 ί
2393 1861 2495 1921 ι]ὴὶ
2550 1863 2769 1933 pascis,
2803 1865 2895 1925 ιιὺί
2935 1867 3106 1927 cubas
3145 1868 3198 1927 in
3250 1870 3476 1926 meridie

217 1952 496 2024 Spexeris.

325 2045 476 2101 Tunc
516 2055 784 2118 erumpet,
820 2067 841 2101 ι
879 2047 936 2105 id
971 2056 1085 2115 est,
1127 2062 1251 2105 cum
1294 2048 1422 2105 talia
1453 2046 1647 2104 feceris
1673 2062 1804 2118 qua}

216 2140 465 2207 superius
493 2148 917 2197 commemorata
959 2148 1084 2195 sunt
1123 2155 1138 2194 :
1174 2139 1358 2195 veniet
1385 2157 1411 2191 ι.
1442 2138 1597 2208 quasi
1634 2152 1797 2196 mane

215 2224 396 2282 lumen
430 2235 600 2294 tuum,
629 2247 648 2279 ι
678 2228 783 2285 hoc
813 2237 901 2285 est
939 2228 1193 2285 Christus
1216 2229 1271 2283 in
1315 2229 1479 2284 corde
1515 2240 1626 2294 tuo,
1672 2246 1690 2279 ‹
1737 2235 1797 2282 ει

216 2316 426 2375 sanitas
468 2326 579 2384 tua,
610 2338 630 2372 ι
672 2319 726 2373 id
759 2328 845 2376 est
892 2320 1142 2376 remissio
1179 2329 1542 2391 peccatorum,
1584 2338 1603 2371 ι
1633 2318 1794 2374 citius

214 2406 444 2463 orietur.
480 2427 498 2459 ι
529 2408 596 2469 Ea
625 2418 710 2465 est
732 2425 931 2467 sensus
956 2427 979 2467 :.
1000 2409 1153 2468 Sicut
1184 2410 1298 2465 sole
1343 2425 1499 2464 mane
1537 2408 1795 2479 fugantur

218 2500 479 2566 tenebrze,
498 2508 553 2555 et
576 2490 911 2556 illuminatur
940 2500 1197 2579 mundus,
1222 2500 1294 2555 ita
1324 2510 1378 2554 tu
1407 2499 1794 2556 illuminaberis

218 2591 326 2651 tuis
352 2591 672 2658 virtutibus,
695 2593 823 2663 quia
860 2607 1019 2647 verus
1050 2592 1131 2649 sol
1152 2591 1399 2647 Christus
1426 2593 1479 2647 in
1513 2592 1677 2647 corde
1703 2600 1792 2645 tuo

217 2681 540 2751 requiescet,
563 2683 628 2738 de
647 2682 992 2753 quodicitur:
1015 2701 1034 2733 ι
1068 2682 1228 2738 Vobis
1266 2683 1578 2738 timentibus
1599 2697 1799 2739 nomen

216 2787 398 2829 meum
426 2774 631 2829 orietur
661 2775 737 2829 sol
762 2774 1170 2846 iustititealal.
1214 2776 1322 2847 tv)._
1344 2794 1394 2827 η
1435 2775 1501 2831 Et
1535 2783 1659 2832 ante
1697 2776 1794 2831 ibit

217 2863 412 2923 faciem
443 2874 589 2920 tuam
620 2863 835 2933 iustitia
874 2874 996 2929 tua,
1046 2874 1101 2923 et
1134 2865 1299 2936 gloria
1332 2866 1543 2921 Domini
1582 2867 1797 2937 colliget

221 2963 292 3014 te.
328 2974 348 3007 ι
378 2954 492 3015 Hoc
528 2955 816 3026 dupliciter
855 2956 1256 3027 intelligendum
1289 2965 1393 3014 est.
1439 2957 1679 3012 Anteihit
1715 2958 1795 3012 fa-

219 3046 356 3103 ciem
395 3054 569 3110 tuam,
599 3046 651 3100 id
679 3055 780 3112 est,
808 3047 1075 3115 przecedct
1097 3055 1151 3101 te
1169 3046 1251 3100 vel
1278 3048 1631 3116 prtesentiam.
1648 3057 1792 3102 tuam

1893 1949 2120 2022 (Cantia.
2150 1952 2229 2022 t’)?
2261 1970 2283 2006 ι
2634 1988 2637 1991 -

1969 2061 1988 2095 ι
2011 2042 2077 2097 Ει
2101 2044 2343 2114 requiem
2373 2045 2472 2101 tibi
2502 2045 2940 2105 Dominusdabit
2963 2064 3197 2121 semper,
3234 2069 3253 2102 ι
3281 2051 3332 2106 id
3360 2060 3474 2119 est,

1892 2134 2237 2210 requiescere
2262 2144 2317 2190 te
2343 2135 2505 2192 faciet
2532 2135 2587 2191 in
2608 2136 2819 2192 caelesti
2845 2138 3179 2194 beatitudine
3209 2140 3279 2195 ab
3304 2142 3475 2198 hosti-

1892 2227 1998 2283 bus
2020 2238 2077 2284 et
2096 2243 2125 2281 a
2149 2228 2317 2295 vitiis,
2341 2229 2469 2299 quia
2491 2231 2580 2289 hic
2601 2231 2692 2301 qui
2718 2242 2895 2288 cessat
2924 2249 2953 2286 a
2980 2233 3153 2299 vitiis,
3191 2235 3483 2300 inaztema

1890 2321 2224 2378 beatitudine
2272 2323 2578 2393 requiescet
2620 2326 2688 2379 ab
2738 2325 2885 2379 omni
2933 2325 3297 2386 adversitate.,
3340 2344 3360 2379 ι
3407 2324 3479 2386 Et

1892 2409 2136 2480 implebit
2159 2410 2555 2481 splendoribus,
2584 2432 2609 2465 ι
2640 2413 2690 2468 id
2715 2423 2799 2468 est
2824 2413 3143 2478 virtutibus,
3183 2432 3202 2466 α
3239 2416 3481 2473 animam

1893 2508 2038 2554 tuam
2075 2520 2095 2554 ι
2130 2502 2215 2557 vel
2275 2502 2523 2558 claritate
2558 2511 2760 2558 acterna
2807 2503 2875 2558 de
2923 2503 3132 2560 visione
3177 2505 3479 2563 divinitatis

1892 2605 2023 2655 sum,
2054 2610 2074 2642 ι
2108 2600 2164 2647 ει
2199 2606 2321 2647 ossa
2358 2601 2447 2652 tua
2484 2592 2759 2657 liberabit,
2782 2612 2808 2645 ι.
2832 2593 3117 2656 subaudis,
3161 2594 3228 2649 de
3265 2594 3478 2650 inferno

1893 2700 1962 2741 ne
1989 2685 2273 2740 tradantur
2299 2685 2571 2743 inccndio.
2603 2684 2708 2743 Vel
2725 2700 2850 2740 ossa
2879 2693 2971 2739 tua
2998 2685 3266 2751 liberabit,
3292 2686 3346 2741 id
3367 2697 3473 2750 est,

1892 2788 2093 2843 corpus
2129 2782 2278 2829 tuum
2323 2774 2377 2830 in
2418 2775 2505 2830 die
2538 2774 2726 2845 iudicii
2768 2775 3066 2831 suscitabit.
3121 2775 3375 2831 Dicamus
3422 2787 3476 2831 et

1894 2865 2056 2919 tertio
2086 2865 2267 2929 modo,
2296 2881 2395 2936 per
2413 2880 2539 2921 ossa
2568 2864 2931 2935 intelligentes
2956 2867 3201 2922 virtutes.
3227 2866 3361 2922 Ossa
3386 2875 3486 2923 tua

1892 2952 2185 3019 liberabit,
2227 2955 2280 3009 id
2325 2963 2409 3010 est
2445 2956 2676 3011 virtutes
2706 2962 2827 3011 tuas
2862 2957 2976 3026 ipsc
3003 2958 3287 3012 custodiet.
3315 2956 3486 3012 Juxta,

1893 3043 2020 3098 illud
2046 3044 2365 3100 Psalmistte.
2399 3065 2418 3096 ι
2450 3045 2710 3102 Dominus
2734 3048 3003 3103 custodiet
3024 3048 3205 3105 omnia
3226 3063 3353 3115 ossa
3381 3063 3477 3103 eo-

219 3135 288 3190 ad
312 3135 695 3193 beatitudinem
723 3144 978 3193 :eternatu
998 3134 1210 3204 iustitia
1237 3144 1362 3201 tua,
1400 3147 1455 3193 et
1481 3145 1625 3193 recta
1656 3151 1794 3207 ope-
1827 3200 1860 3207 _
1896 3150 2013 3189 rum
2040 3133 2214 3205 (Psal.
2247 3134 2468 3203 xxxiii).
2516 3155 2536 3188 ι
2582 3135 2707 3191 Ideo
2766 3143 2948 3190 autem
2996 3136 3210 3191 ossibus
3254 3137 3483 3192 virtutes

220 3225 359 3280 ratio
387 3235 511 3281 ante
535 3226 770 3296 iudicem
800 3200 1112 3292 Christum,
1135 3236 1192 3281 ct
1226 3227 1395 3297 gloria
1432 3228 1639 3282 Domini
1675 3200 1790 3297 ipse
1818 3200 1862 3262 Ο
1894 3200 2298 3295 comparantur,
2333 3200 2458 3295 quia
2485 3228 2628 3282 sicut
2655 3243 2852 3297 corpus
2876 3235 3209 3282 sustentatur
3232 3228 3481 3291 ossibus,

221 3314 467 3371 videlicet
498 3314 662 3371 Filius
696 3316 821 3381 Dei,
845 3316 937 3372 cui
969 3315 1167 3370 dicitur
1191 3332 1221 3369 a
1251 3317 1435 3381 Patre,
1467 3335 1487 3369 ι
1520 3318 1786 3387 Exsurge,

221 3403 391 3481 gloria
419 3419 538 3460 mea
559 3402 732 3472 (Paul.
761 3405 894 3474 ινι),
924 3423 943 3455 ι
977 3403 1188 3474 colliget
1219 3413 1293 3469 te,
1321 3406 1372 3459 id
1397 3415 1481 3459 est
1501 3406 1694 3460 vestiet
1719 3413 1789 3470 te,

221 3494 337 3548 sive
373 3493 732 3553 circumdabit
766 3502 821 3549 te
857 3494 1190 3563 operimento
1236 3497 1619 3553 misericordia;
1660 3512 1790 3553 suae.

221 3586 412 3652 Aliter,
433 3587 698 3657 iustitiam
734 3587 823 3642 hic
846 3585 1104 3645 debemus
1140 3589 1386 3659 accipere
1424 3587 1730 3654 Christum,
1763 3604 1794 3642 a

221 3693 329 3748 quo
342 3676 708 3747 iustiﬁcantur
727 3692 919 3734 omnes
943 3678 1117 3734 electi.
1137 3679 1379 3735 Anteibit
1403 3682 1516 3736 sive
1531 3680 1797 3750 praecedet
1824 3741 1830 3747 ,

222 3770 416 3830 faciem
455 3780 636 3836 tuam,
678 3771 731 3825 id
771 3781 887 3836 εει,
925 3771 990 3825 ad
1033 3780 1290 3826 aeternam
1332 3772 1556 3841 gloriam
1586 3772 1800 3842 iustitia

225 3870 316 3921 tua
340 3860 608 3927 Christus,
633 3861 723 3930 qui
746 3862 909 3924 dixit,
945 3880 963 3912 ι
991 3861 1135 3917 Vado
1168 3876 1361 3928 parare
1389 3863 1539 3918 vobis
1568 3878 1795 3934 regnum

225 3956 407 4026 Uouit,
435 3955 531 4027 ιν).
556 3973 581 4008 ι
595 3956 661 4010 Et
678 3956 848 4025 gloria
874 3957 1107 4018 Domini,
1131 3956 1185 4012 id
1205 3966 1310 4021 est,
1323 3956 1404 4013 cla
1413 3958 1550 4012 ritas
1570 3969 1794 4022 mterna,

224 4046 340 4121 ipse
359 4046 607 4102 videlicet
634 4045 804 4103 Filius
842 4046 935 4103 Dei
963 4045 1174 4117 colliget
1213 4053 1265 4100 te
1282 4086 1298 4110 ,
1327 4046 1379 4101 id
1400 4054 1518 4113 est,
1542 4046 1799 4116 suscipiet

225 4144 278 4193 te
304 4135 455 4196 adse
477 4176 492 4201 ,
523 4136 677 4211 iuxta
707 4134 837 4195 illud
865 4153 880 4190 :
911 4151 939 4187 ι
969 4134 1218 4212 Ubisum
1241 4149 1360 4207 ego,
1389 4135 1501 4192 illic
1534 4145 1594 4191 et
1632 4135 1795 4193 mini-

223 4238 341 4287 ster
358 4244 525 4287 meus
535 4230 640 4286 erit
662 4227 846 4302 (Joau.
872 4229 1029 4303 ειη.»

299 4339 325 4377 ι
352 4322 504 4381 Tunc
541 4322 818 4381 invocabis
844 4341 863 4377 ι
894 4335 997 4377 ore
1015 4330 1073 4378 et
1089 4335 1286 4394 opere,
1325 4329 1387 4377 ut
1412 4321 1587 4379 Moses
1607 4328 1665 4376 et
1692 4336 1800 4377 ca:—

225 4413 327 4471 teri
351 4413 544 4477 sancti,
583 4431 610 4463 ι.
629 4422 686 4467 ει
711 4412 969 4468 Dominus
993 4412 1241 4468 exaudiet
1267 4421 1322 4469 te
1342 4427 1365 4467 ξ
1388 4431 1415 4464 ι
1435 4412 1589 4483 cuius
1611 4412 1800 4468 volun-

1898 3316 1971 3369 ita
2003 3317 2183 3371 anima
2204 3316 2516 3371 virtutibus.
2538 3334 2557 3367 ‹
2578 3315 2645 3372 Et
2664 3317 2779 3371 eris
2803 3317 2974 3391 quasi
2989 3317 3179 3370 hortus
3202 3316 3439 3385 irriguus
3458 3353 3475 3380 ,

1895 3414 1951 3461 ct
1972 3407 2114 3463 sicut
2135 3405 2252 3461 fons
2272 3422 2536 3475 aquarum
2560 3406 2713 3477 cuius
2736 3421 2842 3460 non
2864 3406 3118 3461 deﬁcient
3139 3421 3310 3477 aquze.
3335 3426 3357 3458 ι
3373 3406 3477 3463 Le-

1894 3499 2072 3569 gimus
2097 3498 2165 3553 in.
2188 3498 2328 3553 libro
2355 3496 2628 3553 Geneseos
2650 3538 2665 3563 ,
2687 3498 2835 3566 quod
2872 3497 3197 3567 plantavcrit
3217 3497 3477 3555 Dominus

1896 3588 2242 3658 paradisum,
2282 3588 2334 3641 in
2377 3580 2547 3658 cuius
2570 3587 2747 3643 medio
2770 3599 2891 3642 erat
2934 3586 3055 3642 fons
3092 3587 3181 3655 qui
3214 3586 3478 3657 irrigabat

1898 3688 2070 3734 totum
2096 3679 2404 3748 paradisum
2427 3677 2580 3749 (Gen.
2607 3677 2691 3750 ll).
2716 3678 2811 3733 lllc
2832 3679 3021 3733 hortus
3042 3679 3244 3733 habens
3268 3680 3481 3734 diversa

1895 3783 2089 3840 genera
2118 3782 2399 3837 pomorum
2433 3775 2490 3823 et
2525 3768 2673 3822 varia
2704 3782 2901 3839 genera
2925 3768 3217 3825 herbarum
3240 3809 3257 3833 ,
3278 3769 3478 3840 signiﬁ-

1895 3868 1985 3915 cat
2006 3868 2251 3915 sanctam
2286 3858 2607 3923 Ecclesiam,
2637 3873 2756 3929 quae
2787 3859 2955 3914 habet
2978 3859 3221 3914 diversos
3261 3859 3487 3915 ordines

1895 3958 1950 4002 ct
1976 3948 2281 4003 adornatur.
2302 3949 2467 4007 variis
2498 3948 2757 4003 virtutum
2786 3932 3026 4004 ﬁoribus.
3060 3948 3204 4004 Fons
3232 3963 3359 4004 vero
3390 3948 3487 4003 ille

1896 4040 2130 4112 irrigans
2180 4041 2523 4111 paradisum,
2567 4039 2845 4097 Christum
2888 4040 3158 4111 signiﬁcat
3200 4041 3289 4095 cui
3342 4041 3476 4096 dicit

1897 4130 2185 4188 Psalmista
2212 4149 2226 4186 :
2261 4149 2289 4183 ι
2319 4130 2582 4200 Quoniam
2611 4131 2751 4203 apud
2780 4140 2836 4187 te
2864 4140 2948 4187 est
2977 4130 3107 4187 fons
3141 4131 3266 4186 vitae
3302 4128 3478 4201 (Paul.

1896 4220 2090 4293 xxxv).
2121 4239 2154 4275 ι.
2177 4221 2224 4274 Α
2250 4236 2361 4291 quo
2385 4236 2521 4279 vero
2535 4220 2684 4278 fonte
2709 4230 2767 4278 et
2783 4221 2907 4276 vivo
2934 4220 3194 4290 irrigatur
3215 4218 3482 4286 Ecclesia,

1897 4313 2144 4371 doctrina
2176 4321 2234 4373 et
2262 4313 2531 4382 sapientia
2564 4312 2851 4383 spirituali.
2886 4311 3057 4383 Cuius
3091 4312 3257 4368 fontis
3291 4324 3481 4382 aqum,

1898 4402 1954 4457 id
1977 4410 2089 4468 est,
2112 4401 2373 4457 doctrina:
2399 4418 2506 4458 nou
2534 4401 2817 4466 deﬁcient,
2848 4402 2973 4471 quia
3013 4401 3215 4457 etclam
3239 4410 3295 4457 et
3334 4412 3483 4457 terra

227 4510 391 4561 tatem
411 4502 742 4571 adimplestia
763 4521 783 4554 ο
805 4500 1089 4564 Clamabis,
1117 4510 1173 4558 et
1190 4501 1364 4557 dicet:
1380 4501 1522 4559 Ecce
1546 4500 1759 4565 adsum,
1772 4518 1791 4552 ι
1823 4540 1879 4601 D
1900 4492 2227 4557 transibunt,
2247 4490 3006 4565 verhaautemomnipotentis
3019 4491 3117 4545 Dei
3130 4506 3235 4545 non
3253 4499 3480 4563 praeter-

225 4593 492 4651 subaudis
506 4593 572 4648 ad
602 4593 1112 4655 remunerationem,
1140 4590 1234 4663 qui
1263 4590 1357 4647 tibi
1403 4590 1483 4648 fui.
1512 4591 1578 4650 in
1597 4590 1799 4649 auxilio
1823 4579 1879 4601 ν
1899 4582 2280 4654 ἰὺιιιιιυίαωι.
2298 4582 2467 4654 xxiv).
2488 4581 2731 4639 Ecclesia
2744 4580 3103 4650 ergoChristo
3124 4579 3481 4642 assimilatur,

225 4693 289 4740 ut
307 4699 496 4756 posses
525 4684 665 4739 bona
688 4696 854 4753 opera
881 4696 1058 4753 agere.
1086 4700 1106 4733 ι
1138 4680 1197 4737 Si
1222 4680 1514 4740 abstuleris
1532 4681 1598 4737 de
1621 4681 1810 4737 medio

230 4776 305 4832 tui
328 4785 574 4831 mteuam
594 4815 609 4840 ,
636 4783 692 4830 et
720 4774 949 4829 desieris
971 4773 1196 4845 digitum
1223 4773 1548 4839 extendere,
1588 4791 1614 4825 ι
1635 4772 1690 4827 id
1716 4780 1802 4828 est

227 4868 475 4938 proximo
502 4868 807 4928 detrahere,
840 4874 896 4920 et
921 4865 1066 4936 loqui
1095 4865 1237 4935 quod
1264 4881 1369 4921 non
1391 4865 1608 4935 prodest
1627 4903 1645 4929 ,
1673 4864 1808 4937 quia

228 4958 494 5014 detractio
521 4943 791 5013 bonorum
804 4972 1025 5026 operum
1052 4972 1161 5011 non
1192 4958 1431 5026 prodest.

306 5070 325 5103 ι
357 5050 491 5108 Cum
515 5051 772 5108 eﬂ‘uderis
801 5052 1060 5106 esurienti
1086 5052 1324 5107 animam
1364 5061 1544 5117 tuam,
1588 5071 1610 5105 ι
1641 5052 1692 5108 id
1721 5060 1807 5109 est

229 5141 564 5197 voluntatem
591 5150 757 5206 tuam,
794 5149 888 5196 tet
911 5141 1173 5205 animam,
1196 5160 1214 5193 ι
1243 5141 1297 5195 id
1328 5152 1433 5205 cst,
1466 5142 1632 5196 vitam
1661 5161 1680 5193 ι
1719 5142 1803 5197 af-

231 5230 431 5287 ﬂictam
453 5212 763 5302 repleveris,
797 5251 815 5284 ι
841 5232 1098 5289 subaudis
1136 5232 1289 5286 bonis
1311 5233 1440 5294 tuis;
1469 5250 1488 5283 ι
1516 5233 1725 5288 orietur
1750 5233 1802 5288 in

234 5324 471 5379 tenebris
495 5323 585 5377 lux
622 5333 736 5388 tua,
764 5342 791 5376 ι
812 5324 865 5378 id
888 5333 971 5379 est
999 5323 1246 5378 Christus
1268 5362 1283 5387 ,
1318 5340 1341 5375 ι
1359 5332 1414 5380 ει
1440 5325 1675 5379 tenebrat
1704 5334 1806 5378 tua:

231 5422 393 5470 erunt
418 5414 558 5469 sicut
586 5413 858 5469 meridies.
889 5433 913 5465 ι
941 5414 1094 5482 Quod
1120 5415 1365 5483 superius
1385 5414 1672 5484 appellavit
1694 5414 1805 5469 col-

233 5507 519 5579 ligationes
547 5505 841 5575 impietatis
858 5512 913 5560 et
934 5505 1220 5560 fasciculos
1239 5506 1622 5572 deprimentcs,
1647 5506 1804 5560 modo

234 5597 464 5669 appellat
492 5607 760 5660 catenam,
807 5597 861 5652 id
895 5604 1004 5663 est,
1029 5597 1408 5666 obligationem
1439 5608 1800 5668 peccatorum.

235 5686 304 5745 Et
352 5688 581 5743 desieris
626 5687 768 5742 mala
822 5687 1187 5758 proximorum
1236 5687 1517 5749 meditari,
1570 5687 1806 5742 notanlo

237 5778 382 5837 hunc
403 5790 458 5838 et
485 5779 631 5836 illtuu
654 5779 841 5852 digito.
867 5779 931 5833 Et
952 5778 1175 5836 desieris
1204 5779 1345 5850 loqui
1377 5780 1517 5851 quo]
1550 5796 1653 5836 non
1684 5796 1799 5854 pro

1898 4683 1955 4730 et
1999 4675 2183 4731 omnis
2217 4673 2422 4731 electus
2461 4689 2660 4743 corpus
2700 4671 2818 4741 eius
2860 4680 2976 4739 est,
3007 4672 3152 4727 unde
3189 4680 3276 4727 est
3306 4670 3480 4726 illud:

1907 4784 1925 4817 ι
1955 4764 2258 4836 Fulgebunt
2292 4762 2424 4833 iusti
2476 4763 2615 4820 sicut
2659 4762 2741 4818 sol
2794 4762 2851 4818 in
2893 4776 3061 4832 reg-uo
3095 4761 3267 4834 patris
3294 4776 3483 4817 eorum

1902 4854 2117 4928 (Matth.
2154 4855 2296 4927 xui).
2330 4874 2355 4908 ι
2377 4855 2585 4910 Dicitur
2629 4869 2759 4924 ergo
2808 4853 2876 4909 ad
2928 4853 3221 4923 quemlibet
3254 4853 3485 4912 electum

1904 4945 2232 5015 specialiter,
2254 4954 2312 5000 et
2331 4946 2400 5000 ad
2416 4944 2709 5002 Ecclesiam
2732 4945 3056 5016 generaliter
3078 4962 3092 4999 :
3116 4944 3238 5000 Eris
3261 4945 3485 5014 (inquit)

1908 5037 2063 5106 quasi
2098 5037 2308 5101 hortus,
2355 5036 2408 5091 id
2452 5044 2565 5101 εει,
2616 5035 2757 5090 sicut
2785 5035 3066 5106 paradisus
3092 5043 3148 5090 et
3177 5034 3318 5089 sicut
3363 5034 3488 5089 fons

1909 5141 2173 5195 aquarum
2202 5123 2357 5193 cuius
2391 5141 2496 5180 non
2526 5124 2791 5190 ,deﬁcient
2828 5139 3010 5194 aquzc,
3042 5122 3095 5178 id
3139 5131 3252 5187 est,
3293 5121 3489 5177 similis

1909 5217 2020 5273 eris
2046 5217 2272 5273 Christo
2298 5216 2391 5286 qui
2417 5224 2502 5272 est
2532 5225 2694 5287 caput
2722 5223 2894 5281 tuum,
2912 5212 3066 5282 cuius
3096 5228 3203 5269 non
3233 5213 3489 5272 deﬁcient

1911 5308 2190 5364 doctrinae.
3498 5312 3539 5343 ο

1984 5433 2006 5467 ι
2040 5415 2105 5470 Et
2123 5413 2531 5470 aciliﬁcabuntur
2567 5413 2698 5469 inte
2733 5412 2944 5468 deserta
2984 5411 3328 5473 szecnlornm,
3362 5409 3489 5463 fun-

1908 5506 2159 5559 damenta
2210 5505 2575 5576 generationis
2625 5511 2681 5559 et
2716 5502 3080 5574 generationis
3117 5500 3423 5556 suscitabis.
3456 5518 3480 5554 θ

1908 5596 2075 5653 ιιιιάπί
2129 5599 2231 5654 hoc
2268 5598 2511 5653 referunt
2558 5595 2627 5649 ad
2685 5595 3135 5649 restaurationem
3170 5607 3291 5663 qua:
3343 5590 3486 5647 facta

1909 5696 1992 5742 est
2032 5704 2061 5741 a
2091 5687 2387 5742 Zorohabel
2413 5695 2468 5741 ει
2491 5684 2621 5741 Iesu
2646 5672 2924 5740 sicerdotc
2956 5698 3172 5753 magno,
3215 5681 3299 5736 vel
3323 5682 3486 5735 etiam

1912 5781 1977 5835 a.l
2017 5779 2163 5835 illam
2220 5794 2382 5851 quam
2414 5786 2695 5834 autumant
2748 5775 2983 5832 futuram
3024 5775 3079 5829 in
3108 5774 3295 5830 ultimo
3346 5781 3486 5829 tein—
