4016 6488
543 400 771 457 (0'23-

1019 393 1373 451 HAYMONIS
1412 382 1887 449 HALBERSTAT.
1926 388 2090 445 EPlSl

2196 382 2327 444 )PP.
2371 383 2549 442 PARS
2582 385 2621 442 ι.
2659 411 2733 429 ι·-
2766 386 3116 445 (ΣΟΜΜΕΝΤ.
3154 389 3323 446 BlBL.

3662 390 3805 447 που

541 527 672 584 pore
699 529 713 565 κ
735 510 829 566 sed
850 510 1041 564 melius
1062 515 1237 565 est'ut
1266 507 1333 562 ad
1355 506 1648 562 Ecclesium
1672 505 1772 559 ista
1788 502 2107 557 referamus.
2142 501 2185 559 Α
2214 497 2477 553 ctationes
2490 498 2669 569 capies
2692 499 2744 554 in
2761 501 2932 569 gratia
2954 500 3119 567 illius,
3142 520 3162 552 ι
3185 510 3239 558 et
3256 501 3538 557 sustoliam
3560 510 3616 556 te
3635 517 3803 574 super

540 603 763 656 Deserta
805 610 987 654 autem
1016 598 1353 662 seculorum,
1396 597 1449 650 id
1473 604 1558 651 est
1588 594 1878 649 multorum
1909 600 2112 662 teinpo-
2213 590 2550 646 altitudinem
2595 600 2773 657 terrae,
2807 612 2826 644 ι
2861 595 2963 649 hoc
2994 602 3080 650 est
3102 596 3156 650 in
3193 593 3533 652 altitudinem
3576 605 3798 652 aeterna:

539 707 683 755 rum,
714 690 945 760 appellat
979 687 1350 744 conventicula
1384 685 1715 749 Iudaeorum,
1747 700 1867 754 quae
1894 684 2107 738 deserta

537 787 662 833 sunt
690 793 784 847 per
812 778 1203 841 inﬁdelitatem,
1232 784 1288 832 et
1330 777 1383 829 in
1422 775 1649 830 ecclesia
1683 781 1983 828 restaurata
2009 786 2108 841 per

538 866 718 922 tidem.
778 866 1146 922 Fundamenta
1208 864 1571 936 generationis
1627 872 1682 919 et
1744 861 2108 934 generationis

534 958 821 1013 suscitabis
838 999 853 1022 ,
880 973 914 1013 ο
937 957 1194 1020 Ecclesia,
1235 957 1500 1011 credendo
1525 966 1579 1010 et
1604 953 1909 1011 conﬁtendo
1952 953 2106 1010 Chri-

532 1055 677 1126 stum
708 1062 892 1102 verum
924 1047 1110 1112 Deum,
1141 1054 1196 1100 et
1217 1060 1403 1102 verum
1430 1046 1702 1100 hominem
1725 1058 1864 1100 esse.
1894 1043 2105 1098 Funda-

534 1145 772 1192 mentum
800 1138 1061 1210 singulari
1082 1153 1307 1194 numero
1335 1138 1603 1208 prolatum
1629 1136 1905 1192 Christum
1934 1138 2104 1209 signi-

533 1225 679 1293 licat,
702 1228 993 1284 secundum
1014 1229 1158 1298 quod
1183 1227 1381 1283 Paulus
1409 1227 1539 1282 dicit
1572 1242 1588 1279 :
1622 1244 1640 1279 α
1670 1226 2101 1284 Fundamentum

530 1316 673 1372 aliud
688 1333 848 1373 nemo
874 1326 1054 1387 potest
1074 1331 1272 1388 ponere
1287 1357 1303 1379 ,
1321 1324 1519 1385 praeter
1530 1316 1582 1371 id
1596 1317 1738 1384 quod
1750 1316 1983 1387 positum
1996 1325 2099 1383 est,

532 1409 675 1476 quod
703 1417 787 1464 est
804 1407 961 1464 Jesus
981 1407 1229 1462 Christus
1260 1405 1309 1477 (I
1340 1406 1464 1460 Cor.
1489 1406 1605 1476 11).:
1628 1405 1826 1459 Plurali
1851 1420 1977 1461 vero
1997 1422 2099 1461 nu-

530 1512 681 1552 mero
707 1496 1110 1566 pronuntiatum
1157 1495 1525 1553 fundamenta.
1551 1493 1776 1562 apostoli
1799 1503 1856 1548 et
1875 1495 2101 1565 prophe-

526 1597 595 1643 tte
644 1596 699 1643 et
745 1587 1126 1657 praedicatores
1171 1584 1426 1642 Ecclesiae
1478 1583 1767 1655 signiﬁcat,
1822 1591 1881 1638 ut
1914 1584 2042 1640 illud
2081 1600 2093 1636 :

525 1676 896 1736 Fundamenta
922 1678 1041 1748 ejus
1071 1677 1122 1731 in
1155 1676 1428 1731 montibus
1452 1676 1675 1730 sanctis.
1700 1676 1805 1730 Per
1830 1677 1948 1732 haec
1971 1690 2100 1731 vero

524 1767 633 1824 tino
655 1783 775 1837 quae
803 1768 952 1834 dicit,
982 1767 1343 1839 generationis
1363 1767 1610 1823 videlicet
1630 1774 1688 1823 et
1712 1767 2096 1836 generationis,

2210 680 2529 748 soliditatis,
2572 683 2695 752 quia
2744 684 2847 739 hoc
2895 684 3232 741 solummodo
3277 687 3610 742 elementum
3659 688 3793 742 soli-

2209 773 2335 829 dum
2352 783 2516 846 atque
2540 776 2814 833 immobile
2834 790 3036 833 manet.
3058 797 3078 830 ι
3097 779 3164 834 Ει
3176 778 3373 835 cibabo
3396 789 3448 834 te
3471 781 3799 836 haereditate

2206 865 2373 922 Iacob
2397 868 2565 937 patris
2593 868 2693 933 tui,
2728 888 2747 921 ι
2790 869 2843 922 id
2870 878 2954 925 est
2988 869 3357 926 haereditatem
3409 872 3550 925 dabo
3598 872 3697 925 tibi
3738 873 3795 925 in

2206 955 2410 1012 caelesti
2432 956 2960 1027 beatitudine,quam
2986 959 3106 1013 dedi
3129 960 3426 1024 Abraham,
3453 962 3608 1016 [sane
3629 961 3792 1018 etla-

2204 1046 2326 1110 cob,
2359 1061 2588 1116 quorum
2617 1046 2712 1101 lilii
2740 1054 2873 1102 estis
2899 1062 2998 1118 per
3024 1048 3182 1103 ﬁdem
3212 1059 3269 1104 et
3297 1051 3684 1106 imitationem.
3715 1053 3796 1107 De

2204 1151 2312 1204 qua
2342 1138 2592 1192 satietate
2623 1136 2755 1194 dicit
2777 1137 3104 1195 Psalmista':
3135 1157 3154 1191 ι
3184 1138 3440 1197 Satiabor
3458 1142 3591 1197 dum
3617 1144 3795 1198 mani-

2208 1222 2503 1278 festabitur
2552 1223 2722 1294 gloria
2771 1234 2860 1279 tua
2903 1224 3072 1296 (Psal.
3099 1228 3234 1300 xvi).
3272 1248 3292 1282 ι
3325 1228 3532 1285 Omnes
3557 1245 3791 1300 namque

2202 1314 2635 1386 supplantatores
2650 1315 2904 1372 vitiorum
2933 1325 2987 1373 et
3007 1318 3309 1376 daemonum
3340 1321 3434 1376 lilii
3463 1331 3597 1377 sunt
3624 1323 3790 1378 Iacob

2202 1421 2299 1476 per
2316 1406 2473 1461 ﬁdem
2499 1417 2556 1462 et
2575 1408 2964 1478 Operationem.
2992 1426 3011 1460 ι
3042 1408 3115 1465 Os
3138 1411 3284 1465 enim
3308 1410 3525 1467 Domini
3549 1413 3787 1467 locutum

2200 1506 2303 1553 est.
2336 1517 2355 1551 ι
2383 1497 2526 1563 Haec,
2556 1500 2609 1554 id
2626 1508 2736 1565 est,
2767 1500 3026 1571 propheta
3055 1501 3199 1556 illius
3211 1518 3309 1573 per
3328 1518 3494 1573 quem
3522 1503 3615 1559 ille
3644 1504 3787 1574 loqui

2200 1587 2449 1657 dignatus
2476 1595 2579 1655 est,
2613 1588 2717 1644 ista
2757 1604 2876 1658 quae
2902 1591 3149 1662 superius
3186 1603 3406 1647 narrata
3454 1603 3587 1649 sunt
3630 1595 3782 1649 dixit.

2200 1677 2503 1733 Redeamus
2546 1678 2614 1733 ad
2647 1679 2929 1734 exordium
2960 1682 3123 1750 hujus
3144 1684 3394 1738 versiculi
3429 1685 3524 1738 ubi
3555 1684 3718 1750 dixit,
3740 1690 3784 1741 si

2198 1769 2460 1825 averteris
2488 1784 2518 1824 a
2544 1772 2771 1827 sabbato
2790 1762 2982 1843 pedem
3007 1781 3180 1840 tuum,
3214 1783 3270 1830 et
3288 1783 3506 1831 caetera.
3532 1776 3634 1832 Ille
3661 1793 3785 1833 vero

524 1868 811 1929 utrumque
840 1861 1093 1930 populum
1123 1860 1235 1915 vult
1276 1859 1502 1930 intelligi
1543 1858 1849 1915 Iudaeorum
1884 1868 1940 1917 et
1965 1875 2095 1932 gen-
2127 1848 2171 1906 Β
2198 1858 2485 1914 sabbatum
2511 1861 2661 1927 colit,
2687 1862 2780 1931 qui
2814 1877 2915 1918 nec
2937 1878 3187 1920 sermone
3214 1881 3314 1921 nec
3337 1881 3510 1936 opere
3536 1866 3777 1933 oﬂ'endit,

524 1952 675 2006 tium.
716 1952 921 2006 Dicitur
964 1966 1093 2023 ergo
1120 1951 1187 2005 ad
1239 1950 1541 2006 Ecclesium
1574 1969 1587 2004 :
1619 1950 1964 2006 mdilicabunt
1992 1950 2094 2024 (in-

518 2038 656 2111 quit)
698 2039 753 2095 in
797 2049 879 2105 te,
910 2055 943 2095 o
970 2040 1228 2103 Ecclesia,
1262 2055 1359 2110 per
1380 2040 1539 2095 ﬁdem
1558 2041 1952 2108 conventicula,
1973 2057 2094 2112 qum

519 2129 729 2186 deserta
779 2139 914 2212 sunt.
942 2131 997 2185 in
1038 2130 1238 2186 Iudaeis
1280 2144 1376 2200 per
1410 2129 1809 2196 inﬁdelitatem,
1872 2139 1930 2186 et
1976 2148 2094 2187 sus—

518 2218 712 2279 eitahis
757 2219 1100 2276 fundamenta
1151 2220 1432 2290 utriusque
1470 2220 1671 2290 populi,
1701 2220 1972 2290 apostolos
2023 2222 2094 2276 vi-

512 2310 715 2373 delicet
750 2311 1262 2381 praedicatoresqnc,
1298 2310 1388 2380 qui
1434 2310 1732 2367 Ecelesiam
1768 2327 1864 2367 sua
1890 2311 2093 2367 doctri-

521 2416 591 2464 na
614 2410 671 2463 et
702 2403 814 2463 suis
839 2402 1102 2473 exemplis
1127 2402 1508 2458 fundaverunt.
1539 2421 1559 2455 ι
1587 2404 1656 2459 Ει
1681 2404 1983 2468 vocaberis,
2005 2420 2038 2460 ο
2067 2423 2085 2457 ›

517 2492 712 2564 populo
738 2493 1076 2560 Christiane,
1105 2512 1125 2546 ι
1152 2494 1447 2551 aedificator
1481 2496 1713 2566 sepium,
1749 2516 1768 2549 ι
1801 2496 1855 2550 id
1877 2503 1963 2551 est
1988 2496 2089 2550 do-

515 2588 811 2642 ctrinarum
844 2587 1245 2659 praedicatione,
1282 2604 1301 2639 ι
1322 2594 1573 2642 avertens
1595 2587 1821 2642 semitas
1843 2586 2093 2655 iniquita-

516 2691 652 2744 tum,
680 2698 701 2733 ι
727 2678 782 2734 id
808 2688 890 2734 est
917 2694 1187 2744 errorum,
1216 2679 1308 2735 ubi
1345 2694 1453 2734 non
1477 2687 1563 2736 ost
1603 2680 1756 2749 quies
1783 2692 1958 2748 neque
1985 2694 2089 2749 pax

514 2768 737 2827 Christi.
791 2768 1174 2825 zEdilicatores
1216 2769 1471 2825 Ecclesiae
1516 2771 1898 2840 praedicatores
1937 2780 2083 2826 sunt.

515 2859 685 2928 Sepes
718 2873 845 2915 vero
869 2874 1055 2915 eorum
1082 2860 1345 2915 doctrinae
1373 2874 1494 2929 quas
1520 2867 1765 2929 pungunt
1784 2875 1913 2916 suos
1939 2861 2089 2915 audi-

515 2960 681 3014 tores,
707 2958 762 3004 et
787 2964 906 3018 quae
933 2948 1226 3004 defendunt
1248 2949 1460 3005 vineam
1487 2957 1544 3005 et
1573 2964 1804 3005 messem
1850 2949 2088 3005 Domini.

514 3054 632 3093 eam
664 3054 695 3092 a
738 3038 971 3104 furibus,
1022 3039 1076 3094 id
1104 3047 1190 3094 est
1230 3038 1527 3095 Ecclesium
1551 3055 1584 3093 a
1617 3038 1851 3104 diabolo,
1876 3041 2002 3109 quia
2032 3041 2086 3095 in

515 3127 893 3198 praedicatione
922 3129 1203 3182 doctorum
1240 3127 1611 3194 considerant,
1632 3130 1901 3198 quomodo
1929 3143 2085 3185 scan-

2196 1963 2417 2006 eessans
2443 1966 2473 2005 a
2501 1952 2648 2008 vitiis
2669 1961 2725 2008 et
2752 1954 2820 2008 ah
2846 1956 2992 2009 omni
3020 1969 3183 2026 Opere
3205 1958 3409 2012 servili.
3445 1957 3613 2013 Juxta
3643 1963 3779 2029 quod

2194 2038 2278 2094 lex
2301 2042 2546 2113 praecipit
2575 2060 2588 2096 :
2619 2060 2638 2093 ι
2676 2040 2825 2113 Opus
2848 2044 3142 2116 (inquiens)
3173 2046 3369 2102 servile
3396 2063 3468 2101 ne
3496 2047 3706 2103 faciatis
3725 2050 3775 2105 iu

2194 2144 2260 2185 eo
2279 2128 2465 2201 (Leuit.
2494 2132 2705 2203 xxtu),i
2735 2133 2789 2187 id
2812 2141 2898 2188 est
2921 2148 3057 2205 opus
3076 2136 3304 2204 peccati.
3341 2154 3361 2187 ε
3390 2136 3497 2204 Qui
3529 2139 3677 2192 enim
3702 2138 3775 2192 l'ao

2191 2219 2266 2273 cit
2298 2227 2599 2290 peccatum,
2634 2237 2823 2278 servus
2847 2230 2934 2279 est
2967 2226 3168 2293 peccati
3199 2226 3384 2296 (locu.
3412 2228 3559 2295 vm).
3610 2249 3631 2279 ι
3659 2230 3774 2284 Dies

2191 2307 2354 2363 etiam
2404 2318 2623 2367 sanctos
2665 2312 2897 2383 agimus,
2941 2314 2987 2369 si
3019 2317 3155 2370 bene
3196 2316 3453 2372 vivimus.
3509 2316 3568 2373 Si
3598 2328 3770 2374 autem

2192 2395 2332 2450 male
2358 2398 2678 2464 vixerimus,
2721 2400 2835 2470 jam
2877 2416 2984 2456 non
3031 2402 3146 2458 dies
3173 2413 3395 2459 sanctos
3437 2406 3765 2462 celebramus

2191 2485 2286 2540 sed
2313 2485 2500 2542 malos.
2531 2485 2690 2543 Juxta
2724 2490 2868 2558 quod
2890 2490 3180 2560 Apostolus
3207 2493 3339 2548 dicit
3366 2495 3440 2549 de
3478 2496 3716 2569 reprobis
3743 2516 3759 2551 :

2197 2594 2215 2628 ι
2258 2574 2607 2634 Redimentes
2675 2587 2905 2651 tempus,
2977 2583 3241 2652 quoniam
3288 2584 3409 2641 dies
3468 2588 3602 2642 mali
3654 2597 3776 2644 sunt

2192 2665 2407 2739 (Epltes.
2432 2669 2508 2741 ν).
2550 2690 2570 2723 ι
2605 2670 2885 2743 Sequitur.

2773 2826 3004 2885 CAPUT
3042 2829 3175 2886 LIX.

2263 2967 2284 3001 ι
2318 2948 2457 3005 Ecce
2491 2964 2598 3004 nun
2626 2956 2711 3005 est
2735 2948 3049 3005 abbreviata
3092 2966 3283 3007 manus
3311 2951 3552 3020 Domini,
3585 2961 3649 3008 ut
3675 2956 3780 3009 sal-

2186 3052 2316 3092 vare
2344 3046 2598 3107 nequeat,
2619 3058 2639 3090 »
2666 3053 2762 3093 vos
2792 3038 2837 3093 si
2870 3038 3149 3095 volueritis
3171 3039 3239 3094 ad
3263 3055 3386 3096 eum
3406 3042 3610 3106 redire,
3640 3062 3662 3094 ι
3681 3059 3773 3098 ne-

2186 3141 2293 3196 que
2312 3135 2601 3199 aggravata
2624 3136 2709 3184 est
2732 3129 2882 3185 auris
2900 3129 3038 3200 ejus,
3064 3139 3251 3186 utnon
3278 3133 3550 3186 exaudiat.
3584 3153 3604 3185 ι
3634 3133 3770 3188 Pro-

513 3219 633 3279 daia
661 3228 717 3276 et
740 3219 961 3276 insidias
985 3220 1286 3275 daemonum
1309 3220 1480 3275 vitare
1509 3220 1758 3276 debeant.
1789 3220 1890 3290 Ipsi
1918 3222 2081 3277 etiam
2112 3215 2156 3244 ν
2186 3217 2349 3286 pheta
2396 3216 2690 3286 alloquitur
2733 3215 2949 3274 Judaos
2992 3218 3245 3274 concives
3295 3235 3428 3274 suos.
3466 3220 3610 3275 Ecce
3660 3224 3769 3291 (in-

511 3319 761 3369 avertunt
788 3310 1009 3366 semitas
1052 3310 1422 3380 iniquitatum,
1455 3312 1507 3367 id
1536 3320 1625 3367 est
1651 3313 1855 3368 erroris
1896 3321 1952 3369 et
1977 3313 2082 3367 im-

510 3403 747 3474 pietatis,
792 3398 1339 3472 in'tranquillitatem
1371 3402 1496 3459 lidei
1525 3412 1581 3459 et
1615 3404 1875 3461 virtutum
1917 3415 2083 3475 atque

507 3492 811 3550 eharitatis.
859 3491 1014 3560 Quod
1058 3493 1103 3548 si
1144 3493 1441 3549 dixerimus
1483 3502 1736 3550 avertens
1774 3495 1996 3551 semitas
2023 3497 2078 3550 in

509 3585 768 3656 quietem,
822 3585 926 3640 hoc
958 3591 1043 3639 est
1092 3584 1144 3638 in
1174 3598 1386 3653 pacem,
1422 3568 1730 3640 subauditio
1772 3586 2078 3641 necessaria

508 3675 615 3730 erit
641 3673 713 3730 ibi
741 3673 1066 3744 hujusmodi,
1103 3682 1355 3729 avertens
1378 3674 1622 3741 semitas,
1643 3674 1901 3730 subaudis
1930 3690 2081 3732 erro-

511 3769 586 3824 ris
608 3768 660 3823 in
687 3782 869 3822 veram
897 3782 1107 3836 pacem.

582 3874 605 3909 ι
646 3855 703 3911 Si
739 3857 1001 3913 averteris
1023 3872 1056 3912 a
1095 3856 1322 3913 sabbato
1353 3860 1546 3928 pedem
1585 3867 1733 3915 tuum
1764 3860 1942 3917 facere
1982 3877 2079 3918 vo-

510 3948 770 4003 luntatem
816 3955 960 4001 tuam
1003 3948 1060 4002 in
1102 3946 1190 4002 die
1211 3957 1404 4004 saneto
1429 3964 1570 4017 nico,
1600 3960 1657 4006 et
1692 3952 1912 4008 vocabis
1959 3954 2083 4008 sab-

510 4039 694 4094 batum
721 4036 1029 4101 delicatum,
1060 4055 1079 4088 ι
1108 4036 1161 4091 id
1187 4046 1273 4093 est
1295 4022 1597 4095 dedicatum
1630 4041 1856 4098 Domino
1876 4050 1932 4097 et
1954 4057 2083 4098 con-

509 4135 779 4183 secratum
813 4144 833 4179 ¢
868 4136 923 4182 et
958 4134 1205 4182 sanetum
1247 4129 1461 4183 Domini
1513 4129 1825 4200 gloriosum,
1866 4151 1885 4184 ι
1923 4133 1976 4189 id
1999 4145 2083 4189 est

511 4234 702 4290 purum
737 4226 794 4273 et
828 4216 1258 4285 celeberrimum,
1289 4233 1395 4274 non
1449 4227 1598 4274 tuum
1628 4222 1723 4275 sed
1760 4221 1998 4291 Domini,
2026 4233 2083 4280 et

511 4311 838 4383 glorilioabis
882 4326 1004 4367 eum
1048 4311 1135 4367 vel
1172 4314 1459 4370 Dominum
1487 4315 1570 4371 vel
1599 4315 1902 4383 sabbatum,
1927 4319 2080 4389 juxta

513 4401 686 4456 ilhtd:
723 4420 742 4453 ι
792 4400 1021 4457 Videant
1060 4416 1226 4472 opera
1274 4412 1453 4459 vestra
1504 4405 1663 4472 bona,
1704 4414 1760 4462 et
1783 4407 2085 4478 gloriﬁcent

2183 3308 2395 3378 quiens)
2450 3323 2559 3364 non
2599 3316 2703 3383 est.
2731 3310 3041 3365 abhreviata
3087 3325 3281 3367 manus
3318 3311 3541 3377 Domini,
3570 3312 3625 3367 id
3646 3322 3757 3376 est,

2184 3414 2290 3454 non
2319 3407 2403 3455 est
2432 3400 2697 3456 minorata
2724 3407 2971 3470 potestas
2995 3399 3156 3466 illius,
3195 3410 3255 3455 ut
3275 3416 3372 3456 vos
3399 3412 3631 3472 nequeat
3653 3404 3765 3458 sai-

2183 3506 2311 3546 vare
2338 3492 2405 3546 ab
2428 3491 2676 3547 hostibus
2701 3500 2759 3547 et
2783 3491 3018 3557 diabolo,
3040 3492 3087 3546 si
3111 3491 3391 3547 volueritis
3419 3493 3475 3547 in
3499 3509 3623 3548 eum
3651 3509 3772 3549 cre-

2182 3580 2335 3645 dere,
2361 3582 2506 3636 sient
2526 3582 2798 3651 quondam
2822 3596 2928 3636 non
2953 3591 3037 3637 est
3058 3582 3324 3637 minorata
3346 3584 3568 3654 quando
3584 3584 3775 3639 eduxit

2181 3681 2366 3741 patres
2414 3681 2629 3728 nostros
2651 3672 2720 3728 de
2750 3681 2895 3728 terra
2936 3672 3174 3745 Egypti.
3203 3673 3395 3745 Neque
3429 3676 3597 3731 etiam
3627 3677 3775 3731 auris

2185 3760 2331 3818 illius
2366 3770 2452 3817 est
2481 3770 2796 3833 aggravata,
2833 3771 2893 3817 ut
2921 3778 3027 3818 non
3059 3766 3231 3833 possit
3256 3767 3545 3832 exaudire,
3575 3768 3621 3822 si
3648 3781 3771 3821 eum

2183 3866 2315 3921 pura
2329 3860 2512 3911 mente
2525 3854 2881 3910 exoraveritis
2903 3870 2917 3909 :
2938 3855 3029 3909 sed
3044 3856 3296 3911 exaudiet
3325 3873 3424 3912 vos
3446 3859 3590 3913 sicut
3613 3874 3775 3913 exau.

2183 3942 2317 4002 dixit
2342 3942 2525 4000 Mosen
2551 3950 2607 3999 et
2651 3944 2854 4011 Aaron,
2882 3943 3123 4010 Samuel,
3152 3944 3343 4013 David,
3380 3947 3629 4018 aliosque
3650 3964 3772 4004 sau-

2184 4041 2320 4090 ctos.

2260 4142 2278 4178 ι
2316 4123 2423 4180 Sed
2455 4125 2769 4196 iniquitates
2794 4135 3007 4193 vestra,
3042 4146 3063 4180 ι
3096 4128 3153 4184 id
3187 4135 3273 4185 est
3300 4129 3481 4186 cultus
3505 4130 3771 4187 idolorum

2187 4222 2518 4280 vestrorum,
2549 4231 2568 4266 ι
2589 4214 2888 4270 diviserunt
2914 4215 3054 4271 inter
3072 4231 3169 4272 vos
3188 4224 3244 4274 et
3263 4216 3458 4285 Deum,
3475 4228 3535 4274 et
3548 4228 3773 4289 peccata

2184 4313 2366 4361 vestra
2378 4306 2777 4363 absconderant
2793 4305 2986 4366 faciem
3004 4308 3127 4378 ejus
3146 4323 3177 4363 a
3192 4309 3370 4375 vobis,
3404 4329 3424 4361 ι
3453 4310 3509 4365 id
3532 4320 3617 4366 est
3636 4326 3770 4380 pr:-

2186 4396 2415 4451 sentiam
2445 4404 2500 4453 et
2527 4397 2785 4455 auxilium
2816 4396 2959 4453 illius
2982 4397 3374 4453 subtraxerunt
3396 4414 3430 4452 a
3458 4399 3620 4454 vobis
3650 4418 3669 4450 ι
3705 4416 3773 4455 ne

513 4493 730 4548 Patrem
759 4500 1020 4558 vestrum,
1049 4493 1142 4562 qui
1200 4493 1253 4553 iu
1294 4494 1449 4551 ccelis
1498 4505 1583 4551 est
1628 4494 1843 4569 (Matth.
1906 4497 1992 4569 v),
2059 4518 2077 4551 υ
2116 4523 2163 4581 ο
2189 4493 2494 4560 exaudiret,
2518 4493 2812 4552 vsebaudis
2825 4508 2921 4548 vos
2942 4501 3183 4564 tempore
3202 4492 3593 4551 tribulationis.
3619 4495 3764 4549 ludo

516 4602 537 4636 ι
570 4584 695 4639 dum
741 4598 847 4638 non
876 4582 1010 4639 facis
1052 4582 1353 4640 voluntates
1382 4593 1525 4650 tuas,
1562 4604 1580 4637 ι
1620 4587 1676 4642 id
1721 4595 1805 4643 est
1848 4589 2087 4647 actiones

510 4674 758 4731 carnales
807 4684 862 4729 et
890 4677 1157 4745 proprias,
1203 4675 1422 4732 imitans
1470 4676 1741 4732 Christum
1788 4679 1879 4748 qui
1907 4680 2079 4736 dixit:

518 4787 536 4819 ι
571 4766 685 4823 Non
711 4768 832 4822 veni
858 4766 1035 4823 facere
1061 4767 1386 4823 voluntatem
1415 4783 1590 4824 meam
1616 4770 1797 4843 (Joan.
1841 4787 1891 4835 v,
1926 4771 2022 4843 vr).
2058 4790 2076 4825 ι

515 4861 649 4915 Dum
694 4858 808 4913 hate
836 4858 1029 4913 feceris
1069 4877 1088 4911 ι
1135 4873 1242 4913 non
1278 4859 1547 4914 invenitur
1582 4861 1831 4915 voluntas
1879 4867 1992 4926 tua,
2026 4870 2084 4915 ut

513 4952 750 5022 loquaris
779 4967 1100 5016 sermonem,
1139 4971 1158 5005 ι
1188 4951 1446 5008 subaudis
1472 4953 1729 5016 otiosum,
1761 4950 1845 5006 vel
1876 4966 2083 5008 sermo-

514 5058 639 5098 nem
689 5043 1053 5113 blasphemize,
1107 5043 1220 5098 sive
1269 5042 1425 5099 idolis
1477 5043 1909 5099 convenientem.
1958 5040 2109 5097 Haec

515 5133 696 5188 omnia
735 5133 887 5188 brevi
935 5133 1314 5204 explanatione
1371 5133 1754 5206 comprehendi
1811 5142 2078 5204 possunt,

515 5225 641 5295 quia
690 5224 970 5296 replicatio
1000 5225 1285 5279 verborum
1313 5234 1396 5281 est
1440 5224 1511 5279 ibi
1541 5240 1557 5278 :
1582 5223 1640 5279 Si
1684 5225 1945 5280 averteris
1974 5224 2109 5297 (ini-

488 5306 654 5388 ﬁuit)
689 5331 720 5371 a
749 5317 969 5373 sabbato
1001 5318 1189 5387 pedem
1222 5325 1395 5380 tuum,
1449 5316 1501 5370 id
1529 5325 1630 5380 est,
1667 5317 1711 5370 si
1738 5318 2082 5386 prohibueris

517 5408 782 5464 actionem
820 5416 965 5463 tuam
1013 5423 1236 5477 pravam
1266 5407 1319 5462 in
1356 5406 1443 5462 die
1472 5407 1700 5467 sabbati,
1744 5422 1811 5461 ne
1850 5420 2083 5462 comma.

517 5498 666 5554 cules
712 5498 841 5554 illud
867 5499 975 5554 tuis
1012 5498 1397 5562 voluntatibus,
1453 5505 1508 5552 et
1557 5495 1732 5565 ignem
1764 5496 1875 5551 litis
1911 5504 1969 5552 et
1991 5497 2085 5550 de-

520 5589 800 5645 tractionis
821 5599 981 5659 atque
998 5589 1105 5645 odii
1130 5605 1234 5644 non
1261 5588 1628 5646 succenderis.
1649 5595 1704 5642 at
1724 5587 1776 5642 in
1799 5589 1884 5645 his
1906 5589 2082 5644 omni-

514 5679 619 5735 bus
645 5678 925 5734 Dominum
955 5677 1299 5750 glorilieahis.
1336 5672 1341 5677 ’

592 5785 615 5819 ι
649 5768 798 5824 Tunc
820 5768 1170 5824 ἀειεοιςιὺετίε
1195 5782 1355 5830 super
1400 5768 1656 5831 Domino,
1682 5788 1705 5823 ι
1732 5767 1784 5824 id
1832 5777 1912 5826 est
1941 5767 2084 5824 delc-

2187 4585 2522 4640 demonstrat
2552 4599 2721 4655 quare
2756 4585 3068 4654 permiserit
3097 4599 3192 4640 eos
3242 4586 3367 4640 duci
3397 4587 3452 4640 in
3482 4586 3766 4656 captivita-

2188 4685 2296 4731 tem
2325 4677 2546 4742 totiens,
2574 4685 2631 4731 et
2667 4690 2836 4745 quare
2868 4690 2973 4730 non
3000 4676 3300 4732 exaudierit
3336 4690 3456 4741 eos,
3488 4676 3578 4732 vel
3603 4692 3773 4748 quare

2186 4766 2342 4836 longe
2369 4765 2569 4822 fuerint
2605 4782 2636 4820 a
2675 4767 2803 4832 Deo,
2843 4766 3091 4822 videlicet
3116 4775 3336 4836 propter
3378 4766 3765 4821 idololatrian).

2261 4874 2283 4909 ι
2318 4856 2509 4913 Manus
2533 4856 2677 4911 enim
2702 4864 2896 4912 vestrm
2917 4855 3133 4926 pollutae
3159 4865 3282 4911 sunt
3311 4856 3579 4926 sanguine
3606 4876 3630 4908 ι
3650 4856 3767 4926 jus.

2187 4956 2361 5002 torum
2390 4965 2408 4999 ι
2452 4957 2508 5003 et
2535 4947 2686 5018 digiti
2714 4947 2883 5002 vestri
2905 4946 3212 5016 iniquitate.
3248 4966 3269 4999 ι
3292 4945 3497 5001 Omnes
3518 4944 3768 5016 Scripta.

2186 5051 2261 5095 ne
2289 5044 2554 5093 testantur
2582 5036 2797 5096 Judmos
2833 5049 3048 5106 semper
3075 5044 3357 5107 promptos
3392 5051 3521 5091 esse
3552 5037 3624 5091 ad
3654 5035 3767 5091 fnu-

2184 5127 2417 5183 dendum
2447 5126 2763 5198 sanguinem
2795 5128 3179 5195 prophetarum
3203 5135 3259 5180 et
3279 5126 3577 5195 jusserunt.
3613 5126 3767 5182 Unde

2184 5218 2410 5288 legimus
2441 5216 2549 5288 (ιγ
2580 5217 2709 5286 Reg.
2738 5232 2860 5281 xxi;
2893 5216 2956 5272 11
3001 5214 3186 5278 Paret,
3232 5217 3430 5288 xxxut)
3473 5216 3620 5286 quod
3650 5216 3761 5272 Ia-

2185 5324 2372 5365 nasses
2401 5322 2495 5362 rex
2523 5305 2660 5361 Jnda
2689 5306 2975 5376 repleverit
3003 5305 3335 5361 Hierusalem
3369 5307 3640 5377 sanguine
3674 5307 3760 5363 in-

2187 5398 2516 5463 nocentium,
2557 5413 2587 5453 a
2616 5405 2771 5467 porta
2797 5410 2970 5467 usque
2995 5395 3062 5450 ad
3090 5405 3321 5465 portam.
3353 5396 3422 5451 Et
3446 5411 3558 5451 non
3587 5395 3760 5453 solum

2187 5488 2565 5559 prophetarum
2594 5485 2910 5554 sanguinem
2938 5483 3213 5551 fuderunt,
3233 5485 3327 5541 sed
3349 5486 3517 5556 ipsius
3546 5482 3761 5541 Domini

2187 5578 2377 5649 capitis
2419 5575 3097 5645 omniumprophetarum.
3141 5574 3232 5632 Sic
3257 5576 3424 5631 etiam
3454 5575 3762 5646 Stepbw

2195 5674 2420 5726 testatus
2474 5672 2562 5720 est
2598 5665 2653 5719 in
2680 5663 2908 5720 Actibus
2960 5664 3321 5734 apostolorum
3379 5662 3536 5736 (Cap.
3593 5665 3692 5734 vu)
3738 5700 3755 5719 .

2190 5763 2357 5831 Quem
2379 5759 2758 5833 prophetarum
2788 5773 2893 5813 non
2923 5765 3042 5813 sunt
3068 5756 3338 5833 persecuti
3363 5765 3547 5833 patres
3568 5754 3759 5823 vestri.
