  <div class='ocr_page' id='page_1' title='image "/cluster/home/n/w/nwhite01/storage/ocr_20150623/116/hvd.32044015466881/514.png"; bbox 0 0 4016 6494; ppageno 0'>
   <div class='ocr_carea' id='block_1_1' title="bbox 248 409 384 466">
    <p class='ocr_par' dir='ltr' id='par_1_1' title="bbox 248 409 384 466">
     <span class='ocr_line' id='line_1_1' title="bbox 248 409 384 466; baseline 0 -1"><span class='ocrx_word' id='word_1_1' title='bbox 248 409 384 466; x_wconf 68' lang='grc' dir='ltr'><strong>ιθεδ</strong></span> 
     </span>
    </p>
   </div>
   <div class='ocr_carea' id='block_1_2' title="bbox 1291 396 2439 461">
    <p class='ocr_par' dir='ltr' id='par_1_2' title="bbox 1291 396 2439 461">
     <span class='ocr_line' id='line_1_2' title="bbox 1291 396 2439 461; baseline -0.002 -1"><span class='ocrx_word' id='word_1_2' title='bbox 1291 403 1641 461; x_wconf 71' lang='lat' dir='ltr'><strong>COMMENT.</strong></span> <span class='ocrx_word' id='word_1_3' title='bbox 1681 403 1746 458; x_wconf 74' lang='lat' dir='ltr'><strong>IN</strong></span> <span class='ocrx_word' id='word_1_4' title='bbox 1781 401 2035 460; x_wconf 71' lang='lat' dir='ltr'><strong>ISAIAM.</strong></span> <span class='ocrx_word' id='word_1_5' title='bbox 2077 432 2146 444; x_wconf 89' lang='lat'><strong>-</strong></span> <span class='ocrx_word' id='word_1_6' title='bbox 2186 404 2313 460; x_wconf 84' lang='lat' dir='ltr'><strong>LIB.</strong></span> <span class='ocrx_word' id='word_1_7' title='bbox 2355 396 2439 460; x_wconf 70' lang='grc' dir='ltr'><strong>ιιι,</strong></span> 
     </span>
    </p>
   </div>
   <div class='ocr_carea' id='block_1_3' title="bbox 3353 412 3495 470">
    <p class='ocr_par' dir='ltr' id='par_1_3' title="bbox 3353 412 3495 470">
     <span class='ocr_line' id='line_1_3' title="bbox 3353 412 3495 470; baseline 0.021 -3"><span class='ocrx_word' id='word_1_8' title='bbox 3353 412 3495 470; x_wconf 66' lang='grc'><strong>1026</strong></span> 
     </span>
    </p>
   </div>
   <div class='ocr_carea' id='block_1_4' title="bbox 247 514 3493 596">
    <p class='ocr_par' dir='ltr' id='par_1_4' title="bbox 247 514 3493 596">
     <span class='ocr_line' id='line_1_4' title="bbox 247 514 3493 596; baseline 0 -19"><span class='ocrx_word' id='word_1_9' title='bbox 247 526 337 596; x_wconf 86' lang='lat' dir='ltr'><strong>qui</strong></span> <span class='ocrx_word' id='word_1_10' title='bbox 369 524 528 578; x_wconf 89' lang='lat' dir='ltr'><strong>locuti</strong></span> <span class='ocrx_word' id='word_1_11' title='bbox 567 530 695 577; x_wconf 89' lang='lat' dir='ltr'><strong>sunt</strong></span> <span class='ocrx_word' id='word_1_12' title='bbox 720 521 785 574; x_wconf 88' lang='lat' dir='ltr'><strong>de</strong></span> <span class='ocrx_word' id='word_1_13' title='bbox 831 521 1060 574; x_wconf 86' lang='lat' dir='ltr'><strong>adventu</strong></span> <span class='ocrx_word' id='word_1_14' title='bbox 1084 517 1214 586; x_wconf 85' lang='lat' dir='ltr'><strong>justi</strong></span> <span class='ocrx_word' id='word_1_15' title='bbox 1237 517 1258 570; x_wconf 70' lang='grc' dir='ltr'><strong><em>τ</em></strong></span> <span class='ocrx_word' id='word_1_16' title='bbox 1285 517 1574 572; x_wconf 80' lang='lat' dir='ltr'><strong>Jeremiam</strong></span> <span class='ocrx_word' id='word_1_17' title='bbox 1607 515 1813 586; x_wconf 81' lang='lat' dir='ltr'><strong>lapida-</strong></span> <span class='ocrx_word' id='word_1_18' title='bbox 1844 521 1889 578; x_wconf 74' lang='grc' dir='ltr'><strong>Α</strong></span> <span class='ocrx_word' id='word_1_19' title='bbox 1920 514 2078 570; x_wconf 86' lang='lat' dir='ltr'><strong>fuerit</strong></span> <span class='ocrx_word' id='word_1_20' title='bbox 2102 531 2266 585; x_wconf 85' lang='lat' dir='ltr'><strong>opera</strong></span> <span class='ocrx_word' id='word_1_21' title='bbox 2297 517 2537 572; x_wconf 89' lang='lat' dir='ltr'><strong>imitatus</strong></span> <span class='ocrx_word' id='word_1_22' title='bbox 2566 516 2831 572; x_wconf 87' lang='lat' dir='ltr'><strong>morietur</strong></span> <span class='ocrx_word' id='word_1_23' title='bbox 2853 528 3024 574; x_wconf 89' lang='lat' dir='ltr'><strong>morte</strong></span> <span class='ocrx_word' id='word_1_24' title='bbox 3047 528 3270 576; x_wconf 66' lang='lat' dir='ltr'><strong>aeterna.</strong></span> <span class='ocrx_word' id='word_1_25' title='bbox 3299 519 3493 594; x_wconf 87' lang='lat' dir='ltr'><strong>Sequi-</strong></span> 
     </span>
    </p>
   </div>
   <div class='ocr_carea' id='block_1_5' title="bbox 246 607 1816 677">
    <p class='ocr_par' dir='ltr' id='par_1_5' title="bbox 246 607 1816 677">
     <span class='ocr_line' id='line_1_5' title="bbox 246 607 1816 677; baseline -0.006 -7"><span class='ocrx_word' id='word_1_26' title='bbox 246 624 455 676; x_wconf 87' lang='lat' dir='ltr'><strong>verunt,</strong></span> <span class='ocrx_word' id='word_1_27' title='bbox 481 613 670 668; x_wconf 88' lang='lat' dir='ltr'><strong>Isaiam</strong></span> <span class='ocrx_word' id='word_1_28' title='bbox 692 617 1002 672; x_wconf 90' lang='lat' dir='ltr'><strong>secuerunt,</strong></span> <span class='ocrx_word' id='word_1_29' title='bbox 1027 619 1082 662; x_wconf 88' lang='lat' dir='ltr'><strong>et</strong></span> <span class='ocrx_word' id='word_1_30' title='bbox 1107 608 1441 662; x_wconf 78' lang='lat' dir='ltr'><strong>Ezechielcm</strong></span> <span class='ocrx_word' id='word_1_31' title='bbox 1473 608 1524 660; x_wconf 89' lang='lat' dir='ltr'><strong>in</strong></span> <span class='ocrx_word' id='word_1_32' title='bbox 1551 607 1816 677; x_wconf 83' lang='lat' dir='ltr'><strong>Babylone</strong></span> 
     </span>
    </p>
   </div>
   <div class='ocr_carea' id='block_1_6' title="bbox 246 703 1816 782">
    <p class='ocr_par' dir='ltr' id='par_1_6' title="bbox 246 703 1816 782">
     <span class='ocr_line' id='line_1_6' title="bbox 246 703 1816 782; baseline -0.006 -18"><span class='ocrx_word' id='word_1_33' title='bbox 246 717 590 782; x_wconf 74' lang='lat' dir='ltr'><strong>peremerunt</strong></span> <span class='ocrx_word' id='word_1_34' title='bbox 644 706 779 775; x_wconf 80' lang='lat' dir='ltr'><strong>(ler.</strong></span> <span class='ocrx_word' id='word_1_35' title='bbox 833 704 1040 775; x_wconf 74' lang='lat' dir='ltr'><strong>xxxix).</strong></span> <span class='ocrx_word' id='word_1_36' title='bbox 1105 722 1122 754; x_wconf 73' lang='grc' dir='ltr'><strong>ι</strong></span> <span class='ocrx_word' id='word_1_37' title='bbox 1185 703 1350 757; x_wconf 88' lang='lat' dir='ltr'><strong>Labia</strong></span> <span class='ocrx_word' id='word_1_38' title='bbox 1413 711 1592 757; x_wconf 87' lang='lat' dir='ltr'><strong>vestra</strong></span> <span class='ocrx_word' id='word_1_39' title='bbox 1642 703 1816 757; x_wconf 91' lang='lat' dir='ltr'><strong>locuta</strong></span> 
     </span>
    </p>
   </div>
   <div class='ocr_carea' id='block_1_7' title="bbox 244 794 1818 866">
    <p class='ocr_par' dir='ltr' id='par_1_7' title="bbox 244 794 1818 866">
     <span class='ocr_line' id='line_1_7' title="bbox 244 794 1818 866; baseline -0.005 -10"><span class='ocrx_word' id='word_1_40' title='bbox 244 809 370 856; x_wconf 84' lang='lat' dir='ltr'><strong>sunt</strong></span> <span class='ocrx_word' id='word_1_41' title='bbox 398 799 755 861; x_wconf 86' lang='lat' dir='ltr'><strong>mendacium,</strong></span> <span class='ocrx_word' id='word_1_42' title='bbox 788 805 844 851; x_wconf 89' lang='lat' dir='ltr'><strong>et</strong></span> <span class='ocrx_word' id='word_1_43' title='bbox 883 795 1063 866; x_wconf 84' lang='lat' dir='ltr'><strong>lingua</strong></span> <span class='ocrx_word' id='word_1_44' title='bbox 1105 803 1281 849; x_wconf 86' lang='lat' dir='ltr'><strong>vestra</strong></span> <span class='ocrx_word' id='word_1_45' title='bbox 1323 794 1681 863; x_wconf 74' lang='lat' dir='ltr'><strong>iniquitatem,</strong></span> <span class='ocrx_word' id='word_1_46' title='bbox 1718 813 1738 845; x_wconf 75' lang='grc' dir='ltr'><strong>ι</strong></span> <span class='ocrx_word' id='word_1_47' title='bbox 1765 795 1818 848; x_wconf 92' lang='lat' dir='ltr'><strong>id</strong></span> 
     </span>
    </p>
   </div>
   <div class='ocr_carea' id='block_1_8' title="bbox 247 884 1816 960">
    <p class='ocr_par' dir='ltr' id='par_1_8' title="bbox 247 884 1816 960">
     <span class='ocr_line' id='line_1_8' title="bbox 247 884 1816 960; baseline -0.006 -15"><span class='ocrx_word' id='word_1_48' title='bbox 247 901 329 945; x_wconf 81' lang='lat' dir='ltr'><strong>est</strong></span> <span class='ocrx_word' id='word_1_49' title='bbox 356 890 766 960; x_wconf 79' lang='lat' dir='ltr'><strong>blasphemiam,</strong></span> <span class='ocrx_word' id='word_1_50' title='bbox 797 907 815 939; x_wconf 76' lang='grc' dir='ltr'><strong>ι</strong></span> <span class='ocrx_word' id='word_1_51' title='bbox 848 887 1010 940; x_wconf 83' lang='lat' dir='ltr'><strong>fatur.</strong></span> <span class='ocrx_word' id='word_1_52' title='bbox 1041 907 1058 936; x_wconf 75' lang='grc' dir='ltr'><strong>ι</strong></span> <span class='ocrx_word' id='word_1_53' title='bbox 1085 886 1272 940; x_wconf 87' lang='lat' dir='ltr'><strong>Loculi</strong></span> <span class='ocrx_word' id='word_1_54' title='bbox 1308 893 1432 940; x_wconf 91' lang='lat' dir='ltr'><strong>sunt</strong></span> <span class='ocrx_word' id='word_1_55' title='bbox 1458 884 1816 943; x_wconf 82' lang='lat' dir='ltr'><strong>mendacium,</strong></span> 
     </span>
    </p>
   </div>
   <div class='ocr_carea' id='block_1_9' title="bbox 246 975 1818 1050">
    <p class='ocr_par' dir='ltr' id='par_1_9' title="bbox 246 975 1818 1050">
     <span class='ocr_line' id='line_1_9' title="bbox 246 975 1818 1050; baseline -0.003 -16"><span class='ocrx_word' id='word_1_56' title='bbox 246 981 460 1050; x_wconf 79' lang='lat' dir='ltr'><strong>quando</strong></span> <span class='ocrx_word' id='word_1_57' title='bbox 491 981 740 1034; x_wconf 79' lang='lat' dir='ltr'><strong>dixerunt</strong></span> <span class='ocrx_word' id='word_1_58' title='bbox 776 997 788 1032; x_wconf 91' lang='lat'>:</span> <span class='ocrx_word' id='word_1_59' title='bbox 830 997 848 1028; x_wconf 77' lang='grc' dir='ltr'><strong>ι</strong></span> <span class='ocrx_word' id='word_1_60' title='bbox 877 978 1068 1032; x_wconf 89' lang='lat' dir='ltr'><strong>Omnia</strong></span> <span class='ocrx_word' id='word_1_61' title='bbox 1098 993 1217 1046; x_wconf 78' lang='lat' dir='ltr'><strong>quze</strong></span> <span class='ocrx_word' id='word_1_62' title='bbox 1245 977 1499 1046; x_wconf 80' lang='lat' dir='ltr'><strong>praecepit</strong></span> <span class='ocrx_word' id='word_1_63' title='bbox 1522 975 1676 1030; x_wconf 89' lang='lat' dir='ltr'><strong>nobis</strong></span> <span class='ocrx_word' id='word_1_64' title='bbox 1713 975 1818 1030; x_wconf 91' lang='lat' dir='ltr'><strong>Do-</strong></span> 
     </span>
    </p>
   </div>
   <div class='ocr_carea' id='block_1_10' title="bbox 247 1069 1818 1142">
    <p class='ocr_par' dir='ltr' id='par_1_10' title="bbox 247 1069 1818 1142">
     <span class='ocr_line' id='line_1_10' title="bbox 247 1069 1818 1142; baseline -0.003 -14"><span class='ocrx_word' id='word_1_65' title='bbox 247 1074 443 1136; x_wconf 87' lang='lat' dir='ltr'><strong>minus,</strong></span> <span class='ocrx_word' id='word_1_66' title='bbox 477 1073 754 1129; x_wconf 84' lang='lat' dir='ltr'><strong>audiemus</strong></span> <span class='ocrx_word' id='word_1_67' title='bbox 783 1079 839 1126; x_wconf 92' lang='lat' dir='ltr'><strong>et</strong></span> <span class='ocrx_word' id='word_1_68' title='bbox 872 1071 1129 1125; x_wconf 83' lang='lat' dir='ltr'><strong>faciemus</strong></span> <span class='ocrx_word' id='word_1_69' title='bbox 1173 1071 1369 1140; x_wconf 77' lang='lat' dir='ltr'><strong>(Exod.</strong></span> <span class='ocrx_word' id='word_1_70' title='bbox 1410 1069 1577 1142; x_wconf 80' lang='lat' dir='ltr'><strong>xxiv).</strong></span> <span class='ocrx_word' id='word_1_71' title='bbox 1610 1089 1630 1122; x_wconf 75' lang='grc' dir='ltr'><strong>ι</strong></span> <span class='ocrx_word' id='word_1_72' title='bbox 1669 1070 1818 1125; x_wconf 88' lang='lat' dir='ltr'><strong>Tunc</strong></span> 
     </span>
    </p>
   </div>
   <div class='ocr_carea' id='block_1_11' title="bbox 241 1160 1817 1230">
    <p class='ocr_par' dir='ltr' id='par_1_11' title="bbox 241 1160 1817 1230">
     <span class='ocr_line' id='line_1_11' title="bbox 241 1160 1817 1230; baseline -0.004 -12"><span class='ocrx_word' id='word_1_73' title='bbox 241 1165 386 1219; x_wconf 84' lang='lat' dir='ltr'><strong>enim</strong></span> <span class='ocrx_word' id='word_1_74' title='bbox 415 1162 577 1218; x_wconf 88' lang='lat' dir='ltr'><strong>locuti</strong></span> <span class='ocrx_word' id='word_1_75' title='bbox 610 1169 735 1215; x_wconf 89' lang='lat' dir='ltr'><strong>sunt</strong></span> <span class='ocrx_word' id='word_1_76' title='bbox 769 1161 1108 1215; x_wconf 81' lang='lat' dir='ltr'><strong>mendacium</strong></span> <span class='ocrx_word' id='word_1_77' title='bbox 1140 1170 1194 1214; x_wconf 89' lang='lat' dir='ltr'><strong>et</strong></span> <span class='ocrx_word' id='word_1_78' title='bbox 1216 1160 1622 1230; x_wconf 81' lang='lat' dir='ltr'><strong>blasphemiam,</strong></span> <span class='ocrx_word' id='word_1_79' title='bbox 1650 1175 1817 1228; x_wconf 88' lang='lat' dir='ltr'><strong>quan-</strong></span> 
     </span>
    </p>
   </div>
   <div class='ocr_carea' id='block_1_12' title="bbox 244 1249 1817 1316">
    <p class='ocr_par' dir='ltr' id='par_1_12' title="bbox 244 1249 1817 1316">
     <span class='ocr_line' id='line_1_12' title="bbox 244 1249 1817 1316; baseline -0.003 -7"><span class='ocrx_word' id='word_1_80' title='bbox 244 1255 312 1309; x_wconf 89' lang='lat' dir='ltr'><strong>do</strong></span> <span class='ocrx_word' id='word_1_81' title='bbox 339 1255 588 1308; x_wconf 81' lang='lat' dir='ltr'><strong>dixerunt</strong></span> <span class='ocrx_word' id='word_1_82' title='bbox 609 1252 835 1306; x_wconf 87' lang='lat' dir='ltr'><strong>Domino</strong></span> <span class='ocrx_word' id='word_1_83' title='bbox 863 1270 876 1304; x_wconf 88' lang='lat'><strong>:</strong></span> <span class='ocrx_word' id='word_1_84' title='bbox 909 1270 926 1302; x_wconf 77' lang='grc' dir='ltr'><strong>ι</strong></span> <span class='ocrx_word' id='word_1_85' title='bbox 953 1251 1283 1306; x_wconf 68' lang='grc' dir='ltr'><strong>ῡςειιιοιιίιιιιι</strong></span> <span class='ocrx_word' id='word_1_86' title='bbox 1305 1251 1489 1316; x_wconf 89' lang='lat' dir='ltr'><strong>habes,</strong></span> <span class='ocrx_word' id='word_1_87' title='bbox 1512 1261 1566 1305; x_wconf 89' lang='lat' dir='ltr'><strong>et</strong></span> <span class='ocrx_word' id='word_1_88' title='bbox 1591 1250 1646 1304; x_wconf 92' lang='lat' dir='ltr'><strong>in</strong></span> <span class='ocrx_word' id='word_1_89' title='bbox 1667 1249 1817 1304; x_wconf 82' lang='lat' dir='ltr'><strong>Beel-</strong></span> 
     </span>
    </p>
   </div>
   <div class='ocr_carea' id='block_1_13' title="bbox 243 1339 1815 1411">
    <p class='ocr_par' dir='ltr' id='par_1_13' title="bbox 243 1339 1815 1411">
     <span class='ocr_line' id='line_1_13' title="bbox 243 1339 1815 1411; baseline -0.003 -13"><span class='ocrx_word' id='word_1_90' title='bbox 243 1344 439 1398; x_wconf 79' lang='lat' dir='ltr'><strong>zebuth</strong></span> <span class='ocrx_word' id='word_1_91' title='bbox 471 1342 623 1410; x_wconf 89' lang='lat' dir='ltr'><strong>cjicis</strong></span> <span class='ocrx_word' id='word_1_92' title='bbox 651 1341 913 1396; x_wconf 65' lang='lat' dir='ltr'><strong>daemonia</strong></span> <span class='ocrx_word' id='word_1_93' title='bbox 954 1340 1135 1410; x_wconf 87' lang='lat' dir='ltr'><strong>(Joan.</strong></span> <span class='ocrx_word' id='word_1_94' title='bbox 1181 1340 1318 1411; x_wconf 86' lang='lat' dir='ltr'><strong>vm),</strong></span> <span class='ocrx_word' id='word_1_95' title='bbox 1360 1359 1377 1392; x_wconf 77' lang='grc' dir='ltr'><strong>ι</strong></span> <span class='ocrx_word' id='word_1_96' title='bbox 1407 1349 1461 1394; x_wconf 85' lang='grc' dir='ltr'><strong>ει</strong></span> <span class='ocrx_word' id='word_1_97' title='bbox 1500 1339 1665 1394; x_wconf 90' lang='lat' dir='ltr'><strong>multa</strong></span> <span class='ocrx_word' id='word_1_98' title='bbox 1713 1340 1815 1394; x_wconf 86' lang='lat' dir='ltr'><strong>alia</strong></span> 
     </span>
    </p>
   </div>
   <div class='ocr_carea' id='block_1_14' title="bbox 241 1435 1208 1490">
    <p class='ocr_par' dir='ltr' id='par_1_14' title="bbox 241 1435 1208 1490">
     <span class='ocr_line' id='line_1_14' title="bbox 241 1435 1208 1490; baseline -0.008 0"><span class='ocrx_word' id='word_1_99' title='bbox 241 1435 674 1490; x_wconf 81' lang='lat' dir='ltr'><strong>innumerabilia.</strong></span> <span class='ocrx_word' id='word_1_100' title='bbox 1199 1481 1208 1489; x_wconf 89' lang='lat'>_</span> 
     </span>
    </p>
   </div>
   <div class='ocr_carea' id='block_1_15' title="bbox 319 1522 1800 1595">
    <p class='ocr_par' dir='ltr' id='par_1_15' title="bbox 319 1522 1800 1595">
     <span class='ocr_line' id='line_1_15' title="bbox 319 1522 1800 1595; baseline -0.001 -17"><span class='ocrx_word' id='word_1_101' title='bbox 319 1545 338 1578; x_wconf 71' lang='grc' dir='ltr'>ε</span> <span class='ocrx_word' id='word_1_102' title='bbox 376 1527 491 1581; x_wconf 87' lang='grc' dir='ltr'><strong>Νοιι</strong></span> <span class='ocrx_word' id='word_1_103' title='bbox 521 1534 603 1581; x_wconf 85' lang='grc' dir='ltr'><strong>εει</strong></span> <span class='ocrx_word' id='word_1_104' title='bbox 627 1525 720 1595; x_wconf 85' lang='lat' dir='ltr'><strong>qui</strong></span> <span class='ocrx_word' id='word_1_105' title='bbox 747 1523 1266 1594; x_wconf 88' lang='lat' dir='ltr'><strong>invocetjnstitiam,</strong></span> <span class='ocrx_word' id='word_1_106' title='bbox 1305 1543 1323 1576; x_wconf 72' lang='grc' dir='ltr'><strong>ι</strong></span> <span class='ocrx_word' id='word_1_107' title='bbox 1363 1522 1415 1576; x_wconf 92' lang='lat' dir='ltr'><strong>id</strong></span> <span class='ocrx_word' id='word_1_108' title='bbox 1459 1531 1544 1578; x_wconf 91' lang='lat' dir='ltr'><strong>cst</strong></span> <span class='ocrx_word' id='word_1_109' title='bbox 1584 1523 1672 1592; x_wconf 89' lang='lat' dir='ltr'><strong>qui</strong></span> <span class='ocrx_word' id='word_1_110' title='bbox 1701 1539 1800 1577; x_wconf 80' lang='lat' dir='ltr'><strong>ere</strong></span> 
     </span>
    </p>
   </div>
   <div class='ocr_carea' id='block_1_16' title="bbox 241 1613 1800 1685">
    <p class='ocr_par' dir='ltr' id='par_1_16' title="bbox 241 1613 1800 1685">
     <span class='ocr_line' id='line_1_16' title="bbox 241 1613 1800 1685; baseline -0.003 -14"><span class='ocrx_word' id='word_1_111' title='bbox 241 1619 332 1673; x_wconf 90' lang='lat' dir='ltr'><strong>dat</strong></span> <span class='ocrx_word' id='word_1_112' title='bbox 358 1619 411 1672; x_wconf 91' lang='lat' dir='ltr'><strong>in</strong></span> <span class='ocrx_word' id='word_1_113' title='bbox 441 1618 736 1678; x_wconf 89' lang='lat' dir='ltr'><strong>Christum,</strong></span> <span class='ocrx_word' id='word_1_114' title='bbox 780 1617 869 1685; x_wconf 87' lang='lat' dir='ltr'><strong>qui</strong></span> <span class='ocrx_word' id='word_1_115' title='bbox 901 1616 1073 1669; x_wconf 83' lang='lat' dir='ltr'><strong>factus</strong></span> <span class='ocrx_word' id='word_1_116' title='bbox 1101 1624 1184 1668; x_wconf 91' lang='lat' dir='ltr'><strong>est</strong></span> <span class='ocrx_word' id='word_1_117' title='bbox 1225 1613 1410 1669; x_wconf 91' lang='lat' dir='ltr'><strong>electis</strong></span> <span class='ocrx_word' id='word_1_118' title='bbox 1438 1615 1552 1668; x_wconf 89' lang='lat' dir='ltr'><strong>suis</strong></span> <span class='ocrx_word' id='word_1_119' title='bbox 1599 1615 1800 1668; x_wconf 89' lang='lat' dir='ltr'><strong>redem-</strong></span> 
     </span>
    </p>
   </div>
   <div class='ocr_carea' id='block_1_17' title="bbox 241 1701 1808 1779">
    <p class='ocr_par' dir='ltr' id='par_1_17' title="bbox 241 1701 1808 1779">
     <span class='ocr_line' id='line_1_17' title="bbox 241 1701 1808 1779; baseline -0.006 -15"><span class='ocrx_word' id='word_1_120' title='bbox 241 1709 354 1778; x_wconf 89' lang='lat' dir='ltr'><strong>ptio</strong></span> <span class='ocrx_word' id='word_1_121' title='bbox 380 1718 435 1763; x_wconf 92' lang='lat' dir='ltr'><strong>et</strong></span> <span class='ocrx_word' id='word_1_122' title='bbox 461 1708 797 1779; x_wconf 89' lang='lat' dir='ltr'><strong>justificatio,</strong></span> <span class='ocrx_word' id='word_1_123' title='bbox 830 1725 847 1757; x_wconf 74' lang='grc' dir='ltr'><strong>ι</strong></span> <span class='ocrx_word' id='word_1_124' title='bbox 885 1719 1060 1774; x_wconf 89' lang='lat' dir='ltr'><strong>neque</strong></span> <span class='ocrx_word' id='word_1_125' title='bbox 1095 1713 1179 1758; x_wconf 92' lang='lat' dir='ltr'><strong>est</strong></span> <span class='ocrx_word' id='word_1_126' title='bbox 1224 1704 1314 1772; x_wconf 91' lang='lat' dir='ltr'><strong>qui</strong></span> <span class='ocrx_word' id='word_1_127' title='bbox 1338 1701 1542 1771; x_wconf 87' lang='lat' dir='ltr'><strong>judicet</strong></span> <span class='ocrx_word' id='word_1_128' title='bbox 1590 1717 1734 1764; x_wconf 91' lang='lat' dir='ltr'><strong>vere,</strong></span> <span class='ocrx_word' id='word_1_129' title='bbox 1789 1721 1808 1754; x_wconf 73' lang='grc' dir='ltr'><strong>ι</strong></span> 
     </span>
    </p>
   </div>
   <div class='ocr_carea' id='block_1_18' title="bbox 1922 607 3489 676">
    <p class='ocr_par' dir='ltr' id='par_1_18' title="bbox 1922 607 3489 676">
     <span class='ocr_line' id='line_1_18' title="bbox 1922 607 3489 676; baseline 0.007 -17"><span class='ocrx_word' id='word_1_130' title='bbox 1922 614 2025 660; x_wconf 91' lang='lat' dir='ltr'><strong>tur.</strong></span> <span class='ocrx_word' id='word_1_131' title='bbox 2063 625 2081 657; x_wconf 76' lang='grc' dir='ltr'><strong>ι</strong></span> <span class='ocrx_word' id='word_1_132' title='bbox 2119 608 2182 661; x_wconf 83' lang='grc' dir='ltr'><strong>Ει</strong></span> <span class='ocrx_word' id='word_1_133' title='bbox 2224 609 2365 676; x_wconf 81' lang='lat' dir='ltr'><strong>quod</strong></span> <span class='ocrx_word' id='word_1_134' title='bbox 2404 607 2677 663; x_wconf 86' lang='lat' dir='ltr'><strong>confotum</strong></span> <span class='ocrx_word' id='word_1_135' title='bbox 2701 615 2801 674; x_wconf 92' lang='lat' dir='ltr'><strong>est,</strong></span> <span class='ocrx_word' id='word_1_136' title='bbox 2834 628 2850 660; x_wconf 74' lang='grc' dir='ltr'><strong>ι</strong></span> <span class='ocrx_word' id='word_1_137' title='bbox 2882 609 2932 662; x_wconf 89' lang='lat' dir='ltr'><strong>id</strong></span> <span class='ocrx_word' id='word_1_138' title='bbox 2967 619 3067 674; x_wconf 82' lang='lat' dir='ltr'><strong>est,</strong></span> <span class='ocrx_word' id='word_1_139' title='bbox 3100 612 3394 667; x_wconf 88' lang='lat' dir='ltr'><strong>enutritum</strong></span> <span class='ocrx_word' id='word_1_140' title='bbox 3420 630 3489 670; x_wconf 82' lang='lat' dir='ltr'><strong>ex</strong></span> 
     </span>
    </p>
   </div>
   <div class='ocr_carea' id='block_1_19' title="bbox 1916 699 3490 773">
    <p class='ocr_par' dir='ltr' id='par_1_19' title="bbox 1916 699 3490 773">
     <span class='ocr_line' id='line_1_19' title="bbox 1916 699 3490 773; baseline 0.004 -21"><span class='ocrx_word' id='word_1_141' title='bbox 1916 699 2036 753; x_wconf 88' lang='lat' dir='ltr'><strong>ovis</strong></span> <span class='ocrx_word' id='word_1_142' title='bbox 2061 713 2248 752; x_wconf 88' lang='lat' dir='ltr'><strong>eorum</strong></span> <span class='ocrx_word' id='word_1_143' title='bbox 2276 718 2294 749; x_wconf 77' lang='grc' dir='ltr'><strong>ι</strong></span> <span class='ocrx_word' id='word_1_144' title='bbox 2326 707 2592 769; x_wconf 86' lang='lat' dir='ltr'><strong>erumpet,</strong></span> <span class='ocrx_word' id='word_1_145' title='bbox 2623 719 2641 750; x_wconf 86' lang='grc'><strong>›</strong></span> <span class='ocrx_word' id='word_1_146' title='bbox 2674 701 2775 754; x_wconf 83' lang='grc' dir='ltr'><strong>Ιιοε</strong></span> <span class='ocrx_word' id='word_1_147' title='bbox 2796 708 2878 754; x_wconf 88' lang='grc' dir='ltr'><strong>εει</strong></span> <span class='ocrx_word' id='word_1_148' title='bbox 2897 711 3178 756; x_wconf 85' lang='lat' dir='ltr'><strong>excrescet</strong></span> <span class='ocrx_word' id='word_1_149' title='bbox 3207 719 3225 753; x_wconf 77' lang='grc' dir='ltr'><strong>ι</strong></span> <span class='ocrx_word' id='word_1_150' title='bbox 3252 703 3307 757; x_wconf 90' lang='lat' dir='ltr'><strong>in</strong></span> <span class='ocrx_word' id='word_1_151' title='bbox 3332 719 3490 773; x_wconf 87' lang='lat' dir='ltr'><strong>regu-</strong></span> 
     </span>
    </p>
   </div>
   <div class='ocr_carea' id='block_1_20' title="bbox 1919 787 3489 862">
    <p class='ocr_par' dir='ltr' id='par_1_20' title="bbox 1919 787 3489 862">
     <span class='ocr_line' id='line_1_20' title="bbox 1919 787 3489 862; baseline 0.004 -21"><span class='ocrx_word' id='word_1_152' title='bbox 1919 787 2047 849; x_wconf 91' lang='lat' dir='ltr'><strong>lum,</strong></span> <span class='ocrx_word' id='word_1_153' title='bbox 2081 809 2099 841; x_wconf 73' lang='grc' dir='ltr'><strong>ι</strong></span> <span class='ocrx_word' id='word_1_154' title='bbox 2127 788 2383 844; x_wconf 83' lang='lat' dir='ltr'><strong>subaudis</strong></span> <span class='ocrx_word' id='word_1_155' title='bbox 2410 789 2635 844; x_wconf 91' lang='lat' dir='ltr'><strong>aliorum</strong></span> <span class='ocrx_word' id='word_1_156' title='bbox 2658 791 2984 859; x_wconf 70' lang='lat' dir='ltr'><strong>serpentium</strong></span> <span class='ocrx_word' id='word_1_157' title='bbox 3016 806 3216 861; x_wconf 81' lang='lat' dir='ltr'><strong>regem,</strong></span> <span class='ocrx_word' id='word_1_158' title='bbox 3244 793 3335 862; x_wconf 87' lang='lat' dir='ltr'><strong>qui</strong></span> <span class='ocrx_word' id='word_1_159' title='bbox 3362 792 3489 848; x_wconf 84' lang='lat' dir='ltr'><strong>ﬂatu</strong></span> 
     </span>
    </p>
   </div>
   <div class='ocr_carea' id='block_1_21' title="bbox 1918 881 3486 954">
    <p class='ocr_par' dir='ltr' id='par_1_21' title="bbox 1918 881 3486 954">
     <span class='ocr_line' id='line_1_21' title="bbox 1918 881 3486 954; baseline 0.002 -18"><span class='ocrx_word' id='word_1_160' title='bbox 1918 896 2017 936; x_wconf 90' lang='lat' dir='ltr'><strong>suo</strong></span> <span class='ocrx_word' id='word_1_161' title='bbox 2045 881 2300 936; x_wconf 86' lang='lat' dir='ltr'><strong>interficit</strong></span> <span class='ocrx_word' id='word_1_162' title='bbox 2341 897 2468 937; x_wconf 87' lang='lat' dir='ltr'><strong>aves</strong></span> <span class='ocrx_word' id='word_1_163' title='bbox 2513 898 2610 950; x_wconf 91' lang='lat' dir='ltr'><strong>per</strong></span> <span class='ocrx_word' id='word_1_164' title='bbox 2653 898 2778 936; x_wconf 90' lang='lat' dir='ltr'><strong>aera</strong></span> <span class='ocrx_word' id='word_1_165' title='bbox 2811 883 3068 938; x_wconf 82' lang='lat' dir='ltr'><strong>volantes.</strong></span> <span class='ocrx_word' id='word_1_166' title='bbox 3110 883 3212 937; x_wconf 87' lang='lat' dir='ltr'><strong>Per</strong></span> <span class='ocrx_word' id='word_1_167' title='bbox 3245 885 3486 954; x_wconf 85' lang='lat' dir='ltr'><strong>regulum</strong></span> 
     </span>
    </p>
   </div>
   <div class='ocr_carea' id='block_1_22' title="bbox 1918 974 3490 1048">
    <p class='ocr_par' dir='ltr' id='par_1_22' title="bbox 1918 974 3490 1048">
     <span class='ocr_line' id='line_1_22' title="bbox 1918 974 3490 1048; baseline 0.005 -22"><span class='ocrx_word' id='word_1_168' title='bbox 1918 974 2008 1041; x_wconf 88' lang='lat' dir='ltr'><strong>qui</strong></span> <span class='ocrx_word' id='word_1_169' title='bbox 2043 988 2112 1028; x_wconf 84' lang='lat' dir='ltr'><strong>ex</strong></span> <span class='ocrx_word' id='word_1_170' title='bbox 2143 975 2260 1029; x_wconf 90' lang='lat' dir='ltr'><strong>ovis</strong></span> <span class='ocrx_word' id='word_1_171' title='bbox 2298 975 2540 1044; x_wconf 81' lang='lat' dir='ltr'><strong>aSpidum</strong></span> <span class='ocrx_word' id='word_1_172' title='bbox 2584 977 2843 1042; x_wconf 86' lang='lat' dir='ltr'><strong>nascitur,</strong></span> <span class='ocrx_word' id='word_1_173' title='bbox 2898 977 3156 1033; x_wconf 86' lang='lat' dir='ltr'><strong>debemus</strong></span> <span class='ocrx_word' id='word_1_174' title='bbox 3189 979 3490 1048; x_wconf 78' lang='lat' dir='ltr'><strong>intelligere</strong></span> 
     </span>
    </p>
   </div>
   <div class='ocr_carea' id='block_1_23' title="bbox 1917 1062 3490 1136">
    <p class='ocr_par' dir='ltr' id='par_1_23' title="bbox 1917 1062 3490 1136">
     <span class='ocr_line' id='line_1_23' title="bbox 1917 1062 3490 1136; baseline 0.005 -20"><span class='ocrx_word' id='word_1_175' title='bbox 1917 1062 2331 1130; x_wconf 84' lang='lat' dir='ltr'><strong>Antichristum,</strong></span> <span class='ocrx_word' id='word_1_176' title='bbox 2353 1067 2444 1135; x_wconf 89' lang='lat' dir='ltr'><strong>qui</strong></span> <span class='ocrx_word' id='word_1_177' title='bbox 2475 1083 2538 1122; x_wconf 81' lang='lat' dir='ltr'><strong>ex</strong></span> <span class='ocrx_word' id='word_1_178' title='bbox 2566 1067 2760 1136; x_wconf 91' lang='lat' dir='ltr'><strong>populo</strong></span> <span class='ocrx_word' id='word_1_179' title='bbox 2796 1067 3104 1123; x_wconf 68' lang='lat' dir='ltr'><strong>Iudaeorum</strong></span> <span class='ocrx_word' id='word_1_180' title='bbox 3135 1079 3409 1135; x_wconf 88' lang='lat' dir='ltr'><strong>nascetur,</strong></span> <span class='ocrx_word' id='word_1_181' title='bbox 3433 1078 3490 1124; x_wconf 90' lang='lat' dir='ltr'><strong>et</strong></span> 
     </span>
    </p>
   </div>
   <div class='ocr_carea' id='block_1_24' title="bbox 1917 1153 3490 1230">
    <p class='ocr_par' dir='ltr' id='par_1_24' title="bbox 1917 1153 3490 1230">
     <span class='ocr_line' id='line_1_24' title="bbox 1917 1153 3490 1230; baseline 0.008 -26"><span class='ocrx_word' id='word_1_182' title='bbox 1917 1153 2009 1221; x_wconf 90' lang='lat' dir='ltr'><strong>qui</strong></span> <span class='ocrx_word' id='word_1_183' title='bbox 2034 1153 2182 1219; x_wconf 88' lang='lat' dir='ltr'><strong>flatu,</strong></span> <span class='ocrx_word' id='word_1_184' title='bbox 2215 1155 2266 1208; x_wconf 89' lang='lat' dir='ltr'><strong>id</strong></span> <span class='ocrx_word' id='word_1_185' title='bbox 2292 1165 2374 1210; x_wconf 92' lang='lat' dir='ltr'><strong>est</strong></span> <span class='ocrx_word' id='word_1_186' title='bbox 2395 1157 2560 1211; x_wconf 87' lang='lat' dir='ltr'><strong>verbo</strong></span> <span class='ocrx_word' id='word_1_187' title='bbox 2588 1166 2642 1210; x_wconf 86' lang='lat' dir='ltr'><strong>et</strong></span> <span class='ocrx_word' id='word_1_188' title='bbox 2667 1158 2908 1213; x_wconf 83' lang='lat' dir='ltr'><strong>doctrina</strong></span> <span class='ocrx_word' id='word_1_189' title='bbox 2935 1174 3029 1213; x_wconf 85' lang='lat' dir='ltr'><strong>sua</strong></span> <span class='ocrx_word' id='word_1_190' title='bbox 3058 1160 3344 1216; x_wconf 89' lang='lat' dir='ltr'><strong>interliciet</strong></span> <span class='ocrx_word' id='word_1_191' title='bbox 3373 1161 3490 1230; x_wconf 88' lang='lat' dir='ltr'><strong>plu-</strong></span> 
     </span>
    </p>
   </div>
   <div class='ocr_carea' id='block_1_25' title="bbox 1919 1243 3374 1318">
    <p class='ocr_par' dir='ltr' id='par_1_25' title="bbox 1919 1243 3374 1318">
     <span class='ocr_line' id='line_1_25' title="bbox 1919 1243 3374 1318; baseline 0.006 -21"><span class='ocrx_word' id='word_1_192' title='bbox 1919 1243 2084 1300; x_wconf 85' lang='lat' dir='ltr'><strong>rimos</strong></span> <span class='ocrx_word' id='word_1_193' title='bbox 2113 1255 2443 1311; x_wconf 88' lang='lat' dir='ltr'><strong>sanctorum,</strong></span> <span class='ocrx_word' id='word_1_194' title='bbox 2470 1249 2536 1300; x_wconf 88' lang='lat' dir='ltr'><strong>ad</strong></span> <span class='ocrx_word' id='word_1_195' title='bbox 2557 1249 2785 1318; x_wconf 86' lang='lat' dir='ltr'><strong>patriam</strong></span> <span class='ocrx_word' id='word_1_196' title='bbox 2810 1251 3083 1306; x_wconf 73' lang='lat' dir='ltr'><strong>cmlestem</strong></span> <span class='ocrx_word' id='word_1_197' title='bbox 3116 1252 3374 1308; x_wconf 75' lang='lat' dir='ltr'><strong>volantes.</strong></span> 
     </span>
    </p>
   </div>
   <div class='ocr_carea' id='block_1_26' title="bbox 1992 1333 3486 1401">
    <p class='ocr_par' dir='ltr' id='par_1_26' title="bbox 1992 1333 3486 1401">
     <span class='ocr_line' id='line_1_26' title="bbox 1992 1333 3486 1401; baseline 0.009 -17"><span class='ocrx_word' id='word_1_198' title='bbox 1992 1351 2012 1384; x_wconf 74' lang='grc' dir='ltr'><strong>ι</strong></span> <span class='ocrx_word' id='word_1_199' title='bbox 2049 1333 2190 1388; x_wconf 67' lang='lat' dir='ltr'><strong>Tela:</strong></span> <span class='ocrx_word' id='word_1_200' title='bbox 2229 1349 2433 1399; x_wconf 90' lang='lat' dir='ltr'><strong>eorum,</strong></span> <span class='ocrx_word' id='word_1_201' title='bbox 2482 1357 2499 1388; x_wconf 72' lang='grc' dir='ltr'><strong>ι</strong></span> <span class='ocrx_word' id='word_1_202' title='bbox 2551 1337 2603 1390; x_wconf 90' lang='lat' dir='ltr'><strong>id</strong></span> <span class='ocrx_word' id='word_1_203' title='bbox 2645 1347 2730 1392; x_wconf 88' lang='lat' dir='ltr'><strong>est</strong></span> <span class='ocrx_word' id='word_1_204' title='bbox 2767 1335 2885 1393; x_wconf 74' lang='lat' dir='ltr'><strong>telm</strong></span> <span class='ocrx_word' id='word_1_205' title='bbox 2925 1351 3272 1401; x_wconf 85' lang='lat' dir='ltr'><strong>aranearum,</strong></span> <span class='ocrx_word' id='word_1_206' title='bbox 3313 1361 3331 1392; x_wconf 75' lang='grc' dir='ltr'><strong>ι</strong></span> <span class='ocrx_word' id='word_1_207' title='bbox 3381 1358 3486 1396; x_wconf 85' lang='lat' dir='ltr'><strong>non</strong></span> 
     </span>
    </p>
   </div>
   <div class='ocr_carea' id='block_1_27' title="bbox 1921 1424 3484 1500">
    <p class='ocr_par' dir='ltr' id='par_1_27' title="bbox 1921 1424 3484 1500">
     <span class='ocr_line' id='line_1_27' title="bbox 1921 1424 3484 1500; baseline 0.007 -24"><span class='ocrx_word' id='word_1_208' title='bbox 1921 1431 2074 1478; x_wconf 74' lang='lat' dir='ltr'><strong>.runt</strong></span> <span class='ocrx_word' id='word_1_209' title='bbox 2111 1424 2166 1478; x_wconf 91' lang='lat' dir='ltr'><strong>in</strong></span> <span class='ocrx_word' id='word_1_210' title='bbox 2210 1426 2610 1492; x_wconf 88' lang='lat' dir='ltr'><strong>vestimentum,</strong></span> <span class='ocrx_word' id='word_1_211' title='bbox 2668 1447 2687 1480; x_wconf 75' lang='grc' dir='ltr'><strong>ι</strong></span> <span class='ocrx_word' id='word_1_212' title='bbox 2720 1429 2822 1484; x_wconf 91' lang='lat' dir='ltr'><strong>hoc</strong></span> <span class='ocrx_word' id='word_1_213' title='bbox 2857 1441 2940 1484; x_wconf 89' lang='lat' dir='ltr'><strong>est</strong></span> <span class='ocrx_word' id='word_1_214' title='bbox 2981 1431 3032 1485; x_wconf 90' lang='lat' dir='ltr'><strong>in</strong></span> <span class='ocrx_word' id='word_1_215' title='bbox 3076 1424 3291 1500; x_wconf 88' lang='lat' dir='ltr'><strong>aliquod</strong></span> <span class='ocrx_word' id='word_1_216' title='bbox 3320 1448 3484 1487; x_wconf 83' lang='lat' dir='ltr'><strong>orna-</strong></span> 
     </span>
    </p>
   </div>
   <div class='ocr_carea' id='block_1_28' title="bbox 1917 1520 3488 1590">
    <p class='ocr_par' dir='ltr' id='par_1_28' title="bbox 1917 1520 3488 1590">
     <span class='ocr_line' id='line_1_28' title="bbox 1917 1520 3488 1590; baseline 0.006 -22"><span class='ocrx_word' id='word_1_217' title='bbox 1917 1525 2152 1569; x_wconf 88' lang='lat' dir='ltr'><strong>mentum</strong></span> <span class='ocrx_word' id='word_1_218' title='bbox 2188 1536 2205 1568; x_wconf 79' lang='grc' dir='ltr'><strong>ι</strong></span> <span class='ocrx_word' id='word_1_219' title='bbox 2252 1532 2424 1586; x_wconf 88' lang='lat' dir='ltr'><strong>neque</strong></span> <span class='ocrx_word' id='word_1_220' title='bbox 2464 1520 2706 1587; x_wconf 87' lang='lat' dir='ltr'><strong>operient</strong></span> <span class='ocrx_word' id='word_1_221' title='bbox 2733 1520 2982 1590; x_wconf 87' lang='lat' dir='ltr'><strong>operibus</strong></span> <span class='ocrx_word' id='word_1_222' title='bbox 3008 1523 3137 1576; x_wconf 89' lang='lat' dir='ltr'><strong>suis.</strong></span> <span class='ocrx_word' id='word_1_223' title='bbox 3178 1543 3197 1574; x_wconf 72' lang='grc' dir='ltr'><strong>ι</strong></span> <span class='ocrx_word' id='word_1_224' title='bbox 3238 1522 3401 1588; x_wconf 56' lang='lat' dir='ltr'><strong>Tela},</strong></span> <span class='ocrx_word' id='word_1_225' title='bbox 3435 1525 3488 1578; x_wconf 90' lang='lat' dir='ltr'><strong>id</strong></span> 
     </span>
    </p>
   </div>
   <div class='ocr_carea' id='block_1_29' title="bbox 1915 1606 3485 1677">
    <p class='ocr_par' dir='ltr' id='par_1_29' title="bbox 1915 1606 3485 1677">
     <span class='ocr_line' id='line_1_29' title="bbox 1915 1606 3485 1677; baseline 0.006 -18"><span class='ocrx_word' id='word_1_226' title='bbox 1915 1614 2018 1670; x_wconf 91' lang='lat' dir='ltr'><strong>est,</strong></span> <span class='ocrx_word' id='word_1_227' title='bbox 2049 1606 2305 1661; x_wconf 75' lang='lat' dir='ltr'><strong>doctrina:</strong></span> <span class='ocrx_word' id='word_1_228' title='bbox 2335 1616 2389 1662; x_wconf 91' lang='lat' dir='ltr'><strong>et</strong></span> <span class='ocrx_word' id='word_1_229' title='bbox 2405 1623 2569 1677; x_wconf 90' lang='lat' dir='ltr'><strong>opera</strong></span> <span class='ocrx_word' id='word_1_230' title='bbox 2598 1608 2906 1665; x_wconf 79' lang='lat' dir='ltr'><strong>Judaeorum</strong></span> <span class='ocrx_word' id='word_1_231' title='bbox 2933 1612 3094 1677; x_wconf 90' lang='lat' dir='ltr'><strong>mala,</strong></span> <span class='ocrx_word' id='word_1_232' title='bbox 3118 1629 3224 1667; x_wconf 91' lang='lat' dir='ltr'><strong>non</strong></span> <span class='ocrx_word' id='word_1_233' title='bbox 3255 1623 3411 1668; x_wconf 86' lang='lat' dir='ltr'><strong>erunt</strong></span> <span class='ocrx_word' id='word_1_234' title='bbox 3431 1615 3485 1668; x_wconf 93' lang='lat' dir='ltr'><strong>in</strong></span> 
     </span>
    </p>
   </div>
   <div class='ocr_carea' id='block_1_30' title="bbox 1918 1697 3488 1775">
    <p class='ocr_par' dir='ltr' id='par_1_30' title="bbox 1918 1697 3488 1775">
     <span class='ocr_line' id='line_1_30' title="bbox 1918 1697 3488 1775; baseline 0.006 -25"><span class='ocrx_word' id='word_1_235' title='bbox 1918 1697 2292 1752; x_wconf 80' lang='lat' dir='ltr'><strong>vestimentum</strong></span> <span class='ocrx_word' id='word_1_236' title='bbox 2344 1701 2577 1766; x_wconf 61' lang='lat' dir='ltr'><strong>animae,</strong></span> <span class='ocrx_word' id='word_1_237' title='bbox 2644 1717 2818 1772; x_wconf 85' lang='lat' dir='ltr'><strong>neque</strong></span> <span class='ocrx_word' id='word_1_238' title='bbox 2873 1706 3184 1773; x_wconf 81' lang='lat' dir='ltr'><strong>aperientur</strong></span> <span class='ocrx_word' id='word_1_239' title='bbox 3233 1706 3488 1775; x_wconf 88' lang='lat' dir='ltr'><strong>operibus</strong></span> 
     </span>
    </p>
   </div>
   <div class='ocr_carea' id='block_1_31' title="bbox 239 1789 3486 1864">
    <p class='ocr_par' dir='ltr' id='par_1_31' title="bbox 239 1789 3486 1864">
     <span class='ocr_line' id='line_1_31' title="bbox 239 1789 3486 1864; baseline -0.001 -12"><span class='ocrx_word' id='word_1_240' title='bbox 239 1801 292 1854; x_wconf 88' lang='lat' dir='ltr'><strong>id</strong></span> <span class='ocrx_word' id='word_1_241' title='bbox 318 1807 420 1864; x_wconf 87' lang='lat' dir='ltr'><strong>est,</strong></span> <span class='ocrx_word' id='word_1_242' title='bbox 451 1806 618 1852; x_wconf 90' lang='lat' dir='ltr'><strong>recte.</strong></span> <span class='ocrx_word' id='word_1_243' title='bbox 648 1795 1160 1864; x_wconf 79' lang='lat' dir='ltr'><strong>Nonjudicaverunt</strong></span> <span class='ocrx_word' id='word_1_244' title='bbox 1187 1801 1354 1857; x_wconf 91' lang='lat' dir='ltr'><strong>recte,</strong></span> <span class='ocrx_word' id='word_1_245' title='bbox 1389 1791 1605 1862; x_wconf 90' lang='lat' dir='ltr'><strong>quando</strong></span> <span class='ocrx_word' id='word_1_246' title='bbox 1647 1791 1815 1860; x_wconf 85' lang='lat' dir='ltr'><strong>petie-</strong></span> <span class='ocrx_word' id='word_1_247' title='bbox 1845 1861 1875 1864; x_wconf 88' lang='lat'>_</span> <span class='ocrx_word' id='word_1_248' title='bbox 1913 1789 2050 1854; x_wconf 89' lang='lat' dir='ltr'><strong>suis,</strong></span> <span class='ocrx_word' id='word_1_249' title='bbox 2101 1790 2194 1844; x_wconf 85' lang='lat' dir='ltr'><strong>sed</strong></span> <span class='ocrx_word' id='word_1_250' title='bbox 2244 1791 2370 1844; x_wconf 92' lang='lat' dir='ltr'><strong>nudi</strong></span> <span class='ocrx_word' id='word_1_251' title='bbox 2413 1791 2667 1862; x_wconf 87' lang='lat' dir='ltr'><strong>peribunt</strong></span> <span class='ocrx_word' id='word_1_252' title='bbox 2712 1793 2765 1847; x_wconf 91' lang='lat' dir='ltr'><strong>in</strong></span> <span class='ocrx_word' id='word_1_253' title='bbox 2813 1793 3023 1849; x_wconf 88' lang='lat' dir='ltr'><strong>inferno</strong></span> <span class='ocrx_word' id='word_1_254' title='bbox 3067 1797 3220 1850; x_wconf 86' lang='lat' dir='ltr'><strong>vacui</strong></span> <span class='ocrx_word' id='word_1_255' title='bbox 3264 1811 3293 1849; x_wconf 89' lang='lat' dir='ltr'><strong>a</strong></span> <span class='ocrx_word' id='word_1_256' title='bbox 3345 1795 3486 1850; x_wconf 87' lang='lat' dir='ltr'><strong>bono</strong></span> 
     </span>
    </p>
   </div>
   <div class='ocr_carea' id='block_1_32' title="bbox 240 1861 3487 1955">
    <p class='ocr_par' dir='ltr' id='par_1_32' title="bbox 240 1861 3487 1955">
     <span class='ocr_line' id='line_1_32' title="bbox 240 1861 3487 1955; baseline -0.001 -13"><span class='ocrx_word' id='word_1_257' title='bbox 240 1898 368 1943; x_wconf 90' lang='lat' dir='ltr'><strong>runt</strong></span> <span class='ocrx_word' id='word_1_258' title='bbox 409 1861 738 1950; x_wconf 68' lang='lat' dir='ltr'><strong>Barabbam,</strong></span> <span class='ocrx_word' id='word_1_259' title='bbox 786 1861 843 1941; x_wconf 84' lang='lat' dir='ltr'><strong>et</strong></span> <span class='ocrx_word' id='word_1_260' title='bbox 884 1885 1156 1940; x_wconf 87' lang='lat' dir='ltr'><strong>Christum</strong></span> <span class='ocrx_word' id='word_1_261' title='bbox 1211 1883 1615 1938; x_wconf 87' lang='lat' dir='ltr'><strong>crucifixerunt.</strong></span> <span class='ocrx_word' id='word_1_262' title='bbox 1653 1903 1671 1934; x_wconf 84' lang='grc'>‹</span> <span class='ocrx_word' id='word_1_263' title='bbox 1705 1882 1811 1938; x_wconf 86' lang='lat' dir='ltr'><strong>Sed</strong></span> <span class='ocrx_word' id='word_1_264' title='bbox 1845 1861 1888 1920; x_wconf 78' lang='grc' dir='ltr'><strong>Β</strong></span> <span class='ocrx_word' id='word_1_265' title='bbox 1914 1893 2096 1948; x_wconf 90' lang='lat' dir='ltr'><strong>opere.</strong></span> <span class='ocrx_word' id='word_1_266' title='bbox 2134 1861 2523 1934; x_wconf 87' lang='lat' dir='ltr'><strong>Vestimentum</strong></span> <span class='ocrx_word' id='word_1_267' title='bbox 2559 1892 2614 1935; x_wconf 88' lang='lat' dir='ltr'><strong>et</strong></span> <span class='ocrx_word' id='word_1_268' title='bbox 2642 1882 3030 1950; x_wconf 88' lang='lat' dir='ltr'><strong>operimentum</strong></span> <span class='ocrx_word' id='word_1_269' title='bbox 3062 1875 3256 1938; x_wconf 78' lang='lat' dir='ltr'><strong>anima:</strong></span> <span class='ocrx_word' id='word_1_270' title='bbox 3286 1896 3368 1939; x_wconf 89' lang='lat' dir='ltr'><strong>est</strong></span> <span class='ocrx_word' id='word_1_271' title='bbox 3401 1887 3487 1955; x_wconf 86' lang='lat' dir='ltr'><strong>ju-</strong></span> 
     </span>
    </p>
   </div>
   <div class='ocr_carea' id='block_1_33' title="bbox 240 1973 1810 2043">
    <p class='ocr_par' dir='ltr' id='par_1_33' title="bbox 240 1973 1810 2043">
     <span class='ocr_line' id='line_1_33' title="bbox 240 1973 1810 2043; baseline -0.004 -10"><span class='ocrx_word' id='word_1_272' title='bbox 240 1978 513 2033; x_wconf 77' lang='lat' dir='ltr'><strong>confidunt</strong></span> <span class='ocrx_word' id='word_1_273' title='bbox 555 1978 606 2032; x_wconf 90' lang='lat' dir='ltr'><strong>in</strong></span> <span class='ocrx_word' id='word_1_274' title='bbox 641 1975 813 2039; x_wconf 83' lang='lat' dir='ltr'><strong>nihili,</strong></span> <span class='ocrx_word' id='word_1_275' title='bbox 848 1995 866 2026; x_wconf 71' lang='grc' dir='ltr'><strong>ι</strong></span> <span class='ocrx_word' id='word_1_276' title='bbox 902 1976 956 2029; x_wconf 90' lang='lat' dir='ltr'><strong>id</strong></span> <span class='ocrx_word' id='word_1_277' title='bbox 981 1984 1066 2029; x_wconf 79' lang='lat' dir='ltr'><strong>est</strong></span> <span class='ocrx_word' id='word_1_278' title='bbox 1111 1975 1162 2028; x_wconf 89' lang='lat' dir='ltr'><strong>in</strong></span> <span class='ocrx_word' id='word_1_279' title='bbox 1194 1973 1354 2039; x_wconf 87' lang='lat' dir='ltr'><strong>idolo,</strong></span> <span class='ocrx_word' id='word_1_280' title='bbox 1385 1973 1526 2043; x_wconf 90' lang='lat' dir='ltr'><strong>quod</strong></span> <span class='ocrx_word' id='word_1_281' title='bbox 1568 1973 1700 2027; x_wconf 86' lang='lat' dir='ltr'><strong>nihil</strong></span> <span class='ocrx_word' id='word_1_282' title='bbox 1725 1982 1810 2027; x_wconf 90' lang='lat' dir='ltr'><strong>est</strong></span> 
     </span>
    </p>
   </div>
   <div class='ocr_carea' id='block_1_34' title="bbox 241 2063 1808 2139">
    <p class='ocr_par' dir='ltr' id='par_1_34' title="bbox 241 2063 1808 2139">
     <span class='ocr_line' id='line_1_34' title="bbox 241 2063 1808 2139; baseline -0.001 -17"><span class='ocrx_word' id='word_1_283' title='bbox 241 2071 379 2124; x_wconf 80' lang='lat' dir='ltr'><strong>sicut</strong></span> <span class='ocrx_word' id='word_1_284' title='bbox 409 2069 696 2139; x_wconf 88' lang='lat' dir='ltr'><strong>Apostolus</strong></span> <span class='ocrx_word' id='word_1_285' title='bbox 735 2069 863 2123; x_wconf 90' lang='lat' dir='ltr'><strong>dicit</strong></span> <span class='ocrx_word' id='word_1_286' title='bbox 895 2086 906 2120; x_wconf 95' lang='lat'>:</span> <span class='ocrx_word' id='word_1_287' title='bbox 949 2085 967 2117; x_wconf 75' lang='grc' dir='ltr'><strong>ι</strong></span> <span class='ocrx_word' id='word_1_288' title='bbox 995 2065 1210 2121; x_wconf 84' lang='lat' dir='ltr'><strong>Scimus</strong></span> <span class='ocrx_word' id='word_1_289' title='bbox 1234 2066 1356 2134; x_wconf 87' lang='lat' dir='ltr'><strong>quia</strong></span> <span class='ocrx_word' id='word_1_290' title='bbox 1391 2065 1523 2118; x_wconf 90' lang='lat' dir='ltr'><strong>nihil</strong></span> <span class='ocrx_word' id='word_1_291' title='bbox 1568 2074 1653 2119; x_wconf 88' lang='lat' dir='ltr'><strong>est</strong></span> <span class='ocrx_word' id='word_1_292' title='bbox 1692 2063 1808 2120; x_wconf 86' lang='lat' dir='ltr'><strong>ido-</strong></span> 
     </span>
    </p>
   </div>
   <div class='ocr_carea' id='block_1_35' title="bbox 242 2153 1809 2228">
    <p class='ocr_par' dir='ltr' id='par_1_35' title="bbox 242 2153 1809 2228">
     <span class='ocr_line' id='line_1_35' title="bbox 242 2153 1809 2228; baseline -0.003 -19"><span class='ocrx_word' id='word_1_293' title='bbox 242 2159 349 2211; x_wconf 90' lang='lat' dir='ltr'><strong>lum</strong></span> <span class='ocrx_word' id='word_1_294' title='bbox 379 2158 431 2228; x_wconf 92' lang='lat' dir='ltr'><strong>(I</strong></span> <span class='ocrx_word' id='word_1_295' title='bbox 462 2157 584 2211; x_wconf 88' lang='lat' dir='ltr'><strong>Cor.</strong></span> <span class='ocrx_word' id='word_1_296' title='bbox 618 2155 758 2226; x_wconf 88' lang='lat' dir='ltr'><strong>vm).</strong></span> <span class='ocrx_word' id='word_1_297' title='bbox 816 2175 834 2208; x_wconf 78' lang='grc' dir='ltr'><strong>ι</strong></span> <span class='ocrx_word' id='word_1_298' title='bbox 876 2155 966 2209; x_wconf 89' lang='lat' dir='ltr'><strong>Vel</strong></span> <span class='ocrx_word' id='word_1_299' title='bbox 993 2157 1153 2210; x_wconf 84' lang='lat' dir='ltr'><strong>etiam</strong></span> <span class='ocrx_word' id='word_1_300' title='bbox 1184 2155 1235 2208; x_wconf 89' lang='lat' dir='ltr'><strong>in</strong></span> <span class='ocrx_word' id='word_1_301' title='bbox 1277 2154 1610 2208; x_wconf 85' lang='lat' dir='ltr'><strong>Antichristo</strong></span> <span class='ocrx_word' id='word_1_302' title='bbox 1638 2153 1809 2208; x_wconf 87' lang='lat' dir='ltr'><strong>confi-</strong></span> 
     </span>
    </p>
   </div>
   <div class='ocr_carea' id='block_1_36' title="bbox 238 2246 1813 2316">
    <p class='ocr_par' dir='ltr' id='par_1_36' title="bbox 238 2246 1813 2316">
     <span class='ocr_line' id='line_1_36' title="bbox 238 2246 1813 2316; baseline -0.001 -16"><span class='ocrx_word' id='word_1_303' title='bbox 238 2248 392 2311; x_wconf 88' lang='lat' dir='ltr'><strong>dttnt,</strong></span> <span class='ocrx_word' id='word_1_304' title='bbox 449 2266 467 2298; x_wconf 76' lang='grc' dir='ltr'><strong>ι</strong></span> <span class='ocrx_word' id='word_1_305' title='bbox 512 2256 562 2302; x_wconf 84' lang='grc' dir='ltr'><strong>ει</strong></span> <span class='ocrx_word' id='word_1_306' title='bbox 608 2247 898 2316; x_wconf 90' lang='lat' dir='ltr'><strong>loquuntur</strong></span> <span class='ocrx_word' id='word_1_307' title='bbox 923 2247 1186 2300; x_wconf 79' lang='lat' dir='ltr'><strong>vanitates</strong></span> <span class='ocrx_word' id='word_1_308' title='bbox 1221 2265 1238 2296; x_wconf 72' lang='grc' dir='ltr'><strong>ι</strong></span> <span class='ocrx_word' id='word_1_309' title='bbox 1275 2246 1398 2299; x_wconf 92' lang='lat' dir='ltr'><strong>dum</strong></span> <span class='ocrx_word' id='word_1_310' title='bbox 1429 2246 1669 2314; x_wconf 78' lang='lat' dir='ltr'><strong>quotidie</strong></span> <span class='ocrx_word' id='word_1_311' title='bbox 1696 2246 1813 2298; x_wconf 86' lang='lat' dir='ltr'><strong>bla-</strong></span> 
     </span>
    </p>
   </div>
   <div class='ocr_carea' id='block_1_37' title="bbox 238 2333 1812 2407">
    <p class='ocr_par' dir='ltr' id='par_1_37' title="bbox 238 2333 1812 2407">
     <span class='ocr_line' id='line_1_37' title="bbox 238 2333 1812 2407; baseline -0.003 -15"><span class='ocrx_word' id='word_1_312' title='bbox 238 2339 522 2407; x_wconf 88' lang='lat' dir='ltr'><strong>sphemant</strong></span> <span class='ocrx_word' id='word_1_313' title='bbox 545 2338 819 2392; x_wconf 86' lang='lat' dir='ltr'><strong>Christum</strong></span> <span class='ocrx_word' id='word_1_314' title='bbox 851 2337 903 2390; x_wconf 91' lang='lat' dir='ltr'><strong>in</strong></span> <span class='ocrx_word' id='word_1_315' title='bbox 932 2335 1220 2406; x_wconf 80' lang='lat' dir='ltr'><strong>synagogis</strong></span> <span class='ocrx_word' id='word_1_316' title='bbox 1257 2335 1408 2390; x_wconf 88' lang='lat' dir='ltr'><strong>suis:</strong></span> <span class='ocrx_word' id='word_1_317' title='bbox 1442 2334 1526 2389; x_wconf 85' lang='lat' dir='ltr'><strong>vel</strong></span> <span class='ocrx_word' id='word_1_318' title='bbox 1573 2335 1698 2387; x_wconf 88' lang='lat' dir='ltr'><strong>dmn</strong></span> <span class='ocrx_word' id='word_1_319' title='bbox 1731 2333 1812 2388; x_wconf 82' lang='lat' dir='ltr'><strong>di-</strong></span> 
     </span>
    </p>
   </div>
   <div class='ocr_carea' id='block_1_38' title="bbox 237 2425 1812 2494">
    <p class='ocr_par' dir='ltr' id='par_1_38' title="bbox 237 2425 1812 2494">
     <span class='ocr_line' id='line_1_38' title="bbox 237 2425 1812 2494; baseline 0 -14"><span class='ocrx_word' id='word_1_320' title='bbox 237 2439 402 2482; x_wconf 80' lang='lat' dir='ltr'><strong>cunt:</strong></span> <span class='ocrx_word' id='word_1_321' title='bbox 441 2428 662 2482; x_wconf 81' lang='lat' dir='ltr'><strong>Messias</strong></span> <span class='ocrx_word' id='word_1_322' title='bbox 705 2427 940 2482; x_wconf 88' lang='lat' dir='ltr'><strong>nondum</strong></span> <span class='ocrx_word' id='word_1_323' title='bbox 986 2427 1148 2480; x_wconf 89' lang='lat' dir='ltr'><strong>venit.</strong></span> <span class='ocrx_word' id='word_1_324' title='bbox 1203 2445 1222 2476; x_wconf 78' lang='grc' dir='ltr'><strong>ι</strong></span> <span class='ocrx_word' id='word_1_325' title='bbox 1259 2427 1634 2494; x_wconf 75' lang='lat' dir='ltr'><strong>(lonceperunt</strong></span> <span class='ocrx_word' id='word_1_326' title='bbox 1666 2425 1812 2480; x_wconf 89' lang='lat' dir='ltr'><strong>labo-</strong></span> 
     </span>
    </p>
   </div>
   <div class='ocr_carea' id='block_1_39' title="bbox 239 2513 1813 2584">
    <p class='ocr_par' dir='ltr' id='par_1_39' title="bbox 239 2513 1813 2584">
     <span class='ocr_line' id='line_1_39' title="bbox 239 2513 1813 2584; baseline 0.001 -14"><span class='ocrx_word' id='word_1_327' title='bbox 239 2533 352 2571; x_wconf 89' lang='lat' dir='ltr'><strong>rem</strong></span> <span class='ocrx_word' id='word_1_328' title='bbox 387 2536 407 2570; x_wconf 71' lang='grc' dir='ltr'><strong>ι</strong></span> <span class='ocrx_word' id='word_1_329' title='bbox 444 2517 702 2571; x_wconf 90' lang='lat' dir='ltr'><strong>adversus</strong></span> <span class='ocrx_word' id='word_1_330' title='bbox 723 2515 1019 2579; x_wconf 85' lang='lat' dir='ltr'><strong>Christum,</strong></span> <span class='ocrx_word' id='word_1_331' title='bbox 1043 2515 1167 2584; x_wconf 87' lang='lat' dir='ltr'><strong>quia</strong></span> <span class='ocrx_word' id='word_1_332' title='bbox 1204 2514 1588 2570; x_wconf 86' lang='lat' dir='ltr'><strong>laboraverunt</strong></span> <span class='ocrx_word' id='word_1_333' title='bbox 1621 2515 1674 2568; x_wconf 88' lang='lat' dir='ltr'><strong>in</strong></span> <span class='ocrx_word' id='word_1_334' title='bbox 1697 2513 1813 2582; x_wconf 84' lang='lat' dir='ltr'><strong>ejus</strong></span> 
     </span>
    </p>
   </div>
   <div class='ocr_carea' id='block_1_40' title="bbox 239 2605 1810 2675">
    <p class='ocr_par' dir='ltr' id='par_1_40' title="bbox 239 2605 1810 2675">
     <span class='ocr_line' id='line_1_40' title="bbox 239 2605 1810 2675; baseline 0 -15"><span class='ocrx_word' id='word_1_335' title='bbox 239 2605 642 2670; x_wconf 85' lang='lat' dir='ltr'><strong>iuterfectione,</strong></span> <span class='ocrx_word' id='word_1_336' title='bbox 677 2625 697 2656; x_wconf 70' lang='grc' dir='ltr'>ί</span> <span class='ocrx_word' id='word_1_337' title='bbox 735 2614 790 2659; x_wconf 88' lang='grc' dir='ltr'><strong>ει</strong></span> <span class='ocrx_word' id='word_1_338' title='bbox 816 2615 1145 2675; x_wconf 87' lang='lat' dir='ltr'><strong>pepererunt</strong></span> <span class='ocrx_word' id='word_1_339' title='bbox 1174 2605 1510 2674; x_wconf 89' lang='lat' dir='ltr'><strong>iniquitatem</strong></span> <span class='ocrx_word' id='word_1_340' title='bbox 1548 2624 1566 2656; x_wconf 85' lang='grc'>›</span> <span class='ocrx_word' id='word_1_341' title='bbox 1611 2620 1708 2673; x_wconf 91' lang='lat' dir='ltr'><strong>pro</strong></span> <span class='ocrx_word' id='word_1_342' title='bbox 1745 2619 1810 2660; x_wconf 86' lang='lat' dir='ltr'><strong>eo</strong></span> 
     </span>
    </p>
   </div>
   <div class='ocr_carea' id='block_1_41' title="bbox 236 2695 1811 2766">
    <p class='ocr_par' dir='ltr' id='par_1_41' title="bbox 236 2695 1811 2766">
     <span class='ocr_line' id='line_1_41' title="bbox 236 2695 1811 2766; baseline 0.003 -20"><span class='ocrx_word' id='word_1_343' title='bbox 236 2697 378 2766; x_wconf 88' lang='lat' dir='ltr'><strong>quod</strong></span> <span class='ocrx_word' id='word_1_344' title='bbox 408 2706 491 2750; x_wconf 90' lang='lat' dir='ltr'><strong>est</strong></span> <span class='ocrx_word' id='word_1_345' title='bbox 524 2695 731 2764; x_wconf 89' lang='lat' dir='ltr'><strong>parient</strong></span> <span class='ocrx_word' id='word_1_346' title='bbox 758 2695 1114 2764; x_wconf 87' lang='lat' dir='ltr'><strong>iniquitatem,</strong></span> <span class='ocrx_word' id='word_1_347' title='bbox 1145 2710 1269 2749; x_wconf 91' lang='lat' dir='ltr'><strong>cum</strong></span> <span class='ocrx_word' id='word_1_348' title='bbox 1307 2696 1612 2766; x_wconf 88' lang='lat' dir='ltr'><strong>receperint</strong></span> <span class='ocrx_word' id='word_1_349' title='bbox 1657 2696 1811 2750; x_wconf 81' lang='lat' dir='ltr'><strong>Anti-</strong></span> 
     </span>
    </p>
   </div>
   <div class='ocr_carea' id='block_1_42' title="bbox 238 2790 520 2844">
    <p class='ocr_par' dir='ltr' id='par_1_42' title="bbox 238 2790 520 2844">
     <span class='ocr_line' id='line_1_42' title="bbox 238 2790 520 2844; baseline -0.004 -1"><span class='ocrx_word' id='word_1_350' title='bbox 238 2790 520 2844; x_wconf 80' lang='lat' dir='ltr'><strong>Christum.</strong></span> 
     </span>
    </p>
   </div>
   <div class='ocr_carea' id='block_1_43' title="bbox 316 2889 1814 2961">
    <p class='ocr_par' dir='ltr' id='par_1_43' title="bbox 316 2889 1814 2961">
     <span class='ocr_line' id='line_1_43' title="bbox 316 2889 1814 2961; baseline 0.001 -19"><span class='ocrx_word' id='word_1_351' title='bbox 316 2911 333 2942; x_wconf 87' lang='grc'><strong><em>‹</em></strong></span> <span class='ocrx_word' id='word_1_352' title='bbox 361 2891 473 2946; x_wconf 81' lang='lat' dir='ltr'><strong>Ova</strong></span> <span class='ocrx_word' id='word_1_353' title='bbox 515 2890 765 2961; x_wconf 79' lang='lat' dir='ltr'><strong>aspidem</strong></span> <span class='ocrx_word' id='word_1_354' title='bbox 803 2897 1063 2960; x_wconf 85' lang='lat' dir='ltr'><strong>ruperunt</strong></span> <span class='ocrx_word' id='word_1_355' title='bbox 1099 2899 1154 2944; x_wconf 89' lang='lat' dir='ltr'><strong>et</strong></span> <span class='ocrx_word' id='word_1_356' title='bbox 1197 2889 1334 2945; x_wconf 88' lang='lat' dir='ltr'><strong>telas</strong></span> <span class='ocrx_word' id='word_1_357' title='bbox 1377 2903 1589 2944; x_wconf 82' lang='lat' dir='ltr'><strong>araneae</strong></span> <span class='ocrx_word' id='word_1_358' title='bbox 1627 2899 1814 2944; x_wconf 80' lang='lat' dir='ltr'><strong>texue-</strong></span> 
     </span>
    </p>
   </div>
   <div class='ocr_carea' id='block_1_44' title="bbox 241 2982 1812 3053">
    <p class='ocr_par' dir='ltr' id='par_1_44' title="bbox 241 2982 1812 3053">
     <span class='ocr_line' id='line_1_44' title="bbox 241 2982 1812 3053; baseline 0.001 -16"><span class='ocrx_word' id='word_1_359' title='bbox 241 2992 382 3037; x_wconf 90' lang='lat' dir='ltr'><strong>runt.</strong></span> <span class='ocrx_word' id='word_1_360' title='bbox 429 3000 446 3035; x_wconf 83' lang='grc' dir='ltr'><strong>ι</strong></span> <span class='ocrx_word' id='word_1_361' title='bbox 480 2984 638 3053; x_wconf 84' lang='lat' dir='ltr'><strong>Aspis</strong></span> <span class='ocrx_word' id='word_1_362' title='bbox 665 2998 886 3052; x_wconf 89' lang='lat' dir='ltr'><strong>serpens</strong></span> <span class='ocrx_word' id='word_1_363' title='bbox 917 2991 1002 3037; x_wconf 91' lang='lat' dir='ltr'><strong>est</strong></span> <span class='ocrx_word' id='word_1_364' title='bbox 1029 2982 1426 3046; x_wconf 81' lang='lat' dir='ltr'><strong>callidissimus,</strong></span> <span class='ocrx_word' id='word_1_365' title='bbox 1463 2983 1552 3052; x_wconf 90' lang='lat' dir='ltr'><strong>qui</strong></span> <span class='ocrx_word' id='word_1_366' title='bbox 1587 2982 1812 3039; x_wconf 89' lang='lat' dir='ltr'><strong>audiens</strong></span> 
     </span>
    </p>
   </div>
   <div class='ocr_carea' id='block_1_45' title="bbox 236 3058 1808 3142">
    <p class='ocr_par' dir='ltr' id='par_1_45' title="bbox 236 3058 1808 3142">
     <span class='ocr_line' id='line_1_45' title="bbox 236 3058 1808 3142; baseline 0.004 -21"><span class='ocrx_word' id='word_1_367' title='bbox 236 3074 464 3142; x_wconf 77' lang='lat' dir='ltr'><strong>primam</strong></span> <span class='ocrx_word' id='word_1_368' title='bbox 491 3058 675 3128; x_wconf 87' lang='lat' dir='ltr'><strong>vocem</strong></span> <span class='ocrx_word' id='word_1_369' title='bbox 704 3074 1060 3128; x_wconf 88' lang='lat' dir='ltr'><strong>incantatoris</strong></span> <span class='ocrx_word' id='word_1_370' title='bbox 1091 3090 1251 3127; x_wconf 91' lang='lat' dir='ltr'><strong>unam</strong></span> <span class='ocrx_word' id='word_1_371' title='bbox 1283 3089 1467 3127; x_wconf 90' lang='lat' dir='ltr'><strong>aurem</strong></span> <span class='ocrx_word' id='word_1_372' title='bbox 1506 3075 1573 3128; x_wconf 92' lang='lat' dir='ltr'><strong>ad</strong></span> <span class='ocrx_word' id='word_1_373' title='bbox 1609 3084 1808 3130; x_wconf 86' lang='lat' dir='ltr'><strong>terram</strong></span> 
     </span>
    </p>
   </div>
   <div class='ocr_carea' id='block_1_46' title="bbox 239 3162 1812 3232">
    <p class='ocr_par' dir='ltr' id='par_1_46' title="bbox 239 3162 1812 3232">
     <span class='ocr_line' id='line_1_46' title="bbox 239 3162 1812 3232; baseline 0.002 -17"><span class='ocrx_word' id='word_1_374' title='bbox 239 3164 452 3232; x_wconf 91' lang='lat' dir='ltr'><strong>premit,</strong></span> <span class='ocrx_word' id='word_1_375' title='bbox 481 3171 536 3218; x_wconf 89' lang='lat' dir='ltr'><strong>et</strong></span> <span class='ocrx_word' id='word_1_376' title='bbox 561 3162 783 3217; x_wconf 89' lang='lat' dir='ltr'><strong>alteram</strong></span> <span class='ocrx_word' id='word_1_377' title='bbox 827 3165 996 3218; x_wconf 89' lang='lat' dir='ltr'><strong>cauda</strong></span> <span class='ocrx_word' id='word_1_378' title='bbox 1049 3179 1143 3218; x_wconf 90' lang='lat' dir='ltr'><strong>sua</strong></span> <span class='ocrx_word' id='word_1_379' title='bbox 1172 3163 1390 3218; x_wconf 91' lang='lat' dir='ltr'><strong>obturat</strong></span> <span class='ocrx_word' id='word_1_380' title='bbox 1420 3178 1486 3218; x_wconf 88' lang='lat' dir='ltr'><strong>ne</strong></span> <span class='ocrx_word' id='word_1_381' title='bbox 1513 3165 1686 3232; x_wconf 87' lang='lat' dir='ltr'><strong>possit</strong></span> <span class='ocrx_word' id='word_1_382' title='bbox 1732 3165 1812 3218; x_wconf 85' lang='lat' dir='ltr'><strong>in-</strong></span> 
     </span>
    </p>
   </div>
   <div class='ocr_carea' id='block_1_47' title="bbox 1912 1968 3480 2034">
    <p class='ocr_par' dir='ltr' id='par_1_47' title="bbox 1912 1968 3480 2034">
     <span class='ocr_line' id='line_1_47' title="bbox 1912 1968 3480 2034; baseline 0.004 -12"><span class='ocrx_word' id='word_1_383' title='bbox 1912 1968 2080 2034; x_wconf 88' lang='lat' dir='ltr'><strong>stitia,</strong></span> <span class='ocrx_word' id='word_1_384' title='bbox 2113 1969 2253 2024; x_wconf 88' lang='lat' dir='ltr'><strong>sicut</strong></span> <span class='ocrx_word' id='word_1_385' title='bbox 2281 1970 2346 2024; x_wconf 89' lang='lat' dir='ltr'><strong>de</strong></span> <span class='ocrx_word' id='word_1_386' title='bbox 2376 1971 2575 2026; x_wconf 90' lang='lat' dir='ltr'><strong>sanctis</strong></span> <span class='ocrx_word' id='word_1_387' title='bbox 2606 1971 2800 2026; x_wconf 86' lang='lat' dir='ltr'><strong>dicitur</strong></span> <span class='ocrx_word' id='word_1_388' title='bbox 2831 1991 2844 2027; x_wconf 87' lang='lat'><strong>:</strong></span> <span class='ocrx_word' id='word_1_389' title='bbox 2883 1993 2900 2024; x_wconf 74' lang='grc' dir='ltr'><strong>ι</strong></span> <span class='ocrx_word' id='word_1_390' title='bbox 2944 1974 3264 2028; x_wconf 86' lang='lat' dir='ltr'><strong>Sacerdotes</strong></span> <span class='ocrx_word' id='word_1_391' title='bbox 3295 1975 3367 2028; x_wconf 91' lang='lat' dir='ltr'><strong>tui</strong></span> <span class='ocrx_word' id='word_1_392' title='bbox 3398 1976 3480 2028; x_wconf 82' lang='lat' dir='ltr'><strong>in-</strong></span> 
     </span>
    </p>
   </div>
   <div class='ocr_carea' id='block_1_48' title="bbox 1913 2047 3485 2135">
    <p class='ocr_par' dir='ltr' id='par_1_48' title="bbox 1913 2047 3485 2135">
     <span class='ocr_line' id='line_1_48' title="bbox 1913 2047 3485 2135; baseline 0.005 -21"><span class='ocrx_word' id='word_1_393' title='bbox 1913 2059 2416 2129; x_wconf 86' lang='lat' dir='ltr'><strong>duanturjustitiam</strong></span> <span class='ocrx_word' id='word_1_394' title='bbox 2435 2047 2790 2134; x_wconf 78' lang='lat' dir='ltr'><strong>(Psal.cxut).</strong></span> <span class='ocrx_word' id='word_1_395' title='bbox 2813 2083 2829 2115; x_wconf 83' lang='grc' dir='ltr'><strong>ι</strong></span> <span class='ocrx_word' id='word_1_396' title='bbox 2853 2065 3244 2135; x_wconf 88' lang='lat' dir='ltr'><strong>Operaeorum,</strong></span> <span class='ocrx_word' id='word_1_397' title='bbox 3271 2087 3288 2120; x_wconf 78' lang='grc' dir='ltr'><strong>ι</strong></span> <span class='ocrx_word' id='word_1_398' title='bbox 3316 2067 3364 2121; x_wconf 91' lang='lat' dir='ltr'><strong>id</strong></span> <span class='ocrx_word' id='word_1_399' title='bbox 3379 2078 3485 2129; x_wconf 81' lang='lat' dir='ltr'><strong>est,</strong></span> 
     </span>
    </p>
   </div>
   <div class='ocr_carea' id='block_1_49' title="bbox 1910 2150 3484 2228">
    <p class='ocr_par' dir='ltr' id='par_1_49' title="bbox 1910 2150 3484 2228">
     <span class='ocr_line' id='line_1_49' title="bbox 1910 2150 3484 2228; baseline 0.005 -24"><span class='ocrx_word' id='word_1_400' title='bbox 1910 2165 2074 2221; x_wconf 87' lang='lat' dir='ltr'><strong>opera</strong></span> <span class='ocrx_word' id='word_1_401' title='bbox 2087 2150 2410 2218; x_wconf 65' lang='lat' dir='ltr'><strong>Iudaeorum,</strong></span> <span class='ocrx_word' id='word_1_402' title='bbox 2423 2171 2439 2202; x_wconf 71' lang='grc' dir='ltr'><strong>ι</strong></span> <span class='ocrx_word' id='word_1_403' title='bbox 2451 2169 2613 2224; x_wconf 90' lang='lat' dir='ltr'><strong>opera</strong></span> <span class='ocrx_word' id='word_1_404' title='bbox 2630 2155 2833 2209; x_wconf 90' lang='lat' dir='ltr'><strong>inutilia</strong></span> <span class='ocrx_word' id='word_1_405' title='bbox 2850 2167 2992 2220; x_wconf 89' lang='lat' dir='ltr'><strong>sunt,</strong></span> <span class='ocrx_word' id='word_1_406' title='bbox 3008 2177 3025 2208; x_wconf 74' lang='grc' dir='ltr'><strong>ι</strong></span> <span class='ocrx_word' id='word_1_407' title='bbox 3046 2158 3095 2211; x_wconf 92' lang='lat' dir='ltr'><strong>id</strong></span> <span class='ocrx_word' id='word_1_408' title='bbox 3109 2167 3209 2222; x_wconf 88' lang='lat' dir='ltr'><strong>est,</strong></span> <span class='ocrx_word' id='word_1_409' title='bbox 3228 2159 3456 2228; x_wconf 83' lang='lat' dir='ltr'><strong>maligna</strong></span> <span class='ocrx_word' id='word_1_410' title='bbox 3468 2200 3484 2223; x_wconf 94' lang='lat'><strong>,</strong></span> 
     </span>
    </p>
   </div>
   <div class='ocr_carea' id='block_1_50' title="bbox 1910 2243 3484 2322">
    <p class='ocr_par' dir='ltr' id='par_1_50' title="bbox 1910 2243 3484 2322">
     <span class='ocr_line' id='line_1_50' title="bbox 1910 2243 3484 2322; baseline 0.009 -27"><span class='ocrx_word' id='word_1_411' title='bbox 1910 2243 2036 2313; x_wconf 91' lang='lat' dir='ltr'><strong>quia</strong></span> <span class='ocrx_word' id='word_1_412' title='bbox 2069 2244 2264 2300; x_wconf 90' lang='lat' dir='ltr'><strong>diaboli</strong></span> <span class='ocrx_word' id='word_1_413' title='bbox 2299 2245 2627 2301; x_wconf 88' lang='lat' dir='ltr'><strong>voluntatem</strong></span> <span class='ocrx_word' id='word_1_414' title='bbox 2653 2248 2947 2318; x_wconf 90' lang='lat' dir='ltr'><strong>adimplent</strong></span> <span class='ocrx_word' id='word_1_415' title='bbox 2983 2268 3002 2302; x_wconf 77' lang='grc' dir='ltr'><strong>ι</strong></span> <span class='ocrx_word' id='word_1_416' title='bbox 3033 2259 3088 2306; x_wconf 88' lang='grc' dir='ltr'><strong>ει</strong></span> <span class='ocrx_word' id='word_1_417' title='bbox 3121 2267 3256 2322; x_wconf 81' lang='lat' dir='ltr'><strong>Opus</strong></span> <span class='ocrx_word' id='word_1_418' title='bbox 3287 2254 3484 2322; x_wconf 72' lang='lat' dir='ltr'><strong>inipti-</strong></span> 
     </span>
    </p>
   </div>
   <div class='ocr_carea' id='block_1_51' title="bbox 1911 2334 3488 2414">
    <p class='ocr_par' dir='ltr' id='par_1_51' title="bbox 1911 2334 3488 2414">
     <span class='ocr_line' id='line_1_51' title="bbox 1911 2334 3488 2414; baseline 0.007 -27"><span class='ocrx_word' id='word_1_419' title='bbox 1911 2334 2038 2389; x_wconf 91' lang='lat' dir='ltr'><strong>tatis</strong></span> <span class='ocrx_word' id='word_1_420' title='bbox 2059 2335 2114 2388; x_wconf 86' lang='lat' dir='ltr'><strong>in</strong></span> <span class='ocrx_word' id='word_1_421' title='bbox 2138 2336 2386 2391; x_wconf 89' lang='lat' dir='ltr'><strong>manibus</strong></span> <span class='ocrx_word' id='word_1_422' title='bbox 2409 2352 2618 2394; x_wconf 80' lang='lat' dir='ltr'><strong>eorum.</strong></span> <span class='ocrx_word' id='word_1_423' title='bbox 2653 2358 2670 2390; x_wconf 76' lang='grc' dir='ltr'><strong>ι</strong></span> <span class='ocrx_word' id='word_1_424' title='bbox 2705 2339 2842 2395; x_wconf 83' lang='grc' dir='ltr'><strong>Εεεε</strong></span> <span class='ocrx_word' id='word_1_425' title='bbox 2870 2341 3010 2410; x_wconf 89' lang='lat' dir='ltr'><strong>quod</strong></span> <span class='ocrx_word' id='word_1_426' title='bbox 3035 2343 3282 2413; x_wconf 87' lang='lat' dir='ltr'><strong>superius</strong></span> <span class='ocrx_word' id='word_1_427' title='bbox 3307 2345 3488 2414; x_wconf 85' lang='lat' dir='ltr'><strong>appel-</strong></span> 
     </span>
    </p>
   </div>
   <div class='ocr_carea' id='block_1_52' title="bbox 1911 2423 3032 2501">
    <p class='ocr_par' dir='ltr' id='par_1_52' title="bbox 1911 2423 3032 2501">
     <span class='ocr_line' id='line_1_52' title="bbox 1911 2423 3032 2501; baseline 0.007 -24"><span class='ocrx_word' id='word_1_428' title='bbox 1911 2423 2040 2479; x_wconf 90' lang='lat' dir='ltr'><strong>lavit</strong></span> <span class='ocrx_word' id='word_1_429' title='bbox 2060 2425 2212 2483; x_wconf 91' lang='lat' dir='ltr'><strong>telas.</strong></span> <span class='ocrx_word' id='word_1_430' title='bbox 2241 2428 2401 2482; x_wconf 92' lang='lat' dir='ltr'><strong>modo</strong></span> <span class='ocrx_word' id='word_1_431' title='bbox 2424 2428 2558 2483; x_wconf 82' lang='lat' dir='ltr'><strong>dixit</strong></span> <span class='ocrx_word' id='word_1_432' title='bbox 2576 2431 2815 2499; x_wconf 90' lang='lat' dir='ltr'><strong>apertius</strong></span> <span class='ocrx_word' id='word_1_433' title='bbox 2849 2445 3032 2501; x_wconf 77' lang='lat' dir='ltr'><strong>opera.</strong></span> 
     </span>
    </p>
   </div>
   <div class='ocr_carea' id='block_1_53' title="bbox 1987 2517 3487 2594">
    <p class='ocr_par' dir='ltr' id='par_1_53' title="bbox 1987 2517 3487 2594">
     <span class='ocr_line' id='line_1_53' title="bbox 1987 2517 3487 2594; baseline 0.01 -25"><span class='ocrx_word' id='word_1_434' title='bbox 1987 2536 2005 2569; x_wconf 78' lang='grc' dir='ltr'><strong>ι</strong></span> <span class='ocrx_word' id='word_1_435' title='bbox 2047 2517 2219 2573; x_wconf 89' lang='lat' dir='ltr'><strong>Pedes</strong></span> <span class='ocrx_word' id='word_1_436' title='bbox 2252 2534 2459 2587; x_wconf 90' lang='lat' dir='ltr'><strong>eorum,</strong></span> <span class='ocrx_word' id='word_1_437' title='bbox 2507 2541 2526 2572; x_wconf 88' lang='grc'><strong>›</strong></span> <span class='ocrx_word' id='word_1_438' title='bbox 2575 2522 2634 2576; x_wconf 84' lang='lat' dir='ltr'><strong>id</strong></span> <span class='ocrx_word' id='word_1_439' title='bbox 2663 2532 2748 2577; x_wconf 88' lang='lat' dir='ltr'><strong>est</strong></span> <span class='ocrx_word' id='word_1_440' title='bbox 2773 2524 2936 2592; x_wconf 90' lang='lat' dir='ltr'><strong>pedes</strong></span> <span class='ocrx_word' id='word_1_441' title='bbox 2983 2524 3374 2594; x_wconf 51' lang='lat' dir='ltr'><strong>Judmorumﬂ</strong></span> <span class='ocrx_word' id='word_1_442' title='bbox 3419 2529 3487 2584; x_wconf 86' lang='lat' dir='ltr'><strong>ad</strong></span> 
     </span>
    </p>
   </div>
   <div class='ocr_carea' id='block_1_54' title="bbox 1910 2608 3482 2689">
    <p class='ocr_par' dir='ltr' id='par_1_54' title="bbox 1910 2608 3482 2689">
     <span class='ocr_line' id='line_1_54' title="bbox 1910 2608 3482 2689; baseline 0.007 -25"><span class='ocrx_word' id='word_1_443' title='bbox 1910 2608 2111 2664; x_wconf 89' lang='lat' dir='ltr'><strong>malum</strong></span> <span class='ocrx_word' id='word_1_444' title='bbox 2137 2622 2379 2673; x_wconf 84' lang='lat' dir='ltr'><strong>currunt,</strong></span> <span class='ocrx_word' id='word_1_445' title='bbox 2409 2620 2463 2666; x_wconf 89' lang='lat' dir='ltr'><strong>et</strong></span> <span class='ocrx_word' id='word_1_446' title='bbox 2492 2611 2745 2668; x_wconf 82' lang='lat' dir='ltr'><strong>festinant</strong></span> <span class='ocrx_word' id='word_1_447' title='bbox 2776 2624 2834 2668; x_wconf 90' lang='lat' dir='ltr'><strong>ut</strong></span> <span class='ocrx_word' id='word_1_448' title='bbox 2861 2615 3139 2671; x_wconf 75' lang='lat' dir='ltr'><strong>effundant</strong></span> <span class='ocrx_word' id='word_1_449' title='bbox 3168 2620 3482 2689; x_wconf 85' lang='lat' dir='ltr'><strong>sanguinem</strong></span> 
     </span>
    </p>
   </div>
   <div class='ocr_carea' id='block_1_55' title="bbox 1911 2695 3485 2772">
    <p class='ocr_par' dir='ltr' id='par_1_55' title="bbox 1911 2695 3485 2772">
     <span class='ocr_line' id='line_1_55' title="bbox 1911 2695 3485 2772; baseline 0.006 -18"><span class='ocrx_word' id='word_1_450' title='bbox 1911 2699 2271 2756; x_wconf 88' lang='lat' dir='ltr'><strong>innocentem.</strong></span> <span class='ocrx_word' id='word_1_451' title='bbox 2306 2721 2326 2754; x_wconf 73' lang='grc' dir='ltr'><strong>ι</strong></span> <span class='ocrx_word' id='word_1_452' title='bbox 2360 2700 2534 2757; x_wconf 88' lang='lat' dir='ltr'><strong>Pedes</strong></span> <span class='ocrx_word' id='word_1_453' title='bbox 2563 2717 2748 2758; x_wconf 90' lang='lat' dir='ltr'><strong>eorum</strong></span> <span class='ocrx_word' id='word_1_454' title='bbox 2780 2705 2843 2758; x_wconf 91' lang='lat' dir='ltr'><strong>ad</strong></span> <span class='ocrx_word' id='word_1_455' title='bbox 2879 2695 3079 2760; x_wconf 91' lang='lat' dir='ltr'><strong>malum</strong></span> <span class='ocrx_word' id='word_1_456' title='bbox 3109 2719 3485 2772; x_wconf 89' lang='lat' dir='ltr'><strong>cucurrerunt,</strong></span> 
     </span>
    </p>
   </div>
   <div class='ocr_carea' id='block_1_56' title="bbox 1910 2791 3488 2860">
    <p class='ocr_par' dir='ltr' id='par_1_56' title="bbox 1910 2791 3488 2860">
     <span class='ocr_line' id='line_1_56' title="bbox 1910 2791 3488 2860; baseline 0.007 -16"><span class='ocrx_word' id='word_1_457' title='bbox 1910 2791 2126 2860; x_wconf 84' lang='lat' dir='ltr'><strong>quando</strong></span> <span class='ocrx_word' id='word_1_458' title='bbox 2167 2807 2290 2846; x_wconf 90' lang='lat' dir='ltr'><strong>cum</strong></span> <span class='ocrx_word' id='word_1_459' title='bbox 2318 2791 2542 2848; x_wconf 91' lang='lat' dir='ltr'><strong>laternis</strong></span> <span class='ocrx_word' id='word_1_460' title='bbox 2568 2802 2623 2849; x_wconf 91' lang='lat' dir='ltr'><strong>et</strong></span> <span class='ocrx_word' id='word_1_461' title='bbox 2647 2793 2880 2851; x_wconf 82' lang='lat' dir='ltr'><strong>fustibus</strong></span> <span class='ocrx_word' id='word_1_462' title='bbox 2921 2797 2986 2852; x_wconf 90' lang='lat' dir='ltr'><strong>ad</strong></span> <span class='ocrx_word' id='word_1_463' title='bbox 3018 2799 3302 2854; x_wconf 90' lang='lat' dir='ltr'><strong>Dominum</strong></span> <span class='ocrx_word' id='word_1_464' title='bbox 3341 2817 3488 2855; x_wconf 87' lang='lat' dir='ltr'><strong>com-</strong></span> 
     </span>
    </p>
   </div>
   <div class='ocr_carea' id='block_1_57' title="bbox 1907 2882 3489 2954">
    <p class='ocr_par' dir='ltr' id='par_1_57' title="bbox 1907 2882 3489 2954">
     <span class='ocr_line' id='line_1_57' title="bbox 1907 2882 3489 2954; baseline 0.008 -20"><span class='ocrx_word' id='word_1_465' title='bbox 1907 2882 2347 2952; x_wconf 90' lang='lat' dir='ltr'><strong>prehendendum</strong></span> <span class='ocrx_word' id='word_1_466' title='bbox 2381 2893 2663 2939; x_wconf 88' lang='lat' dir='ltr'><strong>venerunt.</strong></span> <span class='ocrx_word' id='word_1_467' title='bbox 2715 2884 3154 2952; x_wconf 86' lang='lat' dir='ltr'><strong>Festinaverunt,</strong></span> <span class='ocrx_word' id='word_1_468' title='bbox 3187 2891 3239 2945; x_wconf 89' lang='lat' dir='ltr'><strong>id</strong></span> <span class='ocrx_word' id='word_1_469' title='bbox 3277 2901 3377 2954; x_wconf 91' lang='lat' dir='ltr'><strong>est,</strong></span> <span class='ocrx_word' id='word_1_470' title='bbox 3409 2893 3489 2946; x_wconf 86' lang='lat' dir='ltr'><strong>la-</strong></span> 
     </span>
    </p>
   </div>
   <div class='ocr_carea' id='block_1_58' title="bbox 1909 2973 3486 3050">
    <p class='ocr_par' dir='ltr' id='par_1_58' title="bbox 1909 2973 3486 3050">
     <span class='ocr_line' id='line_1_58' title="bbox 1909 2973 3486 3050; baseline 0.01 -24"><span class='ocrx_word' id='word_1_471' title='bbox 1909 2973 2235 3028; x_wconf 90' lang='lat' dir='ltr'><strong>boraverunt</strong></span> <span class='ocrx_word' id='word_1_472' title='bbox 2294 2983 2348 3028; x_wconf 88' lang='lat' dir='ltr'><strong>et</strong></span> <span class='ocrx_word' id='word_1_473' title='bbox 2393 2973 2694 3031; x_wconf 73' lang='lat' dir='ltr'><strong>effuderunt</strong></span> <span class='ocrx_word' id='word_1_474' title='bbox 2754 2981 3066 3050; x_wconf 85' lang='lat' dir='ltr'><strong>sanguinem</strong></span> <span class='ocrx_word' id='word_1_475' title='bbox 3115 2982 3486 3050; x_wconf 86' lang='lat' dir='ltr'><strong>innocentem,</strong></span> 
     </span>
    </p>
   </div>
   <div class='ocr_carea' id='block_1_59' title="bbox 1911 3064 3490 3136">
    <p class='ocr_par' dir='ltr' id='par_1_59' title="bbox 1911 3064 3490 3136">
     <span class='ocr_line' id='line_1_59' title="bbox 1911 3064 3490 3136; baseline 0.011 -21"><span class='ocrx_word' id='word_1_476' title='bbox 1911 3064 2127 3133; x_wconf 88' lang='lat' dir='ltr'><strong>quando</strong></span> <span class='ocrx_word' id='word_1_477' title='bbox 2164 3064 2436 3120; x_wconf 86' lang='lat' dir='ltr'><strong>instabant</strong></span> <span class='ocrx_word' id='word_1_478' title='bbox 2474 3076 2718 3136; x_wconf 89' lang='lat' dir='ltr'><strong>petentes</strong></span> <span class='ocrx_word' id='word_1_479' title='bbox 2763 3085 2794 3124; x_wconf 92' lang='lat' dir='ltr'><strong>a</strong></span> <span class='ocrx_word' id='word_1_480' title='bbox 2837 3071 3011 3126; x_wconf 89' lang='lat' dir='ltr'><strong>Pilato</strong></span> <span class='ocrx_word' id='word_1_481' title='bbox 3039 3081 3099 3127; x_wconf 92' lang='lat' dir='ltr'><strong>ut</strong></span> <span class='ocrx_word' id='word_1_482' title='bbox 3126 3089 3248 3128; x_wconf 89' lang='lat' dir='ltr'><strong>eum</strong></span> <span class='ocrx_word' id='word_1_483' title='bbox 3284 3076 3490 3132; x_wconf 89' lang='lat' dir='ltr'><strong>interli-</strong></span> 
     </span>
    </p>
   </div>
   <div class='ocr_carea' id='block_1_60' title="bbox 1913 3152 3490 3224">
    <p class='ocr_par' dir='ltr' id='par_1_60' title="bbox 1913 3152 3490 3224">
     <span class='ocr_line' id='line_1_60' title="bbox 1913 3152 3490 3224; baseline 0.011 -17"><span class='ocrx_word' id='word_1_484' title='bbox 1913 3161 2078 3208; x_wconf 90' lang='lat' dir='ltr'><strong>ceret.</strong></span> <span class='ocrx_word' id='word_1_485' title='bbox 2140 3172 2159 3204; x_wconf 73' lang='grc'><strong>(</strong></span> <span class='ocrx_word' id='word_1_486' title='bbox 2224 3152 2589 3224; x_wconf 83' lang='lat' dir='ltr'><strong>Cogitationes</strong></span> <span class='ocrx_word' id='word_1_487' title='bbox 2647 3172 2834 3214; x_wconf 88' lang='lat' dir='ltr'><strong>eorum</strong></span> <span class='ocrx_word' id='word_1_488' title='bbox 2883 3180 2902 3214; x_wconf 72' lang='grc' dir='ltr'><strong>ι</strong></span> <span class='ocrx_word' id='word_1_489' title='bbox 2957 3171 3145 3218; x_wconf 90' lang='lat' dir='ltr'><strong>contra</strong></span> <span class='ocrx_word' id='word_1_490' title='bbox 3203 3166 3490 3224; x_wconf 88' lang='lat' dir='ltr'><strong>Dominum</strong></span> 
     </span>
    </p>
   </div>
   <div class='ocr_carea' id='block_1_61' title="bbox 239 3223 3492 3323">
    <p class='ocr_par' dir='ltr' id='par_1_61' title="bbox 239 3223 3492 3323">
     <span class='ocr_line' id='line_1_61' title="bbox 239 3223 3492 3323; baseline 0.008 -35"><span class='ocrx_word' id='word_1_491' title='bbox 239 3223 468 3306; x_wconf 57' lang='grc' dir='ltr'><strong>ξκηηπέ,</strong></span> <span class='ocrx_word' id='word_1_492' title='bbox 525 3253 753 3322; x_wconf 70' lang='lat' dir='ltr'><strong>[deoque</strong></span> <span class='ocrx_word' id='word_1_493' title='bbox 804 3252 972 3307; x_wconf 64' lang='grc' dir='ltr'><strong>,ιυιιωί</strong></span> <span class='ocrx_word' id='word_1_494' title='bbox 1033 3252 1205 3322; x_wconf 65' lang='lat' dir='ltr'><strong>aspidi</strong></span> <span class='ocrx_word' id='word_1_495' title='bbox 1258 3223 1639 3321; x_wconf 43' lang='lat' dir='ltr'><strong>comparamur</strong></span> <span class='ocrx_word' id='word_1_496' title='bbox 1683 3253 1808 3322; x_wconf 70' lang='lat' dir='ltr'><strong>quia</strong></span> <span class='ocrx_word' id='word_1_497' title='bbox 1837 3223 1882 3284; x_wconf 70' lang='grc' dir='ltr'>Ο</span> <span class='ocrx_word' id='word_1_498' title='bbox 1919 3260 1937 3292; x_wconf 73' lang='grc' dir='ltr'><strong>ι</strong></span> <span class='ocrx_word' id='word_1_499' title='bbox 1975 3243 2324 3312; x_wconf 85' lang='lat' dir='ltr'><strong>cogitationes</strong></span> <span class='ocrx_word' id='word_1_500' title='bbox 2369 3243 2607 3311; x_wconf 86' lang='lat' dir='ltr'><strong>inutiles,</strong></span> <span class='ocrx_word' id='word_1_501' title='bbox 2665 3266 2684 3298; x_wconf 67' lang='grc' dir='ltr'><strong>ι</strong></span> <span class='ocrx_word' id='word_1_502' title='bbox 2735 3251 2992 3308; x_wconf 85' lang='lat' dir='ltr'><strong>subaudis</strong></span> <span class='ocrx_word' id='word_1_503' title='bbox 3024 3253 3262 3323; x_wconf 86' lang='lat' dir='ltr'><strong>fuerunt,</strong></span> <span class='ocrx_word' id='word_1_504' title='bbox 3308 3259 3492 3315; x_wconf 87' lang='lat' dir='ltr'><strong>dicen-</strong></span> 
     </span>
    </p>
   </div>
   <div class='ocr_carea' id='block_1_62' title="bbox 240 3340 1807 3410">
    <p class='ocr_par' dir='ltr' id='par_1_62' title="bbox 240 3340 1807 3410">
     <span class='ocr_line' id='line_1_62' title="bbox 240 3340 1807 3410; baseline 0.002 -17"><span class='ocrx_word' id='word_1_505' title='bbox 240 3343 487 3396; x_wconf 85' lang='lat' dir='ltr'><strong>vcnenati</strong></span> <span class='ocrx_word' id='word_1_506' title='bbox 507 3351 682 3404; x_wconf 89' lang='lat' dir='ltr'><strong>erant,</strong></span> <span class='ocrx_word' id='word_1_507' title='bbox 710 3341 862 3410; x_wconf 81' lang='lat' dir='ltr'><strong>juxta</strong></span> <span class='ocrx_word' id='word_1_508' title='bbox 890 3342 1032 3410; x_wconf 90' lang='lat' dir='ltr'><strong>quod</strong></span> <span class='ocrx_word' id='word_1_509' title='bbox 1068 3340 1304 3396; x_wconf 88' lang='lat' dir='ltr'><strong>Joannes</strong></span> <span class='ocrx_word' id='word_1_510' title='bbox 1333 3341 1575 3410; x_wconf 88' lang='lat' dir='ltr'><strong>Baptista</strong></span> <span class='ocrx_word' id='word_1_511' title='bbox 1597 3343 1677 3397; x_wconf 91' lang='lat' dir='ltr'><strong>eis</strong></span> <span class='ocrx_word' id='word_1_512' title='bbox 1707 3343 1807 3396; x_wconf 52' lang='lat' dir='ltr'><strong>im.</strong></span> 
     </span>
    </p>
   </div>
   <div class='ocr_carea' id='block_1_63' title="bbox 240 3429 1809 3503">
    <p class='ocr_par' dir='ltr' id='par_1_63' title="bbox 240 3429 1809 3503">
     <span class='ocr_line' id='line_1_63' title="bbox 240 3429 1809 3503; baseline 0.001 -18"><span class='ocrx_word' id='word_1_513' title='bbox 240 3441 511 3503; x_wconf 82' lang='lat' dir='ltr'><strong>properat,</strong></span> <span class='ocrx_word' id='word_1_514' title='bbox 563 3433 787 3487; x_wconf 89' lang='lat' dir='ltr'><strong>dicens:</strong></span> <span class='ocrx_word' id='word_1_515' title='bbox 836 3449 853 3482; x_wconf 82' lang='lat' dir='ltr'><strong>t</strong></span> <span class='ocrx_word' id='word_1_516' title='bbox 909 3429 1190 3486; x_wconf 89' lang='lat' dir='ltr'><strong>Genimina</strong></span> <span class='ocrx_word' id='word_1_517' title='bbox 1237 3432 1544 3501; x_wconf 88' lang='lat' dir='ltr'><strong>viperarum</strong></span> <span class='ocrx_word' id='word_1_518' title='bbox 1591 3432 1809 3500; x_wconf 80' lang='lat' dir='ltr'><strong>(Matth.</strong></span> 
     </span>
    </p>
   </div>
   <div class='ocr_carea' id='block_1_64' title="bbox 240 3520 1812 3592">
    <p class='ocr_par' dir='ltr' id='par_1_64' title="bbox 240 3520 1812 3592">
     <span class='ocr_line' id='line_1_64' title="bbox 240 3520 1812 3592; baseline 0.001 -17"><span class='ocrx_word' id='word_1_519' title='bbox 240 3522 341 3592; x_wconf 94' lang='grc' dir='ltr'><strong>ιιι).</strong></span> <span class='ocrx_word' id='word_1_520' title='bbox 376 3541 394 3574; x_wconf 76' lang='grc' dir='ltr'><strong>ι</strong></span> <span class='ocrx_word' id='word_1_521' title='bbox 415 3523 490 3576; x_wconf 59' lang='grc' dir='ltr'><strong>Ἐι</strong></span> <span class='ocrx_word' id='word_1_522' title='bbox 516 3521 655 3576; x_wconf 89' lang='lat' dir='ltr'><strong>sicut</strong></span> <span class='ocrx_word' id='word_1_523' title='bbox 679 3520 823 3590; x_wconf 91' lang='lat' dir='ltr'><strong>aspis</strong></span> <span class='ocrx_word' id='word_1_524' title='bbox 853 3537 1011 3575; x_wconf 91' lang='lat' dir='ltr'><strong>unam</strong></span> <span class='ocrx_word' id='word_1_525' title='bbox 1039 3536 1224 3574; x_wconf 89' lang='lat' dir='ltr'><strong>aurem</strong></span> <span class='ocrx_word' id='word_1_526' title='bbox 1250 3521 1526 3576; x_wconf 63' lang='lat' dir='ltr'><strong>adhaerere</strong></span> <span class='ocrx_word' id='word_1_527' title='bbox 1556 3521 1683 3577; x_wconf 89' lang='lat' dir='ltr'><strong>facit</strong></span> <span class='ocrx_word' id='word_1_528' title='bbox 1708 3531 1812 3577; x_wconf 84' lang='lat' dir='ltr'><strong>ter-</strong></span> 
     </span>
    </p>
   </div>
   <div class='ocr_carea' id='block_1_65' title="bbox 241 3611 1812 3676">
    <p class='ocr_par' dir='ltr' id='par_1_65' title="bbox 241 3611 1812 3676">
     <span class='ocr_line' id='line_1_65' title="bbox 241 3611 1812 3676; baseline 0.001 -10"><span class='ocrx_word' id='word_1_529' title='bbox 241 3622 412 3676; x_wconf 51' lang='lat' dir='ltr'><strong>mag-ct</strong></span> <span class='ocrx_word' id='word_1_530' title='bbox 448 3613 670 3668; x_wconf 82' lang='lat' dir='ltr'><strong>alteram</strong></span> <span class='ocrx_word' id='word_1_531' title='bbox 717 3613 936 3667; x_wconf 86' lang='lat' dir='ltr'><strong>obturat</strong></span> <span class='ocrx_word' id='word_1_532' title='bbox 975 3611 1143 3666; x_wconf 89' lang='lat' dir='ltr'><strong>cauda</strong></span> <span class='ocrx_word' id='word_1_533' title='bbox 1186 3627 1256 3666; x_wconf 88' lang='lat' dir='ltr'><strong>ne</strong></span> <span class='ocrx_word' id='word_1_534' title='bbox 1281 3611 1623 3668; x_wconf 85' lang='lat' dir='ltr'><strong>incantetur:</strong></span> <span class='ocrx_word' id='word_1_535' title='bbox 1656 3613 1728 3667; x_wconf 89' lang='lat' dir='ltr'><strong>ita</strong></span> <span class='ocrx_word' id='word_1_536' title='bbox 1757 3623 1812 3668; x_wconf 90' lang='lat' dir='ltr'><strong>et</strong></span> 
     </span>
    </p>
   </div>
   <div class='ocr_carea' id='block_1_66' title="bbox 240 3701 1812 3759">
    <p class='ocr_par' dir='ltr' id='par_1_66' title="bbox 240 3701 1812 3759">
     <span class='ocr_line' id='line_1_66' title="bbox 240 3701 1812 3759; baseline 0.001 -2"><span class='ocrx_word' id='word_1_537' title='bbox 240 3704 314 3758; x_wconf 91' lang='lat' dir='ltr'><strong>illi</strong></span> <span class='ocrx_word' id='word_1_538' title='bbox 358 3703 588 3758; x_wconf 78' lang='lat' dir='ltr'><strong>terrenis</strong></span> <span class='ocrx_word' id='word_1_539' title='bbox 637 3701 797 3757; x_wconf 88' lang='lat' dir='ltr'><strong>rebus</strong></span> <span class='ocrx_word' id='word_1_540' title='bbox 822 3701 1164 3757; x_wconf 63' lang='lat' dir='ltr'><strong>adhaerentes</strong></span> <span class='ocrx_word' id='word_1_541' title='bbox 1209 3703 1601 3757; x_wconf 88' lang='lat' dir='ltr'><strong>obturaverunt</strong></span> <span class='ocrx_word' id='word_1_542' title='bbox 1653 3718 1812 3759; x_wconf 86' lang='lat' dir='ltr'><strong>aures</strong></span> 
     </span>
    </p>
   </div>
   <div class='ocr_carea' id='block_1_67' title="bbox 241 3794 1811 3868">
    <p class='ocr_par' dir='ltr' id='par_1_67' title="bbox 241 3794 1811 3868">
     <span class='ocr_line' id='line_1_67' title="bbox 241 3794 1811 3868; baseline 0.002 -18"><span class='ocrx_word' id='word_1_543' title='bbox 241 3796 456 3859; x_wconf 89' lang='lat' dir='ltr'><strong>mentis,</strong></span> <span class='ocrx_word' id='word_1_544' title='bbox 499 3811 567 3850; x_wconf 93' lang='lat' dir='ltr'><strong>ne</strong></span> <span class='ocrx_word' id='word_1_545' title='bbox 593 3794 792 3850; x_wconf 88' lang='lat' dir='ltr'><strong>Christi</strong></span> <span class='ocrx_word' id='word_1_546' title='bbox 817 3795 1250 3864; x_wconf 83' lang='lat' dir='ltr'><strong>praedicationem</strong></span> <span class='ocrx_word' id='word_1_547' title='bbox 1283 3796 1604 3865; x_wconf 88' lang='lat' dir='ltr'><strong>reciperent.</strong></span> <span class='ocrx_word' id='word_1_548' title='bbox 1637 3797 1811 3868; x_wconf 86' lang='lat' dir='ltr'><strong>Opera</strong></span> 
     </span>
    </p>
   </div>
   <div class='ocr_carea' id='block_1_68' title="bbox 240 3885 1813 3959">
    <p class='ocr_par' dir='ltr' id='par_1_68' title="bbox 240 3885 1813 3959">
     <span class='ocr_line' id='line_1_68' title="bbox 240 3885 1813 3959; baseline 0.003 -17"><span class='ocrx_word' id='word_1_549' title='bbox 240 3887 402 3942; x_wconf 90' lang='lat' dir='ltr'><strong>etiam</strong></span> <span class='ocrx_word' id='word_1_550' title='bbox 432 3885 641 3940; x_wconf 90' lang='lat' dir='ltr'><strong>illorum</strong></span> <span class='ocrx_word' id='word_1_551' title='bbox 666 3894 722 3941; x_wconf 90' lang='lat' dir='ltr'><strong>et</strong></span> <span class='ocrx_word' id='word_1_552' title='bbox 743 3886 966 3942; x_wconf 91' lang='lat' dir='ltr'><strong>consilia</strong></span> <span class='ocrx_word' id='word_1_553' title='bbox 1007 3885 1127 3942; x_wconf 89' lang='lat' dir='ltr'><strong>telis</strong></span> <span class='ocrx_word' id='word_1_554' title='bbox 1152 3895 1470 3943; x_wconf 85' lang='lat' dir='ltr'><strong>aranearum</strong></span> <span class='ocrx_word' id='word_1_555' title='bbox 1496 3903 1813 3959; x_wconf 87' lang='lat' dir='ltr'><strong>comparan-</strong></span> 
     </span>
    </p>
   </div>
   <div class='ocr_carea' id='block_1_69' title="bbox 243 3976 1813 4048">
    <p class='ocr_par' dir='ltr' id='par_1_69' title="bbox 243 3976 1813 4048">
     <span class='ocr_line' id='line_1_69' title="bbox 243 3976 1813 4048; baseline 0.003 -16"><span class='ocrx_word' id='word_1_556' title='bbox 243 3987 352 4041; x_wconf 88' lang='lat' dir='ltr'><strong>tur,</strong></span> <span class='ocrx_word' id='word_1_557' title='bbox 382 3978 505 4047; x_wconf 86' lang='lat' dir='ltr'><strong>quia</strong></span> <span class='ocrx_word' id='word_1_558' title='bbox 530 3978 669 4032; x_wconf 91' lang='lat' dir='ltr'><strong>sicut</strong></span> <span class='ocrx_word' id='word_1_559' title='bbox 696 3992 907 4032; x_wconf 73' lang='lat' dir='ltr'><strong>aranea:</strong></span> <span class='ocrx_word' id='word_1_560' title='bbox 932 3976 1175 4048; x_wconf 82' lang='lat' dir='ltr'><strong>fragilem</strong></span> <span class='ocrx_word' id='word_1_561' title='bbox 1197 3986 1387 4034; x_wconf 89' lang='lat' dir='ltr'><strong>texunt</strong></span> <span class='ocrx_word' id='word_1_562' title='bbox 1415 3980 1604 4046; x_wconf 88' lang='lat' dir='ltr'><strong>telam,</strong></span> <span class='ocrx_word' id='word_1_563' title='bbox 1631 3989 1813 4038; x_wconf 90' lang='lat' dir='ltr'><strong>etnon</strong></span> 
     </span>
    </p>
   </div>
   <div class='ocr_carea' id='block_1_70' title="bbox 242 4070 1814 4144">
    <p class='ocr_par' dir='ltr' id='par_1_70' title="bbox 242 4070 1814 4144">
     <span class='ocr_line' id='line_1_70' title="bbox 242 4070 1814 4144; baseline 0.004 -21"><span class='ocrx_word' id='word_1_564' title='bbox 242 4071 420 4124; x_wconf 88' lang='lat' dir='ltr'><strong>valent</strong></span> <span class='ocrx_word' id='word_1_565' title='bbox 450 4085 640 4140; x_wconf 88' lang='lat' dir='ltr'><strong>capere</strong></span> <span class='ocrx_word' id='word_1_566' title='bbox 679 4071 732 4124; x_wconf 89' lang='lat' dir='ltr'><strong>in</strong></span> <span class='ocrx_word' id='word_1_567' title='bbox 773 4084 836 4124; x_wconf 87' lang='lat' dir='ltr'><strong>ea</strong></span> <span class='ocrx_word' id='word_1_568' title='bbox 879 4070 982 4124; x_wconf 85' lang='lat' dir='ltr'><strong>nisi</strong></span> <span class='ocrx_word' id='word_1_569' title='bbox 1029 4085 1244 4124; x_wconf 88' lang='lat' dir='ltr'><strong>muscas</strong></span> <span class='ocrx_word' id='word_1_570' title='bbox 1295 4078 1351 4125; x_wconf 90' lang='lat' dir='ltr'><strong>et</strong></span> <span class='ocrx_word' id='word_1_571' title='bbox 1377 4071 1595 4138; x_wconf 91' lang='lat' dir='ltr'><strong>culices,</strong></span> <span class='ocrx_word' id='word_1_572' title='bbox 1641 4088 1814 4144; x_wconf 91' lang='lat' dir='ltr'><strong>neque</strong></span> 
     </span>
    </p>
   </div>
   <div class='ocr_carea' id='block_1_71' title="bbox 242 4160 1813 4234">
    <p class='ocr_par' dir='ltr' id='par_1_71' title="bbox 242 4160 1813 4234">
     <span class='ocr_line' id='line_1_71' title="bbox 242 4160 1813 4234; baseline 0.004 -21"><span class='ocrx_word' id='word_1_573' title='bbox 242 4161 401 4215; x_wconf 82' lang='lat' dir='ltr'><strong>ullius</strong></span> <span class='ocrx_word' id='word_1_574' title='bbox 434 4161 679 4215; x_wconf 89' lang='lat' dir='ltr'><strong>utilitatis</strong></span> <span class='ocrx_word' id='word_1_575' title='bbox 706 4167 831 4215; x_wconf 86' lang='lat' dir='ltr'><strong>sunt</strong></span> <span class='ocrx_word' id='word_1_576' title='bbox 861 4178 873 4213; x_wconf 92' lang='lat'><strong>:</strong></span> <span class='ocrx_word' id='word_1_577' title='bbox 905 4160 978 4214; x_wconf 93' lang='lat' dir='ltr'><strong>ita</strong></span> <span class='ocrx_word' id='word_1_578' title='bbox 1005 4168 1061 4215; x_wconf 91' lang='lat' dir='ltr'><strong>et</strong></span> <span class='ocrx_word' id='word_1_579' title='bbox 1082 4175 1274 4215; x_wconf 83' lang='lat' dir='ltr'><strong>eorum</strong></span> <span class='ocrx_word' id='word_1_580' title='bbox 1306 4161 1534 4217; x_wconf 91' lang='lat' dir='ltr'><strong>consilia</strong></span> <span class='ocrx_word' id='word_1_581' title='bbox 1560 4174 1614 4217; x_wconf 88' lang='lat' dir='ltr'><strong>et</strong></span> <span class='ocrx_word' id='word_1_582' title='bbox 1651 4179 1813 4234; x_wconf 89' lang='lat' dir='ltr'><strong>opera</strong></span> 
     </span>
    </p>
   </div>
   <div class='ocr_carea' id='block_1_72' title="bbox 241 4249 1812 4322">
    <p class='ocr_par' dir='ltr' id='par_1_72' title="bbox 241 4249 1812 4322">
     <span class='ocr_line' id='line_1_72' title="bbox 241 4249 1812 4322; baseline 0.004 -19"><span class='ocrx_word' id='word_1_583' title='bbox 241 4249 449 4320; x_wconf 77' lang='lat' dir='ltr'><strong>fragilia</strong></span> <span class='ocrx_word' id='word_1_584' title='bbox 484 4257 540 4303; x_wconf 88' lang='lat' dir='ltr'><strong>et</strong></span> <span class='ocrx_word' id='word_1_585' title='bbox 563 4249 769 4304; x_wconf 88' lang='lat' dir='ltr'><strong>inutilia</strong></span> <span class='ocrx_word' id='word_1_586' title='bbox 799 4249 1036 4315; x_wconf 89' lang='lat' dir='ltr'><strong>fuerunt,</strong></span> <span class='ocrx_word' id='word_1_587' title='bbox 1064 4265 1240 4320; x_wconf 88' lang='lat' dir='ltr'><strong>neque</strong></span> <span class='ocrx_word' id='word_1_588' title='bbox 1260 4249 1548 4306; x_wconf 89' lang='lat' dir='ltr'><strong>valuerunt</strong></span> <span class='ocrx_word' id='word_1_589' title='bbox 1577 4253 1812 4322; x_wconf 89' lang='lat' dir='ltr'><strong>aliquem</strong></span> 
     </span>
    </p>
   </div>
   <div class='ocr_carea' id='block_1_73' title="bbox 243 4340 1814 4412">
    <p class='ocr_par' dir='ltr' id='par_1_73' title="bbox 243 4340 1814 4412">
     <span class='ocr_line' id='line_1_73' title="bbox 243 4340 1814 4412; baseline 0.002 -15"><span class='ocrx_word' id='word_1_590' title='bbox 243 4355 437 4410; x_wconf 86' lang='lat' dir='ltr'><strong>capere</strong></span> <span class='ocrx_word' id='word_1_591' title='bbox 458 4351 511 4395; x_wconf 91' lang='lat' dir='ltr'><strong>et</strong></span> <span class='ocrx_word' id='word_1_592' title='bbox 549 4340 819 4410; x_wconf 88' lang='lat' dir='ltr'><strong>decipere,</strong></span> <span class='ocrx_word' id='word_1_593' title='bbox 849 4342 952 4397; x_wconf 91' lang='lat' dir='ltr'><strong>nisi</strong></span> <span class='ocrx_word' id='word_1_594' title='bbox 979 4341 1252 4412; x_wconf 81' lang='lat' dir='ltr'><strong>simplices</strong></span> <span class='ocrx_word' id='word_1_595' title='bbox 1279 4350 1334 4396; x_wconf 91' lang='lat' dir='ltr'><strong>et</strong></span> <span class='ocrx_word' id='word_1_596' title='bbox 1366 4343 1582 4399; x_wconf 90' lang='lat' dir='ltr'><strong>stultos.</strong></span> <span class='ocrx_word' id='word_1_597' title='bbox 1608 4343 1687 4398; x_wconf 86' lang='lat' dir='ltr'><strong>Ex</strong></span> <span class='ocrx_word' id='word_1_598' title='bbox 1712 4359 1814 4400; x_wconf 94' lang='lat' dir='ltr'><strong>ovo</strong></span> 
     </span>
    </p>
   </div>
   <div class='ocr_carea' id='block_1_74' title="bbox 239 4430 1815 4503">
    <p class='ocr_par' dir='ltr' id='par_1_74' title="bbox 239 4430 1815 4503">
     <span class='ocr_line' id='line_1_74' title="bbox 239 4430 1815 4503; baseline 0.001 -16"><span class='ocrx_word' id='word_1_599' title='bbox 239 4432 556 4503; x_wconf 84' lang='lat' dir='ltr'><strong>producitur</strong></span> <span class='ocrx_word' id='word_1_600' title='bbox 591 4430 754 4499; x_wconf 90' lang='lat' dir='ltr'><strong>fetus,</strong></span> <span class='ocrx_word' id='word_1_601' title='bbox 799 4441 856 4487; x_wconf 90' lang='lat' dir='ltr'><strong>et</strong></span> <span class='ocrx_word' id='word_1_602' title='bbox 895 4433 1016 4488; x_wconf 91' lang='lat' dir='ltr'><strong>ideo</strong></span> <span class='ocrx_word' id='word_1_603' title='bbox 1047 4447 1144 4502; x_wconf 90' lang='lat' dir='ltr'><strong>per</strong></span> <span class='ocrx_word' id='word_1_604' title='bbox 1180 4447 1278 4487; x_wconf 91' lang='lat' dir='ltr'><strong>ova</strong></span> <span class='ocrx_word' id='word_1_605' title='bbox 1317 4432 1574 4488; x_wconf 89' lang='lat' dir='ltr'><strong>debemus</strong></span> <span class='ocrx_word' id='word_1_606' title='bbox 1621 4432 1815 4488; x_wconf 84' lang='lat' dir='ltr'><strong>intelli-</strong></span> 
     </span>
    </p>
   </div>
   <div class='ocr_carea' id='block_1_75' title="bbox 244 4525 1812 4597">
    <p class='ocr_par' dir='ltr' id='par_1_75' title="bbox 244 4525 1812 4597">
     <span class='ocr_line' id='line_1_75' title="bbox 244 4525 1812 4597; baseline 0 -16"><span class='ocrx_word' id='word_1_607' title='bbox 244 4539 371 4597; x_wconf 84' lang='lat' dir='ltr'><strong>gere</strong></span> <span class='ocrx_word' id='word_1_608' title='bbox 393 4527 762 4581; x_wconf 70' lang='lat' dir='ltr'><strong>eorum&#39;corda</strong></span> <span class='ocrx_word' id='word_1_609' title='bbox 783 4534 836 4580; x_wconf 89' lang='lat' dir='ltr'><strong>et</strong></span> <span class='ocrx_word' id='word_1_610' title='bbox 862 4525 1106 4580; x_wconf 89' lang='lat' dir='ltr'><strong>consilia.</strong></span> <span class='ocrx_word' id='word_1_611' title='bbox 1131 4525 1242 4580; x_wconf 89' lang='lat' dir='ltr'><strong>Ova</strong></span> <span class='ocrx_word' id='word_1_612' title='bbox 1265 4526 1507 4595; x_wconf 82' lang='lat' dir='ltr'><strong>aspidum</strong></span> <span class='ocrx_word' id='word_1_613' title='bbox 1532 4535 1812 4593; x_wconf 90' lang='lat' dir='ltr'><strong>ruperunt,</strong></span> 
     </span>
    </p>
   </div>
   <div class='ocr_carea' id='block_1_76' title="bbox 241 4616 1816 4687">
    <p class='ocr_par' dir='ltr' id='par_1_76' title="bbox 241 4616 1816 4687">
     <span class='ocr_line' id='line_1_76' title="bbox 241 4616 1816 4687; baseline 0.001 -16"><span class='ocrx_word' id='word_1_614' title='bbox 241 4616 460 4687; x_wconf 81' lang='lat' dir='ltr'><strong>quando</strong></span> <span class='ocrx_word' id='word_1_615' title='bbox 489 4617 593 4671; x_wconf 92' lang='lat' dir='ltr'><strong>hoc</strong></span> <span class='ocrx_word' id='word_1_616' title='bbox 619 4617 759 4686; x_wconf 89' lang='lat' dir='ltr'><strong>quod</strong></span> <span class='ocrx_word' id='word_1_617' title='bbox 783 4617 836 4670; x_wconf 92' lang='lat' dir='ltr'><strong>in</strong></span> <span class='ocrx_word' id='word_1_618' title='bbox 863 4617 1024 4671; x_wconf 89' lang='lat' dir='ltr'><strong>corde</strong></span> <span class='ocrx_word' id='word_1_619' title='bbox 1053 4616 1395 4687; x_wconf 85' lang='lat' dir='ltr'><strong>blasphemiae</strong></span> <span class='ocrx_word' id='word_1_620' title='bbox 1421 4624 1476 4672; x_wconf 89' lang='lat' dir='ltr'><strong>et</strong></span> <span class='ocrx_word' id='word_1_621' title='bbox 1498 4617 1714 4672; x_wconf 66' lang='lat' dir='ltr'><strong>invidia:</strong></span> <span class='ocrx_word' id='word_1_622' title='bbox 1741 4627 1816 4673; x_wconf 91' lang='lat' dir='ltr'><strong>te-</strong></span> 
     </span>
    </p>
   </div>
   <div class='ocr_carea' id='block_1_77' title="bbox 245 4706 1814 4772">
    <p class='ocr_par' dir='ltr' id='par_1_77' title="bbox 245 4706 1814 4772">
     <span class='ocr_line' id='line_1_77' title="bbox 245 4706 1814 4772; baseline 0.001 -10"><span class='ocrx_word' id='word_1_623' title='bbox 245 4707 462 4772; x_wconf 81' lang='lat' dir='ltr'><strong>nebant,</strong></span> <span class='ocrx_word' id='word_1_624' title='bbox 487 4706 670 4761; x_wconf 87' lang='lat' dir='ltr'><strong>verbis</strong></span> <span class='ocrx_word' id='word_1_625' title='bbox 689 4707 1043 4762; x_wconf 89' lang='lat' dir='ltr'><strong>ostenderunt</strong></span> <span class='ocrx_word' id='word_1_626' title='bbox 1071 4708 1313 4763; x_wconf 88' lang='lat' dir='ltr'><strong>dicentes</strong></span> <span class='ocrx_word' id='word_1_627' title='bbox 1341 4725 1354 4762; x_wconf 87' lang='lat'><strong>:</strong></span> <span class='ocrx_word' id='word_1_628' title='bbox 1385 4709 1528 4763; x_wconf 82' lang='lat' dir='ltr'><strong>Reus</strong></span> <span class='ocrx_word' id='word_1_629' title='bbox 1558 4718 1640 4764; x_wconf 92' lang='lat' dir='ltr'><strong>est</strong></span> <span class='ocrx_word' id='word_1_630' title='bbox 1666 4725 1814 4764; x_wconf 88' lang='lat' dir='ltr'><strong>mor-</strong></span> 
     </span>
    </p>
   </div>
   <div class='ocr_carea' id='block_1_78' title="bbox 246 4793 1814 4867">
    <p class='ocr_par' dir='ltr' id='par_1_78' title="bbox 246 4793 1814 4867">
     <span class='ocr_line' id='line_1_78' title="bbox 246 4793 1814 4867; baseline 0.001 -14"><span class='ocrx_word' id='word_1_631' title='bbox 246 4797 344 4860; x_wconf 90' lang='lat' dir='ltr'><strong>tis,</strong></span> <span class='ocrx_word' id='word_1_632' title='bbox 384 4804 440 4851; x_wconf 89' lang='lat' dir='ltr'><strong>et</strong></span> <span class='ocrx_word' id='word_1_633' title='bbox 479 4795 732 4866; x_wconf 86' lang='lat' dir='ltr'><strong>crucifige</strong></span> <span class='ocrx_word' id='word_1_634' title='bbox 761 4793 919 4849; x_wconf 87' lang='lat' dir='ltr'><strong>talem</strong></span> <span class='ocrx_word' id='word_1_635' title='bbox 969 4795 1183 4866; x_wconf 81' lang='lat' dir='ltr'><strong>(Matth.</strong></span> <span class='ocrx_word' id='word_1_636' title='bbox 1223 4796 1414 4867; x_wconf 85' lang='lat' dir='ltr'><strong>xxvn).</strong></span> <span class='ocrx_word' id='word_1_637' title='bbox 1454 4796 1610 4852; x_wconf 87' lang='lat' dir='ltr'><strong>Telas</strong></span> <span class='ocrx_word' id='word_1_638' title='bbox 1652 4799 1814 4854; x_wconf 88' lang='lat' dir='ltr'><strong>etiam</strong></span> 
     </span>
    </p>
   </div>
   <div class='ocr_carea' id='block_1_79' title="bbox 245 4887 1812 4958">
    <p class='ocr_par' dir='ltr' id='par_1_79' title="bbox 245 4887 1812 4958">
     <span class='ocr_line' id='line_1_79' title="bbox 245 4887 1812 4958; baseline 0.002 -17"><span class='ocrx_word' id='word_1_639' title='bbox 245 4889 617 4958; x_wconf 86' lang='lat' dir='ltr'><strong>produxerunt</strong></span> <span class='ocrx_word' id='word_1_640' title='bbox 641 4894 696 4941; x_wconf 91' lang='lat' dir='ltr'><strong>et</strong></span> <span class='ocrx_word' id='word_1_641' title='bbox 725 4895 1031 4952; x_wconf 81' lang='lat' dir='ltr'><strong>texuerunt,</strong></span> <span class='ocrx_word' id='word_1_642' title='bbox 1065 4887 1179 4942; x_wconf 87' lang='lat' dir='ltr'><strong>sive</strong></span> <span class='ocrx_word' id='word_1_643' title='bbox 1204 4903 1365 4956; x_wconf 90' lang='lat' dir='ltr'><strong>opere</strong></span> <span class='ocrx_word' id='word_1_644' title='bbox 1391 4890 1812 4958; x_wconf 89' lang='lat' dir='ltr'><strong>compleverunt,</strong></span> 
     </span>
    </p>
   </div>
   <div class='ocr_carea' id='block_1_80' title="bbox 244 4976 1817 5048">
    <p class='ocr_par' dir='ltr' id='par_1_80' title="bbox 244 4976 1817 5048">
     <span class='ocr_line' id='line_1_80' title="bbox 244 4976 1817 5048; baseline 0.002 -17"><span class='ocrx_word' id='word_1_645' title='bbox 244 4977 460 5048; x_wconf 89' lang='lat' dir='ltr'><strong>quando</strong></span> <span class='ocrx_word' id='word_1_646' title='bbox 487 4977 587 5032; x_wconf 91' lang='lat' dir='ltr'><strong>hoc</strong></span> <span class='ocrx_word' id='word_1_647' title='bbox 601 4976 750 5045; x_wconf 84' lang='lat' dir='ltr'><strong>quod</strong></span> <span class='ocrx_word' id='word_1_648' title='bbox 780 4976 833 5030; x_wconf 89' lang='lat' dir='ltr'><strong>in</strong></span> <span class='ocrx_word' id='word_1_649' title='bbox 855 4977 1016 5031; x_wconf 89' lang='lat' dir='ltr'><strong>corde</strong></span> <span class='ocrx_word' id='word_1_650' title='bbox 1039 4977 1426 5046; x_wconf 86' lang='lat' dir='ltr'><strong>cogitaverunt,</strong></span> <span class='ocrx_word' id='word_1_651' title='bbox 1448 4978 1610 5032; x_wconf 89' lang='lat' dir='ltr'><strong>etiam</strong></span> <span class='ocrx_word' id='word_1_652' title='bbox 1637 4979 1817 5035; x_wconf 85' lang='lat' dir='ltr'><strong>verbis</strong></span> 
     </span>
    </p>
   </div>
   <div class='ocr_carea' id='block_1_81' title="bbox 244 5066 1809 5139">
    <p class='ocr_par' dir='ltr' id='par_1_81' title="bbox 244 5066 1809 5139">
     <span class='ocr_line' id='line_1_81' title="bbox 244 5066 1809 5139; baseline 0.001 -18"><span class='ocrx_word' id='word_1_653' title='bbox 244 5067 633 5137; x_wconf 82' lang='lat' dir='ltr'><strong>patefecerunt,</strong></span> <span class='ocrx_word' id='word_1_654' title='bbox 655 5080 817 5135; x_wconf 90' lang='lat' dir='ltr'><strong>opere</strong></span> <span class='ocrx_word' id='word_1_655' title='bbox 831 5066 1232 5135; x_wconf 88' lang='lat' dir='ltr'><strong>compleverunt</strong></span> <span class='ocrx_word' id='word_1_656' title='bbox 1251 5067 1627 5139; x_wconf 86' lang='lat' dir='ltr'><strong>crttcillgentes</strong></span> <span class='ocrx_word' id='word_1_657' title='bbox 1665 5084 1809 5124; x_wconf 92' lang='lat' dir='ltr'><strong>eum.</strong></span> 
     </span>
    </p>
   </div>
   <div class='ocr_carea' id='block_1_82' title="bbox 159 5154 1817 5226">
    <p class='ocr_par' dir='ltr' id='par_1_82' title="bbox 159 5154 1817 5226">
     <span class='ocr_line' id='line_1_82' title="bbox 159 5154 1817 5226; baseline 0 -14"><span class='ocrx_word' id='word_1_658' title='bbox 159 5198 183 5220; x_wconf 86' lang='lat'><em>.</em></span> <span class='ocrx_word' id='word_1_659' title='bbox 247 5158 356 5213; x_wconf 85' lang='lat' dir='ltr'><strong>Sed</strong></span> <span class='ocrx_word' id='word_1_660' title='bbox 377 5157 504 5225; x_wconf 90' lang='lat' dir='ltr'><strong>quid</strong></span> <span class='ocrx_word' id='word_1_661' title='bbox 533 5156 734 5211; x_wconf 86' lang='lat' dir='ltr'><strong>factum</strong></span> <span class='ocrx_word' id='word_1_662' title='bbox 761 5157 875 5212; x_wconf 86' lang='lat' dir='ltr'><strong>est?</strong></span> <span class='ocrx_word' id='word_1_663' title='bbox 904 5154 1094 5211; x_wconf 86' lang='lat' dir='ltr'><strong>Omnia</strong></span> <span class='ocrx_word' id='word_1_664' title='bbox 1117 5171 1302 5212; x_wconf 91' lang='lat' dir='ltr'><strong>eorum</strong></span> <span class='ocrx_word' id='word_1_665' title='bbox 1328 5172 1512 5226; x_wconf 89' lang='lat' dir='ltr'><strong>opera,</strong></span> <span class='ocrx_word' id='word_1_666' title='bbox 1544 5173 1736 5213; x_wconf 90' lang='lat' dir='ltr'><strong>eorum</strong></span> <span class='ocrx_word' id='word_1_667' title='bbox 1759 5167 1817 5214; x_wconf 90' lang='lat' dir='ltr'><strong>et</strong></span> 
     </span>
    </p>
   </div>
   <div class='ocr_carea' id='block_1_83' title="bbox 246 5246 1813 5316">
    <p class='ocr_par' dir='ltr' id='par_1_83' title="bbox 246 5246 1813 5316">
     <span class='ocr_line' id='line_1_83' title="bbox 246 5246 1813 5316; baseline 0.001 -13"><span class='ocrx_word' id='word_1_668' title='bbox 246 5247 471 5303; x_wconf 87' lang='lat' dir='ltr'><strong>consilia</strong></span> <span class='ocrx_word' id='word_1_669' title='bbox 507 5248 584 5302; x_wconf 93' lang='lat' dir='ltr'><strong>sic</strong></span> <span class='ocrx_word' id='word_1_670' title='bbox 613 5246 955 5316; x_wconf 88' lang='lat' dir='ltr'><strong>pertransivit</strong></span> <span class='ocrx_word' id='word_1_671' title='bbox 1001 5247 1154 5316; x_wconf 88' lang='lat' dir='ltr'><strong>quasi</strong></span> <span class='ocrx_word' id='word_1_672' title='bbox 1186 5262 1369 5302; x_wconf 89' lang='lat' dir='ltr'><strong>aerem</strong></span> <span class='ocrx_word' id='word_1_673' title='bbox 1407 5263 1654 5315; x_wconf 90' lang='lat' dir='ltr'><strong>vacuum,</strong></span> <span class='ocrx_word' id='word_1_674' title='bbox 1687 5249 1813 5305; x_wconf 90' lang='lat' dir='ltr'><strong>dum</strong></span> 
     </span>
    </p>
   </div>
   <div class='ocr_carea' id='block_1_84' title="bbox 248 5337 1815 5404">
    <p class='ocr_par' dir='ltr' id='par_1_84' title="bbox 248 5337 1815 5404">
     <span class='ocr_line' id='line_1_84' title="bbox 248 5337 1815 5404; baseline 0.002 -10"><span class='ocrx_word' id='word_1_675' title='bbox 248 5337 547 5394; x_wconf 80' lang='lat' dir='ltr'><strong>resurrexit</strong></span> <span class='ocrx_word' id='word_1_676' title='bbox 596 5352 626 5390; x_wconf 93' lang='lat' dir='ltr'><strong>a</strong></span> <span class='ocrx_word' id='word_1_677' title='bbox 691 5338 936 5393; x_wconf 90' lang='lat' dir='ltr'><strong>mortuis.</strong></span> <span class='ocrx_word' id='word_1_678' title='bbox 1001 5357 1019 5390; x_wconf 76' lang='grc' dir='ltr'><strong>ι</strong></span> <span class='ocrx_word' id='word_1_679' title='bbox 1082 5337 1182 5404; x_wconf 82' lang='lat' dir='ltr'><strong>Qui</strong></span> <span class='ocrx_word' id='word_1_680' title='bbox 1237 5339 1534 5395; x_wconf 90' lang='lat' dir='ltr'><strong>comederit</strong></span> <span class='ocrx_word' id='word_1_681' title='bbox 1576 5342 1644 5396; x_wconf 90' lang='lat' dir='ltr'><strong>de</strong></span> <span class='ocrx_word' id='word_1_682' title='bbox 1697 5341 1815 5397; x_wconf 87' lang='lat' dir='ltr'><strong>ovis</strong></span> 
     </span>
    </p>
   </div>
   <div class='ocr_carea' id='block_1_85' title="bbox 243 5425 1817 5496">
    <p class='ocr_par' dir='ltr' id='par_1_85' title="bbox 243 5425 1817 5496">
     <span class='ocr_line' id='line_1_85' title="bbox 243 5425 1817 5496; baseline 0.003 -15"><span class='ocrx_word' id='word_1_683' title='bbox 243 5441 458 5489; x_wconf 84' lang='lat' dir='ltr'><strong>eorum,</strong></span> <span class='ocrx_word' id='word_1_684' title='bbox 493 5444 512 5478; x_wconf 71' lang='grc' dir='ltr'><strong>ο</strong></span> <span class='ocrx_word' id='word_1_685' title='bbox 545 5425 598 5479; x_wconf 92' lang='lat' dir='ltr'><strong>id</strong></span> <span class='ocrx_word' id='word_1_686' title='bbox 625 5433 726 5489; x_wconf 88' lang='lat' dir='ltr'><strong>est,</strong></span> <span class='ocrx_word' id='word_1_687' title='bbox 761 5425 825 5480; x_wconf 91' lang='lat' dir='ltr'><strong>de</strong></span> <span class='ocrx_word' id='word_1_688' title='bbox 850 5427 966 5480; x_wconf 87' lang='lat' dir='ltr'><strong>ovis</strong></span> <span class='ocrx_word' id='word_1_689' title='bbox 1003 5428 1244 5496; x_wconf 90' lang='lat' dir='ltr'><strong>aspidum</strong></span> <span class='ocrx_word' id='word_1_690' title='bbox 1282 5446 1300 5479; x_wconf 74' lang='grc' dir='ltr'><strong>ι</strong></span> <span class='ocrx_word' id='word_1_691' title='bbox 1348 5429 1626 5494; x_wconf 87' lang='lat' dir='ltr'><strong>morietur,</strong></span> <span class='ocrx_word' id='word_1_692' title='bbox 1664 5449 1682 5482; x_wconf 87' lang='grc'><strong>›</strong></span> <span class='ocrx_word' id='word_1_693' title='bbox 1715 5431 1817 5486; x_wconf 91' lang='lat' dir='ltr'><strong>hoc</strong></span> 
     </span>
    </p>
   </div>
   <div class='ocr_carea' id='block_1_86' title="bbox 249 5515 1818 5592">
    <p class='ocr_par' dir='ltr' id='par_1_86' title="bbox 249 5515 1818 5592">
     <span class='ocr_line' id='line_1_86' title="bbox 249 5515 1818 5592; baseline 0.003 -18"><span class='ocrx_word' id='word_1_694' title='bbox 249 5526 353 5583; x_wconf 85' lang='lat' dir='ltr'><strong>est,</strong></span> <span class='ocrx_word' id='word_1_695' title='bbox 395 5517 486 5588; x_wconf 91' lang='lat' dir='ltr'><strong>qui</strong></span> <span class='ocrx_word' id='word_1_696' title='bbox 515 5515 818 5572; x_wconf 85' lang='lat' dir='ltr'><strong>Judaeorum</strong></span> <span class='ocrx_word' id='word_1_697' title='bbox 868 5519 1108 5573; x_wconf 87' lang='lat' dir='ltr'><strong>consiliis</strong></span> <span class='ocrx_word' id='word_1_698' title='bbox 1155 5521 1515 5590; x_wconf 72' lang='lat' dir='ltr'><strong>acquieirerit,</strong></span> <span class='ocrx_word' id='word_1_699' title='bbox 1549 5522 1818 5592; x_wconf 90' lang='lat' dir='ltr'><strong>quomodo</strong></span> 
     </span>
    </p>
   </div>
   <div class='ocr_carea' id='block_1_87' title="bbox 247 5605 1816 5682">
    <p class='ocr_par' dir='ltr' id='par_1_87' title="bbox 247 5605 1816 5682">
     <span class='ocr_line' id='line_1_87' title="bbox 247 5605 1816 5682; baseline 0.003 -21"><span class='ocrx_word' id='word_1_700' title='bbox 247 5606 382 5662; x_wconf 72' lang='lat' dir='ltr'><strong>Abel</strong></span> <span class='ocrx_word' id='word_1_701' title='bbox 407 5607 675 5676; x_wconf 88' lang='lat' dir='ltr'><strong>acquievit</strong></span> <span class='ocrx_word' id='word_1_702' title='bbox 698 5605 828 5662; x_wconf 82' lang='lat' dir='ltr'><strong>Cain</strong></span> <span class='ocrx_word' id='word_1_703' title='bbox 853 5607 1070 5673; x_wconf 87' lang='lat' dir='ltr'><strong>dicenti,</strong></span> <span class='ocrx_word' id='word_1_704' title='bbox 1095 5609 1448 5678; x_wconf 86' lang='lat' dir='ltr'><strong>Egrediamur</strong></span> <span class='ocrx_word' id='word_1_705' title='bbox 1473 5611 1525 5664; x_wconf 90' lang='lat' dir='ltr'><strong>in</strong></span> <span class='ocrx_word' id='word_1_706' title='bbox 1548 5627 1816 5682; x_wconf 88' lang='lat' dir='ltr'><strong>campum,</strong></span> 
     </span>
    </p>
   </div>
   <div class='ocr_carea' id='block_1_88' title="bbox 253 5695 1822 5771">
    <p class='ocr_par' dir='ltr' id='par_1_88' title="bbox 253 5695 1822 5771">
     <span class='ocr_line' id='line_1_88' title="bbox 253 5695 1822 5771; baseline 0.003 -18"><span class='ocrx_word' id='word_1_707' title='bbox 253 5697 609 5754; x_wconf 83' lang='lat' dir='ltr'><strong>intenficietur</strong></span> <span class='ocrx_word' id='word_1_708' title='bbox 633 5699 700 5754; x_wconf 88' lang='lat' dir='ltr'><strong>ab</strong></span> <span class='ocrx_word' id='word_1_709' title='bbox 728 5698 807 5752; x_wconf 87' lang='lat' dir='ltr'><strong>cis</strong></span> <span class='ocrx_word' id='word_1_710' title='bbox 834 5695 984 5768; x_wconf 85' lang='lat' dir='ltr'><strong>(Gen.</strong></span> <span class='ocrx_word' id='word_1_711' title='bbox 1018 5699 1115 5771; x_wconf 86' lang='lat' dir='ltr'><strong>tv).</strong></span> <span class='ocrx_word' id='word_1_712' title='bbox 1151 5699 1350 5769; x_wconf 83' lang='lat' dir='ltr'><strong>Velqui</strong></span> <span class='ocrx_word' id='word_1_713' title='bbox 1377 5716 1435 5756; x_wconf 89' lang='lat' dir='ltr'><strong>se</strong></span> <span class='ocrx_word' id='word_1_714' title='bbox 1465 5703 1822 5758; x_wconf 88' lang='lat' dir='ltr'><strong>commiscue-</strong></span> 
     </span>
    </p>
   </div>
   <div class='ocr_carea' id='block_1_89' title="bbox 254 5789 1821 5861">
    <p class='ocr_par' dir='ltr' id='par_1_89' title="bbox 254 5789 1821 5861">
     <span class='ocr_line' id='line_1_89' title="bbox 254 5789 1821 5861; baseline 0.004 -18"><span class='ocrx_word' id='word_1_715' title='bbox 254 5792 321 5846; x_wconf 87' lang='lat' dir='ltr'><strong>rit</strong></span> <span class='ocrx_word' id='word_1_716' title='bbox 392 5804 579 5846; x_wconf 76' lang='lat' dir='ltr'><strong>eorum</strong></span> <span class='ocrx_word' id='word_1_717' title='bbox 655 5789 892 5844; x_wconf 88' lang='lat' dir='ltr'><strong>consiliis</strong></span> <span class='ocrx_word' id='word_1_718' title='bbox 957 5790 1128 5860; x_wconf 89' lang='lat' dir='ltr'><strong>plenis</strong></span> <span class='ocrx_word' id='word_1_719' title='bbox 1201 5807 1432 5861; x_wconf 84' lang='lat' dir='ltr'><strong>veneno,</strong></span> <span class='ocrx_word' id='word_1_720' title='bbox 1503 5802 1555 5849; x_wconf 90' lang='lat' dir='ltr'><strong>et</strong></span> <span class='ocrx_word' id='word_1_721' title='bbox 1634 5809 1821 5850; x_wconf 86' lang='lat' dir='ltr'><strong>eorum</strong></span> 
     </span>
    </p>
   </div>
   <div class='ocr_carea' id='block_1_90' title="bbox 1915 3327 3492 3407">
    <p class='ocr_par' dir='ltr' id='par_1_90' title="bbox 1915 3327 3492 3407">
     <span class='ocr_line' id='line_1_90' title="bbox 1915 3327 3492 3407; baseline 0.015 -24"><span class='ocrx_word' id='word_1_722' title='bbox 1915 3327 2080 3384; x_wconf 90' lang='lat' dir='ltr'><strong>tium:</strong></span> <span class='ocrx_word' id='word_1_723' title='bbox 2103 3351 2120 3382; x_wconf 75' lang='grc' dir='ltr'><strong>ι</strong></span> <span class='ocrx_word' id='word_1_724' title='bbox 2147 3331 2357 3398; x_wconf 79' lang='lat' dir='ltr'><strong>Venite,</strong></span> <span class='ocrx_word' id='word_1_725' title='bbox 2374 3335 2705 3404; x_wconf 80' lang='lat' dir='ltr'><strong>decipiemus</strong></span> <span class='ocrx_word' id='word_1_726' title='bbox 2721 3339 2948 3407; x_wconf 87' lang='lat' dir='ltr'><strong>justum,</strong></span> <span class='ocrx_word' id='word_1_727' title='bbox 2977 3362 2995 3394; x_wconf 77' lang='grc' dir='ltr'><strong>ι</strong></span> <span class='ocrx_word' id='word_1_728' title='bbox 3021 3353 3078 3399; x_wconf 89' lang='grc' dir='ltr'><strong>ει</strong></span> <span class='ocrx_word' id='word_1_729' title='bbox 3099 3354 3314 3403; x_wconf 82' lang='lat' dir='ltr'><strong>caetera.</strong></span> <span class='ocrx_word' id='word_1_730' title='bbox 3346 3367 3364 3399; x_wconf 80' lang='grc' dir='ltr'><strong>ι</strong></span> <span class='ocrx_word' id='word_1_731' title='bbox 3387 3350 3492 3405; x_wconf 83' lang='lat' dir='ltr'><strong>Va-</strong></span> 
     </span>
    </p>
   </div>
   <div class='ocr_carea' id='block_1_91' title="bbox 1913 3419 3492 3500">
    <p class='ocr_par' dir='ltr' id='par_1_91' title="bbox 1913 3419 3492 3500">
     <span class='ocr_line' id='line_1_91' title="bbox 1913 3419 3492 3500; baseline 0.013 -25"><span class='ocrx_word' id='word_1_732' title='bbox 1913 3419 2071 3476; x_wconf 86' lang='lat' dir='ltr'><strong>stitas</strong></span> <span class='ocrx_word' id='word_1_733' title='bbox 2111 3430 2166 3476; x_wconf 91' lang='lat' dir='ltr'><strong>et</strong></span> <span class='ocrx_word' id='word_1_734' title='bbox 2218 3424 2470 3480; x_wconf 88' lang='lat' dir='ltr'><strong>contritio</strong></span> <span class='ocrx_word' id='word_1_735' title='bbox 2515 3427 2568 3480; x_wconf 92' lang='lat' dir='ltr'><strong>in</strong></span> <span class='ocrx_word' id='word_1_736' title='bbox 2619 3428 2740 3494; x_wconf 84' lang='lat' dir='ltr'><strong>viis,</strong></span> <span class='ocrx_word' id='word_1_737' title='bbox 2797 3446 2816 3482; x_wconf 70' lang='grc'><strong>»</strong></span> <span class='ocrx_word' id='word_1_738' title='bbox 2860 3432 2912 3485; x_wconf 88' lang='lat' dir='ltr'><strong>id</strong></span> <span class='ocrx_word' id='word_1_739' title='bbox 2955 3443 3059 3500; x_wconf 92' lang='lat' dir='ltr'><strong>est,</strong></span> <span class='ocrx_word' id='word_1_740' title='bbox 3091 3437 3144 3490; x_wconf 92' lang='lat' dir='ltr'><strong>in</strong></span> <span class='ocrx_word' id='word_1_741' title='bbox 3189 3438 3492 3496; x_wconf 87' lang='lat' dir='ltr'><strong>actionibus</strong></span> 
     </span>
    </p>
   </div>
   <div class='ocr_carea' id='block_1_92' title="bbox 1919 3516 3491 3588">
    <p class='ocr_par' dir='ltr' id='par_1_92' title="bbox 1919 3516 3491 3588">
     <span class='ocr_line' id='line_1_92' title="bbox 1919 3516 3491 3588; baseline 0.015 -25"><span class='ocrx_word' id='word_1_742' title='bbox 1919 3531 1936 3563; x_wconf 75' lang='grc' dir='ltr'><strong>ε</strong></span> <span class='ocrx_word' id='word_1_743' title='bbox 1973 3526 2182 3579; x_wconf 91' lang='lat' dir='ltr'><strong>eorum,</strong></span> <span class='ocrx_word' id='word_1_744' title='bbox 2218 3533 2236 3566; x_wconf 73' lang='grc' dir='ltr'><strong>ι</strong></span> <span class='ocrx_word' id='word_1_745' title='bbox 2271 3516 2397 3584; x_wconf 90' lang='lat' dir='ltr'><strong>quia</strong></span> <span class='ocrx_word' id='word_1_746' title='bbox 2425 3518 2619 3572; x_wconf 88' lang='lat' dir='ltr'><strong>vastati</strong></span> <span class='ocrx_word' id='word_1_747' title='bbox 2655 3527 2708 3574; x_wconf 93' lang='lat' dir='ltr'><strong>et</strong></span> <span class='ocrx_word' id='word_1_748' title='bbox 2739 3523 2954 3578; x_wconf 89' lang='lat' dir='ltr'><strong>contriti</strong></span> <span class='ocrx_word' id='word_1_749' title='bbox 2985 3535 3111 3581; x_wconf 90' lang='lat' dir='ltr'><strong>sunt</strong></span> <span class='ocrx_word' id='word_1_750' title='bbox 3135 3528 3203 3584; x_wconf 87' lang='lat' dir='ltr'><strong>ab</strong></span> <span class='ocrx_word' id='word_1_751' title='bbox 3245 3529 3491 3588; x_wconf 83' lang='lat' dir='ltr'><strong>hostibus</strong></span> 
     </span>
    </p>
   </div>
   <div class='ocr_carea' id='block_1_93' title="bbox 1913 3604 2750 3665">
    <p class='ocr_par' dir='ltr' id='par_1_93' title="bbox 1913 3604 2750 3665">
     <span class='ocr_line' id='line_1_93' title="bbox 1913 3604 2750 3665; baseline 0.011 -10"><span class='ocrx_word' id='word_1_752' title='bbox 1913 3610 1966 3656; x_wconf 91' lang='lat' dir='ltr'><strong>et</strong></span> <span class='ocrx_word' id='word_1_753' title='bbox 1988 3604 2144 3658; x_wconf 91' lang='lat' dir='ltr'><strong>modo</strong></span> <span class='ocrx_word' id='word_1_754' title='bbox 2165 3614 2446 3661; x_wconf 88' lang='lat' dir='ltr'><strong>vastantur</strong></span> <span class='ocrx_word' id='word_1_755' title='bbox 2463 3624 2492 3661; x_wconf 92' lang='lat' dir='ltr'><strong>a</strong></span> <span class='ocrx_word' id='word_1_756' title='bbox 2517 3607 2750 3665; x_wconf 85' lang='lat' dir='ltr'><strong>diabolo.</strong></span> 
     </span>
    </p>
   </div>
   <div class='ocr_carea' id='block_1_94' title="bbox 1991 3691 3489 3778">
    <p class='ocr_par' dir='ltr' id='par_1_94' title="bbox 1991 3691 3489 3778">
     <span class='ocr_line' id='line_1_94' title="bbox 1991 3691 3489 3778; baseline 0.017 -35"><span class='ocrx_word' id='word_1_757' title='bbox 1991 3710 2010 3743; x_wconf 75' lang='grc' dir='ltr'><strong>ι</strong></span> <span class='ocrx_word' id='word_1_758' title='bbox 2055 3691 2203 3747; x_wconf 85' lang='lat' dir='ltr'><strong>Viam</strong></span> <span class='ocrx_word' id='word_1_759' title='bbox 2227 3695 2401 3764; x_wconf 88' lang='lat' dir='ltr'><strong>pacis,</strong></span> <span class='ocrx_word' id='word_1_760' title='bbox 2441 3715 2462 3748; x_wconf 85' lang='grc'><strong>›</strong></span> <span class='ocrx_word' id='word_1_761' title='bbox 2504 3697 2606 3752; x_wconf 90' lang='lat' dir='ltr'><strong>hoc</strong></span> <span class='ocrx_word' id='word_1_762' title='bbox 2630 3707 2713 3754; x_wconf 90' lang='lat' dir='ltr'><strong>est</strong></span> <span class='ocrx_word' id='word_1_763' title='bbox 2743 3700 3039 3770; x_wconf 85' lang='lat' dir='ltr'><strong>Christum,</strong></span> <span class='ocrx_word' id='word_1_764' title='bbox 3063 3707 3154 3776; x_wconf 91' lang='lat' dir='ltr'><strong>qui</strong></span> <span class='ocrx_word' id='word_1_765' title='bbox 3185 3724 3373 3778; x_wconf 88' lang='lat' dir='ltr'><strong>pacem</strong></span> <span class='ocrx_word' id='word_1_766' title='bbox 3405 3721 3489 3768; x_wconf 86' lang='lat' dir='ltr'><strong>at-</strong></span> 
     </span>
    </p>
   </div>
   <div class='ocr_carea' id='block_1_95' title="bbox 1914 3783 3485 3857">
    <p class='ocr_par' dir='ltr' id='par_1_95' title="bbox 1914 3783 3485 3857">
     <span class='ocr_line' id='line_1_95' title="bbox 1914 3783 3485 3857; baseline 0.013 -21"><span class='ocrx_word' id='word_1_767' title='bbox 1914 3783 2033 3837; x_wconf 83' lang='lat' dir='ltr'><strong>tulit</strong></span> <span class='ocrx_word' id='word_1_768' title='bbox 2061 3784 2258 3839; x_wconf 90' lang='lat' dir='ltr'><strong>mundo</strong></span> <span class='ocrx_word' id='word_1_769' title='bbox 2287 3804 2305 3836; x_wconf 84' lang='grc'><strong><em>‹</em></strong></span> <span class='ocrx_word' id='word_1_770' title='bbox 2339 3787 2648 3842; x_wconf 87' lang='lat' dir='ltr'><strong>nescierunt</strong></span> <span class='ocrx_word' id='word_1_771' title='bbox 2677 3809 2695 3842; x_wconf 77' lang='grc' dir='ltr'><strong>ι</strong></span> <span class='ocrx_word' id='word_1_772' title='bbox 2725 3791 2992 3848; x_wconf 89' lang='lat' dir='ltr'><strong>credendo</strong></span> <span class='ocrx_word' id='word_1_773' title='bbox 3014 3794 3067 3849; x_wconf 91' lang='lat' dir='ltr'><strong>iu</strong></span> <span class='ocrx_word' id='word_1_774' title='bbox 3089 3811 3212 3851; x_wconf 91' lang='lat' dir='ltr'><strong>eum</strong></span> <span class='ocrx_word' id='word_1_775' title='bbox 3251 3817 3270 3848; x_wconf 73' lang='grc' dir='ltr'><strong>ε</strong></span> <span class='ocrx_word' id='word_1_776' title='bbox 3303 3811 3357 3855; x_wconf 85' lang='grc' dir='ltr'><strong>ει</strong></span> <span class='ocrx_word' id='word_1_777' title='bbox 3380 3818 3485 3857; x_wconf 89' lang='lat' dir='ltr'><strong>non</strong></span> 
     </span>
    </p>
   </div>
   <div class='ocr_carea' id='block_1_96' title="bbox 1915 3873 3483 3950">
    <p class='ocr_par' dir='ltr' id='par_1_96' title="bbox 1915 3873 3483 3950">
     <span class='ocr_line' id='line_1_96' title="bbox 1915 3873 3483 3950; baseline 0.013 -21"><span class='ocrx_word' id='word_1_778' title='bbox 1915 3884 1997 3929; x_wconf 88' lang='lat' dir='ltr'><strong>est</strong></span> <span class='ocrx_word' id='word_1_779' title='bbox 2019 3873 2280 3944; x_wconf 90' lang='lat' dir='ltr'><strong>judicium</strong></span> <span class='ocrx_word' id='word_1_780' title='bbox 2304 3917 2318 3941; x_wconf 96' lang='lat'><strong>,</strong></span> <span class='ocrx_word' id='word_1_781' title='bbox 2367 3897 2385 3929; x_wconf 79' lang='grc' dir='ltr'><strong>ι</strong></span> <span class='ocrx_word' id='word_1_782' title='bbox 2417 3881 2695 3948; x_wconf 87' lang='lat' dir='ltr'><strong>subaudis,</strong></span> <span class='ocrx_word' id='word_1_783' title='bbox 2739 3884 3080 3942; x_wconf 88' lang='lat' dir='ltr'><strong>discretionis</strong></span> <span class='ocrx_word' id='word_1_784' title='bbox 3112 3889 3253 3945; x_wconf 89' lang='lat' dir='ltr'><strong>inter</strong></span> <span class='ocrx_word' id='word_1_785' title='bbox 3283 3893 3483 3950; x_wconf 87' lang='lat' dir='ltr'><strong>bonum</strong></span> 
     </span>
    </p>
   </div>
   <div class='ocr_carea' id='block_1_97' title="bbox 1915 3962 3486 4054">
    <p class='ocr_par' dir='ltr' id='par_1_97' title="bbox 1915 3962 3486 4054">
     <span class='ocr_line' id='line_1_97' title="bbox 1915 3962 3486 4054; baseline 0.013 -34"><span class='ocrx_word' id='word_1_786' title='bbox 1915 3975 1970 4021; x_wconf 90' lang='lat' dir='ltr'><strong>et</strong></span> <span class='ocrx_word' id='word_1_787' title='bbox 2000 3966 2222 4032; x_wconf 88' lang='lat' dir='ltr'><strong>malum,</strong></span> <span class='ocrx_word' id='word_1_788' title='bbox 2247 3962 2330 4024; x_wconf 90' lang='lat' dir='ltr'><strong>vel</strong></span> <span class='ocrx_word' id='word_1_789' title='bbox 2355 3970 2518 4025; x_wconf 86' lang='lat' dir='ltr'><strong>etiam</strong></span> <span class='ocrx_word' id='word_1_790' title='bbox 2549 3987 2654 4026; x_wconf 90' lang='lat' dir='ltr'><strong>non</strong></span> <span class='ocrx_word' id='word_1_791' title='bbox 2679 3980 2763 4028; x_wconf 92' lang='lat' dir='ltr'><strong>est</strong></span> <span class='ocrx_word' id='word_1_792' title='bbox 2784 3974 3050 4054; x_wconf 73' lang='lat' dir='ltr'><strong>rectitude</strong></span> <span class='ocrx_word' id='word_1_793' title='bbox 3081 3997 3099 4029; x_wconf 83' lang='grc'><strong>‹</strong></span> <span class='ocrx_word' id='word_1_794' title='bbox 3131 3978 3184 4033; x_wconf 91' lang='lat' dir='ltr'><strong>in</strong></span> <span class='ocrx_word' id='word_1_795' title='bbox 3208 3984 3486 4051; x_wconf 76' lang='lat' dir='ltr'><strong>gressibus</strong></span> 
     </span>
    </p>
   </div>
   <div class='ocr_carea' id='block_1_98' title="bbox 1915 4057 3493 4134">
    <p class='ocr_par' dir='ltr' id='par_1_98' title="bbox 1915 4057 3493 4134">
     <span class='ocr_line' id='line_1_98' title="bbox 1915 4057 3493 4134; baseline 0.009 -20"><span class='ocrx_word' id='word_1_796' title='bbox 1915 4073 2122 4114; x_wconf 84' lang='lat' dir='ltr'><strong>eorum.</strong></span> <span class='ocrx_word' id='word_1_797' title='bbox 2179 4057 2397 4114; x_wconf 71' lang='lat' dir='ltr'><strong>Semita:</strong></span> <span class='ocrx_word' id='word_1_798' title='bbox 2443 4075 2631 4116; x_wconf 90' lang='lat' dir='ltr'><strong>eorum</strong></span> <span class='ocrx_word' id='word_1_799' title='bbox 2671 4063 2963 4121; x_wconf 68' lang='lat' dir='ltr'><strong>incurvata:</strong></span> <span class='ocrx_word' id='word_1_800' title='bbox 2988 4076 3112 4122; x_wconf 90' lang='lat' dir='ltr'><strong>sunt</strong></span> <span class='ocrx_word' id='word_1_801' title='bbox 3151 4069 3262 4134; x_wconf 88' lang='lat' dir='ltr'><strong>eis,</strong></span> <span class='ocrx_word' id='word_1_802' title='bbox 3317 4075 3493 4128; x_wconf 91' lang='lat' dir='ltr'><strong>omnis</strong></span> 
     </span>
    </p>
   </div>
   <div class='ocr_carea' id='block_1_99' title="bbox 1916 4150 3491 4229">
    <p class='ocr_par' dir='ltr' id='par_1_99' title="bbox 1916 4150 3491 4229">
     <span class='ocr_line' id='line_1_99' title="bbox 1916 4150 3491 4229; baseline 0.01 -26"><span class='ocrx_word' id='word_1_803' title='bbox 1916 4150 2008 4220; x_wconf 88' lang='lat' dir='ltr'><strong>qui</strong></span> <span class='ocrx_word' id='word_1_804' title='bbox 2041 4150 2214 4205; x_wconf 87' lang='lat' dir='ltr'><strong>calcat</strong></span> <span class='ocrx_word' id='word_1_805' title='bbox 2249 4150 2303 4206; x_wconf 90' lang='lat' dir='ltr'><strong>in</strong></span> <span class='ocrx_word' id='word_1_806' title='bbox 2333 4166 2418 4218; x_wconf 90' lang='lat' dir='ltr'><strong>ea,</strong></span> <span class='ocrx_word' id='word_1_807' title='bbox 2465 4152 2677 4224; x_wconf 78' lang='lat' dir='ltr'><strong>ignorat</strong></span> <span class='ocrx_word' id='word_1_808' title='bbox 2722 4170 2932 4225; x_wconf 87' lang='lat' dir='ltr'><strong>pacem.</strong></span> <span class='ocrx_word' id='word_1_809' title='bbox 2968 4177 2987 4210; x_wconf 71' lang='grc' dir='ltr'><strong>ι</strong></span> <span class='ocrx_word' id='word_1_810' title='bbox 3029 4157 3266 4226; x_wconf 70' lang='lat' dir='ltr'><strong>Semitas,</strong></span> <span class='ocrx_word' id='word_1_811' title='bbox 3310 4161 3362 4216; x_wconf 91' lang='lat' dir='ltr'><strong>id</strong></span> <span class='ocrx_word' id='word_1_812' title='bbox 3384 4173 3491 4229; x_wconf 88' lang='lat' dir='ltr'><strong>est,</strong></span> 
     </span>
    </p>
   </div>
   <div class='ocr_carea' id='block_1_100' title="bbox 1917 4241 3492 4313">
    <p class='ocr_par' dir='ltr' id='par_1_100' title="bbox 1917 4241 3492 4313">
     <span class='ocr_line' id='line_1_100' title="bbox 1917 4241 3492 4313; baseline 0.01 -18"><span class='ocrx_word' id='word_1_813' title='bbox 1917 4241 2156 4297; x_wconf 91' lang='lat' dir='ltr'><strong>actiones</strong></span> <span class='ocrx_word' id='word_1_814' title='bbox 2183 4250 2239 4297; x_wconf 91' lang='lat' dir='ltr'><strong>et</strong></span> <span class='ocrx_word' id='word_1_815' title='bbox 2270 4259 2431 4312; x_wconf 87' lang='lat' dir='ltr'><strong>opera</strong></span> <span class='ocrx_word' id='word_1_816' title='bbox 2467 4260 2651 4300; x_wconf 85' lang='lat' dir='ltr'><strong>eorum</strong></span> <span class='ocrx_word' id='word_1_817' title='bbox 2693 4247 2974 4304; x_wconf 79' lang='lat' dir='ltr'><strong>declinatae</strong></span> <span class='ocrx_word' id='word_1_818' title='bbox 3003 4259 3128 4305; x_wconf 90' lang='lat' dir='ltr'><strong>sunt</strong></span> <span class='ocrx_word' id='word_1_819' title='bbox 3151 4253 3228 4313; x_wconf 71' lang='lat' dir='ltr'><strong>de</strong></span> <span class='ocrx_word' id='word_1_820' title='bbox 3253 4254 3396 4310; x_wconf 89' lang='lat' dir='ltr'><strong>bono</strong></span> <span class='ocrx_word' id='word_1_821' title='bbox 3424 4256 3492 4311; x_wconf 90' lang='lat' dir='ltr'><strong>ad</strong></span> 
     </span>
    </p>
   </div>
   <div class='ocr_carea' id='block_1_101' title="bbox 1917 4331 3493 4401">
    <p class='ocr_par' dir='ltr' id='par_1_101' title="bbox 1917 4331 3493 4401">
     <span class='ocr_line' id='line_1_101' title="bbox 1917 4331 3493 4401; baseline 0.01 -17"><span class='ocrx_word' id='word_1_822' title='bbox 1917 4331 2141 4398; x_wconf 90' lang='lat' dir='ltr'><strong>malum,</strong></span> <span class='ocrx_word' id='word_1_823' title='bbox 2183 4332 2249 4387; x_wconf 88' lang='lat' dir='ltr'><strong>de</strong></span> <span class='ocrx_word' id='word_1_824' title='bbox 2277 4333 2387 4388; x_wconf 90' lang='lat' dir='ltr'><strong>Deo</strong></span> <span class='ocrx_word' id='word_1_825' title='bbox 2423 4334 2491 4389; x_wconf 91' lang='lat' dir='ltr'><strong>ad</strong></span> <span class='ocrx_word' id='word_1_826' title='bbox 2519 4335 2811 4401; x_wconf 87' lang='lat' dir='ltr'><strong>diabolum,</strong></span> <span class='ocrx_word' id='word_1_827' title='bbox 2855 4352 2885 4391; x_wconf 90' lang='lat' dir='ltr'><strong>a</strong></span> <span class='ocrx_word' id='word_1_828' title='bbox 2931 4341 3254 4398; x_wconf 90' lang='lat' dir='ltr'><strong>rectitudine</strong></span> <span class='ocrx_word' id='word_1_829' title='bbox 3293 4346 3358 4398; x_wconf 90' lang='lat' dir='ltr'><strong>ad</strong></span> <span class='ocrx_word' id='word_1_830' title='bbox 3389 4345 3493 4399; x_wconf 82' lang='lat' dir='ltr'><strong>ini-</strong></span> 
     </span>
    </p>
   </div>
   <div class='ocr_carea' id='block_1_102' title="bbox 1918 4419 3494 4500">
    <p class='ocr_par' dir='ltr' id='par_1_102' title="bbox 1918 4419 3494 4500">
     <span class='ocr_line' id='line_1_102' title="bbox 1918 4419 3494 4500; baseline 0.011 -27"><span class='ocrx_word' id='word_1_831' title='bbox 1918 4419 2196 4489; x_wconf 79' lang='lat' dir='ltr'><strong>quitatem,</strong></span> <span class='ocrx_word' id='word_1_832' title='bbox 2221 4436 2251 4475; x_wconf 91' lang='lat' dir='ltr'><strong>a</strong></span> <span class='ocrx_word' id='word_1_833' title='bbox 2273 4421 2378 4478; x_wconf 86' lang='lat' dir='ltr'><strong>fide</strong></span> <span class='ocrx_word' id='word_1_834' title='bbox 2405 4423 2473 4477; x_wconf 91' lang='lat' dir='ltr'><strong>ad</strong></span> <span class='ocrx_word' id='word_1_835' title='bbox 2495 4423 2888 4479; x_wconf 87' lang='lat' dir='ltr'><strong>infidelitatem.</strong></span> <span class='ocrx_word' id='word_1_836' title='bbox 2911 4425 3100 4484; x_wconf 90' lang='lat' dir='ltr'><strong>Omnis</strong></span> <span class='ocrx_word' id='word_1_837' title='bbox 3127 4431 3218 4500; x_wconf 91' lang='lat' dir='ltr'><strong>qui</strong></span> <span class='ocrx_word' id='word_1_838' title='bbox 3247 4432 3494 4490; x_wconf 86' lang='lat' dir='ltr'><strong>imitatur</strong></span> 
     </span>
    </p>
   </div>
   <div class='ocr_carea' id='block_1_103' title="bbox 1919 4513 3320 4585">
    <p class='ocr_par' dir='ltr' id='par_1_103' title="bbox 1919 4513 3320 4585">
     <span class='ocr_line' id='line_1_103' title="bbox 1919 4513 3320 4585; baseline 0.006 -18"><span class='ocrx_word' id='word_1_839' title='bbox 1919 4527 2104 4568; x_wconf 89' lang='lat' dir='ltr'><strong>eorum</strong></span> <span class='ocrx_word' id='word_1_840' title='bbox 2135 4529 2321 4584; x_wconf 89' lang='lat' dir='ltr'><strong>opera,</strong></span> <span class='ocrx_word' id='word_1_841' title='bbox 2352 4513 2564 4585; x_wconf 86' lang='lat' dir='ltr'><strong>ignorat</strong></span> <span class='ocrx_word' id='word_1_842' title='bbox 2594 4530 2806 4584; x_wconf 89' lang='lat' dir='ltr'><strong>pacem,</strong></span> <span class='ocrx_word' id='word_1_843' title='bbox 2834 4516 2886 4572; x_wconf 90' lang='lat' dir='ltr'><strong>id</strong></span> <span class='ocrx_word' id='word_1_844' title='bbox 2913 4526 2998 4573; x_wconf 90' lang='lat' dir='ltr'><strong>est</strong></span> <span class='ocrx_word' id='word_1_845' title='bbox 3025 4518 3320 4576; x_wconf 90' lang='lat' dir='ltr'><strong>Christum.</strong></span> 
     </span>
    </p>
   </div>
   <div class='ocr_carea' id='block_1_104' title="bbox 1995 4592 3546 4678">
    <p class='ocr_par' dir='ltr' id='par_1_104' title="bbox 1995 4592 3546 4678">
     <span class='ocr_line' id='line_1_104' title="bbox 1995 4592 3546 4678; baseline 0.012 -24"><span class='ocrx_word' id='word_1_846' title='bbox 1995 4621 2014 4654; x_wconf 74' lang='grc' dir='ltr'><strong>ι</strong></span> <span class='ocrx_word' id='word_1_847' title='bbox 2056 4592 2285 4674; x_wconf 86' lang='lat' dir='ltr'><strong>Propter</strong></span> <span class='ocrx_word' id='word_1_848' title='bbox 2327 4605 2428 4660; x_wconf 91' lang='lat' dir='ltr'><strong>hoc</strong></span> <span class='ocrx_word' id='word_1_849' title='bbox 2446 4604 2750 4676; x_wconf 85' lang='lat' dir='ltr'><strong>elongatum</strong></span> <span class='ocrx_word' id='word_1_850' title='bbox 2787 4617 2870 4662; x_wconf 91' lang='lat' dir='ltr'><strong>est</strong></span> <span class='ocrx_word' id='word_1_851' title='bbox 2901 4607 3163 4678; x_wconf 91' lang='lat' dir='ltr'><strong>judicium</strong></span> <span class='ocrx_word' id='word_1_852' title='bbox 3194 4628 3224 4667; x_wconf 91' lang='lat' dir='ltr'><strong>a</strong></span> <span class='ocrx_word' id='word_1_853' title='bbox 3256 4615 3432 4670; x_wconf 88' lang='lat' dir='ltr'><strong>nobis.</strong></span> <span class='ocrx_word' id='word_1_854' title='bbox 3467 4638 3485 4670; x_wconf 73' lang='grc' dir='ltr'><strong>ι</strong></span> <span class='ocrx_word' id='word_1_855' title='bbox 3542 4666 3546 4670; x_wconf 84' lang='grc'><em>.</em></span> 
     </span>
    </p>
   </div>
   <div class='ocr_carea' id='block_1_105' title="bbox 1919 4693 3494 4775">
    <p class='ocr_par' dir='ltr' id='par_1_105' title="bbox 1919 4693 3494 4775">
     <span class='ocr_line' id='line_1_105' title="bbox 1919 4693 3494 4775; baseline 0.009 -27"><span class='ocrx_word' id='word_1_856' title='bbox 1919 4693 2034 4750; x_wconf 88' lang='lat' dir='ltr'><strong>Vox</strong></span> <span class='ocrx_word' id='word_1_857' title='bbox 2076 4695 2351 4766; x_wconf 80' lang='lat' dir='ltr'><strong>prophetae</strong></span> <span class='ocrx_word' id='word_1_858' title='bbox 2412 4711 2477 4750; x_wconf 81' lang='lat' dir='ltr'><strong>ex</strong></span> <span class='ocrx_word' id='word_1_859' title='bbox 2525 4712 2755 4766; x_wconf 90' lang='lat' dir='ltr'><strong>persona</strong></span> <span class='ocrx_word' id='word_1_860' title='bbox 2797 4699 2976 4770; x_wconf 84' lang='lat' dir='ltr'><strong>pepuli</strong></span> <span class='ocrx_word' id='word_1_861' title='bbox 3024 4699 3344 4769; x_wconf 65' lang='lat' dir='ltr'><strong>Judteorum,</strong></span> <span class='ocrx_word' id='word_1_862' title='bbox 3379 4721 3494 4775; x_wconf 66' lang='lat' dir='ltr'><strong>pa:-</strong></span> 
     </span>
    </p>
   </div>
   <div class='ocr_carea' id='block_1_106' title="bbox 1919 4785 3496 4868">
    <p class='ocr_par' dir='ltr' id='par_1_106' title="bbox 1919 4785 3496 4868">
     <span class='ocr_line' id='line_1_106' title="bbox 1919 4785 3496 4868; baseline 0.007 -28"><span class='ocrx_word' id='word_1_863' title='bbox 1919 4785 2201 4840; x_wconf 89' lang='lat' dir='ltr'><strong>nitentiam</strong></span> <span class='ocrx_word' id='word_1_864' title='bbox 2224 4787 2450 4856; x_wconf 87' lang='lat' dir='ltr'><strong>agentis.</strong></span> <span class='ocrx_word' id='word_1_865' title='bbox 2481 4785 2708 4857; x_wconf 88' lang='lat' dir='ltr'><strong>Propter</strong></span> <span class='ocrx_word' id='word_1_866' title='bbox 2738 4789 2864 4855; x_wconf 90' lang='lat' dir='ltr'><strong>hoc,</strong></span> <span class='ocrx_word' id='word_1_867' title='bbox 2893 4791 3160 4860; x_wconf 87' lang='lat' dir='ltr'><strong>inquiunt,</strong></span> <span class='ocrx_word' id='word_1_868' title='bbox 3196 4795 3320 4864; x_wconf 87' lang='lat' dir='ltr'><strong>quia</strong></span> <span class='ocrx_word' id='word_1_869' title='bbox 3347 4797 3496 4868; x_wconf 81' lang='lat' dir='ltr'><strong>igno-</strong></span> 
     </span>
    </p>
   </div>
   <div class='ocr_carea' id='block_1_107' title="bbox 1920 4877 3493 4950">
    <p class='ocr_par' dir='ltr' id='par_1_107' title="bbox 1920 4877 3493 4950">
     <span class='ocr_line' id='line_1_107' title="bbox 1920 4877 3493 4950; baseline 0.006 -18"><span class='ocrx_word' id='word_1_870' title='bbox 1920 4878 2156 4933; x_wconf 89' lang='lat' dir='ltr'><strong>ravimus</strong></span> <span class='ocrx_word' id='word_1_871' title='bbox 2189 4892 2398 4946; x_wconf 86' lang='lat' dir='ltr'><strong>pacem,</strong></span> <span class='ocrx_word' id='word_1_872' title='bbox 2434 4877 2736 4948; x_wconf 86' lang='lat' dir='ltr'><strong>elongatum</strong></span> <span class='ocrx_word' id='word_1_873' title='bbox 2771 4887 2853 4934; x_wconf 89' lang='lat' dir='ltr'><strong>est</strong></span> <span class='ocrx_word' id='word_1_874' title='bbox 2882 4879 3142 4948; x_wconf 87' lang='lat' dir='ltr'><strong>judicium</strong></span> <span class='ocrx_word' id='word_1_875' title='bbox 3169 4898 3199 4936; x_wconf 88' lang='lat' dir='ltr'><strong>a</strong></span> <span class='ocrx_word' id='word_1_876' title='bbox 3237 4886 3414 4950; x_wconf 90' lang='lat' dir='ltr'><strong>nobis,</strong></span> <span class='ocrx_word' id='word_1_877' title='bbox 3441 4888 3493 4942; x_wconf 92' lang='lat' dir='ltr'><strong>id</strong></span> 
     </span>
    </p>
   </div>
   <div class='ocr_carea' id='block_1_108' title="bbox 1918 4967 3494 5043">
    <p class='ocr_par' dir='ltr' id='par_1_108' title="bbox 1918 4967 3494 5043">
     <span class='ocr_line' id='line_1_108' title="bbox 1918 4967 3494 5043; baseline 0.005 -20"><span class='ocrx_word' id='word_1_878' title='bbox 1918 4976 2002 5023; x_wconf 85' lang='lat' dir='ltr'><strong>est</strong></span> <span class='ocrx_word' id='word_1_879' title='bbox 2028 4967 2296 5032; x_wconf 88' lang='lat' dir='ltr'><strong>Christus,</strong></span> <span class='ocrx_word' id='word_1_880' title='bbox 2327 4985 2344 5018; x_wconf 73' lang='grc' dir='ltr'><strong>ι</strong></span> <span class='ocrx_word' id='word_1_881' title='bbox 2371 4977 2425 5022; x_wconf 85' lang='grc' dir='ltr'><strong>ει</strong></span> <span class='ocrx_word' id='word_1_882' title='bbox 2445 4984 2550 5022; x_wconf 90' lang='lat' dir='ltr'><strong>non</strong></span> <span class='ocrx_word' id='word_1_883' title='bbox 2581 4969 2937 5038; x_wconf 85' lang='lat' dir='ltr'><strong>apprehendit</strong></span> <span class='ocrx_word' id='word_1_884' title='bbox 2961 4986 3059 5043; x_wconf 75' lang='lat' dir='ltr'><strong>nos</strong></span> <span class='ocrx_word' id='word_1_885' title='bbox 3078 4971 3284 5041; x_wconf 90' lang='lat' dir='ltr'><strong>justitia</strong></span> <span class='ocrx_word' id='word_1_886' title='bbox 3314 4993 3333 5026; x_wconf 71' lang='grc' dir='ltr'><strong>ι</strong></span> <span class='ocrx_word' id='word_1_887' title='bbox 3375 4990 3494 5031; x_wconf 83' lang='lat' dir='ltr'><strong>crc-</strong></span> 
     </span>
    </p>
   </div>
   <div class='ocr_carea' id='block_1_109' title="bbox 1919 5059 3486 5134">
    <p class='ocr_par' dir='ltr' id='par_1_109' title="bbox 1919 5059 3486 5134">
     <span class='ocr_line' id='line_1_109' title="bbox 1919 5059 3486 5134; baseline 0.003 -20"><span class='ocrx_word' id='word_1_888' title='bbox 1919 5060 2114 5126; x_wconf 89' lang='lat' dir='ltr'><strong>dendo,</strong></span> <span class='ocrx_word' id='word_1_889' title='bbox 2142 5060 2238 5116; x_wconf 89' lang='lat' dir='ltr'><strong>sed</strong></span> <span class='ocrx_word' id='word_1_890' title='bbox 2265 5059 2510 5131; x_wconf 86' lang='lat' dir='ltr'><strong>gentiles.</strong></span> <span class='ocrx_word' id='word_1_891' title='bbox 2545 5078 2563 5111; x_wconf 73' lang='grc' dir='ltr'><em>ς</em></span> <span class='ocrx_word' id='word_1_892' title='bbox 2596 5060 3034 5131; x_wconf 86' lang='lat' dir='ltr'><strong>Exspectavimus</strong></span> <span class='ocrx_word' id='word_1_893' title='bbox 3060 5064 3219 5118; x_wconf 91' lang='lat' dir='ltr'><strong>modo</strong></span> <span class='ocrx_word' id='word_1_894' title='bbox 3248 5064 3443 5134; x_wconf 88' lang='lat' dir='ltr'><strong>lucem,</strong></span> <span class='ocrx_word' id='word_1_895' title='bbox 3470 5088 3486 5119; x_wconf 78' lang='grc' dir='ltr'><strong>ι</strong></span> 
     </span>
    </p>
   </div>
   <div class='ocr_carea' id='block_1_110' title="bbox 1919 5151 3492 5231">
    <p class='ocr_par' dir='ltr' id='par_1_110' title="bbox 1919 5151 3492 5231">
     <span class='ocr_line' id='line_1_110' title="bbox 1919 5151 3492 5231; baseline 0.006 -25"><span class='ocrx_word' id='word_1_896' title='bbox 1919 5152 1973 5207; x_wconf 91' lang='lat' dir='ltr'><strong>id</strong></span> <span class='ocrx_word' id='word_1_897' title='bbox 2016 5161 2101 5207; x_wconf 90' lang='lat' dir='ltr'><strong>est</strong></span> <span class='ocrx_word' id='word_1_898' title='bbox 2136 5151 2410 5207; x_wconf 91' lang='lat' dir='ltr'><strong>Christum</strong></span> <span class='ocrx_word' id='word_1_899' title='bbox 2437 5153 2526 5221; x_wconf 92' lang='lat' dir='ltr'><strong>qui</strong></span> <span class='ocrx_word' id='word_1_900' title='bbox 2556 5152 2710 5208; x_wconf 89' lang='lat' dir='ltr'><strong>nobis</strong></span> <span class='ocrx_word' id='word_1_901' title='bbox 2748 5155 3104 5224; x_wconf 89' lang='lat' dir='ltr'><strong>repromissus</strong></span> <span class='ocrx_word' id='word_1_902' title='bbox 3144 5167 3260 5213; x_wconf 87' lang='lat' dir='ltr'><strong>erat</strong></span> <span class='ocrx_word' id='word_1_903' title='bbox 3295 5160 3346 5214; x_wconf 92' lang='lat' dir='ltr'><strong>in</strong></span> <span class='ocrx_word' id='word_1_904' title='bbox 3377 5161 3492 5231; x_wconf 84' lang='lat' dir='ltr'><strong>lege</strong></span> 
     </span>
    </p>
   </div>
   <div class='ocr_carea' id='block_1_111' title="bbox 1919 5234 3488 5314">
    <p class='ocr_par' dir='ltr' id='par_1_111' title="bbox 1919 5234 3488 5314">
     <span class='ocr_line' id='line_1_111' title="bbox 1919 5234 3488 5314; baseline 0.006 -18"><span class='ocrx_word' id='word_1_905' title='bbox 1919 5250 1972 5296; x_wconf 91' lang='lat' dir='ltr'><strong>et</strong></span> <span class='ocrx_word' id='word_1_906' title='bbox 2000 5234 2274 5314; x_wconf 89' lang='lat' dir='ltr'><strong>prophetis</strong></span> <span class='ocrx_word' id='word_1_907' title='bbox 2293 5283 2307 5308; x_wconf 97' lang='lat'><strong>,</strong></span> <span class='ocrx_word' id='word_1_908' title='bbox 2339 5243 2615 5300; x_wconf 87' lang='lat' dir='ltr'><strong>dicentes:</strong></span> <span class='ocrx_word' id='word_1_909' title='bbox 2645 5263 2665 5295; x_wconf 76' lang='grc' dir='ltr'><strong>ι</strong></span> <span class='ocrx_word' id='word_1_910' title='bbox 2701 5245 2901 5299; x_wconf 81' lang='lat' dir='ltr'><strong>Emitte</strong></span> <span class='ocrx_word' id='word_1_911' title='bbox 2930 5245 3104 5302; x_wconf 89' lang='lat' dir='ltr'><strong>lucem</strong></span> <span class='ocrx_word' id='word_1_912' title='bbox 3135 5255 3280 5302; x_wconf 90' lang='lat' dir='ltr'><strong>tuam</strong></span> <span class='ocrx_word' id='word_1_913' title='bbox 3311 5259 3366 5305; x_wconf 89' lang='lat' dir='ltr'><strong>et</strong></span> <span class='ocrx_word' id='word_1_914' title='bbox 3394 5267 3488 5305; x_wconf 84' lang='lat' dir='ltr'><strong>ve-</strong></span> 
     </span>
    </p>
   </div>
   <div class='ocr_carea' id='block_1_112' title="bbox 1920 5333 3534 5407">
    <p class='ocr_par' dir='ltr' id='par_1_112' title="bbox 1920 5333 3534 5407">
     <span class='ocr_line' id='line_1_112' title="bbox 1920 5333 3534 5407; baseline 0.003 -19"><span class='ocrx_word' id='word_1_915' title='bbox 1920 5333 2131 5388; x_wconf 88' lang='lat' dir='ltr'><strong>ritatem</strong></span> <span class='ocrx_word' id='word_1_916' title='bbox 2177 5343 2323 5389; x_wconf 91' lang='lat' dir='ltr'><strong>tuam</strong></span> <span class='ocrx_word' id='word_1_917' title='bbox 2373 5333 2546 5406; x_wconf 81' lang='lat' dir='ltr'><strong>(Psal.</strong></span> <span class='ocrx_word' id='word_1_918' title='bbox 2579 5334 2711 5406; x_wconf 79' lang='lat' dir='ltr'><strong>xui)</strong></span> <span class='ocrx_word' id='word_1_919' title='bbox 2759 5353 2772 5390; x_wconf 90' lang='lat'>:</span> <span class='ocrx_word' id='word_1_920' title='bbox 2808 5355 2826 5388; x_wconf 74' lang='grc' dir='ltr'><strong>ι</strong></span> <span class='ocrx_word' id='word_1_921' title='bbox 2858 5344 2913 5392; x_wconf 89' lang='grc' dir='ltr'><strong>ει</strong></span> <span class='ocrx_word' id='word_1_922' title='bbox 2947 5356 2966 5388; x_wconf 75' lang='grc' dir='ltr'><strong>ι</strong></span> <span class='ocrx_word' id='word_1_923' title='bbox 3011 5354 3138 5394; x_wconf 92' lang='lat' dir='ltr'><strong>ecce</strong></span> <span class='ocrx_word' id='word_1_924' title='bbox 3165 5341 3422 5407; x_wconf 62' lang='lat' dir='ltr'><strong>tenebras,</strong></span> <span class='ocrx_word' id='word_1_925' title='bbox 3467 5338 3534 5393; x_wconf 66' lang='grc'><strong>»⁸</strong></span> 
     </span>
    </p>
   </div>
   <div class='ocr_carea' id='block_1_113' title="bbox 1919 5425 3494 5502">
    <p class='ocr_par' dir='ltr' id='par_1_113' title="bbox 1919 5425 3494 5502">
     <span class='ocr_line' id='line_1_113' title="bbox 1919 5425 3494 5502; baseline 0.005 -22"><span class='ocrx_word' id='word_1_926' title='bbox 1919 5426 2200 5490; x_wconf 89' lang='lat' dir='ltr'><strong>subaudis,</strong></span> <span class='ocrx_word' id='word_1_927' title='bbox 2242 5425 2585 5488; x_wconf 85' lang='lat' dir='ltr'><strong>infidelitatis,</strong></span> <span class='ocrx_word' id='word_1_928' title='bbox 2633 5425 2716 5482; x_wconf 92' lang='lat' dir='ltr'><strong>vel</strong></span> <span class='ocrx_word' id='word_1_929' title='bbox 2774 5427 3110 5484; x_wconf 81' lang='lat' dir='ltr'><strong>Antichristi.</strong></span> <span class='ocrx_word' id='word_1_930' title='bbox 3163 5449 3183 5483; x_wconf 77' lang='grc' dir='ltr'><strong>ι</strong></span> <span class='ocrx_word' id='word_1_931' title='bbox 3231 5429 3494 5502; x_wconf 89' lang='lat' dir='ltr'><strong>Splendo-</strong></span> 
     </span>
    </p>
   </div>
   <div class='ocr_carea' id='block_1_114' title="bbox 1922 5516 3487 5592">
    <p class='ocr_par' dir='ltr' id='par_1_114' title="bbox 1922 5516 3487 5592">
     <span class='ocr_line' id='line_1_114' title="bbox 1922 5516 3487 5592; baseline 0.005 -21"><span class='ocrx_word' id='word_1_932' title='bbox 1922 5532 2056 5579; x_wconf 89' lang='lat' dir='ltr'><strong>rem,</strong></span> <span class='ocrx_word' id='word_1_933' title='bbox 2087 5536 2105 5569; x_wconf 72' lang='grc' dir='ltr'><strong>ι</strong></span> <span class='ocrx_word' id='word_1_934' title='bbox 2132 5516 2388 5572; x_wconf 90' lang='lat' dir='ltr'><strong>subaudis</strong></span> <span class='ocrx_word' id='word_1_935' title='bbox 2426 5525 2641 5572; x_wconf 66' lang='lat' dir='ltr'><strong>aeternae</strong></span> <span class='ocrx_word' id='word_1_936' title='bbox 2669 5519 3012 5587; x_wconf 88' lang='lat' dir='ltr'><strong>paternitatis</strong></span> <span class='ocrx_word' id='word_1_937' title='bbox 3035 5523 3487 5592; x_wconf 86' lang='lat' dir='ltr'><strong>exspectavimus,</strong></span> 
     </span>
    </p>
   </div>
   <div class='ocr_carea' id='block_1_115' title="bbox 1925 5611 3486 5681">
    <p class='ocr_par' dir='ltr' id='par_1_115' title="bbox 1925 5611 3486 5681">
     <span class='ocr_line' id='line_1_115' title="bbox 1925 5611 3486 5681; baseline 0.003 -17"><span class='ocrx_word' id='word_1_938' title='bbox 1925 5629 1944 5663; x_wconf 76' lang='grc' dir='ltr'><strong>ι</strong></span> <span class='ocrx_word' id='word_1_939' title='bbox 1980 5621 2036 5665; x_wconf 91' lang='lat' dir='ltr'><strong>ct</strong></span> <span class='ocrx_word' id='word_1_940' title='bbox 2063 5611 2117 5664; x_wconf 90' lang='lat' dir='ltr'><strong>in</strong></span> <span class='ocrx_word' id='word_1_941' title='bbox 2144 5611 2381 5667; x_wconf 85' lang='lat' dir='ltr'><strong>tenebris</strong></span> <span class='ocrx_word' id='word_1_942' title='bbox 2411 5631 2430 5664; x_wconf 84' lang='grc'><strong>›</strong></span> <span class='ocrx_word' id='word_1_943' title='bbox 2466 5626 2712 5667; x_wconf 86' lang='lat' dir='ltr'><strong>errorum</strong></span> <span class='ocrx_word' id='word_1_944' title='bbox 2733 5621 2786 5667; x_wconf 91' lang='lat' dir='ltr'><strong>et</strong></span> <span class='ocrx_word' id='word_1_945' title='bbox 2815 5622 3156 5681; x_wconf 89' lang='lat' dir='ltr'><strong>peccatorum</strong></span> <span class='ocrx_word' id='word_1_946' title='bbox 3194 5635 3212 5668; x_wconf 80' lang='grc' dir='ltr'><strong>ι</strong></span> <span class='ocrx_word' id='word_1_947' title='bbox 3242 5615 3486 5676; x_wconf 83' lang='lat' dir='ltr'><strong>ambula-</strong></span> 
     </span>
    </p>
   </div>
   <div class='ocr_carea' id='block_1_116' title="bbox 1921 5704 2184 5758">
    <p class='ocr_par' dir='ltr' id='par_1_116' title="bbox 1921 5704 2184 5758">
     <span class='ocr_line' id='line_1_116' title="bbox 1921 5704 2184 5758; baseline -0.011 0"><span class='ocrx_word' id='word_1_948' title='bbox 1921 5704 2118 5758; x_wconf 92' lang='lat' dir='ltr'><strong>vimus.</strong></span> <span class='ocrx_word' id='word_1_949' title='bbox 2166 5722 2184 5755; x_wconf 72' lang='grc' dir='ltr'><strong>ι</strong></span> 
     </span>
    </p>
   </div>
   <div class='ocr_carea' id='block_1_117' title="bbox 2000 5794 3489 5865">
    <p class='ocr_par' dir='ltr' id='par_1_117' title="bbox 2000 5794 3489 5865">
     <span class='ocr_line' id='line_1_117' title="bbox 2000 5794 3489 5865; baseline 0.001 -19"><span class='ocrx_word' id='word_1_950' title='bbox 2000 5815 2017 5846; x_wconf 75' lang='grc' dir='ltr'><strong>ι</strong></span> <span class='ocrx_word' id='word_1_951' title='bbox 2046 5794 2382 5865; x_wconf 86' lang='lat' dir='ltr'><strong>Palpavimus</strong></span> <span class='ocrx_word' id='word_1_952' title='bbox 2407 5796 2544 5850; x_wconf 90' lang='lat' dir='ltr'><strong>sicut</strong></span> <span class='ocrx_word' id='word_1_953' title='bbox 2568 5795 2693 5849; x_wconf 71' lang='grc' dir='ltr'><strong>είεεὶ</strong></span> <span class='ocrx_word' id='word_1_954' title='bbox 2716 5796 2998 5861; x_wconf 81' lang='lat' dir='ltr'><strong>parietem,</strong></span> <span class='ocrx_word' id='word_1_955' title='bbox 3030 5814 3048 5847; x_wconf 75' lang='grc' dir='ltr'><strong>ι</strong></span> <span class='ocrx_word' id='word_1_956' title='bbox 3083 5795 3254 5861; x_wconf 87' lang='lat' dir='ltr'><strong>idest,</strong></span> <span class='ocrx_word' id='word_1_957' title='bbox 3279 5811 3489 5850; x_wconf 82' lang='lat' dir='ltr'><strong>sacram</strong></span> 
     </span>
    </p>
   </div>
  </div>
