4016 6462
568 383 704 438 1027

1032 379 1383 438 ΗΑΥΜΟΝΙΞ
1422 379 1898 436 ιιλιιΒΕίιεΤΑΤ.
1941 379 2134 437 EPlSC

2235 381 2348 437 lPP.
2392 381 2570 437 PARS
2602 382 2644 436 Ι.
2678 414 2747 422 —
2784 383 3140 443 COMHENT.
3180 386 3351 442 ΒΙΒΙ,⁸

3692 390 3834 448 1018

567 496 926 565 Scripturam,
949 510 968 544 ι
989 501 1044 549 ει
1070 493 1224 563 quasi
1244 494 1451 562 absque
1471 491 1641 547 oculis
1669 493 2099 548 attrectavimus.
2122 512 2142 545 ο
2178 497 2226 556 Α
2254 509 2415 563 gnum
2446 492 2541 548 Dei
2584 493 2803 564 (Matth.
2857 495 2992 567 xxi).
3049 515 3069 548 ›
3121 497 3261 553 Ecce
3304 498 3642 568 relinquetur
3675 501 3831 557 vobis

563 587 732 643 Judaei
761 585 1004 657 quotidie
1031 586 1250 656 palpant
1270 585 1424 655 quasi
1444 585 1572 639 cmei
1595 584 1885 654 parietem,
1917 585 2043 655 quia
2071 583 2147 640 le-

564 690 753 749 gentes
784 695 996 734 sacram
1051 677 1411 749 Seripturam,
1453 675 1727 732 Christum
1772 691 1878 732 non
1920 677 2149 732 credunt

566 779 748 827 mente
777 770 849 824 ibi
879 768 1073 833 latere,
1104 754 1231 838 quia
1276 765 1400 823 folia
1434 774 1489 823 et
1528 773 1741 822 crustas
1777 766 2148 821 tantummodo

566 868 815 931 tangunt.
853 878 872 911 ‹
911 859 1238 930 lmpegimus
1264 859 1514 925 meridie,
1550 878 1569 911 ι
1610 859 1714 915 hoc
1740 866 1844 924 est,
1868 849 2146 913 immersi-

562 965 687 1005 mus
712 966 813 1006 nos
841 950 1065 1022 legendo
1091 951 1145 1005 in
1173 948 1456 1020 Scriptura
1483 948 1784 1005 divinorum
1812 947 2147 1019 eloquiorum

566 1063 590 1098 ι
641 1045 796 1114 quasi
840 1044 897 1099 in
949 1044 1188 1100 tenebris
1240 1061 1260 1097 ι
1316 1058 1437 1113 qua:
1467 1043 1522 1097 in
1566 1041 1688 1097 lucc
1729 1049 1815 1097 est
1853 1041 2057 1097 sanctis
2089 1047 2149 1096 et

555 1144 757 1206 aperta
793 1154 807 1190 :
839 1154 868 1187 ι
900 1136 954 1191 in
981 1136 1310 1207 ealiginosis,
1341 1155 1360 1189 ι
1391 1135 1444 1191 id
1472 1144 1573 1200 εει,
1608 1134 1662 1189 in
1685 1133 1933 1190 obscuris
1948 1139 2149 1205 myste-

564 1227 666 1283 riis
688 1227 1007 1299 impegimus
1045 1247 1065 1281 ι
1110 1229 1266 1299 quasi
1294 1227 1515 1284 mortui.
1556 1246 1576 1281 ι
1614 1226 1860 1295 Quandiu
1896 1225 2041 1281 enim
2069 1224 2147 1281 le-

553 1316 710 1387 gitur
739 1317 968 1389 Moyses,
988 1308 1247 1386 jvelamen
1276 1326 1361 1373 est
1379 1317 1613 1387 positum
1634 1330 1801 1388 super
1819 1331 1913 1373 cor
1934 1331 2142 1371 eorum.

637 1422 659 1457 ι
691 1405 985 1478 Rugiemus
1030 1406 1183 1476 quasi
1213 1405 1324 1460 ursi
1351 1421 1560 1471 omnes,
1594 1414 1650 1461 et
1691 1404 1843 1476 quasi
1886 1404 2146 1461 columbas

554 1497 886 1553 meditantes
901 1513 1197 1568 gememus.
1218 1515 1244 1549 τ
1266 1490 1540 1554 Meditatio
1552 1497 1860 1553 Judmorum
1874 1513 2036 1568 quam
2050 1499 2145 1553 ha-

561 1588 695 1645 bent
722 1591 777 1644 in
806 1590 1103 1660 Scriptura,
1138 1591 1333 1662 rugitu.
1363 1590 1532 1646 leonis
1553 1600 1608 1645 et
1628 1590 1850 1661 gemitui
1879 1590 2144 1646 columba:

552 1691 908 1752 comparatur
950 1700 962 1736 :
1002 1683 1127 1753 quia
1157 1682 1296 1738 sicut
1327 1698 1487 1738 ursus
1518 1681 1650 1737 nihil
1678 1682 1926 1738 utilitatis
1954 1680 2010 1736 in
2044 1695 2143 1738 suo

561 1771 741 1841 rugitu
766 1772 963 1838 habet,
993 1781 1048 1828 et
1068 1772 1314 1829 columba
1341 1774 1396 1828 in
1423 1788 1522 1829 suo
1559 1773 1790 1844 gemitu,
1826 1772 1900 1826 ita
1926 1771 2137 1828 illarum

2252 584 2446 640 domus
2472 594 2652 640 vestra
2696 585 2931 641 deserta.
2970 605 2990 637 ι
3029 588 3097 642 Et
3118 586 3349 656 justitia,
3383 610 3401 642 ι
3439 590 3555 662 ipse
3577 592 3831 649 videlicet

2247 672 2519 741 Christus,
2554 691 2576 726 ι
2625 675 2781 744 longe
2808 676 2979 743 stetit,
3015 697 3033 730 ι
3068 678 3194 748 quia
3222 680 3484 737 recedens
3510 697 3542 736 a
3570 683 3730 739 nobis
3773 686 3831 739 in

2245 766 2493 836 gentibus
2521 766 2737 833 mansit,
2759 783 2880 837 qua:
2897 768 3055 839 longe
3075 782 3233 825 erant
3251 786 3283 825 a
3308 770 3437 827 Deo.
3453 771 3523 827 Et
3542 788 3713 843 quare
3727 775 3829 832 hoc

2245 862 2424 910 actum
2458 855 2550 922 sit,
2582 856 2636 910 in
2666 857 3122 926 subsequentibus
3149 860 3520 928 manifestam,
3544 878 3671 918 cum
3696 866 3828 922 sub-

2237 943 2471 1016 jungunt
2501 963 2514 1000 :
2549 964 2569 997 (
2596 945 2733 1013 Quia
2759 947 2965 1003 corruit
2983 948 3037 1003 in
3062 949 3239 1020 platea
3262 951 3485 1018 veritas,
3517 961 3574 1008 ει
3600 955 3829 1024 :equita

2242 1052 2352 1091 non
2384 1036 2565 1107 .potuit
2596 1037 2826 1108 ingredi.
2858 1057 2885 1090 τ
2926 1036 3164 1106 Corruit,
3203 1040 3257 1097 id
3287 1050 3374 1097 est
3405 1058 3518 1098 non
3551 1045 3706 1100 stetit
3728 1060 3828 1102 nec

2244 1127 2446 1182 mansit
2481 1127 2683 1184 veritas
2717 1127 2969 1187 Christus
2998 1130 3056 1186 iu
3100 1131 3305 1202 platea,
3337 1134 3444 1191 hoc
3484 1144 3594 1197 est.
3627 1137 3687 1193 in
3724 1138 3828 1194 illis

2244 1216 2337 1286 qui
2361 1215 2628 1273 desideria
2662 1232 2759 1274 sua
2802 1218 3213 1288 sequebantur:
3249 1230 3307 1279 et
3332 1224 3567 1294 aequitas
3605 1241 3828 1298 nonpo-

2244 1306 2349 1362 tuit
2370 1307 2578 1380 ingredi
2599 1308 2667 1363 ad
2683 1309 2852 1365 corda
2871 1307 3179 1367 Judmorum
3194 1322 3419 1384 propter
3430 1314 3824 1384 inﬁdelitatem,

2245 1397 2370 1467 quia
2395 1412 2493 1466 per
2520 1396 2682 1454 ﬁdem
2707 1398 2923 1455 habitat
2954 1400 3016 1455 in
3035 1401 3293 1460 cordibus
3318 1404 3647 1473 electorum,
3672 1407 3827 1479 juxta

2244 1488 2389 1558 quod
2417 1486 2618 1544 Paulus
2644 1488 2797 1557 dicit,
2830 1509 2850 1543 ι
2876 1490 3138 1549 Habitare
3159 1492 3437 1551 Christum
3461 1509 3565 1567 per
3588 1496 3756 1554 ﬁdem
3776 1499 3824 1555 iu

2244 1578 2498 1635 cordibus
2529 1581 2728 1637 vestris
2775 1582 2991 1653 (Ep/ter.
3033 1583 3139 1656 tu).
3175 1603 3196 1639 ι
3243 1585 3397 1642 Unde
3423 1597 3483 1643 et
3518 1589 3823 1647 Dominus:

2248 1687 2269 1723 ί
2304 1671 2515 1737 Sermo,
2557 1672 2752 1743 inquit,
2793 1689 2948 1731 meus
2988 1690 3096 1731 non
3148 1677 3294 1747 capit
3341 1678 3397 1733 iu
3435 1680 3595 1735 vobis
3648 1681 3822 1752 (locu.

2242 1761 2383 1833 vui).
2420 1782 2439 1814 ι
2482 1761 2673 1819 Platon
2700 1763 2910 1832 Crtece,
2938 1765 3127 1822 Latine
3151 1782 3182 1821 a
3206 1767 3489 1824 latitudine
3511 1769 3739 1825 dicitur.
3764 1772 3825 1829 Et

558 1863 837 1918 meditatio
862 1872 916 1919 et
952 1865 1197 1920 doctrina
1225 1863 1358 1919 nihil
1386 1863 1633 1919 utilitatis
1654 1865 1837 1929 habet,
1877 1865 2003 1920 dum
2032 1878 2138 1918 non
2168 1845 2213 1904 Β
2236 1862 2326 1909 est
2351 1868 2543 1910 sensus
2573 1871 2587 1908 =
2622 1855 2683 1909 ιιι
2716 1854 2825 1911 illis
2852 1856 2945 1926 qui
2978 1870 3077 1926 per
3115 1856 3457 1913 latitudinem
3499 1860 3669 1929 huius
3710 1862 3824 1918 vita

555 1953 743 2008 vident
783 1953 1055 2010 Christum
1111 1964 1293 2011 mente
1349 1956 1495 2010 intus
1557 1956 1748 2012 latere.
1809 1953 1907 2011 Vel
1958 1955 2138 2016 aliter.

556 2042 715 2098 Circa
756 2044 1025 2113 subjectos
1056 2046 1273 2116 rugiunt
1300 2047 1582 2102 saevientes
1608 2055 1668 2101 ut
1696 2048 1834 2112 ursi,
1862 2048 2007 2103 circa
2029 2062 2142 2103 ma-

553 2134 707 2204 jores
739 2152 866 2193 vero
903 2148 959 2193 et
985 2139 1086 2193 sibi
1114 2138 1350 2208 aequales
1379 2148 1599 2209 gemunt
1628 2148 1685 2195 ut
1722 2139 2002 2195 columbae.
2040 2139 2144 2195 Co-

556 2228 737 2283 lumba
776 2229 1066 2300 aliquando
1114 2230 1166 2285 in
1209 2232 1405 2286 bonam
1447 2240 1654 2300 partem
1694 2231 1932 2301 ponitur,
1979 2238 2039 2284 ut
2083 2230 2141 2284 in

555 2319 846 2392 Evangelio
881 2321 1080 2376 dicitur
1115 2321 1458 2378 credentibus
1499 2339 1511 2374 :
1543 2319 1826 2391 Simplices
1864 2329 2039 2375 estote
2082 2327 2142 2375 ut

520 2404 523 2409 ’
552 2411 1044 2483 columba:(Matth.
1070 2412 1147 2484 χ).
1166 2413 1469 2484 Aliquando
1491 2413 1544 2467 in
1564 2411 1887 2468 centrariam
1904 2419 2136 2482 partem,

552 2514 611 2558 ut
643 2502 794 2569 illud,
840 2523 859 2555 ι
899 2505 1159 2575 Ephraim
1196 2504 1370 2562 factus
1409 2515 1493 2562 est
1522 2506 1674 2576 quasi
1718 2504 1987 2567 columba,
2031 2520 2138 2560 non

552 2594 758 2650 habens
800 2609 895 2650 cor
942 2592 1094 2668 (Gen.
1144 2598 1312 2666 κως).
1370 2615 1388 2648 ›
1434 2616 1453 2648 ι
1502 2596 1952 2666 Exspectavimus
1988 2594 2139 2665 judi-

551 2684 729 2752 cium,
763 2704 782 2738 ι
826 2685 879 2741 id
918 2694 1001 2741 est
1031 2727 1046 2753 ,
1078 2686 1353 2743 Christum
1386 2688 1477 2759 qui
1499 2688 1612 2760 jam
1650 2697 1894 2753 venerat,
1936 2686 2002 2742 de
2032 2701 2139 2757 quo

552 2775 786 2831 dicitur:
810 2795 829 2829 ι
857 2777 1019 2848 Deus,
1033 2779 1292 2849 judicium
1318 2787 1465 2835 tuum
1491 2781 1603 2851 regi
1629 2782 1693 2836 da
1720 2777 1892 2851 (Psal.
1920 2781 2088 2853 LXXI),
2113 2798 2132 2831 ι

558 2883 577 2917 t
618 2874 672 2920 ct
696 2882 803 2921 non
830 2875 913 2922 est
943 2885 961 2918 ι
990 2868 1251 2925 subaudis
1280 2869 1455 2925 nobis“.
1490 2890 1508 2922 ι
1546 2870 1786 2925 Salutem
1821 2889 1839 2921 ι
1880 2870 2137 2925 subaudis

554 2960 986 3029 exspectavimus
1011 3001 1025 3025 ,
1061 2978 1079 3011 ‹
1118 2969 1171 3016 ει
1199 2960 1448 3031 elongata
1471 2970 1551 3016 est
1576 2976 1605 3015 a
1631 2961 1785 3016 nobis
1813 2981 1832 3014 ι
1866 2962 2138 3016 transiens

553 3053 622 3107 ad
653 3060 860 3122 gentes,
893 3053 1031 3106 sicut
1060 3052 1173 3122 ipse
1206 3053 1383 3107 dixit:
1410 3072 1427 3103 (
1462 3051 1817 3121 Relinquetur
1846 3052 2000 3107 vobis
2035 3053 2134 3106 do-

550 3157 671 3197 mus
695 3151 873 3196 vestra
896 3142 1107 3197 deserta
1138 3141 1353 3213 (Matth.
1391 3142 1574 3213 xxm).
1613 3160 1631 3194 ι

630 3248 649 3283 ι
685 3229 1048 3301 Multiplieatae
1083 3242 1209 3286 sunt
1255 3233 1399 3286 enim
1445 3233 1755 3302 iniquitates
1783 3246 1963 3287 coram
1994 3241 2067 3297 te,
2107 3253 2127 3286 ι

557 3321 838 3387 subaudis,
882 3324 1008 3392 quia
1039 3338 1145 3378 non
1186 3323 1357 3377 solum
1394 3321 1726 3393 Scripturam
1752 3339 1962 3379 sacram
1999 3340 2124 3379 con-

549 3413 894 3483 tempsimus,
926 3428 1112 3467 verum
1138 3414 1302 3468 etiam
1324 3421 1376 3468 te
1402 3424 1675 3469 auctorem
1706 3412 1839 3483 ejus.
1873 3431 1891 3464 ι
1922 3414 1989 3468 Ει
2018 3429 2135 3485 pec-

553 3512 713 3569 cata,
752 3521 771 3555 ι
821 3503 1086 3572 inquiunt,
1124 3519 1143 3554 ι
1184 3513 1368 3558 nostra
1393 3506 1785 3575 responderunt
1806 3505 1981 3573 nobis,
2030 3524 2048 3559 ι
2081 3502 2132 3561 id

551 3602 656 3658 est,
704 3593 797 3664 qui
838 3594 967 3648 talia
1008 3595 1372 3658 merebamur,
1418 3595 1542 3651 talia
1584 3597 1910 3667 recepimus,
1949 3617 1968 3650 ‹
2004 3598 2132 3668 quia

549 3684 773 3750 scelera,
810 3704 829 3737 ι
860 3684 912 3739 id
939 3692 1039 3747 est,
1066 3693 1286 3755 peccata
1309 3695 1493 3741 nostra
1517 3687 1694 3742 omnia
1723 3704 1742 3738 ι
1774 3686 2074 3752 uobiscmn,
2107 3707 2126 3742 ι

549 3774 805 3830 subaudis
835 3775 1010 3830 adhuc
1049 3784 1191 3830 sunt.
1236 3773 1395 3831 Juxta
1433 3777 1575 3846 quod
1618 3777 1900 3847 imprecati
1947 3793 2134 3834 sumus

551 3873 741 3920 contra
772 3866 1161 3936 nosmetipsos,
1193 3866 1475 3922 dicentes:
1512 3886 1530 3919 ‹
1566 3866 1799 3939 Sanguis
1824 3868 1940 3939 ejus
1972 3883 2135 3940 super

549 3968 649 4008 nos
696 3960 750 4008 et
787 3969 947 4024 super
989 3955 1124 4009 filios
1172 3965 1385 4011 nostros
1425 3955 1639 4028 (Matth.
1683 3958 1889 4032 xxvu).
1944 3978 1963 4012 ι
2006 3978 2025 4012 ι
2063 3959 2130 4015 Ει

555 4042 870 4113 iniquitates
927 4054 1143 4099 nostras
1206 4046 1558 4116 cognovimus
1594 4086 1608 4111 ,
1676 4066 1695 4099 ι
1758 4048 2131 4118 paenitentiam

549 4134 777 4204 agendo,
806 4143 1162 4203 peccaverunt
1196 4134 1400 4190 scilicet
1425 4137 1698 4193 tradentes
1727 4153 1850 4193 eum
1882 4137 2058 4195 Pilato
2078 4148 2135 4196 et

549 4223 794 4278 dicentes
813 4230 835 4288 ,‘
854 4238 880 4275 ι
914 4223 1058 4280 Reus
1079 4233 1164 4280 est
1192 4226 1382 4282 mortis
1406 4226 1618 4296 (Matth.
1642 4228 1813 4300 xxvr).
1860 4248 1879 4281 ι

511 4382 515 4387 .
625 4332 645 4365 ι
703 4310 917 4368 Mentiri
965 4332 983 4365 ι
1035 4315 1217 4371 multis
1264 4316 1437 4373 modis
1468 4335 1487 4368 ι
1537 4327 1725 4373 contra
1760 4318 2067 4375 Dominum.
2105 4339 2125 4373 ι

548 4403 780 4462 Peccata
837 4421 933 4462 sua
981 4416 1037 4463 et
1079 4408 1416 4479 iniquitatem
1461 4422 1858 4480 cognoverunt,
1914 4413 2130 4483 quando

2242 1946 2608 2013 ambulabant,
2641 1948 2696 2007 id
2731 1957 2837 2015 est,
2871 1949 2927 2003 in
2974 1950 3165 2006 scribis
3206 1959 3264 2006 et
3308 1951 3629 2017 Pharisteis,
3677 1956 3822 2026 quasi

2242 2040 2436 2094 cecidit
2467 2040 2667 2096 veritas
2691 2055 2812 2111 qua:
2843 2034 2979 2097 dicit"
3004 2056 3020 2096 :
3061 2060 3080 2094 ‹
3114 2042 3226 2112 Ego
3257 2057 3380 2098 sum
3400 2044 3517 2113 via,
3536 2046 3744 2103 veritas
3774 2059 3822 2105 et

2241 2132 2352 2186 vita
2373 2132 2557 2203 (Joan.
2588 2133 2722 2204 xxv).
2752 2151 2775 2186 θ
2804 2131 3083 2204 Sequitur.

2317 2238 2338 2273 ι
2370 2221 2438 2275 Ει
2483 2220 2627 2277 facta
2667 2230 2755 2278 est
2800 2223 3024 2289 veritas,
3085 2241 3105 2276 ι
3139 2225 3424 2293 subaudis,
3468 2227 3677 2285 Judeis
3706 2248 3726 2282 ι
3770 2231 3819 2286 iu

2239 2312 2583 2369 oblivionem.
2623 2312 2691 2367 Et
2718 2314 2811 2383 qui
2845 2315 3070 2370 recessit
3105 2330 3137 2370 a
3175 2317 3338 2385 malo,
3392 2337 3413 2372 ι
3444 2320 3711 2376 subaudis
3733 2319 3819 2376 Ju—

2241 2402 2498 2468 tkeorum,
2527 2402 2612 2458 vel
2644 2418 2676 2457 a
2722 2403 2865 2458 malo
2893 2404 3227 2462 inﬁdelitatis
3264 2409 3549 2465 credendo
3586 2411 3643 2464 in
3669 2411 3813 2467 Chri—

2239 2491 2658 2561 stum,prasda,i
2691 2493 2949 2548 subaudis
2968 2492 3295 2562 Judaaorum,
3322 2498 3556 2567 «patuit,
3583 2519 3603 2551 ι
3620 2500 3672 2555 id
3689 2508 3803 2556 esti

2234 2583 2418 2651 praeda
2438 2596 2629 2638 eorum
2658 2582 2781 2651 fuit,
2819 2586 2944 2654 quia
2971 2586 3039 2642 ab
3064 2586 3172 2643 illis
3195 2595 3281 2644 est
3308 2589 3660 2660 depraedatus
3690 2592 3824 2649 sicut

2239 2674 2295 2728 iu
2324 2674 2709 2730 revelationem
2752 2677 2925 2733 sancti
2962 2677 3312 2750 Stephauide
3358 2681 3665 2740 Nicodemo
3707 2684 3827 2757 legi-

2239 2780 2378 2819 mus.
2417 2763 2572 2820 Unde
2598 2774 2657 2820 et
2688 2767 2936 2850 egregius
2964 2771 3286 2838 praedicator
3312 2772 3448 2828 dicit
3474 2772 3687 2830 Iudaeis
3708 2790 3822 2832 (ιι-ε-

2237 2854 2510 2921 dentibus,
2542 2870 2775 2927 quorum
2805 2858 2948 2914 bona
2972 2858 3316 2931 diripuerunt
3340 2862 3592 2921 inﬁdeles
3622 2883 3639 2919 :
3680 2884 3699 2918 ι
3729 2866 3825 2921 Βία

2236 2947 2418 3017 pinam
2434 2982 2453 3013 -,
2494 2948 2768 3019 inquiens,
2812 2950 3081 3007 honorum
3115 2967 3241 3008 cum
3270 2954 3469 3025 gaudio
3508 2956 3824 3028 suscepistis

2236 3038 2425 3109 (Hebr.
2461 3046 2538 3111 χ).
2584 3057 2605 3091 ι

2313 3147 2331 3180 ‹
2366 3129 2435 3183 Et
2466 3130 2600 3185 vidit
2624 3139 2680 3185 et
2704 3126 2906 3186 malum
2939 3133 3189 3205 apparuit
3220 3133 3276 3189 in
3307 3135 3475 3192 oculis
3517 3137 3662 3205 ejus,
3696 3139 3819 3209 quia

2181 3231 2204 3253 λ
2236 3237 2345 3277 non
2372 3231 2457 3277 est
2475 3222 2761 3293 judicium.
2797 3244 2817 3277 ι
2854 3224 3128 3282 Hactenus
3148 3243 3217 3283 ex
3242 3243 3462 3299 persona
3490 3229 3717 3285 illorum
3737 3231 3815 3287 lo-

2234 3322 2394 3369 cutus
2428 3321 2513 3369 est
2536 3313 2802 3385 Propheta
2820 3352 2836 3381 ,
2864 3316 2956 3386 qui
2982 3317 3359 3387 ptenitentiam
3384 3327 3499 3388 post
3530 3321 3808 3376 ascensio-

2235 3418 2359 3459 nem
2394 3402 2607 3459 Domini
2646 3404 2745 3459 visi
2794 3414 2921 3460 sunt
2962 3420 3127 3476 agere
3162 3424 3175 3460 :
3209 3423 3353 3463 nunc
3389 3422 3517 3463 vero
3543 3409 3678 3465 dicit
3709 3426 3817 3467 non

2230 3492 2502 3563 placuisse
2553 3494 2782 3549 Domino
2823 3494 3197 3565 penitentiam
3245 3511 3434 3553 eorum
3459 3538 3477 3565 ,
3536 3500 3665 3570 quia
3710 3517 3817 3560 non

2232 3592 2388 3640 erant
2417 3584 2651 3656 simplici
2687 3587 2872 3642 corde.
2906 3585 2975 3641 Et
3000 3587 3155 3652 vidit,
3187 3588 3384 3659 inquit,
3423 3591 3688 3650 Dominus
3708 3608 3821 3664 ναι

2234 3677 2519 3733 nitentiam
2564 3675 2895 3746 Iudaeorum,
2939 3678 2994 3735 id
3041 3688 3147 3747 est,
3198 3683 3456 3753 cognovit
3510 3685 3659 3755 quod
3711 3701 3818 3741 nou

2232 3785 2370 3842 puro
2392 3785 2459 3825 ex
2484 3771 2648 3825 corde
2678 3770 2782 3828 hoc
2805 3780 3048 3841 agerent,
3079 3773 3176 3829 sed
3205 3776 3374 3831 verbo
3403 3783 3587 3832 tenus.
3612 3776 3685 3833 Et
3706 3793 3818 3832 ma-

2196 3908 2205 3915 ,
2233 3859 2344 3914 lum
2368 3861 2619 3931 apparuit
2646 3861 2702 3916 in
2744 3862 2920 3918 oculis
2964 3861 3102 3933 ejus,
3144 3864 3274 3934 quia
3302 3879 3413 3921 non
3445 3874 3570 3922 erat
3590 3881 3662 3923 ex
3682 3883 3815 3939 pura

2233 3950 2535 4009 intentione
2553 3990 2570 4019 ,
2604 3961 2663 4009 et
2684 3954 2949 4024 putabant
2974 3969 3036 4011 se
3057 3969 3194 4012 voce
3219 3957 3663 4029 appropinquare
3688 3959 3813 4026 Deo,

2231 4051 2288 4098 et
2318 4044 2571 4113 decipere
2593 4044 3019 4114 omnipotentem
3046 4046 3249 4113 verbis,
3281 4036 3373 4117 qui
3401 4063 3514 4104 non
3549 4050 3815 4107 desiderat

2231 4132 2395 4198 labia,
2420 4133 2514 4189 sed
2540 4134 2724 4191 corda.
2766 4134 2905 4203 Quia
2933 4150 3041 4192 non
3067 4145 3151 4192 est
3174 4136 3442 4209 judicium
3470 4138 3813 4199 discretim

2231 4226 2359 4283 boni
2389 4235 2445 4281 et
2467 4227 2595 4282 mali
2627 4245 2642 4282 :
2671 4227 2759 4284 vel
2789 4244 2894 4285 non
2933 4239 3016 4285 est
3040 4227 3304 4299 judicium
3337 4231 3395 4287 in
3435 4230 3645 4289 Iudaeis
3681 4235 3813 4290 inter

2230 4320 2521 4391 puritatem
2544 4328 2599 4376 et
2625 4321 3048 4389 simulationem,
3073 4321 3157 4377 vel
3180 4322 3235 4377 in
3252 4336 3445 4377 eorum
3474 4325 3805 4393 poenitentia,

2231 4418 2289 4464 et
2319 4423 2425 4464 non
2455 4418 2541 4466 est
2561 4408 2827 4478 judicium
2858 4411 3219 4467 rectitudinis.
3256 4430 3276 4463 ι
3310 4411 3381 4466 Ει
3408 4413 3551 4468 vidit
3574 4413 3747 4482 Deus,
3780 4433 3802 4467 ι

546 4498 857 4569 compuncti
892 4500 1052 4555 corde
1080 4500 1332 4555 dixerunt
1379 4501 1444 4555 ad
1477 4500 1693 4556 Petrum
1729 4511 1784 4558 et
1813 4503 1880 4558 ad
1903 4514 2129 4561 caeteros
2156 4538 2206 4597 Β
2233 4502 2492 4558 subaudis
2521 4502 2705 4569 Pater,
2737 4522 2756 4555 ι
2794 4502 2921 4573 quia
2950 4518 3058 4558 non
3083 4512 3163 4558 est
3188 4504 3291 4569 vir,
3320 4513 3377 4557 et
3405 4506 3685 4575 aperiatur.
3702 4515 3803 4573 est,

546 4590 859 4660 apostolos:
892 4610 909 4643 ι
948 4591 1088 4658 Quid
1113 4591 1397 4658 faciemus,
1424 4592 1527 4648 viri
1564 4592 1761 4649 fratres
1801 4594 1939 4666 (Act.
1974 4593 2074 4667 n)?
2102 4616 2121 4648 ι

547 4679 826 4749 Sequitur.
857 4701 875 4732 ι
909 4681 977 4735 Ει
1010 4683 1185 4737 aversi
1212 4697 1418 4749 sumus,
1458 4703 1477 4735 ι
1512 4683 1567 4738 id
1596 4692 1710 4751 est,
1741 4685 2128 4744 declinavimus

552 4791 573 4824 ι
604 4787 672 4828 ne
700 4772 899 4828 iremus
919 4782 1040 4843 post
1065 4783 1272 4845 tergunt
1301 4774 1514 4830 Domini
1536 4776 1634 4831 Dei
1664 4777 1859 4843 nostri,
1894 4797 1912 4831 ι
1939 4778 1992 4833 id
2021 4787 2126 4846 est,

546 4879 615 4919 ne
661 4863 1002 4919 imitaremur
1027 4880 1178 4931 eum,
1206 4866 1500 4922 secundum
1525 4868 1668 4939 quod
1703 4868 1757 4923 in
1798 4868 1913 4940 lege
1940 4871 2128 4940 praeci-

494 4949 502 4955 ’
546 4956 726 5026 pitur:
749 4974 767 5006 ι
787 4955 915 5011 Post
933 4955 1216 5011 Dominum
1241 4958 1406 5013 Deum
1442 4966 1590 5013 tuum
1613 4958 1916 5016 ambulabis
1944 4960 2123 5034 (Deut.

546 5044 647 5114 vt).
694 5063 713 5096 ι
766 5045 832 5100 Ει
868 5046 1024 5117 juxta
1066 5048 1208 5118 quod
1248 5048 1303 5102 in
1348 5048 1638 5122 Evangelio
1673 5051 1872 5107 dicitur
1907 5069 1921 5106 :
1963 5072 1980 5104 ι
2022 5053 2122 5122 Qui

547 5139 685 5193 mihi
702 5138 972 5195 ministrat
992 5156 1078 5195 me
1109 5141 1559 5214 sequatur(Joan.
1586 5144 1705 5217 xu).
1743 5164 1760 5197 ι
1798 5164 1816 5198 ‹
1847 5146 1917 5202 Ut
1946 5145 2122 5218 loque-

549 5244 732 5285 remur
776 5230 1123 5301 calumniam,
1186 5253 1206 5286 ›
1245 5236 1349 5291 hoc
1386 5245 1469 5292 est
1514 5237 1925 5308 blasphemiam,
1987 5259 2007 5292 ι
2069 5250 2124 5297 ει

547 5324 1031 5393 transgressionem
1091 5344 1112 5378 ι
1177 5326 1311 5398 legis
1369 5329 1454 5383 vel
1508 5332 1846 5402 negationem
1899 5331 2121 5390 Christi.

555 5428 574 5463 ι
609 5410 993 5483 Concepimus,
1031 5434 1051 5467 ι
1086 5417 1362 5484 subaudis,
1391 5419 1670 5486 malitiam,
1709 5440 1729 5472 ι
1763 5430 1818 5476 et
1837 5421 2002 5478 locuti
2032 5439 2124 5480 su-

547 5516 668 5558 mus
696 5503 762 5557 de
790 5505 951 5560 corde
978 5505 1141 5562 verba
1168 5509 1591 5564 mendaciorum.
1624 5529 1643 5562 ι

624 5610 643 5644 ι
664 5592 1059 5651 Etconversum
1088 5607 1171 5652 est
1201 5606 1494 5654 retrorsum
1518 5596 1803 5668 judicium,
1831 5621 1852 5655 ι
1885 5603 1990 5660 hoc
2015 5614 2116 5674 est,

546 5683 793 5741 Christus
816 5687 1037 5742 recessit
1057 5703 1087 5741 a
1110 5689 1285 5753 nobis,
1315 5697 1369 5743 et
1396 5690 1608 5745 transiit
1635 5690 1701 5745 ad
1727 5701 1932 5763 gentes.
1957 5694 2118 5750 Juxta

547 5776 687 5842 quod
729 5777 841 5847 ipse
871 5777 1117 5847 praedixit
1142 5779 1326 5836 dicens
1357 5793 1372 5833 :
1405 5797 1423 5831 ι
1468 5777 1755 5839 Auferetur
1789 5798 1819 5840 a
1854 5784 2006 5842 vobis
2029 5802 2115 5842 rc-

2230 4594 2355 4665 quia
2381 4609 2485 4649 non
2509 4603 2594 4650 est
2623 4595 2715 4665 qui
2748 4605 3021 4651 occurrat.
3065 4612 3087 4645 ι
3116 4594 3257 4649 Vidit
3280 4595 3421 4650 Deus
3456 4594 3648 4663 Pater,
3689 4599 3806 4668 quia

2231 4700 2336 4740 non
2372 4693 2457 4741 est
2479 4687 2566 4740 vir
2591 4685 2820 4756 quilibet
2845 4694 3069 4743 sanctus
3096 4686 3152 4741 in
3178 4683 3402 4752 Judmis,
3433 4696 3497 4742 ut
3525 4688 3809 4761 Moyseset

2230 4777 2398 4833 David
2422 4777 2621 4850 aliique
2640 4779 3045 4850 quamplurimi,
3075 4790 3132 4836 et
3153 4779 3447 4850 aporiatus,
3477 4783 3665 4850 idest,
3695 4800 3811 4840 con-

2228 4871 2474 4926 tristatus
2519 4881 2635 4938 est,
2678 4872 2764 4927 vel
2792 4872 2860 4927 de
2888 4872 3202 4930 infidelitate
3243 4874 3575 4940 Iudaeorum,
3609 4877 3696 4931 vel
3733 4876 3811 4932 eis

2230 4960 2533 5029 fundendo,
2561 4962 2663 5019 hoc
2698 4973 2802 5030 cst,
2830 4965 2925 5035 qui
2951 4965 3302 5022 interveniret
3327 4976 3384 5022 et
3404 4966 3668 5024 funderet
3693 4984 3813 5040 pre-

2231 5071 2321 5113 ces
2366 5072 2464 5127 pro
2495 5057 2593 5125 eis,
2646 5067 2706 5113 ut
2732 5059 2860 5114 olim
2891 5058 3100 5131 Moyses
3127 5061 3180 5115 in
3211 5061 3443 5127 deserto,
3485 5072 3543 5117 et
3590 5062 3811 5118 Samuel

2228 5154 2285 5202 et
2308 5146 2495 5202 David.
2524 5147 2692 5202 Erant
2719 5148 2938 5217 quidam
2978 5150 3033 5204 in
3071 5149 3164 5204 illo
3197 5150 3416 5220 populo,
3441 5161 3710 5220 quantum
3742 5153 3810 5206 ad
3831 5178 3856 5201 ο

2230 5233 2419 5293 sexum
2451 5237 2719 5309 pertinet,
2745 5240 2834 5310 qui
2872 5239 2975 5294 viri
3007 5240 3450 5311 appellabantur:
3477 5244 3575 5299 sed
3596 5244 3808 5299 cﬂ'emio

2231 5332 2343 5386 nati
2363 5340 2540 5399 erant,
2556 5333 2703 5412 sicut
2716 5331 2829 5402 jam
2857 5333 3104 5403 superius
3136 5334 3189 5389 in
3212 5333 3320 5390 alio
3336 5334 3455 5391 loco
3468 5336 3611 5391 dixit
3636 5355 3648 5389 :
3672 5336 3811 5404 Quia

2236 5443 2254 5475 ‹
2291 5424 2434 5489 veni,
2469 5433 2524 5479 et
2554 5440 2658 5480 non
2705 5431 2825 5479 erat
2861 5424 2945 5479 vir
2977 5425 3066 5494 qui
3098 5426 3326 5480 audiret.
3358 5445 3380 5478 ι
3416 5446 3435 5478 ‹
3470 5427 3541 5483 Ει
3577 5428 3813 5483 salvabit

2229 5514 2330 5568 sibi
2357 5514 2637 5571 brachium
2666 5516 2849 5582 suum,
2867 5524 2921 5569 et
2942 5513 3154 5584 justitia
3179 5516 3294 5586 ejus
3324 5517 3439 5588 ipsa
3459 5518 3811 5574 conﬁrmabit

2228 5617 2370 5659 eum.
2412 5622 2430 5655 ι
2466 5603 2618 5660 Sicut
2659 5604 2714 5658 in
2742 5604 2864 5659 aliis
2898 5605 3031 5661 locis
3065 5621 3225 5677 quam
3256 5606 3505 5677 pluribus
3543 5609 3807 5673 diximus,

2226 5710 2323 5766 per
2354 5696 2631 5751 brachium
2662 5696 2756 5752 Dei
2784 5696 2961 5753 Patris
2984 5696 3178 5753 Filium
3209 5697 3464 5754 debemus
3487 5699 3809 5769 .intelligere

2225 5804 2323 5859 per
2351 5802 2508 5859 quem
2535 5789 2713 5845 omnia
2737 5789 2883 5858 fecit,
2914 5800 2965 5847 et
2987 5807 3143 5862 quem
3172 5792 3283 5862 ipse
3311 5793 3539 5851 salvavit
3566 5810 3595 5850 a
3624 5802 3803 5851 morte
