  <div class='ocr_page' id='page_1' title='image "/cluster/home/n/w/nwhite01/storage/ocr_20150623/116/hvd.32044015466881/516.png"; bbox 0 0 4016 6518; ppageno 0'>
   <div class='ocr_carea' id='block_1_1' title="bbox 239 466 377 523">
    <p class='ocr_par' dir='ltr' id='par_1_1' title="bbox 239 466 377 523">
     <span class='ocr_line' id='line_1_1' title="bbox 239 466 377 523; baseline 0.014 -2"><span class='ocrx_word' id='word_1_1' title='bbox 239 466 377 523; x_wconf 69' lang='grc'><strong>1029</strong></span> 
     </span>
    </p>
   </div>
   <div class='ocr_carea' id='block_1_2' title="bbox 1292 460 2427 519">
    <p class='ocr_par' dir='ltr' id='par_1_2' title="bbox 1292 460 2427 519">
     <span class='ocr_line' id='line_1_2' title="bbox 1292 460 2427 519; baseline 0.002 -2"><span class='ocrx_word' id='word_1_2' title='bbox 1292 460 1638 517; x_wconf 73' lang='lat' dir='ltr'><strong>COMMENT.</strong></span> <span class='ocrx_word' id='word_1_3' title='bbox 1682 462 1747 518; x_wconf 75' lang='lat' dir='ltr'><strong>IN</strong></span> <span class='ocrx_word' id='word_1_4' title='bbox 1783 462 2032 519; x_wconf 75' lang='grc' dir='ltr'><strong>13Λ1ΑΜ.</strong></span> <span class='ocrx_word' id='word_1_5' title='bbox 2072 495 2140 505; x_wconf 92' lang='grc'><strong><em>-</em></strong></span> <span class='ocrx_word' id='word_1_6' title='bbox 2181 462 2304 519; x_wconf 79' lang='lat' dir='ltr'><strong>LIB.</strong></span> <span class='ocrx_word' id='word_1_7' title='bbox 2345 460 2427 519; x_wconf 78' lang='lat' dir='ltr'><strong>Ill.</strong></span> 
     </span>
    </p>
   </div>
   <div class='ocr_carea' id='block_1_3' title="bbox 3351 458 3488 515">
    <p class='ocr_par' dir='ltr' id='par_1_3' title="bbox 3351 458 3488 515">
     <span class='ocr_line' id='line_1_3' title="bbox 3351 458 3488 515; baseline 0 0"><span class='ocrx_word' id='word_1_8' title='bbox 3351 458 3488 515; x_wconf 67' lang='lat'><strong>{030</strong></span> 
     </span>
    </p>
   </div>
   <div class='ocr_carea' id='block_1_4' title="bbox 238 556 3489 637">
    <p class='ocr_par' dir='ltr' id='par_1_4' title="bbox 238 556 3489 637">
     <span class='ocr_line' id='line_1_4' title="bbox 238 556 3489 637; baseline -0.003 0"><span class='ocrx_word' id='word_1_9' title='bbox 238 556 609 637; x_wconf 81' lang='lat' dir='ltr'><strong>resuscitando</strong></span> <span class='ocrx_word' id='word_1_10' title='bbox 622 589 790 630; x_wconf 89' lang='lat' dir='ltr'><strong>euma</strong></span> <span class='ocrx_word' id='word_1_11' title='bbox 814 572 1063 628; x_wconf 77' lang='lat' dir='ltr'><strong>mortuis.</strong></span> <span class='ocrx_word' id='word_1_12' title='bbox 1084 572 1245 628; x_wconf 83' lang='lat' dir='ltr'><strong>Etest</strong></span> <span class='ocrx_word' id='word_1_13' title='bbox 1274 588 1464 629; x_wconf 85' lang='lat' dir='ltr'><strong>sensus</strong></span> <span class='ocrx_word' id='word_1_14' title='bbox 1500 592 1513 628; x_wconf 90' lang='lat'><strong>:</strong></span> <span class='ocrx_word' id='word_1_15' title='bbox 1542 571 1812 629; x_wconf 75' lang='lat' dir='ltr'><strong>Judzeisin</strong></span> <span class='ocrx_word' id='word_1_16' title='bbox 1841 577 1887 635; x_wconf 79' lang='grc' dir='ltr'><strong>Α</strong></span> <span class='ocrx_word' id='word_1_17' title='bbox 1916 575 2196 630; x_wconf 87' lang='lat' dir='ltr'><strong>occidente</strong></span> <span class='ocrx_word' id='word_1_18' title='bbox 2226 585 2281 631; x_wconf 88' lang='lat' dir='ltr'><strong>et</strong></span> <span class='ocrx_word' id='word_1_19' title='bbox 2310 584 2433 630; x_wconf 92' lang='lat' dir='ltr'><strong>ortu</strong></span> <span class='ocrx_word' id='word_1_20' title='bbox 2466 572 2595 629; x_wconf 90' lang='lat' dir='ltr'><strong>solis</strong></span> <span class='ocrx_word' id='word_1_21' title='bbox 2632 572 2897 629; x_wconf 85' lang='lat' dir='ltr'><strong>timebunt</strong></span> <span class='ocrx_word' id='word_1_22' title='bbox 2922 586 3118 629; x_wconf 83' lang='lat' dir='ltr'><strong>nomen</strong></span> <span class='ocrx_word' id='word_1_23' title='bbox 3149 572 3361 629; x_wconf 82' lang='lat' dir='ltr'><strong>Domini</strong></span> <span class='ocrx_word' id='word_1_24' title='bbox 3386 572 3489 629; x_wconf 86' lang='lat' dir='ltr'><strong>Pa-</strong></span> 
     </span>
    </p>
   </div>
   <div class='ocr_carea' id='block_1_5' title="bbox 222 662 1808 736">
    <p class='ocr_par' dir='ltr' id='par_1_5' title="bbox 222 662 1808 736">
     <span class='ocr_line' id='line_1_5' title="bbox 222 662 1808 736; baseline -0.004 -12"><span class='ocrx_word' id='word_1_25' title='bbox 222 667 552 724; x_wconf 79' lang='lat' dir='ltr'><strong>&#39;inﬂdelitate</strong></span> <span class='ocrx_word' id='word_1_26' title='bbox 586 663 1224 736; x_wconf 87' lang='lat' dir='ltr'><strong>permanentibus,.Deus</strong></span> <span class='ocrx_word' id='word_1_27' title='bbox 1248 662 1411 718; x_wconf 88' lang='lat' dir='ltr'><strong>Pater</strong></span> <span class='ocrx_word' id='word_1_28' title='bbox 1447 664 1676 718; x_wconf 87' lang='lat' dir='ltr'><strong>salvavit</strong></span> <span class='ocrx_word' id='word_1_29' title='bbox 1708 662 1808 718; x_wconf 84' lang='lat' dir='ltr'><strong>sibi</strong></span> 
     </span>
    </p>
   </div>
   <div class='ocr_carea' id='block_1_6' title="bbox 236 740 1810 825">
    <p class='ocr_par' dir='ltr' id='par_1_6' title="bbox 236 740 1810 825">
     <span class='ocr_line' id='line_1_6' title="bbox 236 740 1810 825; baseline -0.005 -11"><span class='ocrx_word' id='word_1_30' title='bbox 236 757 433 815; x_wconf 85' lang='lat' dir='ltr'><strong>Filium</strong></span> <span class='ocrx_word' id='word_1_31' title='bbox 480 771 636 813; x_wconf 86' lang='lat' dir='ltr'><strong>suum</strong></span> <span class='ocrx_word' id='word_1_32' title='bbox 688 770 719 809; x_wconf 90' lang='lat' dir='ltr'><strong>a</strong></span> <span class='ocrx_word' id='word_1_33' title='bbox 769 740 1143 825; x_wconf 84' lang='lat' dir='ltr'><strong>persecutione</strong></span> <span class='ocrx_word' id='word_1_34' title='bbox 1203 752 1440 820; x_wconf 89' lang='lat' dir='ltr'><strong>illorum,</strong></span> <span class='ocrx_word' id='word_1_35' title='bbox 1482 761 1537 808; x_wconf 90' lang='lat' dir='ltr'><strong>et</strong></span> <span class='ocrx_word' id='word_1_36' title='bbox 1584 752 1810 808; x_wconf 88' lang='lat' dir='ltr'><strong>salvabit</strong></span> 
     </span>
    </p>
   </div>
   <div class='ocr_carea' id='block_1_7' title="bbox 222 843 1809 916">
    <p class='ocr_par' dir='ltr' id='par_1_7' title="bbox 222 843 1809 916">
     <span class='ocr_line' id='line_1_7' title="bbox 222 843 1809 916; baseline -0.006 -11"><span class='ocrx_word' id='word_1_37' title='bbox 222 850 402 906; x_wconf 71' lang='lat' dir='ltr'><strong>etiam</strong></span> <span class='ocrx_word' id='word_1_38' title='bbox 430 848 485 903; x_wconf 88' lang='lat' dir='ltr'><strong>in</strong></span> <span class='ocrx_word' id='word_1_39' title='bbox 504 845 687 903; x_wconf 86' lang='lat' dir='ltr'><strong>futuro</strong></span> <span class='ocrx_word' id='word_1_40' title='bbox 718 863 732 900; x_wconf 91' lang='lat'><strong>:</strong></span> <span class='ocrx_word' id='word_1_41' title='bbox 763 853 819 901; x_wconf 92' lang='lat' dir='ltr'><strong>et</strong></span> <span class='ocrx_word' id='word_1_42' title='bbox 844 844 1057 916; x_wconf 89' lang='lat' dir='ltr'><strong>justitia</strong></span> <span class='ocrx_word' id='word_1_43' title='bbox 1078 843 1215 912; x_wconf 85' lang='lat' dir='ltr'><strong>ejus,</strong></span> <span class='ocrx_word' id='word_1_44' title='bbox 1248 844 1301 900; x_wconf 98' lang='lat' dir='ltr'><strong>id</strong></span> <span class='ocrx_word' id='word_1_45' title='bbox 1319 854 1423 908; x_wconf 89' lang='lat' dir='ltr'><strong>cst,</strong></span> <span class='ocrx_word' id='word_1_46' title='bbox 1450 844 1618 899; x_wconf 83' lang='lat' dir='ltr'><strong>Filius</strong></span> <span class='ocrx_word' id='word_1_47' title='bbox 1643 843 1809 910; x_wconf 91' lang='lat' dir='ltr'><strong>illius,</strong></span> 
     </span>
    </p>
   </div>
   <div class='ocr_carea' id='block_1_8' title="bbox 234 933 1809 1011">
    <p class='ocr_par' dir='ltr' id='par_1_8' title="bbox 234 933 1809 1011">
     <span class='ocr_line' id='line_1_8' title="bbox 234 933 1809 1011; baseline -0.003 -19"><span class='ocrx_word' id='word_1_48' title='bbox 234 938 328 1011; x_wconf 80' lang='lat' dir='ltr'><strong>qui</strong></span> <span class='ocrx_word' id='word_1_49' title='bbox 352 935 614 1007; x_wconf 83' lang='lat' dir='ltr'><strong>justiﬂcat</strong></span> <span class='ocrx_word' id='word_1_50' title='bbox 648 950 836 991; x_wconf 91' lang='lat' dir='ltr'><strong>omnes</strong></span> <span class='ocrx_word' id='word_1_51' title='bbox 861 933 1061 989; x_wconf 87' lang='lat' dir='ltr'><strong>electos</strong></span> <span class='ocrx_word' id='word_1_52' title='bbox 1084 975 1100 1000; x_wconf 96' lang='lat'><strong>,</strong></span> <span class='ocrx_word' id='word_1_53' title='bbox 1143 934 1254 1004; x_wconf 90' lang='lat' dir='ltr'><strong>ipse</strong></span> <span class='ocrx_word' id='word_1_54' title='bbox 1290 934 1634 989; x_wconf 87' lang='lat' dir='ltr'><strong>conlirmabit</strong></span> <span class='ocrx_word' id='word_1_55' title='bbox 1662 948 1809 999; x_wconf 92' lang='lat' dir='ltr'><strong>eum,</strong></span> 
     </span>
    </p>
   </div>
   <div class='ocr_carea' id='block_1_9' title="bbox 237 1025 1811 1097">
    <p class='ocr_par' dir='ltr' id='par_1_9' title="bbox 237 1025 1811 1097">
     <span class='ocr_line' id='line_1_9' title="bbox 237 1025 1811 1097; baseline -0.004 -12"><span class='ocrx_word' id='word_1_56' title='bbox 237 1029 342 1085; x_wconf 88' lang='lat' dir='ltr'><strong>hoc</strong></span> <span class='ocrx_word' id='word_1_57' title='bbox 387 1037 492 1095; x_wconf 90' lang='lat' dir='ltr'><strong>est,</strong></span> <span class='ocrx_word' id='word_1_58' title='bbox 538 1026 831 1083; x_wconf 81' lang='lat' dir='ltr'><strong>laetiﬁcabit</strong></span> <span class='ocrx_word' id='word_1_59' title='bbox 865 1027 930 1081; x_wconf 90' lang='lat' dir='ltr'><strong>de</strong></span> <span class='ocrx_word' id='word_1_60' title='bbox 979 1025 1148 1082; x_wconf 90' lang='lat' dir='ltr'><strong>salute</strong></span> <span class='ocrx_word' id='word_1_61' title='bbox 1174 1027 1434 1097; x_wconf 87' lang='lat' dir='ltr'><strong>gentium.</strong></span> <span class='ocrx_word' id='word_1_62' title='bbox 1467 1026 1719 1082; x_wconf 86' lang='lat' dir='ltr'><strong>Dicamus</strong></span> <span class='ocrx_word' id='word_1_63' title='bbox 1755 1034 1811 1081; x_wconf 91' lang='lat' dir='ltr'><strong>et</strong></span> 
     </span>
    </p>
   </div>
   <div class='ocr_carea' id='block_1_10' title="bbox 238 1116 1808 1187">
    <p class='ocr_par' dir='ltr' id='par_1_10' title="bbox 238 1116 1808 1187">
     <span class='ocr_line' id='line_1_10' title="bbox 238 1116 1808 1187; baseline -0.002 -13"><span class='ocrx_word' id='word_1_64' title='bbox 238 1118 398 1175; x_wconf 80' lang='lat' dir='ltr'><strong>aliter</strong></span> <span class='ocrx_word' id='word_1_65' title='bbox 431 1134 446 1173; x_wconf 91' lang='lat'><strong>:</strong></span> <span class='ocrx_word' id='word_1_66' title='bbox 478 1118 592 1174; x_wconf 78' lang='lat' dir='ltr'><strong>Illis</strong></span> <span class='ocrx_word' id='word_1_67' title='bbox 623 1117 928 1173; x_wconf 74' lang='lat' dir='ltr'><strong>nolentibus</strong></span> <span class='ocrx_word' id='word_1_68' title='bbox 957 1116 1197 1171; x_wconf 82' lang='lat' dir='ltr'><strong>converti</strong></span> <span class='ocrx_word' id='word_1_69' title='bbox 1227 1116 1295 1171; x_wconf 92' lang='lat' dir='ltr'><strong>ad</strong></span> <span class='ocrx_word' id='word_1_70' title='bbox 1324 1117 1694 1187; x_wconf 80' lang='lat' dir='ltr'><strong>paenitentiam</strong></span> <span class='ocrx_word' id='word_1_71' title='bbox 1722 1131 1808 1171; x_wconf 88' lang='lat' dir='ltr'><strong>ve—</strong></span> 
     </span>
    </p>
   </div>
   <div class='ocr_carea' id='block_1_11' title="bbox 225 1208 1813 1281">
    <p class='ocr_par' dir='ltr' id='par_1_11' title="bbox 225 1208 1813 1281">
     <span class='ocr_line' id='line_1_11' title="bbox 225 1208 1813 1281; baseline 0 -16"><span class='ocrx_word' id='word_1_72' title='bbox 225 1226 378 1275; x_wconf 27' lang='lat' dir='ltr'><strong>rram,</strong></span> <span class='ocrx_word' id='word_1_73' title='bbox 406 1209 550 1265; x_wconf 90' lang='lat' dir='ltr'><strong>Deus</strong></span> <span class='ocrx_word' id='word_1_74' title='bbox 582 1208 744 1265; x_wconf 85' lang='lat' dir='ltr'><strong>Pater</strong></span> <span class='ocrx_word' id='word_1_75' title='bbox 781 1208 1005 1264; x_wconf 88' lang='lat' dir='ltr'><strong>salvavit</strong></span> <span class='ocrx_word' id='word_1_76' title='bbox 1035 1208 1137 1265; x_wconf 86' lang='lat' dir='ltr'><strong>sibi</strong></span> <span class='ocrx_word' id='word_1_77' title='bbox 1163 1209 1445 1265; x_wconf 90' lang='lat' dir='ltr'><strong>credentes</strong></span> <span class='ocrx_word' id='word_1_78' title='bbox 1469 1224 1537 1265; x_wconf 78' lang='lat' dir='ltr'><strong>ex</strong></span> <span class='ocrx_word' id='word_1_79' title='bbox 1562 1210 1813 1281; x_wconf 80' lang='lat' dir='ltr'><strong>gentibus</strong></span> 
     </span>
    </p>
   </div>
   <div class='ocr_carea' id='block_1_12' title="bbox 222 1298 1810 1377">
    <p class='ocr_par' dir='ltr' id='par_1_12' title="bbox 222 1298 1810 1377">
     <span class='ocr_line' id='line_1_12' title="bbox 222 1298 1810 1377; baseline 0.001 -22"><span class='ocrx_word' id='word_1_80' title='bbox 222 1310 333 1370; x_wconf 52' lang='lat' dir='ltr'><strong>iper</strong></span> <span class='ocrx_word' id='word_1_81' title='bbox 370 1300 566 1377; x_wconf 72' lang='lat' dir='ltr'><strong>Filium</strong></span> <span class='ocrx_word' id='word_1_82' title='bbox 591 1316 769 1366; x_wconf 91' lang='lat' dir='ltr'><strong>suum,</strong></span> <span class='ocrx_word' id='word_1_83' title='bbox 810 1308 864 1355; x_wconf 92' lang='lat' dir='ltr'><strong>et</strong></span> <span class='ocrx_word' id='word_1_84' title='bbox 889 1300 1098 1371; x_wconf 91' lang='lat' dir='ltr'><strong>justitia</strong></span> <span class='ocrx_word' id='word_1_85' title='bbox 1135 1298 1250 1367; x_wconf 89' lang='lat' dir='ltr'><strong>ejus</strong></span> <span class='ocrx_word' id='word_1_86' title='bbox 1291 1300 1405 1355; x_wconf 90' lang='lat' dir='ltr'><strong>sive</strong></span> <span class='ocrx_word' id='word_1_87' title='bbox 1439 1301 1810 1357; x_wconf 81' lang='lat' dir='ltr'><strong>misericordia</strong></span> 
     </span>
    </p>
   </div>
   <div class='ocr_carea' id='block_1_13' title="bbox 237 1390 1809 1462">
    <p class='ocr_par' dir='ltr' id='par_1_13' title="bbox 237 1390 1809 1462">
     <span class='ocr_line' id='line_1_13' title="bbox 237 1390 1809 1462; baseline 0.001 -16"><span class='ocrx_word' id='word_1_88' title='bbox 237 1393 320 1462; x_wconf 85' lang='lat' dir='ltr'><strong>(ut</strong></span> <span class='ocrx_word' id='word_1_89' title='bbox 347 1391 699 1461; x_wconf 81' lang='lat' dir='ltr'><strong>Septuaginta</strong></span> <span class='ocrx_word' id='word_1_90' title='bbox 724 1390 1133 1460; x_wconf 89' lang='lat' dir='ltr'><strong>transtulerunt)</strong></span> <span class='ocrx_word' id='word_1_91' title='bbox 1164 1390 1280 1459; x_wconf 91' lang='lat' dir='ltr'><strong>ipsa</strong></span> <span class='ocrx_word' id='word_1_92' title='bbox 1306 1392 1653 1446; x_wconf 80' lang='lat' dir='ltr'><strong>conﬁrmabit</strong></span> <span class='ocrx_word' id='word_1_93' title='bbox 1684 1407 1809 1449; x_wconf 91' lang='lat' dir='ltr'><strong>eum</strong></span> 
     </span>
    </p>
   </div>
   <div class='ocr_carea' id='block_1_14' title="bbox 236 1481 1810 1554">
    <p class='ocr_par' dir='ltr' id='par_1_14' title="bbox 236 1481 1810 1554">
     <span class='ocr_line' id='line_1_14' title="bbox 236 1481 1810 1554; baseline 0.002 -18"><span class='ocrx_word' id='word_1_94' title='bbox 236 1483 326 1554; x_wconf 87' lang='lat' dir='ltr'><strong>qui</strong></span> <span class='ocrx_word' id='word_1_95' title='bbox 359 1482 589 1538; x_wconf 85' lang='lat' dir='ltr'><strong>voluerit</strong></span> <span class='ocrx_word' id='word_1_96' title='bbox 619 1484 688 1538; x_wconf 87' lang='lat' dir='ltr'><strong>ab</strong></span> <span class='ocrx_word' id='word_1_97' title='bbox 725 1496 927 1537; x_wconf 79' lang='lat' dir='ltr'><strong>errore</strong></span> <span class='ocrx_word' id='word_1_98' title='bbox 946 1481 1207 1546; x_wconf 90' lang='lat' dir='ltr'><strong>converti,</strong></span> <span class='ocrx_word' id='word_1_99' title='bbox 1236 1488 1296 1535; x_wconf 92' lang='lat' dir='ltr'><strong>ut</strong></span> <span class='ocrx_word' id='word_1_100' title='bbox 1329 1497 1436 1536; x_wconf 91' lang='lat' dir='ltr'><strong>non</strong></span> <span class='ocrx_word' id='word_1_101' title='bbox 1461 1483 1573 1538; x_wconf 87' lang='lat' dir='ltr'><strong>suis</strong></span> <span class='ocrx_word' id='word_1_102' title='bbox 1604 1483 1810 1539; x_wconf 90' lang='lat' dir='ltr'><strong>meritis</strong></span> 
     </span>
    </p>
   </div>
   <div class='ocr_carea' id='block_1_15' title="bbox 222 1570 1811 1642">
    <p class='ocr_par' dir='ltr' id='par_1_15' title="bbox 222 1570 1811 1642">
     <span class='ocr_line' id='line_1_15' title="bbox 222 1570 1811 1642; baseline -0.001 -11"><span class='ocrx_word' id='word_1_103' title='bbox 222 1576 329 1631; x_wconf 74' lang='lat' dir='ltr'><strong>sed</strong></span> <span class='ocrx_word' id='word_1_104' title='bbox 352 1572 494 1631; x_wconf 90' lang='lat' dir='ltr'><strong>illius</strong></span> <span class='ocrx_word' id='word_1_105' title='bbox 523 1574 889 1631; x_wconf 87' lang='lat' dir='ltr'><strong>misericordia</strong></span> <span class='ocrx_word' id='word_1_106' title='bbox 919 1571 1174 1629; x_wconf 88' lang='lat' dir='ltr'><strong>salvetur.</strong></span> <span class='ocrx_word' id='word_1_107' title='bbox 1206 1570 1424 1627; x_wconf 68' lang='lat' dir='ltr'><strong>Iustitia</strong></span> <span class='ocrx_word' id='word_1_108' title='bbox 1448 1573 1594 1629; x_wconf 89' lang='lat' dir='ltr'><strong>enim</strong></span> <span class='ocrx_word' id='word_1_109' title='bbox 1622 1582 1722 1642; x_wconf 57' lang='lat' dir='ltr'><strong>est,</strong></span> <span class='ocrx_word' id='word_1_110' title='bbox 1749 1581 1811 1629; x_wconf 95' lang='lat' dir='ltr'><strong>ut</strong></span> 
     </span>
    </p>
   </div>
   <div class='ocr_carea' id='block_1_16' title="bbox 233 1664 1807 1735">
    <p class='ocr_par' dir='ltr' id='par_1_16' title="bbox 233 1664 1807 1735">
     <span class='ocr_line' id='line_1_16' title="bbox 233 1664 1807 1735; baseline -0.001 -13"><span class='ocrx_word' id='word_1_111' title='bbox 233 1667 458 1723; x_wconf 88' lang='lat' dir='ltr'><strong>Creator</strong></span> <span class='ocrx_word' id='word_1_112' title='bbox 489 1674 751 1722; x_wconf 64' lang='lat' dir='ltr'><strong>creatura:</strong></span> <span class='ocrx_word' id='word_1_113' title='bbox 778 1680 889 1722; x_wconf 62' lang='lat' dir='ltr'><strong>suae.</strong></span> <span class='ocrx_word' id='word_1_114' title='bbox 920 1671 1127 1735; x_wconf 89' lang='lat' dir='ltr'><strong>parcat,</strong></span> <span class='ocrx_word' id='word_1_115' title='bbox 1154 1679 1275 1735; x_wconf 88' lang='lat' dir='ltr'><strong>quae</strong></span> <span class='ocrx_word' id='word_1_116' title='bbox 1312 1664 1427 1721; x_wconf 88' lang='lat' dir='ltr'><strong>suis</strong></span> <span class='ocrx_word' id='word_1_117' title='bbox 1462 1664 1670 1721; x_wconf 79' lang='lat' dir='ltr'><strong>meritis</strong></span> <span class='ocrx_word' id='word_1_118' title='bbox 1699 1680 1807 1721; x_wconf 88' lang='lat' dir='ltr'><strong>non</strong></span> 
     </span>
    </p>
   </div>
   <div class='ocr_carea' id='block_1_17' title="bbox 232 1756 687 1828">
    <p class='ocr_par' dir='ltr' id='par_1_17' title="bbox 232 1756 687 1828">
     <span class='ocr_line' id='line_1_17' title="bbox 232 1756 687 1828; baseline -0.002 -16"><span class='ocrx_word' id='word_1_119' title='bbox 232 1765 445 1828; x_wconf 86' lang='lat' dir='ltr'><strong>poterat</strong></span> <span class='ocrx_word' id='word_1_120' title='bbox 471 1756 687 1814; x_wconf 89' lang='lat' dir='ltr'><strong>salvari.</strong></span> 
     </span>
    </p>
   </div>
   <div class='ocr_carea' id='block_1_18' title="bbox 294 1840 1809 1915">
    <p class='ocr_par' dir='ltr' id='par_1_18' title="bbox 294 1840 1809 1915">
     <span class='ocr_line' id='line_1_18' title="bbox 294 1840 1809 1915; baseline 0.001 -17"><span class='ocrx_word' id='word_1_121' title='bbox 294 1864 329 1897; x_wconf 51' lang='grc' dir='ltr'><strong>ί(</strong></span> <span class='ocrx_word' id='word_1_122' title='bbox 365 1846 587 1902; x_wconf 82' lang='lat' dir='ltr'><strong>Indutus</strong></span> <span class='ocrx_word' id='word_1_123' title='bbox 621 1853 704 1900; x_wconf 90' lang='lat' dir='ltr'><strong>est</strong></span> <span class='ocrx_word' id='word_1_124' title='bbox 734 1842 945 1913; x_wconf 76' lang='lat' dir='ltr'><strong>iustitia</strong></span> <span class='ocrx_word' id='word_1_125' title='bbox 973 1851 1033 1897; x_wconf 90' lang='lat' dir='ltr'><strong>ut</strong></span> <span class='ocrx_word' id='word_1_126' title='bbox 1060 1840 1251 1910; x_wconf 90' lang='lat' dir='ltr'><strong>lorica,</strong></span> <span class='ocrx_word' id='word_1_127' title='bbox 1295 1851 1351 1900; x_wconf 91' lang='lat' dir='ltr'><strong>et</strong></span> <span class='ocrx_word' id='word_1_128' title='bbox 1382 1843 1593 1915; x_wconf 77' lang='lat' dir='ltr'><strong>galeam</strong></span> <span class='ocrx_word' id='word_1_129' title='bbox 1620 1843 1809 1900; x_wconf 86' lang='lat' dir='ltr'><strong>habuit</strong></span> 
     </span>
    </p>
   </div>
   <div class='ocr_carea' id='block_1_19' title="bbox 1916 661 3486 736">
    <p class='ocr_par' dir='ltr' id='par_1_19' title="bbox 1916 661 3486 736">
     <span class='ocr_line' id='line_1_19' title="bbox 1916 661 3486 736; baseline 0 -17"><span class='ocrx_word' id='word_1_130' title='bbox 1916 665 2035 731; x_wconf 89' lang='lat' dir='ltr'><strong>tris,</strong></span> <span class='ocrx_word' id='word_1_131' title='bbox 2057 664 2142 720; x_wconf 95' lang='lat' dir='ltr'><strong>vel</strong></span> <span class='ocrx_word' id='word_1_132' title='bbox 2175 665 2402 736; x_wconf 79' lang='lat' dir='ltr'><strong>gloriam</strong></span> <span class='ocrx_word' id='word_1_133' title='bbox 2430 665 2544 720; x_wconf 87' lang='lat' dir='ltr'><strong>sive</strong></span> <span class='ocrx_word' id='word_1_134' title='bbox 2569 663 2766 720; x_wconf 88' lang='lat' dir='ltr'><strong>Filium</strong></span> <span class='ocrx_word' id='word_1_135' title='bbox 2787 662 2951 730; x_wconf 88' lang='lat' dir='ltr'><strong>illius,</strong></span> <span class='ocrx_word' id='word_1_136' title='bbox 2982 663 3114 719; x_wconf 90' lang='lat' dir='ltr'><strong>dicit</strong></span> <span class='ocrx_word' id='word_1_137' title='bbox 3140 661 3401 719; x_wconf 84' lang='lat' dir='ltr'><strong>Dominus</strong></span> <span class='ocrx_word' id='word_1_138' title='bbox 3428 663 3486 719; x_wconf 89' lang='lat' dir='ltr'><strong>in</strong></span> 
     </span>
    </p>
   </div>
   <div class='ocr_carea' id='block_1_20' title="bbox 1913 755 2246 827">
    <p class='ocr_par' dir='ltr' id='par_1_20' title="bbox 1913 755 2246 827">
     <span class='ocr_line' id='line_1_20' title="bbox 1913 755 2246 827; baseline 0.003 -17"><span class='ocrx_word' id='word_1_139' title='bbox 1913 755 2204 827; x_wconf 87' lang='lat' dir='ltr'><strong>Evangelio</strong></span> <span class='ocrx_word' id='word_1_140' title='bbox 2231 774 2246 811; x_wconf 89' lang='lat'><strong>:</strong></span> 
     </span>
    </p>
   </div>
   <div class='ocr_carea' id='block_1_21' title="bbox 1988 818 3593 914">
    <p class='ocr_par' dir='ltr' id='par_1_21' title="bbox 1988 818 3593 914">
     <span class='ocr_line' id='line_1_21' title="bbox 1988 818 3593 914; baseline 0.003 -15"><span class='ocrx_word' id='word_1_141' title='bbox 1988 866 2007 898; x_wconf 72' lang='lat' dir='ltr'><strong>c</strong></span> <span class='ocrx_word' id='word_1_142' title='bbox 2031 818 2178 902; x_wconf 55' lang='lat' dir='ltr'><strong>Militi</strong></span> <span class='ocrx_word' id='word_1_143' title='bbox 2204 848 2422 903; x_wconf 85' lang='lat' dir='ltr'><strong>venient</strong></span> <span class='ocrx_word' id='word_1_144' title='bbox 2455 849 2524 904; x_wconf 91' lang='lat' dir='ltr'><strong>ab</strong></span> <span class='ocrx_word' id='word_1_145' title='bbox 2559 847 2777 904; x_wconf 88' lang='lat' dir='ltr'><strong>Oriente</strong></span> <span class='ocrx_word' id='word_1_146' title='bbox 2822 856 2877 903; x_wconf 91' lang='lat' dir='ltr'><strong>et</strong></span> <span class='ocrx_word' id='word_1_147' title='bbox 2907 818 3217 914; x_wconf 59' lang='lat' dir='ltr'><strong>occidente,</strong></span> <span class='ocrx_word' id='word_1_148' title='bbox 3248 867 3268 902; x_wconf 70' lang='grc' dir='ltr'><strong>ι</strong></span> <span class='ocrx_word' id='word_1_149' title='bbox 3304 857 3359 904; x_wconf 91' lang='lat' dir='ltr'><strong>et</strong></span> <span class='ocrx_word' id='word_1_150' title='bbox 3384 863 3490 904; x_wconf 61' lang='grc' dir='ltr'><strong>οω-</strong></span> <span class='ocrx_word' id='word_1_151' title='bbox 3590 848 3593 851; x_wconf 85' lang='grc'><em>’</em></span> 
     </span>
    </p>
   </div>
   <div class='ocr_carea' id='block_1_22' title="bbox 1911 938 3486 1009">
    <p class='ocr_par' dir='ltr' id='par_1_22' title="bbox 1911 938 3486 1009">
     <span class='ocr_line' id='line_1_22' title="bbox 1911 938 3486 1009; baseline 0.002 -18"><span class='ocrx_word' id='word_1_152' title='bbox 1911 944 2048 993; x_wconf 90' lang='lat' dir='ltr'><strong>tera.</strong></span> <span class='ocrx_word' id='word_1_153' title='bbox 2088 938 2153 992; x_wconf 89' lang='lat' dir='ltr'><strong>Et</strong></span> <span class='ocrx_word' id='word_1_154' title='bbox 2209 939 2425 1009; x_wconf 85' lang='lat' dir='ltr'><strong>quando</strong></span> <span class='ocrx_word' id='word_1_155' title='bbox 2482 939 2747 994; x_wconf 87' lang='lat' dir='ltr'><strong>timebunt</strong></span> <span class='ocrx_word' id='word_1_156' title='bbox 2811 954 3005 993; x_wconf 87' lang='lat' dir='ltr'><strong>nomen</strong></span> <span class='ocrx_word' id='word_1_157' title='bbox 3059 939 3310 994; x_wconf 89' lang='lat' dir='ltr'><strong>Domini?</strong></span> <span class='ocrx_word' id='word_1_158' title='bbox 3350 938 3486 995; x_wconf 88' lang='lat' dir='ltr'><strong>Cum</strong></span> 
     </span>
    </p>
   </div>
   <div class='ocr_carea' id='block_1_23' title="bbox 1911 1027 3481 1099">
    <p class='ocr_par' dir='ltr' id='par_1_23' title="bbox 1911 1027 3481 1099">
     <span class='ocr_line' id='line_1_23' title="bbox 1911 1027 3481 1099; baseline 0.001 -17"><span class='ocrx_word' id='word_1_159' title='bbox 1911 1027 2121 1082; x_wconf 77' lang='lat' dir='ltr'><strong>venerit</strong></span> <span class='ocrx_word' id='word_1_160' title='bbox 2154 1027 2268 1097; x_wconf 91' lang='lat' dir='ltr'><strong>ipse</strong></span> <span class='ocrx_word' id='word_1_161' title='bbox 2305 1027 2474 1083; x_wconf 89' lang='lat' dir='ltr'><strong>Filius</strong></span> <span class='ocrx_word' id='word_1_162' title='bbox 2501 1029 2595 1083; x_wconf 91' lang='lat' dir='ltr'><strong>Dci</strong></span> <span class='ocrx_word' id='word_1_163' title='bbox 2627 1043 2724 1098; x_wconf 90' lang='lat' dir='ltr'><strong>per</strong></span> <span class='ocrx_word' id='word_1_164' title='bbox 2752 1028 3139 1084; x_wconf 88' lang='lat' dir='ltr'><strong>incarnationis</strong></span> <span class='ocrx_word' id='word_1_165' title='bbox 3167 1030 3481 1099; x_wconf 85' lang='lat' dir='ltr'><strong>mysterium</strong></span> 
     </span>
    </p>
   </div>
   <div class='ocr_carea' id='block_1_24' title="bbox 1912 1116 3488 1192">
    <p class='ocr_par' dir='ltr' id='par_1_24' title="bbox 1912 1116 3488 1192">
     <span class='ocr_line' id='line_1_24' title="bbox 1912 1116 3488 1192; baseline 0.004 -21"><span class='ocrx_word' id='word_1_166' title='bbox 1912 1116 1967 1173; x_wconf 91' lang='lat' dir='ltr'><strong>in</strong></span> <span class='ocrx_word' id='word_1_167' title='bbox 1991 1118 2268 1185; x_wconf 89' lang='lat' dir='ltr'><strong>mundum,</strong></span> <span class='ocrx_word' id='word_1_168' title='bbox 2318 1119 2403 1172; x_wconf 92' lang='lat' dir='ltr'><strong>vel</strong></span> <span class='ocrx_word' id='word_1_169' title='bbox 2442 1135 2563 1174; x_wconf 91' lang='lat' dir='ltr'><strong>cum</strong></span> <span class='ocrx_word' id='word_1_170' title='bbox 2593 1120 2801 1175; x_wconf 88' lang='lat' dir='ltr'><strong>venerit</strong></span> <span class='ocrx_word' id='word_1_171' title='bbox 2830 1120 2897 1174; x_wconf 91' lang='lat' dir='ltr'><strong>ad</strong></span> <span class='ocrx_word' id='word_1_172' title='bbox 2937 1129 3122 1191; x_wconf 86' lang='lat' dir='ltr'><strong>gentes</strong></span> <span class='ocrx_word' id='word_1_173' title='bbox 3159 1135 3257 1190; x_wconf 90' lang='lat' dir='ltr'><strong>per</strong></span> <span class='ocrx_word' id='word_1_174' title='bbox 3296 1122 3488 1192; x_wconf 70' lang='lat' dir='ltr'><strong>prmdi-</strong></span> 
     </span>
    </p>
   </div>
   <div class='ocr_carea' id='block_1_25' title="bbox 1912 1210 3487 1282">
    <p class='ocr_par' dir='ltr' id='par_1_25' title="bbox 1912 1210 3487 1282">
     <span class='ocr_line' id='line_1_25' title="bbox 1912 1210 3487 1282; baseline 0.003 -18"><span class='ocrx_word' id='word_1_175' title='bbox 1912 1210 2183 1265; x_wconf 90' lang='lat' dir='ltr'><strong>cationem</strong></span> <span class='ocrx_word' id='word_1_176' title='bbox 2221 1218 2276 1266; x_wconf 89' lang='lat' dir='ltr'><strong>et</strong></span> <span class='ocrx_word' id='word_1_177' title='bbox 2302 1212 2603 1265; x_wconf 89' lang='lat' dir='ltr'><strong>orationem</strong></span> <span class='ocrx_word' id='word_1_178' title='bbox 2650 1211 3015 1282; x_wconf 88' lang='lat' dir='ltr'><strong>apostolorum</strong></span> <span class='ocrx_word' id='word_1_179' title='bbox 3047 1230 3060 1266; x_wconf 91' lang='lat'><strong>:</strong></span> <span class='ocrx_word' id='word_1_180' title='bbox 3091 1213 3248 1282; x_wconf 90' lang='lat' dir='ltr'><strong>quasi</strong></span> <span class='ocrx_word' id='word_1_181' title='bbox 3293 1211 3487 1269; x_wconf 82' lang='lat' dir='ltr'><strong>ﬂuvius</strong></span> 
     </span>
    </p>
   </div>
   <div class='ocr_carea' id='block_1_26' title="bbox 1911 1296 3485 1372">
    <p class='ocr_par' dir='ltr' id='par_1_26' title="bbox 1911 1296 3485 1372">
     <span class='ocr_line' id='line_1_26' title="bbox 1911 1296 3485 1372; baseline 0.003 -16"><span class='ocrx_word' id='word_1_182' title='bbox 1911 1302 2200 1369; x_wconf 90' lang='lat' dir='ltr'><strong>violentus,</strong></span> <span class='ocrx_word' id='word_1_183' title='bbox 2226 1302 2329 1359; x_wconf 89' lang='lat' dir='ltr'><strong>hoc</strong></span> <span class='ocrx_word' id='word_1_184' title='bbox 2356 1296 2439 1360; x_wconf 86' lang='lat' dir='ltr'><strong>est</strong></span> <span class='ocrx_word' id='word_1_185' title='bbox 2461 1304 2719 1360; x_wconf 88' lang='lat' dir='ltr'><strong>velociter</strong></span> <span class='ocrx_word' id='word_1_186' title='bbox 2745 1310 2798 1360; x_wconf 91' lang='lat' dir='ltr'><strong>et</strong></span> <span class='ocrx_word' id='word_1_187' title='bbox 2824 1320 2947 1360; x_wconf 90' lang='lat' dir='ltr'><strong>cum</strong></span> <span class='ocrx_word' id='word_1_188' title='bbox 2966 1304 3217 1360; x_wconf 76' lang='lat' dir='ltr'><strong>violentia</strong></span> <span class='ocrx_word' id='word_1_189' title='bbox 3239 1321 3485 1372; x_wconf 87' lang='lat' dir='ltr'><strong>currens,</strong></span> 
     </span>
    </p>
   </div>
   <div class='ocr_carea' id='block_1_27' title="bbox 1910 1390 3483 1465">
    <p class='ocr_par' dir='ltr' id='par_1_27' title="bbox 1910 1390 3483 1465">
     <span class='ocr_line' id='line_1_27' title="bbox 1910 1390 3483 1465; baseline 0.002 -19"><span class='ocrx_word' id='word_1_190' title='bbox 1910 1404 2070 1463; x_wconf 87' lang='lat' dir='ltr'><strong>quem</strong></span> <span class='ocrx_word' id='word_1_191' title='bbox 2101 1390 2333 1462; x_wconf 86' lang='lat' dir='ltr'><strong>Spiritus</strong></span> <span class='ocrx_word' id='word_1_192' title='bbox 2367 1393 2580 1448; x_wconf 88' lang='lat' dir='ltr'><strong>Domini</strong></span> <span class='ocrx_word' id='word_1_193' title='bbox 2619 1394 2760 1465; x_wconf 84' lang='lat' dir='ltr'><strong>cogit</strong></span> <span class='ocrx_word' id='word_1_194' title='bbox 2790 1394 2974 1449; x_wconf 90' lang='lat' dir='ltr'><strong>venire</strong></span> <span class='ocrx_word' id='word_1_195' title='bbox 3004 1394 3069 1447; x_wconf 90' lang='lat' dir='ltr'><strong>ad</strong></span> <span class='ocrx_word' id='word_1_196' title='bbox 3109 1395 3483 1450; x_wconf 88' lang='lat' dir='ltr'><strong>redimendum</strong></span> 
     </span>
    </p>
   </div>
   <div class='ocr_carea' id='block_1_28' title="bbox 1909 1478 3487 1555">
    <p class='ocr_par' dir='ltr' id='par_1_28' title="bbox 1909 1478 3487 1555">
     <span class='ocr_line' id='line_1_28' title="bbox 1909 1478 3487 1555; baseline 0.005 -22"><span class='ocrx_word' id='word_1_197' title='bbox 1909 1494 2078 1549; x_wconf 87' lang='lat' dir='ltr'><strong>genus</strong></span> <span class='ocrx_word' id='word_1_198' title='bbox 2109 1478 2404 1534; x_wconf 91' lang='lat' dir='ltr'><strong>humanum</strong></span> <span class='ocrx_word' id='word_1_199' title='bbox 2436 1499 2449 1534; x_wconf 90' lang='lat'><strong>:</strong></span> <span class='ocrx_word' id='word_1_200' title='bbox 2495 1490 2550 1537; x_wconf 92' lang='lat' dir='ltr'><strong>et</strong></span> <span class='ocrx_word' id='word_1_201' title='bbox 2588 1482 2797 1537; x_wconf 79' lang='lat' dir='ltr'><strong>venerit</strong></span> <span class='ocrx_word' id='word_1_202' title='bbox 2832 1481 2961 1538; x_wconf 90' lang='lat' dir='ltr'><strong>Sion</strong></span> <span class='ocrx_word' id='word_1_203' title='bbox 2984 1524 3000 1548; x_wconf 93' lang='lat'><strong>,</strong></span> <span class='ocrx_word' id='word_1_204' title='bbox 3040 1483 3092 1538; x_wconf 92' lang='lat' dir='ltr'><strong>id</strong></span> <span class='ocrx_word' id='word_1_205' title='bbox 3133 1494 3237 1550; x_wconf 91' lang='lat' dir='ltr'><strong>est,</strong></span> <span class='ocrx_word' id='word_1_206' title='bbox 3288 1484 3487 1555; x_wconf 89' lang='lat' dir='ltr'><strong>populo</strong></span> 
     </span>
    </p>
   </div>
   <div class='ocr_carea' id='block_1_29' title="bbox 1905 1565 3489 1648">
    <p class='ocr_par' dir='ltr' id='par_1_29' title="bbox 1905 1565 3489 1648">
     <span class='ocr_line' id='line_1_29' title="bbox 1905 1565 3489 1648; baseline 0.006 -25"><span class='ocrx_word' id='word_1_207' title='bbox 1905 1565 2210 1625; x_wconf 71' lang='lat' dir='ltr'><strong>Iudaeorum</strong></span> <span class='ocrx_word' id='word_1_208' title='bbox 2249 1571 2305 1625; x_wconf 91' lang='lat' dir='ltr'><strong>in</strong></span> <span class='ocrx_word' id='word_1_209' title='bbox 2352 1586 2412 1627; x_wconf 89' lang='lat' dir='ltr'><strong>se</strong></span> <span class='ocrx_word' id='word_1_210' title='bbox 2450 1574 2695 1628; x_wconf 86' lang='lat' dir='ltr'><strong>credenti</strong></span> <span class='ocrx_word' id='word_1_211' title='bbox 2752 1575 2832 1630; x_wconf 87' lang='lat' dir='ltr'><strong>vel</strong></span> <span class='ocrx_word' id='word_1_212' title='bbox 2882 1575 3138 1631; x_wconf 81' lang='lat' dir='ltr'><strong>Ecclesia:</strong></span> <span class='ocrx_word' id='word_1_213' title='bbox 3180 1578 3489 1648; x_wconf 88' lang='lat' dir='ltr'><strong>redemptor</strong></span> 
     </span>
    </p>
   </div>
   <div class='ocr_carea' id='block_1_30' title="bbox 1905 1658 3486 1736">
    <p class='ocr_par' dir='ltr' id='par_1_30' title="bbox 1905 1658 3486 1736">
     <span class='ocr_line' id='line_1_30' title="bbox 1905 1658 3486 1736; baseline 0.005 -21"><span class='ocrx_word' id='word_1_214' title='bbox 1905 1658 2154 1716; x_wconf 80' lang='lat' dir='ltr'><strong>Christus</strong></span> <span class='ocrx_word' id='word_1_215' title='bbox 2185 1677 2200 1714; x_wconf 92' lang='lat'><strong>:</strong></span> <span class='ocrx_word' id='word_1_216' title='bbox 2241 1670 2297 1716; x_wconf 90' lang='lat' dir='ltr'><strong>et</strong></span> <span class='ocrx_word' id='word_1_217' title='bbox 2332 1662 2413 1717; x_wconf 88' lang='lat' dir='ltr'><strong>eis</strong></span> <span class='ocrx_word' id='word_1_218' title='bbox 2441 1662 2606 1717; x_wconf 89' lang='lat' dir='ltr'><strong>etiam</strong></span> <span class='ocrx_word' id='word_1_219' title='bbox 2635 1665 2843 1720; x_wconf 90' lang='lat' dir='ltr'><strong>venerit</strong></span> <span class='ocrx_word' id='word_1_220' title='bbox 2872 1667 2964 1736; x_wconf 90' lang='lat' dir='ltr'><strong>qui</strong></span> <span class='ocrx_word' id='word_1_221' title='bbox 3011 1667 3241 1722; x_wconf 88' lang='lat' dir='ltr'><strong>redeunt</strong></span> <span class='ocrx_word' id='word_1_222' title='bbox 3269 1669 3336 1723; x_wconf 91' lang='lat' dir='ltr'><strong>ab</strong></span> <span class='ocrx_word' id='word_1_223' title='bbox 3378 1668 3486 1723; x_wconf 89' lang='lat' dir='ltr'><strong>ini-</strong></span> 
     </span>
    </p>
   </div>
   <div class='ocr_carea' id='block_1_31' title="bbox 1905 1748 3489 1826">
    <p class='ocr_par' dir='ltr' id='par_1_31' title="bbox 1905 1748 3489 1826">
     <span class='ocr_line' id='line_1_31' title="bbox 1905 1748 3489 1826; baseline 0.006 -20"><span class='ocrx_word' id='word_1_224' title='bbox 1905 1751 2113 1823; x_wconf 87' lang='lat' dir='ltr'><strong>quitate</strong></span> <span class='ocrx_word' id='word_1_225' title='bbox 2139 1748 2471 1809; x_wconf 83' lang='lat' dir='ltr'><strong>inﬁdelitatis</strong></span> <span class='ocrx_word' id='word_1_226' title='bbox 2500 1763 2554 1809; x_wconf 91' lang='lat' dir='ltr'><strong>et</strong></span> <span class='ocrx_word' id='word_1_227' title='bbox 2580 1757 2882 1826; x_wconf 88' lang='lat' dir='ltr'><strong>negationis</strong></span> <span class='ocrx_word' id='word_1_228' title='bbox 2912 1758 2979 1812; x_wconf 89' lang='lat' dir='ltr'><strong>ad</strong></span> <span class='ocrx_word' id='word_1_229' title='bbox 3008 1756 3197 1825; x_wconf 88' lang='lat' dir='ltr'><strong>Jacob,</strong></span> <span class='ocrx_word' id='word_1_230' title='bbox 3228 1759 3360 1814; x_wconf 90' lang='lat' dir='ltr'><strong>dicit</strong></span> <span class='ocrx_word' id='word_1_231' title='bbox 3389 1761 3489 1816; x_wconf 90' lang='lat' dir='ltr'><strong>Do-</strong></span> 
     </span>
    </p>
   </div>
   <div class='ocr_carea' id='block_1_32' title="bbox 1908 1841 3488 1917">
    <p class='ocr_par' dir='ltr' id='par_1_32' title="bbox 1908 1841 3488 1917">
     <span class='ocr_line' id='line_1_32' title="bbox 1908 1841 3488 1917; baseline 0.007 -22"><span class='ocrx_word' id='word_1_232' title='bbox 1908 1841 2106 1906; x_wconf 90' lang='lat' dir='ltr'><strong>minus,</strong></span> <span class='ocrx_word' id='word_1_233' title='bbox 2149 1842 2253 1899; x_wconf 89' lang='lat' dir='ltr'><strong>hoc</strong></span> <span class='ocrx_word' id='word_1_234' title='bbox 2282 1852 2366 1899; x_wconf 90' lang='lat' dir='ltr'><strong>est</strong></span> <span class='ocrx_word' id='word_1_235' title='bbox 2396 1844 2464 1899; x_wconf 90' lang='lat' dir='ltr'><strong>ad</strong></span> <span class='ocrx_word' id='word_1_236' title='bbox 2496 1844 2616 1900; x_wconf 91' lang='lat' dir='ltr'><strong>illos</strong></span> <span class='ocrx_word' id='word_1_237' title='bbox 2647 1846 2737 1915; x_wconf 92' lang='lat' dir='ltr'><strong>qui</strong></span> <span class='ocrx_word' id='word_1_238' title='bbox 2762 1846 3106 1917; x_wconf 88' lang='lat' dir='ltr'><strong>supplantant</strong></span> <span class='ocrx_word' id='word_1_239' title='bbox 3139 1850 3287 1904; x_wconf 85' lang='lat' dir='ltr'><strong>vitia.</strong></span> <span class='ocrx_word' id='word_1_240' title='bbox 3320 1850 3488 1907; x_wconf 85' lang='lat' dir='ltr'><strong>Filius</strong></span> 
     </span>
    </p>
   </div>
   <div class='ocr_carea' id='block_1_33' title="bbox 228 1922 3487 2006">
    <p class='ocr_par' dir='ltr' id='par_1_33' title="bbox 228 1922 3487 2006">
     <span class='ocr_line' id='line_1_33' title="bbox 228 1922 3487 2006; baseline 0.002 -17"><span class='ocrx_word' id='word_1_241' title='bbox 228 1930 289 1989; x_wconf 83' lang='lat' dir='ltr'><strong>in</strong></span> <span class='ocrx_word' id='word_1_242' title='bbox 318 1937 490 2006; x_wconf 88' lang='lat' dir='ltr'><strong>capite</strong></span> <span class='ocrx_word' id='word_1_243' title='bbox 510 1976 525 2001; x_wconf 91' lang='lat'><strong>,</strong></span> <span class='ocrx_word' id='word_1_244' title='bbox 562 1955 582 1988; x_wconf 76' lang='grc' dir='ltr'><strong><em>ι</em></strong></span> <span class='ocrx_word' id='word_1_245' title='bbox 612 1935 829 2006; x_wconf 87' lang='lat' dir='ltr'><strong>quando</strong></span> <span class='ocrx_word' id='word_1_246' title='bbox 866 1933 1067 1990; x_wconf 90' lang='lat' dir='ltr'><strong>electos</strong></span> <span class='ocrx_word' id='word_1_247' title='bbox 1103 1949 1230 1990; x_wconf 87' lang='lat' dir='ltr'><strong>suos</strong></span> <span class='ocrx_word' id='word_1_248' title='bbox 1265 1935 1319 1991; x_wconf 85' lang='lat' dir='ltr'><strong>in</strong></span> <span class='ocrx_word' id='word_1_249' title='bbox 1349 1951 1409 1992; x_wconf 83' lang='lat' dir='ltr'><strong>se</strong></span> <span class='ocrx_word' id='word_1_250' title='bbox 1452 1937 1733 1994; x_wconf 67' lang='lat' dir='ltr'><strong>credentes</strong></span> <span class='ocrx_word' id='word_1_251' title='bbox 1776 1952 1809 1993; x_wconf 63' lang='grc' dir='ltr'><strong>τί</strong></span> <span class='ocrx_word' id='word_1_252' title='bbox 1838 1922 1884 1981; x_wconf 89' lang='grc' dir='ltr'>Β</span> <span class='ocrx_word' id='word_1_253' title='bbox 1912 1930 2007 1986; x_wconf 91' lang='lat' dir='ltr'><strong>Dei</strong></span> <span class='ocrx_word' id='word_1_254' title='bbox 2031 1929 2192 1986; x_wconf 72' lang='lat' dir='ltr'><strong>ﬂuvio</strong></span> <span class='ocrx_word' id='word_1_255' title='bbox 2216 1942 2575 2003; x_wconf 88' lang='lat' dir='ltr'><strong>comparatur,</strong></span> <span class='ocrx_word' id='word_1_256' title='bbox 2598 1935 2722 2004; x_wconf 89' lang='lat' dir='ltr'><strong>quia</strong></span> <span class='ocrx_word' id='word_1_257' title='bbox 2748 1936 3007 1990; x_wconf 69' lang='lat' dir='ltr'><strong>doctrinae</strong></span> <span class='ocrx_word' id='word_1_258' title='bbox 3032 1951 3142 1991; x_wconf 76' lang='lat' dir='ltr'><strong>sua:</strong></span> <span class='ocrx_word' id='word_1_259' title='bbox 3164 1936 3360 1993; x_wconf 89' lang='lat' dir='ltr'><strong>ﬂuenta</strong></span> <span class='ocrx_word' id='word_1_260' title='bbox 3384 1955 3487 1996; x_wconf 84' lang='lat' dir='ltr'><strong>no-</strong></span> 
     </span>
    </p>
   </div>
   <div class='ocr_carea' id='block_1_34' title="bbox 226 2023 1804 2098">
    <p class='ocr_par' dir='ltr' id='par_1_34' title="bbox 226 2023 1804 2098">
     <span class='ocr_line' id='line_1_34' title="bbox 226 2023 1804 2098; baseline 0.003 -20"><span class='ocrx_word' id='word_1_261' title='bbox 226 2024 606 2092; x_wconf 84' lang='lat' dir='ltr'><strong>persecutione</strong></span> <span class='ocrx_word' id='word_1_262' title='bbox 630 2024 937 2094; x_wconf 90' lang='lat' dir='ltr'><strong>iniquorum</strong></span> <span class='ocrx_word' id='word_1_263' title='bbox 961 2023 1229 2090; x_wconf 85' lang='lat' dir='ltr'><strong>liberavit,</strong></span> <span class='ocrx_word' id='word_1_264' title='bbox 1257 2024 1547 2096; x_wconf 81' lang='lat' dir='ltr'><strong>pugnando</strong></span> <span class='ocrx_word' id='word_1_265' title='bbox 1574 2042 1674 2098; x_wconf 80' lang='lat' dir='ltr'><strong>pro</strong></span> <span class='ocrx_word' id='word_1_266' title='bbox 1702 2028 1804 2093; x_wconf 88' lang='lat' dir='ltr'><strong>eis,</strong></span> 
     </span>
    </p>
   </div>
   <div class='ocr_carea' id='block_1_35' title="bbox 218 2106 1802 2172">
    <p class='ocr_par' dir='ltr' id='par_1_35' title="bbox 218 2106 1802 2172">
     <span class='ocr_line' id='line_1_35' title="bbox 218 2106 1802 2172; baseline 0.003 -5"><span class='ocrx_word' id='word_1_267' title='bbox 218 2119 287 2167; x_wconf 71' lang='lat' dir='ltr'><strong>et</strong></span> <span class='ocrx_word' id='word_1_268' title='bbox 308 2106 730 2168; x_wconf 85' lang='lat' dir='ltr'><strong>misericordiam</strong></span> <span class='ocrx_word' id='word_1_269' title='bbox 756 2127 911 2167; x_wconf 88' lang='lat' dir='ltr'><strong>suam</strong></span> <span class='ocrx_word' id='word_1_270' title='bbox 939 2113 1082 2168; x_wconf 89' lang='lat' dir='ltr'><strong>circa</strong></span> <span class='ocrx_word' id='word_1_271' title='bbox 1112 2112 1232 2168; x_wconf 92' lang='lat' dir='ltr'><strong>illos</strong></span> <span class='ocrx_word' id='word_1_272' title='bbox 1262 2112 1553 2171; x_wconf 79' lang='lat' dir='ltr'><strong>fundendo.</strong></span> <span class='ocrx_word' id='word_1_273' title='bbox 1581 2117 1757 2172; x_wconf 87' lang='lat' dir='ltr'><strong>Aliter</strong></span> <span class='ocrx_word' id='word_1_274' title='bbox 1788 2135 1802 2172; x_wconf 89' lang='lat'><strong>:</strong></span> 
     </span>
    </p>
   </div>
   <div class='ocr_carea' id='block_1_36' title="bbox 230 2197 1807 2279">
    <p class='ocr_par' dir='ltr' id='par_1_36' title="bbox 230 2197 1807 2279">
     <span class='ocr_line' id='line_1_36' title="bbox 230 2197 1807 2279; baseline 0.006 -26"><span class='ocrx_word' id='word_1_275' title='bbox 230 2197 393 2254; x_wconf 84' lang='lat' dir='ltr'><strong>Juxta</strong></span> <span class='ocrx_word' id='word_1_276' title='bbox 434 2201 725 2256; x_wconf 87' lang='lat' dir='ltr'><strong>vindictam</strong></span> <span class='ocrx_word' id='word_1_277' title='bbox 762 2218 923 2272; x_wconf 89' lang='lat' dir='ltr'><strong>quam</strong></span> <span class='ocrx_word' id='word_1_278' title='bbox 953 2218 1051 2273; x_wconf 85' lang='lat' dir='ltr'><strong>per</strong></span> <span class='ocrx_word' id='word_1_279' title='bbox 1086 2203 1359 2260; x_wconf 88' lang='lat' dir='ltr'><strong>Romanos</strong></span> <span class='ocrx_word' id='word_1_280' title='bbox 1405 2206 1591 2262; x_wconf 82' lang='lat' dir='ltr'><strong>eﬂ&#39;udit</strong></span> <span class='ocrx_word' id='word_1_281' title='bbox 1644 2223 1807 2279; x_wconf 88' lang='lat' dir='ltr'><strong>super</strong></span> 
     </span>
    </p>
   </div>
   <div class='ocr_carea' id='block_1_37' title="bbox 226 2285 1809 2368">
    <p class='ocr_par' dir='ltr' id='par_1_37' title="bbox 226 2285 1809 2368">
     <span class='ocr_line' id='line_1_37' title="bbox 226 2285 1809 2368; baseline 0.009 -27"><span class='ocrx_word' id='word_1_282' title='bbox 226 2285 474 2355; x_wconf 83' lang='lat' dir='ltr'><strong>Judaeos,</strong></span> <span class='ocrx_word' id='word_1_283' title='bbox 503 2290 594 2359; x_wconf 93' lang='lat' dir='ltr'><strong>qui</strong></span> <span class='ocrx_word' id='word_1_284' title='bbox 626 2290 699 2345; x_wconf 89' lang='lat' dir='ltr'><strong>ita</strong></span> <span class='ocrx_word' id='word_1_285' title='bbox 726 2298 989 2347; x_wconf 69' lang='lat' dir='ltr'><strong>Venerunt</strong></span> <span class='ocrx_word' id='word_1_286' title='bbox 1017 2293 1214 2362; x_wconf 87' lang='lat' dir='ltr'><strong>parati,</strong></span> <span class='ocrx_word' id='word_1_287' title='bbox 1249 2297 1550 2366; x_wconf 86' lang='lat' dir='ltr'><strong>appellatur</strong></span> <span class='ocrx_word' id='word_1_288' title='bbox 1576 2298 1728 2368; x_wconf 88' lang='lat' dir='ltr'><strong>galea</strong></span> <span class='ocrx_word' id='word_1_289' title='bbox 1753 2310 1809 2355; x_wconf 91' lang='lat' dir='ltr'><strong>et</strong></span> 
     </span>
    </p>
   </div>
   <div class='ocr_carea' id='block_1_38' title="bbox 228 2375 1805 2450">
    <p class='ocr_par' dir='ltr' id='par_1_38' title="bbox 228 2375 1805 2450">
     <span class='ocr_line' id='line_1_38' title="bbox 228 2375 1805 2450; baseline 0.01 -22"><span class='ocrx_word' id='word_1_290' title='bbox 228 2375 396 2431; x_wconf 90' lang='lat' dir='ltr'><strong>lorica</strong></span> <span class='ocrx_word' id='word_1_291' title='bbox 445 2394 461 2432; x_wconf 88' lang='lat'><strong>:</strong></span> <span class='ocrx_word' id='word_1_292' title='bbox 518 2380 643 2448; x_wconf 91' lang='lat' dir='ltr'><strong>quia</strong></span> <span class='ocrx_word' id='word_1_293' title='bbox 684 2380 797 2450; x_wconf 90' lang='lat' dir='ltr'><strong>ipse</strong></span> <span class='ocrx_word' id='word_1_294' title='bbox 853 2380 905 2434; x_wconf 91' lang='lat' dir='ltr'><strong>in</strong></span> <span class='ocrx_word' id='word_1_295' title='bbox 946 2381 1076 2450; x_wconf 91' lang='lat' dir='ltr'><strong>ipsis</strong></span> <span class='ocrx_word' id='word_1_296' title='bbox 1124 2384 1272 2438; x_wconf 91' lang='lat' dir='ltr'><strong>venit</strong></span> <span class='ocrx_word' id='word_1_297' title='bbox 1306 2385 1599 2441; x_wconf 88' lang='lat' dir='ltr'><strong>vindictam</strong></span> <span class='ocrx_word' id='word_1_298' title='bbox 1652 2403 1805 2443; x_wconf 92' lang='lat' dir='ltr'><strong>suam</strong></span> 
     </span>
    </p>
   </div>
   <div class='ocr_carea' id='block_1_39' title="bbox 218 2467 1807 2540">
    <p class='ocr_par' dir='ltr' id='par_1_39' title="bbox 218 2467 1807 2540">
     <span class='ocr_line' id='line_1_39' title="bbox 218 2467 1807 2540; baseline 0.009 -21"><span class='ocrx_word' id='word_1_299' title='bbox 218 2480 490 2523; x_wconf 74' lang='lat' dir='ltr'><strong>exercens</strong></span> <span class='ocrx_word' id='word_1_300' title='bbox 531 2483 599 2524; x_wconf 80' lang='lat' dir='ltr'><strong>ex</strong></span> <span class='ocrx_word' id='word_1_301' title='bbox 631 2467 829 2524; x_wconf 71' lang='lat' dir='ltr'><strong>Judazis</strong></span> <span class='ocrx_word' id='word_1_302' title='bbox 856 2485 954 2540; x_wconf 91' lang='lat' dir='ltr'><strong>per</strong></span> <span class='ocrx_word' id='word_1_303' title='bbox 984 2486 1176 2527; x_wconf 91' lang='lat' dir='ltr'><strong>manus</strong></span> <span class='ocrx_word' id='word_1_304' title='bbox 1218 2474 1606 2531; x_wconf 90' lang='lat' dir='ltr'><strong>Romanorum.</strong></span> <span class='ocrx_word' id='word_1_305' title='bbox 1660 2496 1679 2530; x_wconf 73' lang='grc' dir='ltr'>ι</span> <span class='ocrx_word' id='word_1_306' title='bbox 1720 2478 1807 2534; x_wconf 86' lang='lat' dir='ltr'><strong>In-</strong></span> 
     </span>
    </p>
   </div>
   <div class='ocr_carea' id='block_1_40' title="bbox 230 2558 1803 2636">
    <p class='ocr_par' dir='ltr' id='par_1_40' title="bbox 230 2558 1803 2636">
     <span class='ocr_line' id='line_1_40' title="bbox 230 2558 1803 2636; baseline 0.01 -25"><span class='ocrx_word' id='word_1_307' title='bbox 230 2558 391 2614; x_wconf 91' lang='lat' dir='ltr'><strong>dutus</strong></span> <span class='ocrx_word' id='word_1_308' title='bbox 414 2566 497 2615; x_wconf 91' lang='lat' dir='ltr'><strong>est</strong></span> <span class='ocrx_word' id='word_1_309' title='bbox 525 2562 860 2616; x_wconf 87' lang='lat' dir='ltr'><strong>vestimentis</strong></span> <span class='ocrx_word' id='word_1_310' title='bbox 897 2562 1135 2629; x_wconf 90' lang='lat' dir='ltr'><strong>ultionis,</strong></span> <span class='ocrx_word' id='word_1_311' title='bbox 1182 2584 1200 2618; x_wconf 74' lang='grc' dir='ltr'><strong><em>ι</em></strong></span> <span class='ocrx_word' id='word_1_312' title='bbox 1232 2567 1487 2623; x_wconf 90' lang='lat' dir='ltr'><strong>subaudis</strong></span> <span class='ocrx_word' id='word_1_313' title='bbox 1518 2570 1658 2626; x_wconf 87' lang='lat' dir='ltr'><strong>sicut</strong></span> <span class='ocrx_word' id='word_1_314' title='bbox 1685 2586 1803 2636; x_wconf 83' lang='lat' dir='ltr'><strong>rex,</strong></span> 
     </span>
    </p>
   </div>
   <div class='ocr_carea' id='block_1_41' title="bbox 229 2642 1806 2733">
    <p class='ocr_par' dir='ltr' id='par_1_41' title="bbox 229 2642 1806 2733">
     <span class='ocr_line' id='line_1_41' title="bbox 229 2642 1806 2733; baseline 0.009 -28"><span class='ocrx_word' id='word_1_315' title='bbox 229 2660 281 2706; x_wconf 91' lang='lat' dir='ltr'><strong>ct</strong></span> <span class='ocrx_word' id='word_1_316' title='bbox 307 2652 418 2706; x_wconf 92' lang='lat' dir='ltr'><strong>suis</strong></span> <span class='ocrx_word' id='word_1_317' title='bbox 440 2642 699 2708; x_wconf 82' lang='lat' dir='ltr'><strong>militibus</strong></span> <span class='ocrx_word' id='word_1_318' title='bbox 714 2652 990 2720; x_wconf 81' lang='lat' dir='ltr'><strong>Romanis,</strong></span> <span class='ocrx_word' id='word_1_319' title='bbox 1015 2673 1034 2707; x_wconf 86' lang='grc'><em>‹</em></span> <span class='ocrx_word' id='word_1_320' title='bbox 1062 2665 1117 2712; x_wconf 92' lang='lat' dir='ltr'><strong>ct</strong></span> <span class='ocrx_word' id='word_1_321' title='bbox 1135 2666 1354 2727; x_wconf 85' lang='lat' dir='ltr'><strong>opertus</strong></span> <span class='ocrx_word' id='word_1_322' title='bbox 1365 2669 1450 2715; x_wconf 89' lang='lat' dir='ltr'><strong>est</strong></span> <span class='ocrx_word' id='word_1_323' title='bbox 1469 2662 1622 2731; x_wconf 89' lang='lat' dir='ltr'><strong>quasi</strong></span> <span class='ocrx_word' id='word_1_324' title='bbox 1642 2664 1806 2733; x_wconf 87' lang='lat' dir='ltr'><strong>pallio</strong></span> 
     </span>
    </p>
   </div>
   <div class='ocr_carea' id='block_1_42' title="bbox 220 2739 872 2806">
    <p class='ocr_par' dir='ltr' id='par_1_42' title="bbox 220 2739 872 2806">
     <span class='ocr_line' id='line_1_42' title="bbox 220 2739 872 2806; baseline 0.005 -12"><span class='ocrx_word' id='word_1_325' title='bbox 220 2739 351 2806; x_wconf 70' lang='lat' dir='ltr'><strong>zeli,</strong></span> <span class='ocrx_word' id='word_1_326' title='bbox 387 2761 406 2794; x_wconf 66' lang='grc' dir='ltr'><strong><em>ι</em></strong></span> <span class='ocrx_word' id='word_1_327' title='bbox 450 2741 502 2796; x_wconf 88' lang='lat' dir='ltr'><strong>id</strong></span> <span class='ocrx_word' id='word_1_328' title='bbox 529 2750 612 2796; x_wconf 87' lang='lat' dir='ltr'><strong>est</strong></span> <span class='ocrx_word' id='word_1_329' title='bbox 638 2742 872 2799; x_wconf 88' lang='lat' dir='ltr'><strong>ultionis.</strong></span> 
     </span>
    </p>
   </div>
   <div class='ocr_carea' id='block_1_43' title="bbox 305 2852 1801 2933">
    <p class='ocr_par' dir='ltr' id='par_1_43' title="bbox 305 2852 1801 2933">
     <span class='ocr_line' id='line_1_43' title="bbox 305 2852 1801 2933; baseline 0.011 -30"><span class='ocrx_word' id='word_1_330' title='bbox 305 2871 325 2903; x_wconf 78' lang='grc' dir='ltr'>ι</span> <span class='ocrx_word' id='word_1_331' title='bbox 362 2852 514 2907; x_wconf 87' lang='lat' dir='ltr'><strong>Sicut</strong></span> <span class='ocrx_word' id='word_1_332' title='bbox 537 2854 604 2908; x_wconf 87' lang='lat' dir='ltr'><strong>ad</strong></span> <span class='ocrx_word' id='word_1_333' title='bbox 627 2854 941 2921; x_wconf 65' lang='lat' dir='ltr'><strong>vindictam,</strong></span> <span class='ocrx_word' id='word_1_334' title='bbox 971 2875 991 2908; x_wconf 72' lang='grc' dir='ltr'><strong><em>ι</em></strong></span> <span class='ocrx_word' id='word_1_335' title='bbox 1022 2855 1280 2914; x_wconf 88' lang='lat' dir='ltr'><strong>subaudis</strong></span> <span class='ocrx_word' id='word_1_336' title='bbox 1308 2860 1532 2929; x_wconf 81' lang='lat' dir='ltr'><strong>quilibet</strong></span> <span class='ocrx_word' id='word_1_337' title='bbox 1553 2878 1647 2917; x_wconf 78' lang='lat' dir='ltr'><strong>rex</strong></span> <span class='ocrx_word' id='word_1_338' title='bbox 1664 2878 1801 2933; x_wconf 66' lang='lat' dir='ltr'><strong>prae~</strong></span> 
     </span>
    </p>
   </div>
   <div class='ocr_carea' id='block_1_44' title="bbox 222 2944 1801 3024">
    <p class='ocr_par' dir='ltr' id='par_1_44' title="bbox 222 2944 1801 3024">
     <span class='ocr_line' id='line_1_44' title="bbox 222 2944 1801 3024; baseline 0.01 -28"><span class='ocrx_word' id='word_1_339' title='bbox 222 2951 469 3013; x_wconf 73' lang='lat' dir='ltr'><strong>paratur,</strong></span> <span class='ocrx_word' id='word_1_340' title='bbox 502 2944 575 2999; x_wconf 91' lang='lat' dir='ltr'><strong>ita</strong></span> <span class='ocrx_word' id='word_1_341' title='bbox 599 2953 685 3000; x_wconf 88' lang='lat' dir='ltr'><strong>est</strong></span> <span class='ocrx_word' id='word_1_342' title='bbox 709 2945 795 3000; x_wconf 90' lang='lat' dir='ltr'><strong>ille</strong></span> <span class='ocrx_word' id='word_1_343' title='bbox 821 2946 1042 3003; x_wconf 90' lang='lat' dir='ltr'><strong>indutus</strong></span> <span class='ocrx_word' id='word_1_344' title='bbox 1066 2948 1178 3004; x_wconf 91' lang='lat' dir='ltr'><strong>suis</strong></span> <span class='ocrx_word' id='word_1_345' title='bbox 1207 2952 1396 3016; x_wconf 83' lang='lat' dir='ltr'><strong>armis,</strong></span> <span class='ocrx_word' id='word_1_346' title='bbox 1425 2971 1444 3004; x_wconf 76' lang='grc' dir='ltr'><strong><em>ι</em></strong></span> <span class='ocrx_word' id='word_1_347' title='bbox 1470 2962 1525 3009; x_wconf 90' lang='lat' dir='ltr'><strong>et</strong></span> <span class='ocrx_word' id='word_1_348' title='bbox 1553 2956 1707 3024; x_wconf 92' lang='lat' dir='ltr'><strong>quasi</strong></span> <span class='ocrx_word' id='word_1_349' title='bbox 1733 2957 1801 3013; x_wconf 88' lang='lat' dir='ltr'><strong>ad</strong></span> 
     </span>
    </p>
   </div>
   <div class='ocr_carea' id='block_1_45' title="bbox 226 3032 1803 3109">
    <p class='ocr_par' dir='ltr' id='par_1_45' title="bbox 226 3032 1803 3109">
     <span class='ocr_line' id='line_1_45' title="bbox 226 3032 1803 3109; baseline 0.01 -23"><span class='ocrx_word' id='word_1_350' title='bbox 226 3032 634 3109; x_wconf 83' lang='lat' dir='ltr'><strong>retributionem</strong></span> <span class='ocrx_word' id='word_1_351' title='bbox 674 3035 1058 3107; x_wconf 80' lang='lat' dir='ltr'><strong>indignationis</strong></span> <span class='ocrx_word' id='word_1_352' title='bbox 1088 3040 1333 3097; x_wconf 88' lang='lat' dir='ltr'><strong>hostibus</strong></span> <span class='ocrx_word' id='word_1_353' title='bbox 1358 3043 1488 3108; x_wconf 90' lang='lat' dir='ltr'><strong>suis,</strong></span> <span class='ocrx_word' id='word_1_354' title='bbox 1536 3063 1555 3097; x_wconf 72' lang='grc' dir='ltr'><strong><em>ι</em></strong></span> <span class='ocrx_word' id='word_1_355' title='bbox 1608 3047 1803 3102; x_wconf 90' lang='lat' dir='ltr'><strong>subau-</strong></span> 
     </span>
    </p>
   </div>
   <div class='ocr_carea' id='block_1_46' title="bbox 206 3118 1803 3201">
    <p class='ocr_par' dir='ltr' id='par_1_46' title="bbox 206 3118 1803 3201">
     <span class='ocr_line' id='line_1_46' title="bbox 206 3118 1803 3201; baseline 0.009 -27"><span class='ocrx_word' id='word_1_356' title='bbox 206 3119 312 3197; x_wconf 70' lang='grc' dir='ltr'><strong>⁵«ιὶε</strong></span> <span class='ocrx_word' id='word_1_357' title='bbox 336 3118 559 3185; x_wconf 69' lang='lat' dir='ltr'><strong>Judaais,</strong></span> <span class='ocrx_word' id='word_1_358' title='bbox 594 3129 652 3175; x_wconf 90' lang='lat' dir='ltr'><strong>ut</strong></span> <span class='ocrx_word' id='word_1_359' title='bbox 682 3123 859 3192; x_wconf 88' lang='lat' dir='ltr'><strong>qualia</strong></span> <span class='ocrx_word' id='word_1_360' title='bbox 884 3125 1150 3194; x_wconf 84' lang='lat' dir='ltr'><strong>fecerunt,</strong></span> <span class='ocrx_word' id='word_1_361' title='bbox 1174 3129 1299 3183; x_wconf 88' lang='lat' dir='ltr'><strong>talia</strong></span> <span class='ocrx_word' id='word_1_362' title='bbox 1333 3132 1660 3201; x_wconf 87' lang='lat' dir='ltr'><strong>reciperent,</strong></span> <span class='ocrx_word' id='word_1_363' title='bbox 1696 3154 1716 3185; x_wconf 75' lang='grc' dir='ltr'>ι</span> <span class='ocrx_word' id='word_1_364' title='bbox 1748 3144 1803 3191; x_wconf 93' lang='lat' dir='ltr'><strong>et</strong></span> 
     </span>
    </p>
   </div>
   <div class='ocr_carea' id='block_1_47' title="bbox 220 3210 1799 3287">
    <p class='ocr_par' dir='ltr' id='par_1_47' title="bbox 220 3210 1799 3287">
     <span class='ocr_line' id='line_1_47' title="bbox 220 3210 1799 3287; baseline 0.011 -23"><span class='ocrx_word' id='word_1_365' title='bbox 220 3210 653 3267; x_wconf 81' lang='lat' dir='ltr'><strong>vicissitudinem</strong></span> <span class='ocrx_word' id='word_1_366' title='bbox 691 3213 925 3270; x_wconf 91' lang='lat' dir='ltr'><strong>inimicis</strong></span> <span class='ocrx_word' id='word_1_367' title='bbox 966 3217 1099 3284; x_wconf 91' lang='lat' dir='ltr'><strong>suis,</strong></span> <span class='ocrx_word' id='word_1_368' title='bbox 1133 3236 1151 3269; x_wconf 74' lang='grc' dir='ltr'><strong><em>ι</em></strong></span> <span class='ocrx_word' id='word_1_369' title='bbox 1185 3220 1462 3287; x_wconf 90' lang='lat' dir='ltr'><strong>subaudis,</strong></span> <span class='ocrx_word' id='word_1_370' title='bbox 1492 3225 1639 3279; x_wconf 85' lang='lat' dir='ltr'><strong>venit</strong></span> <span class='ocrx_word' id='word_1_371' title='bbox 1676 3227 1799 3282; x_wconf 89' lang='lat' dir='ltr'><strong>red-</strong></span> 
     </span>
    </p>
   </div>
   <div class='ocr_carea' id='block_1_48' title="bbox 222 3303 1801 3384">
    <p class='ocr_par' dir='ltr' id='par_1_48' title="bbox 222 3303 1801 3384">
     <span class='ocr_line' id='line_1_48' title="bbox 222 3303 1801 3384; baseline 0.006 -25"><span class='ocrx_word' id='word_1_372' title='bbox 222 3304 373 3359; x_wconf 87' lang='lat' dir='ltr'><strong>dere.</strong></span> <span class='ocrx_word' id='word_1_373' title='bbox 406 3303 732 3361; x_wconf 90' lang='lat' dir='ltr'><strong>Occiderunt</strong></span> <span class='ocrx_word' id='word_1_374' title='bbox 756 3307 1050 3376; x_wconf 88' lang='lat' dir='ltr'><strong>prophetas</strong></span> <span class='ocrx_word' id='word_1_375' title='bbox 1072 3307 1164 3377; x_wconf 91' lang='lat' dir='ltr'><strong>qui</strong></span> <span class='ocrx_word' id='word_1_376' title='bbox 1190 3309 1479 3365; x_wconf 90' lang='lat' dir='ltr'><strong>adventum</strong></span> <span class='ocrx_word' id='word_1_377' title='bbox 1505 3312 1646 3368; x_wconf 88' lang='lat' dir='ltr'><strong>illius</strong></span> <span class='ocrx_word' id='word_1_378' title='bbox 1664 3330 1801 3384; x_wconf 64' lang='lat' dir='ltr'><strong>prae-</strong></span> 
     </span>
    </p>
   </div>
   <div class='ocr_carea' id='block_1_49' title="bbox 223 3398 1798 3471">
    <p class='ocr_par' dir='ltr' id='par_1_49' title="bbox 223 3398 1798 3471">
     <span class='ocr_line' id='line_1_49' title="bbox 223 3398 1798 3471; baseline 0.003 -17"><span class='ocrx_word' id='word_1_379' title='bbox 223 3398 574 3465; x_wconf 86' lang='lat' dir='ltr'><strong>nuntiabant,</strong></span> <span class='ocrx_word' id='word_1_380' title='bbox 608 3409 663 3454; x_wconf 90' lang='lat' dir='ltr'><strong>et</strong></span> <span class='ocrx_word' id='word_1_381' title='bbox 692 3399 865 3469; x_wconf 88' lang='lat' dir='ltr'><strong>ipsum</strong></span> <span class='ocrx_word' id='word_1_382' title='bbox 893 3408 1054 3469; x_wconf 90' lang='lat' dir='ltr'><strong>caput</strong></span> <span class='ocrx_word' id='word_1_383' title='bbox 1081 3415 1204 3455; x_wconf 91' lang='lat' dir='ltr'><strong>cum</strong></span> <span class='ocrx_word' id='word_1_384' title='bbox 1232 3402 1488 3471; x_wconf 89' lang='lat' dir='ltr'><strong>apostolis</strong></span> <span class='ocrx_word' id='word_1_385' title='bbox 1525 3405 1669 3469; x_wconf 90' lang='lat' dir='ltr'><strong>suis,</strong></span> <span class='ocrx_word' id='word_1_386' title='bbox 1712 3405 1798 3459; x_wconf 83' lang='lat' dir='ltr'><strong>in-</strong></span> 
     </span>
    </p>
   </div>
   <div class='ocr_carea' id='block_1_50' title="bbox 216 3488 1794 3563">
    <p class='ocr_par' dir='ltr' id='par_1_50' title="bbox 216 3488 1794 3563">
     <span class='ocr_line' id='line_1_50' title="bbox 216 3488 1794 3563; baseline 0.004 -18"><span class='ocrx_word' id='word_1_387' title='bbox 216 3488 436 3546; x_wconf 78' lang='lat' dir='ltr'><strong>terfecti</strong></span> <span class='ocrx_word' id='word_1_388' title='bbox 471 3500 597 3547; x_wconf 89' lang='lat' dir='ltr'><strong>sunt</strong></span> <span class='ocrx_word' id='word_1_389' title='bbox 628 3500 683 3546; x_wconf 91' lang='lat' dir='ltr'><strong>et</strong></span> <span class='ocrx_word' id='word_1_390' title='bbox 707 3491 806 3563; x_wconf 90' lang='lat' dir='ltr'><strong>ipsi</strong></span> <span class='ocrx_word' id='word_1_391' title='bbox 842 3506 873 3545; x_wconf 89' lang='lat' dir='ltr'><strong>a</strong></span> <span class='ocrx_word' id='word_1_392' title='bbox 923 3491 1197 3547; x_wconf 80' lang='lat' dir='ltr'><strong>Romanis.</strong></span> <span class='ocrx_word' id='word_1_393' title='bbox 1246 3509 1265 3542; x_wconf 72' lang='grc' dir='ltr'><strong>ε</strong></span> <span class='ocrx_word' id='word_1_394' title='bbox 1300 3491 1516 3559; x_wconf 91' lang='lat' dir='ltr'><strong>Insulis,</strong></span> <span class='ocrx_word' id='word_1_395' title='bbox 1553 3513 1572 3546; x_wconf 71' lang='grc' dir='ltr'>ι</span> <span class='ocrx_word' id='word_1_396' title='bbox 1611 3490 1663 3549; x_wconf 91' lang='lat' dir='ltr'><strong>id</strong></span> <span class='ocrx_word' id='word_1_397' title='bbox 1691 3504 1794 3559; x_wconf 89' lang='lat' dir='ltr'><strong>est,</strong></span> 
     </span>
    </p>
   </div>
   <div class='ocr_carea' id='block_1_51' title="bbox 198 3574 1800 3640">
    <p class='ocr_par' dir='ltr' id='par_1_51' title="bbox 198 3574 1800 3640">
     <span class='ocr_line' id='line_1_51' title="bbox 198 3574 1800 3640; baseline 0 -2"><span class='ocrx_word' id='word_1_398' title='bbox 198 3580 529 3638; x_wconf 88' lang='lat' dir='ltr'><strong>.civitatihus</strong></span> <span class='ocrx_word' id='word_1_399' title='bbox 568 3574 878 3637; x_wconf 65' lang='lat' dir='ltr'><strong>Iudaeorum</strong></span> <span class='ocrx_word' id='word_1_400' title='bbox 907 3600 926 3633; x_wconf 69' lang='grc' dir='ltr'>ι</span> <span class='ocrx_word' id='word_1_401' title='bbox 976 3581 1148 3637; x_wconf 90' lang='lat' dir='ltr'><strong>vicem</strong></span> <span class='ocrx_word' id='word_1_402' title='bbox 1190 3581 1379 3637; x_wconf 86' lang='lat' dir='ltr'><strong>reddet</strong></span> <span class='ocrx_word' id='word_1_403' title='bbox 1420 3602 1440 3635; x_wconf 73' lang='grc' dir='ltr'><strong><em>ι</em></strong></span> <span class='ocrx_word' id='word_1_404' title='bbox 1483 3583 1709 3640; x_wconf 88' lang='lat' dir='ltr'><strong>delendo</strong></span> <span class='ocrx_word' id='word_1_405' title='bbox 1745 3592 1800 3640; x_wconf 92' lang='lat' dir='ltr'><strong>et</strong></span> 
     </span>
    </p>
   </div>
   <div class='ocr_carea' id='block_1_52' title="bbox 219 3668 1522 3743">
    <p class='ocr_par' dir='ltr' id='par_1_52' title="bbox 219 3668 1522 3743">
     <span class='ocr_line' id='line_1_52' title="bbox 219 3668 1522 3743; baseline 0 -18"><span class='ocrx_word' id='word_1_406' title='bbox 219 3668 549 3725; x_wconf 89' lang='lat' dir='ltr'><strong>destruendo</strong></span> <span class='ocrx_word' id='word_1_407' title='bbox 578 3685 671 3726; x_wconf 91' lang='lat' dir='ltr'><strong>eas</strong></span> <span class='ocrx_word' id='word_1_408' title='bbox 692 3685 789 3743; x_wconf 91' lang='lat' dir='ltr'><strong>per</strong></span> <span class='ocrx_word' id='word_1_409' title='bbox 824 3669 1111 3726; x_wconf 84' lang='lat' dir='ltr'><strong>adventum</strong></span> <span class='ocrx_word' id='word_1_410' title='bbox 1136 3668 1522 3726; x_wconf 90' lang='lat' dir='ltr'><strong>Romanorum.</strong></span> 
     </span>
    </p>
   </div>
   <div class='ocr_carea' id='block_1_53' title="bbox 285 3767 1795 3843">
    <p class='ocr_par' dir='ltr' id='par_1_53' title="bbox 285 3767 1795 3843">
     <span class='ocr_line' id='line_1_53' title="bbox 285 3767 1795 3843; baseline 0.005 -20"><span class='ocrx_word' id='word_1_411' title='bbox 285 3788 314 3823; x_wconf 80' lang='grc'><strong>·‹</strong></span> <span class='ocrx_word' id='word_1_412' title='bbox 344 3770 413 3825; x_wconf 87' lang='grc' dir='ltr'><strong>Ει</strong></span> <span class='ocrx_word' id='word_1_413' title='bbox 450 3771 716 3827; x_wconf 87' lang='lat' dir='ltr'><strong>timebunt</strong></span> <span class='ocrx_word' id='word_1_414' title='bbox 734 3772 825 3843; x_wconf 89' lang='lat' dir='ltr'><strong>qui</strong></span> <span class='ocrx_word' id='word_1_415' title='bbox 856 3768 924 3826; x_wconf 85' lang='lat' dir='ltr'><strong>ab</strong></span> <span class='ocrx_word' id='word_1_416' title='bbox 948 3771 1229 3828; x_wconf 85' lang='lat' dir='ltr'><strong>occidente</strong></span> <span class='ocrx_word' id='word_1_417' title='bbox 1252 3787 1447 3828; x_wconf 89' lang='lat' dir='ltr'><strong>nomen</strong></span> <span class='ocrx_word' id='word_1_418' title='bbox 1471 3767 1710 3841; x_wconf 89' lang='lat' dir='ltr'><strong>Domini,</strong></span> <span class='ocrx_word' id='word_1_419' title='bbox 1740 3784 1795 3831; x_wconf 89' lang='lat' dir='ltr'><strong>et</strong></span> 
     </span>
    </p>
   </div>
   <div class='ocr_carea' id='block_1_54' title="bbox 214 3860 1795 3937">
    <p class='ocr_par' dir='ltr' id='par_1_54' title="bbox 214 3860 1795 3937">
     <span class='ocr_line' id='line_1_54' title="bbox 214 3860 1795 3937; baseline 0.004 -21"><span class='ocrx_word' id='word_1_420' title='bbox 214 3860 315 3930; x_wconf 80' lang='lat' dir='ltr'><strong>qui</strong></span> <span class='ocrx_word' id='word_1_421' title='bbox 345 3862 414 3917; x_wconf 91' lang='lat' dir='ltr'><strong>ab</strong></span> <span class='ocrx_word' id='word_1_422' title='bbox 449 3869 573 3917; x_wconf 91' lang='lat' dir='ltr'><strong>ortu</strong></span> <span class='ocrx_word' id='word_1_423' title='bbox 618 3861 749 3917; x_wconf 91' lang='lat' dir='ltr'><strong>solis</strong></span> <span class='ocrx_word' id='word_1_424' title='bbox 786 3861 1012 3933; x_wconf 86' lang='lat' dir='ltr'><strong>gloriam</strong></span> <span class='ocrx_word' id='word_1_425' title='bbox 1046 3862 1162 3932; x_wconf 88' lang='lat' dir='ltr'><strong>ejus</strong></span> <span class='ocrx_word' id='word_1_426' title='bbox 1197 3881 1211 3917; x_wconf 90' lang='lat'>:</span> <span class='ocrx_word' id='word_1_427' title='bbox 1243 3878 1369 3919; x_wconf 90' lang='lat' dir='ltr'><strong>cum</strong></span> <span class='ocrx_word' id='word_1_428' title='bbox 1404 3865 1611 3931; x_wconf 86' lang='lat' dir='ltr'><strong>venerit</strong></span> <span class='ocrx_word' id='word_1_429' title='bbox 1643 3868 1795 3937; x_wconf 87' lang='lat' dir='ltr'><strong>quasi</strong></span> 
     </span>
    </p>
   </div>
   <div class='ocr_carea' id='block_1_55' title="bbox 218 3948 1794 4023">
    <p class='ocr_par' dir='ltr' id='par_1_55' title="bbox 218 3948 1794 4023">
     <span class='ocr_line' id='line_1_55' title="bbox 218 3948 1794 4023; baseline 0.004 -20"><span class='ocrx_word' id='word_1_430' title='bbox 218 3948 411 4009; x_wconf 91' lang='lat' dir='ltr'><strong>ﬂuvius</strong></span> <span class='ocrx_word' id='word_1_431' title='bbox 433 3950 704 4007; x_wconf 90' lang='lat' dir='ltr'><strong>violentus</strong></span> <span class='ocrx_word' id='word_1_432' title='bbox 724 3967 885 4022; x_wconf 89' lang='lat' dir='ltr'><strong>quem</strong></span> <span class='ocrx_word' id='word_1_433' title='bbox 911 3951 1134 4022; x_wconf 88' lang='lat' dir='ltr'><strong>spiritus</strong></span> <span class='ocrx_word' id='word_1_434' title='bbox 1159 3952 1324 4023; x_wconf 87' lang='lat' dir='ltr'><strong>cogit,</strong></span> <span class='ocrx_word' id='word_1_435' title='bbox 1348 3960 1403 4009; x_wconf 91' lang='lat' dir='ltr'><strong>et</strong></span> <span class='ocrx_word' id='word_1_436' title='bbox 1424 3954 1636 4009; x_wconf 89' lang='lat' dir='ltr'><strong>venerit</strong></span> <span class='ocrx_word' id='word_1_437' title='bbox 1662 3953 1794 4010; x_wconf 90' lang='lat' dir='ltr'><strong>Sion</strong></span> 
     </span>
    </p>
   </div>
   <div class='ocr_carea' id='block_1_56' title="bbox 211 4044 1795 4125">
    <p class='ocr_par' dir='ltr' id='par_1_56' title="bbox 211 4044 1795 4125">
     <span class='ocr_line' id='line_1_56' title="bbox 211 4044 1795 4125; baseline 0.001 -25"><span class='ocrx_word' id='word_1_438' title='bbox 211 4044 549 4114; x_wconf 58' lang='lat' dir='ltr'><strong>redemptor»,</strong></span> <span class='ocrx_word' id='word_1_439' title='bbox 587 4052 645 4100; x_wconf 89' lang='lat' dir='ltr'><strong>et</strong></span> <span class='ocrx_word' id='word_1_440' title='bbox 678 4044 757 4103; x_wconf 87' lang='lat' dir='ltr'><strong>eis</strong></span> <span class='ocrx_word' id='word_1_441' title='bbox 791 4044 886 4116; x_wconf 89' lang='lat' dir='ltr'><strong>qui</strong></span> <span class='ocrx_word' id='word_1_442' title='bbox 928 4044 1152 4099; x_wconf 89' lang='lat' dir='ltr'><strong>redeunt</strong></span> <span class='ocrx_word' id='word_1_443' title='bbox 1194 4045 1261 4100; x_wconf 88' lang='lat' dir='ltr'><strong>ab</strong></span> <span class='ocrx_word' id='word_1_444' title='bbox 1294 4044 1579 4115; x_wconf 87' lang='lat' dir='ltr'><strong>iniquitate</strong></span> <span class='ocrx_word' id='word_1_445' title='bbox 1612 4045 1680 4125; x_wconf 78' lang='lat' dir='ltr'><strong>ad</strong></span> <span class='ocrx_word' id='word_1_446' title='bbox 1707 4045 1795 4101; x_wconf 80' lang='lat' dir='ltr'><strong>Ja-</strong></span> 
     </span>
    </p>
   </div>
   <div class='ocr_carea' id='block_1_57' title="bbox 208 4130 1795 4202">
    <p class='ocr_par' dir='ltr' id='par_1_57' title="bbox 208 4130 1795 4202">
     <span class='ocr_line' id='line_1_57' title="bbox 208 4130 1795 4202; baseline 0.002 -14"><span class='ocrx_word' id='word_1_447' title='bbox 208 4132 340 4197; x_wconf 74' lang='lat' dir='ltr'><strong>‘eob,</strong></span> <span class='ocrx_word' id='word_1_448' title='bbox 384 4133 516 4190; x_wconf 89' lang='lat' dir='ltr'><strong>dicit</strong></span> <span class='ocrx_word' id='word_1_449' title='bbox 552 4132 830 4189; x_wconf 84' lang='lat' dir='ltr'><strong>Dominus.</strong></span> <span class='ocrx_word' id='word_1_450' title='bbox 880 4151 899 4184; x_wconf 74' lang='grc' dir='ltr'><strong><em>ι</em></strong></span> <span class='ocrx_word' id='word_1_451' title='bbox 949 4130 1209 4202; x_wconf 89' lang='lat' dir='ltr'><strong>Superius</strong></span> <span class='ocrx_word' id='word_1_452' title='bbox 1245 4132 1456 4188; x_wconf 88' lang='lat' dir='ltr'><strong>locutus</strong></span> <span class='ocrx_word' id='word_1_453' title='bbox 1502 4142 1584 4188; x_wconf 90' lang='lat' dir='ltr'><strong>est</strong></span> <span class='ocrx_word' id='word_1_454' title='bbox 1615 4149 1795 4191; x_wconf 88' lang='lat' dir='ltr'><strong>sermo</strong></span> 
     </span>
    </p>
   </div>
   <div class='ocr_carea' id='block_1_58' title="bbox 216 4221 1793 4295">
    <p class='ocr_par' dir='ltr' id='par_1_58' title="bbox 216 4221 1793 4295">
     <span class='ocr_line' id='line_1_58' title="bbox 216 4221 1793 4295; baseline 0.002 -17"><span class='ocrx_word' id='word_1_455' title='bbox 216 4223 565 4295; x_wconf 87' lang='lat' dir='ltr'><strong>propheticus</strong></span> <span class='ocrx_word' id='word_1_456' title='bbox 602 4223 671 4281; x_wconf 93' lang='lat' dir='ltr'><strong>de</strong></span> <span class='ocrx_word' id='word_1_457' title='bbox 712 4221 1084 4279; x_wconf 73' lang='lat' dir='ltr'><strong>interiectione</strong></span> <span class='ocrx_word' id='word_1_458' title='bbox 1119 4222 1460 4291; x_wconf 57' lang='lat' dir='ltr'><strong>Iudaeorum,</strong></span> <span class='ocrx_word' id='word_1_459' title='bbox 1503 4239 1623 4294; x_wconf 87' lang='lat' dir='ltr'><strong>quae</strong></span> <span class='ocrx_word' id='word_1_460' title='bbox 1652 4223 1793 4281; x_wconf 79' lang='lat' dir='ltr'><strong>facta</strong></span> 
     </span>
    </p>
   </div>
   <div class='ocr_carea' id='block_1_59' title="bbox 194 4312 1793 4386">
    <p class='ocr_par' dir='ltr' id='par_1_59' title="bbox 194 4312 1793 4386">
     <span class='ocr_line' id='line_1_59' title="bbox 194 4312 1793 4386; baseline 0.001 -16"><span class='ocrx_word' id='word_1_461' title='bbox 194 4322 301 4370; x_wconf 87' lang='lat' dir='ltr'><strong>.est</strong></span> <span class='ocrx_word' id='word_1_462' title='bbox 324 4328 357 4369; x_wconf 88' lang='lat' dir='ltr'><strong>a</strong></span> <span class='ocrx_word' id='word_1_463' title='bbox 379 4313 667 4379; x_wconf 80' lang='lat' dir='ltr'><strong>Romanis,</strong></span> <span class='ocrx_word' id='word_1_464' title='bbox 696 4313 750 4368; x_wconf 92' lang='lat' dir='ltr'><strong>in</strong></span> <span class='ocrx_word' id='word_1_465' title='bbox 779 4312 975 4382; x_wconf 87' lang='lat' dir='ltr'><strong>quibus</strong></span> <span class='ocrx_word' id='word_1_466' title='bbox 998 4312 1257 4369; x_wconf 81' lang='lat' dir='ltr'><strong>Dominus</strong></span> <span class='ocrx_word' id='word_1_467' title='bbox 1283 4315 1431 4371; x_wconf 87' lang='lat' dir='ltr'><strong>venit</strong></span> <span class='ocrx_word' id='word_1_468' title='bbox 1456 4324 1793 4386; x_wconf 73' lang='lat' dir='ltr'><strong>prmparatus</strong></span> 
     </span>
    </p>
   </div>
   <div class='ocr_carea' id='block_1_60' title="bbox 206 4394 1790 4470">
    <p class='ocr_par' dir='ltr' id='par_1_60' title="bbox 206 4394 1790 4470">
     <span class='ocr_line' id='line_1_60' title="bbox 206 4394 1790 4470; baseline 0.001 -10"><span class='ocrx_word' id='word_1_469' title='bbox 206 4406 285 4460; x_wconf 83' lang='lat' dir='ltr'><strong>ad</strong></span> <span class='ocrx_word' id='word_1_470' title='bbox 321 4404 614 4461; x_wconf 88' lang='lat' dir='ltr'><strong>vindictam</strong></span> <span class='ocrx_word' id='word_1_471' title='bbox 657 4394 846 4461; x_wconf 68' lang='lat' dir='ltr'><strong>centra</strong></span> <span class='ocrx_word' id='word_1_472' title='bbox 888 4419 1014 4461; x_wconf 91' lang='lat' dir='ltr'><strong>suos</strong></span> <span class='ocrx_word' id='word_1_473' title='bbox 1054 4404 1324 4470; x_wconf 89' lang='lat' dir='ltr'><strong>inimicos,</strong></span> <span class='ocrx_word' id='word_1_474' title='bbox 1356 4405 1576 4461; x_wconf 90' lang='lat' dir='ltr'><strong>indutus</strong></span> <span class='ocrx_word' id='word_1_475' title='bbox 1625 4406 1790 4461; x_wconf 89' lang='lat' dir='ltr'><strong>lorica</strong></span> 
     </span>
    </p>
   </div>
   <div class='ocr_carea' id='block_1_61' title="bbox 207 4489 1788 4568">
    <p class='ocr_par' dir='ltr' id='par_1_61' title="bbox 207 4489 1788 4568">
     <span class='ocr_line' id='line_1_61' title="bbox 207 4489 1788 4568; baseline 0.003 -19"><span class='ocrx_word' id='word_1_476' title='bbox 207 4489 436 4567; x_wconf 69' lang='lat' dir='ltr'><strong>iustitiae</strong></span> <span class='ocrx_word' id='word_1_477' title='bbox 461 4503 517 4551; x_wconf 90' lang='lat' dir='ltr'><strong>et</strong></span> <span class='ocrx_word' id='word_1_478' title='bbox 549 4495 699 4566; x_wconf 85' lang='lat' dir='ltr'><strong>galea</strong></span> <span class='ocrx_word' id='word_1_479' title='bbox 724 4495 913 4551; x_wconf 88' lang='lat' dir='ltr'><strong>salutis</strong></span> <span class='ocrx_word' id='word_1_480' title='bbox 944 4513 958 4549; x_wconf 89' lang='lat'><strong>:</strong></span> <span class='ocrx_word' id='word_1_481' title='bbox 991 4512 1135 4551; x_wconf 89' lang='lat' dir='ltr'><strong>nunc</strong></span> <span class='ocrx_word' id='word_1_482' title='bbox 1162 4510 1291 4551; x_wconf 88' lang='lat' dir='ltr'><strong>vero</strong></span> <span class='ocrx_word' id='word_1_483' title='bbox 1325 4497 1393 4552; x_wconf 91' lang='lat' dir='ltr'><strong>dc</strong></span> <span class='ocrx_word' id='word_1_484' title='bbox 1423 4495 1528 4551; x_wconf 86' lang='lat' dir='ltr'><strong>ﬁde</strong></span> <span class='ocrx_word' id='word_1_485' title='bbox 1553 4498 1788 4568; x_wconf 89' lang='lat' dir='ltr'><strong>gentium</strong></span> 
     </span>
    </p>
   </div>
   <div class='ocr_carea' id='block_1_62' title="bbox 1910 2021 3486 2098">
    <p class='ocr_par' dir='ltr' id='par_1_62' title="bbox 1910 2021 3486 2098">
     <span class='ocr_line' id='line_1_62' title="bbox 1910 2021 3486 2098; baseline 0.005 -21"><span class='ocrx_word' id='word_1_486' title='bbox 1910 2021 1996 2078; x_wconf 85' lang='lat' dir='ltr'><strong>bis</strong></span> <span class='ocrx_word' id='word_1_487' title='bbox 2028 2023 2194 2089; x_wconf 90' lang='lat' dir='ltr'><strong>dedit,</strong></span> <span class='ocrx_word' id='word_1_488' title='bbox 2235 2033 2289 2078; x_wconf 91' lang='lat' dir='ltr'><strong>et</strong></span> <span class='ocrx_word' id='word_1_489' title='bbox 2308 2025 2478 2079; x_wconf 86' lang='lat' dir='ltr'><strong>corda</strong></span> <span class='ocrx_word' id='word_1_490' title='bbox 2514 2024 2807 2080; x_wconf 83' lang='lat' dir='ltr'><strong>electorum</strong></span> <span class='ocrx_word' id='word_1_491' title='bbox 2840 2042 3061 2082; x_wconf 90' lang='lat' dir='ltr'><strong>suorum</strong></span> <span class='ocrx_word' id='word_1_492' title='bbox 3096 2043 3235 2098; x_wconf 90' lang='lat' dir='ltr'><strong>aqua</strong></span> <span class='ocrx_word' id='word_1_493' title='bbox 3259 2028 3486 2085; x_wconf 87' lang='lat' dir='ltr'><strong>salutari</strong></span> 
     </span>
    </p>
   </div>
   <div class='ocr_carea' id='block_1_63' title="bbox 1908 2113 3488 2194">
    <p class='ocr_par' dir='ltr' id='par_1_63' title="bbox 1908 2113 3488 2194">
     <span class='ocr_line' id='line_1_63' title="bbox 1908 2113 3488 2194; baseline 0.006 -24"><span class='ocrx_word' id='word_1_494' title='bbox 1908 2116 2103 2180; x_wconf 90' lang='lat' dir='ltr'><strong>satiat,</strong></span> <span class='ocrx_word' id='word_1_495' title='bbox 2154 2117 2207 2170; x_wconf 91' lang='lat' dir='ltr'><strong>id</strong></span> <span class='ocrx_word' id='word_1_496' title='bbox 2233 2125 2343 2182; x_wconf 91' lang='lat' dir='ltr'><strong>est,</strong></span> <span class='ocrx_word' id='word_1_497' title='bbox 2378 2116 2612 2187; x_wconf 90' lang='lat' dir='ltr'><strong>Spiritus</strong></span> <span class='ocrx_word' id='word_1_498' title='bbox 2640 2113 2812 2174; x_wconf 73' lang='lat' dir='ltr'><strong>sancti</strong></span> <span class='ocrx_word' id='word_1_499' title='bbox 2846 2120 3017 2190; x_wconf 88' lang='lat' dir='ltr'><strong>gratia</strong></span> <span class='ocrx_word' id='word_1_500' title='bbox 3049 2120 3240 2191; x_wconf 88' lang='lat' dir='ltr'><strong>replet,</strong></span> <span class='ocrx_word' id='word_1_501' title='bbox 3281 2121 3348 2176; x_wconf 90' lang='lat' dir='ltr'><strong>de</strong></span> <span class='ocrx_word' id='word_1_502' title='bbox 3377 2137 3488 2194; x_wconf 90' lang='lat' dir='ltr'><strong>quo</strong></span> 
     </span>
    </p>
   </div>
   <div class='ocr_carea' id='block_1_64' title="bbox 1909 2206 3488 2278">
    <p class='ocr_par' dir='ltr' id='par_1_64' title="bbox 1909 2206 3488 2278">
     <span class='ocr_line' id='line_1_64' title="bbox 1909 2206 3488 2278; baseline 0.006 -18"><span class='ocrx_word' id='word_1_503' title='bbox 1909 2206 2027 2277; x_wconf 91' lang='lat' dir='ltr'><strong>ipse</strong></span> <span class='ocrx_word' id='word_1_504' title='bbox 2061 2206 2191 2262; x_wconf 92' lang='lat' dir='ltr'><strong>dicit</strong></span> <span class='ocrx_word' id='word_1_505' title='bbox 2232 2221 2247 2260; x_wconf 92' lang='lat'><strong>:</strong></span> <span class='ocrx_word' id='word_1_506' title='bbox 2286 2226 2306 2258; x_wconf 72' lang='grc' dir='ltr'>ί</span> <span class='ocrx_word' id='word_1_507' title='bbox 2362 2207 2418 2262; x_wconf 89' lang='lat' dir='ltr'><strong>Si</strong></span> <span class='ocrx_word' id='word_1_508' title='bbox 2443 2209 2563 2278; x_wconf 93' lang='lat' dir='ltr'><strong>quis</strong></span> <span class='ocrx_word' id='word_1_509' title='bbox 2597 2210 2743 2275; x_wconf 90' lang='lat' dir='ltr'><strong>sitit,</strong></span> <span class='ocrx_word' id='word_1_510' title='bbox 2787 2210 2968 2264; x_wconf 87' lang='lat' dir='ltr'><strong>veniat</strong></span> <span class='ocrx_word' id='word_1_511' title='bbox 3014 2211 3081 2266; x_wconf 90' lang='lat' dir='ltr'><strong>ad</strong></span> <span class='ocrx_word' id='word_1_512' title='bbox 3113 2227 3199 2267; x_wconf 91' lang='lat' dir='ltr'><strong>me</strong></span> <span class='ocrx_word' id='word_1_513' title='bbox 3243 2222 3297 2267; x_wconf 91' lang='lat' dir='ltr'><strong>et</strong></span> <span class='ocrx_word' id='word_1_514' title='bbox 3335 2213 3488 2269; x_wconf 89' lang='lat' dir='ltr'><strong>bibat</strong></span> 
     </span>
    </p>
   </div>
   <div class='ocr_carea' id='block_1_65' title="bbox 1909 2298 3485 2377">
    <p class='ocr_par' dir='ltr' id='par_1_65' title="bbox 1909 2298 3485 2377">
     <span class='ocr_line' id='line_1_65' title="bbox 1909 2298 3485 2377; baseline 0.006 -25"><span class='ocrx_word' id='word_1_515' title='bbox 1909 2298 2090 2369; x_wconf 83' lang='lat' dir='ltr'><strong>(Joan.</strong></span> <span class='ocrx_word' id='word_1_516' title='bbox 2128 2298 2247 2371; x_wconf 88' lang='lat' dir='ltr'><strong>vn),</strong></span> <span class='ocrx_word' id='word_1_517' title='bbox 2285 2321 2303 2352; x_wconf 73' lang='grc' dir='ltr'><strong><em>ο</em></strong></span> <span class='ocrx_word' id='word_1_518' title='bbox 2332 2308 2384 2355; x_wconf 90' lang='lat' dir='ltr'><strong>et</strong></span> <span class='ocrx_word' id='word_1_519' title='bbox 2426 2309 2643 2356; x_wconf 75' lang='lat' dir='ltr'><strong>caetera.</strong></span> <span class='ocrx_word' id='word_1_520' title='bbox 2675 2302 2955 2358; x_wconf 80' lang='lat' dir='ltr'><strong>Violentus</strong></span> <span class='ocrx_word' id='word_1_521' title='bbox 2982 2304 3303 2376; x_wconf 89' lang='lat' dir='ltr'><strong>appellatur,</strong></span> <span class='ocrx_word' id='word_1_522' title='bbox 3356 2308 3485 2377; x_wconf 85' lang='lat' dir='ltr'><strong>quia</strong></span> 
     </span>
    </p>
   </div>
   <div class='ocr_carea' id='block_1_66' title="bbox 1907 2390 3489 2460">
    <p class='ocr_par' dir='ltr' id='par_1_66' title="bbox 1907 2390 3489 2460">
     <span class='ocr_line' id='line_1_66' title="bbox 1907 2390 3489 2460; baseline 0.008 -19"><span class='ocrx_word' id='word_1_523' title='bbox 1907 2394 2077 2442; x_wconf 89' lang='lat' dir='ltr'><strong>totum</strong></span> <span class='ocrx_word' id='word_1_524' title='bbox 2112 2390 2367 2444; x_wconf 86' lang='lat' dir='ltr'><strong>mundum</strong></span> <span class='ocrx_word' id='word_1_525' title='bbox 2398 2391 2538 2445; x_wconf 87' lang='lat' dir='ltr'><strong>inter</strong></span> <span class='ocrx_word' id='word_1_526' title='bbox 2568 2392 2799 2460; x_wconf 87' lang='lat' dir='ltr'><strong>spatium</strong></span> <span class='ocrx_word' id='word_1_527' title='bbox 2831 2393 2992 2448; x_wconf 88' lang='lat' dir='ltr'><strong>trium</strong></span> <span class='ocrx_word' id='word_1_528' title='bbox 3023 2410 3287 2451; x_wconf 89' lang='lat' dir='ltr'><strong>annorum</strong></span> <span class='ocrx_word' id='word_1_529' title='bbox 3320 2404 3375 2453; x_wconf 91' lang='lat' dir='ltr'><strong>et</strong></span> <span class='ocrx_word' id='word_1_530' title='bbox 3401 2413 3489 2453; x_wconf 82' lang='lat' dir='ltr'><strong>sc-</strong></span> 
     </span>
    </p>
   </div>
   <div class='ocr_carea' id='block_1_67' title="bbox 1909 2477 3481 2559">
    <p class='ocr_par' dir='ltr' id='par_1_67' title="bbox 1909 2477 3481 2559">
     <span class='ocr_line' id='line_1_67' title="bbox 1909 2477 3481 2559; baseline 0.008 -28"><span class='ocrx_word' id='word_1_531' title='bbox 1909 2477 2012 2532; x_wconf 90' lang='lat' dir='ltr'><strong>mis</strong></span> <span class='ocrx_word' id='word_1_532' title='bbox 2047 2488 2266 2547; x_wconf 87' lang='lat' dir='ltr'><strong>peracta</strong></span> <span class='ocrx_word' id='word_1_533' title='bbox 2297 2494 2391 2535; x_wconf 91' lang='lat' dir='ltr'><strong>sua</strong></span> <span class='ocrx_word' id='word_1_534' title='bbox 2430 2481 2708 2550; x_wconf 89' lang='lat' dir='ltr'><strong>passione,</strong></span> <span class='ocrx_word' id='word_1_535' title='bbox 2742 2482 3054 2540; x_wconf 89' lang='lat' dir='ltr'><strong>redimendo</strong></span> <span class='ocrx_word' id='word_1_536' title='bbox 3088 2485 3190 2541; x_wconf 88' lang='lat' dir='ltr'><strong>sibi</strong></span> <span class='ocrx_word' id='word_1_537' title='bbox 3227 2487 3438 2559; x_wconf 86' lang='lat' dir='ltr'><strong>subegit</strong></span> <span class='ocrx_word' id='word_1_538' title='bbox 3468 2508 3481 2543; x_wconf 89' lang='lat'><strong>:</strong></span> 
     </span>
    </p>
   </div>
   <div class='ocr_carea' id='block_1_68' title="bbox 1907 2567 3485 2639">
    <p class='ocr_par' dir='ltr' id='par_1_68' title="bbox 1907 2567 3485 2639">
     <span class='ocr_line' id='line_1_68' title="bbox 1907 2567 3485 2639; baseline 0.008 -18"><span class='ocrx_word' id='word_1_539' title='bbox 1907 2567 2045 2622; x_wconf 93' lang='lat' dir='ltr'><strong>sicut</strong></span> <span class='ocrx_word' id='word_1_540' title='bbox 2066 2583 2352 2639; x_wconf 87' lang='lat' dir='ltr'><strong>resurgens</strong></span> <span class='ocrx_word' id='word_1_541' title='bbox 2375 2585 2404 2624; x_wconf 90' lang='lat' dir='ltr'><strong>a</strong></span> <span class='ocrx_word' id='word_1_542' title='bbox 2434 2572 2666 2627; x_wconf 89' lang='lat' dir='ltr'><strong>mortuis</strong></span> <span class='ocrx_word' id='word_1_543' title='bbox 2689 2573 2844 2638; x_wconf 77' lang='lat' dir='ltr'><strong>dixit,</strong></span> <span class='ocrx_word' id='word_1_544' title='bbox 2880 2594 2898 2625; x_wconf 73' lang='grc'><strong>(</strong></span> <span class='ocrx_word' id='word_1_545' title='bbox 2930 2574 3064 2629; x_wconf 89' lang='lat' dir='ltr'><strong>Data</strong></span> <span class='ocrx_word' id='word_1_546' title='bbox 3093 2584 3179 2631; x_wconf 93' lang='lat' dir='ltr'><strong>est</strong></span> <span class='ocrx_word' id='word_1_547' title='bbox 3207 2577 3339 2632; x_wconf 89' lang='lat' dir='ltr'><strong>mihi</strong></span> <span class='ocrx_word' id='word_1_548' title='bbox 3358 2582 3485 2633; x_wconf 82' lang='lat' dir='ltr'><strong>&#39;oru-</strong></span> 
     </span>
    </p>
   </div>
   <div class='ocr_carea' id='block_1_69' title="bbox 1906 2657 3477 2739">
    <p class='ocr_par' dir='ltr' id='par_1_69' title="bbox 1906 2657 3477 2739">
     <span class='ocr_line' id='line_1_69' title="bbox 1906 2657 3477 2739; baseline 0.008 -27"><span class='ocrx_word' id='word_1_549' title='bbox 1906 2657 1991 2739; x_wconf 75' lang='lat' dir='ltr'><strong>nis</strong></span> <span class='ocrx_word' id='word_1_550' title='bbox 2021 2668 2261 2728; x_wconf 88' lang='lat' dir='ltr'><strong>potestas</strong></span> <span class='ocrx_word' id='word_1_551' title='bbox 2309 2661 2363 2715; x_wconf 90' lang='lat' dir='ltr'><strong>in</strong></span> <span class='ocrx_word' id='word_1_552' title='bbox 2393 2661 2531 2717; x_wconf 73' lang='lat' dir='ltr'><strong>cmlo</strong></span> <span class='ocrx_word' id='word_1_553' title='bbox 2569 2671 2625 2718; x_wconf 89' lang='lat' dir='ltr'><strong>et</strong></span> <span class='ocrx_word' id='word_1_554' title='bbox 2659 2664 2712 2717; x_wconf 91' lang='lat' dir='ltr'><strong>in</strong></span> <span class='ocrx_word' id='word_1_555' title='bbox 2742 2672 2886 2719; x_wconf 85' lang='lat' dir='ltr'><strong>terra</strong></span> <span class='ocrx_word' id='word_1_556' title='bbox 2933 2664 3148 2737; x_wconf 76' lang='lat' dir='ltr'><strong>(Matth.</strong></span> <span class='ocrx_word' id='word_1_557' title='bbox 3193 2668 3411 2739; x_wconf 77' lang='lat' dir='ltr'><strong>xxvm).</strong></span> <span class='ocrx_word' id='word_1_558' title='bbox 3459 2688 3477 2724; x_wconf 73' lang='grc' dir='ltr'><strong><em>ι</em></strong></span> 
     </span>
    </p>
   </div>
   <div class='ocr_carea' id='block_1_70' title="bbox 1907 2730 3486 2828">
    <p class='ocr_par' dir='ltr' id='par_1_70' title="bbox 1907 2730 3486 2828">
     <span class='ocr_line' id='line_1_70' title="bbox 1907 2730 3486 2828; baseline 0.008 -26"><span class='ocrx_word' id='word_1_559' title='bbox 1907 2730 2167 2816; x_wconf 75' lang='lat' dir='ltr'><strong>Spiritum</strong></span> <span class='ocrx_word' id='word_1_560' title='bbox 2193 2760 2373 2806; x_wconf 85' lang='lat' dir='ltr'><strong>autem</strong></span> <span class='ocrx_word' id='word_1_561' title='bbox 2400 2752 2635 2818; x_wconf 88' lang='lat' dir='ltr'><strong>Domini,</strong></span> <span class='ocrx_word' id='word_1_562' title='bbox 2664 2754 2753 2824; x_wconf 90' lang='lat' dir='ltr'><strong>qui</strong></span> <span class='ocrx_word' id='word_1_563' title='bbox 2780 2769 2902 2821; x_wconf 87' lang='lat' dir='ltr'><strong>eum</strong></span> <span class='ocrx_word' id='word_1_564' title='bbox 2918 2730 3094 2828; x_wconf 82' lang='lat' dir='ltr'><strong>coegit</strong></span> <span class='ocrx_word' id='word_1_565' title='bbox 3120 2757 3187 2812; x_wconf 89' lang='lat' dir='ltr'><strong>ad</strong></span> <span class='ocrx_word' id='word_1_566' title='bbox 3216 2730 3486 2815; x_wconf 80' lang='lat' dir='ltr'><strong>redimen-</strong></span> 
     </span>
    </p>
   </div>
   <div class='ocr_carea' id='block_1_71' title="bbox 1907 2841 3486 2917">
    <p class='ocr_par' dir='ltr' id='par_1_71' title="bbox 1907 2841 3486 2917">
     <span class='ocr_line' id='line_1_71' title="bbox 1907 2841 3486 2917; baseline 0.008 -21"><span class='ocrx_word' id='word_1_567' title='bbox 1907 2841 2036 2896; x_wconf 88' lang='lat' dir='ltr'><strong>dum</strong></span> <span class='ocrx_word' id='word_1_568' title='bbox 2066 2856 2235 2911; x_wconf 89' lang='lat' dir='ltr'><strong>genus</strong></span> <span class='ocrx_word' id='word_1_569' title='bbox 2274 2845 2602 2912; x_wconf 89' lang='lat' dir='ltr'><strong>humanum,</strong></span> <span class='ocrx_word' id='word_1_570' title='bbox 2648 2844 2908 2917; x_wconf 89' lang='lat' dir='ltr'><strong>Spiritum</strong></span> <span class='ocrx_word' id='word_1_571' title='bbox 2950 2857 3197 2905; x_wconf 89' lang='lat' dir='ltr'><strong>sanctum</strong></span> <span class='ocrx_word' id='word_1_572' title='bbox 3226 2851 3486 2908; x_wconf 87' lang='lat' dir='ltr'><strong>debemus</strong></span> 
     </span>
    </p>
   </div>
   <div class='ocr_carea' id='block_1_72' title="bbox 1907 2932 3482 3011">
    <p class='ocr_par' dir='ltr' id='par_1_72' title="bbox 1907 2932 3482 3011">
     <span class='ocr_line' id='line_1_72' title="bbox 1907 2932 3482 3011; baseline 0.007 -25"><span class='ocrx_word' id='word_1_573' title='bbox 1907 2932 2154 3002; x_wconf 89' lang='lat' dir='ltr'><strong>accipere</strong></span> <span class='ocrx_word' id='word_1_574' title='bbox 2178 2948 2192 2987; x_wconf 88' lang='lat'>:</span> <span class='ocrx_word' id='word_1_575' title='bbox 2217 2934 2284 2989; x_wconf 92' lang='lat' dir='ltr'><strong>de</strong></span> <span class='ocrx_word' id='word_1_576' title='bbox 2308 2949 2415 3004; x_wconf 92' lang='lat' dir='ltr'><strong>quo</strong></span> <span class='ocrx_word' id='word_1_577' title='bbox 2443 2935 2584 2990; x_wconf 91' lang='lat' dir='ltr'><strong>idem</strong></span> <span class='ocrx_word' id='word_1_578' title='bbox 2609 2937 2872 3006; x_wconf 87' lang='lat' dir='ltr'><strong>propheta</strong></span> <span class='ocrx_word' id='word_1_579' title='bbox 2892 2936 3005 3006; x_wconf 90' lang='lat' dir='ltr'><strong>jam</strong></span> <span class='ocrx_word' id='word_1_580' title='bbox 3034 2942 3283 3011; x_wconf 84' lang='lat' dir='ltr'><strong>superius</strong></span> <span class='ocrx_word' id='word_1_581' title='bbox 3308 2943 3482 2999; x_wconf 70' lang='lat' dir='ltr'><strong>dixit:</strong></span> 
     </span>
    </p>
   </div>
   <div class='ocr_carea' id='block_1_73' title="bbox 1909 3015 3476 3104">
    <p class='ocr_par' dir='ltr' id='par_1_73' title="bbox 1909 3015 3476 3104">
     <span class='ocr_line' id='line_1_73' title="bbox 1909 3015 3476 3104; baseline 0.009 -30"><span class='ocrx_word' id='word_1_582' title='bbox 1909 3042 1929 3074; x_wconf 71' lang='grc' dir='ltr'><strong><em>ι</em></strong></span> <span class='ocrx_word' id='word_1_583' title='bbox 1964 3015 2290 3092; x_wconf 81' lang='lat' dir='ltr'><strong>Requiescct</strong></span> <span class='ocrx_word' id='word_1_584' title='bbox 2310 3039 2473 3095; x_wconf 90' lang='lat' dir='ltr'><strong>super</strong></span> <span class='ocrx_word' id='word_1_585' title='bbox 2500 3039 2622 3079; x_wconf 91' lang='lat' dir='ltr'><strong>eum</strong></span> <span class='ocrx_word' id='word_1_586' title='bbox 2654 3025 2886 3096; x_wconf 90' lang='lat' dir='ltr'><strong>Spiritus</strong></span> <span class='ocrx_word' id='word_1_587' title='bbox 2917 3027 3129 3084; x_wconf 91' lang='lat' dir='ltr'><strong>Domini</strong></span> <span class='ocrx_word' id='word_1_588' title='bbox 3159 3029 3292 3099; x_wconf 78' lang='lat' dir='ltr'><strong>(lsa.</strong></span> <span class='ocrx_word' id='word_1_589' title='bbox 3320 3034 3418 3104; x_wconf 63' lang='grc' dir='ltr'><strong>ιι).</strong></span> <span class='ocrx_word' id='word_1_590' title='bbox 3456 3053 3476 3087; x_wconf 73' lang='grc' dir='ltr'>ι</span> 
     </span>
    </p>
   </div>
   <div class='ocr_carea' id='block_1_74' title="bbox 1905 3112 3478 3192">
    <p class='ocr_par' dir='ltr' id='par_1_74' title="bbox 1905 3112 3478 3192">
     <span class='ocr_line' id='line_1_74' title="bbox 1905 3112 3478 3192; baseline 0.009 -26"><span class='ocrx_word' id='word_1_591' title='bbox 1905 3112 1984 3168; x_wconf 91' lang='lat' dir='ltr'><strong>Ne</strong></span> <span class='ocrx_word' id='word_1_592' title='bbox 2006 3121 2220 3183; x_wconf 89' lang='lat' dir='ltr'><strong>putaret</strong></span> <span class='ocrx_word' id='word_1_593' title='bbox 2248 3122 2426 3169; x_wconf 89' lang='lat' dir='ltr'><strong>autem</strong></span> <span class='ocrx_word' id='word_1_594' title='bbox 2454 3114 2651 3186; x_wconf 89' lang='lat' dir='ltr'><strong>aliquis</strong></span> <span class='ocrx_word' id='word_1_595' title='bbox 2678 3131 2866 3172; x_wconf 91' lang='lat' dir='ltr'><strong>omnes</strong></span> <span class='ocrx_word' id='word_1_596' title='bbox 2892 3118 3175 3176; x_wconf 87' lang='lat' dir='ltr'><strong>salvandos</strong></span> <span class='ocrx_word' id='word_1_597' title='bbox 3198 3124 3288 3192; x_wconf 91' lang='lat' dir='ltr'><strong>qui</strong></span> <span class='ocrx_word' id='word_1_598' title='bbox 3318 3124 3478 3180; x_wconf 83' lang='lat' dir='ltr'><strong>tidem</strong></span> 
     </span>
    </p>
   </div>
   <div class='ocr_carea' id='block_1_75' title="bbox 1908 3204 3483 3275">
    <p class='ocr_par' dir='ltr' id='par_1_75' title="bbox 1908 3204 3483 3275">
     <span class='ocr_line' id='line_1_75' title="bbox 1908 3204 3483 3275; baseline 0.008 -16"><span class='ocrx_word' id='word_1_599' title='bbox 1908 3204 2108 3259; x_wconf 88' lang='lat' dir='ltr'><strong>habere</strong></span> <span class='ocrx_word' id='word_1_600' title='bbox 2137 3204 2404 3269; x_wconf 86' lang='lat' dir='ltr'><strong>videntur,</strong></span> <span class='ocrx_word' id='word_1_601' title='bbox 2448 3205 2544 3260; x_wconf 92' lang='lat' dir='ltr'><strong>scd</strong></span> <span class='ocrx_word' id='word_1_602' title='bbox 2582 3221 2744 3275; x_wconf 88' lang='lat' dir='ltr'><strong>opera</strong></span> <span class='ocrx_word' id='word_1_603' title='bbox 2780 3206 2919 3263; x_wconf 89' lang='lat' dir='ltr'><strong>bona</strong></span> <span class='ocrx_word' id='word_1_604' title='bbox 2946 3224 3053 3264; x_wconf 92' lang='lat' dir='ltr'><strong>non</strong></span> <span class='ocrx_word' id='word_1_605' title='bbox 3083 3210 3284 3267; x_wconf 88' lang='lat' dir='ltr'><strong>habent</strong></span> <span class='ocrx_word' id='word_1_606' title='bbox 3314 3229 3329 3269; x_wconf 91' lang='lat'><strong>:</strong></span> <span class='ocrx_word' id='word_1_607' title='bbox 3363 3215 3483 3272; x_wconf 86' lang='lat' dir='ltr'><strong>ideo</strong></span> 
     </span>
    </p>
   </div>
   <div class='ocr_carea' id='block_1_76' title="bbox 1903 3293 3481 3367">
    <p class='ocr_par' dir='ltr' id='par_1_76' title="bbox 1903 3293 3481 3367">
     <span class='ocr_line' id='line_1_76' title="bbox 1903 3293 3481 3367; baseline 0.006 -19"><span class='ocrx_word' id='word_1_608' title='bbox 1903 3293 2058 3358; x_wconf 83' lang='lat' dir='ltr'><strong>dixit,</strong></span> <span class='ocrx_word' id='word_1_609' title='bbox 2089 3313 2106 3344; x_wconf 79' lang='grc' dir='ltr'>ι</span> <span class='ocrx_word' id='word_1_610' title='bbox 2137 3301 2192 3348; x_wconf 91' lang='lat' dir='ltr'><strong>et</strong></span> <span class='ocrx_word' id='word_1_611' title='bbox 2212 3294 2421 3348; x_wconf 89' lang='lat' dir='ltr'><strong>venerit</strong></span> <span class='ocrx_word' id='word_1_612' title='bbox 2449 3295 2528 3349; x_wconf 91' lang='lat' dir='ltr'><strong>eis</strong></span> <span class='ocrx_word' id='word_1_613' title='bbox 2556 3293 2885 3366; x_wconf 84' lang='lat' dir='ltr'><strong>Redemptor</strong></span> <span class='ocrx_word' id='word_1_614' title='bbox 2909 3299 2997 3367; x_wconf 90' lang='lat' dir='ltr'><strong>qui</strong></span> <span class='ocrx_word' id='word_1_615' title='bbox 3026 3300 3255 3356; x_wconf 90' lang='lat' dir='ltr'><strong>redemit</strong></span> <span class='ocrx_word' id='word_1_616' title='bbox 3283 3302 3350 3357; x_wconf 91' lang='lat' dir='ltr'><strong>ab</strong></span> <span class='ocrx_word' id='word_1_617' title='bbox 3378 3302 3481 3357; x_wconf 91' lang='lat' dir='ltr'><strong>ini-</strong></span> 
     </span>
    </p>
   </div>
   <div class='ocr_carea' id='block_1_77' title="bbox 1899 3380 3244 3457">
    <p class='ocr_par' dir='ltr' id='par_1_77' title="bbox 1899 3380 3244 3457">
     <span class='ocr_line' id='line_1_77' title="bbox 1899 3380 3244 3457; baseline 0.006 -21"><span class='ocrx_word' id='word_1_618' title='bbox 1899 3383 2103 3453; x_wconf 88' lang='lat' dir='ltr'><strong>quitate</strong></span> <span class='ocrx_word' id='word_1_619' title='bbox 2128 3383 2192 3437; x_wconf 89' lang='lat' dir='ltr'><strong>ad</strong></span> <span class='ocrx_word' id='word_1_620' title='bbox 2218 3380 2404 3449; x_wconf 72' lang='lat' dir='ltr'><strong>Iacob,</strong></span> <span class='ocrx_word' id='word_1_621' title='bbox 2432 3383 2565 3439; x_wconf 90' lang='lat' dir='ltr'><strong>dicit</strong></span> <span class='ocrx_word' id='word_1_622' title='bbox 2589 3383 2865 3441; x_wconf 90' lang='lat' dir='ltr'><strong>Dominus.</strong></span> <span class='ocrx_word' id='word_1_623' title='bbox 2898 3405 2917 3438; x_wconf 68' lang='grc' dir='ltr'><strong><em>ι</em></strong></span> <span class='ocrx_word' id='word_1_624' title='bbox 2946 3386 3205 3457; x_wconf 89' lang='lat' dir='ltr'><strong>Sequitur</strong></span> <span class='ocrx_word' id='word_1_625' title='bbox 3230 3407 3244 3444; x_wconf 91' lang='lat'>:</span> 
     </span>
    </p>
   </div>
   <div class='ocr_carea' id='block_1_78' title="bbox 1974 3470 3477 3548">
    <p class='ocr_par' dir='ltr' id='par_1_78' title="bbox 1974 3470 3477 3548">
     <span class='ocr_line' id='line_1_78' title="bbox 1974 3470 3477 3548; baseline 0.011 -25"><span class='ocrx_word' id='word_1_626' title='bbox 1974 3491 1991 3523; x_wconf 73' lang='grc' dir='ltr'>ι</span> <span class='ocrx_word' id='word_1_627' title='bbox 2029 3471 2143 3527; x_wconf 84' lang='lat' dir='ltr'><strong>Hoc</strong></span> <span class='ocrx_word' id='word_1_628' title='bbox 2172 3470 2347 3528; x_wconf 75' lang='lat' dir='ltr'><strong>fmdus</strong></span> <span class='ocrx_word' id='word_1_629' title='bbox 2392 3487 2603 3537; x_wconf 89' lang='lat' dir='ltr'><strong>meum,</strong></span> <span class='ocrx_word' id='word_1_630' title='bbox 2630 3493 2665 3527; x_wconf 66' lang='grc' dir='ltr'><strong>«ι</strong></span> <span class='ocrx_word' id='word_1_631' title='bbox 2699 3475 2753 3529; x_wconf 91' lang='lat' dir='ltr'><strong>id</strong></span> <span class='ocrx_word' id='word_1_632' title='bbox 2796 3484 2907 3542; x_wconf 93' lang='lat' dir='ltr'><strong>est,</strong></span> <span class='ocrx_word' id='word_1_633' title='bbox 2947 3473 3164 3548; x_wconf 84' lang='lat' dir='ltr'><strong>pactum</strong></span> <span class='ocrx_word' id='word_1_634' title='bbox 3192 3480 3276 3536; x_wconf 90' lang='lat' dir='ltr'><strong>vel</strong></span> <span class='ocrx_word' id='word_1_635' title='bbox 3308 3490 3477 3538; x_wconf 86' lang='lat' dir='ltr'><strong>testa-</strong></span> 
     </span>
    </p>
   </div>
   <div class='ocr_carea' id='block_1_79' title="bbox 1897 3566 3477 3645">
    <p class='ocr_par' dir='ltr' id='par_1_79' title="bbox 1897 3566 3477 3645">
     <span class='ocr_line' id='line_1_79' title="bbox 1897 3566 3477 3645; baseline 0.008 -26"><span class='ocrx_word' id='word_1_636' title='bbox 1897 3572 2142 3621; x_wconf 91' lang='lat' dir='ltr'><strong>mentum</strong></span> <span class='ocrx_word' id='word_1_637' title='bbox 2173 3584 2193 3617; x_wconf 74' lang='grc' dir='ltr'><strong><em>ι</em></strong></span> <span class='ocrx_word' id='word_1_638' title='bbox 2229 3580 2354 3620; x_wconf 89' lang='lat' dir='ltr'><strong>cum</strong></span> <span class='ocrx_word' id='word_1_639' title='bbox 2382 3567 2481 3632; x_wconf 90' lang='lat' dir='ltr'><strong>eis,</strong></span> <span class='ocrx_word' id='word_1_640' title='bbox 2519 3566 2649 3622; x_wconf 91' lang='lat' dir='ltr'><strong>dicit</strong></span> <span class='ocrx_word' id='word_1_641' title='bbox 2686 3567 2965 3635; x_wconf 92' lang='lat' dir='ltr'><strong>Dominus,</strong></span> <span class='ocrx_word' id='word_1_642' title='bbox 3001 3588 3023 3624; x_wconf 74' lang='grc' dir='ltr'><strong><em>ι</em></strong></span> <span class='ocrx_word' id='word_1_643' title='bbox 3063 3573 3338 3642; x_wconf 87' lang='lat' dir='ltr'><strong>subaudis,</strong></span> <span class='ocrx_word' id='word_1_644' title='bbox 3384 3577 3477 3645; x_wconf 90' lang='lat' dir='ltr'><strong>qui</strong></span> 
     </span>
    </p>
   </div>
   <div class='ocr_carea' id='block_1_80' title="bbox 1896 3656 3478 3729">
    <p class='ocr_par' dir='ltr' id='par_1_80' title="bbox 1896 3656 3478 3729">
     <span class='ocr_line' id='line_1_80' title="bbox 1896 3656 3478 3729; baseline 0.007 -16"><span class='ocrx_word' id='word_1_645' title='bbox 1896 3656 2304 3713; x_wconf 83' lang='lat' dir='ltr'><strong>declinaverunt</strong></span> <span class='ocrx_word' id='word_1_646' title='bbox 2361 3658 2429 3714; x_wconf 87' lang='lat' dir='ltr'><strong>ab</strong></span> <span class='ocrx_word' id='word_1_647' title='bbox 2487 3658 2814 3729; x_wconf 89' lang='lat' dir='ltr'><strong>iniquitate,</strong></span> <span class='ocrx_word' id='word_1_648' title='bbox 2883 3670 2945 3717; x_wconf 92' lang='lat' dir='ltr'><strong>ut</strong></span> <span class='ocrx_word' id='word_1_649' title='bbox 3002 3665 3326 3722; x_wconf 84' lang='lat' dir='ltr'><strong>redimerem</strong></span> <span class='ocrx_word' id='word_1_650' title='bbox 3383 3684 3478 3724; x_wconf 85' lang='lat' dir='ltr'><strong>eos</strong></span> 
     </span>
    </p>
   </div>
   <div class='ocr_carea' id='block_1_81' title="bbox 1895 3752 3475 3830">
    <p class='ocr_par' dir='ltr' id='par_1_81' title="bbox 1895 3752 3475 3830">
     <span class='ocr_line' id='line_1_81' title="bbox 1895 3752 3475 3830; baseline 0.009 -25"><span class='ocrx_word' id='word_1_651' title='bbox 1895 3765 2016 3806; x_wconf 91' lang='lat' dir='ltr'><strong>meo</strong></span> <span class='ocrx_word' id='word_1_652' title='bbox 2054 3752 2343 3823; x_wconf 89' lang='lat' dir='ltr'><strong>sanguine,</strong></span> <span class='ocrx_word' id='word_1_653' title='bbox 2377 3762 2430 3809; x_wconf 91' lang='lat' dir='ltr'><strong>et</strong></span> <span class='ocrx_word' id='word_1_654' title='bbox 2454 3756 2761 3827; x_wconf 86' lang='lat' dir='ltr'><strong>evangelica</strong></span> <span class='ocrx_word' id='word_1_655' title='bbox 2792 3767 3060 3828; x_wconf 69' lang='lat' dir='ltr'><strong>praecepta</strong></span> <span class='ocrx_word' id='word_1_656' title='bbox 3095 3776 3215 3830; x_wconf 70' lang='lat' dir='ltr'><strong>qua:</strong></span> <span class='ocrx_word' id='word_1_657' title='bbox 3256 3764 3337 3820; x_wconf 90' lang='lat' dir='ltr'><strong>eis</strong></span> <span class='ocrx_word' id='word_1_658' title='bbox 3377 3764 3475 3819; x_wconf 90' lang='lat' dir='ltr'><strong>de-</strong></span> 
     </span>
    </p>
   </div>
   <div class='ocr_carea' id='block_1_82' title="bbox 1895 3843 3471 3919">
    <p class='ocr_par' dir='ltr' id='par_1_82' title="bbox 1895 3843 3471 3919">
     <span class='ocr_line' id='line_1_82' title="bbox 1895 3843 3471 3919; baseline 0.008 -21"><span class='ocrx_word' id='word_1_659' title='bbox 1895 3843 2025 3899; x_wconf 88' lang='lat' dir='ltr'><strong>dero</strong></span> <span class='ocrx_word' id='word_1_660' title='bbox 2061 3858 2222 3915; x_wconf 85' lang='lat' dir='ltr'><strong>Opere</strong></span> <span class='ocrx_word' id='word_1_661' title='bbox 2259 3844 2601 3916; x_wconf 72' lang='lat' dir='ltr'><strong>atlimpleant,</strong></span> <span class='ocrx_word' id='word_1_662' title='bbox 2643 3856 2698 3902; x_wconf 91' lang='lat' dir='ltr'><strong>et</strong></span> <span class='ocrx_word' id='word_1_663' title='bbox 2738 3862 2951 3919; x_wconf 88' lang='lat' dir='ltr'><strong>semper</strong></span> <span class='ocrx_word' id='word_1_664' title='bbox 2980 3850 3033 3904; x_wconf 92' lang='lat' dir='ltr'><strong>in</strong></span> <span class='ocrx_word' id='word_1_665' title='bbox 3063 3865 3255 3907; x_wconf 88' lang='lat' dir='ltr'><strong>eorum</strong></span> <span class='ocrx_word' id='word_1_666' title='bbox 3286 3857 3471 3911; x_wconf 86' lang='lat' dir='ltr'><strong>cordi-</strong></span> 
     </span>
    </p>
   </div>
   <div class='ocr_carea' id='block_1_83' title="bbox 1894 3929 3466 4011">
    <p class='ocr_par' dir='ltr' id='par_1_83' title="bbox 1894 3929 3466 4011">
     <span class='ocr_line' id='line_1_83' title="bbox 1894 3929 3466 4011; baseline 0.008 -23"><span class='ocrx_word' id='word_1_667' title='bbox 1894 3934 1995 3989; x_wconf 89' lang='lat' dir='ltr'><strong>bus</strong></span> <span class='ocrx_word' id='word_1_668' title='bbox 2026 3946 2328 3990; x_wconf 88' lang='lat' dir='ltr'><strong>versentur.</strong></span> <span class='ocrx_word' id='word_1_669' title='bbox 2365 3935 2516 3993; x_wconf 89' lang='lat' dir='ltr'><strong>Unde</strong></span> <span class='ocrx_word' id='word_1_670' title='bbox 2544 3946 2599 3993; x_wconf 88' lang='lat' dir='ltr'><strong>et</strong></span> <span class='ocrx_word' id='word_1_671' title='bbox 2619 3938 2899 4008; x_wconf 89' lang='lat' dir='ltr'><strong>sequitur:</strong></span> <span class='ocrx_word' id='word_1_672' title='bbox 2932 3959 2951 3992; x_wconf 83' lang='grc'><em>‹</em></span> <span class='ocrx_word' id='word_1_673' title='bbox 2984 3940 3218 4011; x_wconf 86' lang='lat' dir='ltr'><strong>Spiritus</strong></span> <span class='ocrx_word' id='word_1_674' title='bbox 3241 3929 3466 4010; x_wconf 35' lang='lat' dir='ltr'><strong>meus...»</strong></span> 
     </span>
    </p>
   </div>
   <div class='ocr_carea' id='block_1_84' title="bbox 1895 4024 3468 4106">
    <p class='ocr_par' dir='ltr' id='par_1_84' title="bbox 1895 4024 3468 4106">
     <span class='ocr_line' id='line_1_84' title="bbox 1895 4024 3468 4106; baseline 0.008 -26"><span class='ocrx_word' id='word_1_675' title='bbox 1895 4025 1947 4080; x_wconf 91' lang='lat' dir='ltr'><strong>id</strong></span> <span class='ocrx_word' id='word_1_676' title='bbox 1984 4033 2084 4093; x_wconf 88' lang='lat' dir='ltr'><strong>est,</strong></span> <span class='ocrx_word' id='word_1_677' title='bbox 2113 4024 2345 4097; x_wconf 89' lang='lat' dir='ltr'><strong>Spiritus</strong></span> <span class='ocrx_word' id='word_1_678' title='bbox 2372 4035 2591 4083; x_wconf 89' lang='lat' dir='ltr'><strong>sanctus</strong></span> <span class='ocrx_word' id='word_1_679' title='bbox 2617 4046 2636 4080; x_wconf 83' lang='grc'><em>‹</em></span> <span class='ocrx_word' id='word_1_680' title='bbox 2664 4029 2756 4098; x_wconf 89' lang='lat' dir='ltr'><strong>qui</strong></span> <span class='ocrx_word' id='word_1_681' title='bbox 2777 4038 2859 4085; x_wconf 89' lang='lat' dir='ltr'><strong>est</strong></span> <span class='ocrx_word' id='word_1_682' title='bbox 2878 4031 2932 4085; x_wconf 93' lang='lat' dir='ltr'><strong>in</strong></span> <span class='ocrx_word' id='word_1_683' title='bbox 2958 4041 3031 4098; x_wconf 92' lang='lat' dir='ltr'><strong>te,</strong></span> <span class='ocrx_word' id='word_1_684' title='bbox 3066 4050 3085 4084; x_wconf 76' lang='grc' dir='ltr'><strong><em>ι</em></strong></span> <span class='ocrx_word' id='word_1_685' title='bbox 3119 4048 3152 4090; x_wconf 94' lang='lat' dir='ltr'><strong>o</strong></span> <span class='ocrx_word' id='word_1_686' title='bbox 3177 4033 3468 4106; x_wconf 85' lang='lat' dir='ltr'><strong>Propheta,</strong></span> 
     </span>
    </p>
   </div>
   <div class='ocr_carea' id='block_1_85' title="bbox 1893 4115 3470 4198">
    <p class='ocr_par' dir='ltr' id='par_1_85' title="bbox 1893 4115 3470 4198">
     <span class='ocr_line' id='line_1_85' title="bbox 1893 4115 3470 4198; baseline 0.006 -28"><span class='ocrx_word' id='word_1_687' title='bbox 1893 4131 1990 4187; x_wconf 91' lang='lat' dir='ltr'><strong>per</strong></span> <span class='ocrx_word' id='word_1_688' title='bbox 2017 4130 2178 4185; x_wconf 90' lang='lat' dir='ltr'><strong>quem</strong></span> <span class='ocrx_word' id='word_1_689' title='bbox 2210 4115 2391 4171; x_wconf 84' lang='lat' dir='ltr'><strong>futura</strong></span> <span class='ocrx_word' id='word_1_690' title='bbox 2416 4117 2664 4187; x_wconf 74' lang='lat' dir='ltr'><strong>praedicis</strong></span> <span class='ocrx_word' id='word_1_691' title='bbox 2700 4135 2713 4172; x_wconf 92' lang='lat'><strong>:</strong></span> <span class='ocrx_word' id='word_1_692' title='bbox 2748 4136 2767 4170; x_wconf 83' lang='grc'>‹</span> <span class='ocrx_word' id='word_1_693' title='bbox 2801 4127 2857 4175; x_wconf 91' lang='lat' dir='ltr'><strong>et</strong></span> <span class='ocrx_word' id='word_1_694' title='bbox 2880 4121 3044 4177; x_wconf 89' lang='lat' dir='ltr'><strong>verba</strong></span> <span class='ocrx_word' id='word_1_695' title='bbox 3076 4137 3195 4178; x_wconf 88' lang='lat' dir='ltr'><strong>mea</strong></span> <span class='ocrx_word' id='word_1_696' title='bbox 3222 4140 3341 4195; x_wconf 78' lang='lat' dir='ltr'><strong>qute</strong></span> <span class='ocrx_word' id='word_1_697' title='bbox 3370 4141 3470 4198; x_wconf 82' lang='lat' dir='ltr'><strong>po-</strong></span> 
     </span>
    </p>
   </div>
   <div class='ocr_carea' id='block_1_86' title="bbox 1892 4208 3471 4285">
    <p class='ocr_par' dir='ltr' id='par_1_86' title="bbox 1892 4208 3471 4285">
     <span class='ocr_line' id='line_1_86' title="bbox 1892 4208 3471 4285; baseline 0.008 -21"><span class='ocrx_word' id='word_1_698' title='bbox 1892 4208 1975 4264; x_wconf 90' lang='lat' dir='ltr'><strong>sui</strong></span> <span class='ocrx_word' id='word_1_699' title='bbox 2004 4208 2058 4263; x_wconf 92' lang='lat' dir='ltr'><strong>in</strong></span> <span class='ocrx_word' id='word_1_700' title='bbox 2098 4224 2195 4265; x_wconf 89' lang='lat' dir='ltr'><strong>ore</strong></span> <span class='ocrx_word' id='word_1_701' title='bbox 2225 4216 2315 4265; x_wconf 91' lang='lat' dir='ltr'><strong>tuo</strong></span> <span class='ocrx_word' id='word_1_702' title='bbox 2360 4223 2466 4265; x_wconf 91' lang='lat' dir='ltr'><strong>non</strong></span> <span class='ocrx_word' id='word_1_703' title='bbox 2505 4213 2760 4267; x_wconf 87' lang='lat' dir='ltr'><strong>recedent</strong></span> <span class='ocrx_word' id='word_1_704' title='bbox 2792 4213 2859 4269; x_wconf 90' lang='lat' dir='ltr'><strong>de</strong></span> <span class='ocrx_word' id='word_1_705' title='bbox 2903 4228 2998 4270; x_wconf 90' lang='lat' dir='ltr'><strong>ore</strong></span> <span class='ocrx_word' id='word_1_706' title='bbox 3029 4222 3139 4285; x_wconf 90' lang='lat' dir='ltr'><strong>tuo,</strong></span> <span class='ocrx_word' id='word_1_707' title='bbox 3184 4227 3239 4273; x_wconf 91' lang='lat' dir='ltr'><strong>et</strong></span> <span class='ocrx_word' id='word_1_708' title='bbox 3283 4219 3349 4275; x_wconf 90' lang='lat' dir='ltr'><strong>de</strong></span> <span class='ocrx_word' id='word_1_709' title='bbox 3375 4236 3471 4277; x_wconf 88' lang='lat' dir='ltr'><strong>ore</strong></span> 
     </span>
    </p>
   </div>
   <div class='ocr_carea' id='block_1_87' title="bbox 1892 4305 3470 4381">
    <p class='ocr_par' dir='ltr' id='par_1_87' title="bbox 1892 4305 3470 4381">
     <span class='ocr_line' id='line_1_87' title="bbox 1892 4305 3470 4381; baseline 0.006 -20"><span class='ocrx_word' id='word_1_710' title='bbox 1892 4305 2114 4361; x_wconf 91' lang='lat' dir='ltr'><strong>seminis</strong></span> <span class='ocrx_word' id='word_1_711' title='bbox 2143 4305 2241 4371; x_wconf 92' lang='lat' dir='ltr'><strong>tui,</strong></span> <span class='ocrx_word' id='word_1_712' title='bbox 2269 4305 2404 4360; x_wconf 83' lang='lat' dir='ltr'><strong>dixit</strong></span> <span class='ocrx_word' id='word_1_713' title='bbox 2428 4305 2706 4371; x_wconf 87' lang='lat' dir='ltr'><strong>Dominus,</strong></span> <span class='ocrx_word' id='word_1_714' title='bbox 2737 4308 2931 4363; x_wconf 88' lang='lat' dir='ltr'><strong>amodo</strong></span> <span class='ocrx_word' id='word_1_715' title='bbox 2959 4318 3015 4364; x_wconf 91' lang='lat' dir='ltr'><strong>et</strong></span> <span class='ocrx_word' id='word_1_716' title='bbox 3046 4326 3216 4381; x_wconf 83' lang='lat' dir='ltr'><strong>usque</strong></span> <span class='ocrx_word' id='word_1_717' title='bbox 3243 4313 3295 4368; x_wconf 90' lang='lat' dir='ltr'><strong>in</strong></span> <span class='ocrx_word' id='word_1_718' title='bbox 3327 4329 3470 4370; x_wconf 87' lang='lat' dir='ltr'><strong>sem-</strong></span> 
     </span>
    </p>
   </div>
   <div class='ocr_carea' id='block_1_88' title="bbox 1890 4394 3469 4472">
    <p class='ocr_par' dir='ltr' id='par_1_88' title="bbox 1890 4394 3469 4472">
     <span class='ocr_line' id='line_1_88' title="bbox 1890 4394 3469 4472; baseline 0.008 -22"><span class='ocrx_word' id='word_1_719' title='bbox 1890 4397 2184 4466; x_wconf 89' lang='lat' dir='ltr'><strong>piternum.</strong></span> <span class='ocrx_word' id='word_1_720' title='bbox 2228 4413 2247 4446; x_wconf 81' lang='grc'><strong>›</strong></span> <span class='ocrx_word' id='word_1_721' title='bbox 2280 4394 2475 4450; x_wconf 89' lang='lat' dir='ltr'><strong>Semen</strong></span> <span class='ocrx_word' id='word_1_722' title='bbox 2498 4395 2643 4450; x_wconf 90' lang='lat' dir='ltr'><strong>illius</strong></span> <span class='ocrx_word' id='word_1_723' title='bbox 2677 4396 2934 4453; x_wconf 89' lang='lat' dir='ltr'><strong>debemus</strong></span> <span class='ocrx_word' id='word_1_724' title='bbox 2959 4398 3258 4472; x_wconf 86' lang='lat' dir='ltr'><strong>intelligere</strong></span> <span class='ocrx_word' id='word_1_725' title='bbox 3278 4418 3469 4463; x_wconf 90' lang='lat' dir='ltr'><strong>omnes</strong></span> 
     </span>
    </p>
   </div>
   <div class='ocr_carea' id='block_1_89' title="bbox 1891 4484 3467 4565">
    <p class='ocr_par' dir='ltr' id='par_1_89' title="bbox 1891 4484 3467 4565">
     <span class='ocr_line' id='line_1_89' title="bbox 1891 4484 3467 4565; baseline 0.004 -21"><span class='ocrx_word' id='word_1_726' title='bbox 1891 4501 2234 4544; x_wconf 86' lang='lat' dir='ltr'><strong>successores</strong></span> <span class='ocrx_word' id='word_1_727' title='bbox 2272 4485 2421 4557; x_wconf 89' lang='lat' dir='ltr'><strong>ejus,</strong></span> <span class='ocrx_word' id='word_1_728' title='bbox 2459 4486 2549 4556; x_wconf 89' lang='lat' dir='ltr'><strong>qui</strong></span> <span class='ocrx_word' id='word_1_729' title='bbox 2591 4486 2779 4541; x_wconf 88' lang='lat' dir='ltr'><strong>eodem</strong></span> <span class='ocrx_word' id='word_1_730' title='bbox 2813 4484 3019 4557; x_wconf 88' lang='lat' dir='ltr'><strong>Spiritu</strong></span> <span class='ocrx_word' id='word_1_731' title='bbox 3062 4501 3249 4547; x_wconf 85' lang='lat' dir='ltr'><strong>sancto</strong></span> <span class='ocrx_word' id='word_1_732' title='bbox 3277 4496 3467 4565; x_wconf 89' lang='lat' dir='ltr'><strong>repleti</strong></span> 
     </span>
    </p>
   </div>
   <div class='ocr_carea' id='block_1_90' title="bbox 186 4575 3461 4661">
    <p class='ocr_par' dir='ltr' id='par_1_90' title="bbox 186 4575 3461 4661">
     <span class='ocr_line' id='line_1_90' title="bbox 186 4575 3461 4661; baseline -0 -21"><span class='ocrx_word' id='word_1_733' title='bbox 186 4618 191 4645; x_wconf 72' lang='grc' dir='ltr'><em>ς</em></span> <span class='ocrx_word' id='word_1_734' title='bbox 214 4586 475 4655; x_wconf 90' lang='lat' dir='ltr'><strong>loquitur,</strong></span> <span class='ocrx_word' id='word_1_735' title='bbox 492 4600 612 4655; x_wconf 74' lang='lat' dir='ltr'><strong>qum</strong></span> <span class='ocrx_word' id='word_1_736' title='bbox 641 4601 671 4639; x_wconf 90' lang='lat' dir='ltr'><strong>a</strong></span> <span class='ocrx_word' id='word_1_737' title='bbox 688 4593 919 4654; x_wconf 90' lang='lat' dir='ltr'><strong>quatuor</strong></span> <span class='ocrx_word' id='word_1_738' title='bbox 942 4586 1124 4640; x_wconf 90' lang='lat' dir='ltr'><strong>mundi</strong></span> <span class='ocrx_word' id='word_1_739' title='bbox 1151 4587 1392 4656; x_wconf 89' lang='lat' dir='ltr'><strong>partibus</strong></span> <span class='ocrx_word' id='word_1_740' title='bbox 1413 4585 1785 4644; x_wconf 76' lang='lat' dir='ltr'><strong>conﬂuxerunt</strong></span> <span class='ocrx_word' id='word_1_741' title='bbox 1811 4600 1862 4661; x_wconf 77' lang='grc' dir='ltr'><strong>ι)</strong></span> <span class='ocrx_word' id='word_1_742' title='bbox 1889 4584 2128 4647; x_wconf 78' lang='lat' dir='ltr'><strong>fuerunt,</strong></span> <span class='ocrx_word' id='word_1_743' title='bbox 2156 4589 2214 4635; x_wconf 89' lang='lat' dir='ltr'><strong>ut</strong></span> <span class='ocrx_word' id='word_1_744' title='bbox 2236 4577 2335 4633; x_wconf 81' lang='lat' dir='ltr'><strong>fuit</strong></span> <span class='ocrx_word' id='word_1_745' title='bbox 2359 4575 2641 4641; x_wconf 81' lang='lat' dir='ltr'><strong>Jercmias,</strong></span> <span class='ocrx_word' id='word_1_746' title='bbox 2660 4577 2904 4632; x_wconf 68' lang='lat' dir='ltr'><strong>etczeteri</strong></span> <span class='ocrx_word' id='word_1_747' title='bbox 2928 4588 3053 4634; x_wconf 88' lang='lat' dir='ltr'><strong>ante</strong></span> <span class='ocrx_word' id='word_1_748' title='bbox 3076 4582 3461 4651; x_wconf 86' lang='lat' dir='ltr'><strong>captivitatem,</strong></span> 
     </span>
    </p>
   </div>
   <div class='ocr_carea' id='block_1_91' title="bbox 212 4675 1791 4747">
    <p class='ocr_par' dir='ltr' id='par_1_91' title="bbox 212 4675 1791 4747">
     <span class='ocr_line' id='line_1_91' title="bbox 212 4675 1791 4747; baseline 0.003 -17"><span class='ocrx_word' id='word_1_749' title='bbox 212 4676 281 4732; x_wconf 88' lang='lat' dir='ltr'><strong>ad</strong></span> <span class='ocrx_word' id='word_1_750' title='bbox 306 4675 465 4730; x_wconf 84' lang='lat' dir='ltr'><strong>ﬁdem</strong></span> <span class='ocrx_word' id='word_1_751' title='bbox 486 4714 501 4741; x_wconf 93' lang='lat'><strong>,</strong></span> <span class='ocrx_word' id='word_1_752' title='bbox 535 4675 816 4730; x_wconf 86' lang='lat' dir='ltr'><strong>audientes</strong></span> <span class='ocrx_word' id='word_1_753' title='bbox 840 4675 1276 4745; x_wconf 80' lang='lat' dir='ltr'><strong>praedicationem</strong></span> <span class='ocrx_word' id='word_1_754' title='bbox 1309 4676 1693 4747; x_wconf 89' lang='lat' dir='ltr'><strong>apostolorum.</strong></span> <span class='ocrx_word' id='word_1_755' title='bbox 1723 4680 1791 4734; x_wconf 88' lang='lat' dir='ltr'><strong>Et</strong></span> 
     </span>
    </p>
   </div>
   <div class='ocr_carea' id='block_1_92' title="bbox 212 4765 1787 4840">
    <p class='ocr_par' dir='ltr' id='par_1_92' title="bbox 212 4765 1787 4840">
     <span class='ocr_line' id='line_1_92' title="bbox 212 4765 1787 4840; baseline 0.005 -21"><span class='ocrx_word' id='word_1_756' title='bbox 212 4765 513 4832; x_wconf 75' lang='lat' dir='ltr'><strong>timebunt,</strong></span> <span class='ocrx_word' id='word_1_757' title='bbox 544 4766 752 4835; x_wconf 89' lang='lat' dir='ltr'><strong>inquit,</strong></span> <span class='ocrx_word' id='word_1_758' title='bbox 786 4765 979 4822; x_wconf 90' lang='lat' dir='ltr'><strong>timore</strong></span> <span class='ocrx_word' id='word_1_759' title='bbox 1006 4775 1193 4822; x_wconf 91' lang='lat' dir='ltr'><strong>sancto</strong></span> <span class='ocrx_word' id='word_1_760' title='bbox 1218 4776 1273 4823; x_wconf 91' lang='lat' dir='ltr'><strong>et</strong></span> <span class='ocrx_word' id='word_1_761' title='bbox 1302 4767 1569 4836; x_wconf 84' lang='lat' dir='ltr'><strong>ﬁliorum,</strong></span> <span class='ocrx_word' id='word_1_762' title='bbox 1599 4771 1692 4840; x_wconf 88' lang='lat' dir='ltr'><strong>qui</strong></span> <span class='ocrx_word' id='word_1_763' title='bbox 1720 4772 1787 4827; x_wconf 88' lang='lat' dir='ltr'><strong>ab</strong></span> 
     </span>
    </p>
   </div>
   <div class='ocr_carea' id='block_1_93' title="bbox 210 4858 1783 4930">
    <p class='ocr_par' dir='ltr' id='par_1_93' title="bbox 210 4858 1783 4930">
     <span class='ocr_line' id='line_1_93' title="bbox 210 4858 1783 4930; baseline 0.003 -18"><span class='ocrx_word' id='word_1_764' title='bbox 210 4858 490 4913; x_wconf 90' lang='lat' dir='ltr'><strong>occidente</strong></span> <span class='ocrx_word' id='word_1_765' title='bbox 516 4867 643 4914; x_wconf 89' lang='lat' dir='ltr'><strong>sunt</strong></span> <span class='ocrx_word' id='word_1_766' title='bbox 663 4873 857 4913; x_wconf 92' lang='lat' dir='ltr'><strong>nomen</strong></span> <span class='ocrx_word' id='word_1_767' title='bbox 883 4858 1117 4925; x_wconf 91' lang='lat' dir='ltr'><strong>Domini,</strong></span> <span class='ocrx_word' id='word_1_768' title='bbox 1154 4859 1208 4916; x_wconf 89' lang='lat' dir='ltr'><strong>id</strong></span> <span class='ocrx_word' id='word_1_769' title='bbox 1235 4869 1338 4927; x_wconf 92' lang='lat' dir='ltr'><strong>est,</strong></span> <span class='ocrx_word' id='word_1_770' title='bbox 1371 4875 1564 4916; x_wconf 90' lang='lat' dir='ltr'><strong>nomen</strong></span> <span class='ocrx_word' id='word_1_771' title='bbox 1588 4861 1783 4930; x_wconf 87' lang='lat' dir='ltr'><strong>Patris,</strong></span> 
     </span>
    </p>
   </div>
   <div class='ocr_carea' id='block_1_94' title="bbox 211 4935 1783 5019">
    <p class='ocr_par' dir='ltr' id='par_1_94' title="bbox 211 4935 1783 5019">
     <span class='ocr_line' id='line_1_94' title="bbox 211 4935 1783 5019; baseline 0.002 -13"><span class='ocrx_word' id='word_1_772' title='bbox 211 4951 279 5006; x_wconf 86' lang='lat' dir='ltr'><strong>de</strong></span> <span class='ocrx_word' id='word_1_773' title='bbox 320 4965 428 5019; x_wconf 91' lang='lat' dir='ltr'><strong>quo</strong></span> <span class='ocrx_word' id='word_1_774' title='bbox 458 4935 589 5005; x_wconf 83' lang='lat' dir='ltr'><strong>dicit</strong></span> <span class='ocrx_word' id='word_1_775' title='bbox 630 4948 798 5006; x_wconf 86' lang='lat' dir='ltr'><strong>Filius</strong></span> <span class='ocrx_word' id='word_1_776' title='bbox 843 4967 855 5003; x_wconf 89' lang='lat'><strong>:</strong></span> <span class='ocrx_word' id='word_1_777' title='bbox 893 4969 911 5001; x_wconf 83' lang='grc'><strong>‹</strong></span> <span class='ocrx_word' id='word_1_778' title='bbox 963 4948 1143 5018; x_wconf 89' lang='lat' dir='ltr'><strong>Pater,</strong></span> <span class='ocrx_word' id='word_1_779' title='bbox 1197 4951 1533 5008; x_wconf 83' lang='lat' dir='ltr'><strong>manifestavi</strong></span> <span class='ocrx_word' id='word_1_780' title='bbox 1588 4968 1783 5010; x_wconf 89' lang='lat' dir='ltr'><strong>nomen</strong></span> 
     </span>
    </p>
   </div>
   <div class='ocr_carea' id='block_1_95' title="bbox 210 5038 1785 5113">
    <p class='ocr_par' dir='ltr' id='par_1_95' title="bbox 210 5038 1785 5113">
     <span class='ocr_line' id='line_1_95' title="bbox 210 5038 1785 5113; baseline 0.005 -21"><span class='ocrx_word' id='word_1_781' title='bbox 210 5048 363 5093; x_wconf 90' lang='lat' dir='ltr'><strong>tuum</strong></span> <span class='ocrx_word' id='word_1_782' title='bbox 396 5039 705 5095; x_wconf 89' lang='lat' dir='ltr'><strong>hominibus</strong></span> <span class='ocrx_word' id='word_1_783' title='bbox 738 5038 921 5110; x_wconf 85' lang='lat' dir='ltr'><strong>(Joan.</strong></span> <span class='ocrx_word' id='word_1_784' title='bbox 956 5042 1113 5111; x_wconf 80' lang='lat' dir='ltr'><strong>xvu).</strong></span> <span class='ocrx_word' id='word_1_785' title='bbox 1149 5060 1168 5094; x_wconf 82' lang='grc'><strong>›</strong></span> <span class='ocrx_word' id='word_1_786' title='bbox 1203 5040 1270 5096; x_wconf 91' lang='lat' dir='ltr'><strong>Et</strong></span> <span class='ocrx_word' id='word_1_787' title='bbox 1289 5042 1380 5113; x_wconf 92' lang='lat' dir='ltr'><strong>qui</strong></span> <span class='ocrx_word' id='word_1_788' title='bbox 1410 5041 1478 5097; x_wconf 90' lang='lat' dir='ltr'><strong>ab</strong></span> <span class='ocrx_word' id='word_1_789' title='bbox 1510 5052 1632 5098; x_wconf 92' lang='lat' dir='ltr'><strong>ortu</strong></span> <span class='ocrx_word' id='word_1_790' title='bbox 1654 5042 1785 5100; x_wconf 87' lang='lat' dir='ltr'><strong>solis</strong></span> 
     </span>
    </p>
   </div>
   <div class='ocr_carea' id='block_1_96' title="bbox 208 5130 1785 5204">
    <p class='ocr_par' dir='ltr' id='par_1_96' title="bbox 208 5130 1785 5204">
     <span class='ocr_line' id='line_1_96' title="bbox 208 5130 1785 5204; baseline 0.004 -18"><span class='ocrx_word' id='word_1_791' title='bbox 208 5138 357 5197; x_wconf 85' lang='lat' dir='ltr'><strong>sunt,</strong></span> <span class='ocrx_word' id='word_1_792' title='bbox 404 5132 671 5187; x_wconf 88' lang='lat' dir='ltr'><strong>timebunt</strong></span> <span class='ocrx_word' id='word_1_793' title='bbox 717 5131 943 5204; x_wconf 90' lang='lat' dir='ltr'><strong>gloriam</strong></span> <span class='ocrx_word' id='word_1_794' title='bbox 995 5130 1132 5203; x_wconf 89' lang='lat' dir='ltr'><strong>ejus,</strong></span> <span class='ocrx_word' id='word_1_795' title='bbox 1172 5130 1370 5189; x_wconf 87' lang='lat' dir='ltr'><strong>Filium</strong></span> <span class='ocrx_word' id='word_1_796' title='bbox 1405 5135 1652 5191; x_wconf 89' lang='lat' dir='ltr'><strong>videlicet</strong></span> <span class='ocrx_word' id='word_1_797' title='bbox 1689 5136 1785 5192; x_wconf 87' lang='lat' dir='ltr'><strong>Del</strong></span> 
     </span>
    </p>
   </div>
   <div class='ocr_carea' id='block_1_97' title="bbox 209 5222 1785 5300">
    <p class='ocr_par' dir='ltr' id='par_1_97' title="bbox 209 5222 1785 5300">
     <span class='ocr_line' id='line_1_97' title="bbox 209 5222 1785 5300; baseline 0.006 -23"><span class='ocrx_word' id='word_1_798' title='bbox 209 5222 389 5278; x_wconf 84' lang='lat' dir='ltr'><strong>Patris</strong></span> <span class='ocrx_word' id='word_1_799' title='bbox 414 5238 427 5277; x_wconf 91' lang='lat'><strong>:</strong></span> <span class='ocrx_word' id='word_1_800' title='bbox 455 5224 547 5294; x_wconf 91' lang='lat' dir='ltr'><strong>qui</strong></span> <span class='ocrx_word' id='word_1_801' title='bbox 575 5226 723 5281; x_wconf 89' lang='lat' dir='ltr'><strong>venit</strong></span> <span class='ocrx_word' id='word_1_802' title='bbox 750 5226 806 5280; x_wconf 91' lang='lat' dir='ltr'><strong>in</strong></span> <span class='ocrx_word' id='word_1_803' title='bbox 838 5227 1057 5282; x_wconf 91' lang='lat' dir='ltr'><strong>nomine</strong></span> <span class='ocrx_word' id='word_1_804' title='bbox 1080 5227 1248 5297; x_wconf 89' lang='lat' dir='ltr'><strong>ipsius</strong></span> <span class='ocrx_word' id='word_1_805' title='bbox 1276 5229 1361 5284; x_wconf 92' lang='lat' dir='ltr'><strong>cui</strong></span> <span class='ocrx_word' id='word_1_806' title='bbox 1392 5229 1524 5285; x_wconf 90' lang='lat' dir='ltr'><strong>dicit</strong></span> <span class='ocrx_word' id='word_1_807' title='bbox 1548 5230 1663 5300; x_wconf 91' lang='lat' dir='ltr'><strong>ipse</strong></span> <span class='ocrx_word' id='word_1_808' title='bbox 1683 5230 1785 5287; x_wconf 88' lang='lat' dir='ltr'><strong>Pa-</strong></span> 
     </span>
    </p>
   </div>
   <div class='ocr_carea' id='block_1_98' title="bbox 207 5316 1784 5389">
    <p class='ocr_par' dir='ltr' id='par_1_98' title="bbox 207 5316 1784 5389">
     <span class='ocr_line' id='line_1_98' title="bbox 207 5316 1784 5389; baseline 0.005 -18"><span class='ocrx_word' id='word_1_809' title='bbox 207 5326 295 5373; x_wconf 90' lang='lat' dir='ltr'><strong>ter</strong></span> <span class='ocrx_word' id='word_1_810' title='bbox 327 5332 341 5370; x_wconf 93' lang='lat'><strong>:</strong></span> <span class='ocrx_word' id='word_1_811' title='bbox 379 5334 398 5367; x_wconf 72' lang='grc' dir='ltr'>ι</span> <span class='ocrx_word' id='word_1_812' title='bbox 426 5316 686 5387; x_wconf 80' lang='lat' dir='ltr'><strong>Exsurge,</strong></span> <span class='ocrx_word' id='word_1_813' title='bbox 704 5318 873 5389; x_wconf 90' lang='lat' dir='ltr'><strong>gloria</strong></span> <span class='ocrx_word' id='word_1_814' title='bbox 903 5334 1042 5375; x_wconf 89' lang='lat' dir='ltr'><strong>mea.</strong></span> <span class='ocrx_word' id='word_1_815' title='bbox 1070 5339 1090 5373; x_wconf 76' lang='grc' dir='ltr'><strong><em>ι</em></strong></span> <span class='ocrx_word' id='word_1_816' title='bbox 1125 5320 1241 5377; x_wconf 93' lang='lat' dir='ltr'><strong>Duo</strong></span> <span class='ocrx_word' id='word_1_817' title='bbox 1262 5331 1388 5378; x_wconf 89' lang='lat' dir='ltr'><strong>sunt</strong></span> <span class='ocrx_word' id='word_1_818' title='bbox 1418 5322 1638 5379; x_wconf 86' lang='lat' dir='ltr'><strong>timores</strong></span> <span class='ocrx_word' id='word_1_819' title='bbox 1664 5341 1677 5376; x_wconf 89' lang='lat'><strong>:</strong></span> <span class='ocrx_word' id='word_1_820' title='bbox 1701 5331 1784 5379; x_wconf 88' lang='lat' dir='ltr'><strong>est</strong></span> 
     </span>
    </p>
   </div>
   <div class='ocr_carea' id='block_1_99' title="bbox 208 5406 1782 5481">
    <p class='ocr_par' dir='ltr' id='par_1_99' title="bbox 208 5406 1782 5481">
     <span class='ocr_line' id='line_1_99' title="bbox 208 5406 1782 5481; baseline 0.006 -19"><span class='ocrx_word' id='word_1_821' title='bbox 208 5408 373 5464; x_wconf 89' lang='lat' dir='ltr'><strong>timor</strong></span> <span class='ocrx_word' id='word_1_822' title='bbox 399 5406 628 5472; x_wconf 87' lang='lat' dir='ltr'><strong>servilis,</strong></span> <span class='ocrx_word' id='word_1_823' title='bbox 654 5423 760 5478; x_wconf 91' lang='lat' dir='ltr'><strong>quo</strong></span> <span class='ocrx_word' id='word_1_824' title='bbox 787 5409 939 5466; x_wconf 91' lang='lat' dir='ltr'><strong>timet</strong></span> <span class='ocrx_word' id='word_1_825' title='bbox 965 5427 1153 5470; x_wconf 89' lang='lat' dir='ltr'><strong>servus</strong></span> <span class='ocrx_word' id='word_1_826' title='bbox 1182 5414 1459 5470; x_wconf 86' lang='lat' dir='ltr'><strong>dominum</strong></span> <span class='ocrx_word' id='word_1_827' title='bbox 1496 5430 1652 5471; x_wconf 89' lang='lat' dir='ltr'><strong>suum</strong></span> <span class='ocrx_word' id='word_1_828' title='bbox 1670 5456 1686 5481; x_wconf 92' lang='lat'><strong>,</strong></span> <span class='ocrx_word' id='word_1_829' title='bbox 1711 5430 1782 5472; x_wconf 91' lang='lat' dir='ltr'><strong>ne</strong></span> 
     </span>
    </p>
   </div>
   <div class='ocr_carea' id='block_1_100' title="bbox 208 5494 1778 5574">
    <p class='ocr_par' dir='ltr' id='par_1_100' title="bbox 208 5494 1778 5574">
     <span class='ocr_line' id='line_1_100' title="bbox 208 5494 1778 5574; baseline 0.007 -23"><span class='ocrx_word' id='word_1_830' title='bbox 208 5498 279 5552; x_wconf 89' lang='lat' dir='ltr'><strong>ab</strong></span> <span class='ocrx_word' id='word_1_831' title='bbox 303 5496 394 5552; x_wconf 93' lang='lat' dir='ltr'><strong>illo</strong></span> <span class='ocrx_word' id='word_1_832' title='bbox 425 5494 743 5569; x_wconf 88' lang='lat' dir='ltr'><strong>ﬂagelletur.</strong></span> <span class='ocrx_word' id='word_1_833' title='bbox 782 5496 874 5553; x_wconf 85' lang='lat' dir='ltr'><strong>Est</strong></span> <span class='ocrx_word' id='word_1_834' title='bbox 900 5501 1061 5555; x_wconf 92' lang='lat' dir='ltr'><strong>timor</strong></span> <span class='ocrx_word' id='word_1_835' title='bbox 1088 5503 1289 5559; x_wconf 91' lang='lat' dir='ltr'><strong>amoris</strong></span> <span class='ocrx_word' id='word_1_836' title='bbox 1320 5519 1429 5574; x_wconf 91' lang='lat' dir='ltr'><strong>quo</strong></span> <span class='ocrx_word' id='word_1_837' title='bbox 1452 5506 1609 5561; x_wconf 90' lang='lat' dir='ltr'><strong>timet</strong></span> <span class='ocrx_word' id='word_1_838' title='bbox 1637 5505 1778 5562; x_wconf 83' lang='lat' dir='ltr'><strong>ﬁlius</strong></span> 
     </span>
    </p>
   </div>
   <div class='ocr_carea' id='block_1_101' title="bbox 206 5582 1773 5666">
    <p class='ocr_par' dir='ltr' id='par_1_101' title="bbox 206 5582 1773 5666">
     <span class='ocr_line' id='line_1_101' title="bbox 206 5582 1773 5666; baseline 0.006 -24"><span class='ocrx_word' id='word_1_839' title='bbox 206 5595 416 5659; x_wconf 86' lang='lat' dir='ltr'><strong>patrem</strong></span> <span class='ocrx_word' id='word_1_840' title='bbox 442 5603 512 5645; x_wconf 89' lang='lat' dir='ltr'><strong>ne</strong></span> <span class='ocrx_word' id='word_1_841' title='bbox 540 5589 607 5646; x_wconf 88' lang='lat' dir='ltr'><strong>ab</strong></span> <span class='ocrx_word' id='word_1_842' title='bbox 636 5590 726 5646; x_wconf 90' lang='lat' dir='ltr'><strong>illo</strong></span> <span class='ocrx_word' id='word_1_843' title='bbox 759 5592 1151 5659; x_wconf 80' lang='lat' dir='ltr'><strong>exbaeredetur,</strong></span> <span class='ocrx_word' id='word_1_844' title='bbox 1174 5582 1250 5650; x_wconf 60' lang='lat' dir='ltr'><strong>&#39;de</strong></span> <span class='ocrx_word' id='word_1_845' title='bbox 1278 5611 1384 5666; x_wconf 91' lang='lat' dir='ltr'><strong>quo</strong></span> <span class='ocrx_word' id='word_1_846' title='bbox 1410 5597 1608 5654; x_wconf 88' lang='lat' dir='ltr'><strong>dicitur</strong></span> <span class='ocrx_word' id='word_1_847' title='bbox 1636 5612 1650 5651; x_wconf 89' lang='lat'><strong>:</strong></span> <span class='ocrx_word' id='word_1_848' title='bbox 1681 5596 1773 5652; x_wconf 89' lang='lat' dir='ltr'><strong>Ti-</strong></span> 
     </span>
    </p>
   </div>
   <div class='ocr_carea' id='block_1_102' title="bbox 207 5680 1776 5760">
    <p class='ocr_par' dir='ltr' id='par_1_102' title="bbox 207 5680 1776 5760">
     <span class='ocr_line' id='line_1_102' title="bbox 207 5680 1776 5760; baseline 0.006 -26"><span class='ocrx_word' id='word_1_849' title='bbox 207 5694 328 5734; x_wconf 87' lang='lat' dir='ltr'><strong>mor</strong></span> <span class='ocrx_word' id='word_1_850' title='bbox 351 5680 558 5760; x_wconf 73' lang='lat' dir='ltr'><strong>meini</strong></span> <span class='ocrx_word' id='word_1_851' title='bbox 581 5689 764 5739; x_wconf 89' lang='lat' dir='ltr'><strong>castus</strong></span> <span class='ocrx_word' id='word_1_852' title='bbox 792 5691 1087 5754; x_wconf 86' lang='lat' dir='ltr'><strong>permanet.</strong></span> <span class='ocrx_word' id='word_1_853' title='bbox 1114 5683 1202 5751; x_wconf 89' lang='lat' dir='ltr'><strong>Et,</strong></span> <span class='ocrx_word' id='word_1_854' title='bbox 1222 5704 1239 5737; x_wconf 83' lang='grc' dir='ltr'>ι</span> <span class='ocrx_word' id='word_1_855' title='bbox 1259 5685 1473 5742; x_wconf 89' lang='lat' dir='ltr'><strong>initium</strong></span> <span class='ocrx_word' id='word_1_856' title='bbox 1498 5687 1776 5757; x_wconf 72' lang='lat' dir='ltr'><strong>sapientia:</strong></span> 
     </span>
    </p>
   </div>
   <div class='ocr_carea' id='block_1_103' title="bbox 210 5770 1769 5846">
    <p class='ocr_par' dir='ltr' id='par_1_103' title="bbox 210 5770 1769 5846">
     <span class='ocr_line' id='line_1_103' title="bbox 210 5770 1769 5846; baseline 0.003 -21"><span class='ocrx_word' id='word_1_857' title='bbox 210 5771 372 5829; x_wconf 81' lang='lat' dir='ltr'><strong>timor</strong></span> <span class='ocrx_word' id='word_1_858' title='bbox 386 5772 595 5828; x_wconf 89' lang='lat' dir='ltr'><strong>Domini</strong></span> <span class='ocrx_word' id='word_1_859' title='bbox 616 5793 634 5826; x_wconf 77' lang='grc' dir='ltr'><strong><em>ι</em></strong></span> <span class='ocrx_word' id='word_1_860' title='bbox 646 5814 661 5828; x_wconf 95' lang='grc'><strong>.</strong></span> <span class='ocrx_word' id='word_1_861' title='bbox 679 5770 776 5829; x_wconf 88' lang='lat' dir='ltr'><strong>Et:</strong></span> <span class='ocrx_word' id='word_1_862' title='bbox 796 5793 814 5826; x_wconf 76' lang='grc' dir='ltr'>ι</span> <span class='ocrx_word' id='word_1_863' title='bbox 838 5773 1033 5831; x_wconf 86' lang='lat' dir='ltr'><strong>Beatus</strong></span> <span class='ocrx_word' id='word_1_864' title='bbox 1055 5774 1138 5830; x_wconf 92' lang='lat' dir='ltr'><strong>vir</strong></span> <span class='ocrx_word' id='word_1_865' title='bbox 1150 5777 1239 5846; x_wconf 91' lang='lat' dir='ltr'><strong>qui</strong></span> <span class='ocrx_word' id='word_1_866' title='bbox 1262 5776 1415 5833; x_wconf 89' lang='lat' dir='ltr'><strong>timet</strong></span> <span class='ocrx_word' id='word_1_867' title='bbox 1430 5776 1734 5843; x_wconf 84' lang='lat' dir='ltr'><strong>Dominum,</strong></span> <span class='ocrx_word' id='word_1_868' title='bbox 1750 5795 1769 5829; x_wconf 73' lang='grc' dir='ltr'><strong><em>ι</em></strong></span> 
     </span>
    </p>
   </div>
   <div class='ocr_carea' id='block_1_104' title="bbox 213 5861 1772 5935">
    <p class='ocr_par' dir='ltr' id='par_1_104' title="bbox 213 5861 1772 5935">
     <span class='ocr_line' id='line_1_104' title="bbox 213 5861 1772 5935; baseline 0.004 -20"><span class='ocrx_word' id='word_1_869' title='bbox 213 5861 403 5919; x_wconf 88' lang='lat' dir='ltr'><strong>timore</strong></span> <span class='ocrx_word' id='word_1_870' title='bbox 422 5873 609 5921; x_wconf 90' lang='lat' dir='ltr'><strong>sancto</strong></span> <span class='ocrx_word' id='word_1_871' title='bbox 635 5884 647 5918; x_wconf 90' lang='lat'><strong>:</strong></span> <span class='ocrx_word' id='word_1_872' title='bbox 676 5865 743 5921; x_wconf 92' lang='lat' dir='ltr'><strong>de</strong></span> <span class='ocrx_word' id='word_1_873' title='bbox 769 5881 875 5932; x_wconf 84' lang='lat' dir='ltr'><strong>quo</strong></span> <span class='ocrx_word' id='word_1_874' title='bbox 902 5875 956 5921; x_wconf 91' lang='lat' dir='ltr'><strong>et</strong></span> <span class='ocrx_word' id='word_1_875' title='bbox 979 5866 1068 5922; x_wconf 90' lang='lat' dir='ltr'><strong>hic</strong></span> <span class='ocrx_word' id='word_1_876' title='bbox 1096 5866 1311 5922; x_wconf 89' lang='lat' dir='ltr'><strong>dicitur.</strong></span> <span class='ocrx_word' id='word_1_877' title='bbox 1337 5867 1410 5923; x_wconf 90' lang='lat' dir='ltr'><strong>De</strong></span> <span class='ocrx_word' id='word_1_878' title='bbox 1442 5867 1561 5922; x_wconf 88' lang='lat' dir='ltr'><strong>istis</strong></span> <span class='ocrx_word' id='word_1_879' title='bbox 1587 5866 1678 5935; x_wconf 90' lang='lat' dir='ltr'><strong>qui</strong></span> <span class='ocrx_word' id='word_1_880' title='bbox 1704 5864 1772 5922; x_wconf 89' lang='lat' dir='ltr'><strong>ab</strong></span> 
     </span>
    </p>
   </div>
   <div class='ocr_carea' id='block_1_105' title="bbox 1894 4668 3462 4743">
    <p class='ocr_par' dir='ltr' id='par_1_105' title="bbox 1894 4668 3462 4743">
     <span class='ocr_line' id='line_1_105' title="bbox 1894 4668 3462 4743; baseline -0.001 -10"><span class='ocrx_word' id='word_1_881' title='bbox 1894 4673 2143 4734; x_wconf 84' lang='lat' dir='ltr'><strong>Ezechiel</strong></span> <span class='ocrx_word' id='word_1_882' title='bbox 2162 4680 2216 4728; x_wconf 91' lang='lat' dir='ltr'><strong>et</strong></span> <span class='ocrx_word' id='word_1_883' title='bbox 2238 4669 2423 4725; x_wconf 88' lang='lat' dir='ltr'><strong>Daniel</strong></span> <span class='ocrx_word' id='word_1_884' title='bbox 2445 4670 2498 4724; x_wconf 91' lang='lat' dir='ltr'><strong>in</strong></span> <span class='ocrx_word' id='word_1_885' title='bbox 2521 4668 2849 4738; x_wconf 89' lang='lat' dir='ltr'><strong>captivitate,</strong></span> <span class='ocrx_word' id='word_1_886' title='bbox 2871 4669 3122 4741; x_wconf 65' lang='lat' dir='ltr'><strong>Aggaaus,</strong></span> <span class='ocrx_word' id='word_1_887' title='bbox 3152 4673 3462 4743; x_wconf 87' lang='lat' dir='ltr'><strong>Zacharias,</strong></span> 
     </span>
    </p>
   </div>
   <div class='ocr_carea' id='block_1_106' title="bbox 1895 4759 3461 4835">
    <p class='ocr_par' dir='ltr' id='par_1_106' title="bbox 1895 4759 3461 4835">
     <span class='ocr_line' id='line_1_106' title="bbox 1895 4759 3461 4835; baseline -0.001 -11"><span class='ocrx_word' id='word_1_888' title='bbox 1895 4783 1959 4825; x_wconf 92' lang='lat' dir='ltr'><strong>ac</strong></span> <span class='ocrx_word' id='word_1_889' title='bbox 1986 4763 2274 4822; x_wconf 83' lang='lat' dir='ltr'><strong>Malachias</strong></span> <span class='ocrx_word' id='word_1_890' title='bbox 2314 4768 2436 4832; x_wconf 92' lang='lat' dir='ltr'><strong>post</strong></span> <span class='ocrx_word' id='word_1_891' title='bbox 2470 4759 2859 4830; x_wconf 88' lang='lat' dir='ltr'><strong>captivitatem,</strong></span> <span class='ocrx_word' id='word_1_892' title='bbox 2895 4768 2949 4815; x_wconf 90' lang='lat' dir='ltr'><strong>et</strong></span> <span class='ocrx_word' id='word_1_893' title='bbox 2988 4762 3181 4821; x_wconf 88' lang='lat' dir='ltr'><strong>deinde</strong></span> <span class='ocrx_word' id='word_1_894' title='bbox 3210 4767 3461 4835; x_wconf 88' lang='lat' dir='ltr'><strong>apostoli,</strong></span> 
     </span>
    </p>
   </div>
   <div class='ocr_carea' id='block_1_107' title="bbox 1891 4851 3462 4931">
    <p class='ocr_par' dir='ltr' id='par_1_107' title="bbox 1891 4851 3462 4931">
     <span class='ocr_line' id='line_1_107' title="bbox 1891 4851 3462 4931; baseline -0.001 -15"><span class='ocrx_word' id='word_1_895' title='bbox 1891 4868 2177 4931; x_wconf 88' lang='lat' dir='ltr'><strong>martyres,</strong></span> <span class='ocrx_word' id='word_1_896' title='bbox 2225 4867 2518 4923; x_wconf 89' lang='lat' dir='ltr'><strong>omnesque</strong></span> <span class='ocrx_word' id='word_1_897' title='bbox 2556 4851 2805 4907; x_wconf 88' lang='lat' dir='ltr'><strong>doctores</strong></span> <span class='ocrx_word' id='word_1_898' title='bbox 2847 4862 3050 4909; x_wconf 67' lang='lat' dir='ltr'><strong>sancta:</strong></span> <span class='ocrx_word' id='word_1_899' title='bbox 3076 4854 3352 4924; x_wconf 88' lang='lat' dir='ltr'><strong>Ecclesiae,</strong></span> <span class='ocrx_word' id='word_1_900' title='bbox 3394 4858 3462 4914; x_wconf 88' lang='lat' dir='ltr'><strong>de</strong></span> 
     </span>
    </p>
   </div>
   <div class='ocr_carea' id='block_1_108' title="bbox 1891 4943 3458 5023">
    <p class='ocr_par' dir='ltr' id='par_1_108' title="bbox 1891 4943 3458 5023">
     <span class='ocr_line' id='line_1_108' title="bbox 1891 4943 3458 5023; baseline -0.001 -15"><span class='ocrx_word' id='word_1_901' title='bbox 1891 4966 2117 5023; x_wconf 89' lang='lat' dir='ltr'><strong>quorum</strong></span> <span class='ocrx_word' id='word_1_902' title='bbox 2156 4963 2250 5005; x_wconf 90' lang='lat' dir='ltr'><strong>ore</strong></span> <span class='ocrx_word' id='word_1_903' title='bbox 2288 4945 2552 5016; x_wconf 91' lang='lat' dir='ltr'><strong>processit</strong></span> <span class='ocrx_word' id='word_1_904' title='bbox 2585 4943 2829 5000; x_wconf 89' lang='lat' dir='ltr'><strong>doctrina</strong></span> <span class='ocrx_word' id='word_1_905' title='bbox 2866 4945 3074 5001; x_wconf 81' lang='lat' dir='ltr'><strong>Veteris</strong></span> <span class='ocrx_word' id='word_1_906' title='bbox 3100 4955 3154 5002; x_wconf 90' lang='lat' dir='ltr'><strong>et</strong></span> <span class='ocrx_word' id='word_1_907' title='bbox 3193 4947 3323 5003; x_wconf 86' lang='lat' dir='ltr'><strong>Novi</strong></span> <span class='ocrx_word' id='word_1_908' title='bbox 3354 4950 3458 5007; x_wconf 88' lang='lat' dir='ltr'><strong>Tc-</strong></span> 
     </span>
    </p>
   </div>
   <div class='ocr_carea' id='block_1_109' title="bbox 1889 5034 3456 5109">
    <p class='ocr_par' dir='ltr' id='par_1_109' title="bbox 1889 5034 3456 5109">
     <span class='ocr_line' id='line_1_109' title="bbox 1889 5034 3456 5109; baseline -0.002 -12"><span class='ocrx_word' id='word_1_909' title='bbox 1889 5039 2162 5098; x_wconf 89' lang='lat' dir='ltr'><strong>stamcnti.</strong></span> <span class='ocrx_word' id='word_1_910' title='bbox 2205 5036 2439 5109; x_wconf 89' lang='lat' dir='ltr'><strong>Spiritus</strong></span> <span class='ocrx_word' id='word_1_911' title='bbox 2478 5034 2621 5089; x_wconf 91' lang='lat' dir='ltr'><strong>enim</strong></span> <span class='ocrx_word' id='word_1_912' title='bbox 2653 5045 2870 5091; x_wconf 90' lang='lat' dir='ltr'><strong>sanctus</strong></span> <span class='ocrx_word' id='word_1_913' title='bbox 2898 5036 2990 5106; x_wconf 92' lang='lat' dir='ltr'><strong>qui</strong></span> <span class='ocrx_word' id='word_1_914' title='bbox 3026 5038 3207 5093; x_wconf 91' lang='lat' dir='ltr'><strong>docuit</strong></span> <span class='ocrx_word' id='word_1_915' title='bbox 3241 5038 3456 5107; x_wconf 89' lang='lat' dir='ltr'><strong>Isaiam,</strong></span> 
     </span>
    </p>
   </div>
   <div class='ocr_carea' id='block_1_110' title="bbox 1888 5125 3454 5200">
    <p class='ocr_par' dir='ltr' id='par_1_110' title="bbox 1888 5125 3454 5200">
     <span class='ocr_line' id='line_1_110' title="bbox 1888 5125 3454 5200; baseline -0.002 -13"><span class='ocrx_word' id='word_1_916' title='bbox 1888 5130 2136 5187; x_wconf 84' lang='lat' dir='ltr'><strong>transivit</strong></span> <span class='ocrx_word' id='word_1_917' title='bbox 2170 5143 2267 5200; x_wconf 90' lang='lat' dir='ltr'><strong>per</strong></span> <span class='ocrx_word' id='word_1_918' title='bbox 2312 5139 2653 5183; x_wconf 87' lang='lat' dir='ltr'><strong>successores</strong></span> <span class='ocrx_word' id='word_1_919' title='bbox 2691 5126 2766 5200; x_wconf 11' lang='lat' dir='ltr'><strong>ad!</strong></span> <span class='ocrx_word' id='word_1_920' title='bbox 2801 5125 3089 5195; x_wconf 91' lang='lat' dir='ltr'><strong>apostolos.</strong></span> <span class='ocrx_word' id='word_1_921' title='bbox 3127 5127 3251 5183; x_wconf 89' lang='lat' dir='ltr'><strong>ideo</strong></span> <span class='ocrx_word' id='word_1_922' title='bbox 3275 5136 3454 5185; x_wconf 85' lang='lat' dir='ltr'><strong>autem</strong></span> 
     </span>
    </p>
   </div>
   <div class='ocr_carea' id='block_1_111' title="bbox 1887 5198 3455 5289">
    <p class='ocr_par' dir='ltr' id='par_1_111' title="bbox 1887 5198 3455 5289">
     <span class='ocr_line' id='line_1_111' title="bbox 1887 5198 3455 5289; baseline -0.003 -9"><span class='ocrx_word' id='word_1_923' title='bbox 1887 5222 2037 5289; x_wconf 90' lang='lat' dir='ltr'><strong>dicit,</strong></span> <span class='ocrx_word' id='word_1_924' title='bbox 2060 5198 2252 5277; x_wconf 77' lang='lat' dir='ltr'><strong>amodo</strong></span> <span class='ocrx_word' id='word_1_925' title='bbox 2278 5227 2332 5275; x_wconf 89' lang='lat' dir='ltr'><strong>et</strong></span> <span class='ocrx_word' id='word_1_926' title='bbox 2355 5232 2524 5288; x_wconf 90' lang='lat' dir='ltr'><strong>usque</strong></span> <span class='ocrx_word' id='word_1_927' title='bbox 2551 5217 2603 5272; x_wconf 92' lang='lat' dir='ltr'><strong>in</strong></span> <span class='ocrx_word' id='word_1_928' title='bbox 2628 5198 3038 5286; x_wconf 71' lang='lat' dir='ltr'><strong>sempiternum,</strong></span> <span class='ocrx_word' id='word_1_929' title='bbox 3067 5218 3329 5275; x_wconf 90' lang='lat' dir='ltr'><strong>subaudis</strong></span> <span class='ocrx_word' id='word_1_930' title='bbox 3348 5235 3455 5277; x_wconf 92' lang='lat' dir='ltr'><strong>non</strong></span> 
     </span>
    </p>
   </div>
   <div class='ocr_carea' id='block_1_112' title="bbox 1885 5309 3456 5370">
    <p class='ocr_par' dir='ltr' id='par_1_112' title="bbox 1885 5309 3456 5370">
     <span class='ocr_line' id='line_1_112' title="bbox 1885 5309 3456 5370; baseline -0.001 -1"><span class='ocrx_word' id='word_1_931' title='bbox 1885 5314 2140 5370; x_wconf 83' lang='lat' dir='ltr'><strong>recedent</strong></span> <span class='ocrx_word' id='word_1_932' title='bbox 2178 5311 2340 5367; x_wconf 86' lang='lat' dir='ltr'><strong>verba</strong></span> <span class='ocrx_word' id='word_1_933' title='bbox 2369 5325 2489 5365; x_wconf 88' lang='lat' dir='ltr'><strong>mea</strong></span> <span class='ocrx_word' id='word_1_934' title='bbox 2532 5310 2599 5365; x_wconf 90' lang='lat' dir='ltr'><strong>de</strong></span> <span class='ocrx_word' id='word_1_935' title='bbox 2643 5323 2737 5363; x_wconf 86' lang='lat' dir='ltr'><strong>ore</strong></span> <span class='ocrx_word' id='word_1_936' title='bbox 2784 5317 2876 5363; x_wconf 93' lang='lat' dir='ltr'><strong>tuo</strong></span> <span class='ocrx_word' id='word_1_937' title='bbox 2920 5316 2975 5364; x_wconf 90' lang='lat' dir='ltr'><strong>et</strong></span> <span class='ocrx_word' id='word_1_938' title='bbox 3013 5309 3079 5365; x_wconf 91' lang='lat' dir='ltr'><strong>de</strong></span> <span class='ocrx_word' id='word_1_939' title='bbox 3100 5325 3194 5366; x_wconf 92' lang='lat' dir='ltr'><strong>ore</strong></span> <span class='ocrx_word' id='word_1_940' title='bbox 3230 5312 3456 5368; x_wconf 87' lang='lat' dir='ltr'><strong>seminis</strong></span> 
     </span>
    </p>
   </div>
   <div class='ocr_carea' id='block_1_113' title="bbox 1886 5400 3457 5476">
    <p class='ocr_par' dir='ltr' id='par_1_113' title="bbox 1886 5400 3457 5476">
     <span class='ocr_line' id='line_1_113' title="bbox 1886 5400 3457 5476; baseline 0.001 -16"><span class='ocrx_word' id='word_1_941' title='bbox 1886 5406 1963 5462; x_wconf 93' lang='lat' dir='ltr'><strong>tui</strong></span> <span class='ocrx_word' id='word_1_942' title='bbox 1996 5424 2009 5462; x_wconf 90' lang='lat'><strong>:</strong></span> <span class='ocrx_word' id='word_1_943' title='bbox 2041 5404 2166 5476; x_wconf 90' lang='lat' dir='ltr'><strong>quia</strong></span> <span class='ocrx_word' id='word_1_944' title='bbox 2196 5402 2481 5474; x_wconf 86' lang='lat' dir='ltr'><strong>Evangelio</strong></span> <span class='ocrx_word' id='word_1_945' title='bbox 2510 5417 2616 5458; x_wconf 91' lang='lat' dir='ltr'><strong>non</strong></span> <span class='ocrx_word' id='word_1_946' title='bbox 2653 5401 2906 5457; x_wconf 89' lang='lat' dir='ltr'><strong>succedet</strong></span> <span class='ocrx_word' id='word_1_947' title='bbox 2939 5400 3044 5457; x_wconf 89' lang='lat' dir='ltr'><strong>alia</strong></span> <span class='ocrx_word' id='word_1_948' title='bbox 3078 5401 3182 5458; x_wconf 79' lang='lat' dir='ltr'><strong>lex.</strong></span> <span class='ocrx_word' id='word_1_949' title='bbox 3214 5404 3368 5461; x_wconf 86' lang='lat' dir='ltr'><strong>Unde</strong></span> <span class='ocrx_word' id='word_1_950' title='bbox 3399 5415 3457 5461; x_wconf 89' lang='lat' dir='ltr'><strong>et</strong></span> 
     </span>
    </p>
   </div>
   <div class='ocr_carea' id='block_1_114' title="bbox 1882 5493 3453 5567">
    <p class='ocr_par' dir='ltr' id='par_1_114' title="bbox 1882 5493 3453 5567">
     <span class='ocr_line' id='line_1_114' title="bbox 1882 5493 3453 5567; baseline -0.001 -13"><span class='ocrx_word' id='word_1_951' title='bbox 1882 5497 2117 5555; x_wconf 77' lang='lat' dir='ltr'><strong>Joannes</strong></span> <span class='ocrx_word' id='word_1_952' title='bbox 2159 5495 2486 5566; x_wconf 90' lang='lat' dir='ltr'><strong>evangelista</strong></span> <span class='ocrx_word' id='word_1_953' title='bbox 2535 5494 2664 5551; x_wconf 89' lang='lat' dir='ltr'><strong>dicit</strong></span> <span class='ocrx_word' id='word_1_954' title='bbox 2710 5507 2769 5549; x_wconf 90' lang='lat' dir='ltr'><strong>se</strong></span> <span class='ocrx_word' id='word_1_955' title='bbox 2804 5493 3002 5550; x_wconf 89' lang='lat' dir='ltr'><strong>vidisse</strong></span> <span class='ocrx_word' id='word_1_956' title='bbox 3052 5496 3299 5567; x_wconf 90' lang='lat' dir='ltr'><strong>angelum</strong></span> <span class='ocrx_word' id='word_1_957' title='bbox 3354 5496 3453 5553; x_wconf 79' lang='lat' dir='ltr'><strong>ha-</strong></span> 
     </span>
    </p>
   </div>
   <div class='ocr_carea' id='block_1_115' title="bbox 1881 5584 3449 5659">
    <p class='ocr_par' dir='ltr' id='par_1_115' title="bbox 1881 5584 3449 5659">
     <span class='ocr_line' id='line_1_115' title="bbox 1881 5584 3449 5659; baseline -0.004 -12"><span class='ocrx_word' id='word_1_958' title='bbox 1881 5592 2097 5647; x_wconf 89' lang='lat' dir='ltr'><strong>bentem</strong></span> <span class='ocrx_word' id='word_1_959' title='bbox 2155 5587 2504 5659; x_wconf 86' lang='lat' dir='ltr'><strong>Evangelium</strong></span> <span class='ocrx_word' id='word_1_960' title='bbox 2563 5594 2823 5641; x_wconf 90' lang='lat' dir='ltr'><strong>aeternum</strong></span> <span class='ocrx_word' id='word_1_961' title='bbox 2874 5584 3073 5657; x_wconf 80' lang='lat' dir='ltr'><strong>(Apoc.</strong></span> <span class='ocrx_word' id='word_1_962' title='bbox 3137 5585 3290 5659; x_wconf 78' lang='lat' dir='ltr'><strong>xlv).</strong></span> <span class='ocrx_word' id='word_1_963' title='bbox 3348 5587 3449 5655; x_wconf 80' lang='lat' dir='ltr'><strong>Qui</strong></span> 
     </span>
    </p>
   </div>
   <div class='ocr_carea' id='block_1_116' title="bbox 1881 5674 3448 5752">
    <p class='ocr_par' dir='ltr' id='par_1_116' title="bbox 1881 5674 3448 5752">
     <span class='ocr_line' id='line_1_116' title="bbox 1881 5674 3448 5752; baseline -0.002 -16"><span class='ocrx_word' id='word_1_964' title='bbox 1881 5681 2101 5752; x_wconf 88' lang='lat' dir='ltr'><strong>angelus</strong></span> <span class='ocrx_word' id='word_1_965' title='bbox 2147 5679 2524 5751; x_wconf 63' lang='lat' dir='ltr'><strong>praeﬁgurabat</strong></span> <span class='ocrx_word' id='word_1_966' title='bbox 2570 5675 2854 5732; x_wconf 91' lang='lat' dir='ltr'><strong>Dominum</strong></span> <span class='ocrx_word' id='word_1_967' title='bbox 2910 5674 3092 5732; x_wconf 81' lang='lat' dir='ltr'><strong>Jesum</strong></span> <span class='ocrx_word' id='word_1_968' title='bbox 3152 5678 3448 5743; x_wconf 82' lang='lat' dir='ltr'><strong>Christum,</strong></span> 
     </span>
    </p>
   </div>
   <div class='ocr_carea' id='block_1_117' title="bbox 1881 5763 3446 5841">
    <p class='ocr_par' dir='ltr' id='par_1_117' title="bbox 1881 5763 3446 5841">
     <span class='ocr_line' id='line_1_117' title="bbox 1881 5763 3446 5841; baseline -0.001 -17"><span class='ocrx_word' id='word_1_969' title='bbox 1881 5769 1971 5841; x_wconf 91' lang='lat' dir='ltr'><strong>qui</strong></span> <span class='ocrx_word' id='word_1_970' title='bbox 1993 5769 2146 5826; x_wconf 89' lang='lat' dir='ltr'><strong>nobis</strong></span> <span class='ocrx_word' id='word_1_971' title='bbox 2167 5767 2511 5825; x_wconf 89' lang='lat' dir='ltr'><strong>credentibus</strong></span> <span class='ocrx_word' id='word_1_972' title='bbox 2536 5763 2680 5820; x_wconf 89' lang='lat' dir='ltr'><strong>dedit</strong></span> <span class='ocrx_word' id='word_1_973' title='bbox 2701 5763 3078 5835; x_wconf 87' lang='lat' dir='ltr'><strong>Evangelicam</strong></span> <span class='ocrx_word' id='word_1_974' title='bbox 3108 5765 3446 5831; x_wconf 83' lang='lat' dir='ltr'><strong>doctrinam;</strong></span> 
     </span>
    </p>
   </div>
   <div class='ocr_carea' id='block_1_118' title="bbox 1880 5855 3446 5935">
    <p class='ocr_par' dir='ltr' id='par_1_118' title="bbox 1880 5855 3446 5935">
     <span class='ocr_line' id='line_1_118' title="bbox 1880 5855 3446 5935; baseline -0.003 -18"><span class='ocrx_word' id='word_1_975' title='bbox 1880 5863 1947 5919; x_wconf 91' lang='lat' dir='ltr'><strong>de</strong></span> <span class='ocrx_word' id='word_1_976' title='bbox 1974 5878 2078 5935; x_wconf 90' lang='lat' dir='ltr'><strong>qua</strong></span> <span class='ocrx_word' id='word_1_977' title='bbox 2124 5862 2235 5931; x_wconf 88' lang='lat' dir='ltr'><strong>ipse</strong></span> <span class='ocrx_word' id='word_1_978' title='bbox 2277 5858 2412 5913; x_wconf 77' lang='lat' dir='ltr'><strong>dixit</strong></span> <span class='ocrx_word' id='word_1_979' title='bbox 2452 5876 2465 5910; x_wconf 86' lang='lat'><strong>:</strong></span> <span class='ocrx_word' id='word_1_980' title='bbox 2521 5875 2540 5908; x_wconf 74' lang='grc' dir='ltr'>ι</span> <span class='ocrx_word' id='word_1_981' title='bbox 2578 5855 2783 5912; x_wconf 86' lang='lat' dir='ltr'><strong>Coelum</strong></span> <span class='ocrx_word' id='word_1_982' title='bbox 2818 5863 2873 5910; x_wconf 89' lang='lat' dir='ltr'><strong>et</strong></span> <span class='ocrx_word' id='word_1_983' title='bbox 2920 5865 3063 5911; x_wconf 88' lang='lat' dir='ltr'><strong>terra</strong></span> <span class='ocrx_word' id='word_1_984' title='bbox 3118 5859 3446 5925; x_wconf 85' lang='lat' dir='ltr'><strong>transibunt,</strong></span> 
     </span>
    </p>
   </div>
  </div>
