4016 6452
580 334 583 337 ’
620 347 749 404 lost

1100 340 1457 401 BAYMONIS
1492 340 1971 398 HALBERSTAT.
2012 340 2172 398 Epist

2276 343 2418 401 DPP.
2460 346 2639 404 PARS
2680 347 2721 403 J.
2752 376 2818 387 ——
2846 346 3200 404 COMMENT.
3242 349 3418 407 BIBL.

3754 355 3906 415 1052

615 462 772 519 verba
803 466 985 515 autem
1021 472 1138 514 mea
1197 472 1304 514 non
1368 459 1675 515 transibunt
1706 457 1923 530 (Matth.
1948 461 2123 530 xxxv).
2164 477 2184 509 ι
2217 459 2266 521 Δ
2294 461 2586 531 gationem,
2608 479 2769 537 surge
2791 478 2891 535 per
2915 479 3097 520 veram
3127 465 3545 527 confessionem.
3570 471 3714 540 Qus
3746 475 3901 541 eet-i-

1207 612 1435 670 CAPUT
1473 613 1585 669 LX.

690 743 711 778 ι
741 723 937 795 Surge,
965 722 1291 789 illuminare,
1337 721 1661 790 Jerusalem,
1688 724 1813 795 quia
1838 726 1985 780 venit
2006 725 2186 783 lumen

610 823 786 883 tuum,
816 824 873 870 et
916 813 1086 887 gloria
1114 813 1328 869 Domini
1371 829 1533 884 super
1558 823 1608 870 te
1643 824 1764 870 orta
1789 823 1893 871 est.
1952 835 1969 868 ι
2015 814 2187 873 Judaei

610 907 747 967 falso
777 926 961 967 errore
1007 911 1240 980 decepti,
1271 918 1327 965 et
1371 911 1617 981 quredam
1650 927 1787 965 vana
1832 911 2043 984 somnia
2083 913 2187 969 sibi

610 1005 894 1075 ﬁngentes,
919 1001 1161 1057 referunt
1204 1002 1319 1056 haec
1343 999 1523 1055 omnia
1554 1002 1621 1055 ad
1668 1009 1878 1071 tempus
1909 1001 2055 1056 mille
2091 1017 2188 1057 an-

607 1111 820 1159 norum,
854 1097 959 1164 quo
996 1094 1180 1149 dicunt
1209 1108 1268 1147 se
1312 1102 1635 1163 regnaturus
1674 1107 1796 1147 cum
1821 1091 2039 1147 Christo
2064 1107 2182 1158 suo,

606 1201 767 1256 quem
806 1201 905 1242 nos
931 1183 1321 1240 Anticliristnm
1352 1183 1581 1239 dicimus
1610 1200 1624 1237 :
1657 1192 1711 1236 et
1737 1198 1833 1253 per
1848 1178 2183 1239 Iiierusalem

606 1276 766 1332 istam
805 1274 989 1331 volunt
1036 1275 1336 1346 intelligere
1378 1273 1522 1327 illam
1568 1288 1787 1327 auream
1817 1282 1872 1329 et
1909 1282 2182 1341 ornatam,

605 1384 767 1439 quam
794 1375 1077 1423 autumant
1100 1367 1426 1422 descendere
1458 1366 1525 1421 de
1557 1365 1715 1431 coelo,
1762 1364 1916 1434 cujus
1949 1362 2184 1422 Joannes

605 1457 937 1531 evangelista
978 1457 1107 1513 facit
1150 1457 1479 1511 mentionem
1533 1455 1584 1509 in
1647 1452 1968 1528 Apocalypsi
2027 1450 2180 1529 (Cap.

605 1549 723 1620 xxi)
756 1567 769 1603 :
802 1563 966 1619 super
1006 1562 1169 1618 quam
1198 1562 1297 1603 nos
1320 1555 1560 1602 sanctam
1589 1547 1885 1603 Ecclesiam
1932 1548 2184 1620 intelligi-

605 1655 746 1703 mus,
769 1653 889 1709 quze
913 1645 997 1693 est
1015 1648 1204 1694 ornata
1229 1634 1393 1692 variis
1419 1634 1697 1693 ordinibus
1719 1646 1774 1693 et
1806 1637 2036 1693 diversis
2071 1637 2184 1693 vir-

606 1730 832 1785 tutibus.
869 1725 1064 1785 Dicunt
1089 1730 1250 1784 etiam
1275 1726 1374 1799 ipsi
1405 1723 1674 1799 falsiloqui
1697 1730 1906 1801 gravati
1934 1740 2183 1786 sermone

2293 550 2487 606 distiin
2510 551 2674 619 vitiis,
2693 566 2853 624 surge
2874 556 2928 610 in
2946 549 3258 612 virtutibus.
3284 551 3351 613 Et
3370 567 3669 630 postquam
3692 578 3897 620 exsur-

2292 644 2519 711 rexeris,
2568 644 2898 712 illuminare,
2949 647 3002 703 id
3042 655 3159 715 est,
3212 649 3399 722 accipe
3443 651 3609 709 ﬁdem
3652 654 3892 727 Christi,

2289 733 2415 805 quia
2448 735 2595 791 venit
2628 736 2807 793 lumen
2837 746 3010 805 tuum,
3061 740 3207 810 quod
3238 740 3335 796 tibi
3363 757 3556 800 omnes
3595 747 3892 818 propheta:

2288 825 2670 895 promittebant
2707 836 2994 885 venturum
3032 831 3101 886 ad
3130 832 3558 904 redemptionem
3607 847 3786 895 tuam.
3820 841 3887 896 ll-

2288 910 2378 968 lud
2402 914 2666 987 (inquam)
2693 916 2875 974 lumen
2921 920 3071 976 venit
3098 915 3197 977 tibi
3223 925 3369 995 quod
3398 943 3419 975 σ
3448 926 3732 986 illuminat
3766 947 3885 987 om-

2287 1019 2411 1059 nem
2441 1006 2714 1064 hominem
2758 1010 3064 1068 venientem
3110 1014 3165 1069 in
3203 1015 3349 1072 hunc
3379 1020 3649 1076 mundum
3694 1022 3881 1096 (lacn.

2286 1091 2349 1166 ι).
2392 1114 2410 1148 ι
2446 1095 2694 1155 Christus
2722 1100 2995 1169 videlicet,
3037 1103 3129 1179 qui
3175 1105 3313 1162 dixit
3345 1126 3358 1162 :
3389 1124 3410 1160 ι
3458 1106 3576 1183 Ego
3624 1091 3754 1168 sum
3794 1115 3879 1171 lux

2285 1184 2470 1239 mundi
2501 1183 2688 1256 (Joan.
2712 1189 2854 1260 vin).
2894 1208 2911 1241 ι
2946 1188 3066 1246 Jam
3105 1195 3254 1249 venit
3276 1193 3533 1254 Christus
3564 1213 3673 1270 per
3700 1203 3879 1259 incars

2284 1274 2521 1331 nationis
2553 1279 2890 1349 mysterium,
2941 1297 2969 1336 a
3023 1297 3132 1354 quo
3176 1283 3596 1356 illuminaberis,
3647 1292 3696 1349 si
3724 1292 3877 1349 ﬁdem

2283 1365 2400 1436 ejus
2428 1370 2749 1439 susceperis.
2783 1370 2851 1426 Et
2879 1372 3049 1443 gloria
3081 1374 3293 1433 Domini
3343 1395 3509 1451 super
3537 1390 3597 1439 te
3622 1394 3752 1441 orta
3780 1394 3873 1453 est,

2282 1472 2316 1512 ο
2350 1455 2609 1524 Ecclesia,
2649 1460 2791 1515 sicut
2832 1463 2911 1518 sol
2959 1463 3137 1521 oritur
3176 1475 3232 1524 et
3282 1469 3558 1527 illuminat
3591 1477 3869 1542 mundum,

2283 1559 2404 1615 quze
2431 1544 2699 1617 quondam
2744 1551 2875 1608 Mosi
2907 1553 2961 1608 in
2997 1555 3209 1612 deserto
3255 1560 3528 1617 dedicanti
3555 1564 3870 1623 tabernacu-

2283 1634 2417 1701 lum,
2447 1646 2503 1691 et
2533 1637 2808 1697 Salomoni
2837 1643 3108 1700 dedicanti
3140 1648 3397 1720 templum
3430 1652 3487 1706 in
3511 1651 3761 1724 ﬁguram
3792 1674 3868 1728 ap-

2281 1727 2481 1795 paruit;
2512 1727 2782 1800 Legimus,
2827 1735 2971 1803 quod
3000 1737 3214 1805 quando
3240 1738 3417 1797 Moses
3447 1744 3759 1803 aediﬁcavit
3803 1727 3857 1803 ts-

603 1819 826 1885 erroris,
857 1821 997 1891 quod
1022 1835 1212 1877 omnes
1234 1829 1423 1893 gentes
1449 1830 1577 1877 tunc
1610 1821 1871 1892 temporis
1900 1823 2172 1878 servitura

2285 1814 2659 1888 bernaculum,
2705 1826 2762 1880 et
2810 1820 3066 1885 Salomon
3113 1825 3388 1901 templum,
3439 1836 3621 1908 gloria
3667 1840 3863 1898 Domini

600 1910 715 1966 sint
759 1910 859 1977 eis,
886 1919 941 1965 et
964 1912 1155 1966 cameli
1188 1927 1251 1967 ac
1276 1912 1560 1969 dromades
1584 1913 1794 1970 Madian
1826 1924 1882 1971 et
1925 1914 2074 1985 Epha
2115 1915 2182 1971 de

602 2000 745 2057 Saba
782 2002 1078 2068 venientes,
1110 2019 1304 2058 aurum
1346 2003 1592 2060 deferant
1620 2012 1674 2061 et
1705 2007 1828 2061 thus
1858 2023 1872 2060 :
1902 2015 1960 2062 et
1991 2021 2182 2063 omnes

600 2107 732 2151 oves
758 2086 932 2150 Cedar
955 2102 1370 2167 congregemur,
1399 2105 1454 2151 et
1481 2098 1679 2153 arietes
1716 2092 1983 2154 Nabaioth
2011 2096 2079 2154 ad
2107 2099 2184 2156 of-

601 2183 885 2241 ferendum
941 2186 1052 2242 Deo
1096 2201 1260 2257 super
1302 2188 1475 2244 altare
1529 2190 1712 2260 templi
1757 2190 1901 2261 quod
1955 2182 2034 2246 illi
2086 2207 2182 2248 ex-

600 2286 947 2343 struxerunt,
991 2287 1045 2333 et
1088 2288 1285 2335 caetera
1332 2288 1558 2335 ventura
1624 2281 1733 2337 sint
1773 2281 1853 2337 eis
1927 2296 2047 2353 quas
2093 2278 2182 2341 hic

599 2376 909 2425 narrantur.
945 2367 1051 2425 Sed
1087 2370 1202 2426 htec
1225 2370 1406 2425 omnia
1434 2385 1533 2426 nos
1558 2369 1846 2428 falsissima
1866 2380 1922 2428 et
1946 2373 2179 2431 vanissi-

598 2472 688 2513 ma
713 2457 1049 2529 deputantes,
1080 2458 1148 2513 ad
1186 2459 1481 2517 Ecclesiam
1526 2463 1859 2533 primitivam
1905 2481 1968 2521 ea
1994 2465 2182 2522 referi-

598 2562 740 2615 mus,
772 2564 893 2618 qure
931 2548 1156 2606 collecta
1175 2558 1259 2606 est
1283 2565 1349 2605 ex
1375 2549 1597 2619 Iudaeis,
1626 2552 1680 2607 in
1702 2555 1960 2624 apostolis
1984 2556 2178 2612 videli-

596 2645 686 2695 cet
735 2639 826 2711 qui
867 2647 993 2696 ante
1041 2640 1348 2711 passionem
1394 2634 1608 2698 Domini
1637 2646 2003 2713 crediderunt,
2037 2656 2094 2704 et
2122 2648 2178 2704 in

598 2728 705 2784 illis
734 2728 826 2801 qui
865 2738 984 2800 post
1013 2729 1156 2785 illius
1200 2733 1652 2789 resurrectionem
1694 2737 2180 2809 ascensionemqite

595 2818 665 2875 ad
685 2818 875 2885 caios,
896 2820 1316 2890 prtedicantibus
1336 2824 1595 2893 apostolis
1630 2824 1790 2881 ﬁdem
1821 2828 2031 2884 Domini
2057 2846 2179 2899 per-

595 2921 858 2982 ceperunt
888 2931 901 2966 :
930 2912 996 2969 de
1043 2914 1241 2983 quibus
1287 2914 1420 2970 dicit
1468 2916 1644 2974 Lucas
1692 2937 1705 2973 :
1745 2919 1899 2987 Quod
1938 2937 2047 2978 uno
2089 2923 2178 2979 die

594 3002 945 3057 crediderunt
982 3003 1084 3058 tria
1116 3004 1282 3060 millia
1318 3005 1461 3077 (Act.
1509 3008 1595 3079 ιι),
1623 3000 1678 3065 ει
1720 3018 1913 3066 caetera
1945 3028 2064 3082 quae
2088 3029 2177 3070 se-

595 3100 855 3161 quuntur.
880 3091 984 3147 Sed
1004 3093 1183 3148 ethoc
1207 3097 1656 3152 considerandum
1681 3108 1788 3165 est,
1818 3102 1945 3170 quia
1974 3102 2174 3157 Hieru-

2285 1917 2505 1965 ostensa
2536 1920 2619 1967 est
2645 1912 2725 1969 eis
2754 1931 2875 1986 quae
2897 1917 3275 1991 pneﬁgurabat
3306 1923 3505 1982 Filium
3529 1929 3655 1998 Dei,
3680 1929 3776 2003 qui
3796 1941 3866 1989 est

2283 1998 2450 2069 gloria
2466 2000 2643 2059 Patris
2662 2022 2675 2058 :
2696 2006 2835 2062 sicut
2849 2008 2987 2064 idem
3002 2010 3163 2067 Pater
3176 2011 3309 2070 dixit
3325 2016 3375 2072 ei
3394 2034 3407 2071 :
3431 2037 3449 2069 ι
3471 1998 3750 2094 Exsurge,
3766 2023 3865 2096 glo-

2282 2090 2363 2146 ria
2396 2108 2535 2148 mea.
2564 2113 2584 2147 ›
2618 2094 2684 2151 Et
2710 2101 2986 2170 respondit
3008 2101 3083 2159 illi
3124 2104 3295 2179 gloria
3332 2126 3433 2169 sua
3463 2132 3479 2169 :
3519 2134 3538 2168 ι
3567 2090 3863 2194 Exsurgite

2283 2182 2538 2280 diluculo.
2567 2208 2585 2241 ι
2616 2187 2713 2247 Vel
2737 2192 2900 2250 etiam
2924 2212 3022 2268 per
3040 2197 3143 2256 hoc
3166 2205 3307 2273 quod
3327 2205 3498 2278 gloria
3524 2182 3862 2280 Domini'est,

2280 2274 2539 2348 quidquid
2587 2280 2833 2339 mirabile
2864 2283 2924 2339 ﬁt
2950 2287 3004 2342 in
3034 2289 3176 2347 male
3203 2303 3257 2349 et
3299 2274 3353 2348 in
3380 2303 3550 2364 terra,
3585 2274 3865 2370 possmus

2281 2376 2336 2421 et
2374 2367 2478 2426 hoc
2505 2370 2709 2428 referre
2740 2375 2807 2428 ad
2847 2375 3071 2447 gloriam
3097 2381 3483 2441 miraculorum
3512 2367 3711 2459 ipsius.
3742 2388 3862 2448 οιςμ

2282 2460 2361 2515 ria
2391 2462 2536 2517 enim
2558 2463 2769 2520 Domini
2794 2465 2891 2523 fuit
2910 2473 3126 2539 quando
3151 2485 3290 2546 aqua
3316 2478 3368 2533 in
3390 2479 3580 2537 vinum
3608 2499 3863 2541 conversa

2279 2557 2382 2616 est,
2414 2553 2612 2609 mertui
2638 2558 2763 2649 sunt
2797 2560 3066 2629 sus‘citati,
3098 2562 3297 2636 leprosi
3339 2572 3620 2639 mundati,
3657 2577 3862 2649 paraly-

2279 2640 2373 2696 tici
2409 2643 2607 2710 sanati,
2655 2637 2870 2718 aliaque
2898 2650 3051 2721 signa
3096 2663 3151 2710 et
3197 2658 3459 2716 miracula
3496 2637 3623 2733 quae
3650 2637 3719 2722 ab
3745 2637 3860 2739 ipso

2278 2742 2404 2820 sunt
2434 2744 2673 2806 patrata.
2713 2759 2732 2793 ι
2760 2741 2942 2798 Gloria
2978 2746 3194 2819 (inquit)
3229 2751 3442 2809 Domini
3477 2772 3653 2828 super
3678 2770 3861 2819 teorta

2275 2814 2361 2881 est
2385 2827 2567 2900 (Joan.
2596 2833 2679 2902 ιι),
2703 2824 2737 2886 τ
2768 2835 2822 2889 id
2847 2845 2950 2903 est,
2979 2814 3148 2897 Filius
3165 2814 3260 2899 Dei
3273 2845 3393 2913 'jam
3416 2850 3485 2904 ad
3512 2814 3566 2905 ιὲ

2276 2915 2399 2972 dam
2427 2927 2586 2975 natus
2629 2930 2733 2989 est,
2760 2933 2814 2978 et
2842 2926 3014 2996 gloria
3040 2928 3571 3009 miraculorum'ejus
3614 2958 3784 3015 super
3816 2957 3861 3002 te

2277 3016 2397 3062 orta
2426 3017 2531 3074 est,
2555 3019 2615 3065 ut
2643 3021 2696 3066 tu
2718 3013 3060 3096 gloriiiceris.
3081 3020 3342 3093 Sequitur
3373 3044 3386 3081 :

2354 3115 2372 3149 ι
2434 3098 2569 3166 Quia
2620 3116 2748 3159 ecce
2804 3108 3061 3174 tenebrm,
3117 3130 3135 3163 ι
3194 3114 3450 3173 subaudis
3508 3118 3859 3190 inﬁdelitatis.

593 3183 761 3240 salem
799 3193 1032 3254 quatuor
1075 3186 1249 3242 modis
1279 3178 1597 3259 intelligitur
1639 3190 1693 3245 in
1732 3207 1887 3273 sacro
1932 3183 2169 3263 eloquio.
2200 3170 2244 3232 (ἶ
2282 3205 2301 3240 ι
2331 3190 2579 3258 operient
2621 3201 2820 3249 terram
2852 3214 2871 3248 ι
2901 3198 3003 3253 hoc
3027 3210 3129 3268 est,
3154 3201 3390 3273 Judzeos,
3414 3214 3643 3267 terrena
3672 3215 3863 3271 solum-

594 3277 1165 3347 Primumintelligitur
1187 3279 1255 3334 ad
1283 3293 1500 3336 sensum
1529 3281 1718 3338 litterae
1737 3270 2070 3341 Hierusalem
2097 3286 2174 3341 ci-

591 3369 734 3424 vitas
759 3383 974 3441 magua,
1001 3385 1123 3439 qua:
1155 3370 1284 3426 olim
1306 3370 1462 3428 Jebet
1486 3382 1544 3429 et
1570 3374 1694 3430 inde
1725 3374 1904 3431 Salem
1934 3378 2170 3448 appella-

594 3468 648 3514 ta
672 3467 757 3515 est
782 3458 837 3513 in
856 3467 1038 3514 monte
1064 3458 1194 3515 Sion
1215 3461 1299 3516 vel
1316 3461 1484 3517 Moria
1515 3464 1643 3530 sita,
1668 3464 1757 3519 ubi
1773 3464 2046 3522 Abraham
2073 3469 2171 3523 ob-

592 3548 714 3605 tulit
739 3547 909 3604 ﬁlium
939 3547 1091 3621 (Gen.
1117 3552 1236 3620 xtl),
1262 3552 1327 3607 de
1352 3567 1457 3622 qua
1472 3546 1743 3609 Dominus
1775 3555 1942 3610 dicit:
1980 3574 1998 3608 ι
2036 3556 2170 3613 Cum

590 3639 835 3697 videritis
869 3640 1190 3696 circumdari
1221 3642 1290 3697 ah
1318 3644 1555 3700 exercitu
1584 3644 1916 3703 Hierusalem
1952 3647 2169 3718 (Matth.

592 3729 798 3801 ιχιν),»
823 3740 878 3785 ει
899 3738 1115 3787 ειειειιι.
1140 3730 1387 3788 Secundo
1411 3733 1858 3794 diciturceelestis
1872 3738 2171 3808 beatitudo,

591 3821 683 3878 ubi
721 3819 1008 3877 multitudo
1060 3821 1372 3892 angelorum
1429 3831 1485 3879 et
1540 3824 1843 3882 caelestium
1908 3828 2168 3885 virtutum

590 3911 808 3981 agmina
852 3911 1179 3977 consistunt,
1228 3922 1284 3968 et
1325 3914 1541 3971 sociatae
1568 3923 1623 3971 et
1649 3914 1853 3986 juncta:
1900 3929 2027 3975 sunt
2063 3920 2170 3976 illis

591 4000 784 4058 animae
808 4012 1142 4066 sanctorum.
1166 4002 1231 4057 de
1259 4017 1365 4073 qua
1387 4004 1516 4058 dicit
1540 4006 1788 4077 egregius
1816 4009 2166 4078 prmdicator:

596 4112 614 4144 ι
647 4092 742 4147 Illa
764 4101 943 4147 autem
973 4108 1092 4162 quae
1135 4108 1347 4148 sursum
1378 4101 1463 4149 est
1504 4090 1823 4162 Jerusalem,
1878 4098 2043 4154 libera
2087 4112 2170 4158 est

591 4180 735 4255 (Cal.
770 4184 924 4253 xw).
984 4201 1002 4233 ι
1060 4173 1244 4238 Tertio
1299 4184 1456 4237 modo
1505 4184 1804 4255 appellatur
1834 4186 2167 4247 Hierusalem

591 4287 831 4342 prmsens
876 4272 1137 4339 Ecclesia,
1192 4268 1244 4329 id
1290 4283 1375 4329 est
1424 4278 1771 4348 congregatio
1823 4279 2057 4336 ﬁdelium
2114 4292 2168 4339 et

591 4365 884 4420 electorum
909 4366 963 4422 in
988 4381 1123 4436 pace
1156 4364 1370 4421 Domini
1405 4369 1719 4434 constituta,
1755 4381 1809 4425 et
1852 4372 1903 4426 in
1933 4374 2164 4442 visione,

590 4465 645 4512 et
669 4457 1121 4527 contemplatione
1148 4453 1292 4513 illius
1317 4473 1529 4515 sursum
1558 4460 1789 4529 elevata,
1817 4465 1893 4519 de.
1910 4482 2016 4535 qua
2039 4468 2166 4524 dici-

592 4557 715 4601 tur:
756 4565 773 4597 t
806 4545 1099 4601 Jerusalem
1143 4562 1264 4616 qua:
1317 4546 1616 4605 aediﬁcatur
1660 4558 1720 4605 ut
1761 4553 1955 4608 civitas
1988 4553 2159 4627 (Psal.

591 4636 764 4709 cm).
800 4658 817 4689 ι
855 4637 921 4691 Ει
951 4638 1080 4692 illud
1111 4657 1125 4692 :
1163 4657 1182 4690 ι
1220 4630 1650 4697 Fundamentum
1678 4642 1794 4711 ejus
1815 4640 1869 4700 in
1893 4649 2165 4706 montibus

589 4729 815 4795 sanctis,
841 4728 1011 4799 diligit
1029 4730 1286 4787 Dominus
1312 4741 1494 4803 portas
1516 4733 1644 4789 Sion
1674 4734 1844 4806 (Psal.
1865 4739 2104 4811 uxxvr).
2138 4759 2157 4793 ι

589 4818 795 4887 Quarto
807 4819 972 4873 etiam
987 4820 1144 4875 modo
1158 4815 1490 4878 Hierusalem
1505 4824 1805 4894 appellatur
1831 4836 2165 4899 unaquazque

590 4908 769 4965 anima
794 4908 986 4973 ﬁdelis,
1008 4926 1126 4981 qua:
1144 4911 1196 4964 in
1218 4920 1399 4967 monte
1417 4911 1570 4979 Sion,
1597 4915 1700 4970 hoc
1721 4926 1822 4982 est,
1843 4918 1896 4972 in
1918 4928 2163 4975 contem-

588 4996 825 5069 platione
851 5000 1049 5055 mentis
1088 5001 1351 5056 consistit.
1382 4998 1587 5058 Dicitur
1610 5019 1739 5077 ergo
1769 5007 2020 5065 Ecclesia:
2048 5012 2163 5081 pri-

590 5087 789 5148 ntitivze
812 5106 880 5145 ex
905 5087 1104 5145 Judaeis
1129 5092 1385 5160 apostolis
1408 5094 1656 5150 videlicet
1686 5096 1913 5169 aliisque
1938 5100 2165 5159 creden-

592 5179 735 5236 tibus
764 5198 777 5235 :
811 5200 828 5232 ι
854 5180 1050 5253 Surge,
1078 5182 1394 5247 illumir‘are,
1422 5181 1739 5242 Jerusalem.
1773 5206 1792 5241 ι
1831 5188 2056 5246 Cadenti
2078 5192 2161 5247 vel

583 5270 788 5343 jacenti
817 5271 1032 5338 dicitur,
1057 5281 1117 5332 ut
1141 5282 1342 5344 surgat.
1370 5273 1435 5327 Et
1459 5274 1547 5329 illa
1578 5288 1855 5334 corruerat
1884 5280 1937 5334 in
1967 5280 2159 5337 inﬁde-

592 5364 753 5431 libus,
780 5371 835 5420 et
864 5362 1083 5433 jacebat
1109 5365 1161 5420 in
1197 5367 1362 5430 vitiis,
1393 5366 1620 5439 ideoque
1647 5371 1843 5428 dicitur
1870 5373 1918 5427 ei
1950 5388 1964 5428 :
1991 5374 2162 5446 Surge

590 5467 688 5524 par
722 5451 879 5508 ﬁdem
924 5454 992 5508 ad
1028 5454 1166 5508 bona
1213 5471 1376 5525 opera
1424 5458 1651 5527 agenda,
1699 5475 1731 5515 ο
1759 5462 2033 5530 primitiva
2060 5464 2160 5521 Ec-

589 5542 775 5608 clesia.
831 5542 960 5611 Quae
1006 5545 1246 5601 cecidisti
1282 5563 1377 5616 per
1423 5549 1816 5618 inﬁdelitatem,
1865 5570 1984 5624 quae
2023 5558 2157 5613 ceci-

591 5636 717 5692 disti
750 5637 802 5692 in
835 5636 1139 5709 synagogis,
1176 5655 1331 5712 surge
1358 5642 1413 5697 in
1448 5642 1724 5699 Ecclesiis.
1758 5644 1888 5712 Quae
1917 5649 2158 5708 cecidisti

592 5729 644 5784 in
670 5728 889 5798 Judzcis,
922 5747 1083 5802 surge
1119 5732 1169 5787 in
1212 5736 1475 5803 gentibus.
1518 5735 1648 5803 Quae
1677 5739 1918 5796 cecidisti
1944 5756 2040 5811 per
2066 5759 2159 5802 ue-

2275 3280 2436 3334 modo
2464 3292 2770 3359 quaerentes
2794 3295 2849 3341 et
2884 3296 3099 3346 terrena
3146 3295 3437 3366 sapientes,
3478 3305 3783 3362 carnaliter
3807 3308 3862 3363 il—

2275 3369 2366 3427 lud
2389 3372 2783 3444 intelligentes:
2813 3397 2832 3430 ι
2854 3377 2911 3434 Si
2933 3383 3217 3441 audieritis
3238 3404 3347 3455 me,
3371 3392 3517 3448 bona
3545 3403 3711 3453 terra:
3728 3414 3863 3455 eom-

2277 3463 2450 3518 edetis
2494 3462 2633 3536 (Ita.
2666 3467 2731 3534 ι),
2767 3487 2787 3521 ι
2839 3488 2859 3521 ι
2891 3471 2957 3526 Et
2994 3474 3191 3546 caligo,
3225 3497 3244 3530 ι
3276 3480 3329 3534 id
3359 3490 3445 3537 est
3473 3486 3703 3545 accitas
3746 3505 3861 3560 pee-

2275 3563 2545 3621 catorum,
2576 3575 2594 3609 ι
2625 3560 2871 3629 populos,
2897 3579 2918 3616 ι
2945 3565 3204 3624 subaudis
3226 3572 3455 3641 aperiet.
3492 3575 3731 3637 Domino
3768 3596 3856 3653 ap-

2272 3659 2498 3717 parente
2522 3649 2577 3704 in
2606 3654 2828 3722 mundo,
2853 3666 2905 3712 et
2931 3655 3168 3730 fulgente
3208 3678 3309 3733 per
3328 3665 3492 3723 ﬁdem
3525 3671 3581 3727 in

2271 3740 2637 3809 apostolorum
2660 3744 2997 3819 aliorumque
3017 3752 3374 3824 credentium,
3403 3764 3651 3820 tenebrae
3675 3767 3860 3824 inﬁde-

2271 3829 2435 3887 litatis
2447 3837 3017 3907 operueruntJudzcos,
3035 3849 3249 3902 terrena
3263 3848 3607 3907 solummodo
3620 3868 3858 3911 commo-

2269 3919 2335 3977 da
2365 3934 2679 3994 appetentes
2710 3945 2726 3982 :
2754 3929 2878 3999 quia
2911 3932 3154 3990 videntes
3180 3935 3300 4004 ejus
3329 3939 3587 3996 miracula
3633 3946 3858 4001 credere

2270 4015 2576 4074 uoluerunt.
2612 4019 2765 4079 Unde
2804 4032 2862 4080 et
2890 4026 3004 4096 ipse
3034 4029 3295 4087 Dominus
3342 4034 3467 4089 dicit
3496 4035 3695 4104 (Joan.
3736 4043 3852 4110 ix):

2276 4123 2295 4155 ι
2324 4104 2436 4177 Ego
2483 4109 2553 4163 ad
2595 4109 2699 4165 hoc
2733 4114 2851 4168 veni
2880 4115 2932 4169 in
2971 4120 3248 4187 mundum,
3281 4130 3339 4177 ut
3363 4123 3613 4181 videntes
3640 4143 3760 4184 non
3779 4104 3850 4184 vi-

2270 4195 2449 4261 deant,
2476 4207 2531 4252 et
2553 4200 2645 4269 qui
2674 4201 2858 4257 vident
2878 4205 3004 4260 caeci
3030 4206 3178 4262 ﬁant.
3208 4227 3228 4260 ι
3259 4227 3278 4262 ι
3313 4209 3491 4281 Super
3520 4221 3576 4270 te
3594 4225 3799 4283 autem,
3827 4238 3845 4270 ι

2268 4301 2301 4342 o
2332 4286 2573 4344 Ecclesia
2601 4290 2895 4360 primitiva,
2932 4313 2950 4346 ι
2982 4296 3192 4352 orietur
3216 4298 3479 4359 Dominus
3513 4324 3535 4357 ι
3571 4307 3716 4362 sicut
3739 4308 3847 4363 orl-

2269 4384 2358 4430 tur
2403 4377 2505 4443 sol,
2540 4387 2601 4433 ut
2640 4388 2694 4436 te
2724 4381 3010 4450 iiluminet,
3040 4405 3058 4437 ι
3096 4395 3151 4442 ει
3196 4387 3367 4459 gloria
3397 4391 3542 4460 ejus,
3602 4414 3623 4448 ι
3670 4397 3722 4451 id
3743 4405 3838 4459 est.

2268 4469 2522 4538 splendor
2546 4473 2929 4530 miraculorum
2962 4475 3079 4545 ejus
3104 4497 3126 4530 ι
3151 4479 3207 4534 in
3236 4489 3289 4537 te
3318 4483 3597 4541 videbitur
3628 4507 3646 4539 ι
3674 4487 3836 4543 oculis

2268 4562 2513 4630 corporis
2558 4570 2615 4618 et
2651 4563 2820 4620 oculis
2845 4568 3061 4622 mentis.
3111 4567 3189 4623 De
3234 4585 3338 4639 qua
3386 4573 3564 4643 gloria
3610 4576 3835 4631 dicitur:

2273 4666 2290 4700 ι
2305 4647 2551 4705 Vidimus
2575 4651 2800 4722 gloriam
2821 4654 2939 4725 ejus
2960 4658 3113 4726 quasi
3137 4658 3397 4730 unigeniti
3425 4677 3456 4715 a
3478 4662 3650 4720 Patre
3667 4665 3837 4737 (Jan.

2269 4739 2332 4805 ι).
2364 4759 2382 4791 ι
2414 4740 2468 4796 1η
2497 4743 2756 4812 apostolis
2782 4745 3048 4815 siquidem
3087 4748 3203 4804 visa
3233 4758 3318 4805 est
3344 4750 3546 4822 gloria,
3580 4757 3714 4824 quia
3746 4755 3841 4812 ili:

2270 4833 2576 4890 videntibus
2597 4837 2857 4892 miracula
2879 4838 3025 4895 fecit.

2345 4944 2363 4976 ι
2383 4925 2815 4984 Etambulabunt
2835 4939 3022 5001 gentes
3045 4931 3099 4986 iu
3120 4932 3321 4988 lumine
3341 4941 3456 5000 tuo,
3479 4954 3500 4990 ι
3520 4951 3558 4992 o
3575 4940 3845 5019 primiti'a

2265 5013 2502 5071 Ecclesia
2513 5057 2527 5081 ,
2542 5017 2645 5072 hoc
2671 5026 2756 5073 est
2781 5018 2833 5074 in
2850 5020 2955 5076 ﬁde
2969 5028 3056 5076 tua
3066 5063 3080 5087 ,
3093 5022 3176 5077 vel
3196 5024 3250 5077 in
3262 5023 3486 5082 Christo
3506 5038 3602 5085 tuo
3614 5046 3651 5086 ι
3664 5014 3775 5107 que
3796 5042 3845 5092 ιιι

2266 5106 2586 5164 illuminaris
2601 5125 2616 5164 :
2630 5122 2751 5181 qua:
2767 5122 2923 5167 antea
2937 5115 3284 5171 ambulabant
3309 5117 3365 5174 in
3391 5122 3641 5184 tenebris
3663 5106 3848 5199 pecca-

2266 5207 2461 5254 torum.
2488 5222 2505 5252 ι
2525 5202 2593 5257 Et
2610 5218 2766 5273 reges
2788 5205 2842 5259 in
2857 5205 3140 5276 splendore
3158 5218 3312 5269 ortus
3327 5211 3402 5271 fui
3428 5237 3446 5269 ι
3476 5223 3703 5288 quando
3722 5234 3846 5277 nata

2263 5304 2324 5344 es
2352 5289 2403 5342 in
2429 5289 2533 5345 ﬁde
2550 5291 2776 5359 Christi,
2801 5303 2856 5349 et
2884 5311 2951 5349 ex
2974 5311 3112 5366 aqua
3132 5305 3188 5355 et
3214 5302 3420 5373 Spiritu
3453 5320 3674 5373 sancto,
3692 5311 3848 5379 juxta

2267 5380 2395 5435 illud
2426 5400 2439 5436 :
2482 5400 2502 5434 ι
2552 5383 2664 5440 Νἰεί
2697 5387 2819 5455 quis
2848 5398 3068 5446 renatus
3095 5392 3256 5449 fuerit
3303 5410 3369 5450 ex
3402 5413 3547 5468 aqua
3577 5413 3639 5457 et
3672 5404 3847 5473 Spiri«

2268 5482 2322 5526 tu
2349 5484 2537 5531 sancto
2565 5476 2744 5547 (lacn.
2773 5479 2879 5551 ιιι),
2904 5489 3008 5536 etc.
3041 5500 3060 5534 ι
3093 5483 3156 5537 Ει
3181 5502 3201 5536 ι
3231 5497 3501 5558 quotquot
3520 5505 3853 5564 receperunt

2265 5578 2411 5629 eum,
2447 5560 2595 5622 dedit
2617 5568 2698 5624 eis
2730 5579 3050 5639 potestatem
3079 5573 3216 5630 ﬁlios
3256 5577 3349 5633 Dei
3373 5579 3492 5636 ﬁeri
3524 5560 3709 5656 (ιοαὶι.
3733 5587 3806 5657 ι).
3827 5608 3847 5641 ο

2265 5654 2442 5727 Reges
2470 5657 2560 5713 hic
2585 5659 2868 5729 dupliciter
2918 5664 3307 5737 intelliguntur,
3342 5672 3433 5726 vel
3463 5654 3623 5747 reges
3663 5654 3851 5735 sterili

2262 5746 2447 5817 hujus,
2465 5757 2521 5803 ut
2537 5748 2938 5822 Constantinus,
2956 5756 3250 5828 Heraclius,
3272 5762 3631 5837 Theodosius,
3646 5773 3856 5844 aliique
