4016 6468
180 383 314 442 14)ΰὸ

1228 387 1579 446 COMMENT.
1622 386 1686 440 ΙΝ
1723 384 1970 440 lSAIAM.
2012 417 2082 426 —
2114 385 2237 441 LlB.
2267 383 2349 440 lli.

3281 389 3414 443 ιοδι

179 495 556 566 quamplurlml
592 499 682 569 qui
709 499 866 554 fidem
889 499 1087 556 Christi
1115 498 1434 554 habuerunt.
1467 497 1557 552 Vel
1577 497 1736 552 etiam
1767 505 1813 563 Α
1843 496 1973 550 teris
2004 495 2130 550 Adae
2159 495 2385 550 formata
2427 503 2509 549 est
2553 493 2704 580 (Gen.
2749 496 2854 564 ιιι).
2886 494 3037 562 Quod
3068 496 3142 550 lta
3173 506 3257 551 est
3287 514 3417 552 con-

180 601 335 657 reges
378 597 502 642 sunt
551 590 720 643 sancti
752 591 842 658 qui
893 589 987 642 filii
1038 590 1178 659 regis
1205 589 1517 653 existentes,
1549 597 1747 643 semet-

181 678 323 746 ipsos
358 678 494 732 beue
523 689 776 734 rexerunt
802 720 818 743 ,
849 680 913 734 de
946 680 1138 748 quibus
1175 679 1369 733 dicitur
1405 693 1420 731 :
1468 698 1485 730 ι
1527 677 1631 732 Cor
1667 694 1750 730 re-

181 767 262 838 gis
291 767 345 822 in
389 781 549 823 manu
591 770 706 834 Dei,
732 771 798 823 ad
827 771 1186 838 quodcunque
1224 769 1452 822 voluerit
1481 776 1654 820 vertet
1684 765 1750 818 il-

183 857 272 911 lud
318 854 500 927 (Prov.
531 859 667 928 xxi).
707 878 725 910 ι
761 858 866 912 Nos
907 874 1096 912 omnes
1131 867 1185 911 et
1220 874 1372 927 reges
1405 867 1459 910 et
1483 865 1668 926 gentes
1697 857 1748 909 in

183 946 385 1000 lumine
413 947 778 1017 apostolorum
807 947 1166 1013 ambulamus,
1201 957 1255 1000 et
1277 949 1329 1001 in
1353 947 1634 1016 splendore
1663 962 1752 1001 or-

183 1047 270 1091 tus
302 1037 472 1100 illius,
515 1039 638 1107 quia
687 1039 932 1093 eamdem
975 1039 1132 1092 fidem
1164 1039 1446 1103 habemus,
1476 1047 1531 1092 et
1564 1037 1749 1092 eodem

179 1129 502 1200 baptismate
531 1131 880 1198 renascimur.

259 1237 278 1270 ε
309 1218 453 1273 Leva
489 1221 540 1272 in
572 1220 801 1274 circuitu
833 1220 1019 1274 oculos
1049 1229 1168 1275 tuos
1194 1229 1248 1274 et
1270 1221 1424 1284 vide;
1450 1233 1638 1273 omnes
1665 1219 1751 1273 isti

182 1309 492 1379 congregati
515 1317 655 1370 sunt,
683 1318 947 1362 venerunt
974 1310 1091 1362 tibi.
1115 1329 1156 1360 ιι
1189 1309 1440 1362 Ecclesia:
1469 1309 1752 1378 primitivze

185 1398 381 1452 dicitur
411 1415 423 1449 :
458 1397 502 1452 O
538 1398 773 1453 Ecclesia
817 1400 1121 1469 primitiva,
1170 1399 1284 1454 leva
1336 1400 1519 1453 oculos
1558 1399 1756 1453 mentis

187 1490 241 1544 in
279 1491 505 1544 circuitu
547 1501 674 1544 tuo:
711 1499 763 1545 ct
788 1493 926 1557 vide,
962 1492 1066 1546 hoc
1092 1501 1196 1556 est,
1233 1492 1531 1546 considera.
1557 1490 1753 1546 Omnes

187 1580 276 1633 isti
306 1583 612 1651 congregati
641 1591 784 1640 sunt,
807 1591 1069 1634 venerunt
1098 1581 1214 1644 tibi,
1240 1581 1291 1634 id
1321 1590 1422 1645 est,
1443 1581 1507 1634 ad
1532 1583 1632 1636 hoc
1659 1597 1752 1635 ve-

188 1681 386 1726 nerunt
427 1681 484 1726 ut
532 1673 625 1725 tibi
651 1673 922 1726 soeientur
958 1672 1010 1724 in
1055 1672 1260 1724 unitate
1298 1673 1443 1736 lidei,
1475 1671 1555 1726 vcl
1591 1681 1649 1725 ut
1677 1673 1752 1726 tui

189 1761 282 1815 lilii
306 1763 433 1816 sint.
461 1762 536 1815 De
557 1763 661 1815 illis
682 1763 917 1830 loquitur
944 1761 1010 1815 de
1034 1763 1227 1829 quibus
1253 1763 1465 1830 scripsit
1491 1763 1666 1816 Lucas
1697 1763 1751 1816 in

1846 587 2086 655 junctum
2112 596 2169 640 ut
2192 602 2367 656 neque
2403 601 2540 656 aqua
2570 587 2684 641 sine
2726 587 2984 657 sanguine
3012 588 3280 656 possimus
3306 589 3414 642 sal-

1850 679 1986 741 vari,
2018 693 2190 746 neque
2228 678 2489 746 sanguine
2525 680 2641 731 sine
2668 693 2825 746 aqua.
2876 679 2990 732 Nisi
3033 680 3177 732 enim
3215 679 3416 734 Christi

1851 768 2154 838 passionem
2200 777 2255 822 et
2283 769 2733 822 resurrectionem
2783 767 3189 834 crediderimus,
3226 779 3281 822 et
3317 785 3417 838 pro

1850 867 2034 912 nostra
2065 858 2429 926 redemptione
2477 873 2598 911 eum
2645 859 2758 911 lucc
2801 859 2982 912 omnia
3027 873 3147 912 esse
3198 874 3415 928 passum

1852 947 2280 1016 cognoverimus,
2313 963 2419 1000 non
2445 947 2790 1011 salvabimur,
2822 948 2949 1001 licet
2972 949 3326 1017 baptizemur.
3361 949 3418 1002 Si

1849 1049 1980 1089 vero
2016 1036 2403 1089 crediderimus
2441 1036 2555 1104 ejus
2603 1039 2907 1103 passionem
2963 1046 3019 1090 et
3067 1039 3422 1092 resurrectio-

1854 1138 1996 1187 nem,
2026 1133 2080 1176 et
2107 1133 2347 1177 nostram
2393 1124 2810 1194 redemptionem
2838 1140 2933 1194 per
2959 1125 3073 1180 haec
3106 1127 3261 1180 nobis
3286 1126 3424 1180 allu-

1854 1227 2031 1272 turam
2064 1233 2076 1268 :
2121 1233 2225 1270 non
2255 1219 2580 1272 merebimur
2602 1218 2820 1281 salvari,
2846 1218 2948 1271 nisi
2971 1218 3227 1288 baptizati
3250 1218 3418 1273 fueri-

1854 1326 1973 1365 mus
2007 1312 2059 1364 in
2087 1311 2301 1364 nomine
2323 1319 2519 1364 sancta:
2545 1309 2844 1364 Trinitatis.

1929 1419 1947 1450 ‹
1983 1399 2132 1453 Tunc
2158 1399 2362 1453 videbis
2395 1407 2448 1452 et
2473 1397 2678 1464 amnes,
2702 1408 2758 1453 et
2782 1400 3069 1454 mirabitur
3095 1407 3152 1452 et
3175 1399 3423 1455 dilatabi-

1855 1500 1942 1545 tur
1980 1507 2077 1546 cor
2115 1500 2260 1545 tuum
2299 1491 2554 1558 :quando
2575 1505 2841 1570 conversa
2871 1491 3034 1545 fuerit
3074 1490 3140 1544 ad
3168 1499 3220 1544 te
3245 1490 3426 1544 multi-

1856 1584 1982 1638 tudo
2014 1583 2198 1646 maris,
2252 1579 2506 1634 fortitudo
2535 1581 2772 1649 gentium
2819 1581 3027 1634 venerit
3055 1581 3169 1634 tibi.
3215 1600 3233 1632 ι
3273 1580 3425 1634 Tunc

1831 1674 2072 1744 (inquit)
2097 1688 2218 1728 cum
2241 1671 2498 1724 levaveris
2523 1671 2708 1724 oculos
2730 1680 2868 1734 tuos,
2885 1681 2940 1725 et
2964 1671 3057 1725 filii
3083 1673 3157 1725 tui
3180 1671 3246 1726 de
3270 1671 3426 1742 longe

1854 1765 2117 1826 venerint,
2157 1763 2385 1832 lilia:que
2429 1771 2532 1814 tua:
2569 1761 2652 1816 lac
2681 1763 2948 1826 suxerint,
2990 1763 3196 1817 videbis
3219 1765 3286 1818 ab
3313 1779 3427 1817 om-

189 1854 409 1907 Actibus
427 1854 787 1922 apostolorum
813 1855 945 1922 (cap.
976 1855 1036 1923 ιι)
1068 1871 1080 1906 :
1107 1855 1230 1923 quia
1263 1872 1281 1904 ‹
1307 1864 1461 1908 erant
1484 1855 1535 1908 in
1561 1855 1753 1908 llieru-
1785 1858 1829 1916 B
1858 1854 2208 1909 nibusmundi
2232 1853 2475 1922 partibus
2501 1853 2684 1906 venire
2708 1844 2978 1918 tibiﬁlios,
3002 1861 3057 1907 et
3079 1853 3264 1908 alllues
3288 1856 3424 1908 lide-

190 1945 356 1998 salem
388 1945 489 1998 viri
519 1943 685 1998 Judmi
723 1945 954 2015 religiosi
990 1960 1056 1998 ex
1084 1947 1229 1999 omni
1257 1945 1476 2000 natione
1517 1961 1634 2015 qua:
1658 1945 1758 1999 sub

191 2033 328 2087 ccelo
349 2043 451 2097 est,
473 2053 491 2084 ι
523 2034 736 2102 quando
755 2033 986 2102 Spiritus
1007 2041 1228 2088 sanctus
1242 2049 1402 2102 super
1421 2033 1688 2103 apostolos
1706 2035 1758 2087 in

193 2123 390 2192 linguis
431 2124 600 2194 igneis
641 2124 920 2194 requievit.
957 2125 1048 2179 Vel
1095 2125 1250 2178 aliter
1285 2144 1297 2178 ε
1330 2124 1490 2189 cha,
1518 2125 1758 2194 (inquit),

191 2225 226 2264 ο
264 2212 501 2266 Ecclesia
536 2215 840 2282 primitiva,
875 2214 1066 2286 oculos
1095 2225 1237 2280 tuos,
1287 2223 1341 2269 et
1373 2217 1653 2270 considera
1694 2217 1762 2271 ab

188 2301 398 2354 oriente
427 2310 482 2354 et
521 2303 797 2357 occidente
835 2292 1187 2373 omnibusque
1232 2306 1416 2360 mundi
1468 2307 1709 2375 partibus
1743 2325 1756 2360 :

190 2407 381 2446 omnes
429 2393 516 2448 isti
571 2396 798 2462 gentiles
853 2397 904 2448 in
951 2397 1181 2450 circuitu
1236 2406 1326 2450 tuo
1370 2408 1762 2452 conuuorantes

197 2485 669 2552 congregabuntur
695 2485 760 2538 ad
805 2485 963 2540 fidem
1001 2494 1170 2550 tuam,
1209 2495 1264 2540 et
1301 2489 1519 2541 venient
1557 2489 1673 2552 tibi,
1705 2497 1766 2542 ut

204 2577 280 2629 tui
312 2577 418 2630 sint
463 2577 578 2630 filii.
619 2578 694 2632 De
718 2579 823 2632 hoc
856 2579 962 2631 alio
1007 2578 1060 2632 in
1091 2579 1209 2634 loco
1237 2580 1469 2634 dicitur:
1503 2599 1520 2631 ι
1557 2579 1760 2645 Gaude,

196 2667 307 2719 lilia
341 2665 490 2730 Sion,
524 2668 649 2736 quia
687 2683 814 2723 ecce
839 2668 993 2722 venio
1017 2678 1070 2722 et
1098 2669 1350 2723 habitabo
1384 2671 1433 2722 in
1465 2671 1639 2724 medio
1665 2671 1763 2735 tui,

193 2769 250 2814 et
276 2761 489 2815 venient
516 2772 700 2832 gentes
720 2762 899 2816 multa:
923 2764 989 2817 ad
1017 2771 1067 2817 te
1089 2762 1303 2834 (Ezech.
1330 2764 1505 2833 mn).
1550 2782 1566 2812 ι

271 2882 288 2912 ι
320 2862 438 2916 Filii
470 2864 546 2916 tui
596 2863 661 2917 de
690 2863 844 2934 longe
889 2864 1128 2928 venient,
1166 2872 1218 2917 et
1256 2862 1375 2916 ﬁliae
1419 2873 1523 2917 tua:
1554 2863 1638 2918 lae
1679 2879 1767 2918 su-

197 2965 342 3023 gent.
383 2973 401 3005 )
435 2953 659 3020 Quidam
691 2955 902 3009 codices
942 2954 1160 3017 habent,
1209 2954 1328 3008 filiae
1363 2962 1466 3008 tua:
1493 2955 1557 3007 de
1601 2955 1768 3010 latere

198 3053 437 3112 surgent,
455 3044 595 3112 quod
618 3059 716 3097 nec
742 3044 794 3098 in
813 3044 1064 3097 hebraica
1095 3044 1319 3097 veritate
1348 3059 1518 3112 neque
1545 3044 1596 3097 in
1629 3043 1736 3113 Sep
1754 3075 1765 3084 ~

198 3135 439 3206 tuagiuta
471 3135 851 3204 interpretibus
879 3135 1167 3198 invenitur,
1200 3150 1372 3203 neque
1395 3149 1586 3188 sensus
1606 3150 1768 3202 expo-

1861 1945 1998 1998 libus
2020 1944 2176 1998 sicuti
2200 1944 2391 1997 fluvius
2421 1944 2595 2012 aquis.
2627 1943 2694 1997 Et
2721 1945 3009 1998 mirabitur
3031 1960 3124 2000 cor
3148 1955 3295 1999 tuum
3319 1961 3430 2016 pra:

1860 2034 2200 2088 multitudine
2227 2033 2567 2102 populorum,
2599 2034 2706 2088 imo
2729 2035 3040 2089 dilatabitur
3066 2037 3179 2090 sive
3199 2037 3430 2106 amplifi-

1861 2126 2072 2179 cabitur
2102 2140 2197 2178 cor
2220 2135 2366 2178 tuum
2390 2125 2442 2177 in
2467 2125 2747 2180 latitudine
2772 2125 2989 2190 laetitiae,
3023 2141 3133 2195 pra:
3163 2129 3430 2196 magnitu-

1862 2216 1987 2271 dine
2027 2217 2225 2288 gaudii.
2265 2215 2417 2270 Sicut
2449 2216 2592 2270 enim
2640 2217 2731 2285 qui
2762 2217 2815 2270 in
2841 2218 3057 2271 tristitia
3094 2228 3177 2273 est
3204 2219 3429 2287 positus,

1864 2307 2019 2374 quasi
2063 2306 2458 2374 quodammodo
2501 2316 2906 2375 coangustatur,
2939 2309 3012 2360 ita
3035 2311 3126 2376 qui
3168 2309 3221 2361 in
3250 2308 3431 2364 laetitia

1863 2396 2129 2458 consistit,
2165 2395 2318 2464 quasi
2352 2394 2623 2448 dilatatur.
2656 2397 2730 2450 De
2758 2396 2860 2450 hac
2891 2397 3202 2452 dilatatione
3224 2409 3278 2452 et
3302 2399 3433 2452 laeti-

1865 2485 1939 2540 tia
1971 2486 2100 2539 dicit
2129 2485 2454 2554 Apostolus:
2489 2505 2506 2536 ι
2548 2485 2678 2552 Qua:
2720 2495 2803 2540 est
2829 2489 2970 2541 enim
2999 2503 3194 2542 corona
3223 2499 3278 2543 et
3305 2507 3434 2560 gau-

1863 2577 2008 2630 dium
2031 2586 2294 2640 nostrum,
2319 2591 2496 2629 nonne
2517 2591 2611 2630 vos
2629 2577 2761 2632 estis
2781 2577 2832 2631 in
2849 2577 3109 2632 Domino?
3138 2599 3156 2630 ι
3184 2579 3232 2649 (l
3255 2580 3432 2634 Thess.

1865 2668 1950 2738 ιι.)
1994 2668 2060 2721 Ει
2091 2669 2220 2722 illud
2250 2685 2264 2722 :
2301 2687 2318 2718 ι
2352 2668 2424 2722 Os
2452 2685 2629 2723 meum
2659 2678 2805 2739 patet
2827 2670 2893 2722 ad
2925 2686 3051 2735 vos,
3085 2685 3120 2723 o
3147 2669 3434 2736 Corinthii,

1865 2774 1960 2814 cor
1998 2774 2179 2812 meum
2219 2759 2500 2812 dilatatum
2526 2769 2610 2813 est
2641 2761 2693 2813 in
2720 2761 2895 2824 vobis,
2925 2761 3229 2829 iterumque
3259 2760 3436 2815 dilati-

1866 2847 2000 2901 mini
2023 2856 2078 2902 et
2103 2863 2196 2902 vos
2219 2847 2300 2918 (Il
2330 2847 2452 2902 Cor.
2494 2850 2652 2919 Vl).~)
2691 2849 2808 2915 Quo
2848 2859 3087 2920 tempore
3121 2860 3300 2905 autem
3333 2853 3437 2906 ista

1867 2929 2092 2992 ventura
2129 2949 2315 2992 essent
2350 2938 2604 2993 Ecclesia:
2637 2942 2940 3008 primitivm,
2973 2940 3280 2996 manifestat
3315 2958 3438 2996 cum

1868 3031 1998 3085 dicit
2028 3049 2041 3082 :
2078 3049 2096 3080 ι
2132 3029 2280 3084 Tunc
2311 3030 2562 3102 (inquies)
2596 3033 2880 3086 mirabitur
2907 3041 2962 3086 et
2990 3033 3298 3087 dilatabitur
3345 3049 3442 3088 cor

1868 3130 2036 3185 tuum,
2069 3121 2284 3190 quando
2309 3137 2566 3176 conversa
2592 3122 2753 3176 fuerit
2779 3123 2845 3176 ad
2871 3131 2922 3176 te
2947 3137 3043 3193 per
3070 3123 3226 3178 tidem
3257 3124 3438 3178 multi-

200 3225 411 3278 sitionis
447 3227 588 3279 beati
631 3224 937 3295 Hieronymi
968 3227 1033 3279 ad
1079 3240 1142 3279 ea
1190 3225 1494 3277 inclinatur.
1537 3225 1656 3278 Filii
1708 3228 1832 3288 etC
1865 3213 1992 3266 tudo
2016 3213 2204 3277 maris.
2237 3233 2254 3263 ι
2283 3213 2336 3265 id
2360 3221 2464 3276 est.
2488 3226 2676 3267 omnes
2699 3214 2946 3267 nationes
2965 3214 3118 3270 istius
3143 3215 3325 3268 mundi
3347 3217 3440 3284 qui

199 3315 322 3370 ﬁliae
341 3317 626 3385 primitivae
653 3316 904 3371 Ecclesia:
918 3318 981 3370 de
1004 3316 1160 3386 longe
1175 3315 1472 3377 venientes,
1499 3324 1622 3368 sunt
1643 3329 1771 3385 gen-

199 3407 322 3461 tiles
355 3407 446 3477 qui
493 3406 650 3476 longe
681 3424 710 3460 a
743 3407 851 3460 Deo
880 3414 1214 3460 recesserant
1243 3420 1342 3473 per
1386 3403 1767 3469 idololatriam,

199 3513 307 3552 non
335 3498 452 3551 loco
475 3497 568 3550 sed
592 3496 802 3550 merito.
831 3496 904 3550 De
923 3496 1116 3566 quibus
1132 3495 1262 3549 dicit
1281 3493 1598 3564 Apomlus:
1623 3512 1641 3544 ι
1668 3495 1772 3548 Vos

201 3589 294 3658 qui
323 3589 488 3642 eratis
518 3587 694 3657 longe,
726 3587 850 3641 facti
878 3588 1009 3642 estis
1052 3601 1238 3656 prope.
1276 3605 1294 3637 ι
1331 3587 1604 3652 Quantum
1629 3585 1773 3638 enim

202 3678 444 3747 quisquis
491 3687 704 3746 peccat,
735 3685 883 3730 tanto
907 3677 1114 3746 longius
1161 3691 1193 3729 a
1233 3675 1344 3730 Deo
1379 3676 1604 3729 recedit.
1653 3675 1773 3730 Filii

201 3787 329 3842 ergo
365 3771 654 3839 primitiva:
683 3770 934 3824 Ecclesia:
985 3777 1111 3823 sunt
1143 3784 1332 3823 omnes
1361 3768 1643 3822 credentes
1688 3783 1775 3822 ro-

201 3863 471 3917 bustiores
502 3862 554 3914 in
580 3861 681 3914 fide
712 3869 767 3914 et
795 3860 1084 3920 intellectu,
1111 3860 1200 3928 qui
1225 3875 1318 3928 per
1342 3873 1400 3913 se
1425 3859 1489 3912 de
1502 3857 1656 3928 longe
1685 3869 1777 3908 ve-

201 3953 376 4016 niunt,
409 3962 463 4005 et
495 3953 564 4004 ad
613 3954 772 4006 tidem
816 3960 1208 4021 congregantur
1255 3969 1268 4005 :
1311 3951 1375 4006 de
1411 3951 1608 4020 quibus
1647 3951 1778 4004 dicit

199 4043 488 4112 Apestolus
533 4060 546 4095 :
586 4061 604 4092 ι
640 4042 709 4095 Et
738 4042 783 4095 si
812 4020 1009 4096 multos
1041 4020 1248 4096 habetis
1278 4051 1460 4110 patres
1483 4041 1775 4095 secundum

203 4149 443 4198 carnem,
471 4143 647 4186 tamen
673 4148 768 4202 per
787 4133 1133 4202 Evangelium
1155 4147 1254 4201 ego
1273 4147 1370 4186 vos
1390 4133 1546 4202 genui
1574 4130 1622 4202 (I
1651 4128 1774 4184 Cor.

204 4229 299 4294 iv).
343 4244 361 4274 ι
397 4224 544 4278 Filia:
580 4239 707 4278 vero
734 4222 818 4277 lac.
855 4230 1108 4294 sugentes
1134 4222 1333 4276 anima:
1371 4231 1496 4276 sunt
1538 4221 1777 4276 fidelium

205 4316 486 4385 utriusque
519 4330 698 4378 sexus,
730 4313 1015 4378 lactentes,
1057 4315 1109 4368 id
1141 4323 1241 4377 est,
1271 4315 1565 4384 simplicem
1597 4315 1776 4369 cibum

204 4415 527 4477 qumrentes,
574 4407 769 4477 quibus
802 4407 933 4459 dicit
971 4405 1242 4475 apostolus
1271 4405 1470 4459 Paulus
1517 4423 1530 4457 :
1578 4422 1595 4454 ι
1632 4404 1776 4457 Tan-

203 4518 365 4572 quam
397 4501 636 4570 parvulis
665 4502 717 4554 in
765 4500 983 4554 Christo
1009 4501 1093 4554 lac
1125 4499 1276 4553 vobis
1311 4509 1496 4568 potum
1521 4499 1641 4553 dedi
1670 4515 1774 4553 non

1871 3300 2188 3370 intelligitur
2218 3315 2315 3369 per
2343 3316 2512 3365 mare,
2537 3301 2796 3356 fortitudo
2821 3303 3060 3370 gentium
3085 3305 3294 3357 venerit
3319 3306 3439 3369 tibi,

1872 3407 2026 3462 reges
2047 3393 2324 3456 videlicet,
2352 3394 2622 3463 principes
2644 3410 2708 3448 ac
2726 3402 3021 3464 potestates
3051 3397 3210 3467 hujus
3236 3398 3437 3452 seculi.

1947 3501 1966 3534 ι
2009 3484 2324 3548 lnundatio,
2376 3503 2393 3534 ι
2444 3485 2497 3538 id
2539 3494 2623 3538 est
2662 3486 2989 3540 abundantia
3038 3504 3057 3537 ι
3105 3488 3438 3542 camelorum

1871 3574 2080 3644 operiet
2119 3583 2170 3628 te
2211 3595 2229 3625 ι
2285 3575 2397 3628 sive
2445 3577 2750 3641 exornabit,
2789 3596 2808 3628 ‹
2863 3577 3187 3634 dromedarii
3227 3578 3439 3635 Madian

1872 3675 1927 3719 et
1959 3666 2130 3736 Epha.
2159 3667 2358 3722 Omnes
2381 3668 2445 3721 de
2475 3667 2617 3721 Saba
2637 3672 2875 3734 venient,
2907 3685 3099 3724 aurum
3126 3680 3183 3725 et
3208 3672 3329 3727 thus
3356 3673 3444 3728 de-

1873 3763 2131 3829 ferentes,
2159 3772 2214 3818 et
2248 3763 2459 3817 laudem
2495 3764 2721 3818 Domino
2759 3767 3160 3822 annuntiantes.
3199 3786 3218 3819 ι
3250 3768 3443 3822 Came-

1875 3857 1958 3911 lus
2005 3855 2206 3910 animal
2255 3865 2339 3910 est
2383 3856 2666 3926 gibbosum
2693 3897 2709 3921 ,
2759 3872 2925 3911 onera
2972 3868 3248 3913 assuetum
3275 3861 3440 3914 ferre.

1875 3949 2106 4018 Ideoque
2153 3963 2250 4018 per
2297 3949 2530 4003 camelos
2575 3964 2682 4003 non
2731 3949 3025 4020 incongrue
3071 3951 3445 4021 intelliguntur

1877 4040 2068 4094 divites
2095 4039 2253 4107 hujus
2281 4039 2484 4104 saeculi,
2516 4041 2608 4109 qui
2635 4055 2798 4094 onera
2825 4041 3134 4096 divitiarum
3157 4054 3215 4098 et
3246 4059 3444 4114 pecca-

1880 4142 2056 4186 torum
2099 4139 2353 4201 portant,
2400 4140 2458 4185 ut
2498 4133 2708 4201 possint
2734 4132 2916 4186 dicere
2954 4148 3076 4187 cum
3117 4133 3442 4190 Psalmista:

1884 4243 1902 4274 ι
1935 4224 2200 4288 Quoniam
2230 4223 2543 4292 iniquitates
2576 4237 2710 4278 mea:
2735 4238 3098 4293 supergressa:
3133 4234 3260 4278 sunt
3285 4236 3445 4296 caput

1881 4330 2079 4380 meum,
2127 4314 2268 4367 sicut
2314 4327 2452 4366 onus
2495 4323 2658 4382 graVe
2705 4322 2940 4381 gravatae
2983 4322 3108 4366 sunt
3157 4330 3320 4383 super
3361 4333 3446 4370 inc

1881 4405 2051 4478 (Psal.
2081 4403 2309 4474 xxxvii).
2347 4423 2365 4455 ι
2396 4403 2471 4456 De
2501 4403 2618 4456 istis
2647 4403 2866 4456 camelis
2905 4403 3006 4457 fuit
3050 4403 3332 4460 Matthaeus
3354 4423 3447 4475 qui

1879 4501 1945 4553 de
1996 4498 2287 4553 teloneario
2340 4497 2514 4550 factus
2569 4503 2654 4549 est
2694 4495 2971 4565 Evangelii
3012 4497 3333 4566 praadicator
3392 4511 3448 4554 et

203 4607 406 4654 escam,
432 4593 668 4646 nondum
707 4590 849 4642 enim
877 4590 1136 4658 poteratis
1167 4588 1218 4659 (I
1240 4586 1361 4640 Cor.
1397 4588 1502 4659 ιιι).
1543 4608 1560 4638 ι
1586 4588 1654 4642 Ει
1677 4587 1776 4642 Pe-
1809 4575 1853 4632 Ι)
1880 4591 2130 4659 scriptor,
2161 4598 2214 4642 et
2252 4586 2449 4656 Joseph
2487 4586 2554 4640 ab
2575 4586 2897 4651 Arimathia,
2929 4595 2985 4641 et
3027 4587 3100 4640 illi
3146 4589 3212 4642 de
3252 4590 3448 4657 quibus

204 4695 324 4739 trus
355 4703 368 4738 :
402 4702 421 4734 ι
465 4683 628 4749 Quasi
673 4681 832 4736 modo
859 4681 1022 4750 geniti
1054 4679 1306 4744 infantes,
1340 4679 1422 4734 lac
1448 4679 1780 4748 concupisci-

203 4775 277 4827 tis
307 4773 356 4843 (Ι
385 4771 530 4826 l’etr.
555 4773 636 4842 ιι).
667 4791 684 4822 ι
721 4770 896 4823 Tener
923 4769 1124 4823 etenim
1143 4769 1294 4822 cibus
1321 4777 1405 4821 est
1428 4769 1660 4836 cognitio
1683 4769 1780 4820 hu-

204 4864 484 4918 manitatis
512 4861 625 4914 Dei.
654 4859 869 4914 Solidus
896 4873 1042 4924 vero,
1067 4859 1134 4912 de
1162 4857 1279 4925 ejus
1304 4858 1601 4910 divinitate.
1641 4857 1782 4910 Dici-

207 4967 296 5009 tu-r
346 4969 476 5024 ergo
547 4951 832 5022 primitiva:
888 4948 1142 5004 Ecclesia:
1192 4965 1204 5000 :
1261 4947 1380 5000 Filii
1432 4947 1504 4999 tui
1557 4945 1781 5016 gentiles

203 5053 272 5103 de
313 5047 468 5116 longe
499 5046 714 5099 venient
734 5044 801 5097 ad
836 5051 886 5097 te
906 5057 1003 5112 per
1028 5041 1184 5096 fidem
1211 5041 1278 5094 ab
1303 5038 1604 5093 idololatria
1635 5051 1780 5090 rece-

205 5136 403 5198 deudo,
444 5145 499 5189 et
533 5134 655 5188 lilia:
695 5142 798 5187 tua:
826 5134 1018 5186 animae
1048 5131 1282 5184 fidelium
1320 5128 1641 5197 simplicium
1671 5128 1772 5190 lac,

206 5229 261 5280 id
291 5235 394 5289 est,
423 5225 720 5294 simplicem
746 5223 1046 5277 doctrinam
1069 5230 1278 5291 sugent.
1327 5219 1480 5285 Quod
1510 5219 1555 5272 si
1585 5218 1777 5272 dixeri-

207 5332 349 5379 mus,
377 5323 432 5368 et
458 5313 578 5366 lilia:
600 5321 704 5366 tua:
723 5313 788 5366 de
815 5312 982 5366 latere
1007 5319 1246 5381 surgent,
1274 5310 1416 5380 quod
1443 5308 1660 5377 quidam
1687 5323 1778 5362 co-

209 5410 360 5462 dices
406 5405 636 5467 habent,
684 5403 756 5455 ita
803 5403 908 5456 erit
952 5403 1398 5472 intelligendum:
1438 5400 1689 5469 Legimus
1723 5400 1776 5453 in

208 5497 500 5566 Evangelio
523 5493 744 5547 Joannis
761 5494 899 5564 (cap.
923 5498 1036 5562 xix)
1050 5495 1191 5561 quod
1217 5512 1235 5542 ι
1263 5509 1398 5546 unus
1421 5493 1645 5546 militum
1664 5492 1777 5544 lan-

209 5606 308 5646 cea
322 5589 461 5643 latus
475 5585 672 5640 Christi
689 5587 916 5654 aperuit,
940 5605 957 5634 ι
985 5586 1272 5653 statimque
1287 5583 1538 5652 profluxit
1559 5585 1777 5653 sanguis

214 5677 598 5748 redemptionis
623 5684 675 5728 et
700 5691 836 5744 aqua
855 5676 1259 5745 baptismatis,e
1288 5674 1482 5743 quibus
1509 5673 1772 5729 aulificata

215 5783 296 5828 est
320 5771 556 5840 Ecclesia
588 5787 600 5822 :
639 5769 778 5823 sicut
802 5769 908 5821 Eva
943 5777 1112 5821 mater
1148 5768 1386 5822 omnium
1413 5783 1476 5820 cx
1507 5776 1655 5822 costa
1695 5767 1771 5820 la-

611 5867 881 5925 l‘nnot.
927 5864 1121 5925 CXVI

1879 4681 2136 4734 Dominus
2167 4679 2302 4733 dixit
2331 4697 2343 4730 :
2381 4696 2400 4728 ι
2435 4676 2668 4732 Facilius
2688 4685 2772 4730 est
2790 4659 3055 4730 camelu‘m
3083 4692 3179 4745 per
3200 4676 3445 4732 foramen

1881 4786 2009 4824 acus
2040 4771 2292 4836 transire,
2325 4784 2490 4839 quam
2526 4767 2746 4822 divitem
2773 4767 2976 4821 intrare
3015 4768 3068 4822 in
3101 4783 3322 4840 regnum
3353 4771 3444 4824 Dei

1881 4859 2096 4929 (Matth.
2129 4860 2263 4929 xu).
2302 4879 2320 4910 ι
2358 4857 2762 4920 Dromedarius,
2792 4856 2879 4911 vel
2911 4858 3128 4912 dromas
3149 4861 3443 4914 dromadis.

1881 4949 2023 5016 quod
2054 4957 2339 5018 utrumque
2369 4947 2516 5012 facit,
2546 4947 2747 5000 animal
2777 4956 2860 5001 est
2890 4948 3066 5002 minus
3091 4951 3319 5016 camelo,
3349 4954 3449 5007 sed

1885 5040 2139 5094 velocius.
2172 5039 2402 5107 Ideoque
2430 5055 2526 5108 per
2570 5039 2940 5094 dromedarios
2961 5040 3217 5095 debemus
3251 5042 3447 5098 intelli-

1880 5145 2006 5200 gere
2032 5130 2277 5201 gentiles,
2306 5131 2396 5198 qui
2423 5130 2676 5183 velociter
2702 5129 2774 5182 ad
2797 5128 2957 5183 [idem
2987 5128 3200 5185 Domini
3222 5148 3448 5190 concur-

1884 5233 2087 5278 rerunt.
2112 5223 2324 5278 Madian
2378 5233 2432 5277 et
2474 5223 2622 5292 Epha
2661 5223 2908 5292 regiones
2945 5231 3072 5276 sunt
3119 5233 3270 5280 trans
3310 5231 3448 5282 Ara-

1882 5316 2048 5380 biam,
2098 5314 2433 5368 abundantes
2477 5313 2696 5368 eamelis
2739 5327 2802 5366 ac
2836 5312 3217 5380 dromedariis,
3245 5321 3449 5372 omnis~

1884 5420 1988 5473 que
2041 5405 2314 5474 provincia
2371 5405 2672 5474 appellatur
2725 5402 2867 5456 Saba
2901 5443 2916 5468 ,
2963 5405 3030 5458 de
3073 5421 3182 5474 qua
3241 5405 3342 5460 fuit
3394 5422 3450 5464 et

1883 5497 2070 5565 regina
2112 5495 2254 5551 Saba
2285 5537 2301 5561 ,
2347 5512 2466 5565 qua:
2499 5496 2647 5549 venit
2695 5495 2883 5549 audire
2925 5497 3244 5566 sapientiam
3296 5502 3450 5556 Salo-

1885 5589 2076 5640 monis.
2137 5585 2240 5639 Per
2292 5602 2428 5655 quas
2487 5586 2735 5654 regiones
2793 5585 3239 5654 significabatur,
3301 5597 3445 5660 quod

1881 5697 2069 5748 omnes
2098 5693 2286 5753 gentes
2333 5692 2388 5738 et
2438 5685 2683 5753 regiones
2721 5686 2788 5738 ad
2836 5685 3048 5739 Domini
3097 5685 3255 5741 fidem
3287 5703 3448 5745 erant

1885 5783 2140 5828 ventum.
2193 5774 2303 5828 Nec
2350 5783 2506 5828 vacat
2549 5791 2578 5828 a
2624 5775 2900 5854 mysterio,
2951 5777 3094 5842 quod
3148 5793 3336 5832 aurum
3389 5792 3446 5838 et

2932 5869 3007 5928 33
