  <div class='ocr_page' id='page_1' title='image "/cluster/home/n/w/nwhite01/storage/ocr_20150623/116/hvd.32044015466881/519.png"; bbox 0 0 4016 6444; ppageno 0'>
   <div class='ocr_carea' id='block_1_1' title="bbox 585 396 723 452">
    <p class='ocr_par' dir='ltr' id='par_1_1' title="bbox 585 396 723 452">
     <span class='ocr_line' id='line_1_1' title="bbox 585 396 723 452; baseline -0.007 -2"><span class='ocrx_word' id='word_1_1' title='bbox 585 396 723 452; x_wconf 74' lang='grc'><strong>1035</strong></span> 
     </span>
    </p>
   </div>
   <div class='ocr_carea' id='block_1_2' title="bbox 1040 356 3359 450">
    <p class='ocr_par' dir='ltr' id='par_1_2' title="bbox 1040 356 3359 450">
     <span class='ocr_line' id='line_1_2' title="bbox 1040 356 3359 450; baseline -0.004 -2"><span class='ocrx_word' id='word_1_2' title='bbox 1040 393 1395 450; x_wconf 73' lang='lat' dir='ltr'><strong>HAYMONlS</strong></span> <span class='ocrx_word' id='word_1_3' title='bbox 1436 390 1909 447; x_wconf 77' lang='lat' dir='ltr'><strong>HALBERSTAT.</strong></span> <span class='ocrx_word' id='word_1_4' title='bbox 1951 386 2162 443; x_wconf 84' lang='lat' dir='ltr'><strong>EPISC.</strong></span> <span class='ocrx_word' id='word_1_5' title='bbox 2205 388 2355 445; x_wconf 83' lang='lat' dir='ltr'><strong>OPP.</strong></span> <span class='ocrx_word' id='word_1_6' title='bbox 2391 390 2571 445; x_wconf 77' lang='lat' dir='ltr'><strong>PARS</strong></span> <span class='ocrx_word' id='word_1_7' title='bbox 2608 390 2648 443; x_wconf 87' lang='lat' dir='ltr'><strong>l.</strong></span> <span class='ocrx_word' id='word_1_8' title='bbox 2690 420 2757 427; x_wconf 91' lang='lat'><strong>—</strong></span> <span class='ocrx_word' id='word_1_9' title='bbox 2792 356 3148 444; x_wconf 59' lang='lat' dir='ltr'><strong>COMMENT.</strong></span> <span class='ocrx_word' id='word_1_10' title='bbox 3187 386 3359 440; x_wconf 76' lang='lat' dir='ltr'><strong>BIBL.</strong></span> 
     </span>
    </p>
   </div>
   <div class='ocr_carea' id='block_1_3' title="bbox 3687 385 3825 443">
    <p class='ocr_par' dir='ltr' id='par_1_3' title="bbox 3687 385 3825 443">
     <span class='ocr_line' id='line_1_3' title="bbox 3687 385 3825 443; baseline 0.029 -4"><span class='ocrx_word' id='word_1_11' title='bbox 3687 385 3825 443; x_wconf 71' lang='lat'><strong>1036</strong></span> 
     </span>
    </p>
   </div>
   <div class='ocr_carea' id='block_1_4' title="bbox 582 500 3821 579">
    <p class='ocr_par' dir='ltr' id='par_1_4' title="bbox 582 500 3821 579">
     <span class='ocr_line' id='line_1_4' title="bbox 582 500 3821 579; baseline -0.002 -13"><span class='ocrx_word' id='word_1_12' title='bbox 582 515 708 568; x_wconf 88' lang='lat' dir='ltr'><strong>thus</strong></span> <span class='ocrx_word' id='word_1_13' title='bbox 736 512 989 566; x_wconf 89' lang='lat' dir='ltr'><strong>dicuntur</strong></span> <span class='ocrx_word' id='word_1_14' title='bbox 1026 510 1241 567; x_wconf 83' lang='lat' dir='ltr'><strong>oﬁ‘erre.</strong></span> <span class='ocrx_word' id='word_1_15' title='bbox 1290 510 1395 565; x_wconf 86' lang='lat' dir='ltr'><strong>Per</strong></span> <span class='ocrx_word' id='word_1_16' title='bbox 1435 526 1625 565; x_wconf 90' lang='lat' dir='ltr'><strong>aurum</strong></span> <span class='ocrx_word' id='word_1_17' title='bbox 1656 508 1921 578; x_wconf 85' lang='lat' dir='ltr'><strong>siquidem</strong></span> <span class='ocrx_word' id='word_1_18' title='bbox 1950 507 2145 563; x_wconf 90' lang='lat' dir='ltr'><strong>intelli-</strong></span> <span class='ocrx_word' id='word_1_19' title='bbox 2173 514 2221 573; x_wconf 78' lang='grc' dir='ltr'>Α</span> <span class='ocrx_word' id='word_1_20' title='bbox 2248 524 2344 579; x_wconf 90' lang='lat' dir='ltr'><strong>per</strong></span> <span class='ocrx_word' id='word_1_21' title='bbox 2370 510 2746 572; x_wconf 76' lang='lat' dir='ltr'><strong>imitationem,</strong></span> <span class='ocrx_word' id='word_1_22' title='bbox 2793 525 2954 579; x_wconf 85' lang='lat' dir='ltr'><strong>super</strong></span> <span class='ocrx_word' id='word_1_23' title='bbox 2996 500 3257 578; x_wconf 78' lang='lat' dir='ltr'><strong>placabile</strong></span> <span class='ocrx_word' id='word_1_24' title='bbox 3313 503 3485 557; x_wconf 82' lang='lat' dir='ltr'><strong>altare</strong></span> <span class='ocrx_word' id='word_1_25' title='bbox 3538 518 3736 570; x_wconf 83' lang='lat' dir='ltr'><strong>meum,</strong></span> <span class='ocrx_word' id='word_1_26' title='bbox 3766 505 3821 560; x_wconf 89' lang='lat' dir='ltr'><strong>id</strong></span> 
     </span>
    </p>
   </div>
   <div class='ocr_carea' id='block_1_5' title="bbox 580 599 2153 672">
    <p class='ocr_par' dir='ltr' id='par_1_5' title="bbox 580 599 2153 672">
     <span class='ocr_line' id='line_1_5' title="bbox 580 599 2153 672; baseline -0.003 -15"><span class='ocrx_word' id='word_1_27' title='bbox 580 604 726 672; x_wconf 87' lang='lat' dir='ltr'><strong>gitur</strong></span> <span class='ocrx_word' id='word_1_28' title='bbox 754 617 943 659; x_wconf 90' lang='lat' dir='ltr'><strong>sensus</strong></span> <span class='ocrx_word' id='word_1_29' title='bbox 971 601 1115 663; x_wconf 86' lang='lat' dir='ltr'><strong>ﬁdei,</strong></span> <span class='ocrx_word' id='word_1_30' title='bbox 1148 617 1245 670; x_wconf 91' lang='lat' dir='ltr'><strong>per</strong></span> <span class='ocrx_word' id='word_1_31' title='bbox 1282 603 1405 655; x_wconf 90' lang='lat' dir='ltr'><strong>thus</strong></span> <span class='ocrx_word' id='word_1_32' title='bbox 1433 600 1705 655; x_wconf 87' lang='lat' dir='ltr'><strong>orationes</strong></span> <span class='ocrx_word' id='word_1_33' title='bbox 1750 600 1982 667; x_wconf 67' lang='lat' dir='ltr'><strong>mundae,</strong></span> <span class='ocrx_word' id='word_1_34' title='bbox 2014 599 2153 654; x_wconf 83' lang='lat' dir='ltr'><strong>sicut</strong></span> 
     </span>
    </p>
   </div>
   <div class='ocr_carea' id='block_1_6' title="bbox 581 689 2154 760">
    <p class='ocr_par' dir='ltr' id='par_1_6' title="bbox 581 689 2154 760">
     <span class='ocr_line' id='line_1_6' title="bbox 581 689 2154 760; baseline -0.002 -14"><span class='ocrx_word' id='word_1_35' title='bbox 581 690 867 746; x_wconf 85' lang='lat' dir='ltr'><strong>Psalmista</strong></span> <span class='ocrx_word' id='word_1_36' title='bbox 904 691 1144 745; x_wconf 82' lang='lat' dir='ltr'><strong>declarat</strong></span> <span class='ocrx_word' id='word_1_37' title='bbox 1179 704 1194 743; x_wconf 91' lang='lat'><strong>:</strong></span> <span class='ocrx_word' id='word_1_38' title='bbox 1243 711 1261 741; x_wconf 75' lang='grc' dir='ltr'><strong>ι</strong></span> <span class='ocrx_word' id='word_1_39' title='bbox 1296 689 1568 760; x_wconf 86' lang='lat' dir='ltr'><strong>Dirigatnr</strong></span> <span class='ocrx_word' id='word_1_40' title='bbox 1602 690 1781 745; x_wconf 86' lang='lat' dir='ltr'><strong>oratio</strong></span> <span class='ocrx_word' id='word_1_41' title='bbox 1818 704 1968 755; x_wconf 88' lang='lat' dir='ltr'><strong>mea,</strong></span> <span class='ocrx_word' id='word_1_42' title='bbox 2013 690 2154 745; x_wconf 90' lang='lat' dir='ltr'><strong>sicut</strong></span> 
     </span>
    </p>
   </div>
   <div class='ocr_carea' id='block_1_7' title="bbox 579 779 2153 850">
    <p class='ocr_par' dir='ltr' id='par_1_7' title="bbox 579 779 2153 850">
     <span class='ocr_line' id='line_1_7' title="bbox 579 779 2153 850; baseline -0.002 -14"><span class='ocrx_word' id='word_1_43' title='bbox 579 782 861 837; x_wconf 75' lang='lat' dir='ltr'><strong>incensum</strong></span> <span class='ocrx_word' id='word_1_44' title='bbox 889 780 943 838; x_wconf 88' lang='lat' dir='ltr'><strong>in</strong></span> <span class='ocrx_word' id='word_1_45' title='bbox 967 788 1256 849; x_wconf 86' lang='lat' dir='ltr'><strong>conspectu</strong></span> <span class='ocrx_word' id='word_1_46' title='bbox 1280 790 1391 836; x_wconf 93' lang='lat' dir='ltr'><strong>tuo.</strong></span> <span class='ocrx_word' id='word_1_47' title='bbox 1428 800 1448 831; x_wconf 74' lang='grc' dir='ltr'><strong>ι</strong></span> <span class='ocrx_word' id='word_1_48' title='bbox 1474 779 1684 834; x_wconf 87' lang='lat' dir='ltr'><strong>Madian</strong></span> <span class='ocrx_word' id='word_1_49' title='bbox 1708 779 1955 850; x_wconf 78' lang='lat' dir='ltr'><strong>iniquitas</strong></span> <span class='ocrx_word' id='word_1_50' title='bbox 1986 779 2153 834; x_wconf 90' lang='lat' dir='ltr'><strong>inter-</strong></span> 
     </span>
    </p>
   </div>
   <div class='ocr_carea' id='block_1_8' title="bbox 576 855 2151 940">
    <p class='ocr_par' dir='ltr' id='par_1_8' title="bbox 576 855 2151 940">
     <span class='ocr_line' id='line_1_8' title="bbox 576 855 2151 940; baseline -0.002 -18"><span class='ocrx_word' id='word_1_51' title='bbox 576 877 852 938; x_wconf 88' lang='lat' dir='ltr'><strong>pretatur;</strong></span> <span class='ocrx_word' id='word_1_52' title='bbox 890 869 1039 940; x_wconf 84' lang='lat' dir='ltr'><strong>Epha</strong></span> <span class='ocrx_word' id='word_1_53' title='bbox 1087 869 1344 924; x_wconf 80' lang='lat' dir='ltr'><strong>resolutus</strong></span> <span class='ocrx_word' id='word_1_54' title='bbox 1388 855 1473 923; x_wconf 77' lang='lat' dir='ltr'><strong>vel</strong></span> <span class='ocrx_word' id='word_1_55' title='bbox 1515 868 1820 937; x_wconf 72' lang='lat' dir='ltr'><strong>eﬂ&#39;undens;</strong></span> <span class='ocrx_word' id='word_1_56' title='bbox 1861 867 2025 932; x_wconf 90' lang='lat' dir='ltr'><strong>Saba,</strong></span> <span class='ocrx_word' id='word_1_57' title='bbox 2064 883 2151 919; x_wconf 84' lang='lat' dir='ltr'><strong>ca-</strong></span> 
     </span>
    </p>
   </div>
   <div class='ocr_carea' id='block_1_9' title="bbox 568 958 2153 1030">
    <p class='ocr_par' dir='ltr' id='par_1_9' title="bbox 568 958 2153 1030">
     <span class='ocr_line' id='line_1_9' title="bbox 568 958 2153 1030; baseline -0.002 -15"><span class='ocrx_word' id='word_1_58' title='bbox 568 962 784 1030; x_wconf 73' lang='lat' dir='ltr'><strong>ptivitas</strong></span> <span class='ocrx_word' id='word_1_59' title='bbox 807 960 891 1017; x_wconf 91' lang='lat' dir='ltr'><strong>vel</strong></span> <span class='ocrx_word' id='word_1_60' title='bbox 914 962 1198 1015; x_wconf 73' lang='lat' dir='ltr'><strong>conversio.</strong></span> <span class='ocrx_word' id='word_1_61' title='bbox 1219 959 1423 1030; x_wconf 86' lang='lat' dir='ltr'><strong>Greges</strong></span> <span class='ocrx_word' id='word_1_62' title='bbox 1444 959 1607 1029; x_wconf 79' lang='lat' dir='ltr'><strong>igitur</strong></span> <span class='ocrx_word' id='word_1_63' title='bbox 1618 958 1947 1014; x_wconf 84' lang='lat' dir='ltr'><strong>camelorum</strong></span> <span class='ocrx_word' id='word_1_64' title='bbox 1959 965 2012 1012; x_wconf 91' lang='lat' dir='ltr'><strong>et</strong></span> <span class='ocrx_word' id='word_1_65' title='bbox 2029 958 2153 1012; x_wconf 89' lang='lat' dir='ltr'><strong>dro-</strong></span> 
     </span>
    </p>
   </div>
   <div class='ocr_carea' id='block_1_10' title="bbox 575 1047 2148 1119">
    <p class='ocr_par' dir='ltr' id='par_1_10' title="bbox 575 1047 2148 1119">
     <span class='ocr_line' id='line_1_10' title="bbox 575 1047 2148 1119; baseline -0.003 -15"><span class='ocrx_word' id='word_1_66' title='bbox 575 1051 944 1106; x_wconf 88' lang='lat' dir='ltr'><strong>medariorum</strong></span> <span class='ocrx_word' id='word_1_67' title='bbox 961 1090 976 1115; x_wconf 89' lang='lat'><strong>,</strong></span> <span class='ocrx_word' id='word_1_68' title='bbox 1001 1050 1054 1106; x_wconf 89' lang='lat' dir='ltr'><strong>id</strong></span> <span class='ocrx_word' id='word_1_69' title='bbox 1079 1058 1163 1106; x_wconf 91' lang='lat' dir='ltr'><strong>est</strong></span> <span class='ocrx_word' id='word_1_70' title='bbox 1189 1050 1382 1105; x_wconf 83' lang='lat' dir='ltr'><strong>divites</strong></span> <span class='ocrx_word' id='word_1_71' title='bbox 1406 1048 1566 1119; x_wconf 85' lang='lat' dir='ltr'><strong>hujus</strong></span> <span class='ocrx_word' id='word_1_72' title='bbox 1601 1047 1780 1103; x_wconf 66' lang='lat' dir='ltr'><strong>saeculi</strong></span> <span class='ocrx_word' id='word_1_73' title='bbox 1803 1056 1858 1102; x_wconf 93' lang='lat' dir='ltr'><strong>et</strong></span> <span class='ocrx_word' id='word_1_74' title='bbox 1880 1055 2148 1116; x_wconf 90' lang='lat' dir='ltr'><strong>potentes,</strong></span> 
     </span>
    </p>
   </div>
   <div class='ocr_carea' id='block_1_11' title="bbox 575 1135 2149 1211">
    <p class='ocr_par' dir='ltr' id='par_1_11' title="bbox 575 1135 2149 1211">
     <span class='ocr_line' id='line_1_11' title="bbox 575 1135 2149 1211; baseline -0.004 -16"><span class='ocrx_word' id='word_1_75' title='bbox 575 1154 876 1210; x_wconf 82' lang='lat' dir='ltr'><strong>omnesque</strong></span> <span class='ocrx_word' id='word_1_76' title='bbox 916 1139 1145 1211; x_wconf 78' lang='lat' dir='ltr'><strong>gentiles</strong></span> <span class='ocrx_word' id='word_1_77' title='bbox 1193 1139 1283 1209; x_wconf 91' lang='lat' dir='ltr'><strong>qui</strong></span> <span class='ocrx_word' id='word_1_78' title='bbox 1334 1137 1589 1193; x_wconf 84' lang='lat' dir='ltr'><strong>velociter</strong></span> <span class='ocrx_word' id='word_1_79' title='bbox 1635 1137 1701 1191; x_wconf 92' lang='lat' dir='ltr'><strong>ad</strong></span> <span class='ocrx_word' id='word_1_80' title='bbox 1737 1135 1939 1192; x_wconf 83' lang='lat' dir='ltr'><strong>Christi</strong></span> <span class='ocrx_word' id='word_1_81' title='bbox 1988 1135 2149 1190; x_wconf 87' lang='lat' dir='ltr'><strong>ﬁdem</strong></span> 
     </span>
    </p>
   </div>
   <div class='ocr_carea' id='block_1_12' title="bbox 577 1226 2149 1297">
    <p class='ocr_par' dir='ltr' id='par_1_12' title="bbox 577 1226 2149 1297">
     <span class='ocr_line' id='line_1_12' title="bbox 577 1226 2149 1297; baseline -0.001 -15"><span class='ocrx_word' id='word_1_82' title='bbox 577 1237 868 1294; x_wconf 85' lang='lat' dir='ltr'><strong>venerunt,</strong></span> <span class='ocrx_word' id='word_1_83' title='bbox 896 1229 1150 1284; x_wconf 81' lang='lat' dir='ltr'><strong>resolutis</strong></span> <span class='ocrx_word' id='word_1_84' title='bbox 1178 1228 1410 1284; x_wconf 82' lang='lat' dir='ltr'><strong>vinculis</strong></span> <span class='ocrx_word' id='word_1_85' title='bbox 1449 1227 1749 1297; x_wconf 88' lang='lat' dir='ltr'><strong>iniquitatis</strong></span> <span class='ocrx_word' id='word_1_86' title='bbox 1791 1226 1999 1282; x_wconf 87' lang='lat' dir='ltr'><strong>animas</strong></span> <span class='ocrx_word' id='word_1_87' title='bbox 2023 1241 2149 1281; x_wconf 87' lang='lat' dir='ltr'><strong>suas</strong></span> 
     </span>
    </p>
   </div>
   <div class='ocr_carea' id='block_1_13' title="bbox 578 1315 2152 1385">
    <p class='ocr_par' dir='ltr' id='par_1_13' title="bbox 578 1315 2152 1385">
     <span class='ocr_line' id='line_1_13' title="bbox 578 1315 2152 1385; baseline -0.003 -11"><span class='ocrx_word' id='word_1_88' title='bbox 578 1317 884 1374; x_wconf 74' lang='lat' dir='ltr'><strong>eﬁ‘uderunt</strong></span> <span class='ocrx_word' id='word_1_89' title='bbox 927 1319 1173 1384; x_wconf 91' lang='lat' dir='ltr'><strong>Domino,</strong></span> <span class='ocrx_word' id='word_1_90' title='bbox 1221 1327 1277 1373; x_wconf 91' lang='lat' dir='ltr'><strong>et</strong></span> <span class='ocrx_word' id='word_1_91' title='bbox 1320 1332 1510 1373; x_wconf 91' lang='lat' dir='ltr'><strong>omnes</strong></span> <span class='ocrx_word' id='word_1_92' title='bbox 1534 1323 1868 1372; x_wconf 85' lang='lat' dir='ltr'><strong>revertentes</strong></span> <span class='ocrx_word' id='word_1_93' title='bbox 1896 1315 1962 1370; x_wconf 92' lang='lat' dir='ltr'><strong>de</strong></span> <span class='ocrx_word' id='word_1_94' title='bbox 1987 1315 2152 1385; x_wconf 87' lang='lat' dir='ltr'><strong>capti-</strong></span> 
     </span>
    </p>
   </div>
   <div class='ocr_carea' id='block_1_14' title="bbox 572 1410 2149 1468">
    <p class='ocr_par' dir='ltr' id='par_1_14' title="bbox 572 1410 2149 1468">
     <span class='ocr_line' id='line_1_14' title="bbox 572 1410 2149 1468; baseline -0.001 -2"><span class='ocrx_word' id='word_1_95' title='bbox 572 1412 742 1467; x_wconf 81' lang='lat' dir='ltr'><strong>vitate</strong></span> <span class='ocrx_word' id='word_1_96' title='bbox 770 1412 969 1468; x_wconf 89' lang='lat' dir='ltr'><strong>diaboli</strong></span> <span class='ocrx_word' id='word_1_97' title='bbox 998 1420 1054 1468; x_wconf 92' lang='lat' dir='ltr'><strong>et</strong></span> <span class='ocrx_word' id='word_1_98' title='bbox 1092 1427 1203 1468; x_wconf 73' lang='lat' dir='ltr'><strong>sua:</strong></span> <span class='ocrx_word' id='word_1_99' title='bbox 1246 1410 1674 1466; x_wconf 85' lang='lat' dir='ltr'><strong>conversationis</strong></span> <span class='ocrx_word' id='word_1_100' title='bbox 1697 1425 1894 1465; x_wconf 90' lang='lat' dir='ltr'><strong>munus</strong></span> <span class='ocrx_word' id='word_1_101' title='bbox 1923 1410 2149 1464; x_wconf 89' lang='lat' dir='ltr'><strong>Domino</strong></span> 
     </span>
    </p>
   </div>
   <div class='ocr_carea' id='block_1_15' title="bbox 574 1502 2148 1572">
    <p class='ocr_par' dir='ltr' id='par_1_15' title="bbox 574 1502 2148 1572">
     <span class='ocr_line' id='line_1_15' title="bbox 574 1502 2148 1572; baseline -0.003 -13"><span class='ocrx_word' id='word_1_102' title='bbox 574 1502 887 1570; x_wconf 85' lang='lat' dir='ltr'><strong>oﬁ&#39;erentes,</strong></span> <span class='ocrx_word' id='word_1_103' title='bbox 931 1504 986 1559; x_wconf 88' lang='lat' dir='ltr'><strong>id</strong></span> <span class='ocrx_word' id='word_1_104' title='bbox 1031 1512 1114 1559; x_wconf 91' lang='lat' dir='ltr'><strong>est</strong></span> <span class='ocrx_word' id='word_1_105' title='bbox 1140 1517 1241 1572; x_wconf 90' lang='lat' dir='ltr'><strong>per</strong></span> <span class='ocrx_word' id='word_1_106' title='bbox 1268 1502 1428 1559; x_wconf 90' lang='lat' dir='ltr'><strong>ﬁdem</strong></span> <span class='ocrx_word' id='word_1_107' title='bbox 1458 1516 1649 1571; x_wconf 91' lang='lat' dir='ltr'><strong>puram</strong></span> <span class='ocrx_word' id='word_1_108' title='bbox 1686 1516 1807 1572; x_wconf 85' lang='lat' dir='ltr'><strong>quae</strong></span> <span class='ocrx_word' id='word_1_109' title='bbox 1832 1515 1930 1569; x_wconf 91' lang='lat' dir='ltr'><strong>per</strong></span> <span class='ocrx_word' id='word_1_110' title='bbox 1956 1515 2148 1555; x_wconf 91' lang='lat' dir='ltr'><strong>aurum</strong></span> 
     </span>
    </p>
   </div>
   <div class='ocr_carea' id='block_1_16' title="bbox 566 1589 2150 1665">
    <p class='ocr_par' dir='ltr' id='par_1_16' title="bbox 566 1589 2150 1665">
     <span class='ocr_line' id='line_1_16' title="bbox 566 1589 2150 1665; baseline -0.005 -15"><span class='ocrx_word' id='word_1_111' title='bbox 566 1595 912 1665; x_wconf 73' lang='lat' dir='ltr'><strong>designatur,</strong></span> <span class='ocrx_word' id='word_1_112' title='bbox 957 1602 1013 1648; x_wconf 90' lang='lat' dir='ltr'><strong>et</strong></span> <span class='ocrx_word' id='word_1_113' title='bbox 1052 1593 1328 1647; x_wconf 90' lang='lat' dir='ltr'><strong>orationes</strong></span> <span class='ocrx_word' id='word_1_114' title='bbox 1374 1592 1601 1646; x_wconf 89' lang='lat' dir='ltr'><strong>mundas</strong></span> <span class='ocrx_word' id='word_1_115' title='bbox 1625 1604 1744 1659; x_wconf 70' lang='lat' dir='ltr'><strong>quas</strong></span> <span class='ocrx_word' id='word_1_116' title='bbox 1780 1589 2150 1661; x_wconf 81' lang='lat' dir='ltr'><strong>intelliguntur</strong></span> 
     </span>
    </p>
   </div>
   <div class='ocr_carea' id='block_1_17' title="bbox 569 1681 2144 1755">
    <p class='ocr_par' dir='ltr' id='par_1_17' title="bbox 569 1681 2144 1755">
     <span class='ocr_line' id='line_1_17' title="bbox 569 1681 2144 1755; baseline -0.003 -16"><span class='ocrx_word' id='word_1_117' title='bbox 569 1698 670 1755; x_wconf 87' lang='lat' dir='ltr'><strong>per</strong></span> <span class='ocrx_word' id='word_1_118' title='bbox 690 1685 838 1750; x_wconf 92' lang='lat' dir='ltr'><strong>thus,</strong></span> <span class='ocrx_word' id='word_1_119' title='bbox 862 1691 1127 1740; x_wconf 90' lang='lat' dir='ltr'><strong>venerunt</strong></span> <span class='ocrx_word' id='word_1_120' title='bbox 1145 1684 1211 1739; x_wconf 91' lang='lat' dir='ltr'><strong>ad</strong></span> <span class='ocrx_word' id='word_1_121' title='bbox 1240 1681 1491 1737; x_wconf 68' lang='lat' dir='ltr'><strong>Ecclesia:</strong></span> <span class='ocrx_word' id='word_1_122' title='bbox 1510 1681 1796 1752; x_wconf 85' lang='lat' dir='ltr'><strong>primitivae</strong></span> <span class='ocrx_word' id='word_1_123' title='bbox 1812 1681 2144 1745; x_wconf 88' lang='lat' dir='ltr'><strong>societatem,</strong></span> 
     </span>
    </p>
   </div>
   <div class='ocr_carea' id='block_1_18' title="bbox 569 1771 2148 1833">
    <p class='ocr_par' dir='ltr' id='par_1_18' title="bbox 569 1771 2148 1833">
     <span class='ocr_line' id='line_1_18' title="bbox 569 1771 2148 1833; baseline -0.004 -2"><span class='ocrx_word' id='word_1_124' title='bbox 569 1784 626 1832; x_wconf 88' lang='lat' dir='ltr'><strong>et</strong></span> <span class='ocrx_word' id='word_1_125' title='bbox 649 1783 1048 1833; x_wconf 86' lang='lat' dir='ltr'><strong>exornaverunt</strong></span> <span class='ocrx_word' id='word_1_126' title='bbox 1078 1789 1197 1830; x_wconf 88' lang='lat' dir='ltr'><strong>eam</strong></span> <span class='ocrx_word' id='word_1_127' title='bbox 1226 1775 1339 1830; x_wconf 84' lang='lat' dir='ltr'><strong>suis</strong></span> <span class='ocrx_word' id='word_1_128' title='bbox 1378 1772 1713 1829; x_wconf 86' lang='lat' dir='ltr'><strong>orationibus</strong></span> <span class='ocrx_word' id='word_1_129' title='bbox 1749 1779 1804 1827; x_wconf 93' lang='lat' dir='ltr'><strong>et</strong></span> <span class='ocrx_word' id='word_1_130' title='bbox 1831 1772 1945 1827; x_wconf 88' lang='lat' dir='ltr'><strong>suis</strong></span> <span class='ocrx_word' id='word_1_131' title='bbox 1977 1771 2148 1825; x_wconf 89' lang='lat' dir='ltr'><strong>virtu-</strong></span> 
     </span>
    </p>
   </div>
   <div class='ocr_carea' id='block_1_19' title="bbox 2253 592 3823 667">
    <p class='ocr_par' dir='ltr' id='par_1_19' title="bbox 2253 592 3823 667">
     <span class='ocr_line' id='line_1_19' title="bbox 2253 592 3823 667; baseline -0.003 -14"><span class='ocrx_word' id='word_1_132' title='bbox 2253 600 2411 653; x_wconf 88' lang='lat' dir='ltr'><strong>estin</strong></span> <span class='ocrx_word' id='word_1_133' title='bbox 2445 599 2548 653; x_wconf 89' lang='lat' dir='ltr'><strong>lide</strong></span> <span class='ocrx_word' id='word_1_134' title='bbox 2580 608 2725 653; x_wconf 87' lang='lat' dir='ltr'><strong>recta</strong></span> <span class='ocrx_word' id='word_1_135' title='bbox 2758 614 2876 667; x_wconf 69' lang='lat' dir='ltr'><strong>qua:</strong></span> <span class='ocrx_word' id='word_1_136' title='bbox 2921 598 3097 667; x_wconf 80' lang='lat' dir='ltr'><strong>placet</strong></span> <span class='ocrx_word' id='word_1_137' title='bbox 3136 596 3265 653; x_wconf 79' lang='lat' dir='ltr'><strong>Deo,</strong></span> <span class='ocrx_word' id='word_1_138' title='bbox 3297 593 3381 647; x_wconf 91' lang='lat' dir='ltr'><strong>vel</strong></span> <span class='ocrx_word' id='word_1_139' title='bbox 3422 602 3479 645; x_wconf 92' lang='lat' dir='ltr'><strong>ut</strong></span> <span class='ocrx_word' id='word_1_140' title='bbox 3511 592 3707 647; x_wconf 85' lang='lat' dir='ltr'><strong>altario</strong></span> <span class='ocrx_word' id='word_1_141' title='bbox 3733 594 3823 649; x_wconf 82' lang='lat' dir='ltr'><strong>de-</strong></span> 
     </span>
    </p>
   </div>
   <div class='ocr_carea' id='block_1_20' title="bbox 2253 681 3822 757">
    <p class='ocr_par' dir='ltr' id='par_1_20' title="bbox 2253 681 3822 757">
     <span class='ocr_line' id='line_1_20' title="bbox 2253 681 3822 757; baseline -0.004 -13"><span class='ocrx_word' id='word_1_142' title='bbox 2253 690 2509 754; x_wconf 84' lang='lat' dir='ltr'><strong>serviant,</strong></span> <span class='ocrx_word' id='word_1_143' title='bbox 2568 689 2708 743; x_wconf 90' lang='lat' dir='ltr'><strong>sicut</strong></span> <span class='ocrx_word' id='word_1_144' title='bbox 2746 688 2819 742; x_wconf 86' lang='lat' dir='ltr'><strong>illi</strong></span> <span class='ocrx_word' id='word_1_145' title='bbox 2848 689 2937 757; x_wconf 86' lang='lat' dir='ltr'><strong>qui</strong></span> <span class='ocrx_word' id='word_1_146' title='bbox 2968 687 3203 756; x_wconf 85' lang='lat' dir='ltr'><strong>episcopi</strong></span> <span class='ocrx_word' id='word_1_147' title='bbox 3241 687 3479 745; x_wconf 69' lang='lat' dir='ltr'><strong>merunt,</strong></span> <span class='ocrx_word' id='word_1_148' title='bbox 3511 691 3571 735; x_wconf 90' lang='lat' dir='ltr'><strong>ut</strong></span> <span class='ocrx_word' id='word_1_149' title='bbox 3598 696 3631 735; x_wconf 82' lang='lat' dir='ltr'><strong>a</strong></span> <span class='ocrx_word' id='word_1_150' title='bbox 3658 681 3822 737; x_wconf 80' lang='lat' dir='ltr'><strong>Paulo</strong></span> 
     </span>
    </p>
   </div>
   <div class='ocr_carea' id='block_1_21' title="bbox 2250 771 3821 841">
    <p class='ocr_par' dir='ltr' id='par_1_21' title="bbox 2250 771 3821 841">
     <span class='ocr_line' id='line_1_21' title="bbox 2250 771 3821 841; baseline -0.005 -5"><span class='ocrx_word' id='word_1_151' title='bbox 2250 780 2464 836; x_wconf 85' lang='lat' dir='ltr'><strong>oblatus</strong></span> <span class='ocrx_word' id='word_1_152' title='bbox 2489 788 2571 834; x_wconf 91' lang='lat' dir='ltr'><strong>est</strong></span> <span class='ocrx_word' id='word_1_153' title='bbox 2592 780 2743 833; x_wconf 91' lang='lat' dir='ltr'><strong>Titus</strong></span> <span class='ocrx_word' id='word_1_154' title='bbox 2781 788 2836 833; x_wconf 91' lang='lat' dir='ltr'><strong>et</strong></span> <span class='ocrx_word' id='word_1_155' title='bbox 2881 778 3214 841; x_wconf 87' lang='lat' dir='ltr'><strong>Timotheus,</strong></span> <span class='ocrx_word' id='word_1_156' title='bbox 3242 786 3297 831; x_wconf 88' lang='lat' dir='ltr'><strong>et</strong></span> <span class='ocrx_word' id='word_1_157' title='bbox 3333 793 3362 828; x_wconf 92' lang='lat' dir='ltr'><strong>a</strong></span> <span class='ocrx_word' id='word_1_158' title='bbox 3394 773 3560 829; x_wconf 84' lang='lat' dir='ltr'><strong>Petro</strong></span> <span class='ocrx_word' id='word_1_159' title='bbox 3590 771 3821 835; x_wconf 77' lang='lat' dir='ltr'><strong>Marcus,</strong></span> 
     </span>
    </p>
   </div>
   <div class='ocr_carea' id='block_1_22' title="bbox 2251 864 3821 941">
    <p class='ocr_par' dir='ltr' id='par_1_22' title="bbox 2251 864 3821 941">
     <span class='ocr_line' id='line_1_22' title="bbox 2251 864 3821 941; baseline -0.003 -17"><span class='ocrx_word' id='word_1_160' title='bbox 2251 870 2449 939; x_wconf 85' lang='lat' dir='ltr'><strong>aliique</strong></span> <span class='ocrx_word' id='word_1_161' title='bbox 2480 880 2747 941; x_wconf 84' lang='lat' dir='ltr'><strong>martyres</strong></span> <span class='ocrx_word' id='word_1_162' title='bbox 2778 878 2834 923; x_wconf 90' lang='lat' dir='ltr'><strong>et</strong></span> <span class='ocrx_word' id='word_1_163' title='bbox 2861 869 3112 924; x_wconf 88' lang='lat' dir='ltr'><strong>doctores</strong></span> <span class='ocrx_word' id='word_1_164' title='bbox 3149 881 3491 922; x_wconf 89' lang='lat' dir='ltr'><strong>successores</strong></span> <span class='ocrx_word' id='word_1_165' title='bbox 3520 878 3731 919; x_wconf 86' lang='lat' dir='ltr'><strong>eorum.</strong></span> <span class='ocrx_word' id='word_1_166' title='bbox 3756 864 3821 919; x_wconf 80' lang='lat' dir='ltr'><strong>Et</strong></span> 
     </span>
    </p>
   </div>
   <div class='ocr_carea' id='block_1_23' title="bbox 2251 953 3819 1029">
    <p class='ocr_par' dir='ltr' id='par_1_23' title="bbox 2251 953 3819 1029">
     <span class='ocr_line' id='line_1_23' title="bbox 2251 953 3819 1029; baseline -0.002 -14"><span class='ocrx_word' id='word_1_167' title='bbox 2251 963 2490 1024; x_wconf 91' lang='lat' dir='ltr'><strong>domum,</strong></span> <span class='ocrx_word' id='word_1_168' title='bbox 2545 959 2740 1028; x_wconf 90' lang='lat' dir='ltr'><strong>inquit,</strong></span> <span class='ocrx_word' id='word_1_169' title='bbox 2778 958 3076 1029; x_wconf 89' lang='lat' dir='ltr'><strong>majestatis</strong></span> <span class='ocrx_word' id='word_1_170' title='bbox 3105 972 3237 1012; x_wconf 62' lang='lat' dir='ltr'><strong>mere</strong></span> <span class='ocrx_word' id='word_1_171' title='bbox 3266 954 3605 1027; x_wconf 78' lang='lat' dir='ltr'><strong>gloriﬁcabo,</strong></span> <span class='ocrx_word' id='word_1_172' title='bbox 3635 953 3689 1009; x_wconf 87' lang='lat' dir='ltr'><strong>id</strong></span> <span class='ocrx_word' id='word_1_173' title='bbox 3719 963 3819 1013; x_wconf 76' lang='lat' dir='ltr'><strong>est.</strong></span> 
     </span>
    </p>
   </div>
   <div class='ocr_carea' id='block_1_24' title="bbox 2250 1044 3822 1115">
    <p class='ocr_par' dir='ltr' id='par_1_24' title="bbox 2250 1044 3822 1115">
     <span class='ocr_line' id='line_1_24' title="bbox 2250 1044 3822 1115; baseline -0.003 -10"><span class='ocrx_word' id='word_1_174' title='bbox 2250 1050 2548 1106; x_wconf 84' lang='lat' dir='ltr'><strong>Ecclesiam</strong></span> <span class='ocrx_word' id='word_1_175' title='bbox 2574 1064 2750 1104; x_wconf 88' lang='lat' dir='ltr'><strong>meam</strong></span> <span class='ocrx_word' id='word_1_176' title='bbox 2792 1048 3167 1104; x_wconf 87' lang='lat' dir='ltr'><strong>honoriﬁcabo</strong></span> <span class='ocrx_word' id='word_1_177' title='bbox 3197 1047 3251 1102; x_wconf 90' lang='lat' dir='ltr'><strong>in</strong></span> <span class='ocrx_word' id='word_1_178' title='bbox 3292 1047 3511 1100; x_wconf 89' lang='lat' dir='ltr'><strong>talibus.</strong></span> <span class='ocrx_word' id='word_1_179' title='bbox 3546 1044 3701 1099; x_wconf 89' lang='lat' dir='ltr'><strong>Sicut</strong></span> <span class='ocrx_word' id='word_1_180' title='bbox 3728 1061 3822 1115; x_wconf 83' lang='lat' dir='ltr'><strong>per</strong></span> 
     </span>
    </p>
   </div>
   <div class='ocr_carea' id='block_1_25' title="bbox 2249 1135 3819 1208">
    <p class='ocr_par' dir='ltr' id='par_1_25' title="bbox 2249 1135 3819 1208">
     <span class='ocr_line' id='line_1_25' title="bbox 2249 1135 3819 1208; baseline -0.004 -12"><span class='ocrx_word' id='word_1_181' title='bbox 2249 1157 2414 1196; x_wconf 90' lang='lat' dir='ltr'><strong>unum</strong></span> <span class='ocrx_word' id='word_1_182' title='bbox 2466 1140 2635 1195; x_wconf 91' lang='lat' dir='ltr'><strong>altare</strong></span> <span class='ocrx_word' id='word_1_183' title='bbox 2679 1140 2860 1195; x_wconf 86' lang='lat' dir='ltr'><strong>omnia</strong></span> <span class='ocrx_word' id='word_1_184' title='bbox 2903 1140 3115 1205; x_wconf 88' lang='lat' dir='ltr'><strong>altaria,</strong></span> <span class='ocrx_word' id='word_1_185' title='bbox 3160 1140 3233 1193; x_wconf 86' lang='lat' dir='ltr'><strong>ita</strong></span> <span class='ocrx_word' id='word_1_186' title='bbox 3275 1153 3373 1208; x_wconf 90' lang='lat' dir='ltr'><strong>per</strong></span> <span class='ocrx_word' id='word_1_187' title='bbox 3412 1152 3578 1190; x_wconf 83' lang='lat' dir='ltr'><strong>unam</strong></span> <span class='ocrx_word' id='word_1_188' title='bbox 3604 1135 3819 1191; x_wconf 90' lang='lat' dir='ltr'><strong>domum</strong></span> 
     </span>
    </p>
   </div>
   <div class='ocr_carea' id='block_1_26' title="bbox 2250 1228 3353 1300">
    <p class='ocr_par' dir='ltr' id='par_1_26' title="bbox 2250 1228 3353 1300">
     <span class='ocr_line' id='line_1_26' title="bbox 2250 1228 3353 1300; baseline -0.004 -16"><span class='ocrx_word' id='word_1_189' title='bbox 2250 1244 2439 1285; x_wconf 90' lang='lat' dir='ltr'><strong>omnes</strong></span> <span class='ocrx_word' id='word_1_190' title='bbox 2464 1229 2720 1284; x_wconf 87' lang='lat' dir='ltr'><strong>ecclesias</strong></span> <span class='ocrx_word' id='word_1_191' title='bbox 2746 1228 3003 1283; x_wconf 88' lang='lat' dir='ltr'><strong>debemus</strong></span> <span class='ocrx_word' id='word_1_192' title='bbox 3034 1228 3353 1300; x_wconf 82' lang='lat' dir='ltr'><strong>intelligere.</strong></span> 
     </span>
    </p>
   </div>
   <div class='ocr_carea' id='block_1_27' title="bbox 2325 1318 3815 1391">
    <p class='ocr_par' dir='ltr' id='par_1_27' title="bbox 2325 1318 3815 1391">
     <span class='ocr_line' id='line_1_27' title="bbox 2325 1318 3815 1391; baseline 0.003 -20"><span class='ocrx_word' id='word_1_193' title='bbox 2325 1338 2344 1371; x_wconf 71' lang='grc' dir='ltr'><strong>α</strong></span> <span class='ocrx_word' id='word_1_194' title='bbox 2391 1319 2493 1387; x_wconf 94' lang='lat' dir='ltr'><strong>Qui</strong></span> <span class='ocrx_word' id='word_1_195' title='bbox 2517 1328 2641 1375; x_wconf 88' lang='lat' dir='ltr'><strong>sunt</strong></span> <span class='ocrx_word' id='word_1_196' title='bbox 2668 1319 2780 1383; x_wconf 88' lang='lat' dir='ltr'><strong>isti,</strong></span> <span class='ocrx_word' id='word_1_197' title='bbox 2809 1320 2900 1389; x_wconf 90' lang='lat' dir='ltr'><strong>qui</strong></span> <span class='ocrx_word' id='word_1_198' title='bbox 2937 1329 2997 1373; x_wconf 90' lang='lat' dir='ltr'><strong>ut</strong></span> <span class='ocrx_word' id='word_1_199' title='bbox 3026 1319 3193 1374; x_wconf 86' lang='lat' dir='ltr'><strong>nubes</strong></span> <span class='ocrx_word' id='word_1_200' title='bbox 3217 1318 3426 1385; x_wconf 86' lang='lat' dir='ltr'><strong>volant,</strong></span> <span class='ocrx_word' id='word_1_201' title='bbox 3454 1331 3510 1376; x_wconf 91' lang='lat' dir='ltr'><strong>et</strong></span> <span class='ocrx_word' id='word_1_202' title='bbox 3541 1322 3698 1391; x_wconf 84' lang='lat' dir='ltr'><strong>quasi</strong></span> <span class='ocrx_word' id='word_1_203' title='bbox 3729 1335 3815 1376; x_wconf 77' lang='lat' dir='ltr'><strong>co—</strong></span> 
     </span>
    </p>
   </div>
   <div class='ocr_carea' id='block_1_28' title="bbox 2248 1406 3819 1479">
    <p class='ocr_par' dir='ltr' id='par_1_28' title="bbox 2248 1406 3819 1479">
     <span class='ocr_line' id='line_1_28' title="bbox 2248 1406 3819 1479; baseline 0 -17"><span class='ocrx_word' id='word_1_204' title='bbox 2248 1408 2446 1463; x_wconf 69' lang='lat' dir='ltr'><strong>lumba:</strong></span> <span class='ocrx_word' id='word_1_205' title='bbox 2488 1409 2555 1462; x_wconf 91' lang='lat' dir='ltr'><strong>ad</strong></span> <span class='ocrx_word' id='word_1_206' title='bbox 2591 1407 2859 1464; x_wconf 79' lang='lat' dir='ltr'><strong>fenestras</strong></span> <span class='ocrx_word' id='word_1_207' title='bbox 2889 1408 3053 1463; x_wconf 85' lang='lat' dir='ltr'><strong>suas?</strong></span> <span class='ocrx_word' id='word_1_208' title='bbox 3108 1427 3127 1459; x_wconf 73' lang='grc' dir='ltr'><strong>ι</strong></span> <span class='ocrx_word' id='word_1_209' title='bbox 3174 1406 3289 1463; x_wconf 75' lang='lat' dir='ltr'><strong>Vox</strong></span> <span class='ocrx_word' id='word_1_210' title='bbox 3320 1410 3602 1479; x_wconf 66' lang='lat' dir='ltr'><strong>prepheta:</strong></span> <span class='ocrx_word' id='word_1_211' title='bbox 3658 1410 3819 1463; x_wconf 82' lang='lat' dir='ltr'><strong>admi-</strong></span> 
     </span>
    </p>
   </div>
   <div class='ocr_carea' id='block_1_29' title="bbox 2248 1498 3815 1569">
    <p class='ocr_par' dir='ltr' id='par_1_29' title="bbox 2248 1498 3815 1569">
     <span class='ocr_line' id='line_1_29' title="bbox 2248 1498 3815 1569; baseline -0.001 -15"><span class='ocrx_word' id='word_1_212' title='bbox 2248 1500 2421 1555; x_wconf 87' lang='lat' dir='ltr'><strong>rantis</strong></span> <span class='ocrx_word' id='word_1_213' title='bbox 2468 1500 2536 1554; x_wconf 89' lang='lat' dir='ltr'><strong>de</strong></span> <span class='ocrx_word' id='word_1_214' title='bbox 2580 1498 2868 1569; x_wconf 81' lang='lat' dir='ltr'><strong>gentilibus</strong></span> <span class='ocrx_word' id='word_1_215' title='bbox 2911 1498 3280 1563; x_wconf 89' lang='lat' dir='ltr'><strong>credentibus,</strong></span> <span class='ocrx_word' id='word_1_216' title='bbox 3327 1508 3383 1553; x_wconf 90' lang='lat' dir='ltr'><strong>et</strong></span> <span class='ocrx_word' id='word_1_217' title='bbox 3430 1499 3497 1553; x_wconf 89' lang='lat' dir='ltr'><strong>ad</strong></span> <span class='ocrx_word' id='word_1_218' title='bbox 3539 1498 3704 1553; x_wconf 88' lang='lat' dir='ltr'><strong>ﬁdem</strong></span> <span class='ocrx_word' id='word_1_219' title='bbox 3734 1499 3815 1553; x_wconf 82' lang='lat' dir='ltr'><strong>Dei</strong></span> 
     </span>
    </p>
   </div>
   <div class='ocr_carea' id='block_1_30' title="bbox 2246 1587 3819 1659">
    <p class='ocr_par' dir='ltr' id='par_1_30' title="bbox 2246 1587 3819 1659">
     <span class='ocr_line' id='line_1_30' title="bbox 2246 1587 3819 1659; baseline -0.001 -16"><span class='ocrx_word' id='word_1_220' title='bbox 2246 1589 2504 1644; x_wconf 84' lang='lat' dir='ltr'><strong>velociter</strong></span> <span class='ocrx_word' id='word_1_221' title='bbox 2536 1589 2896 1643; x_wconf 89' lang='lat' dir='ltr'><strong>currentibus.</strong></span> <span class='ocrx_word' id='word_1_222' title='bbox 2937 1587 3039 1655; x_wconf 90' lang='lat' dir='ltr'><strong>Qui</strong></span> <span class='ocrx_word' id='word_1_223' title='bbox 3076 1598 3203 1641; x_wconf 89' lang='lat' dir='ltr'><strong>sunt</strong></span> <span class='ocrx_word' id='word_1_224' title='bbox 3246 1588 3336 1641; x_wconf 88' lang='lat' dir='ltr'><strong>isti</strong></span> <span class='ocrx_word' id='word_1_225' title='bbox 3383 1588 3618 1659; x_wconf 84' lang='lat' dir='ltr'><strong>gentiles</strong></span> <span class='ocrx_word' id='word_1_226' title='bbox 3651 1589 3742 1657; x_wconf 87' lang='lat' dir='ltr'><strong>qui</strong></span> <span class='ocrx_word' id='word_1_227' title='bbox 3767 1598 3819 1643; x_wconf 91' lang='lat' dir='ltr'><strong>ut</strong></span> 
     </span>
    </p>
   </div>
   <div class='ocr_carea' id='block_1_31' title="bbox 2246 1680 3815 1750">
    <p class='ocr_par' dir='ltr' id='par_1_31' title="bbox 2246 1680 3815 1750">
     <span class='ocr_line' id='line_1_31' title="bbox 2246 1680 3815 1750; baseline -0.003 -13"><span class='ocrx_word' id='word_1_228' title='bbox 2246 1682 2416 1737; x_wconf 90' lang='lat' dir='ltr'><strong>nubes</strong></span> <span class='ocrx_word' id='word_1_229' title='bbox 2466 1681 2685 1747; x_wconf 88' lang='lat' dir='ltr'><strong>volant,</strong></span> <span class='ocrx_word' id='word_1_230' title='bbox 2739 1680 2973 1750; x_wconf 89' lang='lat' dir='ltr'><strong>pluendo</strong></span> <span class='ocrx_word' id='word_1_231' title='bbox 3013 1680 3235 1741; x_wconf 86' lang='lat' dir='ltr'><strong>verbis,</strong></span> <span class='ocrx_word' id='word_1_232' title='bbox 3282 1682 3623 1735; x_wconf 87' lang='lat' dir='ltr'><strong>coruscando</strong></span> <span class='ocrx_word' id='word_1_233' title='bbox 3669 1680 3815 1733; x_wconf 81' lang='lat' dir='ltr'><strong>mira-</strong></span> 
     </span>
    </p>
   </div>
   <div class='ocr_carea' id='block_1_32' title="bbox 2246 1767 3815 1839">
    <p class='ocr_par' dir='ltr' id='par_1_32' title="bbox 2246 1767 3815 1839">
     <span class='ocr_line' id='line_1_32' title="bbox 2246 1767 3815 1839; baseline -0.003 -12"><span class='ocrx_word' id='word_1_234' title='bbox 2246 1771 2408 1837; x_wconf 88' lang='lat' dir='ltr'><strong>culis,</strong></span> <span class='ocrx_word' id='word_1_235' title='bbox 2431 1780 2485 1825; x_wconf 88' lang='lat' dir='ltr'><strong>et</strong></span> <span class='ocrx_word' id='word_1_236' title='bbox 2510 1771 2576 1826; x_wconf 89' lang='lat' dir='ltr'><strong>ad</strong></span> <span class='ocrx_word' id='word_1_237' title='bbox 2597 1771 2839 1825; x_wconf 73' lang='lat' dir='ltr'><strong>cmlestia</strong></span> <span class='ocrx_word' id='word_1_238' title='bbox 2868 1786 2967 1839; x_wconf 88' lang='lat' dir='ltr'><strong>per</strong></span> <span class='ocrx_word' id='word_1_239' title='bbox 2989 1767 3498 1838; x_wconf 90' lang='lat' dir='ltr'><strong>contemplationem</strong></span> <span class='ocrx_word' id='word_1_240' title='bbox 3533 1769 3737 1823; x_wconf 81' lang='lat' dir='ltr'><strong>mentis</strong></span> <span class='ocrx_word' id='word_1_241' title='bbox 3767 1784 3815 1822; x_wconf 79' lang='lat' dir='ltr'><strong>se</strong></span> 
     </span>
    </p>
   </div>
   <div class='ocr_carea' id='block_1_33' title="bbox 569 1858 3813 1930">
    <p class='ocr_par' dir='ltr' id='par_1_33' title="bbox 569 1858 3813 1930">
     <span class='ocr_line' id='line_1_33' title="bbox 569 1858 3813 1930; baseline -0.002 -11"><span class='ocrx_word' id='word_1_242' title='bbox 569 1865 735 1921; x_wconf 88' lang='lat' dir='ltr'><strong>tibus.</strong></span> <span class='ocrx_word' id='word_1_243' title='bbox 776 1865 889 1921; x_wconf 84' lang='lat' dir='ltr'><strong>Nec</strong></span> <span class='ocrx_word' id='word_1_244' title='bbox 949 1880 1046 1921; x_wconf 90' lang='lat' dir='ltr'><strong>sua</strong></span> <span class='ocrx_word' id='word_1_245' title='bbox 1091 1863 1427 1920; x_wconf 87' lang='lat' dir='ltr'><strong>solummodo</strong></span> <span class='ocrx_word' id='word_1_246' title='bbox 1473 1863 1647 1918; x_wconf 91' lang='lat' dir='ltr'><strong>salute</strong></span> <span class='ocrx_word' id='word_1_247' title='bbox 1690 1871 1817 1917; x_wconf 90' lang='lat' dir='ltr'><strong>sunt</strong></span> <span class='ocrx_word' id='word_1_248' title='bbox 1863 1861 2142 1927; x_wconf 87' lang='lat' dir='ltr'><strong>contenti,</strong></span> <span class='ocrx_word' id='word_1_249' title='bbox 2173 1859 2218 1918; x_wconf 92' lang='lat' dir='ltr'><strong>B</strong></span> <span class='ocrx_word' id='word_1_250' title='bbox 2248 1860 2614 1917; x_wconf 86' lang='lat' dir='ltr'><strong>sublevando?</strong></span> <span class='ocrx_word' id='word_1_251' title='bbox 2644 1859 2901 1930; x_wconf 88' lang='lat' dir='ltr'><strong>Sequitur</strong></span> <span class='ocrx_word' id='word_1_252' title='bbox 2931 1877 2943 1913; x_wconf 91' lang='lat'>:</span> <span class='ocrx_word' id='word_1_253' title='bbox 2978 1858 3043 1913; x_wconf 82' lang='lat' dir='ltr'><strong>Et</strong></span> <span class='ocrx_word' id='word_1_254' title='bbox 3072 1859 3224 1928; x_wconf 90' lang='lat' dir='ltr'><strong>quasi</strong></span> <span class='ocrx_word' id='word_1_255' title='bbox 3262 1858 3529 1913; x_wconf 68' lang='lat' dir='ltr'><strong>columba:</strong></span> <span class='ocrx_word' id='word_1_256' title='bbox 3558 1860 3627 1913; x_wconf 85' lang='lat' dir='ltr'><strong>ad</strong></span> <span class='ocrx_word' id='word_1_257' title='bbox 3678 1860 3813 1913; x_wconf 78' lang='lat' dir='ltr'><strong>fene-</strong></span> 
     </span>
    </p>
   </div>
   <div class='ocr_carea' id='block_1_34' title="bbox 568 1952 2140 2023">
    <p class='ocr_par' dir='ltr' id='par_1_34' title="bbox 568 1952 2140 2023">
     <span class='ocr_line' id='line_1_34' title="bbox 568 1952 2140 2023; baseline -0.003 -13"><span class='ocrx_word' id='word_1_258' title='bbox 568 1956 666 2010; x_wconf 85' lang='lat' dir='ltr'><strong>sed</strong></span> <span class='ocrx_word' id='word_1_259' title='bbox 700 1955 838 2011; x_wconf 84' lang='lat' dir='ltr'><strong>aliis</strong></span> <span class='ocrx_word' id='word_1_260' title='bbox 888 1955 1104 2011; x_wconf 89' lang='lat' dir='ltr'><strong>laudem</strong></span> <span class='ocrx_word' id='word_1_261' title='bbox 1149 1954 1363 2009; x_wconf 89' lang='lat' dir='ltr'><strong>Domini</strong></span> <span class='ocrx_word' id='word_1_262' title='bbox 1402 1954 1854 2023; x_wconf 58' lang='lat' dir='ltr'><strong>prtedicaverunt,</strong></span> <span class='ocrx_word' id='word_1_263' title='bbox 1898 1952 2001 2007; x_wconf 91' lang='lat' dir='ltr'><strong>hoc</strong></span> <span class='ocrx_word' id='word_1_264' title='bbox 2038 1959 2140 2017; x_wconf 90' lang='lat' dir='ltr'><strong>est,</strong></span> 
     </span>
    </p>
   </div>
   <div class='ocr_carea' id='block_1_35' title="bbox 567 2042 2146 2100">
    <p class='ocr_par' dir='ltr' id='par_1_35' title="bbox 567 2042 2146 2100">
     <span class='ocr_line' id='line_1_35' title="bbox 567 2042 2146 2100; baseline -0.002 0"><span class='ocrx_word' id='word_1_265' title='bbox 567 2044 860 2100; x_wconf 81' lang='lat' dir='ltr'><strong>Dominum</strong></span> <span class='ocrx_word' id='word_1_266' title='bbox 896 2043 1082 2100; x_wconf 83' lang='lat' dir='ltr'><strong>Jesum</strong></span> <span class='ocrx_word' id='word_1_267' title='bbox 1113 2045 1390 2100; x_wconf 84' lang='lat' dir='ltr'><strong>Christum</strong></span> <span class='ocrx_word' id='word_1_268' title='bbox 1437 2043 1635 2097; x_wconf 88' lang='lat' dir='ltr'><strong>Filium</strong></span> <span class='ocrx_word' id='word_1_269' title='bbox 1673 2043 1769 2097; x_wconf 88' lang='lat' dir='ltr'><strong>Dei</strong></span> <span class='ocrx_word' id='word_1_270' title='bbox 1812 2042 1990 2097; x_wconf 87' lang='lat' dir='ltr'><strong>Patris</strong></span> <span class='ocrx_word' id='word_1_271' title='bbox 2023 2057 2146 2097; x_wconf 91' lang='lat' dir='ltr'><strong>esse</strong></span> 
     </span>
    </p>
   </div>
   <div class='ocr_carea' id='block_1_36' title="bbox 565 2130 2144 2202">
    <p class='ocr_par' dir='ltr' id='par_1_36' title="bbox 565 2130 2144 2202">
     <span class='ocr_line' id='line_1_36' title="bbox 565 2130 2144 2202; baseline -0.003 -14"><span class='ocrx_word' id='word_1_272' title='bbox 565 2134 841 2198; x_wconf 78' lang='lat' dir='ltr'><strong>dixerunt,</strong></span> <span class='ocrx_word' id='word_1_273' title='bbox 871 2133 965 2202; x_wconf 90' lang='lat' dir='ltr'><strong>qui</strong></span> <span class='ocrx_word' id='word_1_274' title='bbox 989 2143 1074 2188; x_wconf 89' lang='lat' dir='ltr'><strong>est</strong></span> <span class='ocrx_word' id='word_1_275' title='bbox 1100 2133 1219 2187; x_wconf 92' lang='lat' dir='ltr'><strong>laus</strong></span> <span class='ocrx_word' id='word_1_276' title='bbox 1241 2142 1295 2187; x_wconf 89' lang='lat' dir='ltr'><strong>et</strong></span> <span class='ocrx_word' id='word_1_277' title='bbox 1315 2132 1483 2202; x_wconf 85' lang='lat' dir='ltr'><strong>gloria</strong></span> <span class='ocrx_word' id='word_1_278' title='bbox 1512 2130 1699 2200; x_wconf 89' lang='lat' dir='ltr'><strong>ipsius,</strong></span> <span class='ocrx_word' id='word_1_279' title='bbox 1728 2140 1782 2185; x_wconf 92' lang='lat' dir='ltr'><strong>et</strong></span> <span class='ocrx_word' id='word_1_280' title='bbox 1804 2130 2144 2201; x_wconf 86' lang='lat' dir='ltr'><strong>majestatem</strong></span> 
     </span>
    </p>
   </div>
   <div class='ocr_carea' id='block_1_37' title="bbox 565 2221 2144 2291">
    <p class='ocr_par' dir='ltr' id='par_1_37' title="bbox 565 2221 2144 2291">
     <span class='ocr_line' id='line_1_37' title="bbox 565 2221 2144 2291; baseline -0.004 -12"><span class='ocrx_word' id='word_1_281' title='bbox 565 2221 792 2289; x_wconf 81' lang='lat' dir='ltr'><strong>Christi,</strong></span> <span class='ocrx_word' id='word_1_282' title='bbox 841 2222 898 2278; x_wconf 92' lang='lat' dir='ltr'><strong>id</strong></span> <span class='ocrx_word' id='word_1_283' title='bbox 940 2232 1026 2278; x_wconf 83' lang='lat' dir='ltr'><strong>est</strong></span> <span class='ocrx_word' id='word_1_284' title='bbox 1077 2221 1334 2277; x_wconf 90' lang='lat' dir='ltr'><strong>miracula</strong></span> <span class='ocrx_word' id='word_1_285' title='bbox 1369 2229 1424 2275; x_wconf 91' lang='lat' dir='ltr'><strong>et</strong></span> <span class='ocrx_word' id='word_1_286' title='bbox 1451 2221 1679 2274; x_wconf 87' lang='lat' dir='ltr'><strong>virtutes</strong></span> <span class='ocrx_word' id='word_1_287' title='bbox 1718 2235 1854 2289; x_wconf 89' lang='lat' dir='ltr'><strong>quas</strong></span> <span class='ocrx_word' id='word_1_288' title='bbox 1890 2227 2144 2291; x_wconf 87' lang='lat' dir='ltr'><strong>operatus</strong></span> 
     </span>
    </p>
   </div>
   <div class='ocr_carea' id='block_1_38' title="bbox 564 2310 2144 2385">
    <p class='ocr_par' dir='ltr' id='par_1_38' title="bbox 564 2310 2144 2385">
     <span class='ocr_line' id='line_1_38' title="bbox 564 2310 2144 2385; baseline -0.003 -14"><span class='ocrx_word' id='word_1_289' title='bbox 564 2324 671 2381; x_wconf 88' lang='lat' dir='ltr'><strong>est,</strong></span> <span class='ocrx_word' id='word_1_290' title='bbox 719 2324 776 2370; x_wconf 91' lang='lat' dir='ltr'><strong>et</strong></span> <span class='ocrx_word' id='word_1_291' title='bbox 816 2314 1086 2384; x_wconf 89' lang='lat' dir='ltr'><strong>quomodo</strong></span> <span class='ocrx_word' id='word_1_292' title='bbox 1132 2329 1229 2385; x_wconf 91' lang='lat' dir='ltr'><strong>per</strong></span> <span class='ocrx_word' id='word_1_293' title='bbox 1273 2314 1449 2385; x_wconf 91' lang='lat' dir='ltr'><strong>ipsum</strong></span> <span class='ocrx_word' id='word_1_294' title='bbox 1473 2313 1653 2369; x_wconf 82' lang='lat' dir='ltr'><strong>omnia</strong></span> <span class='ocrx_word' id='word_1_295' title='bbox 1695 2312 1839 2369; x_wconf 90' lang='lat' dir='ltr'><strong>Deus</strong></span> <span class='ocrx_word' id='word_1_296' title='bbox 1879 2312 2044 2368; x_wconf 88' lang='lat' dir='ltr'><strong>Pater</strong></span> <span class='ocrx_word' id='word_1_297' title='bbox 2065 2310 2144 2367; x_wconf 83' lang='lat' dir='ltr'><strong>fe-</strong></span> 
     </span>
    </p>
   </div>
   <div class='ocr_carea' id='block_1_39' title="bbox 567 2404 1332 2475">
    <p class='ocr_par' dir='ltr' id='par_1_39' title="bbox 567 2404 1332 2475">
     <span class='ocr_line' id='line_1_39' title="bbox 567 2404 1332 2475; baseline -0.005 -14"><span class='ocrx_word' id='word_1_298' title='bbox 567 2406 727 2470; x_wconf 90' lang='lat' dir='ltr'><strong>cerit,</strong></span> <span class='ocrx_word' id='word_1_299' title='bbox 774 2404 897 2459; x_wconf 89' lang='lat' dir='ltr'><strong>aliis</strong></span> <span class='ocrx_word' id='word_1_300' title='bbox 942 2404 1332 2475; x_wconf 84' lang='lat' dir='ltr'><strong>patefecerunt.</strong></span> 
     </span>
    </p>
   </div>
   <div class='ocr_carea' id='block_1_40' title="bbox 641 2492 2144 2565">
    <p class='ocr_par' dir='ltr' id='par_1_40' title="bbox 641 2492 2144 2565">
     <span class='ocr_line' id='line_1_40' title="bbox 641 2492 2144 2565; baseline -0.001 -17"><span class='ocrx_word' id='word_1_301' title='bbox 641 2515 662 2548; x_wconf 68' lang='grc' dir='ltr'><strong>α</strong></span> <span class='ocrx_word' id='word_1_302' title='bbox 707 2494 879 2551; x_wconf 88' lang='lat' dir='ltr'><strong>Omne</strong></span> <span class='ocrx_word' id='word_1_303' title='bbox 909 2509 1073 2564; x_wconf 87' lang='lat' dir='ltr'><strong>pecus</strong></span> <span class='ocrx_word' id='word_1_304' title='bbox 1110 2492 1286 2550; x_wconf 89' lang='lat' dir='ltr'><strong>Cedar</strong></span> <span class='ocrx_word' id='word_1_305' title='bbox 1314 2492 1731 2565; x_wconf 85' lang='lat' dir='ltr'><strong>congregabitur</strong></span> <span class='ocrx_word' id='word_1_306' title='bbox 1770 2493 1905 2559; x_wconf 91' lang='lat' dir='ltr'><strong>tibi,</strong></span> <span class='ocrx_word' id='word_1_307' title='bbox 1945 2492 2144 2548; x_wconf 89' lang='lat' dir='ltr'><strong>arietes</strong></span> 
     </span>
    </p>
   </div>
   <div class='ocr_carea' id='block_1_41' title="bbox 565 2583 2144 2651">
    <p class='ocr_par' dir='ltr' id='par_1_41' title="bbox 565 2583 2144 2651">
     <span class='ocr_line' id='line_1_41' title="bbox 565 2583 2144 2651; baseline -0.002 -9"><span class='ocrx_word' id='word_1_308' title='bbox 565 2586 834 2642; x_wconf 83' lang='lat' dir='ltr'><strong>Nabaioth</strong></span> <span class='ocrx_word' id='word_1_309' title='bbox 871 2586 1257 2641; x_wconf 87' lang='lat' dir='ltr'><strong>ministrabunt</strong></span> <span class='ocrx_word' id='word_1_310' title='bbox 1293 2586 1408 2640; x_wconf 90' lang='lat' dir='ltr'><strong>tibi.</strong></span> <span class='ocrx_word' id='word_1_311' title='bbox 1451 2605 1470 2638; x_wconf 75' lang='grc' dir='ltr'><strong>ι</strong></span> <span class='ocrx_word' id='word_1_312' title='bbox 1516 2583 1786 2651; x_wconf 87' lang='lat' dir='ltr'><strong>Quantum</strong></span> <span class='ocrx_word' id='word_1_313' title='bbox 1811 2584 1878 2641; x_wconf 90' lang='lat' dir='ltr'><strong>ad</strong></span> <span class='ocrx_word' id='word_1_314' title='bbox 1906 2585 2144 2640; x_wconf 87' lang='lat' dir='ltr'><strong>litteram</strong></span> 
     </span>
    </p>
   </div>
   <div class='ocr_carea' id='block_1_42' title="bbox 564 2674 2145 2748">
    <p class='ocr_par' dir='ltr' id='par_1_42' title="bbox 564 2674 2145 2748">
     <span class='ocr_line' id='line_1_42' title="bbox 564 2674 2145 2748; baseline -0.002 -17"><span class='ocrx_word' id='word_1_315' title='bbox 564 2677 833 2748; x_wconf 88' lang='lat' dir='ltr'><strong>pertinet,</strong></span> <span class='ocrx_word' id='word_1_316' title='bbox 857 2689 1023 2745; x_wconf 87' lang='lat' dir='ltr'><strong>pecus</strong></span> <span class='ocrx_word' id='word_1_317' title='bbox 1041 2674 1274 2745; x_wconf 89' lang='lat' dir='ltr'><strong>appellat</strong></span> <span class='ocrx_word' id='word_1_318' title='bbox 1292 2688 1425 2729; x_wconf 88' lang='lat' dir='ltr'><strong>oves</strong></span> <span class='ocrx_word' id='word_1_319' title='bbox 1453 2682 1509 2729; x_wconf 89' lang='lat' dir='ltr'><strong>et</strong></span> <span class='ocrx_word' id='word_1_320' title='bbox 1526 2688 1738 2743; x_wconf 89' lang='lat' dir='ltr'><strong>capras,</strong></span> <span class='ocrx_word' id='word_1_321' title='bbox 1765 2688 1864 2743; x_wconf 91' lang='lat' dir='ltr'><strong>per</strong></span> <span class='ocrx_word' id='word_1_322' title='bbox 1890 2688 2026 2743; x_wconf 91' lang='lat' dir='ltr'><strong>quas</strong></span> <span class='ocrx_word' id='word_1_323' title='bbox 2051 2674 2145 2728; x_wconf 85' lang='lat' dir='ltr'><strong>de-</strong></span> 
     </span>
    </p>
   </div>
   <div class='ocr_carea' id='block_1_43' title="bbox 565 2762 2147 2837">
    <p class='ocr_par' dir='ltr' id='par_1_43' title="bbox 565 2762 2147 2837">
     <span class='ocr_line' id='line_1_43' title="bbox 565 2762 2147 2837; baseline -0.004 -15"><span class='ocrx_word' id='word_1_324' title='bbox 565 2770 755 2833; x_wconf 87' lang='lat' dir='ltr'><strong>bemus</strong></span> <span class='ocrx_word' id='word_1_325' title='bbox 776 2766 1074 2837; x_wconf 89' lang='lat' dir='ltr'><strong>intelligere</strong></span> <span class='ocrx_word' id='word_1_326' title='bbox 1092 2765 1365 2835; x_wconf 88' lang='lat' dir='ltr'><strong>simplices</strong></span> <span class='ocrx_word' id='word_1_327' title='bbox 1391 2779 1651 2834; x_wconf 87' lang='lat' dir='ltr'><strong>quosque.</strong></span> <span class='ocrx_word' id='word_1_328' title='bbox 1675 2763 1854 2820; x_wconf 87' lang='lat' dir='ltr'><strong>Cedar</strong></span> <span class='ocrx_word' id='word_1_329' title='bbox 1877 2763 2019 2818; x_wconf 88' lang='lat' dir='ltr'><strong>ﬁlius</strong></span> <span class='ocrx_word' id='word_1_330' title='bbox 2044 2762 2147 2817; x_wconf 78' lang='lat' dir='ltr'><strong>fuit</strong></span> 
     </span>
    </p>
   </div>
   <div class='ocr_carea' id='block_1_44' title="bbox 566 2851 2146 2927">
    <p class='ocr_par' dir='ltr' id='par_1_44' title="bbox 566 2851 2146 2927">
     <span class='ocr_line' id='line_1_44' title="bbox 566 2851 2146 2927; baseline -0.004 -15"><span class='ocrx_word' id='word_1_331' title='bbox 566 2856 833 2922; x_wconf 84' lang='lat' dir='ltr'><strong>lsmaelis,</strong></span> <span class='ocrx_word' id='word_1_332' title='bbox 858 2858 1003 2912; x_wconf 89' lang='lat' dir='ltr'><strong>etab</strong></span> <span class='ocrx_word' id='word_1_333' title='bbox 1024 2856 1117 2910; x_wconf 94' lang='lat' dir='ltr'><strong>illo</strong></span> <span class='ocrx_word' id='word_1_334' title='bbox 1143 2856 1293 2927; x_wconf 90' lang='lat' dir='ltr'><strong>regio</strong></span> <span class='ocrx_word' id='word_1_335' title='bbox 1318 2854 1459 2910; x_wconf 92' lang='lat' dir='ltr'><strong>illius</strong></span> <span class='ocrx_word' id='word_1_336' title='bbox 1477 2869 1675 2910; x_wconf 89' lang='lat' dir='ltr'><strong>nomen</strong></span> <span class='ocrx_word' id='word_1_337' title='bbox 1705 2854 1954 2924; x_wconf 88' lang='lat' dir='ltr'><strong>sumpsit,</strong></span> <span class='ocrx_word' id='word_1_338' title='bbox 1970 2861 2029 2906; x_wconf 93' lang='lat' dir='ltr'><strong>ut</strong></span> <span class='ocrx_word' id='word_1_339' title='bbox 2046 2851 2146 2907; x_wconf 84' lang='lat' dir='ltr'><strong>Ce-</strong></span> 
     </span>
    </p>
   </div>
   <div class='ocr_carea' id='block_1_45' title="bbox 565 2944 2147 3012">
    <p class='ocr_par' dir='ltr' id='par_1_45' title="bbox 565 2944 2147 3012">
     <span class='ocr_line' id='line_1_45' title="bbox 565 2944 2147 3012; baseline -0.005 -7"><span class='ocrx_word' id='word_1_340' title='bbox 565 2952 665 3005; x_wconf 85' lang='lat' dir='ltr'><strong>dar</strong></span> <span class='ocrx_word' id='word_1_341' title='bbox 692 2956 995 3012; x_wconf 89' lang='lat' dir='ltr'><strong>vocaretur,</strong></span> <span class='ocrx_word' id='word_1_342' title='bbox 1028 2948 1119 3003; x_wconf 88' lang='lat' dir='ltr'><strong>ubi</strong></span> <span class='ocrx_word' id='word_1_343' title='bbox 1152 2947 1310 3002; x_wconf 88' lang='lat' dir='ltr'><strong>modo</strong></span> <span class='ocrx_word' id='word_1_344' title='bbox 1336 2945 1594 3002; x_wconf 84' lang='lat' dir='ltr'><strong>Saraceni</strong></span> <span class='ocrx_word' id='word_1_345' title='bbox 1618 2944 1896 3009; x_wconf 89' lang='lat' dir='ltr'><strong>habitant,</strong></span> <span class='ocrx_word' id='word_1_346' title='bbox 1920 2945 2147 3000; x_wconf 87' lang='lat' dir='ltr'><strong>descen-</strong></span> 
     </span>
    </p>
   </div>
   <div class='ocr_carea' id='block_1_46' title="bbox 566 3033 2144 3108">
    <p class='ocr_par' dir='ltr' id='par_1_46' title="bbox 566 3033 2144 3108">
     <span class='ocr_line' id='line_1_46' title="bbox 566 3033 2144 3108; baseline -0.004 -13"><span class='ocrx_word' id='word_1_347' title='bbox 566 3042 760 3097; x_wconf 89' lang='lat' dir='ltr'><strong>dentes</strong></span> <span class='ocrx_word' id='word_1_348' title='bbox 788 3038 856 3093; x_wconf 91' lang='lat' dir='ltr'><strong>de</strong></span> <span class='ocrx_word' id='word_1_349' title='bbox 884 3037 1026 3093; x_wconf 90' lang='lat' dir='ltr'><strong>illius</strong></span> <span class='ocrx_word' id='word_1_350' title='bbox 1054 3038 1326 3108; x_wconf 89' lang='lat' dir='ltr'><strong>prosapia.</strong></span> <span class='ocrx_word' id='word_1_351' title='bbox 1365 3036 1611 3100; x_wconf 76' lang='lat' dir='ltr'><strong>Arietes,</strong></span> <span class='ocrx_word' id='word_1_352' title='bbox 1642 3036 1845 3103; x_wconf 90' lang='lat' dir='ltr'><strong>inquit,</strong></span> <span class='ocrx_word' id='word_1_353' title='bbox 1882 3033 2144 3089; x_wconf 70' lang='lat' dir='ltr'><strong>Nabaioth</strong></span> 
     </span>
    </p>
   </div>
   <div class='ocr_carea' id='block_1_47' title="bbox 567 3124 2145 3194">
    <p class='ocr_par' dir='ltr' id='par_1_47' title="bbox 567 3124 2145 3194">
     <span class='ocr_line' id='line_1_47' title="bbox 567 3124 2145 3194; baseline -0.008 -5"><span class='ocrx_word' id='word_1_354' title='bbox 567 3129 954 3189; x_wconf 88' lang='lat' dir='ltr'><strong>ministrabunt</strong></span> <span class='ocrx_word' id='word_1_355' title='bbox 977 3127 1094 3184; x_wconf 93' lang='lat' dir='ltr'><strong>tibi.</strong></span> <span class='ocrx_word' id='word_1_356' title='bbox 1120 3127 1224 3183; x_wconf 82' lang='lat' dir='ltr'><strong>Per</strong></span> <span class='ocrx_word' id='word_1_357' title='bbox 1252 3126 1447 3181; x_wconf 86' lang='lat' dir='ltr'><strong>arietes</strong></span> <span class='ocrx_word' id='word_1_358' title='bbox 1468 3124 1560 3194; x_wconf 89' lang='lat' dir='ltr'><strong>qui</strong></span> <span class='ocrx_word' id='word_1_359' title='bbox 1589 3124 1863 3191; x_wconf 88' lang='lat' dir='ltr'><strong>ducatum,</strong></span> <span class='ocrx_word' id='word_1_360' title='bbox 1887 3130 2145 3192; x_wconf 85' lang='lat' dir='ltr'><strong>praestant</strong></span> 
     </span>
    </p>
   </div>
   <div class='ocr_carea' id='block_1_48' title="bbox 2244 1949 3816 2012">
    <p class='ocr_par' dir='ltr' id='par_1_48' title="bbox 2244 1949 3816 2012">
     <span class='ocr_line' id='line_1_48' title="bbox 2244 1949 3816 2012; baseline -0.002 -4"><span class='ocrx_word' id='word_1_361' title='bbox 2244 1963 2387 2008; x_wconf 89' lang='lat' dir='ltr'><strong>stras</strong></span> <span class='ocrx_word' id='word_1_362' title='bbox 2414 1952 2576 2008; x_wconf 78' lang='lat' dir='ltr'><strong>suas?</strong></span> <span class='ocrx_word' id='word_1_363' title='bbox 2623 1952 2775 2007; x_wconf 89' lang='lat' dir='ltr'><strong>Sicut</strong></span> <span class='ocrx_word' id='word_1_364' title='bbox 2815 1951 3079 2006; x_wconf 74' lang='lat' dir='ltr'><strong>columba:</strong></span> <span class='ocrx_word' id='word_1_365' title='bbox 3108 1952 3174 2005; x_wconf 88' lang='lat' dir='ltr'><strong>ad</strong></span> <span class='ocrx_word' id='word_1_366' title='bbox 3206 1949 3480 2005; x_wconf 80' lang='lat' dir='ltr'><strong>fenestras</strong></span> <span class='ocrx_word' id='word_1_367' title='bbox 3502 1966 3636 2005; x_wconf 89' lang='lat' dir='ltr'><strong>suas</strong></span> <span class='ocrx_word' id='word_1_368' title='bbox 3661 1960 3816 2012; x_wconf 77' lang='lat' dir='ltr'><strong>stant.</strong></span> 
     </span>
    </p>
   </div>
   <div class='ocr_carea' id='block_1_49' title="bbox 2242 2040 3813 2109">
    <p class='ocr_par' dir='ltr' id='par_1_49' title="bbox 2242 2040 3813 2109">
     <span class='ocr_line' id='line_1_49' title="bbox 2242 2040 3813 2109; baseline -0.003 -10"><span class='ocrx_word' id='word_1_369' title='bbox 2242 2045 2384 2099; x_wconf 91' lang='lat' dir='ltr'><strong>utin</strong></span> <span class='ocrx_word' id='word_1_370' title='bbox 2422 2059 2519 2100; x_wconf 89' lang='lat' dir='ltr'><strong>sua</strong></span> <span class='ocrx_word' id='word_1_371' title='bbox 2559 2042 2806 2099; x_wconf 89' lang='lat' dir='ltr'><strong>cubicula</strong></span> <span class='ocrx_word' id='word_1_372' title='bbox 2848 2043 3050 2096; x_wconf 91' lang='lat' dir='ltr'><strong>intrent</strong></span> <span class='ocrx_word' id='word_1_373' title='bbox 3086 2058 3099 2094; x_wconf 90' lang='lat'><strong>:</strong></span> <span class='ocrx_word' id='word_1_374' title='bbox 3141 2042 3214 2095; x_wconf 89' lang='lat' dir='ltr'><strong>ita</strong></span> <span class='ocrx_word' id='word_1_375' title='bbox 3257 2041 3349 2095; x_wconf 89' lang='lat' dir='ltr'><strong>isti</strong></span> <span class='ocrx_word' id='word_1_376' title='bbox 3401 2056 3500 2109; x_wconf 89' lang='lat' dir='ltr'><strong>per</strong></span> <span class='ocrx_word' id='word_1_377' title='bbox 3541 2040 3706 2095; x_wconf 86' lang='lat' dir='ltr'><strong>ﬁdem</strong></span> <span class='ocrx_word' id='word_1_378' title='bbox 3730 2058 3813 2095; x_wconf 78' lang='lat' dir='ltr'><strong>ve-</strong></span> 
     </span>
    </p>
   </div>
   <div class='ocr_carea' id='block_1_50' title="bbox 2244 2129 3817 2198">
    <p class='ocr_par' dir='ltr' id='par_1_50' title="bbox 2244 2129 3817 2198">
     <span class='ocr_line' id='line_1_50' title="bbox 2244 2129 3817 2198; baseline -0.003 -9"><span class='ocrx_word' id='word_1_379' title='bbox 2244 2134 2473 2198; x_wconf 91' lang='lat' dir='ltr'><strong>nientes,</strong></span> <span class='ocrx_word' id='word_1_380' title='bbox 2511 2143 2752 2189; x_wconf 84' lang='lat' dir='ltr'><strong>sanctam</strong></span> <span class='ocrx_word' id='word_1_381' title='bbox 2807 2132 3144 2186; x_wconf 87' lang='lat' dir='ltr'><strong>intraverunt</strong></span> <span class='ocrx_word' id='word_1_382' title='bbox 3183 2130 3508 2186; x_wconf 84' lang='lat' dir='ltr'><strong>Ecclesiam.</strong></span> <span class='ocrx_word' id='word_1_383' title='bbox 3550 2129 3651 2185; x_wconf 88' lang='lat' dir='ltr'><strong>Vel</strong></span> <span class='ocrx_word' id='word_1_384' title='bbox 3689 2132 3817 2187; x_wconf 88' lang='lat' dir='ltr'><strong>sicut</strong></span> 
     </span>
    </p>
   </div>
   <div class='ocr_carea' id='block_1_51' title="bbox 2244 2221 3819 2290">
    <p class='ocr_par' dir='ltr' id='par_1_51' title="bbox 2244 2221 3819 2290">
     <span class='ocr_line' id='line_1_51' title="bbox 2244 2221 3819 2290; baseline -0.004 -9"><span class='ocrx_word' id='word_1_385' title='bbox 2244 2224 2504 2281; x_wconf 73' lang='lat' dir='ltr'><strong>columbre</strong></span> <span class='ocrx_word' id='word_1_386' title='bbox 2546 2224 2610 2277; x_wconf 88' lang='lat' dir='ltr'><strong>ad</strong></span> <span class='ocrx_word' id='word_1_387' title='bbox 2647 2222 2910 2277; x_wconf 85' lang='lat' dir='ltr'><strong>fenestras</strong></span> <span class='ocrx_word' id='word_1_388' title='bbox 2951 2230 3097 2276; x_wconf 90' lang='lat' dir='ltr'><strong>stant</strong></span> <span class='ocrx_word' id='word_1_389' title='bbox 3138 2221 3334 2284; x_wconf 88' lang='lat' dir='ltr'><strong>sancti,</strong></span> <span class='ocrx_word' id='word_1_390' title='bbox 3360 2221 3490 2289; x_wconf 84' lang='lat' dir='ltr'><strong>quia</strong></span> <span class='ocrx_word' id='word_1_391' title='bbox 3533 2221 3819 2290; x_wconf 85' lang='lat' dir='ltr'><strong>gaudentes</strong></span> 
     </span>
    </p>
   </div>
   <div class='ocr_carea' id='block_1_52' title="bbox 2244 2309 3814 2388">
    <p class='ocr_par' dir='ltr' id='par_1_52' title="bbox 2244 2309 3814 2388">
     <span class='ocr_line' id='line_1_52' title="bbox 2244 2309 3814 2388; baseline -0.006 -14"><span class='ocrx_word' id='word_1_392' title='bbox 2244 2317 2607 2388; x_wconf 87' lang='lat' dir='ltr'><strong>simplicitate,</strong></span> <span class='ocrx_word' id='word_1_393' title='bbox 2639 2315 2874 2383; x_wconf 84' lang='lat' dir='ltr'><strong>quinque</strong></span> <span class='ocrx_word' id='word_1_394' title='bbox 2913 2312 3157 2383; x_wconf 85' lang='lat' dir='ltr'><strong>corporis</strong></span> <span class='ocrx_word' id='word_1_395' title='bbox 3192 2326 3386 2367; x_wconf 83' lang='lat' dir='ltr'><strong>sensus</strong></span> <span class='ocrx_word' id='word_1_396' title='bbox 3425 2312 3532 2366; x_wconf 87' lang='lat' dir='ltr'><strong>sibi</strong></span> <span class='ocrx_word' id='word_1_397' title='bbox 3558 2309 3814 2375; x_wconf 88' lang='lat' dir='ltr'><strong>muniunt,</strong></span> 
     </span>
    </p>
   </div>
   <div class='ocr_carea' id='block_1_53' title="bbox 2245 2402 3808 2474">
    <p class='ocr_par' dir='ltr' id='par_1_53' title="bbox 2245 2402 3808 2474">
     <span class='ocr_line' id='line_1_53' title="bbox 2245 2402 3808 2474; baseline -0.005 -10"><span class='ocrx_word' id='word_1_398' title='bbox 2245 2418 2304 2464; x_wconf 90' lang='lat' dir='ltr'><strong>ut</strong></span> <span class='ocrx_word' id='word_1_399' title='bbox 2330 2408 2397 2463; x_wconf 91' lang='lat' dir='ltr'><strong>ad</strong></span> <span class='ocrx_word' id='word_1_400' title='bbox 2412 2423 2507 2462; x_wconf 91' lang='lat' dir='ltr'><strong>eos</strong></span> <span class='ocrx_word' id='word_1_401' title='bbox 2531 2421 2679 2461; x_wconf 91' lang='lat' dir='ltr'><strong>mors</strong></span> <span class='ocrx_word' id='word_1_402' title='bbox 2707 2407 2909 2460; x_wconf 86' lang='lat' dir='ltr'><strong>intrare</strong></span> <span class='ocrx_word' id='word_1_403' title='bbox 2938 2420 3042 2459; x_wconf 92' lang='lat' dir='ltr'><strong>non</strong></span> <span class='ocrx_word' id='word_1_404' title='bbox 3071 2404 3257 2474; x_wconf 76' lang='lat' dir='ltr'><strong>possit,</strong></span> <span class='ocrx_word' id='word_1_405' title='bbox 3282 2402 3626 2458; x_wconf 86' lang='lat' dir='ltr'><strong>attendentes</strong></span> <span class='ocrx_word' id='word_1_406' title='bbox 3650 2403 3772 2457; x_wconf 87' lang='lat' dir='ltr'><strong>illud</strong></span> <span class='ocrx_word' id='word_1_407' title='bbox 3791 2423 3808 2456; x_wconf 92' lang='lat'><em>:</em></span> 
     </span>
    </p>
   </div>
   <div class='ocr_carea' id='block_1_54' title="bbox 2251 2490 3808 2567">
    <p class='ocr_par' dir='ltr' id='par_1_54' title="bbox 2251 2490 3808 2567">
     <span class='ocr_line' id='line_1_54' title="bbox 2251 2490 3808 2567; baseline -0.003 -17"><span class='ocrx_word' id='word_1_408' title='bbox 2251 2516 2269 2550; x_wconf 76' lang='grc' dir='ltr'><strong>ι</strong></span> <span class='ocrx_word' id='word_1_409' title='bbox 2330 2498 2515 2553; x_wconf 85' lang='lat' dir='ltr'><strong>Estote</strong></span> <span class='ocrx_word' id='word_1_410' title='bbox 2562 2496 2856 2567; x_wconf 91' lang='lat' dir='ltr'><strong>prudentes</strong></span> <span class='ocrx_word' id='word_1_411' title='bbox 2901 2495 3041 2549; x_wconf 87' lang='lat' dir='ltr'><strong>sicut</strong></span> <span class='ocrx_word' id='word_1_412' title='bbox 3088 2502 3394 2562; x_wconf 87' lang='lat' dir='ltr'><strong>serpentes,</strong></span> <span class='ocrx_word' id='word_1_413' title='bbox 3441 2500 3499 2545; x_wconf 91' lang='lat' dir='ltr'><strong>et</strong></span> <span class='ocrx_word' id='word_1_414' title='bbox 3558 2490 3808 2562; x_wconf 81' lang='lat' dir='ltr'><strong>simplices</strong></span> 
     </span>
    </p>
   </div>
   <div class='ocr_carea' id='block_1_55' title="bbox 2245 2584 3076 2657">
    <p class='ocr_par' dir='ltr' id='par_1_55' title="bbox 2245 2584 3076 2657">
     <span class='ocr_line' id='line_1_55' title="bbox 2245 2584 3076 2657; baseline -0.008 -14"><span class='ocrx_word' id='word_1_415' title='bbox 2245 2590 2385 2644; x_wconf 87' lang='lat' dir='ltr'><strong>sicut</strong></span> <span class='ocrx_word' id='word_1_416' title='bbox 2409 2587 2670 2643; x_wconf 73' lang='lat' dir='ltr'><strong>columba:</strong></span> <span class='ocrx_word' id='word_1_417' title='bbox 2698 2584 2911 2657; x_wconf 82' lang='lat' dir='ltr'><strong>(Matth.</strong></span> <span class='ocrx_word' id='word_1_418' title='bbox 2942 2584 3020 2655; x_wconf 68' lang='grc' dir='ltr'><strong>ι).</strong></span> <span class='ocrx_word' id='word_1_419' title='bbox 3057 2603 3076 2636; x_wconf 73' lang='grc' dir='ltr'><strong>ι</strong></span> 
     </span>
    </p>
   </div>
   <div class='ocr_carea' id='block_1_56' title="bbox 2323 2670 3818 2743">
    <p class='ocr_par' dir='ltr' id='par_1_56' title="bbox 2323 2670 3818 2743">
     <span class='ocr_line' id='line_1_56' title="bbox 2323 2670 3818 2743; baseline -0.002 -15"><span class='ocrx_word' id='word_1_420' title='bbox 2323 2695 2342 2728; x_wconf 71' lang='grc' dir='ltr'><strong>ι</strong></span> <span class='ocrx_word' id='word_1_421' title='bbox 2390 2675 2472 2731; x_wconf 77' lang='lat' dir='ltr'><strong>Me</strong></span> <span class='ocrx_word' id='word_1_422' title='bbox 2500 2675 2644 2730; x_wconf 89' lang='lat' dir='ltr'><strong>enim</strong></span> <span class='ocrx_word' id='word_1_423' title='bbox 2672 2673 2861 2729; x_wconf 74' lang='lat' dir='ltr'><strong>insula:</strong></span> <span class='ocrx_word' id='word_1_424' title='bbox 2885 2683 3223 2743; x_wconf 81' lang='lat' dir='ltr'><strong>exspectant,</strong></span> <span class='ocrx_word' id='word_1_425' title='bbox 3258 2692 3276 2724; x_wconf 74' lang='grc' dir='ltr'><strong>ι</strong></span> <span class='ocrx_word' id='word_1_426' title='bbox 3322 2671 3375 2725; x_wconf 89' lang='lat' dir='ltr'><strong>id</strong></span> <span class='ocrx_word' id='word_1_427' title='bbox 3404 2680 3489 2726; x_wconf 86' lang='lat' dir='ltr'><strong>est</strong></span> <span class='ocrx_word' id='word_1_428' title='bbox 3520 2679 3713 2742; x_wconf 75' lang='lat' dir='ltr'><strong>gentes</strong></span> <span class='ocrx_word' id='word_1_429' title='bbox 3744 2670 3818 2725; x_wconf 84' lang='lat' dir='ltr'><strong>di-</strong></span> 
     </span>
    </p>
   </div>
   <div class='ocr_carea' id='block_1_57' title="bbox 2245 2759 3819 2833">
    <p class='ocr_par' dir='ltr' id='par_1_57' title="bbox 2245 2759 3819 2833">
     <span class='ocr_line' id='line_1_57' title="bbox 2245 2759 3819 2833; baseline -0.006 -9"><span class='ocrx_word' id='word_1_430' title='bbox 2245 2783 2438 2833; x_wconf 75' lang='lat' dir='ltr'><strong>versae,</strong></span> <span class='ocrx_word' id='word_1_431' title='bbox 2467 2764 2759 2822; x_wconf 87' lang='lat' dir='ltr'><strong>secundum</strong></span> <span class='ocrx_word' id='word_1_432' title='bbox 2791 2763 2919 2818; x_wconf 90' lang='lat' dir='ltr'><strong>illud</strong></span> <span class='ocrx_word' id='word_1_433' title='bbox 2952 2762 3119 2818; x_wconf 83' lang='lat' dir='ltr'><strong>Jacob</strong></span> <span class='ocrx_word' id='word_1_434' title='bbox 3152 2760 3302 2833; x_wconf 83' lang='lat' dir='ltr'><strong>(Gen.</strong></span> <span class='ocrx_word' id='word_1_435' title='bbox 3337 2764 3489 2827; x_wconf 65' lang='lat' dir='ltr'><strong>nux)</strong></span> <span class='ocrx_word' id='word_1_436' title='bbox 3523 2780 3537 2813; x_wconf 93' lang='lat'>:</span> <span class='ocrx_word' id='word_1_437' title='bbox 3585 2759 3705 2814; x_wconf 81' lang='lat' dir='ltr'><strong>Non</strong></span> <span class='ocrx_word' id='word_1_438' title='bbox 3735 2760 3819 2815; x_wconf 80' lang='lat' dir='ltr'><strong>de-</strong></span> 
     </span>
    </p>
   </div>
   <div class='ocr_carea' id='block_1_58' title="bbox 2250 2854 3825 2931">
    <p class='ocr_par' dir='ltr' id='par_1_58' title="bbox 2250 2854 3825 2931">
     <span class='ocr_line' id='line_1_58' title="bbox 2250 2854 3825 2931; baseline -0.008 -14"><span class='ocrx_word' id='word_1_439' title='bbox 2250 2860 2397 2917; x_wconf 83' lang='lat' dir='ltr'><strong>ﬁciet</strong></span> <span class='ocrx_word' id='word_1_440' title='bbox 2443 2861 2695 2931; x_wconf 85' lang='lat' dir='ltr'><strong>princeps</strong></span> <span class='ocrx_word' id='word_1_441' title='bbox 2740 2873 2808 2911; x_wconf 77' lang='lat' dir='ltr'><strong>ex</strong></span> <span class='ocrx_word' id='word_1_442' title='bbox 2850 2855 3006 2919; x_wconf 75' lang='lat' dir='ltr'><strong>Juda,</strong></span> <span class='ocrx_word' id='word_1_443' title='bbox 3043 2866 3175 2921; x_wconf 91' lang='lat' dir='ltr'><strong>etc.,</strong></span> <span class='ocrx_word' id='word_1_444' title='bbox 3207 2870 3413 2924; x_wconf 90' lang='lat' dir='ltr'><strong>usque,</strong></span> <span class='ocrx_word' id='word_1_445' title='bbox 3457 2865 3515 2909; x_wconf 78' lang='lat' dir='ltr'><strong>et</strong></span> <span class='ocrx_word' id='word_1_446' title='bbox 3560 2855 3680 2923; x_wconf 84' lang='lat' dir='ltr'><strong>ipse</strong></span> <span class='ocrx_word' id='word_1_447' title='bbox 3727 2854 3825 2906; x_wconf 87' lang='lat' dir='ltr'><strong>erit</strong></span> 
     </span>
    </p>
   </div>
   <div class='ocr_carea' id='block_1_59' title="bbox 2248 2942 3827 3020">
    <p class='ocr_par' dir='ltr' id='par_1_59' title="bbox 2248 2942 3827 3020">
     <span class='ocr_line' id='line_1_59' title="bbox 2248 2942 3827 3020; baseline -0.006 -14"><span class='ocrx_word' id='word_1_448' title='bbox 2248 2950 2581 3020; x_wconf 84' lang='lat' dir='ltr'><strong>exspectatio</strong></span> <span class='ocrx_word' id='word_1_449' title='bbox 2609 2949 2869 3018; x_wconf 87' lang='lat' dir='ltr'><strong>gentium.</strong></span> <span class='ocrx_word' id='word_1_450' title='bbox 2912 2966 2930 2996; x_wconf 74' lang='grc' dir='ltr'><strong>ι</strong></span> <span class='ocrx_word' id='word_1_451' title='bbox 2966 2946 3035 3000; x_wconf 89' lang='grc' dir='ltr'>Ει</span> <span class='ocrx_word' id='word_1_452' title='bbox 3061 2962 3227 3001; x_wconf 87' lang='lat' dir='ltr'><strong>naves</strong></span> <span class='ocrx_word' id='word_1_453' title='bbox 3252 2946 3441 3008; x_wconf 89' lang='lat' dir='ltr'><strong>maris,</strong></span> <span class='ocrx_word' id='word_1_454' title='bbox 3478 2963 3497 2994; x_wconf 74' lang='grc' dir='ltr'><strong>ι</strong></span> <span class='ocrx_word' id='word_1_455' title='bbox 3530 2945 3585 2997; x_wconf 88' lang='lat' dir='ltr'><strong>id</strong></span> <span class='ocrx_word' id='word_1_456' title='bbox 3617 2952 3707 2998; x_wconf 89' lang='lat' dir='ltr'><strong>est</strong></span> <span class='ocrx_word' id='word_1_457' title='bbox 3735 2942 3827 2997; x_wconf 78' lang='lat' dir='ltr'><strong>Ec-</strong></span> 
     </span>
    </p>
   </div>
   <div class='ocr_carea' id='block_1_60' title="bbox 2250 3034 3823 3109">
    <p class='ocr_par' dir='ltr' id='par_1_60' title="bbox 2250 3034 3823 3109">
     <span class='ocr_line' id='line_1_60' title="bbox 2250 3034 3823 3109; baseline -0.006 -13"><span class='ocrx_word' id='word_1_458' title='bbox 2250 3042 2428 3097; x_wconf 64' lang='lat' dir='ltr'><strong>clesia:</strong></span> <span class='ocrx_word' id='word_1_459' title='bbox 2458 3038 2617 3108; x_wconf 83' lang='lat' dir='ltr'><strong>hujus</strong></span> <span class='ocrx_word' id='word_1_460' title='bbox 2641 3038 2827 3094; x_wconf 87' lang='lat' dir='ltr'><strong>mundi</strong></span> <span class='ocrx_word' id='word_1_461' title='bbox 2872 3057 2892 3089; x_wconf 73' lang='grc' dir='ltr'><strong>ι</strong></span> <span class='ocrx_word' id='word_1_462' title='bbox 2937 3039 2990 3093; x_wconf 90' lang='lat' dir='ltr'><strong>in</strong></span> <span class='ocrx_word' id='word_1_463' title='bbox 3019 3038 3286 3109; x_wconf 89' lang='lat' dir='ltr'><strong>principio</strong></span> <span class='ocrx_word' id='word_1_464' title='bbox 3306 3079 3320 3102; x_wconf 92' lang='lat'><strong>,</strong></span> <span class='ocrx_word' id='word_1_465' title='bbox 3353 3057 3370 3089; x_wconf 72' lang='grc' dir='ltr'><strong>ι</strong></span> <span class='ocrx_word' id='word_1_466' title='bbox 3407 3037 3670 3090; x_wconf 81' lang='lat' dir='ltr'><strong>subaudis</strong></span> <span class='ocrx_word' id='word_1_467' title='bbox 3711 3034 3823 3087; x_wconf 84' lang='lat' dir='ltr'><strong>ﬁdei</strong></span> 
     </span>
    </p>
   </div>
   <div class='ocr_carea' id='block_1_61' title="bbox 2251 3127 3820 3198">
    <p class='ocr_par' dir='ltr' id='par_1_61' title="bbox 2251 3127 3820 3198">
     <span class='ocr_line' id='line_1_61' title="bbox 2251 3127 3820 3198; baseline -0.009 -10"><span class='ocrx_word' id='word_1_468' title='bbox 2251 3147 2385 3197; x_wconf 66' lang='lat' dir='ltr'><strong>suae,</strong></span> <span class='ocrx_word' id='word_1_469' title='bbox 2431 3150 2451 3182; x_wconf 70' lang='grc' dir='ltr'><strong>ε</strong></span> <span class='ocrx_word' id='word_1_470' title='bbox 2510 3146 2597 3186; x_wconf 92' lang='lat' dir='ltr'><strong>me</strong></span> <span class='ocrx_word' id='word_1_471' title='bbox 2627 3138 2982 3198; x_wconf 82' lang='lat' dir='ltr'><strong>exspectant,</strong></span> <span class='ocrx_word' id='word_1_472' title='bbox 3022 3138 3083 3183; x_wconf 88' lang='lat' dir='ltr'><strong>ut</strong></span> <span class='ocrx_word' id='word_1_473' title='bbox 3126 3130 3389 3183; x_wconf 83' lang='lat' dir='ltr'><strong>adducam</strong></span> <span class='ocrx_word' id='word_1_474' title='bbox 3440 3127 3580 3181; x_wconf 87' lang='lat' dir='ltr'><strong>ﬁlios</strong></span> <span class='ocrx_word' id='word_1_475' title='bbox 3626 3137 3753 3180; x_wconf 84' lang='lat' dir='ltr'><strong>tuos</strong></span> <span class='ocrx_word' id='word_1_476' title='bbox 3802 3144 3820 3174; x_wconf 76' lang='grc' dir='ltr'><strong>ι</strong></span> 
     </span>
    </p>
   </div>
   <div class='ocr_carea' id='block_1_62' title="bbox 566 3213 3822 3295">
    <p class='ocr_par' dir='ltr' id='par_1_62' title="bbox 566 3213 3822 3295">
     <span class='ocr_line' id='line_1_62' title="bbox 566 3213 3822 3295; baseline -0.005 -9"><span class='ocrx_word' id='word_1_477' title='bbox 566 3220 821 3293; x_wconf 72' lang='lat' dir='ltr'><strong>gregibus</strong></span> <span class='ocrx_word' id='word_1_478' title='bbox 864 3218 1232 3288; x_wconf 67' lang='lat' dir='ltr'><strong>intelliguntur</strong></span> <span class='ocrx_word' id='word_1_479' title='bbox 1270 3214 1542 3287; x_wconf 71' lang='lat' dir='ltr'><strong>principes</strong></span> <span class='ocrx_word' id='word_1_480' title='bbox 1579 3223 1636 3271; x_wconf 76' lang='lat' dir='ltr'><strong>et</strong></span> <span class='ocrx_word' id='word_1_481' title='bbox 1672 3215 1836 3270; x_wconf 72' lang='lat' dir='ltr'><strong>duces</strong></span> <span class='ocrx_word' id='word_1_482' title='bbox 1881 3213 2138 3283; x_wconf 74' lang='lat' dir='ltr'><strong>sentiam.</strong></span> <span class='ocrx_word' id='word_1_483' title='bbox 2171 3213 2216 3276; x_wconf 91' lang='lat' dir='ltr'><strong>C</strong></span> <span class='ocrx_word' id='word_1_484' title='bbox 2249 3223 2475 3295; x_wconf 80' lang='lat' dir='ltr'><strong>gentiles</strong></span> <span class='ocrx_word' id='word_1_485' title='bbox 2510 3239 2528 3272; x_wconf 77' lang='grc' dir='ltr'><strong>ι</strong></span> <span class='ocrx_word' id='word_1_486' title='bbox 2563 3223 2630 3276; x_wconf 92' lang='lat' dir='ltr'><strong>de</strong></span> <span class='ocrx_word' id='word_1_487' title='bbox 2665 3220 2840 3290; x_wconf 89' lang='lat' dir='ltr'><strong>longe,</strong></span> <span class='ocrx_word' id='word_1_488' title='bbox 2873 3239 2891 3272; x_wconf 77' lang='grc' dir='ltr'><strong>ι</strong></span> <span class='ocrx_word' id='word_1_489' title='bbox 2924 3235 2958 3274; x_wconf 90' lang='grc' dir='ltr'>ο</span> <span class='ocrx_word' id='word_1_490' title='bbox 2983 3219 3220 3274; x_wconf 79' lang='lat' dir='ltr'><strong>Ecclesia</strong></span> <span class='ocrx_word' id='word_1_491' title='bbox 3265 3220 3564 3289; x_wconf 71' lang='lat' dir='ltr'><strong>primum,</strong></span> <span class='ocrx_word' id='word_1_492' title='bbox 3605 3218 3712 3284; x_wconf 71' lang='lat' dir='ltr'><strong>hoc</strong></span> <span class='ocrx_word' id='word_1_493' title='bbox 3740 3227 3822 3270; x_wconf 84' lang='lat' dir='ltr'><strong>est</strong></span> 
     </span>
    </p>
   </div>
   <div class='ocr_carea' id='block_1_63' title="bbox 565 3306 2144 3376">
    <p class='ocr_par' dir='ltr' id='par_1_63' title="bbox 565 3306 2144 3376">
     <span class='ocr_line' id='line_1_63' title="bbox 565 3306 2144 3376; baseline -0.006 -6"><span class='ocrx_word' id='word_1_494' title='bbox 565 3312 835 3370; x_wconf 87' lang='lat' dir='ltr'><strong>Nabaioth</strong></span> <span class='ocrx_word' id='word_1_495' title='bbox 864 3325 1006 3367; x_wconf 89' lang='lat' dir='ltr'><strong>unus</strong></span> <span class='ocrx_word' id='word_1_496' title='bbox 1038 3309 1142 3367; x_wconf 81' lang='lat' dir='ltr'><strong>fuit</strong></span> <span class='ocrx_word' id='word_1_497' title='bbox 1181 3308 1411 3365; x_wconf 87' lang='lat' dir='ltr'><strong>ﬁliorum</strong></span> <span class='ocrx_word' id='word_1_498' title='bbox 1449 3306 1708 3362; x_wconf 91' lang='lat' dir='ltr'><strong>lsmaelis.</strong></span> <span class='ocrx_word' id='word_1_499' title='bbox 1752 3306 2144 3376; x_wconf 83' lang='lat' dir='ltr'><strong>interpretatur</strong></span> 
     </span>
    </p>
   </div>
   <div class='ocr_carea' id='block_1_64' title="bbox 564 3398 2138 3467">
    <p class='ocr_par' dir='ltr' id='par_1_64' title="bbox 564 3398 2138 3467">
     <span class='ocr_line' id='line_1_64' title="bbox 564 3398 2138 3467; baseline -0.008 -5"><span class='ocrx_word' id='word_1_500' title='bbox 564 3415 748 3463; x_wconf 86' lang='lat' dir='ltr'><strong>autem</strong></span> <span class='ocrx_word' id='word_1_501' title='bbox 797 3406 975 3463; x_wconf 86' lang='lat' dir='ltr'><strong>Cedar</strong></span> <span class='ocrx_word' id='word_1_502' title='bbox 1023 3401 1247 3457; x_wconf 69' lang='lat' dir='ltr'><strong>tenebrae</strong></span> <span class='ocrx_word' id='word_1_503' title='bbox 1302 3402 1385 3459; x_wconf 86' lang='lat' dir='ltr'><strong>vel</strong></span> <span class='ocrx_word' id='word_1_504' title='bbox 1427 3417 1648 3466; x_wconf 68' lang='lat' dir='ltr'><strong>maeror;</strong></span> <span class='ocrx_word' id='word_1_505' title='bbox 1700 3398 1965 3453; x_wconf 83' lang='lat' dir='ltr'><strong>Nabaioth</strong></span> <span class='ocrx_word' id='word_1_506' title='bbox 2014 3412 2138 3467; x_wconf 84' lang='lat' dir='ltr'><strong>pro-</strong></span> 
     </span>
    </p>
   </div>
   <div class='ocr_carea' id='block_1_65' title="bbox 560 3486 2143 3568">
    <p class='ocr_par' dir='ltr' id='par_1_65' title="bbox 560 3486 2143 3568">
     <span class='ocr_line' id='line_1_65' title="bbox 560 3486 2143 3568; baseline -0.007 -17"><span class='ocrx_word' id='word_1_507' title='bbox 560 3498 762 3568; x_wconf 74' lang='lat' dir='ltr'><strong>phetia.</strong></span> <span class='ocrx_word' id='word_1_508' title='bbox 810 3495 916 3567; x_wconf 81' lang='lat' dir='ltr'><strong>ipsi</strong></span> <span class='ocrx_word' id='word_1_509' title='bbox 969 3494 1062 3565; x_wconf 83' lang='lat' dir='ltr'><strong>qui</strong></span> <span class='ocrx_word' id='word_1_510' title='bbox 1104 3493 1352 3562; x_wconf 87' lang='lat' dir='ltr'><strong>superius</strong></span> <span class='ocrx_word' id='word_1_511' title='bbox 1393 3490 1646 3563; x_wconf 89' lang='lat' dir='ltr'><strong>appellati</strong></span> <span class='ocrx_word' id='word_1_512' title='bbox 1691 3497 1817 3544; x_wconf 91' lang='lat' dir='ltr'><strong>sunt</strong></span> <span class='ocrx_word' id='word_1_513' title='bbox 1854 3486 2046 3543; x_wconf 90' lang='lat' dir='ltr'><strong>cameli</strong></span> <span class='ocrx_word' id='word_1_514' title='bbox 2088 3494 2143 3541; x_wconf 90' lang='lat' dir='ltr'><strong>et</strong></span> 
     </span>
    </p>
   </div>
   <div class='ocr_carea' id='block_1_66' title="bbox 568 3575 2142 3654">
    <p class='ocr_par' dir='ltr' id='par_1_66' title="bbox 568 3575 2142 3654">
     <span class='ocr_line' id='line_1_66' title="bbox 568 3575 2142 3654; baseline -0.008 -12"><span class='ocrx_word' id='word_1_515' title='bbox 568 3585 918 3651; x_wconf 83' lang='lat' dir='ltr'><strong>dromedarii,</strong></span> <span class='ocrx_word' id='word_1_516' title='bbox 968 3582 1073 3654; x_wconf 86' lang='lat' dir='ltr'><strong>ipsi</strong></span> <span class='ocrx_word' id='word_1_517' title='bbox 1117 3590 1276 3637; x_wconf 90' lang='lat' dir='ltr'><strong>erant</strong></span> <span class='ocrx_word' id='word_1_518' title='bbox 1328 3596 1494 3653; x_wconf 89' lang='lat' dir='ltr'><strong>pecus</strong></span> <span class='ocrx_word' id='word_1_519' title='bbox 1541 3580 1738 3644; x_wconf 88' lang='lat' dir='ltr'><strong>Cedar,</strong></span> <span class='ocrx_word' id='word_1_520' title='bbox 1785 3578 1838 3632; x_wconf 91' lang='lat' dir='ltr'><strong>id</strong></span> <span class='ocrx_word' id='word_1_521' title='bbox 1888 3585 1991 3639; x_wconf 90' lang='lat' dir='ltr'><strong>est,</strong></span> <span class='ocrx_word' id='word_1_522' title='bbox 2046 3575 2142 3630; x_wconf 90' lang='lat' dir='ltr'><strong>ﬁlii</strong></span> 
     </span>
    </p>
   </div>
   <div class='ocr_carea' id='block_1_67' title="bbox 566 3667 2141 3742">
    <p class='ocr_par' dir='ltr' id='par_1_67' title="bbox 566 3667 2141 3742">
     <span class='ocr_line' id='line_1_67' title="bbox 566 3667 2141 3742; baseline -0.007 -11"><span class='ocrx_word' id='word_1_523' title='bbox 566 3676 918 3732; x_wconf 85' lang='lat' dir='ltr'><strong>tenebrarum</strong></span> <span class='ocrx_word' id='word_1_524' title='bbox 960 3682 1019 3729; x_wconf 87' lang='lat' dir='ltr'><strong>et</strong></span> <span class='ocrx_word' id='word_1_525' title='bbox 1069 3672 1346 3736; x_wconf 76' lang='lat' dir='ltr'><strong>mmroris,</strong></span> <span class='ocrx_word' id='word_1_526' title='bbox 1388 3671 1585 3742; x_wconf 84' lang='lat' dir='ltr'><strong>quibus</strong></span> <span class='ocrx_word' id='word_1_527' title='bbox 1618 3668 1905 3739; x_wconf 83' lang='lat' dir='ltr'><strong>Apostolus</strong></span> <span class='ocrx_word' id='word_1_528' title='bbox 1956 3667 2086 3721; x_wconf 92' lang='lat' dir='ltr'><strong>dicit</strong></span> <span class='ocrx_word' id='word_1_529' title='bbox 2125 3680 2141 3721; x_wconf 88' lang='lat'><strong>:</strong></span> 
     </span>
    </p>
   </div>
   <div class='ocr_carea' id='block_1_68' title="bbox 560 3758 2143 3834">
    <p class='ocr_par' dir='ltr' id='par_1_68' title="bbox 560 3758 2143 3834">
     <span class='ocr_line' id='line_1_68' title="bbox 560 3758 2143 3834; baseline -0.005 -15"><span class='ocrx_word' id='word_1_530' title='bbox 560 3785 593 3819; x_wconf 58' lang='grc' dir='ltr'>ί</span> <span class='ocrx_word' id='word_1_531' title='bbox 648 3763 851 3822; x_wconf 83' lang='lat' dir='ltr'><strong>Fuistis</strong></span> <span class='ocrx_word' id='word_1_532' title='bbox 898 3762 1191 3834; x_wconf 88' lang='lat' dir='ltr'><strong>aliquando</strong></span> <span class='ocrx_word' id='word_1_533' title='bbox 1242 3762 1494 3827; x_wconf 66' lang='lat' dir='ltr'><strong>tenebrae,</strong></span> <span class='ocrx_word' id='word_1_534' title='bbox 1543 3776 1686 3816; x_wconf 91' lang='lat' dir='ltr'><strong>nunc</strong></span> <span class='ocrx_word' id='word_1_535' title='bbox 1733 3768 1912 3814; x_wconf 87' lang='lat' dir='ltr'><strong>autem</strong></span> <span class='ocrx_word' id='word_1_536' title='bbox 1954 3758 2043 3812; x_wconf 73' lang='lat' dir='ltr'><strong>lux</strong></span> <span class='ocrx_word' id='word_1_537' title='bbox 2088 3758 2143 3812; x_wconf 92' lang='lat' dir='ltr'><strong>in</strong></span> 
     </span>
    </p>
   </div>
   <div class='ocr_carea' id='block_1_69' title="bbox 556 3847 2146 3926">
    <p class='ocr_par' dir='ltr' id='par_1_69' title="bbox 556 3847 2146 3926">
     <span class='ocr_line' id='line_1_69' title="bbox 556 3847 2146 3926; baseline -0.007 -15"><span class='ocrx_word' id='word_1_538' title='bbox 556 3856 799 3913; x_wconf 82' lang='lat' dir='ltr'><strong>Domino</strong></span> <span class='ocrx_word' id='word_1_539' title='bbox 827 3853 1045 3926; x_wconf 79' lang='lat' dir='ltr'><strong>(Ephes.</strong></span> <span class='ocrx_word' id='word_1_540' title='bbox 1076 3851 1149 3921; x_wconf 90' lang='lat' dir='ltr'><strong>v).</strong></span> <span class='ocrx_word' id='word_1_541' title='bbox 1184 3872 1204 3905; x_wconf 72' lang='grc' dir='ltr'><strong>ι</strong></span> <span class='ocrx_word' id='word_1_542' title='bbox 1234 3852 1301 3907; x_wconf 88' lang='lat' dir='ltr'><strong>Et</strong></span> <span class='ocrx_word' id='word_1_543' title='bbox 1326 3866 1341 3905; x_wconf 90' lang='lat'><strong>:</strong></span> <span class='ocrx_word' id='word_1_544' title='bbox 1369 3871 1387 3902; x_wconf 78' lang='grc' dir='ltr'><strong>ι</strong></span> <span class='ocrx_word' id='word_1_545' title='bbox 1418 3849 1587 3917; x_wconf 89' lang='lat' dir='ltr'><strong>Quem</strong></span> <span class='ocrx_word' id='word_1_546' title='bbox 1619 3849 1852 3904; x_wconf 75' lang='lat' dir='ltr'><strong>fructum</strong></span> <span class='ocrx_word' id='word_1_547' title='bbox 1882 3847 2146 3902; x_wconf 83' lang='lat' dir='ltr'><strong>habuistis</strong></span> 
     </span>
    </p>
   </div>
   <div class='ocr_carea' id='block_1_70' title="bbox 568 3937 2147 4014">
    <p class='ocr_par' dir='ltr' id='par_1_70' title="bbox 568 3937 2147 4014">
     <span class='ocr_line' id='line_1_70' title="bbox 568 3937 2147 4014; baseline -0.006 -13"><span class='ocrx_word' id='word_1_548' title='bbox 568 3948 624 4002; x_wconf 88' lang='lat' dir='ltr'><strong>in</strong></span> <span class='ocrx_word' id='word_1_549' title='bbox 653 3946 776 4011; x_wconf 90' lang='lat' dir='ltr'><strong>illis,</strong></span> <span class='ocrx_word' id='word_1_550' title='bbox 796 3945 852 3999; x_wconf 89' lang='lat' dir='ltr'><strong>in</strong></span> <span class='ocrx_word' id='word_1_551' title='bbox 876 3944 1073 4014; x_wconf 86' lang='lat' dir='ltr'><strong>quibus</strong></span> <span class='ocrx_word' id='word_1_552' title='bbox 1101 3957 1245 3998; x_wconf 91' lang='lat' dir='ltr'><strong>nunc</strong></span> <span class='ocrx_word' id='word_1_553' title='bbox 1265 3940 1618 3996; x_wconf 87' lang='lat' dir='ltr'><strong>erubescitis?</strong></span> <span class='ocrx_word' id='word_1_554' title='bbox 1650 3959 1668 3989; x_wconf 77' lang='grc' dir='ltr'><strong>ι</strong></span> <span class='ocrx_word' id='word_1_555' title='bbox 1694 3938 1873 4009; x_wconf 83' lang='lat' dir='ltr'><strong>(Rom.</strong></span> <span class='ocrx_word' id='word_1_556' title='bbox 1910 3938 2010 4009; x_wconf 79' lang='lat' dir='ltr'><strong>vi.)</strong></span> <span class='ocrx_word' id='word_1_557' title='bbox 2043 3937 2147 4008; x_wconf 89' lang='lat' dir='ltr'><strong>lpsi</strong></span> 
     </span>
    </p>
   </div>
   <div class='ocr_carea' id='block_1_71' title="bbox 552 4030 2149 4100">
    <p class='ocr_par' dir='ltr' id='par_1_71' title="bbox 552 4030 2149 4100">
     <span class='ocr_line' id='line_1_71' title="bbox 552 4030 2149 4100; baseline -0.008 -6"><span class='ocrx_word' id='word_1_558' title='bbox 552 4039 734 4095; x_wconf 79' lang='lat' dir='ltr'><strong>etiam</strong></span> <span class='ocrx_word' id='word_1_559' title='bbox 765 4036 1096 4091; x_wconf 70' lang='lat' dir='ltr'><strong>exstiterunt</strong></span> <span class='ocrx_word' id='word_1_560' title='bbox 1117 4034 1319 4088; x_wconf 85' lang='lat' dir='ltr'><strong>arietes</strong></span> <span class='ocrx_word' id='word_1_561' title='bbox 1359 4031 1643 4094; x_wconf 85' lang='lat' dir='ltr'><strong>Nahaioth,</strong></span> <span class='ocrx_word' id='word_1_562' title='bbox 1684 4031 1737 4085; x_wconf 90' lang='lat' dir='ltr'><strong>id</strong></span> <span class='ocrx_word' id='word_1_563' title='bbox 1759 4038 1845 4084; x_wconf 86' lang='lat' dir='ltr'><strong>est</strong></span> <span class='ocrx_word' id='word_1_564' title='bbox 1887 4030 2149 4100; x_wconf 78' lang='lat' dir='ltr'><strong>praedica-</strong></span> 
     </span>
    </p>
   </div>
   <div class='ocr_carea' id='block_1_72' title="bbox 567 4123 2151 4197">
    <p class='ocr_par' dir='ltr' id='par_1_72' title="bbox 567 4123 2151 4197">
     <span class='ocr_line' id='line_1_72' title="bbox 567 4123 2151 4197; baseline -0.006 -10"><span class='ocrx_word' id='word_1_565' title='bbox 567 4144 716 4187; x_wconf 87' lang='lat' dir='ltr'><strong>tores</strong></span> <span class='ocrx_word' id='word_1_566' title='bbox 757 4138 814 4185; x_wconf 91' lang='lat' dir='ltr'><strong>et</strong></span> <span class='ocrx_word' id='word_1_567' title='bbox 858 4127 954 4182; x_wconf 85' lang='lat' dir='ltr'><strong>ﬁlii</strong></span> <span class='ocrx_word' id='word_1_568' title='bbox 992 4127 1403 4197; x_wconf 87' lang='lat' dir='ltr'><strong>prophetarum,</strong></span> <span class='ocrx_word' id='word_1_569' title='bbox 1444 4124 1571 4195; x_wconf 90' lang='lat' dir='ltr'><strong>quia</strong></span> <span class='ocrx_word' id='word_1_570' title='bbox 1609 4136 1674 4178; x_wconf 88' lang='lat' dir='ltr'><strong>ea</strong></span> <span class='ocrx_word' id='word_1_571' title='bbox 1699 4123 1997 4179; x_wconf 87' lang='lat' dir='ltr'><strong>docuerunt</strong></span> <span class='ocrx_word' id='word_1_572' title='bbox 2030 4136 2151 4191; x_wconf 70' lang='lat' dir='ltr'><strong>quae</strong></span> 
     </span>
    </p>
   </div>
   <div class='ocr_carea' id='block_1_73' title="bbox 566 4210 2150 4285">
    <p class='ocr_par' dir='ltr' id='par_1_73' title="bbox 566 4210 2150 4285">
     <span class='ocr_line' id='line_1_73' title="bbox 566 4210 2150 4285; baseline -0.004 -12"><span class='ocrx_word' id='word_1_573' title='bbox 566 4220 653 4274; x_wconf 76' lang='lat' dir='ltr'><strong>lex</strong></span> <span class='ocrx_word' id='word_1_574' title='bbox 686 4229 742 4273; x_wconf 89' lang='lat' dir='ltr'><strong>et</strong></span> <span class='ocrx_word' id='word_1_575' title='bbox 782 4216 1059 4285; x_wconf 62' lang='lat' dir='ltr'><strong>prophetae</strong></span> <span class='ocrx_word' id='word_1_576' title='bbox 1098 4223 1225 4269; x_wconf 88' lang='lat' dir='ltr'><strong>ante</strong></span> <span class='ocrx_word' id='word_1_577' title='bbox 1256 4212 1625 4283; x_wconf 65' lang='lat' dir='ltr'><strong>praedixerunt</strong></span> <span class='ocrx_word' id='word_1_578' title='bbox 1673 4212 1741 4268; x_wconf 88' lang='lat' dir='ltr'><strong>de</strong></span> <span class='ocrx_word' id='word_1_579' title='bbox 1769 4210 2009 4268; x_wconf 88' lang='lat' dir='ltr'><strong>Christo.</strong></span> <span class='ocrx_word' id='word_1_580' title='bbox 2041 4210 2150 4282; x_wconf 90' lang='lat' dir='ltr'><strong>lpsi</strong></span> 
     </span>
    </p>
   </div>
   <div class='ocr_carea' id='block_1_74' title="bbox 564 4307 2152 4379">
    <p class='ocr_par' dir='ltr' id='par_1_74' title="bbox 564 4307 2152 4379">
     <span class='ocr_line' id='line_1_74' title="bbox 564 4307 2152 4379; baseline -0.004 -11"><span class='ocrx_word' id='word_1_581' title='bbox 564 4310 1016 4369; x_wconf 81' lang='lat' dir='ltr'><strong>ministraverqu</strong></span> <span class='ocrx_word' id='word_1_582' title='bbox 1046 4308 1323 4374; x_wconf 57' lang='lat' dir='ltr'><strong>Ecclesia,</strong></span> <span class='ocrx_word' id='word_1_583' title='bbox 1350 4307 1477 4379; x_wconf 86' lang='lat' dir='ltr'><strong>quia</strong></span> <span class='ocrx_word' id='word_1_584' title='bbox 1505 4323 1570 4363; x_wconf 81' lang='lat' dir='ltr'><strong>ex</strong></span> <span class='ocrx_word' id='word_1_585' title='bbox 1600 4308 1733 4379; x_wconf 86' lang='lat' dir='ltr'><strong>ipsis</strong></span> <span class='ocrx_word' id='word_1_586' title='bbox 1757 4308 1993 4363; x_wconf 88' lang='lat' dir='ltr'><strong>ordinati</strong></span> <span class='ocrx_word' id='word_1_587' title='bbox 2026 4315 2152 4363; x_wconf 85' lang='lat' dir='ltr'><strong>sunt</strong></span> 
     </span>
    </p>
   </div>
   <div class='ocr_carea' id='block_1_75' title="bbox 568 4400 2151 4474">
    <p class='ocr_par' dir='ltr' id='par_1_75' title="bbox 568 4400 2151 4474">
     <span class='ocr_line' id='line_1_75' title="bbox 568 4400 2151 4474; baseline -0.001 -16"><span class='ocrx_word' id='word_1_588' title='bbox 568 4401 831 4474; x_wconf 90' lang='lat' dir='ltr'><strong>episcopi,</strong></span> <span class='ocrx_word' id='word_1_589' title='bbox 872 4401 1221 4471; x_wconf 84' lang='lat' dir='ltr'><strong>presbyteri,</strong></span> <span class='ocrx_word' id='word_1_590' title='bbox 1267 4400 1467 4471; x_wconf 81' lang='lat' dir='ltr'><strong>aliique</strong></span> <span class='ocrx_word' id='word_1_591' title='bbox 1512 4400 1745 4455; x_wconf 88' lang='lat' dir='ltr'><strong>ministri</strong></span> <span class='ocrx_word' id='word_1_592' title='bbox 1795 4400 2054 4456; x_wconf 83' lang='lat' dir='ltr'><strong>Ecclesiae</strong></span> <span class='ocrx_word' id='word_1_593' title='bbox 2094 4409 2151 4456; x_wconf 89' lang='lat' dir='ltr'><strong>et</strong></span> 
     </span>
    </p>
   </div>
   <div class='ocr_carea' id='block_1_76' title="bbox 570 4488 2148 4560">
    <p class='ocr_par' dir='ltr' id='par_1_76' title="bbox 570 4488 2148 4560">
     <span class='ocr_line' id='line_1_76' title="bbox 570 4488 2148 4560; baseline -0.002 -13"><span class='ocrx_word' id='word_1_594' title='bbox 570 4494 861 4554; x_wconf 88' lang='lat' dir='ltr'><strong>doctores,</strong></span> <span class='ocrx_word' id='word_1_595' title='bbox 915 4490 1009 4560; x_wconf 90' lang='lat' dir='ltr'><strong>qui</strong></span> <span class='ocrx_word' id='word_1_596' title='bbox 1056 4489 1142 4544; x_wconf 90' lang='lat' dir='ltr'><strong>vel</strong></span> <span class='ocrx_word' id='word_1_597' title='bbox 1178 4498 1307 4544; x_wconf 91' lang='lat' dir='ltr'><strong>tunc</strong></span> <span class='ocrx_word' id='word_1_598' title='bbox 1354 4488 1872 4545; x_wconf 78' lang='lat' dir='ltr'><strong>administraverant</strong></span> <span class='ocrx_word' id='word_1_599' title='bbox 1920 4489 2148 4545; x_wconf 90' lang='lat' dir='ltr'><strong>Domino</strong></span> 
     </span>
    </p>
   </div>
   <div class='ocr_carea' id='block_1_77' title="bbox 2250 3305 3817 3380">
    <p class='ocr_par' dir='ltr' id='par_1_77' title="bbox 2250 3305 3817 3380">
     <span class='ocr_line' id='line_1_77' title="bbox 2250 3305 3817 3380; baseline -0.007 -8"><span class='ocrx_word' id='word_1_600' title='bbox 2250 3317 2316 3372; x_wconf 87' lang='lat' dir='ltr'><strong>de</strong></span> <span class='ocrx_word' id='word_1_601' title='bbox 2347 3312 2665 3369; x_wconf 87' lang='lat' dir='ltr'><strong>idololatria.</strong></span> <span class='ocrx_word' id='word_1_602' title='bbox 2706 3330 2724 3361; x_wconf 74' lang='grc' dir='ltr'><strong>ι</strong></span> <span class='ocrx_word' id='word_1_603' title='bbox 2752 3310 3047 3380; x_wconf 77' lang='lat' dir='ltr'><strong>Argentum</strong></span> <span class='ocrx_word' id='word_1_604' title='bbox 3070 3325 3278 3374; x_wconf 89' lang='lat' dir='ltr'><strong>eorum,</strong></span> <span class='ocrx_word' id='word_1_605' title='bbox 3321 3330 3338 3361; x_wconf 72' lang='grc' dir='ltr'><strong>ι</strong></span> <span class='ocrx_word' id='word_1_606' title='bbox 3366 3310 3416 3364; x_wconf 87' lang='lat' dir='ltr'><strong>id</strong></span> <span class='ocrx_word' id='word_1_607' title='bbox 3435 3318 3517 3363; x_wconf 85' lang='lat' dir='ltr'><strong>est</strong></span> <span class='ocrx_word' id='word_1_608' title='bbox 3542 3305 3817 3361; x_wconf 74' lang='lat' dir='ltr'><strong>confessio</strong></span> 
     </span>
    </p>
   </div>
   <div class='ocr_carea' id='block_1_78' title="bbox 2254 3400 3821 3471">
    <p class='ocr_par' dir='ltr' id='par_1_78' title="bbox 2254 3400 3821 3471">
     <span class='ocr_line' id='line_1_78' title="bbox 2254 3400 3821 3471; baseline -0.006 -12"><span class='ocrx_word' id='word_1_609' title='bbox 2254 3404 2403 3469; x_wconf 92' lang='lat' dir='ltr'><strong>ﬁdei,</strong></span> <span class='ocrx_word' id='word_1_610' title='bbox 2443 3403 2532 3457; x_wconf 89' lang='lat' dir='ltr'><strong>vel</strong></span> <span class='ocrx_word' id='word_1_611' title='bbox 2580 3401 2866 3471; x_wconf 88' lang='lat' dir='ltr'><strong>sapientia,</strong></span> <span class='ocrx_word' id='word_1_612' title='bbox 2909 3401 3024 3455; x_wconf 87' lang='lat' dir='ltr'><strong>sive</strong></span> <span class='ocrx_word' id='word_1_613' title='bbox 3068 3400 3440 3470; x_wconf 85' lang='lat' dir='ltr'><strong>intelligentia,</strong></span> <span class='ocrx_word' id='word_1_614' title='bbox 3469 3416 3487 3448; x_wconf 74' lang='grc' dir='ltr'><strong>ι</strong></span> <span class='ocrx_word' id='word_1_615' title='bbox 3530 3408 3588 3451; x_wconf 86' lang='lat' dir='ltr'><strong>et</strong></span> <span class='ocrx_word' id='word_1_616' title='bbox 3627 3411 3821 3450; x_wconf 84' lang='lat' dir='ltr'><strong>aurum</strong></span> 
     </span>
    </p>
   </div>
   <div class='ocr_carea' id='block_1_79' title="bbox 2253 3488 3824 3557">
    <p class='ocr_par' dir='ltr' id='par_1_79' title="bbox 2253 3488 3824 3557">
     <span class='ocr_line' id='line_1_79' title="bbox 2253 3488 3824 3557; baseline -0.006 -7"><span class='ocrx_word' id='word_1_617' title='bbox 2253 3509 2441 3551; x_wconf 90' lang='lat' dir='ltr'><strong>eorum</strong></span> <span class='ocrx_word' id='word_1_618' title='bbox 2471 3508 2594 3548; x_wconf 93' lang='lat' dir='ltr'><strong>cum</strong></span> <span class='ocrx_word' id='word_1_619' title='bbox 2621 3492 2723 3557; x_wconf 91' lang='lat' dir='ltr'><strong>eis,</strong></span> <span class='ocrx_word' id='word_1_620' title='bbox 2756 3511 2775 3544; x_wconf 75' lang='grc' dir='ltr'><strong>ι</strong></span> <span class='ocrx_word' id='word_1_621' title='bbox 2809 3492 2913 3546; x_wconf 93' lang='lat' dir='ltr'><strong>hoc</strong></span> <span class='ocrx_word' id='word_1_622' title='bbox 2939 3499 3044 3555; x_wconf 90' lang='lat' dir='ltr'><strong>est,</strong></span> <span class='ocrx_word' id='word_1_623' title='bbox 3084 3505 3277 3546; x_wconf 90' lang='lat' dir='ltr'><strong>sensus</strong></span> <span class='ocrx_word' id='word_1_624' title='bbox 3313 3489 3466 3553; x_wconf 88' lang='lat' dir='ltr'><strong>ﬁdei;</strong></span> <span class='ocrx_word' id='word_1_625' title='bbox 3508 3488 3651 3542; x_wconf 89' lang='lat' dir='ltr'><strong>unde</strong></span> <span class='ocrx_word' id='word_1_626' title='bbox 3696 3488 3824 3541; x_wconf 81' lang='lat' dir='ltr'><strong>dici-</strong></span> 
     </span>
    </p>
   </div>
   <div class='ocr_carea' id='block_1_80' title="bbox 2253 3580 3827 3651">
    <p class='ocr_par' dir='ltr' id='par_1_80' title="bbox 2253 3580 3827 3651">
     <span class='ocr_line' id='line_1_80' title="bbox 2253 3580 3827 3651; baseline -0.006 -11"><span class='ocrx_word' id='word_1_627' title='bbox 2253 3594 2344 3640; x_wconf 90' lang='lat' dir='ltr'><strong>tur</strong></span> <span class='ocrx_word' id='word_1_628' title='bbox 2373 3601 2387 3637; x_wconf 91' lang='lat'><strong>:</strong></span> <span class='ocrx_word' id='word_1_629' title='bbox 2426 3602 2445 3635; x_wconf 72' lang='grc' dir='ltr'><strong>ι</strong></span> <span class='ocrx_word' id='word_1_630' title='bbox 2476 3582 2651 3639; x_wconf 89' lang='lat' dir='ltr'><strong>Corde</strong></span> <span class='ocrx_word' id='word_1_631' title='bbox 2686 3581 2925 3637; x_wconf 84' lang='lat' dir='ltr'><strong>creditur</strong></span> <span class='ocrx_word' id='word_1_632' title='bbox 2961 3581 3025 3634; x_wconf 87' lang='lat' dir='ltr'><strong>ad</strong></span> <span class='ocrx_word' id='word_1_633' title='bbox 3046 3580 3335 3651; x_wconf 83' lang='lat' dir='ltr'><strong>justitiam,</strong></span> <span class='ocrx_word' id='word_1_634' title='bbox 3364 3592 3462 3634; x_wconf 90' lang='lat' dir='ltr'><strong>ore</strong></span> <span class='ocrx_word' id='word_1_635' title='bbox 3496 3586 3682 3631; x_wconf 82' lang='lat' dir='ltr'><strong>autem</strong></span> <span class='ocrx_word' id='word_1_636' title='bbox 3706 3593 3827 3631; x_wconf 77' lang='lat' dir='ltr'><strong>cou-</strong></span> 
     </span>
    </p>
   </div>
   <div class='ocr_carea' id='block_1_81' title="bbox 2249 3670 3258 3744">
    <p class='ocr_par' dir='ltr' id='par_1_81' title="bbox 2249 3670 3258 3744">
     <span class='ocr_line' id='line_1_81' title="bbox 2249 3670 3258 3744; baseline -0.008 -13"><span class='ocrx_word' id='word_1_637' title='bbox 2249 3675 2413 3731; x_wconf 78' lang='lat' dir='ltr'><strong>fessio</strong></span> <span class='ocrx_word' id='word_1_638' title='bbox 2445 3672 2507 3727; x_wconf 88' lang='lat' dir='ltr'><strong>ﬁt</strong></span> <span class='ocrx_word' id='word_1_639' title='bbox 2542 3673 2609 3728; x_wconf 93' lang='lat' dir='ltr'><strong>ad</strong></span> <span class='ocrx_word' id='word_1_640' title='bbox 2642 3670 3083 3743; x_wconf 85' lang='lat' dir='ltr'><strong>salutem,(Rom.</strong></span> <span class='ocrx_word' id='word_1_641' title='bbox 3112 3671 3201 3744; x_wconf 69' lang='grc' dir='ltr'><strong>ι).</strong></span> <span class='ocrx_word' id='word_1_642' title='bbox 3240 3690 3258 3723; x_wconf 78' lang='grc' dir='ltr'><strong>ι</strong></span> 
     </span>
    </p>
   </div>
   <div class='ocr_carea' id='block_1_82' title="bbox 2335 3762 3832 3829">
    <p class='ocr_par' dir='ltr' id='par_1_82' title="bbox 2335 3762 3832 3829">
     <span class='ocr_line' id='line_1_82' title="bbox 2335 3762 3832 3829; baseline -0.003 -8"><span class='ocrx_word' id='word_1_643' title='bbox 2335 3787 2355 3820; x_wconf 71' lang='grc' dir='ltr'><strong>ι</strong></span> <span class='ocrx_word' id='word_1_644' title='bbox 2400 3765 2617 3821; x_wconf 83' lang='lat' dir='ltr'><strong>Nemini</strong></span> <span class='ocrx_word' id='word_1_645' title='bbox 2669 3765 2759 3820; x_wconf 88' lang='lat' dir='ltr'><strong>Dei</strong></span> <span class='ocrx_word' id='word_1_646' title='bbox 2796 3766 2898 3828; x_wconf 90' lang='lat' dir='ltr'><strong>tui,</strong></span> <span class='ocrx_word' id='word_1_647' title='bbox 2944 3775 2999 3819; x_wconf 91' lang='lat' dir='ltr'><strong>et</strong></span> <span class='ocrx_word' id='word_1_648' title='bbox 3043 3773 3233 3819; x_wconf 89' lang='lat' dir='ltr'><strong>sancto</strong></span> <span class='ocrx_word' id='word_1_649' title='bbox 3273 3764 3456 3829; x_wconf 85' lang='lat' dir='ltr'><strong>Israel,</strong></span> <span class='ocrx_word' id='word_1_650' title='bbox 3492 3783 3513 3815; x_wconf 73' lang='grc' dir='ltr'><strong>ι</strong></span> <span class='ocrx_word' id='word_1_651' title='bbox 3570 3762 3832 3817; x_wconf 82' lang='lat' dir='ltr'><strong>subaudis</strong></span> 
     </span>
    </p>
   </div>
   <div class='ocr_carea' id='block_1_83' title="bbox 2255 3853 3833 3925">
    <p class='ocr_par' dir='ltr' id='par_1_83' title="bbox 2255 3853 3833 3925">
     <span class='ocr_line' id='line_1_83' title="bbox 2255 3853 3833 3925; baseline -0.003 -14"><span class='ocrx_word' id='word_1_652' title='bbox 2255 3857 2456 3921; x_wconf 90' lang='lat' dir='ltr'><strong>veniet,</strong></span> <span class='ocrx_word' id='word_1_653' title='bbox 2476 3856 2598 3925; x_wconf 92' lang='lat' dir='ltr'><strong>quia</strong></span> <span class='ocrx_word' id='word_1_654' title='bbox 2633 3854 2953 3925; x_wconf 82' lang='lat' dir='ltr'><strong>gloriﬁcabit</strong></span> <span class='ocrx_word' id='word_1_655' title='bbox 2981 3866 3032 3908; x_wconf 88' lang='lat' dir='ltr'><strong>te</strong></span> <span class='ocrx_word' id='word_1_656' title='bbox 3058 3869 3154 3924; x_wconf 91' lang='lat' dir='ltr'><strong>per</strong></span> <span class='ocrx_word' id='word_1_657' title='bbox 3180 3855 3316 3910; x_wconf 88' lang='lat' dir='ltr'><strong>illos.</strong></span> <span class='ocrx_word' id='word_1_658' title='bbox 3352 3875 3369 3906; x_wconf 77' lang='grc' dir='ltr'><strong>ι</strong></span> <span class='ocrx_word' id='word_1_659' title='bbox 3402 3855 3468 3909; x_wconf 82' lang='lat' dir='ltr'><strong>Et</strong></span> <span class='ocrx_word' id='word_1_660' title='bbox 3486 3853 3833 3909; x_wconf 62' lang='lat' dir='ltr'><strong>adiﬁcabunt</strong></span> 
     </span>
    </p>
   </div>
   <div class='ocr_carea' id='block_1_84' title="bbox 2262 3944 3830 4019">
    <p class='ocr_par' dir='ltr' id='par_1_84' title="bbox 2262 3944 3830 4019">
     <span class='ocr_line' id='line_1_84' title="bbox 2262 3944 3830 4019; baseline -0.005 -16"><span class='ocrx_word' id='word_1_661' title='bbox 2262 3949 2356 4003; x_wconf 88' lang='lat' dir='ltr'><strong>ﬁlii</strong></span> <span class='ocrx_word' id='word_1_662' title='bbox 2384 3946 2812 4019; x_wconf 86' lang='lat' dir='ltr'><strong>peregrinorum,</strong></span> <span class='ocrx_word' id='word_1_663' title='bbox 2842 3959 3027 3999; x_wconf 89' lang='lat' dir='ltr'><strong>muros</strong></span> <span class='ocrx_word' id='word_1_664' title='bbox 3070 3954 3207 4003; x_wconf 91' lang='lat' dir='ltr'><strong>tuos.</strong></span> <span class='ocrx_word' id='word_1_665' title='bbox 3252 3954 3305 3999; x_wconf 92' lang='lat' dir='ltr'><strong>et</strong></span> <span class='ocrx_word' id='word_1_666' title='bbox 3331 3960 3487 4017; x_wconf 76' lang='lat' dir='ltr'><strong>reges</strong></span> <span class='ocrx_word' id='word_1_667' title='bbox 3514 3959 3708 3999; x_wconf 81' lang='lat' dir='ltr'><strong>eonnn</strong></span> <span class='ocrx_word' id='word_1_668' title='bbox 3732 3944 3830 3995; x_wconf 88' lang='lat' dir='ltr'><strong>mi-</strong></span> 
     </span>
    </p>
   </div>
   <div class='ocr_carea' id='block_1_85' title="bbox 2262 4031 3833 4103">
    <p class='ocr_par' dir='ltr' id='par_1_85' title="bbox 2262 4031 3833 4103">
     <span class='ocr_line' id='line_1_85' title="bbox 2262 4031 3833 4103; baseline -0.005 -12"><span class='ocrx_word' id='word_1_669' title='bbox 2262 4036 2573 4091; x_wconf 88' lang='lat' dir='ltr'><strong>nistrabunt</strong></span> <span class='ocrx_word' id='word_1_670' title='bbox 2601 4033 2717 4089; x_wconf 84' lang='lat' dir='ltr'><strong>tibi.</strong></span> <span class='ocrx_word' id='word_1_671' title='bbox 2752 4052 2769 4084; x_wconf 75' lang='grc'><strong>»</strong></span> <span class='ocrx_word' id='word_1_672' title='bbox 2804 4032 2917 4087; x_wconf 83' lang='lat' dir='ltr'><strong>Hoc</strong></span> <span class='ocrx_word' id='word_1_673' title='bbox 2935 4041 2989 4087; x_wconf 87' lang='lat' dir='ltr'><strong>et</strong></span> <span class='ocrx_word' id='word_1_674' title='bbox 3013 4033 3363 4088; x_wconf 88' lang='lat' dir='ltr'><strong>historialiter</strong></span> <span class='ocrx_word' id='word_1_675' title='bbox 3393 4042 3448 4087; x_wconf 89' lang='lat' dir='ltr'><strong>et</strong></span> <span class='ocrx_word' id='word_1_676' title='bbox 3470 4031 3833 4103; x_wconf 83' lang='lat' dir='ltr'><strong>spiritualiter</strong></span> 
     </span>
    </p>
   </div>
   <div class='ocr_carea' id='block_1_86' title="bbox 2264 4123 3829 4198">
    <p class='ocr_par' dir='ltr' id='par_1_86' title="bbox 2264 4123 3829 4198">
     <span class='ocr_line' id='line_1_86' title="bbox 2264 4123 3829 4198; baseline -0.006 -14"><span class='ocrx_word' id='word_1_677' title='bbox 2264 4129 2435 4198; x_wconf 91' lang='lat' dir='ltr'><strong>accipi</strong></span> <span class='ocrx_word' id='word_1_678' title='bbox 2502 4135 2699 4198; x_wconf 88' lang='lat' dir='ltr'><strong>potest.</strong></span> <span class='ocrx_word' id='word_1_679' title='bbox 2755 4124 2920 4181; x_wconf 81' lang='lat' dir='ltr'><strong>Filios</strong></span> <span class='ocrx_word' id='word_1_680' title='bbox 2978 4126 3408 4196; x_wconf 85' lang='lat' dir='ltr'><strong>peregrinorum,</strong></span> <span class='ocrx_word' id='word_1_681' title='bbox 3457 4133 3731 4193; x_wconf 78' lang='lat' dir='ltr'><strong>quantum</strong></span> <span class='ocrx_word' id='word_1_682' title='bbox 3766 4123 3829 4175; x_wconf 82' lang='lat' dir='ltr'><strong>ad</strong></span> 
     </span>
    </p>
   </div>
   <div class='ocr_carea' id='block_1_87' title="bbox 2257 4215 3833 4288">
    <p class='ocr_par' dir='ltr' id='par_1_87' title="bbox 2257 4215 3833 4288">
     <span class='ocr_line' id='line_1_87' title="bbox 2257 4215 3833 4288; baseline -0.006 -13"><span class='ocrx_word' id='word_1_683' title='bbox 2257 4220 2494 4275; x_wconf 88' lang='lat' dir='ltr'><strong>litteram</strong></span> <span class='ocrx_word' id='word_1_684' title='bbox 2522 4218 2775 4288; x_wconf 88' lang='lat' dir='ltr'><strong>pertinet,</strong></span> <span class='ocrx_word' id='word_1_685' title='bbox 2817 4215 3049 4286; x_wconf 86' lang='lat' dir='ltr'><strong>appellat</strong></span> <span class='ocrx_word' id='word_1_686' title='bbox 3092 4215 3233 4270; x_wconf 88' lang='lat' dir='ltr'><strong>ﬁlios</strong></span> <span class='ocrx_word' id='word_1_687' title='bbox 3273 4216 3542 4285; x_wconf 86' lang='lat' dir='ltr'><strong>gentium,</strong></span> <span class='ocrx_word' id='word_1_688' title='bbox 3585 4224 3639 4268; x_wconf 87' lang='lat' dir='ltr'><strong>et</strong></span> <span class='ocrx_word' id='word_1_689' title='bbox 3682 4228 3833 4284; x_wconf 81' lang='lat' dir='ltr'><strong>reges</strong></span> 
     </span>
    </p>
   </div>
   <div class='ocr_carea' id='block_1_88' title="bbox 2252 4305 3832 4377">
    <p class='ocr_par' dir='ltr' id='par_1_88' title="bbox 2252 4305 3832 4377">
     <span class='ocr_line' id='line_1_88' title="bbox 2252 4305 3832 4377; baseline -0.003 -13"><span class='ocrx_word' id='word_1_690' title='bbox 2252 4310 2504 4366; x_wconf 84' lang='lat' dir='ltr'><strong>videlicet</strong></span> <span class='ocrx_word' id='word_1_691' title='bbox 2554 4316 2610 4363; x_wconf 91' lang='lat' dir='ltr'><strong>et</strong></span> <span class='ocrx_word' id='word_1_692' title='bbox 2660 4307 2931 4377; x_wconf 90' lang='lat' dir='ltr'><strong>principes</strong></span> <span class='ocrx_word' id='word_1_693' title='bbox 2976 4321 3040 4360; x_wconf 87' lang='lat' dir='ltr'><strong>ac</strong></span> <span class='ocrx_word' id='word_1_694' title='bbox 3080 4314 3369 4375; x_wconf 88' lang='lat' dir='ltr'><strong>potentes,</strong></span> <span class='ocrx_word' id='word_1_695' title='bbox 3418 4305 3513 4374; x_wconf 87' lang='lat' dir='ltr'><strong>qui</strong></span> <span class='ocrx_word' id='word_1_696' title='bbox 3575 4305 3832 4359; x_wconf 77' lang='lat' dir='ltr'><strong>ecclesias</strong></span> 
     </span>
    </p>
   </div>
   <div class='ocr_carea' id='block_1_89' title="bbox 2252 4401 3833 4472">
    <p class='ocr_par' dir='ltr' id='par_1_89' title="bbox 2252 4401 3833 4472">
     <span class='ocr_line' id='line_1_89' title="bbox 2252 4401 3833 4472; baseline -0.006 -11"><span class='ocrx_word' id='word_1_697' title='bbox 2252 4405 2453 4461; x_wconf 88' lang='lat' dir='ltr'><strong>Christi</strong></span> <span class='ocrx_word' id='word_1_698' title='bbox 2508 4402 2907 4460; x_wconf 79' lang='lat' dir='ltr'><strong>:ediﬁcaverunt</strong></span> <span class='ocrx_word' id='word_1_699' title='bbox 2960 4417 3059 4472; x_wconf 81' lang='lat' dir='ltr'><strong>per</strong></span> <span class='ocrx_word' id='word_1_700' title='bbox 3106 4402 3424 4456; x_wconf 88' lang='lat' dir='ltr'><strong>universum</strong></span> <span class='ocrx_word' id='word_1_701' title='bbox 3488 4401 3731 4463; x_wconf 85' lang='lat' dir='ltr'><strong>orbem,</strong></span> <span class='ocrx_word' id='word_1_702' title='bbox 3774 4407 3833 4452; x_wconf 77' lang='lat' dir='ltr'><strong>ut</strong></span> 
     </span>
    </p>
   </div>
   <div class='ocr_carea' id='block_1_90' title="bbox 2252 4490 3830 4551">
    <p class='ocr_par' dir='ltr' id='par_1_90' title="bbox 2252 4490 3830 4551">
     <span class='ocr_line' id='line_1_90' title="bbox 2252 4490 3830 4551; baseline -0.005 0"><span class='ocrx_word' id='word_1_703' title='bbox 2252 4493 2638 4551; x_wconf 88' lang='lat' dir='ltr'><strong>Constantinus</strong></span> <span class='ocrx_word' id='word_1_704' title='bbox 2682 4492 2966 4547; x_wconf 89' lang='lat' dir='ltr'><strong>duodecim</strong></span> <span class='ocrx_word' id='word_1_705' title='bbox 3012 4491 3271 4547; x_wconf 87' lang='lat' dir='ltr'><strong>ecclesias</strong></span> <span class='ocrx_word' id='word_1_706' title='bbox 3311 4491 3501 4546; x_wconf 73' lang='lat' dir='ltr'><strong>Roma:</strong></span> <span class='ocrx_word' id='word_1_707' title='bbox 3549 4490 3830 4545; x_wconf 79' lang='lat' dir='ltr'><strong>fabricavit</strong></span> 
     </span>
    </p>
   </div>
   <div class='ocr_carea' id='block_1_91' title="bbox 569 4567 3834 4657">
    <p class='ocr_par' dir='ltr' id='par_1_91' title="bbox 569 4567 3834 4657">
     <span class='ocr_line' id='line_1_91' title="bbox 569 4567 3834 4657; baseline 0 -21"><span class='ocrx_word' id='word_1_708' title='bbox 569 4581 788 4652; x_wconf 83' lang='lat' dir='ltr'><strong>quando</strong></span> <span class='ocrx_word' id='word_1_709' title='bbox 826 4594 1025 4650; x_wconf 85' lang='lat' dir='ltr'><strong>corpus</strong></span> <span class='ocrx_word' id='word_1_710' title='bbox 1069 4588 1126 4635; x_wconf 90' lang='lat' dir='ltr'><strong>et</strong></span> <span class='ocrx_word' id='word_1_711' title='bbox 1170 4579 1487 4650; x_wconf 86' lang='lat' dir='ltr'><strong>sanguinem</strong></span> <span class='ocrx_word' id='word_1_712' title='bbox 1527 4578 1671 4637; x_wconf 90' lang='lat' dir='ltr'><strong>illius</strong></span> <span class='ocrx_word' id='word_1_713' title='bbox 1707 4579 1954 4635; x_wconf 88' lang='lat' dir='ltr'><strong>ﬁdelibus</strong></span> <span class='ocrx_word' id='word_1_714' title='bbox 1980 4581 2149 4636; x_wconf 88' lang='lat' dir='ltr'><strong>tradi-</strong></span> <span class='ocrx_word' id='word_1_715' title='bbox 2176 4567 2228 4627; x_wconf 78' lang='grc' dir='ltr'>Π</span> <span class='ocrx_word' id='word_1_716' title='bbox 2253 4587 2309 4642; x_wconf 84' lang='lat' dir='ltr'><strong>in</strong></span> <span class='ocrx_word' id='word_1_717' title='bbox 2360 4587 2565 4642; x_wconf 83' lang='lat' dir='ltr'><strong>honore</strong></span> <span class='ocrx_word' id='word_1_718' title='bbox 2613 4587 2897 4642; x_wconf 87' lang='lat' dir='ltr'><strong>duodecim</strong></span> <span class='ocrx_word' id='word_1_719' title='bbox 2947 4586 3312 4657; x_wconf 90' lang='lat' dir='ltr'><strong>apostolorum</strong></span> <span class='ocrx_word' id='word_1_720' title='bbox 3346 4627 3359 4650; x_wconf 98' lang='lat'><strong>,</strong></span> <span class='ocrx_word' id='word_1_721' title='bbox 3418 4585 3627 4655; x_wconf 89' lang='lat' dir='ltr'><strong>aliique</strong></span> <span class='ocrx_word' id='word_1_722' title='bbox 3683 4584 3834 4639; x_wconf 85' lang='lat' dir='ltr'><strong>multi</strong></span> 
     </span>
    </p>
   </div>
   <div class='ocr_carea' id='block_1_92' title="bbox 567 4668 2146 4740">
    <p class='ocr_par' dir='ltr' id='par_1_92' title="bbox 567 4668 2146 4740">
     <span class='ocr_line' id='line_1_92' title="bbox 567 4668 2146 4740; baseline -0.001 -13"><span class='ocrx_word' id='word_1_723' title='bbox 567 4672 787 4737; x_wconf 88' lang='lat' dir='ltr'><strong>derunt,</strong></span> <span class='ocrx_word' id='word_1_724' title='bbox 810 4670 896 4726; x_wconf 86' lang='lat' dir='ltr'><strong>vel</strong></span> <span class='ocrx_word' id='word_1_725' title='bbox 918 4670 1138 4740; x_wconf 89' lang='lat' dir='ltr'><strong>quando</strong></span> <span class='ocrx_word' id='word_1_726' title='bbox 1165 4670 1392 4725; x_wconf 86' lang='lat' dir='ltr'><strong>verbum</strong></span> <span class='ocrx_word' id='word_1_727' title='bbox 1423 4669 1684 4725; x_wconf 72' lang='lat' dir='ltr'><strong>doctrina:</strong></span> <span class='ocrx_word' id='word_1_728' title='bbox 1710 4668 1831 4739; x_wconf 81' lang='lat' dir='ltr'><strong>ejus</strong></span> <span class='ocrx_word' id='word_1_729' title='bbox 1866 4670 2146 4740; x_wconf 88' lang='lat' dir='ltr'><strong>impende-</strong></span> 
     </span>
    </p>
   </div>
   <div class='ocr_carea' id='block_1_93' title="bbox 560 4762 2149 4832">
    <p class='ocr_par' dir='ltr' id='par_1_93' title="bbox 560 4762 2149 4832">
     <span class='ocr_line' id='line_1_93' title="bbox 560 4762 2149 4832; baseline -0.003 -13"><span class='ocrx_word' id='word_1_730' title='bbox 560 4773 720 4820; x_wconf 74' lang='lat' dir='ltr'><strong>.runt.</strong></span> <span class='ocrx_word' id='word_1_731' title='bbox 758 4781 777 4815; x_wconf 73' lang='grc' dir='ltr'><strong>ε</strong></span> <span class='ocrx_word' id='word_1_732' title='bbox 813 4762 1121 4819; x_wconf 79' lang='lat' dir='ltr'><strong>Oﬂ&#39;erentur</strong></span> <span class='ocrx_word' id='word_1_733' title='bbox 1173 4781 1192 4814; x_wconf 74' lang='grc' dir='ltr'><strong>ι</strong></span> <span class='ocrx_word' id='word_1_734' title='bbox 1242 4762 1344 4831; x_wconf 87' lang='lat' dir='ltr'><strong>ipsi</strong></span> <span class='ocrx_word' id='word_1_735' title='bbox 1391 4763 1588 4817; x_wconf 88' lang='lat' dir='ltr'><strong>arietes</strong></span> <span class='ocrx_word' id='word_1_736' title='bbox 1621 4782 1639 4814; x_wconf 73' lang='grc' dir='ltr'><strong>ι</strong></span> <span class='ocrx_word' id='word_1_737' title='bbox 1688 4777 1851 4832; x_wconf 84' lang='lat' dir='ltr'><strong>super</strong></span> <span class='ocrx_word' id='word_1_738' title='bbox 1886 4762 2149 4832; x_wconf 86' lang='lat' dir='ltr'><strong>placabile</strong></span> 
     </span>
    </p>
   </div>
   <div class='ocr_carea' id='block_1_94' title="bbox 565 4850 2151 4923">
    <p class='ocr_par' dir='ltr' id='par_1_94' title="bbox 565 4850 2151 4923">
     <span class='ocr_line' id='line_1_94' title="bbox 565 4850 2151 4923; baseline -0.003 -14"><span class='ocrx_word' id='word_1_739' title='bbox 565 4854 744 4909; x_wconf 81' lang='lat' dir='ltr'><strong>altare</strong></span> <span class='ocrx_word' id='word_1_740' title='bbox 795 4867 972 4907; x_wconf 87' lang='lat' dir='ltr'><strong>meum</strong></span> <span class='ocrx_word' id='word_1_741' title='bbox 990 4892 1012 4917; x_wconf 35' lang='grc' dir='ltr'><strong>ν,</strong></span> <span class='ocrx_word' id='word_1_742' title='bbox 1056 4860 1112 4908; x_wconf 90' lang='lat' dir='ltr'><strong>et</strong></span> <span class='ocrx_word' id='word_1_743' title='bbox 1155 4852 1375 4907; x_wconf 88' lang='lat' dir='ltr'><strong>domum</strong></span> <span class='ocrx_word' id='word_1_744' title='bbox 1418 4851 1719 4920; x_wconf 77' lang='lat' dir='ltr'><strong>maiestatis</strong></span> <span class='ocrx_word' id='word_1_745' title='bbox 1784 4866 1918 4907; x_wconf 79' lang='lat' dir='ltr'><strong>meae</strong></span> <span class='ocrx_word' id='word_1_746' title='bbox 1951 4850 2151 4923; x_wconf 82' lang='lat' dir='ltr'><strong>gloriﬁ-</strong></span> 
     </span>
    </p>
   </div>
   <div class='ocr_carea' id='block_1_95' title="bbox 572 4944 2150 5014">
    <p class='ocr_par' dir='ltr' id='par_1_95' title="bbox 572 4944 2150 5014">
     <span class='ocr_line' id='line_1_95' title="bbox 572 4944 2150 5014; baseline -0.002 -12"><span class='ocrx_word' id='word_1_747' title='bbox 572 4946 729 5003; x_wconf 88' lang='lat' dir='ltr'><strong>cabo.</strong></span> <span class='ocrx_word' id='word_1_748' title='bbox 789 4964 808 4997; x_wconf 75' lang='grc' dir='ltr'><strong>ι</strong></span> <span class='ocrx_word' id='word_1_749' title='bbox 856 4944 1041 5000; x_wconf 80' lang='lat' dir='ltr'><strong>Altare</strong></span> <span class='ocrx_word' id='word_1_750' title='bbox 1100 4946 1153 5000; x_wconf 91' lang='lat' dir='ltr'><strong>in</strong></span> <span class='ocrx_word' id='word_1_751' title='bbox 1205 4946 1309 5000; x_wconf 93' lang='lat' dir='ltr'><strong>hoc</strong></span> <span class='ocrx_word' id='word_1_752' title='bbox 1360 4945 1478 4999; x_wconf 91' lang='lat' dir='ltr'><strong>loco</strong></span> <span class='ocrx_word' id='word_1_753' title='bbox 1527 4944 1814 5014; x_wconf 92' lang='lat' dir='ltr'><strong>dupliciter</strong></span> <span class='ocrx_word' id='word_1_754' title='bbox 1862 4959 2150 5014; x_wconf 89' lang='lat' dir='ltr'><strong>possumus</strong></span> 
     </span>
    </p>
   </div>
   <div class='ocr_carea' id='block_1_96' title="bbox 575 5033 2149 5107">
    <p class='ocr_par' dir='ltr' id='par_1_96' title="bbox 575 5033 2149 5107">
     <span class='ocr_line' id='line_1_96' title="bbox 575 5033 2149 5107; baseline -0.001 -17"><span class='ocrx_word' id='word_1_755' title='bbox 575 5037 843 5107; x_wconf 88' lang='lat' dir='ltr'><strong>accipere,</strong></span> <span class='ocrx_word' id='word_1_756' title='bbox 892 5035 978 5092; x_wconf 89' lang='lat' dir='ltr'><strong>vel</strong></span> <span class='ocrx_word' id='word_1_757' title='bbox 1030 5035 1191 5091; x_wconf 87' lang='lat' dir='ltr'><strong>ﬁdem</strong></span> <span class='ocrx_word' id='word_1_758' title='bbox 1238 5035 1295 5088; x_wconf 90' lang='lat' dir='ltr'><strong>in</strong></span> <span class='ocrx_word' id='word_1_759' title='bbox 1329 5050 1436 5103; x_wconf 90' lang='lat' dir='ltr'><strong>quo</strong></span> <span class='ocrx_word' id='word_1_760' title='bbox 1462 5033 1762 5090; x_wconf 75' lang='lat' dir='ltr'><strong>offeruntur</strong></span> <span class='ocrx_word' id='word_1_761' title='bbox 1809 5034 1948 5089; x_wconf 91' lang='lat' dir='ltr'><strong>bona</strong></span> <span class='ocrx_word' id='word_1_762' title='bbox 1984 5049 2149 5104; x_wconf 90' lang='lat' dir='ltr'><strong>opera</strong></span> 
     </span>
    </p>
   </div>
   <div class='ocr_carea' id='block_1_97' title="bbox 575 5125 2149 5198">
    <p class='ocr_par' dir='ltr' id='par_1_97' title="bbox 575 5125 2149 5198">
     <span class='ocr_line' id='line_1_97' title="bbox 575 5125 2149 5198; baseline -0.002 -16"><span class='ocrx_word' id='word_1_763' title='bbox 575 5127 709 5183; x_wconf 88' lang='lat' dir='ltr'><strong>Deo.</strong></span> <span class='ocrx_word' id='word_1_764' title='bbox 742 5126 840 5182; x_wconf 88' lang='lat' dir='ltr'><strong>Vel</strong></span> <span class='ocrx_word' id='word_1_765' title='bbox 878 5142 975 5198; x_wconf 91' lang='lat' dir='ltr'><strong>per</strong></span> <span class='ocrx_word' id='word_1_766' title='bbox 1018 5143 1187 5182; x_wconf 92' lang='lat' dir='ltr'><strong>unum</strong></span> <span class='ocrx_word' id='word_1_767' title='bbox 1227 5125 1419 5188; x_wconf 90' lang='lat' dir='ltr'><strong>altare,</strong></span> <span class='ocrx_word' id='word_1_768' title='bbox 1463 5127 1645 5180; x_wconf 88' lang='lat' dir='ltr'><strong>omnia</strong></span> <span class='ocrx_word' id='word_1_769' title='bbox 1690 5125 1884 5179; x_wconf 88' lang='lat' dir='ltr'><strong>altaria</strong></span> <span class='ocrx_word' id='word_1_770' title='bbox 1929 5126 1982 5179; x_wconf 92' lang='lat' dir='ltr'><strong>in</strong></span> <span class='ocrx_word' id='word_1_771' title='bbox 2029 5125 2149 5179; x_wconf 91' lang='lat' dir='ltr'><strong>uni-</strong></span> 
     </span>
    </p>
   </div>
   <div class='ocr_carea' id='block_1_98' title="bbox 576 5212 2153 5286">
    <p class='ocr_par' dir='ltr' id='par_1_98' title="bbox 576 5212 2153 5286">
     <span class='ocr_line' id='line_1_98' title="bbox 576 5212 2153 5286; baseline 0 -16"><span class='ocrx_word' id='word_1_772' title='bbox 576 5231 737 5272; x_wconf 90' lang='lat' dir='ltr'><strong>verso</strong></span> <span class='ocrx_word' id='word_1_773' title='bbox 780 5217 932 5281; x_wconf 88' lang='lat' dir='ltr'><strong>orbe,</strong></span> <span class='ocrx_word' id='word_1_774' title='bbox 982 5217 1035 5271; x_wconf 92' lang='lat' dir='ltr'><strong>in</strong></span> <span class='ocrx_word' id='word_1_775' title='bbox 1079 5216 1277 5286; x_wconf 91' lang='lat' dir='ltr'><strong>quibus</strong></span> <span class='ocrx_word' id='word_1_776' title='bbox 1324 5212 1552 5269; x_wconf 75' lang='lat' dir='ltr'><strong>offertur</strong></span> <span class='ocrx_word' id='word_1_777' title='bbox 1588 5230 1785 5284; x_wconf 90' lang='lat' dir='ltr'><strong>corpus</strong></span> <span class='ocrx_word' id='word_1_778' title='bbox 1827 5222 1884 5268; x_wconf 90' lang='lat' dir='ltr'><strong>et</strong></span> <span class='ocrx_word' id='word_1_779' title='bbox 1935 5214 2153 5284; x_wconf 84' lang='lat' dir='ltr'><strong>sanguis</strong></span> 
     </span>
    </p>
   </div>
   <div class='ocr_carea' id='block_1_99' title="bbox 577 5302 2153 5366">
    <p class='ocr_par' dir='ltr' id='par_1_99' title="bbox 577 5302 2153 5366">
     <span class='ocr_line' id='line_1_99' title="bbox 577 5302 2153 5366; baseline -0.002 -4"><span class='ocrx_word' id='word_1_780' title='bbox 577 5305 737 5362; x_wconf 90' lang='lat' dir='ltr'><strong>illius.</strong></span> <span class='ocrx_word' id='word_1_781' title='bbox 773 5304 926 5360; x_wconf 91' lang='lat' dir='ltr'><strong>Sicut</strong></span> <span class='ocrx_word' id='word_1_782' title='bbox 970 5305 1116 5359; x_wconf 89' lang='lat' dir='ltr'><strong>enim</strong></span> <span class='ocrx_word' id='word_1_783' title='bbox 1167 5318 1274 5358; x_wconf 89' lang='lat' dir='ltr'><strong>una</strong></span> <span class='ocrx_word' id='word_1_784' title='bbox 1329 5303 1463 5357; x_wconf 88' lang='lat' dir='ltr'><strong>ﬁdes</strong></span> <span class='ocrx_word' id='word_1_785' title='bbox 1496 5302 1551 5356; x_wconf 93' lang='lat' dir='ltr'><strong>in</strong></span> <span class='ocrx_word' id='word_1_786' title='bbox 1580 5313 1765 5358; x_wconf 88' lang='lat' dir='ltr'><strong>sancta</strong></span> <span class='ocrx_word' id='word_1_787' title='bbox 1791 5302 2050 5366; x_wconf 90' lang='lat' dir='ltr'><strong>Ecclesia,</strong></span> <span class='ocrx_word' id='word_1_788' title='bbox 2079 5304 2153 5359; x_wconf 86' lang='lat' dir='ltr'><strong>ita</strong></span> 
     </span>
    </p>
   </div>
   <div class='ocr_carea' id='block_1_100' title="bbox 578 5393 2156 5451">
    <p class='ocr_par' dir='ltr' id='par_1_100' title="bbox 578 5393 2156 5451">
     <span class='ocr_line' id='line_1_100' title="bbox 578 5393 2156 5451; baseline -0.001 -1"><span class='ocrx_word' id='word_1_789' title='bbox 578 5411 748 5451; x_wconf 89' lang='lat' dir='ltr'><strong>unum</strong></span> <span class='ocrx_word' id='word_1_790' title='bbox 774 5395 970 5451; x_wconf 89' lang='lat' dir='ltr'><strong>altare.</strong></span> <span class='ocrx_word' id='word_1_791' title='bbox 996 5394 1149 5450; x_wconf 90' lang='lat' dir='ltr'><strong>Sicut</strong></span> <span class='ocrx_word' id='word_1_792' title='bbox 1187 5395 1354 5449; x_wconf 85' lang='lat' dir='ltr'><strong>lsaias</strong></span> <span class='ocrx_word' id='word_1_793' title='bbox 1373 5393 1711 5449; x_wconf 88' lang='lat' dir='ltr'><strong>demonstrat</strong></span> <span class='ocrx_word' id='word_1_794' title='bbox 1753 5394 1939 5449; x_wconf 91' lang='lat' dir='ltr'><strong>dicens</strong></span> <span class='ocrx_word' id='word_1_795' title='bbox 1983 5411 1997 5449; x_wconf 92' lang='lat'><strong>:</strong></span> <span class='ocrx_word' id='word_1_796' title='bbox 2036 5394 2156 5449; x_wconf 86' lang='lat' dir='ltr'><strong>Erit</strong></span> 
     </span>
    </p>
   </div>
   <div class='ocr_carea' id='block_1_101' title="bbox 578 5484 2153 5556">
    <p class='ocr_par' dir='ltr' id='par_1_101' title="bbox 578 5484 2153 5556">
     <span class='ocr_line' id='line_1_101' title="bbox 578 5484 2153 5556; baseline -0.001 -13"><span class='ocrx_word' id='word_1_797' title='bbox 578 5486 635 5543; x_wconf 88' lang='lat' dir='ltr'><strong>in</strong></span> <span class='ocrx_word' id='word_1_798' title='bbox 659 5486 848 5543; x_wconf 92' lang='lat' dir='ltr'><strong>diebus</strong></span> <span class='ocrx_word' id='word_1_799' title='bbox 889 5486 995 5541; x_wconf 88' lang='lat' dir='ltr'><strong>illis</strong></span> <span class='ocrx_word' id='word_1_800' title='bbox 1033 5487 1204 5555; x_wconf 75' lang='lat' dir='ltr'><strong>altare</strong></span> <span class='ocrx_word' id='word_1_801' title='bbox 1246 5485 1462 5541; x_wconf 85' lang='lat' dir='ltr'><strong>Domini</strong></span> <span class='ocrx_word' id='word_1_802' title='bbox 1507 5484 1562 5540; x_wconf 89' lang='lat' dir='ltr'><strong>in</strong></span> <span class='ocrx_word' id='word_1_803' title='bbox 1611 5493 1754 5540; x_wconf 87' lang='lat' dir='ltr'><strong>terra</strong></span> <span class='ocrx_word' id='word_1_804' title='bbox 1780 5485 2021 5556; x_wconf 62' lang='lat' dir='ltr'><strong>Egypti,</strong></span> <span class='ocrx_word' id='word_1_805' title='bbox 2049 5487 2153 5542; x_wconf 88' lang='lat' dir='ltr'><strong>hoc</strong></span> 
     </span>
    </p>
   </div>
   <div class='ocr_carea' id='block_1_102' title="bbox 578 5574 2154 5647">
    <p class='ocr_par' dir='ltr' id='par_1_102' title="bbox 578 5574 2154 5647">
     <span class='ocr_line' id='line_1_102' title="bbox 578 5574 2154 5647; baseline -0.001 -13"><span class='ocrx_word' id='word_1_806' title='bbox 578 5584 665 5635; x_wconf 80' lang='lat' dir='ltr'><strong>est</strong></span> <span class='ocrx_word' id='word_1_807' title='bbox 691 5578 746 5632; x_wconf 87' lang='lat' dir='ltr'><strong>in</strong></span> <span class='ocrx_word' id='word_1_808' title='bbox 792 5579 1017 5643; x_wconf 87' lang='lat' dir='ltr'><strong>mundo,</strong></span> <span class='ocrx_word' id='word_1_809' title='bbox 1072 5578 1163 5647; x_wconf 90' lang='lat' dir='ltr'><strong>qui</strong></span> <span class='ocrx_word' id='word_1_810' title='bbox 1214 5576 1531 5647; x_wconf 83' lang='lat' dir='ltr'><strong>intelligitur</strong></span> <span class='ocrx_word' id='word_1_811' title='bbox 1568 5591 1667 5646; x_wconf 89' lang='lat' dir='ltr'><strong>per</strong></span> <span class='ocrx_word' id='word_1_812' title='bbox 1706 5574 2016 5646; x_wconf 67' lang='lat' dir='ltr'><strong>IEgyptum,</strong></span> <span class='ocrx_word' id='word_1_813' title='bbox 2060 5577 2154 5647; x_wconf 90' lang='lat' dir='ltr'><strong>qui</strong></span> 
     </span>
    </p>
   </div>
   <div class='ocr_carea' id='block_1_103' title="bbox 578 5665 2157 5735">
    <p class='ocr_par' dir='ltr' id='par_1_103' title="bbox 578 5665 2157 5735">
     <span class='ocr_line' id='line_1_103' title="bbox 578 5665 2157 5735; baseline 0.002 -16"><span class='ocrx_word' id='word_1_814' title='bbox 578 5666 968 5735; x_wconf 71' lang='lat' dir='ltr'><strong>interpretatur</strong></span> <span class='ocrx_word' id='word_1_815' title='bbox 1009 5667 1231 5721; x_wconf 65' lang='lat' dir='ltr'><strong>tenebris</strong></span> <span class='ocrx_word' id='word_1_816' title='bbox 1282 5666 1367 5721; x_wconf 88' lang='lat' dir='ltr'><strong>vel</strong></span> <span class='ocrx_word' id='word_1_817' title='bbox 1422 5681 1630 5721; x_wconf 72' lang='lat' dir='ltr'><strong>maeror.</strong></span> <span class='ocrx_word' id='word_1_818' title='bbox 1685 5665 2024 5732; x_wconf 83' lang='lat' dir='ltr'><strong>Oﬁerentur,</strong></span> <span class='ocrx_word' id='word_1_819' title='bbox 2072 5669 2157 5721; x_wconf 87' lang='lat' dir='ltr'><strong>in-</strong></span> 
     </span>
    </p>
   </div>
   <div class='ocr_carea' id='block_1_104' title="bbox 580 5756 2154 5830">
    <p class='ocr_par' dir='ltr' id='par_1_104' title="bbox 580 5756 2154 5830">
     <span class='ocr_line' id='line_1_104' title="bbox 580 5756 2154 5830; baseline 0.001 -19"><span class='ocrx_word' id='word_1_820' title='bbox 580 5758 716 5830; x_wconf 82' lang='lat' dir='ltr'><strong>quit,</strong></span> <span class='ocrx_word' id='word_1_821' title='bbox 749 5758 967 5824; x_wconf 85' lang='lat' dir='ltr'><strong>arietes,</strong></span> <span class='ocrx_word' id='word_1_822' title='bbox 1011 5758 1064 5813; x_wconf 91' lang='lat' dir='ltr'><strong>id</strong></span> <span class='ocrx_word' id='word_1_823' title='bbox 1106 5767 1189 5812; x_wconf 89' lang='lat' dir='ltr'><strong>est</strong></span> <span class='ocrx_word' id='word_1_824' title='bbox 1232 5756 1502 5823; x_wconf 88' lang='lat' dir='ltr'><strong>doctores,</strong></span> <span class='ocrx_word' id='word_1_825' title='bbox 1549 5765 1603 5813; x_wconf 91' lang='lat' dir='ltr'><strong>et</strong></span> <span class='ocrx_word' id='word_1_826' title='bbox 1648 5756 1740 5811; x_wconf 87' lang='lat' dir='ltr'><strong>ﬁlii</strong></span> <span class='ocrx_word' id='word_1_827' title='bbox 1770 5757 2154 5827; x_wconf 88' lang='lat' dir='ltr'><strong>prophetarum</strong></span> 
     </span>
    </p>
   </div>
   <div class='ocr_carea' id='block_1_105' title="bbox 2250 4672 3838 4747">
    <p class='ocr_par' dir='ltr' id='par_1_105' title="bbox 2250 4672 3838 4747">
     <span class='ocr_line' id='line_1_105' title="bbox 2250 4672 3838 4747; baseline -0.002 -18"><span class='ocrx_word' id='word_1_828' title='bbox 2250 4676 2513 4747; x_wconf 91' lang='lat' dir='ltr'><strong>plurimas</strong></span> <span class='ocrx_word' id='word_1_829' title='bbox 2538 4672 2919 4739; x_wconf 84' lang='lat' dir='ltr'><strong>l‘undaverunt,</strong></span> <span class='ocrx_word' id='word_1_830' title='bbox 2969 4675 3155 4744; x_wconf 88' lang='lat' dir='ltr'><strong>eisque</strong></span> <span class='ocrx_word' id='word_1_831' title='bbox 3187 4691 3307 4745; x_wconf 65' lang='lat' dir='ltr'><strong>qua:</strong></span> <span class='ocrx_word' id='word_1_832' title='bbox 3336 4676 3654 4729; x_wconf 80' lang='lat' dir='ltr'><strong>necessaria</strong></span> <span class='ocrx_word' id='word_1_833' title='bbox 3684 4682 3838 4729; x_wconf 84' lang='lat' dir='ltr'><strong>erant</strong></span> 
     </span>
    </p>
   </div>
   <div class='ocr_carea' id='block_1_106' title="bbox 2250 4764 3841 4836">
    <p class='ocr_par' dir='ltr' id='par_1_106' title="bbox 2250 4764 3841 4836">
     <span class='ocr_line' id='line_1_106' title="bbox 2250 4764 3841 4836; baseline -0.001 -16"><span class='ocrx_word' id='word_1_834' title='bbox 2250 4767 2712 4820; x_wconf 87' lang='lat' dir='ltr'><strong>ministraverunt.</strong></span> <span class='ocrx_word' id='word_1_835' title='bbox 2765 4764 3137 4835; x_wconf 86' lang='lat' dir='ltr'><strong>Spiritualiter</strong></span> <span class='ocrx_word' id='word_1_836' title='bbox 3169 4779 3299 4819; x_wconf 88' lang='lat' dir='ltr'><strong>vero</strong></span> <span class='ocrx_word' id='word_1_837' title='bbox 3327 4764 3469 4819; x_wconf 88' lang='lat' dir='ltr'><strong>ﬁlios</strong></span> <span class='ocrx_word' id='word_1_838' title='bbox 3507 4765 3841 4836; x_wconf 74' lang='lat' dir='ltr'><strong>peregrino~</strong></span> 
     </span>
    </p>
   </div>
   <div class='ocr_carea' id='block_1_107' title="bbox 2251 4855 3841 4925">
    <p class='ocr_par' dir='ltr' id='par_1_107' title="bbox 2251 4855 3841 4925">
     <span class='ocr_line' id='line_1_107' title="bbox 2251 4855 3841 4925; baseline 0 -16"><span class='ocrx_word' id='word_1_839' title='bbox 2251 4871 2372 4909; x_wconf 90' lang='lat' dir='ltr'><strong>rum</strong></span> <span class='ocrx_word' id='word_1_840' title='bbox 2411 4864 2466 4909; x_wconf 92' lang='lat' dir='ltr'><strong>et</strong></span> <span class='ocrx_word' id='word_1_841' title='bbox 2503 4869 2655 4924; x_wconf 89' lang='lat' dir='ltr'><strong>rcges</strong></span> <span class='ocrx_word' id='word_1_842' title='bbox 2681 4870 2868 4910; x_wconf 88' lang='lat' dir='ltr'><strong>eorum</strong></span> <span class='ocrx_word' id='word_1_843' title='bbox 2902 4855 3131 4925; x_wconf 89' lang='lat' dir='ltr'><strong>appellat</strong></span> <span class='ocrx_word' id='word_1_844' title='bbox 3172 4862 3443 4924; x_wconf 86' lang='lat' dir='ltr'><strong>martyres</strong></span> <span class='ocrx_word' id='word_1_845' title='bbox 3465 4863 3526 4909; x_wconf 84' lang='lat' dir='ltr'><strong>et</strong></span> <span class='ocrx_word' id='word_1_846' title='bbox 3563 4856 3841 4925; x_wconf 65' lang='lat' dir='ltr'><strong>praedica-</strong></span> 
     </span>
    </p>
   </div>
   <div class='ocr_carea' id='block_1_108' title="bbox 2252 4944 3847 5016">
    <p class='ocr_par' dir='ltr' id='par_1_108' title="bbox 2252 4944 3847 5016">
     <span class='ocr_line' id='line_1_108' title="bbox 2252 4944 3847 5016; baseline -0.001 -17"><span class='ocrx_word' id='word_1_847' title='bbox 2252 4953 2397 4999; x_wconf 86' lang='lat' dir='ltr'><strong>tores</strong></span> <span class='ocrx_word' id='word_1_848' title='bbox 2435 4946 2696 5016; x_wconf 89' lang='lat' dir='ltr'><strong>gentium,</strong></span> <span class='ocrx_word' id='word_1_849' title='bbox 2738 4960 2968 5013; x_wconf 90' lang='lat' dir='ltr'><strong>quorum</strong></span> <span class='ocrx_word' id='word_1_850' title='bbox 3013 4945 3117 5000; x_wconf 86' lang='lat' dir='ltr'><strong>ﬁde</strong></span> <span class='ocrx_word' id='word_1_851' title='bbox 3159 4953 3215 4998; x_wconf 93' lang='lat' dir='ltr'><strong>et</strong></span> <span class='ocrx_word' id='word_1_852' title='bbox 3256 4944 3553 4999; x_wconf 82' lang='lat' dir='ltr'><strong>virtutibus</strong></span> <span class='ocrx_word' id='word_1_853' title='bbox 3588 4944 3847 5001; x_wconf 80' lang='lat' dir='ltr'><strong>Ecclesia</strong></span> 
     </span>
    </p>
   </div>
   <div class='ocr_carea' id='block_1_109' title="bbox 2253 5035 3845 5105">
    <p class='ocr_par' dir='ltr' id='par_1_109' title="bbox 2253 5035 3845 5105">
     <span class='ocr_line' id='line_1_109' title="bbox 2253 5035 3845 5105; baseline 0 -14"><span class='ocrx_word' id='word_1_854' title='bbox 2253 5044 2437 5091; x_wconf 87' lang='lat' dir='ltr'><strong>sancta</strong></span> <span class='ocrx_word' id='word_1_855' title='bbox 2492 5035 2712 5090; x_wconf 86' lang='lat' dir='ltr'><strong>fundata</strong></span> <span class='ocrx_word' id='word_1_856' title='bbox 2760 5045 2862 5091; x_wconf 89' lang='lat' dir='ltr'><strong>est.</strong></span> <span class='ocrx_word' id='word_1_857' title='bbox 2921 5056 2940 5087; x_wconf 85' lang='grc'><strong>‹</strong></span> <span class='ocrx_word' id='word_1_858' title='bbox 2991 5036 3049 5090; x_wconf 87' lang='lat' dir='ltr'><strong>In</strong></span> <span class='ocrx_word' id='word_1_859' title='bbox 3097 5035 3464 5105; x_wconf 81' lang='lat' dir='ltr'><strong>indignatione</strong></span> <span class='ocrx_word' id='word_1_860' title='bbox 3516 5037 3674 5090; x_wconf 87' lang='lat' dir='ltr'><strong>enim</strong></span> <span class='ocrx_word' id='word_1_861' title='bbox 3725 5051 3845 5091; x_wconf 79' lang='lat' dir='ltr'><strong>mea</strong></span> 
     </span>
    </p>
   </div>
   <div class='ocr_carea' id='block_1_110' title="bbox 2252 5126 3848 5197">
    <p class='ocr_par' dir='ltr' id='par_1_110' title="bbox 2252 5126 3848 5197">
     <span class='ocr_line' id='line_1_110' title="bbox 2252 5126 3848 5197; baseline 0.001 -16"><span class='ocrx_word' id='word_1_862' title='bbox 2252 5128 2495 5197; x_wconf 87' lang='lat' dir='ltr'><strong>percussi</strong></span> <span class='ocrx_word' id='word_1_863' title='bbox 2525 5138 2598 5192; x_wconf 87' lang='lat' dir='ltr'><strong>te,</strong></span> <span class='ocrx_word' id='word_1_864' title='bbox 2628 5128 2761 5182; x_wconf 88' lang='lat' dir='ltr'><strong>etin</strong></span> <span class='ocrx_word' id='word_1_865' title='bbox 2794 5126 3229 5182; x_wconf 88' lang='lat' dir='ltr'><strong>reconciliatione</strong></span> <span class='ocrx_word' id='word_1_866' title='bbox 3268 5140 3385 5179; x_wconf 87' lang='lat' dir='ltr'><strong>mea</strong></span> <span class='ocrx_word' id='word_1_867' title='bbox 3420 5126 3691 5183; x_wconf 87' lang='lat' dir='ltr'><strong>misertus</strong></span> <span class='ocrx_word' id='word_1_868' title='bbox 3725 5142 3848 5182; x_wconf 83' lang='lat' dir='ltr'><strong>sum</strong></span> 
     </span>
    </p>
   </div>
   <div class='ocr_carea' id='block_1_111' title="bbox 2254 5215 3847 5287">
    <p class='ocr_par' dir='ltr' id='par_1_111' title="bbox 2254 5215 3847 5287">
     <span class='ocr_line' id='line_1_111' title="bbox 2254 5215 3847 5287; baseline -0.001 -14"><span class='ocrx_word' id='word_1_869' title='bbox 2254 5218 2351 5273; x_wconf 91' lang='lat' dir='ltr'><strong>tui.</strong></span> <span class='ocrx_word' id='word_1_870' title='bbox 2388 5237 2407 5269; x_wconf 74' lang='grc' dir='ltr'><strong>ι</strong></span> <span class='ocrx_word' id='word_1_871' title='bbox 2437 5217 2515 5272; x_wconf 85' lang='lat' dir='ltr'><strong>Ad</strong></span> <span class='ocrx_word' id='word_1_872' title='bbox 2552 5217 2847 5272; x_wconf 85' lang='lat' dir='ltr'><strong>Ecclesiam</strong></span> <span class='ocrx_word' id='word_1_873' title='bbox 2895 5217 3150 5285; x_wconf 82' lang='lat' dir='ltr'><strong>loquitur.</strong></span> <span class='ocrx_word' id='word_1_874' title='bbox 3207 5215 3361 5286; x_wconf 70' lang='lat' dir='ltr'><strong>Saepe</strong></span> <span class='ocrx_word' id='word_1_875' title='bbox 3388 5215 3537 5271; x_wconf 85' lang='lat' dir='ltr'><strong>Dens</strong></span> <span class='ocrx_word' id='word_1_876' title='bbox 3580 5220 3847 5287; x_wconf 53' lang='lat' dir='ltr'><strong>omnipoo</strong></span> 
     </span>
    </p>
   </div>
   <div class='ocr_carea' id='block_1_112' title="bbox 2253 5307 3850 5378">
    <p class='ocr_par' dir='ltr' id='par_1_112' title="bbox 2253 5307 3850 5378">
     <span class='ocr_line' id='line_1_112' title="bbox 2253 5307 3850 5378; baseline 0.001 -16"><span class='ocrx_word' id='word_1_877' title='bbox 2253 5316 2375 5364; x_wconf 88' lang='lat' dir='ltr'><strong>tens</strong></span> <span class='ocrx_word' id='word_1_878' title='bbox 2402 5310 2636 5378; x_wconf 89' lang='lat' dir='ltr'><strong>percutit</strong></span> <span class='ocrx_word' id='word_1_879' title='bbox 2661 5307 2862 5362; x_wconf 89' lang='lat' dir='ltr'><strong>electos</strong></span> <span class='ocrx_word' id='word_1_880' title='bbox 2891 5322 3037 5370; x_wconf 87' lang='lat' dir='ltr'><strong>suos,</strong></span> <span class='ocrx_word' id='word_1_881' title='bbox 3064 5317 3123 5361; x_wconf 90' lang='lat' dir='ltr'><strong>ut</strong></span> <span class='ocrx_word' id='word_1_882' title='bbox 3144 5307 3384 5377; x_wconf 88' lang='lat' dir='ltr'><strong>corrigat</strong></span> <span class='ocrx_word' id='word_1_883' title='bbox 3418 5324 3533 5363; x_wconf 85' lang='lat' dir='ltr'><strong>eos.</strong></span> <span class='ocrx_word' id='word_1_884' title='bbox 3557 5307 3850 5365; x_wconf 79' lang='lat' dir='ltr'><strong>Percussit</strong></span> 
     </span>
    </p>
   </div>
   <div class='ocr_carea' id='block_1_113' title="bbox 2255 5396 3855 5467">
    <p class='ocr_par' dir='ltr' id='par_1_113' title="bbox 2255 5396 3855 5467">
     <span class='ocr_line' id='line_1_113' title="bbox 2255 5396 3855 5467; baseline -0.001 -16"><span class='ocrx_word' id='word_1_885' title='bbox 2255 5396 2467 5452; x_wconf 70' lang='lat' dir='ltr'><strong>Judzcos</strong></span> <span class='ocrx_word' id='word_1_886' title='bbox 2517 5398 2732 5466; x_wconf 87' lang='lat' dir='ltr'><strong>quando</strong></span> <span class='ocrx_word' id='word_1_887' title='bbox 2757 5397 2910 5451; x_wconf 83' lang='lat' dir='ltr'><strong>duxit</strong></span> <span class='ocrx_word' id='word_1_888' title='bbox 2940 5396 3061 5451; x_wconf 84' lang='lat' dir='ltr'><strong>illos</strong></span> <span class='ocrx_word' id='word_1_889' title='bbox 3089 5396 3142 5450; x_wconf 92' lang='lat' dir='ltr'><strong>in</strong></span> <span class='ocrx_word' id='word_1_890' title='bbox 3172 5397 3569 5465; x_wconf 88' lang='lat' dir='ltr'><strong>captivitatem,</strong></span> <span class='ocrx_word' id='word_1_891' title='bbox 3611 5411 3855 5467; x_wconf 83' lang='lat' dir='ltr'><strong>percus-</strong></span> 
     </span>
    </p>
   </div>
   <div class='ocr_carea' id='block_1_114' title="bbox 2257 5477 3857 5557">
    <p class='ocr_par' dir='ltr' id='par_1_114' title="bbox 2257 5477 3857 5557">
     <span class='ocr_line' id='line_1_114' title="bbox 2257 5477 3857 5557; baseline -0.001 -16"><span class='ocrx_word' id='word_1_892' title='bbox 2257 5487 2328 5542; x_wconf 88' lang='lat' dir='ltr'><strong>sit</strong></span> <span class='ocrx_word' id='word_1_893' title='bbox 2352 5487 2649 5542; x_wconf 86' lang='lat' dir='ltr'><strong>Ecclesiam</strong></span> <span class='ocrx_word' id='word_1_894' title='bbox 2675 5501 2773 5556; x_wconf 87' lang='lat' dir='ltr'><strong>per</strong></span> <span class='ocrx_word' id='word_1_895' title='bbox 2799 5477 3058 5557; x_wconf 79' lang='lat' dir='ltr'><strong>tyrannos</strong></span> <span class='ocrx_word' id='word_1_896' title='bbox 3083 5487 3241 5556; x_wconf 86' lang='lat' dir='ltr'><strong>hujus</strong></span> <span class='ocrx_word' id='word_1_897' title='bbox 3268 5486 3471 5553; x_wconf 63' lang='lat' dir='ltr'><strong>surculi,</strong></span> <span class='ocrx_word' id='word_1_898' title='bbox 3488 5495 3551 5541; x_wconf 89' lang='lat' dir='ltr'><strong>ut</strong></span> <span class='ocrx_word' id='word_1_899' title='bbox 3577 5489 3857 5557; x_wconf 64' lang='lat' dir='ltr'><strong>probaret</strong></span> 
     </span>
    </p>
   </div>
   <div class='ocr_carea' id='block_1_115' title="bbox 2256 5577 3859 5647">
    <p class='ocr_par' dir='ltr' id='par_1_115' title="bbox 2256 5577 3859 5647">
     <span class='ocr_line' id='line_1_115' title="bbox 2256 5577 3859 5647; baseline -0.001 -15"><span class='ocrx_word' id='word_1_900' title='bbox 2256 5577 2402 5632; x_wconf 89' lang='lat' dir='ltr'><strong>illam</strong></span> <span class='ocrx_word' id='word_1_901' title='bbox 2425 5585 2480 5632; x_wconf 92' lang='lat' dir='ltr'><strong>et</strong></span> <span class='ocrx_word' id='word_1_902' title='bbox 2515 5578 2846 5633; x_wconf 89' lang='lat' dir='ltr'><strong>emendaret.</strong></span> <span class='ocrx_word' id='word_1_903' title='bbox 2888 5577 2994 5632; x_wconf 86' lang='lat' dir='ltr'><strong>Sed</strong></span> <span class='ocrx_word' id='word_1_904' title='bbox 3034 5587 3222 5647; x_wconf 82' lang='lat' dir='ltr'><strong>postea</strong></span> <span class='ocrx_word' id='word_1_905' title='bbox 3267 5579 3526 5633; x_wconf 89' lang='lat' dir='ltr'><strong>misertus</strong></span> <span class='ocrx_word' id='word_1_906' title='bbox 3567 5588 3657 5634; x_wconf 84' lang='lat' dir='ltr'><strong>est</strong></span> <span class='ocrx_word' id='word_1_907' title='bbox 3708 5578 3859 5645; x_wconf 78' lang='lat' dir='ltr'><strong>ejus,</strong></span> 
     </span>
    </p>
   </div>
   <div class='ocr_carea' id='block_1_116' title="bbox 2256 5667 3857 5741">
    <p class='ocr_par' dir='ltr' id='par_1_116' title="bbox 2256 5667 3857 5741">
     <span class='ocr_line' id='line_1_116' title="bbox 2256 5667 3857 5741; baseline -0.003 -17"><span class='ocrx_word' id='word_1_908' title='bbox 2256 5686 2355 5741; x_wconf 92' lang='lat' dir='ltr'><strong>per</strong></span> <span class='ocrx_word' id='word_1_909' title='bbox 2374 5669 2866 5724; x_wconf 88' lang='lat' dir='ltr'><strong>reconciliationem</strong></span> <span class='ocrx_word' id='word_1_910' title='bbox 2884 5682 3004 5738; x_wconf 78' lang='lat' dir='ltr'><strong>quae</strong></span> <span class='ocrx_word' id='word_1_911' title='bbox 3028 5668 3172 5724; x_wconf 86' lang='lat' dir='ltr'><strong>facta</strong></span> <span class='ocrx_word' id='word_1_912' title='bbox 3193 5677 3277 5723; x_wconf 91' lang='lat' dir='ltr'><strong>est</strong></span> <span class='ocrx_word' id='word_1_913' title='bbox 3296 5669 3560 5738; x_wconf 84' lang='lat' dir='ltr'><strong>sanguine</strong></span> <span class='ocrx_word' id='word_1_914' title='bbox 3574 5667 3715 5724; x_wconf 80' lang='lat' dir='ltr'><strong>Filii</strong></span> <span class='ocrx_word' id='word_1_915' title='bbox 3742 5669 3857 5722; x_wconf 83' lang='lat' dir='ltr'><strong>sui.</strong></span> 
     </span>
    </p>
   </div>
   <div class='ocr_carea' id='block_1_117' title="bbox 2334 5761 3870 5832">
    <p class='ocr_par' dir='ltr' id='par_1_117' title="bbox 2334 5761 3870 5832">
     <span class='ocr_line' id='line_1_117' title="bbox 2334 5761 3870 5832; baseline -0.003 -17"><span class='ocrx_word' id='word_1_916' title='bbox 2334 5780 2353 5812; x_wconf 78' lang='grc' dir='ltr'><strong>ι</strong></span> <span class='ocrx_word' id='word_1_917' title='bbox 2399 5761 2465 5815; x_wconf 84' lang='grc' dir='ltr'>Ει</span> <span class='ocrx_word' id='word_1_918' title='bbox 2495 5761 2826 5832; x_wconf 89' lang='lat' dir='ltr'><strong>aperientur,</strong></span> <span class='ocrx_word' id='word_1_919' title='bbox 2859 5781 2875 5812; x_wconf 75' lang='grc' dir='ltr'><strong>ι</strong></span> <span class='ocrx_word' id='word_1_920' title='bbox 2908 5761 2961 5815; x_wconf 91' lang='lat' dir='ltr'><strong>id</strong></span> <span class='ocrx_word' id='word_1_921' title='bbox 3001 5769 3105 5826; x_wconf 86' lang='lat' dir='ltr'><strong>est,</strong></span> <span class='ocrx_word' id='word_1_922' title='bbox 3152 5761 3416 5831; x_wconf 80' lang='lat' dir='ltr'><strong>patebant</strong></span> <span class='ocrx_word' id='word_1_923' title='bbox 3459 5780 3478 5811; x_wconf 70' lang='grc' dir='ltr'><strong>ι</strong></span> <span class='ocrx_word' id='word_1_924' title='bbox 3514 5770 3705 5830; x_wconf 64' lang='grc' dir='ltr'>ραι-ιε</span> <span class='ocrx_word' id='word_1_925' title='bbox 3754 5770 3870 5815; x_wconf 66' lang='lat' dir='ltr'><strong>tu:</strong></span> 
     </span>
    </p>
   </div>
  </div>
