4016 6460
188 363 321 419 105⁵1
996 372 1055 411 ιι

1236 344 1583 405 COMMENT.
1625 340 1691 395 IN
1727 337 1977 392 ISAIAM.
2016 369 2087 379 —
2123 340 2251 394 LIB.
2294 340 2377 394 lli.

3238 328 3239 331 “
3323 339 3425 394 0:3

178 475 398 544 jugiter,
438 470 524 523 die
566 475 621 523 et
659 474 815 520 nocte
858 478 963 518 non
1006 461 1345 523 claudentur,
1393 466 1454 512 ut
1498 454 1753 544 afferatur
1776 456 1823 511 A
1851 465 1972 544 quae
1996 450 2065 504 ab
2093 453 2341 544 ipsisest
2357 451 2600 544 fundata.
2620 451 2743 505 idco
2764 462 2943 505 autem
2971 451 3196 544 apostoli
3216 461 3273 508 et
3297 467 3437 523 prae-

186 543 258 618 nd
284 573 336 618 te
372 559 630 615 fortitudo
666 555 934 627 gentium,
978 560 1030 607 et
1074 566 1229 621 reges
1266 562 1452 604 earum
1478 543 1747 600 adducan-

184 665 273 711 tur
327 673 346 706 ι
396 651 651 708 subaudis
698 647 792 702 tibi
846 661 943 715 per
994 644 1173 698 ﬁdem.
1217 641 1347 708 Qua:
1407 647 1532 696 sunt
1578 644 1747 707 portae

183 743 440 802 Ecclesia:
486 755 607 811 qute
654 751 865 805 semper
908 732 1128 804 patent?
1174 728 1428 801 Episcopi
1468 735 1522 780 et
1572 739 1750 781 sacer-

182 836 361 898 dotes,
389 844 617 901 quorum
658 824 959 882 ministerio
1007 821 1401 876 introducimur
1440 818 1579 871 intra
1617 829 1746 868 san-

180 936 327 983 ctam
356 921 674 978 Ecelesiam.
717 916 821 984 Qui
847 915 966 969 ideo
993 912 1244 967 dicuntur
1284 920 1498 976 semper
1542 912 1745 975 patere,

181 1016 308 1084 quia
330 1012 504 1082 parati
526 1018 653 1065 sunt
679 1006 747 1060 ad
769 1002 1137 1071 suscipiendos
1159 998 1443 1054 credentes
1473 995 1525 1048 in
1558 992 1745 1084 Eccle-

179 1081 284 1159 sia.
312 1081 411 1158 Die
434 1115 500 1158 ac
540 1105 718 1161 nocte,
750 1095 851 1148 hoc
878 1101 983 1156 εει,
1010 1099 1067 1144 ει
1107 1090 1160 1143 in
1197 1085 1558 1158 prosperitate
1603 1089 1659 1135 et
1697 1081 1749 1133 in

183 1192 527 1248 adversitate.
550 1187 617 1242 Et
641 1200 807 1255 quare
826 1183 963 1237 hoc?
990 1181 1058 1237 Ut
1087 1177 1344 1233 aﬁ'eratur
1366 1175 1433 1229 ad
1458 1172 1752 1228 Ecclesiam

188 1280 448 1337 fortitudo
473 1276 736 1349 gentium,
781 1271 1053 1343 principes
1090 1266 1339 1321 Videlicet
1386 1279 1449 1318 ac
1486 1269 1751 1331 potentes,

186 1372 274 1427 vel
320 1378 587 1440 martyres
635 1364 803 1419 fortes
852 1363 904 1417 in
948 1360 1075 1422 ﬁde,
1128 1365 1186 1413 et
1240 1369 1393 1423 reges
1438 1366 1647 1412 earum,
1698 1357 1755 1402 ut

182 1461 570 1520 Constantinus
608 1456 728 1522 fuit,
771 1453 857 1510 vel
899 1449 1072 1506 sancti
1119 1447 1211 1517 qui
1262 1443 1583 1512 semetipsos
1618 1440 1757 1494 bene

182 1560 398 1626 regunt,
428 1551 767 1606 adducantur
794 1546 861 1600 ad
888 1544 1049 1599 ﬁdem
1077 1540 1216 1608 ejus.

257 1663 276 1695 ‹
312 1644 452 1697 Deus
470 1639 687 1707 euisz
705 1634 962 1691 subaudis
980 1630 1307 1691 Judazorum,
1337 1643 1355 1675 ι
1385 1631 1441 1679 ει
1460 1635 1703 1692 regnum,
1734 1639 1752 1671 ι

179 1735 284 1789 hoc
310 1742 410 1797 est,
458 1730 606 1800 regia
646 1735 887 1797 potestas
926 1741 945 1773 ι
980 1736 1100 1792 quae
1152 1733 1261 1774 non
1308 1714 1565 1771 servierit
1592 1713 1689 1766 tibi
1727 1730 1746 1764 ι

1850 543 2120 597 dicatores
2139 542 2299 612 pedes
2320 542 2529 596 Domini
2553 542 2824 607 dicuntur,
2848 544 2973 613 quia
2999 544 3067 598 ab
3087 543 3165 600 eis
3184 553 3433 613 portatus

1848 642 1930 689 est
1954 650 2049 704 per
2076 638 2383 689 universum
2408 637 2591 689 orbem
2610 677 2623 696 ,
2651 635 2802 704 juxta
2825 639 2966 704 quod
2996 654 3092 707 per
3110 641 3431 708 prephetam

1848 722 1979 776 olim
2007 724 2250 777 dixerat:
2307 742 2323 774 ι
2376 724 2771 779 lnhabitaboin
2814 725 2940 789 illis,
2991 734 3042 778 et
3088 725 3430 783 inambulabo

1851 811 1934 883 (Il
1991 812 2112 867 Cor.
2142 814 2240 883 vi).
2275 834 2294 866 ι
2332 814 2486 869 Unde
2533 816 2694 869 etiam
2743 816 2880 870 alius
2937 816 3195 886 propheta
3244 817 3375 871 dicit
3418 834 3431 870 :

1852 903 2002 957 Beati
2027 904 2190 972 pedes
2213 917 2413 972 pacem,
2449 904 2500 957 id
2526 912 2610 957 est
2629 946 2643 969 ,
2681 905 2953 959 Christum
2982 914 3259 974 portantes
3294 905 3430 977 (Isa.

1852 992 1968 1064 ιιι).
2001 992 2096 1047 Vel
2143 993 2340 1047 aliter:
2367 994 2533 1049 Pedes
2568 996 2775 1049 Domini
2819 999 3075 1050 dicuntur
3111 998 3431 1064 prtedicato-

1854 1097 1962 1148 res,
2009 1084 2132 1151 quia
2165 1085 2321 1138 sicuti
2358 1093 2526 1139 totum
2556 1101 2752 1155 corpus
2796 1087 2960 1156 pedes
2990 1095 3223 1155 portant,
3256 1089 3329 1140 ita
3362 1086 3437 1140 illi

1859 1172 2156 1227 Ecclesiam
2209 1173 2323 1228 suis
2372 1174 2631 1229 doctrinis
2683 1176 3067 1245 miraculisque
3099 1185 3150 1230 et
3179 1175 3440 1246 exemplis

1857 1260 2139 1315 sustinent.
2164 1261 2363 1315 Locum
2387 1262 2602 1331 (inquit)
2622 1262 2817 1331 pedum
2844 1278 3083 1316 meorum
3107 1266 3438 1332 gloriﬁcabo,

1858 1352 1911 1407 id
1937 1362 2020 1407 est
2047 1354 2341 1408 Ecclesiam
2384 1369 2542 1422 quam
2574 1353 2931 1408 fundaverunt
2982 1354 3204 1423 apostoli
3229 1369 3443 1407 eorum-

1859 1458 1962 1513 que
1991 1459 2351 1507 successores,
2399 1444 2739 1499 multitudine
2779 1446 3111 1499 credentium
3140 1447 3439 1500 exornabo.

1935 1554 1954 1587 ι
1986 1535 2054 1589 Ει
2079 1536 2295 1589 venient
2328 1535 2396 1588 ad
2426 1543 2496 1598 te,
2532 1553 2549 1585 ι
2586 1534 2841 1589 subaudis
2860 1550 2959 1604 per
2994 1535 3172 1597 ﬁdem,
3207 1550 3241 1589 o
3263 1534 3446 1588 Eccle-

1861 1624 1965 1691 sia,
1986 1644 2003 1675 ι
2028 1626 2197 1689 curvi,
2232 1644 2249 1675 ι
2280 1626 2332 1679 id
2358 1631 2462 1689 est,
2493 1623 2731 1678 inclinati
2757 1633 2811 1676 et
2831 1623 3057 1677 humiles
3083 1643 3101 1674 ‹
3132 1623 3384 1686 ﬁliorum,
3416 1642 3435 1673 ι

1864 1715 2120 1772 subaudis
2154 1722 2559 1785 persecutorum
2596 1730 2615 1763 ι
2651 1714 2741 1781 qui
2775 1713 3194 1768 humiliaverunt
3223 1722 3275 1767 te
3309 1732 3326 1763 ι
3363 1713 3444 1767 in-

179 1778 439 1879 servitum
468 1778 674 1875 είιῖιειιιῐ
686 1832 785 1887 per
814 1815 972 1870 ﬁdem
998 1778 1056 1867 et
1082 1809 1475 1881 operationem,
1507 1821 1540 1860 ο
1568 1802 1755 1858 Eccle-
1786 1778 1832 1837 Β
1865 1808 2179 1863 terﬁeiendo
2202 1816 2416 1863 sanctos
2442 1816 2563 1862 tuos
2583 1806 2984 1877 praedicatores,
3014 1826 3032 1857 ‹
3065 1816 3120 1862 ει
3141 1809 3441 1864 adorabunt

180 1916 261 1968 sia
284 1911 579 1983 primitiva,
617 1926 635 1959 ι
670 1907 869 1978 peribit
902 1923 920 1955 ι
955 1903 1009 1957 in
1037 1901 1123 1956 die
1145 1898 1331 1972 judicii
1361 1912 1483 1952 cum
1516 1894 1622 1949 illis
1642 1891 1761 1962 qui-

180 2004 283 2058 bus
328 2002 574 2056 dicetur:
611 2016 629 2048 ‹
672 1995 769 2060 Ιιε,
820 1991 1109 2056 maledicti,
1164 1989 1219 2043 in
1268 1987 1446 2056 ignem
1497 1992 1760 2038 aeternum

182 2092 399 2163 (Matth.
423 2090 572 2161 xxv);
589 2109 608 2143 ι
633 2107 651 2139 ι
675 2087 743 2142 Ει
763 2093 968 2158 gentes,
995 2104 1013 2136 ι
1033 2081 1282 2139 subaudis
1299 2094 1416 2150 quae
1428 2092 1535 2132 non
1560 2074 1758 2129 servie-

183 2185 293 2238 rint
319 2184 431 2247 tibi,
462 2201 482 2235 ι
510 2180 798 2237 solitudine
825 2176 1196 2237 vastabuntur,
1233 2192 1251 2224 ι
1283 2170 1337 2226 id
1357 2178 1459 2232 est,
1482 2165 1674 2237 pagani
1706 2164 1761 2217 in

180 2273 499 2329 inﬁdelitate
548 2278 927 2341 permanentes
953 2268 1268 2321 deserentur
1288 2277 1318 2315 a
1340 2261 1472 2324 Deo,
1502 2267 1559 2313 et
1582 2262 1763 2311 vasta-

178 2364 380 2419 bantur
408 2377 439 2417 a
467 2360 682 2415 diabolo
709 2357 891 2412 traditi
919 2353 1248 2410 cruciatibus
1280 2350 1557 2421 gehennae.

255 2473 274 2504 ι
305 2451 485 2506 Gloria
520 2447 710 2502 Libani
740 2446 806 2499 ad
835 2456 885 2499 te
912 2444 1107 2508 veniet,
1153 2442 1303 2495 abies
1326 2447 1383 2495 et
1407 2437 1581 2492 buxus
1606 2442 1661 2490 et
1679 2435 1762 2505 pi-

180 2558 283 2598 nus
305 2541 462 2597 simul
484 2540 551 2595 ad
578 2537 880 2594 ornandum
913 2535 1087 2590 locum
1117 2528 1563 2588 sanctiﬁcationis
1591 2541 1724 2581 mea:
1745 2566 1761 2591 ,

178 2641 233 2686 et
264 2631 440 2686 locum
463 2629 657 2699 pedum
680 2640 924 2680 meorum
954 2620 1284 2694 gloriﬁcabo.
1315 2639 1333 2671 ι
1357 2618 1594 2674 Libanus
1610 2628 1766 2669 mons

180 2730 266 2776 est
290 2719 565 2775 Phaznicis
601 2727 655 2772 et
681 2716 1001 2780 Palaestinae,
1041 2714 1097 2768 in
1118 2711 1354 2769 conﬁnio
1395 2720 1552 2764 terrae
1578 2722 1764 2776 repro-

180 2810 455 2865 missionis
473 2851 488 2875 ,
508 2824 573 2863 ex
602 2822 709 2878 quo
739 2804 1064 2861 ministravit
1084 2803 1270 2859 Hiram
1297 2800 1567 2871 quondam
1596 2796 1764 2852 David
1798 2868 1803 2881 μ

179 2900 251 2955 ad
277 2898 534 2970 palatium
564 2912 737 2960 suum,
767 2903 821 2949 et
873 2894 1146 2950 Salomoni
1176 2893 1245 2948 ad
1269 2890 1523 2961 templum
1554 2886 1767 2943 Domini

178 2990 622 3053 construendum,
669 2989 810 3059 ligna
840 2987 1064 3058 pulchra
1106 2992 1161 3041 et
1189 2981 1560 3055 imputribilia.
1601 2978 1767 3046 Cujus

180 3081 354 3151 gloria
397 3089 480 3134 est
525 3080 751 3133 altitudo
776 3066 1050 3141 arborum,
1086 3084 1141 3132 ct
1186 3074 1473 3130 diversitas
1502 3086 1565 3125 ac
1587 3069 1768 3124 multi-

180 3171 313 3224 tudo
344 3169 657 3223 bestiarum.
682 3167 786 3221 Per
809 3165 1071 3220 Libanum
1098 3179 1227 3237 ergo
1245 3160 1561 3231 intelligitur
1582 3159 1686 3213 isto
1708 3157 1761 3211 in

179 3261 303 3316 loco
329 3262 581 3325 mundus,
610 3267 664 3314 et
690 3274 787 3328 per
814 3258 1036 3328 gloriam
1065 3256 1206 3311 illius
1231 3254 1429 3309 montis
1460 3251 1686 3306 altitudo
1709 3256 1764 3306 et

178 3356 485 3413 sublimitas
510 3354 666 3408 istius
707 3352 925 3405 mundi:
952 3366 1072 3419 quae
1104 3348 1338 3403 maxime
1384 3347 1441 3399 in
1467 3344 1681 3414 regibus
1709 3348 1765 3395 et

176 3444 516 3516 principibus
537 3442 805 3505 consistit,
833 3440 925 3510 qui
956 3439 1023 3493 ad
1046 3437 1340 3493 Ecclesiam
1366 3451 1464 3506 per
1487 3433 1610 3490 ﬁdei
1636 3448 1766 3491 con-

177 3536 478 3593 fessionem
515 3542 796 3587 venerunt.
824 3530 927 3585 Per
949 3530 1202 3592 abietem,
1230 3543 1351 3597 quas
1379 3526 1530 3581 mira:
1559 3524 1765 3596 magni-

180 3626 389 3681 tudinis
417 3640 479 3679 ac
515 3621 859 3692 proceritatis
894 3620 1058 3674 arbor
1087 3626 1192 3680 est,
1224 3616 1595 3688 intelliguntur
1621 3613 1761 3669 divi-

179 3729 268 3773 tes
307 3717 390 3772 vel
419 3712 741 3785 philosophi,
783 3711 875 3782 qui
904 3710 996 3764 alti
1028 3717 1185 3765 erant
1216 3709 1269 3763 in
1298 3706 1560 3777 sapientia
1604 3719 1761 3759 mun-

187 3811 346 3873 :lana,
374 3817 433 3863 ut
461 3807 559 3861 fuit
587 3805 905 3876 Cyprianus,
939 3803 1193 3867 Hilarius,
1220 3800 1560 3864 Ambrosius,
1586 3797 1765 3865 Augu-

178 3904 375 3966 stinus,
394 3898 618 3955 excelsa:
632 3898 858 3952 arbores
878 3895 1147 3966 quondam
1164 3894 1217 3948 in
1240 3892 1434 3948 saeculo
1450 3889 1763 3952 existentes,

179 3993 279 4048 sed
317 3990 385 4045 ad
418 3988 709 4044 Ecclesium
754 3985 1053 4051 venientes,
1083 3999 1203 4039 eam
1249 3982 1362 4038 suis
1402 3980 1663 4036 doctrinis
1711 3985 1767 4032 et

175 4080 475 4135 virtutibus
506 4084 854 4132 ornaverunt.
884 4073 989 4129 Per
1008 4074 1192 4144 pinum
1215 4087 1343 4127 vero
1362 4080 1414 4126 et
1432 4070 1652 4132 buxum,
1674 4072 1764 4138 qui

177 4171 458 4227 viriditate
505 4170 770 4241 gaudent,
817 4169 1192 4239 intelliguntur
1221 4166 1296 4220 illi
1344 4166 1437 4236 qui
1482 4171 1767 4232 postquam

178 4263 445 4318 Ecclesia:
474 4270 600 4317 sunt
623 4261 835 4325 sociati,
858 4259 1063 4314 virides
1092 4259 1146 4313 in
1177 4258 1279 4312 ﬁde
1307 4255 1636 4312 exstiterint.
1680 4254 1769 4308 Di-

179 4354 416 4407 versitas
460 4352 603 4407 enim
633 4351 889 4405 arborum
921 4349 1164 4405 diversos
1206 4347 1424 4402 ordines
1468 4344 1763 4415 signiﬁcat,

1865 1899 2089 1969 vestigia
2113 1898 2307 1968 pedum
2334 1907 2547 1951 tuorum
2568 1912 2757 1951 omnes
2780 1897 2869 1966 qui
2892 1898 3245 1953 detrahebant
3272 1897 3389 1962 tibi,
3421 1919 3440 1951 ο

1867 1990 1918 2043 id
1945 1997 2046 2054 est,
2071 1989 2474 2043 venerabantur
2494 1988 2647 2055 signa
2680 1996 2734 2040 et
2753 2002 2916 2055 opera
2947 1986 3306 2056 apostolorum
3333 1996 3449 2042 tuo-

1864 2095 2017 2143 rum,
2049 2079 2175 2148 qui,
2206 2079 2347 2133 sicut
2390 2077 2635 2147 superius
2685 2076 2942 2143 diximus,
2994 2078 3156 2149 pedes
3195 2077 3449 2133 Ecclesia!

1864 2168 2099 2223 fuerunt.
2168 2168 2335 2223 Valde
2402 2167 2821 2222 humiliaverunt
2880 2166 3049 2223 Judaei
3110 2168 3403 2224 Ecclesiam
3432 2208 3449 2231 ,

1864 2259 2078 2329 quando
2106 2258 2503 2314 decollaverunt
2526 2256 2785 2313 Jacobum
2817 2258 3039 2313 fratrem
3078 2258 3313 2326 Domini,
3353 2261 3447 2329 qui

1863 2355 1981 2402 erat
2006 2347 2086 2402 eis
2112 2348 2180 2403 ab
2208 2346 2465 2418 apostolis
2489 2346 2769 2417 episcopus
2804 2348 3108 2413 ordinatus,
3155 2357 3210 2402 et
3234 2349 3451 2419 quando

1865 2440 2247 2510 lapidaverunt
2288 2439 2644 2510 Stephanum.
2693 2438 2800 2495 Sed
2852 2449 3039 2510 postea
3091 2456 3187 2510 per
3234 2440 3448 2496 Domini

1866 2531 2093 2601 gratiam
2135 2530 2415 2585 venientes
2442 2530 2509 2584 ad
2554 2530 2713 2584 ﬁdem
2754 2531 2871 2601 ejus
2897 2530 3162 2585 humiliati
3205 2540 3369 2597 sunt,
3395 2541 3453 2586 et

1865 2623 2263 2679 venerabantur
2289 2622 2440 2693 signa
2466 2632 2521 2676 et
2545 2616 2802 2676 miracula
2827 2621 3215 2691 apostolorum,
3242 2632 3302 2676 ut
3329 2625 3455 2678 bea-

1866 2724 1955 2770 tus
1982 2713 2180 2769 Paulus
2210 2714 2355 2777 fecit,
2389 2713 2480 2783 qui
2507 2711 2720 2768 fortiter
2742 2714 3046 2769 humiliavit
3075 2729 3194 2769 eam
3221 2730 3452 2770 consen—

1867 2805 2008 2859 tiens
2030 2804 2239 2859 civibus
2281 2803 2415 2868 suis,
2457 2811 2511 2855 et
2540 2801 2613 2855 illi
2656 2803 2722 2857 de
2752 2803 2948 2872 quibus
2999 2804 3216 2874 scripsit
3255 2804 3447 2866 Lucas.

1868 2895 2010 2965 quod
2036 2894 2205 2949 multa
2244 2892 2399 2948 turba
2429 2892 2769 2948 sacerdotum
2804 2892 3090 2947 obediebat
3116 2893 3260 2948 ﬁdei.
3291 2893 3454 2949 Simi-

1867 2986 1994 3042 liter
2022 2985 2248 3057 gentiles
2274 2985 2429 3039 valde
2451 2984 2869 3039 bnmiliaverunt
2894 2983 3215 3047 Ecclesium,
3237 2987 3453 3055 quando

1872 3076 2218 3131 succiderunt
2263 3074 2482 3129 Petrum
2530 3074 2797 3129 excelsam
2843 3076 3087 3137 cedrum,
3138 3076 3231 3131 sed
3267 3086 3450 3147 postea

1870 3167 2135 3223 bumiliati
2166 3166 2603 3238 gloriﬁcaverunt
2636 3166 2920 3221 Dominum
2951 3168 3005 3221 in
3038 3167 3292 3237 operibus
3320 3184 3453 3237 apo-

1865 3259 2127 3313 stolorum
2172 3256 2309 3325 ejus.
2358 3255 2656 3322 Sequitur:
2691 3272 2710 3304 ‹
2744 3254 2811 3308 Ει
2856 3254 3127 3309 vocabunt
3177 3257 3452 3312 civitatem

1824 3405 1827 3407 ἓ
1866 3346 2079 3400 Domini
2117 3343 2247 3400 Sion
2286 3344 2460 3398 sancti
2486 3343 2671 3397 lsrael.
2710 3363 2728 3395 ο
2762 3344 2843 3397 Ad
2869 3344 3165 3399 Eeclesiam
3193 3345 3451 3415 loquitur.

1862 3434 2069 3491 Civitas
2097 3449 2128 3488 a
2155 3433 2532 3489 communione
2563 3432 2762 3486 dicitur
2791 3432 3013 3497 civium,
3043 3441 3098 3487 et
3128 3444 3316 3489 sancta
3348 3435 3450 3490 Ec-

1862 3529 2027 3584 clesia
2059 3528 2251 3584 civitas
2279 3526 2596 3598 appellatur,
2625 3525 2750 3595 quia
2778 3540 2885 3580 uua
2916 3534 3000 3581 est
3024 3526 3277 3583 omnibus
3306 3530 3358 3583 in
3385 3544 3451 3585 ea

1864 3617 2233 3673 habitantibus
2261 3617 2412 3678 ﬁdes,
2443 3630 2605 3670 unum
2634 3615 2896 3683 baptisma
2918 3657 2933 3681 ,
2964 3632 3071 3671 una
3121 3618 3359 3674 charitas
3395 3629 3457 3675 et

1864 3726 1967 3766 una
1992 3710 2301 3766 concordia.
2344 3709 2498 3765 Unde
2522 3719 2573 3763 et
2598 3709 2774 3765 Lucas
2797 3710 2928 3765 dicit
2954 3712 3005 3765 in
3047 3712 3277 3769 Actibus
3318 3730 3453 3785 apo-

1865 3802 2164 3858 stolorum:
2193 3819 2212 3852 ι
2244 3801 2595 3855 Multitudinis
2623 3809 2800 3855 autem
2830 3802 3163 3857 credentium
3204 3816 3320 3859 erat
3358 3821 3458 3861 cor

1865 3910 2030 3949 unum
2053 3903 2107 3949 et
2131 3895 2310 3948 anima
2338 3909 2442 3946 una
2474 3892 2611 3960 (Act.
2639 3893 2732 3962 iv).
2770 3914 2787 3944 ι
2822 3893 2891 3947 Et
2911 3892 3013 3947 ista
3043 3903 3127 3949 est
3156 3895 3366 3959 civitas,
3386 3898 3456 3953 de

1866 4000 1973 4055 qua
2000 3986 2130 4040 dicit
2158 3984 2415 4039 Dominus
2441 3984 2495 4038 in
2527 3983 2860 4053 Evangelia:
2891 3982 3005 4038 Non
3053 3994 3233 4055 potest
3260 3987 3455 4043 civitas

1865 4075 2120 4131 abscondi
2144 4090 2307 4145 super
2331 4083 2566 4128 montem
2590 4074 2762 4144 posita
2796 4072 3010 4146 (Matth.
3041 4075 3119 4146 v),
3146 4075 3197 4130 id
3226 4085 3311 4131 est
3351 4078 3456 4133 Ee-

1867 4168 2031 4224 clesia
2058 4167 2113 4221 in
2142 4166 2357 4222 Christo
2390 4165 2636 4221 fundata.
2666 4166 2875 4220 Dicitur
2902 4181 3032 4238 ergo
3054 4167 3308 4223 Ecclesiae
3335 4187 3347 4223 :
3375 4170 3451 4225 illi

1866 4242 1960 4329 qui
1979 4256 2240 4328 (inquam)
2261 4257 2617 4312 detrahebant
2636 4257 2749 4320 tibi,
2775 4257 2923 4311 curvi
2948 4266 3003 4311 et
3023 4258 3254 4313 humiles
3263 4268 3449 4330 postea

1869 4349 2164 4414 venientes,
2188 4348 2458 4403 vocabunt
2482 4356 2536 4403 te
2558 4349 2832 4402 civitatem
2866 4349 3075 4403 Domini
3104 4349 3255 4417 Sion,
3283 4354 3336 4409 id
3365 4363 3448 4410 est

180 4461 247 4499 ex
300 4443 494 4512 quibus
539 4443 789 4498 omnibus
837 4449 1021 4496 saneta
1065 4440 1324 4494 adornata
1371 4445 1457 4491 est
1502 4436 1761 4490 Ecclesia.
1792 4477 1842 4535 Β
1870 4441 2274 4510 speculan-imm
2320 4442 2488 4496 sancti
2540 4440 2725 4495 Israel.
2772 4442 2973 4495 Omnes
3001 4442 3092 4511 qui
3122 4447 3296 4500 τθηεηί
3324 4455 3449 4501 sum

182 4533 458 4588 Venerunt
483 4532 746 4600 siquidem
774 4546 841 4585 ex
870 4529 1084 4599 regibus
1107 4529 1174 4581 ad
1198 4543 1317 4581 eam
1341 4535 1391 4580 et
1411 4525 1760 4595 principibus,

184 4628 449 4675 venerunt
503 4634 571 4674 ex
624 4618 899 4683 divitibus,
956 4626 1218 4672 venerunt
1272 4632 1340 4671 ex
1389 4615 1760 4687 philoSOphis,

182 4710 541 4778 omnibusque
570 4707 691 4762 aliis
725 4708 1037 4772 ordinibus,
1066 4722 1161 4777 per
1189 4722 1323 4778 quos
1355 4707 1501 4761 locus
1529 4706 1765 4760 sanctiﬁ-

183 4801 415 4857 cationis
451 4800 567 4870 ejus
611 4799 901 4854 adornatus
947 4807 1059 4862 est,
1090 4800 1142 4852 id
1168 4808 1279 4861 est,
1324 4798 1561 4852 Ecclesia
1600 4811 1760 4865 quam

184 4907 302 4962 ipse
329 4891 688 4947 sanctiﬁcavit
715 4892 971 4962 sanguine
1009 4891 1390 4960 redemptionis
1417 4899 1473 4944 et
1498 4890 1762 4959 baptismo

183 4981 496 5037 ablutionis.
526 4983 733 5037 Dicitur
767 4998 894 5053 ergo
925 4983 1179 5037 Ecclesia:
1226 4982 1543 5052 prirnitiva,
1580 4979 1763 5035 Gloria

186 5071 409 5136 Libani,
440 5072 493 5126 id
529 5080 612 5127 est
638 5088 792 5144 reges
833 5084 887 5128 et
916 5074 1186 5143 principes
1213 5074 1370 5144 hujus
1411 5075 1594 5128 mundi
1624 5074 1691 5127 ad
1716 5082 1766 5128 te

187 5162 406 5217 venient
455 5180 549 5233 per
574 5165 731 5219 ﬁdem
750 5205 765 5230 ,
794 5166 943 5221 abies
971 5166 1239 5232 videlicet,
1271 5167 1322 5221 id
1365 5176 1465 5231 est,
1493 5166 1688 5221 divites
1712 5175 1768 5220 et

184 5251 514 5322 philosophi,
534 5253 689 5321 pinus
708 5263 762 5308 et
778 5254 973 5320 buxus,
997 5257 1097 5311 hoc
1119 5266 1202 5311 est
1227 5256 1301 5311 illi
1324 5258 1415 5327 qui
1438 5258 1763 5312 viriditatem

188 5341 318 5396 ﬁdei
350 5342 566 5405 habent,
603 5354 655 5397 et
681 5344 1021 5399 omabuntte
1043 5348 1155 5402 suis
1184 5347 1443 5402 doctrinis
1481 5348 1767 5402 etvirtuti-

182 5432 312 5488 bus.
355 5432 616 5501 Quodque
646 5435 906 5503 sequitur,
957 5446 1012 5490 et
1060 5437 1233 5493 locum
1277 5440 1472 5508 pedum
1521 5453 1766 5493 meorum

189 5522 524 5592 gloriﬁcabo,
552 5523 714 5578 iidem
744 5524 1093 5595 designantur
1129 5542 1229 5595 per
1267 5527 1430 5597 pedes
1470 5538 1525 5583 et
1554 5544 1769 5583 rursum

189 5625 290 5681 per
310 5613 542 5668 abietem
565 5624 618 5669 et
639 5616 863 5683 buxum,
896 5617 1122 5687 apostoli
1151 5619 1399 5673 videlicet
1424 5628 1480 5675 et
1505 5620 1767 5689 praedica-

197 5713 340 5758 tores
367 5712 417 5759 et
438 5718 695 5774 sequaces
725 5722 931 5772 eorum,
957 5723 1183 5778 quorum
1229 5710 1373 5765 locus
1397 5720 1481 5766 est
1509 5711 1768 5778 Ecclesia,

1868 4546 2101 4601 ex-aqua
2128 4540 2181 4585 et
2207 4530 2409 4602 Spiritu
2439 4541 2646 4596 sancto,
2692 4532 2749 4585 in
2799 4531 2950 4597 Sion,
2988 4533 3090 4589 hoc
3117 4544 3201 4590 est
3234 4537 3285 4591 in
3321 4552 3452 4594 con-

1870 4623 2215 4693 templatione
2252 4632 2307 4677 et
2348 4622 2714 4691 speculatione
2757 4624 2973 4687 mentis,
3020 4626 3318 4683 consistere
3356 4629 3449 4683 de-

1867 4714 2014 4769 bent.
3178 4740 3179 4743 η

1945 4824 1962 4854 ι
1996 4804 2101 4859 Pro
2127 4820 2192 4859 eo
2222 4806 2365 4877 quod
2398 4805 2543 4859 fuisti
2584 4805 2839 4860 derelicta
2886 4815 2944 4861 et
2984 4808 3108 4864 odio
3154 4809 3360 4875 habita,
3395 4822 3450 4865 et

1868 4910 1974 4949 non
2002 4903 2121 4950 erat
2142 4895 2234 4966 qui
2264 4910 2362 4965 per
2382 4904 2434 4950 te
2460 4896 2731 4961 transiret,
2760 4913 2954 4966 ponam
2980 4909 3031 4953 te
3054 4899 3108 4953 in
3140 4900 3447 4968 superbiam

1870 4984 2207 5051 sreculorum,
2237 4994 2292 5039 et
2319 4986 2569 5056 gaudium
2601 4986 2654 5039 in
2678 4988 3025 5056 generatione
3065 4996 3119 5041 et
3144 4988 3451 5058 generatio—

1872 5091 2014 5129 nem.
2046 5094 2064 5125 ι
2098 5075 2338 5131 Ecclesia
2367 5076 2620 5131 derelicta
2658 5079 2770 5132 sive
2795 5078 3007 5133 deserta
3037 5078 3133 5132 fuit
3163 5080 3216 5133 in
3244 5076 3444 5134 Judteis

1872 5167 2177 5222 inﬁdelibus
2210 5176 2263 5221 et
2291 5168 2539 5238 gentibus
2569 5168 2867 5223 idololatris
2886 5210 2902 5235 ,
2935 5177 2989 5223 et
3014 5171 3138 5224 odio
3164 5170 3347 5225 habita
3376 5170 3447 5225 ab

1869 5266 2099 5327 utroque
2138 5258 2349 5326 populo.
2380 5255 2547 5313 Judaei
2578 5259 2777 5314 idcirco
2805 5258 2949 5313 illam
2994 5260 3118 5314 odio
3151 5260 3443 5328 habebant,

1870 5348 1995 5416 quia
2022 5347 2179 5401 ﬁdem
2204 5347 2404 5403 Christi
2434 5347 2652 5403 tenebat
2680 5358 2734 5402 et
2761 5349 3085 5418 praedicabat
3124 5350 3442 5414 tenendam,

1867 5450 2025 5507 quem
2056 5437 2155 5505 ipsi
2180 5439 2569 5493 contemnendo
2598 5439 2998 5493 crucifixcrant.
3039 5439 3238 5495 Gentes
3263 5448 3444 5494 autem

1869 5526 1989 5579 ideo
2017 5541 2236 5581 exesam
2263 5527 2409 5581 illam
2438 5526 2725 5592 habebant,
2758 5528 2883 5597 quia
2904 5528 3042 5583 idola
3070 5529 3286 5584 dicebat
3308 5528 3444 5582 nihil

1866 5633 2006 5682 esse,
2038 5635 2158 5689 quae
2180 5621 2279 5689 ipsi
2305 5621 2575 5685 colebant,
2601 5630 2655 5674 et
2677 5597 2862 5675 eo’rum
2887 5622 3204 5677 vanissimo:
3226 5636 3442 5677 errores

1868 5727 1968 5780 pro
1991 5710 2162 5767 nihilo
2189 5713 2437 5768 ducebat.
2473 5713 2537 5767 Et
2561 5715 2777 5781 quando
2800 5714 3056 5768 Dominus
3082 5713 3229 5768 venit
3253 5728 3348 5786 per
3370 5711 3433 5769 lu
