4016 6454
587 374 725 434 1059

1066 375 1422 434 ΗΛἸΜΟΝΙΒ
1459 373 1937 433 HALBERSTAT.
1980 372 2164 430 EPISC

2270 369 2385 426 iPP.
2428 372 2610 429 rans
2648 373 2690 428 ι.
2731 401 2802 416 -
2839 351 3190 431 condiam.
3233 373 3402 428 BlBL.

3739 371 3873 426 {MO

584 489 913 547 carnatlonis
945 488 1293 561 mysterium,
1343 500 1519 556 neque
1563 487 1618 542 in
1667 484 1863 541 Iudaeis
1907 500 2083 554 neque
2122 484 2175 537 in
2212 488 2254 546 Α
2287 482 2427 539 rimi.
2465 501 2485 536 ι
2517 483 2585 538 Ει
2610 499 2807 556 ponam
2836 486 3200 542 visitationem
3225 496 3370 541 tuam
3401 502 3613 556 pacem.
3659 497 3717 542 et
3739 503 3874 558 prae-

584 580 834 650 gentibus
864 587 987 635 erat
1011 579 1275 648 propheta
1309 585 1404 631 aut
1438 576 1731 646 apostolus,
1764 577 1854 646 qui
1887 585 2172 647 pertrans—

584 671 688 723 iret
711 684 809 738 per
831 683 926 723 eos
959 678 1014 722 et
1048 667 1311 721 auxilium
1341 667 1626 737 praeberet.
1657 666 1770 721 Hoc
1805 675 1983 721 autem
2030 666 2173 737 quod

583 756 746 819 dicit,
779 771 977 828 ponam
1005 766 1059 811 te
1110 756 1165 812 in
1193 757 1500 827 superbiam
1548 757 1894 819 saeculorum,
1921 756 2172 824 superbia

585 848 687 903 isto
712 848 767 901 in
806 847 928 903 loco
964 849 1019 903 in
1044 850 1241 903 bonam
1270 856 1478 917 partem
1509 846 1773 915 accipitur
1791 886 1807 911 ,
1836 848 1939 900 hoc
1967 857 2050 900 est
2078 860 2176 915 pro

583 938 752 1008 gloria
773 951 827 991 et
852 938 1190 992 celsitudine.
1215 936 1573 1006 Equivoeum
1601 936 1745 990 enim
1772 950 1966 990 nomen
1993 946 2096 999 est,
2119 945 2174 989 et

579 1028 868 1097 aliquando
913 1028 969 1082 in
1015 1027 1212 1082 malam
1244 1036 1450 1097 partem
1500 1028 1759 1096 ponitur:
1787 1028 1929 1081 unde
1957 1026 2023 1081 de
2052 1026 2171 1079 dia-

577 1118 703 1173 bolo
739 1119 958 1184 dicitur,
1007 1117 1152 1188 quod
1195 1120 1309 1188 ipse
1354 1127 1438 1172 est
1473 1133 1575 1171 rex
1608 1133 1770 1187 super
1799 1130 1989 1172 omnes
2038 1115 2177 1172 ﬁlios

575 1209 843 1276 superbiae
868 1226 883 1273 ;
915 1218 970 1261 et
995 1209 1284 1276 aliquando
1312 1209 1365 1260 in
1395 1206 1612 1271 bonum,
1632 1217 1690 1261 ut
1712 1207 1819 1262 hic.
1844 1206 1952 1261 Pro
1980 1222 2046 1262 eo
2071 1207 2176 1276 (in-

500 1302 503 1305 ‘
575 1297 714 1366 quit)
736 1297 879 1365 quod
901 1296 1048 1350 fuisti
1070 1296 1326 1350 derelicta
1342 1297 1393 1349 in
1407 1295 1433 1349 ι
1443 1296 1608 1351 udteis
1622 1296 1924 1352 infidelibus
1937 1308 1991 1350 et
2002 1297 2175 1364 genti-

572 1388 676 1442 bus
705 1386 1026 1451 idololatris,
1049 1396 1103 1441 et
1124 1402 1230 1442 non
1255 1396 1372 1443 erat
1394 1389 1670 1457 apostolus
1683 1402 1775 1442 aut
1799 1389 2058 1458 propheta
2083 1381 2176 1456 qui

572 1479 928 1547 pertransiret
955 1479 1242 1548 praebendo
1270 1479 1551 1545 auxilium,
1572 1495 1769 1548 ponam
1797 1489 1849 1534 te
1891 1482 1945 1534 in
1993 1496 2177 1549 super-

573 1572 720 1626 biam
772 1571 1117 1637 saeculorum,
1149 1573 1251 1627 hoc
1297 1580 1381 1626 est
1409 1573 1463 1626 in
1489 1572 1724 1628 culmine
1762 1574 2026 1629 virtutum
2053 1589 2173 1628 om-

574 1659 725 1714 nium
756 1668 1054 1730 temporum
1102 1670 1158 1716 et
1185 1662 1238 1715 iu
1289 1662 1458 1730 gloria
1503 1671 1727 1717 aeterna.
1779 1663 1849 1717 Et
1896 1679 2091 1732 ponam
2123 1673 2175 1718 te

574 1748 853 1815 gaudium,
882 1750 984 1805 hoc
1020 1759 1102 1804 est
1131 1760 1188 1804 ut
1213 1766 1430 1821 semper
1456 1752 1714 1822 gaudeas,
1743 1752 1798 1807 in
1826 1755 2177 1824 generatione

2276 572 2483 642 positos
2510 582 2628 629 tuos
2649 572 2933 642 justitiam.
2972 594 2990 628 ι
3028 576 3140 630 Vox
3172 577 3266 630 Dei
3296 578 3360 631 ad
3386 577 3710 632 Ecclesiam.
3742 575 3873 633 visi-

2276 664 2643 720 tationemliic
2671 666 2850 735 posuit
2877 682 2977 736 pro
3004 667 3302 721 visitatore.
3343 667 3472 721 Tale
3501 669 3650 737 quod
3676 669 3873 739 legitur

2278 753 2331 806 in
2355 754 2593 824 Epistula
2617 754 2765 809 Pauli
2795 756 3019 826 apostoli
3048 758 3113 811 de
3160 756 3360 812 ludatis
3399 778 3409 807 τ
3437 759 3599 813 Dedit
3624 761 3708 813 eis
3734 761 3873 815 Deus

2274 843 2645 910 operationem
2683 845 2982 913 iniquitatis
3017 861 3116 916 pro
3143 856 3430 916 operatore
3463 846 3641 919 (Rom.
3676 850 3741 919 ι).
3775 849 3869 904 Se-

2277 939 2554 1009 ptuaginta
2591 947 2768 995 autem
2806 941 3033 997 dicunt:
3076 940 3278 995 Ponam
3312 941 3557 1013 (inquit)
3599 944 3873 1012 principes

2278 1038 2397 1084 tuos
2443 1030 2498 1084 in
2526 1046 2713 1101 pacem
2730 1072 2749 1098 ,
2789 1040 2845 1087 et
2871 1034 3154 1103 episcopos
3180 1042 3302 1088 tuos
3332 1034 3386 1087 in
3411 1033 3706 1101 justitiam.
3734 1034 3873 1091 Visi-

2278 1124 2503 1173 latorem
2527 1120 2677 1189 pacis
2700 1121 2786 1177 vel
2807 1122 2981 1190 ipsum
3002 1122 3292 1177 Dominum
3315 1123 3579 1178 debemus
3601 1126 3866 1195 accipere,

2277 1208 2367 1276 qui
2397 1217 2481 1262 est
2503 1225 2607 1278 pax
2632 1220 2835 1276 nostra,
2865 1211 2949 1266 vel
2973 1212 3245 1281 apostolos
3261 1222 3317 1267 et
3337 1222 3589 1283 pastores
3614 1215 3867 1270 Ecclesia:

2276 1296 2411 1364 ejus.
2440 1297 2541 1365 Qui
2574 1298 2693 1355 ideo
2733 1316 2836 1371 pax
2878 1310 2932 1357 et
2950 1300 3161 1370 justitia
3200 1304 3475 1369 dicuntur,
3527 1304 3661 1374 quia
3688 1320 3864 1374 pacem

2276 1389 2631 1457 prmdicantes
2654 1400 2710 1446 et
2730 1392 2996 1461 justitiam
3036 1394 3307 1459 docentes,
3344 1394 3656 1465 justiﬁcant
3698 1395 3863 1464 subje-

2278 1488 2393 1534 ctos
2425 1495 2551 1535 suos
2591 1489 2646 1535 et
2686 1482 2976 1550 paciﬁcant
3005 1498 3101 1539 eos
3143 1484 3252 1540 Deo
3299 1483 3519 1554 (Eplies.
3554 1485 3636 1555 v).
3668 1484 3861 1540 Portam

2277 1568 2639 1623 visitationem
2669 1579 2817 1624 tuam
2847 1586 3066 1641 pacem,
3115 1573 3167 1626 id
3194 1582 3299 1636 est,
3342 1572 3541 1626 faciam
3584 1574 3862 1644 episcopos

2276 1666 2331 1711 et
2355 1668 2603 1727 pastores
2628 1669 2747 1715 tuos
2778 1662 3052 1730 paciﬁcos,
3080 1663 3398 1731 prtepositos
3427 1672 3550 1716 tuos
3562 1663 3754 1732 juslos
3773 1678 3790 1717 :
3810 1672 3859 1717 ut

2278 1758 2423 1804 recte
2451 1751 2678 1806 doceant
2705 1759 2756 1806 te
2789 1752 2966 1807 colere
2995 1751 3303 1807 Creatorem
3333 1761 3510 1813 tuum,
3537 1766 3595 1808 et
3613 1754 3769 1823 juste
3786 1754 3852 1823 ju-

573 1840 907 1909 Judaaorum,
948 1852 1001 1899 et
1035 1846 1384 1915 generatione
1432 1848 1696 1918 gentium,
1750 1849 1836 1902 vel
1887 1850 1943 1904 in
1986 1850 2170 1905 omnia
2203 1830 2244 1887 Β
2274 1841 2579 1898 dicentnon
2606 1845 2945 1900 altendentes
2969 1859 3252 1915 personam
3277 1845 3575 1914 iniudieio.

574 1933 753 1989 futura
781 1943 1043 2005 tempora.
1070 1934 1181 1991 [loc
1224 1937 1386 1991 etiam
1415 1939 1556 2006 quod
1586 1939 1738 2002 dicit,
1790 1955 1899 1994 non
1929 1950 2047 1995 erat
2076 1957 2169 2011 qui

572 2042 668 2094 per
696 2036 747 2082 te
772 2026 1049 2090 transiret,
1080 2028 1154 2081 ita
1180 2038 1354 2097 potest
1377 2029 1623 2100 intelligi.
1655 2030 1772 2085 Non
1808 2041 1927 2086 erat
1951 2033 2043 2102 qui
2073 2047 2171 2101 per

574 2128 625 2171 te
674 2118 948 2183 transiret,
981 2118 1256 2188 apostolus
1303 2127 1398 2173 aut
1445 2122 1729 2190 prepheta,
1783 2132 1837 2177 et
1878 2123 2167 2178 benedice-

573 2214 659 2261 ret
684 2207 814 2263 tibi:
841 2207 910 2263 de
939 2209 1136 2278 quibus
1158 2208 1357 2263 dicitur
1381 2209 1433 2264 in
1458 2210 1663 2279 psalmo
1690 2226 1703 2264 :
1733 2231 1751 2263 ‹
1789 2213 1856 2267 Et
1883 2227 1989 2266 non
2019 2212 2168 2268 dixe-

570 2307 698 2354 runt
741 2301 835 2370 qui
880 2302 1249 2370 prmteribant,
1281 2302 1585 2358 benedictio
1626 2305 1840 2360 Domini
1888 2322 2049 2377 super
2068 2323 2166 2362 vos

570 2388 745 2457 (Psal.
796 2393 1044 2463 cxxvm).
1103 2413 1121 2445 ι
1154 2393 1496 2450 Consuetudo
1546 2396 1811 2465 siquidem
1858 2407 1976 2453 erat
2022 2398 2167 2454 illius

566 2483 768 2553 populi,
795 2492 853 2538 ut
879 2493 1263 2556 praetereuntes
1290 2502 1387 2556 per
1428 2487 1572 2542 viam
1600 2489 1985 2545 benedicerent
2007 2488 2161 2559 juxta

566 2582 875 2642 operantes,
922 2575 1063 2630 sicut
1092 2575 1319 2645 legimus
1358 2576 1500 2631 Booz
1542 2576 1734 2634 fecisse
1767 2578 1984 2648 quando
2027 2579 2163 2636 dixit

572 2667 946 2721 messoribus:
983 2684 1001 2717 ‹
1032 2668 1293 2723 Dominus
1327 2670 1603 2725 vobiscum
1631 2669 1798 2741 (Ruth
1827 2670 1910 2741 ιι).
1940 2690 1963 2723 ι

644 2773 663 2807 ι
694 2755 760 2810 Et
792 2771 952 2824 suges
977 2756 1061 2811 lac
1087 2758 1347 2827 gentium,
1369 2768 1424 2813 et
1454 2761 1689 2815 mamilla
1715 2776 1902 2831 regum
1930 2762 2163 2816 laetabe-

566 2846 663 2901 ris.
700 2864 719 2897 ι
755 2844 927 2915 Suges
953 2845 1194 2918 (inquit),
1216 2862 1251 2902 o
1275 2848 1541 2916 Ecclesia,
1578 2850 1632 2906 id
1655 2858 1739 2906 est
1777 2852 2047 2921 percipies
2075 2852 2161 2907 lac

564 2939 830 3008 gentium,
858 2940 963 2996 hoc
998 2948 1084 2995 est
1111 2941 1412 3010 simplicem
1440 2943 1744 2998 doctrinam
1774 2952 1830 2999 et
1857 2944 2155 3013 simplicem

564 3031 728 3086 ﬁdem
743 3031 1023 3087 doctorum
1042 3032 1304 3102 gentium,
1320 3041 1375 3087 et
1391 3035 1624 3089 mamilla
1648 3050 1832 3106 regum
1847 3036 2155 3102 laetaberis,

2347 1950 2365 1984 ι
2402 1932 2518 1989 Νοη
2565 1936 2814 1991 audietur
2855 1936 2997 1991 ultra
3037 1937 3295 2006 iniquitas
3343 1957 3365 1990 ι
3413 1940 3534 1994 sive
3584 1947 3853 2008 peccatum

2277 2042 2294 2072 ε
2327 2024 2378 2078 in
2412 2033 2555 2079 terra
2583 2034 2692 2090 tua,
2723 2045 2741 2077 ι
2772 2025 2876 2081 hoc
2905 2036 2986 2081 est
3025 2027 3077 2081 in
3109 2035 3253 2081 terra
3275 2027 3602 2083 viventium.
3640 2048 3660 2079 ι
3695 2027 3854 2084 Vasti~

2272 2122 2354 2168 tas
2388 2123 2443 2170 et
2487 2117 2762 2182 contritio,
2803 2136 2821 2168 ι
2856 2119 3115 2173 subaudis
3153 2133 3259 2173 non
3307 2120 3416 2174 erit
3448 2138 3467 2171 ‹
3524 2121 3581 2174 ἱη
3623 2123 3854 2177 terminis

2271 2206 2398 2269 tuis,
2429 2226 2446 2259 ι
2471 2215 2755 2277 postquam
2774 2208 3055 2264 transieris
3078 2208 3144 2263 ad
3162 2217 3418 2263 aeternam
3443 2209 3848 2272 beatitudinem,

2269 2313 2371 2352 non
2399 2299 2647 2351 audietur
2676 2298 2815 2352 ultra
2845 2298 3100 2368 iniquitas
3143 2299 3256 2354 sive
3286 2310 3575 2368 peccatum
3629 2303 3683 2356 in
3720 2312 3849 2356 terra

2267 2389 2581 2444 viventium.
2604 2390 2677 2444 De
2698 2406 2804 2460 qua
2826 2391 2956 2445 dicit
2976 2389 3291 2446 Psalmista:
3322 2410 3339 2441 ι
3363 2391 3547 2447 Credo
3566 2394 3746 2448 videre
3762 2396 3847 2448 bo-

2266 2497 2332 2535 na
2363 2481 2577 2536 Domini
2606 2482 2661 2537 in
2699 2490 2841 2537 terra
2866 2483 3159 2538 viventium
3194 2483 3366 2554 (Paul.
3399 2490 3584 2555 xxvi).
3631 2506 3648 2537 ι
3683 2487 3838 2542 Vasti-

2266 2580 2367 2635 tas,
2397 2571 2449 2626 id
2478 2579 2579 2636 cst,
2610 2571 2823 2629 alllictio
2843 2580 2899 2629 et
2921 2574 3174 2629 contritio
3194 2574 3307 2629 sive
3328 2576 3581 2641 miseria,
3624 2595 3728 2633 non
3752 2580 3849 2635 erit

2264 2664 2316 2717 in
2351 2664 2595 2718 terminis
2620 2665 2758 2732 tuis,
2777 2666 2829 2719 id
2850 2675 2952 2729 est,
2979 2666 3031 2719 in
3063 2674 3205 2720 terra
3227 2665 3527 2721 viventium
3556 2686 3570 2721 :
3597 2670 3729 2738 quia
3751 2685 3851 2725 me-

2261 2771 2388 2811 cum
2410 2757 2660 2826 regnabis
2684 2756 2737 2810 in
2760 2756 3090 2812 beatitudine
3108 2758 3454 2826 sempiterna.
3490 2778 3509 2810 ι
3539 2759 3609 2813 Et
3629 2776 3847 2831 occepso

2264 2849 2359 2914 bit,
2385 2869 2405 2902 ι
2435 2849 2488 2903 id
2532 2857 2637 2914 est,
2662 2857 2829 2920 teget,
2855 2850 2940 2905 vel
2967 2850 3194 2919 replebit
3223 2870 3242 2902 ‹
3274 2867 3461 2906 muros
3509 2862 3638 2909 tuos
3665 2855 3805 2909 salus
3830 2874 3847 2903 ι

2261 2937 2373 3001 sive
2396 2937 2655 3003 salvator,
2683 2937 2773 3008 qui
2798 2939 2854 2993 in
2880 2938 3144 2994 Hebraico
3171 2940 3367 3011 legitur
3387 2940 3548 2997 Jesus
3567 2952 3655 2997 «et
3678 2955 3854 3013 portas

2260 3036 2379 3083 tuas
2431 3029 2685 3086 laudatio.
2725 3049 2744 3082 ι
2790 3030 2924 3085 Muri
2970 3030 3247 3097 Ecclesiae,
3303 3035 3479 3087 sancti
3528 3036 3765 3104 apostoli
3800 3046 3851 3090 et

566 3123 621 3177 id
667 3131 753 3178 est
781 3123 1045 3178 doctrinis
1074 3124 1441 3193 apostolorum
1487 3125 1827 3197 aliorumque
1871 3128 2153 3183 doctorum
2196 3191 2227 3197 _
2257 3119 2643 3189 praedicatores
2686 3127 2848 3190 atque
2880 3119 3154 3184 dOClOI‘eS.
3189 3121 3282 3190 qui
3310 3123 3557 3177 muniunt
3591 3140 3719 3177 eam
3745 3127 3852 3179 suis

564 3212 891 3287 epulaberis.
916 3214 995 3269 De
1019 3191 1217 3283 quibus
1244 3215 1458 3285 regibus
1479 3224 1536 3271 et
1563 3191 1896 3289 principibus
1924 3219 2152 3275 dicitur;
2184 3191 2229 3253 Ο
2262 3209 2480 3277 scriptis
2504 3218 2559 3265 et
2579 3210 2690 3264 suis
2711 3210 2973 3265 doctrinis
2990 3220 3180 3266 contra
3204 3213 3480 3268 haereticos
3499 3224 3552 3268 et
3568 3230 3850 3282 paganos,

568 3322 589 3356 ι
629 3303 940 3360 Constitues
995 3319 1090 3360 eos
1149 3305 1423 3377 principes
1477 3322 1638 3378 super
1691 3323 1910 3363 omnem
1954 3317 2158 3364 terram

565 3397 740 3469 (Psal.
767 3399 940 3469 xuv).
975 3418 994 3449 i
1026 3398 1290 3470 Sugentes
1337 3399 1427 3454 hic
1457 3399 1765 3470 signiﬁcant
1792 3401 1931 3466 illos,
1966 3403 2058 3471 qui
2089 3402 2156 3458 de

556 3490 862 3560 gentilitate
886 3490 1030 3560 pleni
1059 3490 1325 3560 sapientia
1359 3502 1628 3546 venerunt
1648 3493 1716 3547 ad
1740 3492 1926 3558 ﬁdem,
1971 3502 2027 3548 et
2055 3493 2156 3549 do~

563 3590 796 3639 nuerunt
836 3582 1035 3639 multos
1058 3583 1248 3638 dantes
1271 3582 1393 3638 aliis
1417 3583 1716 3654 simplicem
1742 3585 2064 3651 doctrinam,
2099 3594 2155 3643 et

562 3676 684 3732 aliis
706 3675 939 3733 solidum
981 3676 1182 3731 cibum.
1233 3675 1518 3746 Sequitur:
1535 3676 1604 3731 Et
1628 3676 1787 3738 scies.
1816 3692 1850 3731 ο
1878 3677 2151 3746 Ecclesia,

561 3785 690 3825 eum
716 3769 888 3825 fueris
928 3771 1190 3827 instructa
1219 3769 1483 3826 doctrinis
1517 3772 1922 3842 magistrorum,
1963 3792 1982 3825 ‹
2025 3774 2152 3844 quia

562 3875 663 3931 ego
711 3860 974 3916 Dominus
1020 3860 1331 3916 salvanste
1362 3880 1382 3913 ι
1422 3877 1452 3917 a
1481 3870 1658 3918 morte
1682 3871 1885 3918 aeterna
1930 3882 1949 3914 ι
1985 3872 2039 3920 et
2062 3880 2150 3919 rc-

564 3956 814 4025 demptor
835 3963 957 4010 tuus
981 3954 1141 4008 fortis
1163 3952 1353 4018 Iacob,
1370 3972 1388 4004 ι
1420 3953 1474 4008 id
1501 3961 1606 4018 est,
1636 3953 1729 4024 qui
1749 3955 2020 4023 quondam
2047 3955 2148 4011 feci

561 4043 730 4101 Jacob
756 4043 955 4099 fortem
984 4051 1044 4097 ut
1069 4051 1251 4112 posset
1284 4042 1480 4097 luctari
1507 4058 1631 4099 cum
1661 4044 1874 4115 angelo,
1902 4052 1958 4101 et
1985 4054 2039 4100 te
2060 4059 2149 4100 re-

548 4135 703 4190 ~demi
740 4134 1001 4202 sanguine
1041 4147 1200 4188 meo:
1228 4131 1312 4187 vel
1359 4132 1545 4199 etiam,
1594 4133 1732 4189 scies
1757 4136 1883 4204 quia
1908 4151 2006 4207 ego
2031 4153 2149 4192 sum

559 4226 895 4296 Redemptor
921 4233 1047 4280 tuus
1064 4266 1079 4292 ,
1113 4224 1205 4294 qui
1236 4224 1604 4280 fortitudinem
1631 4225 1807 4281 tribuo
1831 4228 2145 4299 supplanta-

2257 3308 2313 3354 et
2341 3309 2528 3355 contra
2558 3300 2832 3356 incursum
2863 3303 3185 3357 daemonum.
3218 3303 3324 3373 ipsi
3352 3313 3466 3359 sunt
3488 3314 3682 3373 portae,
3703 3309 3842 3375 quia

2254 3408 2352 3462 per
2370 3408 2558 3448 eorum
2612 3394 2973 3449 ministerium
3018 3395 3413 3451 introducimur
3437 3397 3489 3450 in
3511 3396 3846 3463 Ecclesiam,

2255 3494 2308 3540 et
2336 3501 2433 3556 per
2462 3487 2705 3555 corporis
2735 3486 2945 3541 Domini
2973 3488 3376 3558 perceptionem
3414 3488 3482 3543 de
3510 3489 3615 3543 hac
3646 3490 3848 3545 iterum

2256 3578 2648 3634 introducimur
2677 3579 2731 3633 in
2760 3580 2991 3649 patriam
3019 3580 3317 3636 caelestem.
3570 3632 3573 3639 .

2330 3686 2349 3719 α
2376 3668 2494 3724 Νοη
2518 3670 2623 3724 erit
2652 3668 2746 3723 tibi
2775 3670 3005 3740 amplius
3034 3668 3113 3723 sol
3142 3670 3210 3724 ad
3234 3670 3523 3726 lucendum
3551 3688 3652 3742 per
3680 3673 3849 3735 diem.

2253 3774 2353 3816 nec
2375 3760 2625 3830 splendor
2649 3760 2789 3817 luna:
2815 3761 3138 3817 illuminabit
3167 3770 3238 3817 te.
3283 3762 3390 3817 Sed
3414 3763 3523 3818 erit
3547 3764 3650 3819 tibi
3674 3765 3852 3820 Domi-

2255 3866 2355 3917 nus
2384 3851 2438 3905 in
2469 3851 2646 3905 lucem
2670 3852 3069 3923 sempiternam,
3104 3861 3158 3908 et
3186 3855 3330 3909 Deus
3368 3862 3494 3908 tuus
3522 3855 3574 3909 in
3619 3856 3848 3925 gloriam

2254 3953 2418 3996 tuam.
2462 3959 2481 3991 ι
2515 3940 2640 3996 Haec
2667 3956 2786 4011 qua:
2809 3942 2900 3997 hic
2925 3943 3198 4007 dicuntur,
3228 3944 3295 3998 ad
3318 3944 3462 3999 diem
3486 3943 3687 4011 judicii
3720 3961 3847 4015 per—

2252 4032 2442 4099 tinent.
2486 4032 2779 4102 Postquam
2824 4033 3039 4104 (inquit)
3067 4034 3372 4098 transieris,
3399 4050 3431 4089 ο
3458 4035 3734 4100 Ecclesia,
3778 4037 3847 4091 ad

2248 4130 2504 4177 aeternam
2531 4122 2944 4198 beatitudinem,
2981 4140 3088 4179 non
3127 4124 3328 4181 lucebit
3358 4125 3456 4180 tibi
3504 4127 3586 4182 sol
3619 4128 3724 4183 iste
3767 4129 3846 4181 vi-

2248 4215 2458 4281 sibilis,
2503 4231 2605 4272 nec
2654 4216 2908 4287 splendor
2951 4216 3093 4272 Iunce
3127 4216 3455 4274 illuminabit
3506 4227 3602 4274 te:
3631 4222 3757 4290 quia
3789 4230 3841 4273 tu

563 4317 771 4373 mribus
792 4317 1069 4381 γίιίοι-ωη,
1100 4324 1161 4372 ιιι
1189 4329 1403 4386 semper
1424 4316 1679 4373 resistere
1701 4318 1910 4388 ροεείηι
1929 4320 2145 4377 insidiis
2246 4307 2474 4377 fulgebis
2491 4315 2552 4361 ut
2575 4321 2736 4362 verus
2760 4307 2839 4362 sol
2855 4306 3130 4373 Christus,
3154 4308 3452 4362 secundum
3474 4309 3608 4363 illud
3633 4328 3649 4362 :
3676 4329 3696 4360 ι
3725 4311 3841 4369 Fui.

550 4412 890 4467 daemonum.
1054 4411 1065 4417 ’
2244 4397 2446 4469 geliunt
2468 4398 2600 4469 justi
2642 4398 2783 4452 sicut
2826 4396 2908 4452 sol
2959 4399 3010 4452 in
3056 4413 3222 4469 regno
3267 4399 3440 4467 patris
3489 4400 3576 4453 sui
3627 4399 3835 4469 (illam.

636 4519 655 4552 ι
686 4499 795 4557 pro
818 4516 925 4557 πε
944 4500 1164 4558 afferam
1191 4517 1403 4569 aurum,
1421 4505 1476 4557 ει
1498 4517 1597 4573 pro
1631 4501 1777 4557 rem)
1802 4500 2021 4558 meum
2049 4518 2140 4557 π-
2175 4544 2221 4573 n
2245 4487 2389 4558 xm).
2425 4508 2444 4540 ι
2479 4486 2585 4543 Sed
2610 4488 2716 4542 erit
2738 4487 2832 4543 tibi
2861 4488 3123 4543 Dominus
3150 4489 3203 4543 in
3226 4487 3400 4545 lucem
3421 4491 3833 4558 sempiternam,

561 4544 2136 4665 sel-ll;;’:tvp;ui;;:i;
2175 4544 2221 4603 υ
2247 4577 2300 4632 id
2327 4544 2432 4642 est,
2463 4585 2652 4631 sancta
2686 4575 2923 4631 Trinitas
2953 4585 3006 4630 et
3038 4576 3265 4631 indivisa
3294 4577 3478 4632 unitas
3514 4544 3837 4634 illuminabit

559 4685 666 4740 Per
709 4685 854 4757 ligna
881 4694 939 4740 et
966 4685 1172 4755 lapides
1196 4686 1535 4757 accipiuntur
1570 4685 1691 4740 duri
1721 4686 1882 4741 corde
1903 4694 1959 4740 et
1996 4686 2145 4741 stulti
2246 4676 2321 4732 te,
2347 4674 2403 4722 ει
2427 4666 2570 4722 Deus
2601 4674 2724 4722 tuus
2743 4667 2848 4722 erit
2871 4666 2966 4721 tibi
2994 4666 3049 4720 in
3075 4666 3263 4736 gloria-

561 4774 1030 4847 atqueinsensati,
1053 4775 1191 4831 idola
1211 4791 1310 4845 pro
1331 4775 1441 4831 Deo
1459 4774 1840 4844 colenteszqui
1862 4775 2143 4831 credentes
2322 4787 2342 4819 ι
2378 4767 2495 4823 Non
2520 4770 2730 4824 occidet
2763 4768 2903 4824 ultra
2939 4769 3020 4824 sol
3068 4777 3186 4823 tuus
3215 4777 3271 4824 et
3310 4768 3434 4824 luna
3467 4778 3561 4825 tua
3603 4787 3713 4827 non
3742 4773 3837 4826 mi-

561 4867 809 4924 conversi
837 4876 966 4923 sunt
1009 4869 1064 4923 in
1105 4867 1338 4938 aliquam
1365 4868 1651 4923 utilitatem
1694 4866 1970 4932 Ecclesia,
2002 4867 2144 4936 quod
2246 4868 2442 4916 nuetur
2466 4878 2480 4913 :
2501 4860 2627 4931 quia
2657 4859 2914 4915 Dominus
2941 4860 3044 4915 erit
3073 4860 3125 4913 in
3148 4860 3323 4914 lucem
3352 4861 3837 4930 sempitemam,et

560 4963 898 5031 signiﬁcatur
919 4975 1018 5032 per
1044 4958 1249 5015 ferrum
1272 4968 1326 5015 et
1348 4975 1424 5014 aes
1448 4976 1462 5013 :
1486 4966 1543 5013 et
1569 4973 1786 5013 rursum
1814 4965 2146 5013 monstratur
2244 4953 2653 5023 complebuntur
2682 4953 2800 5008 dies
2826 4953 2997 5007 luctus
3026 4953 3120 5006 tui.
3160 4971 3178 5003 ι
3212 4950 3391 5007 Solem
3415 4953 3507 5009 hic
3535 4956 3839 5024 spirituali-

560 5055 793 5124 idipsum
821 5055 879 5109 in
921 5068 1056 5108 auro
1101 5061 1158 5108 et
1190 5059 1436 5119 argento,
1464 5049 1607 5105 unde
1633 5048 1736 5118 ipsi
1762 5047 2028 5105 accedunt
2072 5047 2143 5103 ad
2247 5052 2331 5099 ter
2358 5044 2615 5099 debemus
2636 5044 2887 5112 accipere
2920 5042 3217 5107 Christum,
3251 5043 3342 5112 qui
3366 5052 3452 5097 est
3480 5043 3560 5097 sol
3585 5045 3835 5114 jastitix,

558 5144 861 5216 perfectum
891 5143 1015 5198 ﬁdei
1058 5155 1277 5198 sensum
1315 5147 1370 5194 et
1394 5139 1788 5194 confessionem
1808 5153 2017 5208 puram.
2046 5136 2143 5193 Vel
2244 5143 2301 5189 et
2319 5149 2415 5205 per
2434 5135 2615 5190 lunam
2630 5133 3029 5197 Ecclesiam,de
3045 5148 3147 5202 qua
3170 5132 3366 5186 dicitur
3386 5133 3437 5185 in
3456 5132 3688 5189 Cantica
3700 5150 3821 5188 can.

559 5238 723 5293 etiam
752 5250 851 5306 per
875 5251 948 5290 ass
978 5242 1034 5290 et
1060 5233 1262 5288 ferrum
1289 5230 1544 5286 debemus
1572 5229 1875 5300 intelligere
1912 5242 2005 5285 eos
2049 5229 2143 5299 qui
2244 5227 2473 5281 ticorum
2507 5244 2519 5278 :
2550 5243 2568 5276 ι
2603 5225 2834 5280 Pulchra
2865 5232 2922 5277 ut
2947 5224 3094 5287 luna,
3118 5222 3288 5277 electa
3315 5231 3376 5276 ut
3403 5223 3505 5275 sol.
3544 5244 3563 5274 ι
3593 5224 3837 5279 Ecclesia

561 5326 789 5397 alicujus
816 5333 972 5382 erant
1001 5322 1251 5379 utilitatis
1294 5322 1349 5376 in
1374 5319 1659 5390 gentibus:
1685 5320 1777 5374 sed
1812 5319 1898 5374 his
1921 5318 2144 5374 mutatis
2246 5324 2425 5369 autem
2454 5315 2658 5369 idcirco
2685 5313 2827 5369 lunae
2852 5322 3213 5382 comparatur,
3240 5313 3364 5381 quia
3394 5313 3685 5368 sicutluna
3716 5331 3830 5370 mu-

560 5421 789 5476 diversm
811 5425 940 5473 sunt
959 5415 1148 5489 gratia:
1173 5413 1300 5483 quia
1326 5411 1418 5467 alii
1462 5410 1517 5463 in
1555 5409 1936 5479 praedicatione
1961 5407 2142 5463 sonori
2244 5415 2453 5462 tuatum
2482 5405 2660 5460 lumen
2687 5421 2716 5459 a
2739 5405 2851 5460 sole
2879 5405 3097 5475 accipit,
3119 5412 3174 5458 et
3200 5405 3268 5458 ab
3292 5403 3383 5458 illo
3407 5420 3631 5460 onmem
3648 5408 3837 5475 splen-

560 5510 688 5567 facti
717 5517 846 5565 sunt
884 5516 946 5561 ut
975 5521 1082 5569 aes,
1129 5503 1220 5558 alii
1249 5502 1500 5556 doctores
1528 5517 1541 5553 :
1575 5499 1717 5567 quod
1758 5498 2004 5568 signatur
2043 5511 2142 5565 per
2242 5497 2425 5550 dorem
2454 5496 2651 5550 habet:
2684 5497 2755 5549 ita
2787 5495 3026 5550 Ecclesia
3057 5510 3088 5548 a
3118 5494 3332 5550 Christo
3382 5510 3516 5549 vero
3565 5496 3682 5551 sole
3713 5496 3828 5550 illu-

560 5617 751 5658 aurum
784 5609 838 5655 et
860 5604 1164 5670 argentum,
1192 5600 1251 5647 ut
1268 5570 1401 5646 illud
1453 5591 1738 5644 thesaurus
1767 5585 2139 5643 desiderabilis
2240 5588 2590 5642 ininatur:et
2621 5588 2880 5659 quidquid
2919 5587 3047 5643 boni
3078 5587 3261 5651 habet,
3315 5586 3385 5641 ab
3432 5586 3528 5641 illo
3573 5589 3837 5657 percipit.

561 5694 853 5766 requiescit
894 5692 950 5746 in
979 5704 1073 5745 ore
1117 5684 1396 5754 sapientis.
1447 5681 1554 5736 Alii
1601 5680 1770 5733 fortes
1812 5679 1867 5733 in
1906 5679 2030 5743 ﬁde,
2079 5685 2138 5732 ut
2236 5677 2467 5746 Ideoque
2487 5678 2760 5733 dicitluna
2785 5686 2875 5732 tua
2897 5692 3005 5732 non
3026 5677 3317 5741 minuetur,
3341 5678 3467 5747 quia
3492 5679 3543 5732 in
3572 5680 3841 5748 presenti

562 5771 1605 5844 niartvreseﬁicerenturmtCyprianus,
1622 5769 1822 5839 aliique
1861 5771 2135 5839 quamnlu-
2237 5771 2432 5826 szcculo
2460 5770 2746 5839 aliquando
2797 5770 3057 5824 minuitur
3112 5768 3374 5834 Ecclesia,
3403 5771 3697 5841 aliquando
3734 5788 3836 5826 au-
