4016 6456
173 435 300 494 1οη

1306 406 1657 471 ΟΟΜΜΕΝΤ.
1696 404 1763 461 1N
1801 399 2055 460 ISAIAM.
2096 396 2221 453 LIB.
2257 396 2348 450 Ill.

3292 381 3430 436 1042

169 557 342 620 εειιιιι.
380 539 666 604 Minuitur,
704 551 826 592 cum
876 531 1070 603 aliquis
1099 529 1153 583 in
1181 526 1490 582 haereticam
1514 519 1746 592 pravita-
1773 519 1826 579 Α
1848 508 2319 580 Complebiturque
2348 504 2401 559 in
2450 502 2545 556 illo
2582 499 2725 572 quod
2761 497 3021 553 Dominus
3061 494 3110 549 ei
3140 492 3427 565 promisit:

1422 617 1432 620 -
1619 613 1629 620 .
1908 600 2216 620 n,_2_-____--
2248 611 2368 620 -......
2398 590 2752 620 unumunum...“
2774 604 2832 620 un
2860 588 2994 620 a:nnl
3026 583 3281 620 ηας-ιηιιιιε
3308 582 3411 620 iam

172 613 279 695 tem
311 636 457 692 cadit
476 674 490 697 ,
516 632 602 687 vel
629 638 748 701 post
776 626 1102 696 baptismum
1147 620 1199 675 in
1229 617 1468 689 peccatis
1497 613 1744 669 moritur.

171 729 411 798 Augetur
457 731 661 781 autem,
694 732 817 773 cum
866 712 1105 783 quotidie
1158 723 1415 763 numerus
1456 704 1749 759 electorum

171 791 495 889 completur,
525 811 776 867 videlicet
805 808 932 861 dmn
970 800 1195 873 quilibet
1218 811 1458 869 paganus
1486 791 1753 849 converti-

174 921 263 967 tur
296 882 362 963 ad
409 907 591 970 fidem,
636 901 721 957 vel
766 897 958 968 aliquis
1006 892 1259 964 parvulus
1301 882 1753 958 baptizatur:sed

176 1003 329 1058 finito
357 993 820 1067 extremojudicio
844 1000 899 1045 et
929 985 1194 1043 damnatis
1215 980 1478 1052 reprobis,
1506 977 1602 1032 soli
1625 973 1756 1042 justi

179 1076 315 1147 tunc
347 1064 739 1144 remanebunt:
768 1098 836 1137 ex
865 1079 1060 1150 quibus
1089 1073 1265 1129 nullus
1291 1067 1629 1140 postmodum
1658 1064 1757 1117 mi-

177 1190 398 1245 nuetur,
429 1194 603 1248 neque
648 1176 809 1231 etiam
858 1169 1157 1238 augebitur.
1187 1164 1455 1231 Quantum
1484 1167 1663 1213 autem
1693 1154 1759 1208 ad

176 1274 414 1330 litteram
442 1271 701 1343 pertinet,
719 1266 851 1321 dicit
872 1264 1065 1317 beatus
1092 1257 1327 1312 Isidorus
1353 1254 1409 1306 in
1439 1251 1577 1304 libro
1608 1261 1758 1302 crea-

180 1373 446 1425 turarum,
488 1359 630 1429 quod
677 1361 947 1411 transacto
992 1344 1290 1417 diejudicii
1326 1341 1405 1397 sol
1455 1337 1759 1394 mercedem

182 1454 385 1511 laboris
409 1452 491 1507 sui
507 1425 791 1520 percipiet,
813 1443 965 1512 juxta
988 1438 1117 1493 illud
1141 1435 1450 1506 prophetae:
1485 1448 1503 1480 ι
1538 1425 1763 1481 Lucebit

182 1544 425 1617 (inquit)
453 1516 533 1597 sol
557 1516 973 1609 septempliciter
992 1529 1127 1601 (Isa.
1150 1524 1334 1597 xxx)»
1361 1521 1428 1575 Et
1449 1534 1553 1574 non
1584 1516 1763 1571 veniet

184 1640 253 1695 ad
279 1648 530 1694 occasum
558 1628 900 1702 postmodum
928 1636 1102 1691 neque
1131 1618 1230 1682 sol,
1277 1628 1452 1683 neque
1479 1612 1638 1673 luna;
1668 1607 1763 1664 sed

185 1730 242 1785 in
272 1727 461 1782 ordine
487 1697 584 1778 suo
629 1734 735 1788 quo
777 1714 944 1770 creati
976 1719 1101 1766 sunt
1145 1706 1386 1767 stabunt,
1418 1716 1487 1757 ne
1529 1697 1677 1768 impii
1709 1697 1761 1751 in

186 1815 469 1873 torm‘entis
494 1810 652 1882 positi
696 1803 1039 1876 perfruantur
1074 1811 1261 1854 eorum
1289 1794 1407 1847 luce
1455 1790 1554 1846 sub
1596 1797 1759 1843 terra.

1857 622 1875 656 ι
1906 600 2220 669 Quicunque
2244 611 2373 667 ergo
2398 590 2757 649 humiliaverit
2774 604 2832 645 se
2860 588 3001 642 sicut
3026 583 3282 656 parvulus
3306 582 3430 646 iste,

1851 692 1941 748 hic
1984 690 2091 745 erit
2134 687 2306 757 major
2350 685 2402 738 in
2436 697 2599 753 regno
2641 679 2899 734 caelorum
2938 674 3154 747 (Matth.
3187 672 3368 741 xvnt),
3411 693 3429 723 ι

1852 798 2015 854 super
2041 793 2229 835 omnes
2271 791 2412 847 quos
2445 773 2627 829 docuit
2654 770 2735 825 vel
2782 768 2978 838 quibus
3005 763 3309 833 exemplum
3340 763 3440 816 hu-

1853 853 2095 929 militatis
2146 869 2393 940 praebuit.
2423 886 2439 917 ‹
2472 866 2583 935 Ego
2628 861 2884 916 Dominus
2929 859 2982 913 in
3037 866 3278 925 tempore
3326 853 3442 920 ejus

1854 964 2033 1019 subito
2081 961 2273 1015 faciam
2321 955 2486 1011 istud.
2523 974 2541 1006 ι
2579 954 2634 1007 lu
2686 962 2924 1021 tempore
2972 948 3108 1017 ejus,
3148 946 3339 1009 id‘est,
3388 945 3441 998 in

1856 1062 2095 1122 tempore
2125 1050 2382 1103 adventus
2408 1045 2626 1108 Christi,
2659 1041 2742 1096 vel
2773 1042 2824 1095 iu
2855 1050 3093 1109 tempore
3141 1046 3445 1107 opportuno

1857 1146 1941 1202 vel
1983 1144 2460 1200 constituto:cum
2503 1137 2711 1192 miserit
2755 1134 2926 1187 Filius
2966 1130 3201 1186 hominis
3227 1127 3449 1198 angelos

1860 1250 1986 1291 suos
2027 1242 2088 1288 ut
2127 1237 2457 1302 congregem
2488 1229 2569 1289 de
2602 1241 2768 1297 regno
2793 1223 2911 1291 ejus
2957 1222 3135 1276 omnia
3167 1217 3445 1280 scandala,

1861 1325 2039 1380 subito
2065 1322 2179 1377 sive
2207 1321 2478 1388 insperate
2504 1318 2596 1370 fiet
2625 1313 2787 1377 istud,
2819 1315 2920 1368 hoc
2960 1320 3044 1366 est
3091 1309 3452 1364 constituetur

1862 1417 1950 1471 ille
1973 1415 2063 1485 qui
2093 1411 2312 1467 humilis
2347 1418 2403 1463 et
2447 1405 2704 1477 parvulus
2731 1401 2892 1458 fue‘rit
2916 1405 2968 1456 in
2998 1400 3169 1456 oculis
3195 1400 3329 1464 suis,
3359 1414 3449 1453 su-

1861 1522 1960 1579 per
1985 1506 2150 1560 multa
2194 1503 2334 1557 bona
2382 1498 2570 1569 patri-.e
2614 1494 2868 1557 caelestis,
2898 1493 2965 1547 de
2994 1492 3190 1563 quibus
3217 1489 3455 1561 gaudeat

1863 1578 2169 1670 perenniter
2198 1591 2556 1666 (Mutilum).
2589 1588 2714 1643 ldco
2734 1596 2913 1640 autem
2936 1583 3065 1639 dicit
3090 1581 3288 1646 subito,
3329 1578 3455 1648 quia

1865 1691 1981 1747 dies
2003 1688 2191 1759 judicii
2220 1687 2347 1752 cito,
2370 1693 2426 1741 et
2467 1684 2591 1738 dum
2625 1698 2732 1735 non
2779 1678 3103 1750 sperabitur,
3131 1672 3309 1728 veniet
3337 1690 3347 1725 :
3375 1684 3458 1725 se-

1867 1783 2098 1840 cundum
2127 1781 2269 1851 quod
2326 1778 2585 1850 propheta
2632 1775 2796 1830 dicit:
2830 1792 2847 1823 ι
2886 1772 3010 1827 Dies
3050 1768 3262 1825 Domini
3312 1767 3456 1823 sicut

187 1862 736 1962 Ξῖίέιξῖιιῌάᾌιέπυὶ
757 1896 893 1967 (cap.
914 1893 998 1963 tu)
1028 1909 1040 1944 :
1074 1907 1093 1940 ι
1116 1887 1206 1943 Sol
1226 1894 1279 1941 et
1298 1885 1421 1938 luna
1444 1887 1728 1965 steterunt,
1748 1899 1766 1930 ι
1801 1865 1849 1928 Β
1875 1873 1983 1940 fur,
2014 1874 2087 1928 ita
2115 1873 2168 1927 in
2197 1881 2353 1926 nocte
2379 1868 2560 1924 veniet
2583 1866 2633 1939 (1
2665 1865 2843 1920 Thess.
2869 1862 2944 1935 v).
2980 1879 3000 1913 ι

188 2013 286 2068 pro
316 2010 381 2051 eo
426 1992 566 2063 quod
593 1999 695 2053 εει,
744 1986 962 2042 stabunt
991 1983 1046 2036 in
1092 1979 1282 2036 ordine
1327 1991 1443 2032 suo.
1478 1973 1767 2043 Sequitur:

190 2061 459 2142 Dominus
490 2079 706 2153 (inquit)
734 2078 858 2142 erit,
882 2070 1137 2129 subaudis
1168 2068 1263 2124 tibi
1295 2068 1347 2121 in
1375 2065 1550 2120 lucem
1579 2061 1775 2131 sempi-

190 2186 433 2238 ternam,
480 2181 535 2227 et
572 2168 1014 2238 complebantur,
1048 2163 1151 2218 hoc
1197 2167 1279 2215 est
1308 2155 1773 2219 terminabuntur,

189 2266 306 2322 sive
331 2264 490 2317 finem
510 2259 813 2332 percipient
833 2257 948 2311 dies
968 2254 1143 2309 luctus
1164 2250 1260 2305 tui.
1291 2247 1489 2304 Sancta
1512 2244 1772 2308 Ecclesia,

192 2368 312 2423 quae
341 2353 393 2406 in
423 2349 675 2420 praesenti
725 2346 872 2417 luget
922 2351 976 2399 et
1023 2340 1265 2411 deplorat
1316 2352 1414 2393 sua
1444 2342 1499 2390 et
1548 2335 1776 2389 aliorum

191 2453 438 2516 peccata,
466 2441 551 2495 vel
579 2439 707 2510 quia
742 2434 987 2492 dilfertur
1013 2450 1043 2487 a
1069 2446 1255 2503 regno,
1279 2430 1336 2484 in
1364 2429 1449 2484 die
1469 2427 1655 2498 judicii
1683 2441 1774 2481 ac-

193 2536 355 2607 cipiet
405 2531 847 2590 consolationem.
908 2526 1061 2581 Sicut
1115 2524 1230 2594 ipse
1289 2520 1547 2577 Dominus
1602 2517 1775 2573 dixit:

201 2648 221 2681 ι
266 2626 415 2691 Beati
497 2625 741 2694 lugentes
771 2660 786 2688 ,
858 2617 1113 2690 quoniam
1188 2612 1289 2685 ipsi
1360 2608 1780 2666 consolabuntur

192 2716 414 2789 (Matth.
456 2717 532 2784 v).
565 2733 584 2766 ι

276 2828 293 2862 ι
333 2805 566 2878 Populus
595 2813 774 2859 autem
804 2811 946 2865 tuus,
984 2818 1002 2853 ι
1036 2811 1069 2853 o
1092 2794 1355 2859 Ecclesia,
1388 2811 1407 2844 ι
1437 2805 1626 2847 omnes
1647 2789 1780 2859 justi

197 2900 254 2956 in
305 2907 619 2969 perpetuum
661 2891 1051 2950 hmreditabunt
1095 2896 1316 2951 terram,
1364 2903 1382 2937 ι
1414 2882 1671 2939 subaudis
1704 2881 1781 2935 vi«

198 2993 462 3056 ventium,
490 2991 555 3046 de
588 3005 691 3060 qua
721 2985 979 3041 Dominus
1008 2982 1174 3037 dicit:
1204 2997 1222 3031 ι
1253 2977 1404 3033 Beati
1433 2975 1614 3039 mites,
1642 2987 1779 3043 quo-

200 3085 346 3140 niam
386 3083 483 3152 ipsi
512 3079 867 3152 possidebunt
900 3084 1118 3130 terram.
1156 3092 1176 3124 ι
1209 3069 1327 3125 Non
1355 3066 1680 3138 generaliter
1712 3063 1780 3119 de

197 3176 452 3233 omnibus
480 3172 785 3229 hominibus
806 3172 907 3225 hoc
938 3164 1306 3236 accipiendum
1334 3170 1435 3226 est,
1463 3161 1556 3216 sed
1585 3159 1649 3214 de
1674 3157 1781 3213 ele-

202 3269 307 3323 ctis
335 3266 539 3336 angelis
587 3274 641 3319 et
690 3260 996 3317 hominibus
1036 3253 1346 3325 justis:qui
1393 3249 1658 3318 completo
1697 3248 1783 3303 die

196 3356 384 3427 judicii
414 3354 571 3410 simul
598 3352 950 3407 remanebunt
980 3361 1103 3401 cum
1150 3345 1262 3399 Deo
1291 3343 1356 3396 ad
1402 3337 1785 3411 possidendum

202 3446 531 3504 aeternaliter
577 3456 799 3513 regnum
846 3437 1087 3502 caeleste,
1123 3433 1331 3493 traditis
1366 3430 1544 3500 impiis
1578 3444 1632 3483 in
1663 3442 1791 3497 sup-

203 3536 422 3607 plicium
452 3542 666 3589 :eternae
710 3528 1071 3584 damnationis
1097 3540 1217 3579 cum
1259 3530 1413 3593 patre
1451 3535 1639 3574 eorum
1679 3518 1793 3572 dia-

204 3629 329 3685 bolo
355 3647 368 3683 :
395 3637 450 3683 et
474 3627 717 3680 videntes
744 3621 915 3677 sancti
937 3619 1137 3689 jugiter
1152 3616 1460 3671 Creatorem
1489 3609 1792 3679 suum,jam

208 3718 437 3790 amplius
460 3730 681 3786 peccare
707 3730 809 3768 non
829 3718 1100 3781 poterunt.
1127 3728 1145 3760 ι
1174 3707 1408 3762 Germen
1444 3702 1794 3774 plantationis

209 3823 361 3872 mere,
392 3820 527 3875 Opus
551 3820 742 3858 manus
768 3817 901 3857 mea:
939 3800 1004 3855 ad
1030 3797 1455 3869 gloriﬁcandum,
1488 3814 1505 3847 ι
1539 3793 1795 3849 subaudis

210 3899 310 3968 ipsi
353 3896 508 3950 electi
535 3903 711 3949 erunt.
743 3891 932 3962 Angeli
960 3889 1087 3945 boni
1135 3896 1190 3943 et
1238 3885 1466 3961 apostoli
1511 3883 1797 3951 ceterique

211 3986 529 4048 credentes,
570 3984 661 4053 qui
694 3981 851 4036 fidem
906 3994 1067 4050 quam
1113 3977 1315 4032 habent
1340 3973 1591 4044 operibus
1642 3970 1798 4025 bonis

213 4080 495 4140 adornant,
524 4076 624 4144 ipsi
675 4082 797 4127 sunt
845 4086 1063 4143 germen
1108 4066 1455 4139 plantationis
1485 4064 1696 4120 Domini
1744 4071 1799 4117 et

213 4186 352 4241 opus
395 4184 647 4223 manuum
677 4165 829 4234 ejus:
881 4166 1005 4234 quia
1032 4164 1098 4215 ab
1121 4161 1236 4231 ipso
1284 4166 1405 4213 sunt
1438 4157 1626 4220 creati,
1659 4163 1713 4209 et
1744 4155 1798 4210 in

215 4259 455 4316 Ecclesia
481 4258 703 4328 plantati
734 4270 831 4325 per
863 4254 1018 4308 fidem
1054 4252 1120 4306 ad
1151 4248 1556 4321 glorificandum
1582 4246 1801 4302 Creato-

217 4368 334 4407 rem
385 4366 561 4403 suum.
641 4346 792 4402 Sicut
852 4346 967 4414 ipse
1016 4357 1112 4413 per
1160 4340 1452 4397 Jeremiam
1518 4338 1796 4406 loquitur:

221 4467 239 4492 ε
286 4444 431 4509 Quos
470 4456 568 4512 ego
612 4439 795 4495 creavi
842 4438 894 4491 in
942 4435 1166 4508 gloriam
1212 4443 1266 4487 et
1317 4431 1526 4484 laudem
1569 4427 1803 4483 nominis

2465 1977 2692 2035 CAPUT
2731 1974 2866 2030 LXI.

1950 2101 1968 2134 ι
2000 2078 2231 2150 Spiritus
2250 2073 2463 2131 Domini
2493 2086 2656 2140 super
2686 2084 2771 2124 me
2793 2109 2808 2134 ,
2861 2080 2926 2122 eo
2952 2064 3099 2136 quod
3138 2060 3354 2116 unxerit
3374 2073 3478 2112 me

1876 2174 2156 2236 Dominus,
2185 2169 2252 2224 ad
2277 2165 2705 2223 annuntiandum
2735 2158 3032 2215 mansuetis
3072 2155 3219 2210 misit
3252 2168 3339 2208 me
3364 2172 3376 2203 τ
3402 2161 3463 2205 ιιι

1876 2267 2125 2322 mederer
2152 2262 2413 2320 contritus
2433 2258 2624 2321 corde,
2652 2264 2709 2310 et
2726 2252 3080 2323 praedicarem
3107 2245 3334 2316 captivis
3377 2245 3460 2298 in-

1878 2356 2228 2428 dulgentiam,
2267 2360 2322 2408 et
2345 2350 2543 2407 clausis
2598 2345 2948 2416 apertionem.
2980 2359 2999 2393 ι
3026 2338 3281 2394 Dominus
3307 2334 3465 2392 Jesus

1878 2452 1969 2522 qui
1994 2451 2134 2506 Deus
2162 2457 2217 2503 et
2240 2431 2403 2503 homo
2429 2453 2532 2509 est,
2558 2440 2847 2511 aliquando
2871 2453 2936 2492 ex
2961 2448 3191 2507 persona
3213 2429 3484 2486 divinita»

1879 2517 1949 2598 tis
1967 2541 2225 2611 loquitur,
2241 2548 2300 2593 ut
2324 2537 2394 2592 ibi
2421 2556 2432 2590 :
2460 2554 2477 2587 ι
2508 2535 2618 2605 Ego
2637 2540 2691 2586 et
2712 2531 2874 2585 Pater
2894 2542 3058 2582 unum
3080 2536 3284 2579 sanius.
3312 2539 3329 2571 ι
3348 2517 3463 2573 Ali-

1880 2635 2095 2705 quando
2121 2648 2185 2688 ex
2215 2643 2445 2702 persona
2472 2624 2846 2687 humanitatis,
2872 2628 2932 2675 ut
2956 2619 3119 2674 Pater
3163 2613 3334 2681 major
3380 2625 3466 2665 me

1880 2731 2055 2786 est,et
2080 2721 2168 2776 hic
2196 2700 2251 2774 in
2278 2716 2527 2788 praesenti
2552 2712 2929 2777 loco,.dicens:
2952 2727 2969 2759 ι
3004 2705 3237 2774 Spiritus
3253 2700 3492 2758 Domini.

1880 2825 2044 2882 SUper
2080 2825 2163 2864 me
2197 2807 2377 2879 (Joan.
2411 2822 2471 2871 x,
2515 2802 2653 2875 xxv),
2684 2821 2702 2855 ι
2739 2800 2791 2855 id
2820 2807 2926 2864 est,
2954 2798 3046 2867 qui
3075 2804 3157 2849 cst
3186 2794 3237 2847 in
3268 2805 3351 2845 me
3382 2802 3470 2854 vel

1881 2903 2053 2970 major
2077 2916 2160 2956 me
2183 2913 2248 2954 eo
2268 2897 2410 2966 quod
2439 2892 2655 2948 unxerit
2680 2905 2765 2945 me
2790 2888 3070 2949 Dominus,
3101 2885 3201 2938 hoc
3225 2889 3306 2936 est
3327 2876 3469 2951 quod

1882 2991 2172 3065 repleverit
2200 3004 2284 3042 me
2327 2986 2498 3057 gratia
2531 2984 2700 3053 ipsius
2741 2979 2974 3049 Spiritus
3003 2976 3196 3031 sancti.
3225 2973 3351 3027 Hmc
3374 2986 3475 3025 un-

1881 3058 1990 3141 ctio
2018 3080 2282 3150 completa
2312 3086 2396 3133 est
2424 3086 2661 3146 tempore
2708 3058 3042 3142 baptismatis
3069 3069 3232 3131 illius,
3259 3065 3474 3135 quando

1887 3178 1940 3231 in
1965 3173 2143 3243 specie
2163 3169 2423 3225 columba:
2459 3164 2724 3236 requievit
2752 3178 2916 3232 super
2942 3177 3066 3216 eum
3092 3158 3325 3228 Spiritus
3347 3171 3473 3210 san-

1888 3274 2007 3320 ctus
2031 3262 2180 3332 (Luc.
2208 3260 2311 3331 ιιι).
2340 3258 2414 3311 De
2436 3274 2539 3327 qua
2588 3257 2839 3310 uuctione
2861 3255 2990 3309 dicit
3017 3255 3155 3308 idem
3181 3250 3470 3321 propheta:

1895 3372 1912 3405 ι
1950 3349 2235 3421 Requievit
2261 3362 2422 3415 super
2446 3359 2569 3397 eum
2612 3342 2843 3413 Spiritus
2874 3340 3107 3404 Domini,
3148 3357 3167 3389 ι
3196 3347 3244 3392 ct
3282 3345 3472 3390 etetera

1893 3458 2082 3512 usque,
2113 3458 2131 3491 ι
2154 3446 2209 3493 et
2234 3436 2461 3507 replebit
2482 3449 2604 3489 eum
2634 3432 2848 3503 Spritus
2874 3430 3084 3485 timoris
3108 3426 3317 3482 Domini
3335 3424 3382 3497 (1
3391 3442 3474 3478 sa.

1896 3535 1976 3605 ιι).
2016 3548 2038 3585 ι
2069 3532 2135 3586 Et
2163 3529 2444 3585 Psalmista
2474 3541 2489 3580 :
2521 3544 2540 3577 ι
2572 3525 2736 3581 Unxit
2760 3532 2825 3579 te‘
2847 3524 2987 3578 Deus
3015 3521 3156 3576 Deus
3198 3530 3319 3574 tuus
3354 3518 3474 3571 oleo

1892 3624 2087 3680 lmtitia:
2108 3636 2218 3692 pra:
2237 3617 2575 3675 consortibus
2597 3616 2702 3670 tuis
2721 3613 2943 3685 (Psalm.
2972 3614 3136 3682 xuv).
3165 3631 3182 3662 ι
3206 3610 3320 3665 Prw
3344 3624 3473 3664 con-

1893 3715 2128 3774 sortibus
2151 3713 2276 3777 tuis,
2292 3711 2345 3767 id
2367 3718 2469 3776 est,
2485 3709 2605 3779 plus
2625 3707 2874 3763 omnibus
2885 3706 3085 3761 sanctis
3107 3704 3279 3775 gratia
3297 3702 3471 3757 sancti

1896 3808 2130 3878 Spiritus
2153 3812 2237 3858 est
2257 3800 2509 3872 repletus,
2535 3799 2785 3853 habitans
2813 3797 2867 3851 in
2892 3796 2981 3850 illo
3002 3795 3178 3850 omnis
3199 3793 3477 3863 plenitudo

1896 3896 2192 3954 divinitatis
2212 3891 2565 3963 corporaliter
2585 3889 2716 3953 dicit
2743 3906 2754 3941 :
2782 3888 2907 3957 quia
2935 3887 3048 3957 ipse
3076 3886 3216 3941 Deus
3242 3895 3296 3938 et
3317 3885 3480 3938 homo

1898 3991 2043 4048 solus
2068 3988 2182 4044 sine
2207 3994 2428 4057 peccato
2455 3983 2671 4039 mansit.
2702 4001 2719 4033 ι
2740 3981 3024 4036 Peccatum
3040 3978 3184 4033 enim
3202 3992 3308 4031 non
3326 3973 3479 4039 fecit,

1898 4097 1998 4137 nec
2047 4079 2199 4135 dolus
2232 4079 2483 4131 inventus
2518 4081 2601 4128 est
2648 4073 2703 4126 in
2744 4086 2840 4125 ore
2875 4070 3011 4139 ejus.
3052 4088 3071 4120 ι
3110 4066 3227 4136 Ipse
3264 4063 3479 4137 (inquit)

1900 4172 2135 4244 Spiritus
2159 4176 2380 4225 sanctus
2424 4166 2514 4236 qui
2541 4172 2624 4220 est
2656 4164 2708 4218 in
2739 4178 2824 4217 me
2852 4203 2866 4226 ,
2894 4162 2980 4216 vel
3025 4157 3194 4226 major
3243 4173 3360 4223 me,
3388 4157 3479 4226 qui

1900 4264 2057 4319 unxit
2078 4275 2185 4325 me,
2213 4261 2326 4328 ipse
2345 4258 2494 4312 misit
2516 4272 2602 4311 me
2627 4257 2692 4309 ad
2720 4239 3143 4309 aniiunt'iandum
3162 4249 3478 4314 mansuetis,

1903 4355 1957 4410 id
1980 4362 2064 4408 est
2085 4349 2377 4406 humilibus
2400 4355 2454 4404 et
2477 4345 2799 4417 pauperibus
2819 4344 3070 4414 gaudium
3093 4350 3310 4419 πίει-ραι
3332 4342 3477 4396 vita}:

1905 4446 1971 4501 de
1995 4445 2190 4514 quibus
2216 4441 2412 4496 dicitur
2446 4439 2501 4493 in
2527 4436 2815 4505 Evangelio
2845 4452 2857 4489 :
2889 4456 2911 4485 ι
2945 4434 3095 4488 Beati
3125 4434 3301 4497 mites,
3351 4447 3480 4501 quo-

220 4533 327 4585 mci
390 4530 524 4600 (Jer.
554 4531 695 4593 xm).
733 4548 751 4580 ι
792 4527 890 4581 Est
931 4523 1193 4596 plantatio
1234 4538 1340 4576 non
1377 4522 1539 4584 bona,
1581 4520 1646 4572 de
1692 4533 1781 4586 qu:

240 4623 268 4632 ..
311 4623 341 4632 ..
375 4620 413 4632 -κ
512 4620 523 4631 .
663 4618 675 4631 .
741 4617 781 4632 η
1153 4612 1335 4632 ηας,
1361 4609 1615 4632 -.-Δηὼ
1642 4624 1781 4632 nm

1907 4536 2053 4590 niam
2078 4533 2175 4604 ipsi
2198 4528 2546 4601 possidebunt
2576 4538 2774 4583 terram
2800 4524 3010 4595 (Matth.
3030 4525 3106 4595 v).
3131 4543 3149 4576 ι
3171 4524 3252 4586 Et,
3283 4542 3300 4573 ι
3334 4523 3483 4578 Beati

219 4623 350 4675 dicit
375 4620 631 4674 Dominus
662 4618 714 4674 in
741 4615 1065 4685 Evangelia:
1097 4632 1115 4664 ι
1151 4612 1338 4668 Omnis
1360 4609 1620 4680 plantatio
1639 4623 1799 4677 quam
1831 4609 1869 4616 '
1904 4640 2167 4697 pauperes
2211 4623 2423 4693 spiritu,
2457 4620 2708 4692 quoniam
2733 4619 2971 4688 ipsorum
3001 4626 3085 4672 est
3117 4628 3341 4686 regnum
3370 4631 3482 4669 cm-

220 4727 328 4765 non
385 4710 644 4780 plantavit
693 4708 852 4763 Pater
906 4721 1055 4761 meus
1109 4702 1386 4767 ccclesiis,
1440 4700 1801 4756 eradicabitur

220 4802 438 4871 (.llatth.
468 4801 578 4870 xv).
618 4819 637 4852 δ

301 4936 318 4966 ι
357 4915 605 4969 Minimus
632 4913 737 4968 erit
781 4913 833 4966 in
879 4906 1044 4973 mille,
1085 4919 1141 4963 et
1167 4905 1422 4977 parvulas
1479 4905 1533 4959 in
1581 4912 1794 4974 gentem

223 5006 597 5062 fortissimam.
629 5024 648 5057 ι
697 5003 967 5065 Minimus,
996 4999 1047 5053 id
1073 5009 1157 5054 est
1183 4998 1401 5052 humilis
1435 4995 1662 5065 quilibet
1704 4995 1796 5063 qui

223 5114 285 5153 se
321 5112 421 5168 pro
450 5096 647 5152 Christi
671 5095 887 5150 nomine
909 5090 1290 5154 humiliaverit,
1337 5088 1628 5143 secundum
1654 5085 1797 5155 quod

226 5187 487 5243 Dominus
512 5185 754 5254 praecipit
778 5203 789 5238 :
816 5203 833 5234 ι
854 5183 945 5253 qui
961 5182 1187 5238 voluerit
1202 5182 1343 5235 inter
1355 5194 1450 5233 vos
1470 5174 1640 5244 major
1658 5191 1798 5238 esse,

227 5280 301 5335 sit
335 5292 522 5331 servus
541 5285 718 5328 vester
747 5274 959 5344 (Matth.
976 5274 1090 5343 xx),
1114 5293 1131 5325 ι
1151 5271 1334 5326 dicens
1358 5284 1480 5324 cum
1507 5267 1761 5337 Apostolo
1785 5284 1796 5320 :

234 5388 252 5419 ι
288 5366 509 5420 Minimo
541 5365 776 5419 omnium
807 5373 1111 5420 sanctorum
1139 5364 1259 5418 data
1290 5369 1368 5417 est
1395 5362 1560 5431 gratia
1589 5360 1802 5429 (Ephes.

230 5458 340 5527 ιιι),
372 5475 390 5507 ι
421 5464 473 5510 et
514 5455 603 5526 qui
653 5455 923 5525 parvulus.
970 5454 1021 5507 id
1066 5465 1145 5507 est
1177 5452 1392 5507 humilis
1421 5453 1474 5505 in
1503 5450 1672 5506 oculis
1699 5449 1811 5504 suis

233 5552 398 5606 fuerit
422 5551 473 5604 in
502 5550 747 5620 praesenti
769 5547 1029 5611 Ecclesia,
1063 5546 1145 5600 vel
1187 5546 1349 5599 etiam
1381 5545 1435 5598 in
1472 5543 1558 5598 die
1580 5542 1766 5612 judicii
1794 5580 1810 5607 ,

235 5642 342 5695 erit
376 5656 539 5711 super
563 5639 706 5693 mille
722 5638 803 5690 vel
826 5652 986 5707 super
1010 5644 1222 5706 gentem
1245 5634 1596 5689 fortissimam
1616 5631 1810 5686 electo-

240 5749 382 5795 rum,
420 5732 641 5785 audiens
688 5744 719 5783 a
771 5729 1030 5783 Domino:
1069 5745 1086 5777 ι
1118 5727 1282 5797 Euge,
1314 5740 1466 5782 serve
1488 5725 1644 5788 bone,
1691 5730 1809 5778 esto

243 5838 401 5892 super
449 5823 631 5875 decem
687 5820 769 5875 vel
817 5820 1051 5889 quinque
1100 5818 1345 5874 civitates
1392 5814 1542 5888 (Luc.
1597 5813 1731 5884 xix).
1783 5832 1802 5866 ι

1903 4716 2097 4771 lorum.
2134 4734 2153 4767 ι
2186 4712 2372 4784 (Ibid)
2395 4710 2463 4767 Ut
2489 4712 2733 4766 mederer
2760 4710 3021 4764 contritos
3045 4708 3226 4772 corde,
3244 4707 3348 4763 hoc
3377 4717 3482 4769 est,

1902 4821 1962 4864 ut
1989 4823 2234 4864 sanarem
2261 4822 2354 4860 eos
2381 4804 2473 4873 qui
2502 4804 2789 4857 contritum
2811 4816 2908 4857 cor
2937 4802 3141 4856 habent
3160 4798 3488 4855 contristan-

1904 4913 1984 4959 tes
2016 4903 2081 4956 de
2106 4901 2217 4955 suis
2243 4897 2499 4969 peccatis,
2521 4895 2587 4949 de
2613 4894 2807 4964 quibus
2831 4894 2962 4948 dicit
2982 4892 3268 4948 Psalmista
3293 4906 3323 4944 :.
3340 4908 3358 4940 ι
3380 4890 3487 4946 Cor

1902 4994 2191 5051 contritum
2237 5000 2291 5044 et
2327 4988 2663 5043 humiliatum
2716 4988 2858 5042 Deus
2907 5001 3017 5040 nou
3063 4985 3268 5054 spernit
3310 4982 3482 5054 (Paul.

1905 5084 1980 5154 ι).
2013 5102 2031 5135 ι
2058 5080 2129 5136 Ut
2149 5079 2496 5152 praedicarem
2533 5077 2760 5148 captivis
2798 5074 3186 5146 indulgentiam
3209 5073 3356 5128 misit
3375 5087 3485 5138 me,

1910 5173 1961 5227 id
2007 5179 2124 5236 est,
2168 5178 2229 5224 ut
2270 5169 2556 5239 gentilibus
2604 5168 2958 5236 omnibusque
2996 5164 3338 5229 hominibus,
3392 5162 3484 5232 qui

1910 5262 2105 5332 captivi
2137 5261 2454 5315 tenebantur
2480 5274 2511 5312 a
2537 5257 2749 5313 diabolo
2771 5264 2822 5310 et
2850 5255 3013 5311 variis
3040 5253 3336 5317 erroribus,
3352 5268 3487 5321 pra:-

1913 5353 2150 5409 dicarem
2197 5349 2580 5420 indulgentiam
2627 5355 2966 5419 peccatorum
3002 5342 3224 5400 dicens:
3256 5361 3276 5393 ι
3301 5341 3484 5397 Pumi-

1915 5444 2135 5500 tentiam
2164 5442 2342 5511 agite,
2387 5438 2835 5511 appropinquabit
2878 5438 3022 5493 enim
3062 5434 3487 5511 regnum_cmlo-

1912 5549 2033 5588 rum
2088 5504 2300 5603 (Matth.
2328 5504 2473 5603 71v)..-
2495 5551 2511 5582 ι
2556 5504 2621 5584 Et
2645 5504 2840 5584 clausis
2876 5504 3402 5599 (inquit),vsubatidis
3432 5526 3485 5578 in

1912 5637 2131 5678 carcere
2150 5620 2478 5677 infidelitatis
2506 5626 2560 5674 et
2587 5617 2900 5686 ignorantiae
2927 5614 3283 5684 apertionem.
3309 5612 3359 5667 id
3382 5624 3485 5679 est,

1913 5715 2293 5771 relaxationem
2318 5710 2930 5784 peccawriiin.Vclsi0ut
2958 5707 3312 5780 Symmachus
3336 5720 3471 5775 aper.

1916 5809 2024 5863 tius
2054 5807 2361 5862 transtulit:
2389 5805 2594 5861 Vinclis
2625 5804 3025 5859 resolutionem.
3049 5800 3305 5871 Sequitur
3332 5812 3345 5828 ’
