4016 6454
598 432 734 493 1945

1057 432 1410 494 HAYMONIS
1445 430 1917 493 HALBERSTAT.
1959 432 2172 490 EPlSC.
2210 429 2359 486 OPP.
2402 432 2577 487 PARS
2613 435 2654 488 Ι.
2687 467 2756 477 -—
2792 437 3143 492 COMMENT.
3183 426 3353 491 BIBL.

3701 428 3838 491 1044

665 568 685 600 ι
737 547 804 603 Ut
836 548 1184 616 praedicarem
1224 566 1421 605 annum
1468 550 1785 621 placabilem
1825 549 2073 612 Domino,
2106 556 2160 600 et
2186 552 2234 607 Α
2264 544 2433 601 fortes
2460 548 2525 600 ad
2550 546 2820 615 justitiam
2855 550 3176 615 faciendam,
3215 559 3271 605 et
3303 551 3647 605 vocabuntur
3673 550 3832 606 etiam

590 637 732 693 diem
782 638 1002 693 ultionis
1047 639 1157 693 Deo
1208 651 1395 701 nostro
1442 659 1456 693 :
1507 651 1565 694 ut
1619 640 1928 695 consolarer
1970 656 2159 695 omnes

590 727 850 797 lugentes,
903 738 958 784 et
1007 746 1264 799 ponerem
1315 732 1621 803 lugentibus
1678 732 1827 797 Sion,
1871 742 1927 786 et
1973 732 2157 786 darem

592 819 671 872 eis
721 833 977 872 coronam
1010 836 1106 888 pro
1156 821 1358 876 cinere.
1409 822 1595 876 Oleum
1645 824 1822 893 gaudii
1864 839 1963 892 pro
1991 823 2155 879 luctu.

590 906 810 978 pallium
837 909 1010 964 laudis
1035 927 1131 980 pro
1178 912 1371 980 spiritu
1425 914 1698 967 mu‘roris.
1740 933 1757 962 ι
1799 912 2012 966 Annum
2041 913 2155 981 pla-

591 998 821 1052 cabilem
854 999 1083 1055 Domino
1112 1002 1416 1070 specialiter
1458 1003 1717 1057 debemus
1750 1005 1994 1072 accipere
2026 1012 2157 1057 tem-

588 1100 692 1156 pus
741 1090 1142 1157 praedicationis
1176 1093 1399 1156 Christi,
1442 1095 1582 1163 quod
1622 1093 1883 1163 placabile
1912 1094 2011 1148 fuit
2048 1094 2160 1148 Deo

589 1178 777 1244 Patri,
832 1181 957 1249 quia
1012 1182 1208 1237 multos
1270 1184 1515 1238 salvavit.
1576 1185 1917 1239 Generaliter
1978 1193 2156 1239 autem

587 1285 747 1323 omne
786 1280 1001 1339 tempus
1043 1288 1074 1325 a
1114 1267 1325 1328 Domini
1378 1273 1660 1329 nativitate
1707 1290 1876 1345 usque
1922 1275 1989 1329 ad
2015 1276 2158 1330 diem

582 1356 790 1425 judicii,
846 1363 988 1429 quod
1053 1363 1300 1417 similiter
1354 1372 1634 1433 acceptum
1674 1373 1758 1418 est
1812 1365 1922 1419 Deo
1961 1364 2155 1418 Patri:

588 1448 715 1515 quia
767 1449 1055 1505 multitudo
1099 1452 1335 1507 ﬁdelium
1375 1454 1754 1522 praedicatione
1795 1455 2157 1523 apostolorum

585 1553 882 1608 eorumque
902 1543 1213 1610 sequacium
1237 1543 1440 1596 salvata
1466 1553 1550 1597 est
1580 1558 1679 1612 per
1699 1543 1880 1607 ﬁdem,
1906 1553 1961 1598 et
1986 1544 2159 1598 salva-

587 1633 749 1686 bitur.
778 1635 852 1687 De
880 1648 990 1701 quo
1017 1644 1258 1705 tempore
1281 1635 1413 1689 dicit
1435 1635 1726 1705 Apostolus
1756 1651 1770 1689 :
1807 1655 1825 1687 ‹
1854 1637 1996 1691 Ecce
2016 1651 2159 1691 nunc

589 1732 796 1793 tempus
822 1725 1170 1794 aceeptabile,
1196 1740 1322 1781 ecce
1366 1725 1482 1781 dies
1531 1726 1721 1782 salutis
1743 1725 1827 1797 (11
1853 1726 1976 1793 Cor.
2004 1728 2102 1799 vi).
2134 1747 2155 1779 ›

587 1811 654 1868 Et
707 1830 813 1870 non
868 1815 1042 1871 solum
1101 1817 1414 1886 prtedicavit
1458 1833 1660 1871 annum
1706 1817 2023 1887 placabilem
2056 1816 2159 1874 Do-

2260 635 2518 705 plantatio
2544 636 2753 691 Domini
2790 657 2802 691 :
2834 639 2927 707 qui
2967 640 3034 693 ab
3064 639 3180 709 ipso
3209 647 3333 693 sunt
3374 637 3587 692 fundati
3625 638 3677 692 iu
3711 637 3833 703 ﬁde,

2261 725 2315 780 in
2346 727 2603 791 Ecclesia,
2638 729 2703 783 ad
2729 729 3131 798 gloriﬁcandum
3156 728 3470 783 Creatorem
3500 744 3686 783 suum.

2336 834 2354 866 ‹
2402 816 2465 869 Ει
2493 817 2836 872 aediﬁcabunt
2857 819 3067 872 deserta
3097 834 3126 872 a
3148 818 3366 881 sarculo,
3397 827 3454 872 et
3476 819 3667 873 ruinas
3701 820 3835 873 anti-

2260 920 2395 973 quas
2439 906 2680 975 crigent,
2731 916 2787 961 et
2833 907 3211 961 instaurabunt
3254 907 3507 961 civitates
3556 907 3836 973 desertas,

2259 998 2569 1067 dissipatas,
2622 998 2678 1053 in
2732 1000 3080 1070 generatione
3125 1011 3180 1054 et
3219 1001 3647 1070 generationem.
3704 1020 3724 1052 ι
3766 1001 3837 1055 De

2263 1091 2523 1159 apostolis
2562 1106 2706 1145 nunc
2732 1106 2912 1145 sermo
2941 1091 3137 1160 agitur.
3170 1089 3458 1160 Postquam
3491 1089 3660 1159 igitur
3684 1089 3834 1159 plan-

2261 1180 2357 1232 tati
2388 1178 2590 1234 fuerint
2627 1180 2852 1250 apostoli
2891 1196 2922 1233 a
2966 1179 3211 1243 Domino,
3242 1181 3298 1234 in
3340 1180 3445 1235 ﬁde
3486 1181 3539 1233 in
3568 1179 3832 1243 Ecclesia,

2260 1276 2314 1322 et
2361 1268 2785 1338 gloriﬁcaverint
2813 1284 2935 1324 eum
2975 1270 3030 1323 in
3060 1269 3174 1323 suis
3208 1270 3402 1338 opibus
3428 1310 3442 1332 ,
3493 1269 3835 1324 :ediﬁcabont

2260 1371 2357 1412 sua
2403 1358 2783 1426 praedicatione
2826 1367 2881 1413 et
2911 1360 3178 1428 baptismo
3225 1360 3436 1413 deserta
3467 1374 3500 1412 a
3536 1358 3655 1414 Deo
3678 1361 3833 1415 corda

2261 1451 2501 1520 gentium
2519 1467 2549 1505 a
2571 1452 2785 1517 saeculo,
2810 1453 2862 1507 id
2883 1462 2967 1507 est
2988 1453 3058 1507 ab
3086 1452 3258 1507 initio.
3282 1453 3350 1507 Et
3377 1453 3568 1507 ruinas
3592 1454 3835 1523 antiquas

2259 1540 2489 1611 erigent,
2515 1542 2617 1596 hoc
2654 1549 2739 1596 est
2769 1542 2913 1610 quod
2957 1543 3152 1596 cecidit
3180 1542 3232 1595 in
3264 1543 3558 1613 synagogis
3591 1558 3693 1612 per
3721 1544 3831 1597 inﬁ-

2261 1631 2558 1697 delitatem,
2606 1633 2990 1687 restaurabunt
3036 1632 3089 1687 in
3129 1633 3235 1687 illis
3271 1634 3364 1702 qui
3399 1634 3833 1688 credideruntex

2259 1721 2482 1778 Iudaeis.
2508 1723 2576 1777 Et
2602 1724 2745 1793 quod
2769 1724 2966 1778 cecidit
2990 1723 3059 1777 ab
3094 1723 3317 1778 exordio
3360 1723 3545 1778 mundi
3582 1724 3641 1777 in
3673 1726 3832 1793 genti-

2266 1813 2368 1867 bus
2413 1828 2510 1882 per
2548 1811 2923 1877 idololatriam,
2954 1810 3340 1866 restaurabunt
3387 1818 3444 1864 et
3476 1810 3700 1882 erigent
3745 1813 3833 1881 ipsi

586 1907 736 1962 mino
810 1906 958 1961 Patri
1009 1921 1077 1961 ex
1127 1907 1211 1962 his
1256 1909 1348 1977 qui
1405 1906 1797 1974 crediderunt,
1848 1910 1944 1965 sed
1992 1910 2155 1964 etiam
2183 1918 2232 1971 Β
2264 1917 2360 1971 per
2398 1902 2665 1958 culturam
2733 1900 3120 1970 omnipotentis
3174 1900 3289 1954 Dei-
3336 1899 3402 1953 Et
3460 1900 3836 1955 instaurabant

588 1999 729 2052 diem
784 1998 1004 2053 ultionis
1058 2000 1174 2055 sive
1226 2000 1590 2055 damnationis
1641 2000 1943 2056 Judaaorum
1975 2042 1992 2067 ,
2042 2017 2162 2071 qua}

589 2090 737 2144 venit
781 2104 880 2159 per
919 2088 1191 2144 Romanos
1236 2100 1359 2160 post
1385 2092 1757 2147 ascensionem
1801 2092 1937 2161 ejus,
1968 2094 2163 2162 praedi-

586 2182 729 2237 cavit
754 2182 942 2237 dicens
979 2194 996 2236 :
1028 2199 1047 2233 t
1087 2182 1314 2238 Venient
1337 2183 1451 2238 dies
1477 2184 1530 2238 in
1563 2193 1633 2249 te,
1661 2193 1717 2240 et
1752 2184 2164 2240 circumdabunt

586 2280 639 2326 te
678 2272 878 2327 inimici
916 2273 993 2327 tui
1032 2272 1192 2326 vallo.
1230 2293 1248 2326 ι
1280 2273 1346 2327 Et
1390 2289 1513 2329 cum
1550 2273 1792 2330 videritis
1820 2274 1888 2331 ab
1921 2276 2161 2331 exercitu

584 2364 909 2419 circumdari
933 2363 1286 2431 Hierusalem,
1309 2384 1327 2416 ι
1355 2368 1555 2422 scitote
1572 2369 1695 2436 quia
1718 2381 1884 2435 prope
1901 2375 1984 2421 est
2008 2367 2164 2422 deso-

584 2455 713 2509 latio
738 2454 857 2524 ejus
906 2454 1057 2526 (Luc.
1087 2472 1201 2520 xix,
1232 2456 1370 2525 xiii).
1408 2478 1426 2510 ι
1458 2458 1525 2512 Et
1567 2458 1669 2512 hoc
1700 2458 2000 2523 sciendum,
2036 2459 2162 2529 quia

591 2546 857 2617 superius,
888 2546 1028 2601 sicut
1051 2562 1118 2601 ex
1158 2562 1385 2616 persona
1427 2549 1776 2605 humanitatis
1815 2551 2024 2606 locutus
2057 2560 2158 2617 est,

589 2638 810 2692 dicens:
838 2656 857 2688 ι
888 2636 1121 2708 Spiritus
1144 2638 1352 2694 Domini
1380 2655 1540 2710 super
1568 2656 1680 2705 me;
1710 2662 1727 2692 ι
1755 2643 1829 2695 ita
1850 2650 1905 2695 et
1926 2642 2014 2696 hic
2039 2658 2160 2697 cum

593 2728 746 2793 dicit,
770 2737 831 2782 ut
856 2729 1205 2799 prtedicarcm
1245 2731 1384 2786 diem
1429 2731 1652 2786 ultionis
1693 2732 1801 2786 Deo
1828 2740 2013 2786 nostro
2048 2732 2164 2801 pla—

588 2818 817 2874 cabilem
868 2836 881 2873 :
915 2820 1040 2889 quia
1077 2820 1337 2877 Dominus
1383 2822 1523 2877 Deus
1565 2822 1709 2876 illius
1751 2829 1836 2877 est
1869 2822 2161 2876 secundum

588 2910 1000 2965 humanitatem.
1044 2911 1326 2966 Placabilis
1370 2923 1546 2968 autem
1578 2912 1682 2968 fuit
1725 2913 1837 2968 Deo
1867 2913 2012 2968 Patri
2047 2913 2163 2968 dies

589 3004 807 3059 ultionis
821 3004 1147 3067 Judmorum,
1174 3021 1277 3058 non
1302 3007 1442 3075 quod
1463 3006 1719 3075 gauderet
1745 3006 1947 3060 malitia
1972 3021 2160 3061 eorum

590 3094 704 3148 sive
752 3094 1080 3147 desolatione
1138 3112 1149 3145 :
1193 3096 1284 3148 sed
1339 3110 1489 3149 more
1535 3104 1722 3150 nostro
1769 3095 2025 3162 loquitur,
2067 3095 2161 3163 qui

593 3183 887 3251 gaudemus
938 3183 1156 3252 quando
1195 3199 1293 3239 nos
1324 3183 1636 3239 ulciscimur
1676 3184 1743 3239 de
1788 3185 2023 3240 inimicis
2064 3202 2158 3240 no-

2259 1992 2510 2047 civitatcs
2539 1992 2780 2047 desertas
2808 2006 2840 2045 a
2869 1992 3001 2057 Deo,
3034 1991 3086 2045 id
3106 1998 3191 2045 est
3216 1990 3477 2045 ecclesias
3504 1990 3835 2044 diversarum

2261 2080 2523 2150 gentium,
2572 2081 2660 2135 vel
2703 2081 2940 2151 quinque
2984 2080 3229 2150 corporis
3266 2094 3461 2134 sensus
3504 2080 3601 2149 qui
3648 2079 3834 2134 intelli-

2259 2176 2459 2238 guntur
2497 2183 2596 2239 per
2624 2168 2870 2223 civitates
2904 2183 3024 2239 qua:
3057 2168 3327 2239 dissipatae
3371 2168 3618 2231 fuerant,
3669 2170 3722 2223 in
3754 2185 3837 2239 ge.

2261 2262 2545 2317 neratione
2571 2260 2896 2325 Iudaeorum,
2929 2270 2985 2317 et
3023 2264 3425 2333 generationem
3454 2264 3723 2333 gentium,
3758 2265 3833 2317 in-

2260 2354 2520 2410 fidelitate
2548 2363 2604 2409 et
2637 2354 2966 2409 idololatria.

2336 2462 2355 2494 (
2395 2444 2466 2499 Et
2497 2444 2719 2499 stabunt
2750 2442 2932 2506 alieni,
2960 2449 3015 2497 et
3046 2450 3271 2512 pascent
3304 2457 3511 2512 pecora
3547 2450 3735 2497 vestra.
3762 2442 3824 2496 Et

2260 2533 2354 2588 ﬁlii
2381 2533 2788 2604 peregrinorum
2804 2531 3052 2603 agricola:
3068 2541 3123 2586 et
3143 2533 3405 2587 vinitores
3427 2533 3607 2588 vestri
3624 2542 3788 2588 erunt.
3803 2553 3825 2583 δ

2260 2626 2435 2680 Alieni
2465 2624 2803 2695 appellantur
2835 2624 3063 2692 gentiles
3089 2632 3146 2680 et
3180 2624 3478 2695 peregrini,
3515 2626 3649 2692 quia
3674 2625 3837 2694 cogni-

2261 2719 2408 2773 tione
2439 2718 2531 2772 Dei
2560 2716 2721 2771 alieni
2757 2724 2934 2780 erant,
2974 2716 3130 2787 longe
3163 2716 3479 2770 recedentes
3530 2716 3602 2770 ab
3635 2715 3730 2771 illo
3756 2732 3839 2785 per

2262 2806 2638 2861 idololatriam.
2666 2805 2773 2861 Sed
2794 2815 3079 2876 postquam
3104 2805 3473 2871 crediderunt,
3492 2814 3768 2860 steterunt
3794 2808 3839 2861 in

2260 2895 2366 2950 ﬁde
2400 2903 2454 2949 et
2499 2894 2652 2950 bouis
2685 2894 2937 2964 operibus
2978 2894 3132 2948 recti.
3177 2893 3335 2947 Juxta
3374 2896 3522 2965 quod
3555 2895 3841 2964 Apostolus

2260 2986 2505 3057 prmcipit
2537 3004 2549 3039 :
2585 3004 2604 3035 ι
2640 2985 2789 3039 State
2817 2985 2871 3039 in
2915 2984 3019 3039 ﬁde
3049 2983 3112 3055 (1
3138 2983 3261 3039 Cor.
3291 2986 3435 3055 xvi).
3473 3005 3494 3036 ι
3524 2985 3595 3040 Et
3632 3004 3647 3038 :
3691 3003 3712 3037 ι
3749 2986 3845 3052 Qui

2263 3086 2372 3131 stat
2414 3077 2595 3131 videat
2618 3091 2685 3130 ne
2715 3076 2874 3131 cadat
2913 3075 2962 3147 (Ι
3003 3074 3126 3129 Cor.
3156 3078 3234 3148 ι).
3299 3096 3318 3127 ι
3373 3076 3576 3132 Pecora
3629 3092 3843 3145 quoque

2264 3167 2633 3237 apostolorum
2666 3174 2793 3221 sunt
2842 3166 3113 3236 simplices
3145 3177 3201 3221 et
3236 3167 3517 3230 mansueti,
3548 3167 3615 3220 de
3639 3168 3844 3235 quibus

591 3275 740 3328 stris.
788 3273 871 3328 Ad
922 3274 1025 3329 hoc
1055 3275 1218 3329 etiam
1247 3275 1395 3329 misit
1443 3291 1528 3330 me
1563 3284 1623 3329 ut
1665 3275 1991 3339 consolarer,
2034 3277 2162 3331 sub-

2270 3258 2526 3313 Dominus
2554 3256 2684 3310 dicit
2723 3254 2883 3311 Petro
2927 3264 2983 3310 et
3030 3258 3083 3310 in
3125 3256 3216 3311 illo
3256 3257 3493 3312 omnibus
3518 3256 3779 3325 apostolis
3813 3274 3831 3307 :

592 3366 748 3420 audis
796 3366 849 3419 in
882 3367 1136 3436 praesenti
1184 3366 1269 3422 vel
1303 3367 1465 3422 etiam
1506 3368 1559 3422 in
1608 3367 1811 3433 futuro,
1852 3383 2041 3423 omnes
2082 3367 2164 3422 lu-

591 3464 778 3527 gentes
803 3470 899 3511 sua
932 3465 987 3511 et
1013 3457 1239 3512 aliorum
1282 3469 1523 3527 peccata.
1553 3459 1630 3513 De
1673 3460 1870 3529 quibus
1901 3459 1957 3513 in
1985 3459 2164 3513 Evan-

596 3546 736 3617 gelio
770 3546 1006 3601 dicitur:
1041 3564 1059 3597 t
1092 3546 1242 3602 Beati
1272 3547 1363 3618 qui
1394 3548 1597 3618 lugent,
1621 3549 1875 3618 quoniam
1908 3549 2008 3618 ipsi
2037 3563 2165 3603 con-

596 3637 914 3692 solabuntur
944 3637 1161 3708 (Matth.
1193 3637 1269 3707 v).
1307 3657 1323 3687 ι
1351 3637 1415 3689 Ει
1440 3651 1719 3705 ponerem,
1756 3637 1951 3707 inquit,
1978 3637 2165 3706 lugen-

595 3728 738 3783 tibus
763 3727 914 3791 Sion,
940 3728 1194 3782 subaudis
1229 3742 1480 3782 coronam
1509 3726 1562 3780 in
1587 3726 1784 3795 capite,
1808 3726 1888 3781 vel
1912 3727 2164 3795 gaudium

598 3827 815 3873 acterna:
863 3817 1136 3871 felicitatis
1185 3816 1523 3870 infunderem
1569 3816 1624 3869 in
1674 3830 1860 3869 eorum
1888 3815 2163 3869 cordibus.

599 3912 868 3981 Lugentes
899 3910 1028 3965 Sion
1065 3910 1297 3979 appellat
1341 3907 1629 3980 apostolos,
1662 3909 1753 3978 qui
1790 3907 2042 3979 lugebant
2066 3923 2165 3977 pro

599 4002 767 4056 salute
804 4000 933 4055 Sion
976 4001 1091 4055 sive
1136 3999 1460 4061 Judaeorum,
1516 4008 1575 4053 ut
1617 4000 1804 4055 beatus
1852 3999 2047 4054 Paulus
2073 3999 2167 4069 qui

598 4093 809 4147 dicebat
841 4110 855 4145 :
890 4111 908 4143 ι
939 4093 1180 4147 Tristitia
1224 4094 1353 4146 mihi
1402 4100 1487 4147 est
1537 4093 1725 4163 ingens
1769 4100 1825 4146 et
1875 4093 2167 4148 continuus

602 4182 756 4236 dolor
796 4195 899 4251 pro
926 4180 1183 4235 fratribus
1230 4181 1364 4235 meis
1395 4180 1573 4252 (Rom.
1606 4182 1705 4244 ix).
1742 4201 1759 4232 ι
1793 4180 1903 4237 Et:
1938 4201 1957 4233 ‹
1998 4181 2167 4253 Opta-

601 4271 726 4324 bam
752 4284 853 4342 ego
879 4271 1164 4325 anathema
1188 4285 1309 4327 esse
1334 4285 1432 4341 pro
1458 4271 1715 4327 fratribus
1740 4272 1893 4327 meis.
1923 4290 1942 4324 ι
1978 4273 2167 4346 (Ibid.)

602 4359 671 4415 Et
704 4360 773 4414 ad
820 4359 923 4416 hoc
964 4362 1126 4415 etiam
1156 4362 1303 4417 misit
1332 4376 1438 4427 me,
1466 4370 1525 4416 ut
1547 4362 1728 4417 darem
1770 4361 1873 4427 eis,
1914 4364 2170 4419 subaudis

603 4452 695 4522 qui
738 4452 995 4523 lugebant
1036 4450 1253 4515 Judaeis,
1304 4468 1561 4507 coronam
1605 4467 1705 4522 pro
1744 4453 1943 4519 cinere,
1985 4454 2039 4509 id
2063 4463 2168 4519 est,

601 4547 1087 4603 remunerationem
1114 4548 1385 4603 cariestem
1417 4563 1513 4618 pro
1534 4547 1855 4618 ptenitentia
1884 4557 1940 4602 et
1963 4547 2167 4612 labore,

2275 3367 2293 3399 ι
2332 3347 2501 3401 Pasce
2530 3361 2660 3401 oves
2690 3361 2838 3400 meas
2875 3345 3055 3416 (Joan.
3100 3345 3238 3417 nt),
3275 3365 3294 3397 ι
3330 3346 3443 3399 sive
3467 3360 3631 3416 agnos
3656 3360 3836 3399 meos.

2268 3439 2414 3507 Quos
2460 3424 2843 3508 praedicatores
2893 3437 3133 3507 gentium
3190 3444 3247 3493 et
3295 3446 3562 3507 martyres
3618 3437 3703 3507 (ut
3744 3436 3845 3491 fuit

2266 3530 2580 3601 Gregorius,
2632 3527 2967 3593 Ambrosius,
3022 3527 3282 3593 Hilarius,
3331 3528 3692 3598 Augustinus,
3736 3527 3847 3598 Cy-

2267 3624 2509 3693 prianus,
2564 3619 2761 3689 aliique
2807 3619 3225 3689 quamplurimi)
3281 3620 3448 3673 verbo
3512 3617 3749 3687 simplici
3793 3627 3850 3672 et

2267 3712 2513 3768 doctrina
2562 3708 2825 3780 spirituali
2866 3717 3150 3779 paverunt.
3182 3708 3286 3778 Ipsi
3327 3718 3600 3779 martyres
3624 3718 3684 3762 et
3711 3724 3853 3779 pra:-

2270 3806 2545 3860 dicatores
2605 3804 2699 3858 ﬁlii
2751 3803 3181 3874 peregrinorum,
3228 3800 3282 3856 id
3309 3810 3395 3855 est
3437 3800 3537 3854 ﬁlii
3582 3800 3846 3871 gentium,

2267 3894 2481 3950 fuerunt
2502 3895 2835 3965 agricolzetet
2866 3894 3103 3949 cultores
3145 3890 3398 3947 Ecclesiae
3431 3900 3488 3945 et
3517 3892 3851 3946 caamentarii

2267 3993 2323 4040 et
2363 3986 2625 4039 vinitores
2673 3992 2730 4039 et
2767 3985 3017 4040 custodes
3064 3998 3080 4036 :
3131 3983 3256 4052 quia
3305 3981 3407 4051 ipsi
3440 3981 3853 4036 aediﬁcaret-unt

2269 4075 2605 4141 Ecclesiam,
2651 4085 2707 4131 et
2752 4075 2853 4145 ipsi
2897 4074 3249 4130 excoluerunt
3293 4072 3457 4128 corda
3487 4073 3851 4127 credentium.

2267 4164 2498 4234 lllosque
2524 4180 2660 4235 quos
2689 4179 3043 4234 praecessores
3072 4178 3258 4218 eorum
3290 4162 3521 4231 apostoli
3548 4163 3601 4216 in
3633 4164 3851 4217 vineam

2270 4257 2483 4312 Domini
2503 4255 2913 4311 introduxerant
2935 4253 3023 4326 (de
3041 4270 3147 4324 qua
3167 4254 3296 4309 dicit
3318 4254 3611 4324 propheta:
3634 4273 3654 4305 ι
3680 4253 3849 4307 Vinea

2270 4349 2481 4404 Domini
2504 4350 2726 4404 sabaoth
2743 4348 2932 4403 domus
2956 4346 3120 4403 Israel
3144 4355 3229 4402 est
3253 4348 3302 4415 ι)
3331 4347 3431 4416 ipsi
3450 4348 3849 4402 custodierunt.

2275 4438 2509 4492 Econtra
2551 4436 2677 4492 mali
2724 4436 3052 4491 caamentarii
3095 4446 3152 4490 et
3179 4435 3303 4489 mali
3349 4435 3618 4490 vinitores
3656 4446 3705 4490 et
3733 4436 3849 4487 cul-

2275 4537 2418 4584 tores
2444 4526 2657 4581 fuerunt
2683 4525 2874 4581 scribae
2894 4534 2948 4580 et
2970 4524 3252 4588 Pharisaei,
3275 4527 3340 4578 de
3363 4524 3559 4592 quibus
3592 4525 3850 4578 Dominus

601 4598 1855 4707 ,;,';,;,";,',;;,';,;‘,;,,,.;;,“,3,;,;,{b;;;,;ggf
1879 4598 2169 4693 ᾖξεξίίζέξιζ
2199 4598 2248 4656 Ι)
2278 4620 2382 4673 illis
2413 4616 2755 4672 audientibus
2768 4615 2834 4707 in
2865 4616 2971 4670 ﬁne
2991 4613 3258 4707 parabolaa
3283 4614 3444 4669 dicit:
3468 4633 3487 4664 ι
3512 4613 3692 4707 natos
3714 4614 3853 4667 male

601 4735 776 4788 oleum
809 4734 985 4803 gaudii
1013 4747 1113 4802 pro
1158 4732 1320 4795 luctu,
1356 4733 1406 4787 id
1437 4740 1542 4796 est,
1571 4747 1670 4802 pro
1700 4731 1923 4786 tristitia
1950 4740 2004 4785 et
2034 4744 2169 4784 mte-

599 4837 724 4878 rore
748 4822 998 4891 gaudium
1030 4832 1083 4877 et
1116 4823 1374 4877 hetitiam.
1407 4822 1473 4877 Et
1501 4831 1561 4876 ut
1595 4823 1778 4876 darem
1801 4821 2024 4891 pallium
2054 4820 2165 4875 lau-

599 4913 682 4969 dis
720 4926 818 4981 pro
846 4911 1035 4981 spiritu
1065 4913 1332 4974 maeroris,
1367 4912 1418 4965 id
1444 4922 1546 4973 est,
1572 4912 1952 4965 vestimentum
1972 4910 2167 4979 jucun-

600 5002 790 5057 ditatis
828 5016 928 5073 pro
953 5000 1163 5070 lugubri
1214 5002 1551 5055 vestimento.
1579 5001 1729 5056 Tunc
1752 4999 1978 5070 apostoli
2011 5014 2169 5054 coro-

597 5106 722 5145 nam
755 5099 1079 5161 acceperunt
1108 5105 1208 5158 pro
1234 5090 1414 5145 cinere
1442 5130 1456 5153 ,
1488 5098 1541 5143 ct
1583 5090 1800 5159 pallium
1848 5088 2021 5142 laudis
2064 5104 2164 5157 pro

599 5181 811 5250 lugubri
852 5180 1175 5234 vestimento
1197 5219 1212 5243 ,
1249 5179 1461 5246 quando
1492 5178 1740 5232 viderunt
1767 5177 2164 5231 multitudinem

597 5272 903 5326 Iudaeorum
966 5280 1020 5325 et
1081 5270 1474 5324 multitudinem
1549 5269 1787 5336 gentium
1849 5268 2036 5323 venire
2097 5269 2165 5322 ad

601 5363 780 5427 tidem,
814 5362 1087 5431 praecincti
1117 5362 1311 5429 gaudio
1335 5368 1388 5413 et
1430 5358 1807 5413 exsultatione.
1842 5375 1861 5405 ι
1894 5358 1960 5411 Et
1998 5374 2165 5413 voca-

599 5451 803 5505 buntur
829 5451 882 5503 in
907 5458 960 5504 te
991 5448 1422 5517 fortesjustitizc,
1460 5466 1478 5497 ι
1513 5446 1566 5500 id
1597 5454 1701 5511 est,
1726 5444 1894 5500 fortes
1922 5446 1988 5500 ad
2008 5447 2169 5516 justi-

602 5544 736 5599 tiam
763 5562 777 5599 :
810 5562 837 5592 «η
860 5544 1118 5612 plantatio
1149 5542 1357 5598 Domini
1383 5542 1446 5595 ad
1471 5539 1898 5611 gloriﬁcandum.
1939 5557 1958 5591 ι
1984 5536 2171 5592 Eccle-

2274 4709 2480 4779 perdct.
2515 4726 2532 4758 ι
2570 4707 2668 4769 Et,
2701 4724 2719 4755 ‹
2767 4704 3056 4774 Propterea
3082 4704 3357 4757 auferetur
3380 4720 3409 4756 a
3437 4704 3597 4758 vobis
3629 4719 3851 4773 regnum

2276 4799 2387 4860 Dei,
2436 4808 2490 4851 et
2531 4797 2749 4850 dabitur
2773 4796 2918 4866 genti
2962 4794 3179 4850 facienti
3229 4794 3437 4849 fructus
3479 4794 3602 4862 ejus
3638 4795 3853 4863 (Matth.

2276 4890 2417 4959 xxi).
2460 4907 2476 4938 ι

2344 4998 2365 5033 ι
2412 4979 2517 5033 Vos
2549 4987 2726 5032 autem
2773 4979 3083 5034 sacerdotes
3111 4979 3324 5033 Domini
3365 4978 3716 5039 vocabimini,
3747 4979 3857 5033 ωὶο

2273 5069 2428 5123 nistri
2463 5068 2555 5121 Dei
2588 5068 2756 5122 nostri
2790 5069 3000 5122 dicetur
3041 5070 3209 5124 vobis.
3245 5088 3262 5119 ι
3305 5067 3416 5121 Hoc
3447 5067 3744 5137 dupliciter
3771 5067 3855 5121 in-

2276 5161 2437 5227 telligi
2462 5167 2659 5229 potest,
2682 5169 2742 5212 ut
2768 5160 2957 5214 beatus
2975 5160 3331 5231 Hieronymus
3344 5160 3494 5223 dicit,
3515 5158 3777 5215 videlicet
3798 5169 3859 5214 ut

2274 5252 2339 5305 ad
2370 5251 2752 5320 praedicatores
2771 5265 2836 5304 ex
2867 5251 3116 5320 gentibus
3163 5248 3456 5312 referatur,
3497 5248 3592 5318 qui
3633 5246 3860 5302 fuerunt

2275 5343 2369 5397 ﬁlii
2405 5341 2809 5412 peregrinorum
2837 5380 2852 5403 ,
2898 5340 2983 5393 vel
3024 5339 3092 5394 ad
3121 5339 3390 5408 apostolos
3433 5340 3501 5394 de
3538 5339 3746 5408 quibus
3770 5337 3860 5392 di-

2273 5436 2436 5497 citur,
2470 5451 2489 5484 ‹
2522 5431 2757 5501 reliquiae
2780 5430 2939 5485 salva:
2977 5429 3109 5485 ﬁent
3134 5429 3308 5498 (Rom.
3334 5428 3411 5497 ix)
3444 5447 3456 5481 :
3493 5447 3515 5481 ι
3542 5435 3605 5483 ut
3626 5427 3729 5496 ipsi
3757 5439 3861 5496 ap-

2270 5532 2538 5603 pellentur
2585 5529 2892 5583 sacerdotes
2920 5526 3129 5580 Domini
3172 5526 3264 5594 qui
3312 5523 3538 5594 majoris
3563 5521 3861 5592 dignitatis

602 5637 739 5693 siam
779 5636 1068 5705 alloquitur
1097 5650 1276 5690 sermo
1321 5632 1686 5709 propheticus.
1727 5632 2019 5700 Postquam
2068 5630 2173 5698 (in-
2270 5631 2445 5683 erant,
2477 5623 2615 5676 sicut
2643 5621 2708 5674 de
2740 5617 3070 5709 ﬁliistavidr
3095 5616 3312 5709 dicitur,
3340 5614 3484 5684 quod
3573 5621 3737 5709 eramnt
3767 5625 3863 5666 sa-

603 5728 823 5797 qnieus)
861 5727 1135 5796 acceperis
1169 5726 1417 5793 gaudium
1446 5740 1542 5793 pro
1571 5723 1813 5787 tristitia,
1832 5723 2170 5776 vocabuntur

608 5819 659 5873 in
692 5829 741 5871 te
775 5820 997 5888 apostoli
1050 5827 1101 5869 et
1136 5828 1396 5887 martyres
1440 5818 1635 5885 aliique
1678 5814 1904 5887 perfecti
1944 5815 1995 5867 in
2041 5813 2167 5879 ﬁde,

2273 5716 2521 5770 cerdotes
2568 5714 2620 5766 in
2666 5711 2826 5765 domo
2864 5708 3074 5763 Domini
3118 5706 3203 5776 (Η
3256 5706 3383 5775 Reg.
3414 5706 3556 5769 vni).
3594 5724 3613 5753 ι
3649 5702 3714 5755 Et
3768 5710 3861 5754 est

2275 5819 2464 5860 sensus
2519 5802 2600 5857 vel
2651 5802 2822 5856 ordo:
2859 5799 2992 5854 Cum
3050 5798 3143 5851 ﬁlii
3194 5795 3598 5865 peregrinorum
3647 5791 3860 5845 fuerint
