4016 6502
262 393 394 456 ιοιδ

1305 387 1659 450 COMMENT.
1698 387 1764 443 IN
1803 387 2056 442 lSAIAll.
2085 415 2154 427 --
2192 387 2315 443 LIB.
2354 390 2440 445 Ill.
2534 426 2564 453 κ

3377 392 3521 450 1046

257 511 553 573 vinitores,
598 502 925 562 caementarii
982 511 1038 559 et
1081 502 1469 574 agricultores,
1514 499 1834 558 vocabimini
1861 501 1910 561 Α
1941 502 2098 556 modo
2135 512 2481 573 cognoscent,
2522 504 2665 575 quod
2708 520 2740 558 a
2786 503 3014 560 Domino
3063 512 3189 561 sunt
3225 505 3516 564 seminati?

256 616 355 657 vos
379 596 631 670 apostoli,
657 596 967 652 sacerdOtes
992 602 1047 650 et
1075 593 1320 665 magistri
1349 609 1557 659 eorum,
1582 592 1708 662 quia
1729 590 1835 645 mi-

259 693 417 749 nistri
445 689 661 746 Domini
691 689 864 745 eritis.
912 706 931 739 ι
961 687 1358 744 Fortitudinem
1387 688 1629 759 gentium
1662 701 1838 766 come-

256 785 416 851 detis,
457 794 513 839 et
551 783 608 839 in
651 782 821 854 gloria
863 796 1051 836 eorum
1095 780 1435 851 superbietis.
1489 799 1509 833 ι
1556 778 1836 834 Fortitudo

256 880 497 951 gentium
538 874 762 934 fuerunt
804 884 1102 948 martyres,
1160 875 1252 945 qui
1299 874 1515 930 fortiter
1566 879 1834 928 tormenta

257 975 666 1041 persecutorum
702 980 801 1036 pro
831 966 1034 1021 Christi
1072 965 1291 1021 nomine
1328 964 1739 1020 sustinuerunt:
1768 962 1836 1017 de

257 1075 487 1129 quorum
531 1058 757 1114 victoria
810 1064 865 1112 et
905 1056 1179 1126 triumpho
1207 1055 1428 1126 epulati,
1475 1054 1529 1110 id
1561 1062 1645 1110 est
1681 1051 1837 1108 valde

257 1151 424 1207 hetati
472 1158 601 1207 sunt
630 1149 879 1206 videntes
914 1162 1011 1204 eos
1039 1148 1275 1205 transire
1305 1149 1371 1203 ad
1411 1162 1565 1204 suam
1606 1147 1836 1203 societa-

258 1251 388 1308 tem,
435 1250 491 1298 et
537 1242 594 1298 in
622 1256 854 1313 quorum
900 1240 1071 1312 gloria
1105 1241 1205 1312 ipsi
1234 1240 1637 1311 superbierunt,
1667 1240 1721 1294 id
1753 1246 1837 1294 est

256 1333 670 1389 exsultaverunt
706 1332 793 1387 vel
839 1331 1056 1401 gloriati
1088 1339 1234 1386 sunt.
1262 1331 1524 1402 Superbia
1567 1331 1834 1401 siquidem

257 1422 364 1477 isto
392 1421 449 1476 in
494 1421 613 1477 loco
659 1436 758 1491 pro
789 1420 960 1492 gloria
1001 1421 1244 1491 ponitur,
1292 1422 1433 1476 sicut
1466 1429 1522 1476 et
1563 1420 1721 1491 paulo
1745 1435 1835 1475 su-

257 1514 440 1585 perius
463 1514 555 1569 ubi
585 1514 787 1570 dictum
826 1521 910 1570 est
940 1528 956 1568 :
982 1513 1184 1569 Ponam
1210 1523 1261 1568 te
1292 1513 1346 1567 in
1371 1513 1679 1583 superbiam
1720 1513 1835 1570 sive

254 1601 313 1661 in
339 1606 567 1677 gloriam
589 1604 930 1661 sucularum.

333 1715 353 1749 ι
396 1697 504 1753 Pro
538 1696 859 1753 confusione
888 1704 1071 1752 vestra
1107 1696 1303 1765 duplici
1339 1704 1397 1751 et
1424 1697 1621 1755 rubore
1654 1694 1834 1750 lauda-

255 1789 393 1846 bunt
417 1800 626 1859 partem
649 1796 819 1843 tuam.
857 1808 877 1842 ι
914 1786 1160 1857 Apostoli
1193 1788 1479 1858 dupliciter
1502 1788 1834 1844 verecunda-

1935 595 1995 648 ln
2024 594 2267 651 doctrina
2289 637 2305 661 ,
2332 595 2386 651 in
2414 597 2664 653 castitate
2682 637 2697 663 ,
2730 597 2783 652 in
2811 605 3124 667 contemptu
3160 598 3345 653 mundi
3373 606 3430 655 et
3453 601 3534 657 in.

1935 686 2132 741 virtute
2161 687 2569 742 miraculorum.

2013 798 2032 831 ι
2061 779 2311 837 Gaudens
2331 783 2574 853 gaudebo
2597 782 2650 838 in
2677 783 2923 846 Domino,
2945 792 3002 838 et
3016 782 3308 840 exsultabit
3329 785 3533 843 anima“

1936 885 2057 926 mea
2105 871 2160 925 in
2201 870 2312 927 Deo
2361 887 2501 927 meo.
2554 892 2573 926 ι
2627 873 2687 927 Ιιι
2728 888 2959 943 persona
2984 873 3248 930 Ecclesia:
3274 875 3515 945 loquitur

1936 960 2227 1031 propheta:
2251 980 2269 1011 ι
2291 960 2592 1029 ϐαιιάειιε,ι
2621 962 2811 1032 inquit,
2847 964 3119 1032 «gaudebo
3147 964 3202 1018 in
3225 965 3521 1031 Domino,»

1936 1066 2043 1105 non
2073 1051 2126 1105 in
2154 1051 2355 1106 divitiis
2384 1059 2438 1106 et
2467 1051 2630 1107 lucris
2663 1053 2910 1116 terrenis,
2943 1068 3117 1124 neque
3148 1054 3201 1108 in
3229 1055 3518 1111 nobilitate-

1936 1143 2151 1214 generis
2178 1150 2239 1197 ut
2282 1143 2475 1208 Judaei,
2505 1145 2598 1214 qui
2637 1145 3010 1215 gloriabantur
3038 1148 3181 1216 quod
3223 1157 3408 1204 essent
3442 1150 3513 1204 de

1936 1225 2133 1306 genere
2182 1232 2634 1304 patriarcharum,
2672 1250 2848 1307 neque
2904 1238 2958 1292 in
3006 1238 3303 1296 honoribus
3349 1238 3547 1311 hujus

1936 1323 2117 1378 saeculi
2143 1326 2409 1395 gaudebo,
2436 1326 2531 1381 sed
2560 1326 2613 1380 in
2642 1328 2901 1392 Domino,
2918 1325 3074 1396 juxta
3101 1329 3245 1399 quod
3280 1331 3525 1400 Aposto-x

1936 1413 2021 1469 lus
2044 1414 2305 1484 praecipit,
2331 1415 2515 1470 dicens
2539 1434 2552 1469 :
2584 1434 2602 1466 ι
2637 1416 2877 1472 Gaudete
2897 1418 2950 1472 in
2978 1417 3207 1475 Domino
3225 1435 3464 1490 semper.
3488 1442 3507 1475 ι
3592 1418 3601 1431 ”

1937 1503 2006 1559 Et
2036 1521 2140 1559 non
2191 1505 2361 1561 solum
2398 1508 2665 1575 gaudebo,
2700 1509 2794 1564 sed
2838 1509 3132 1566 exsultabit
3156 1512 3334 1567 anima
3358 1528 3512 1579 mea,
3588 1493 3603 1550 ἶ

1937 1611 2044 1651 non
2071 1598 2123 1651 in
2151 1608 2438 1654 resonante
2475 1600 2761 1665 cachinno,
2793 1602 2886 1656 sed
2917 1602 2970 1656 in
2994 1602 3102 1658 Deo
3134 1619 3272 1659 meo.
3319 1624 3337 1656 ι
3378 1604 3515 1672 Quia

1937 1688 2109 1745 induit
2142 1706 2229 1745 me
2254 1691 2589 1746 vestimentis
2614 1692 2804 1746 salutis
2822 1732 2836 1756 ,
2866 1700 2918 1745 et
2958 1692 3275 1748 indumento
3292 1696 3517 1765 iustitia:

1937 1781 2293 1838 circumdedit
2316 1798 2422 1837 me.
2461 1802 2480 1835 ι
2516 1782 2715 1838 Reddit
2754 1798 2950 1838 causas
2989 1799 3158 1852 quare
3194 1787 3427 1856 gaudere
3458 1795 3535 1840 et.

257 1881 386 1936 bant
400 1888 456 1935 et
482 1880 895 1945 erubescebant,
919 1880 986 1936 de
1011 1881 1328 1938 inﬁdelitate
1349 1882 1599 1938 videlicet
1619 1880 1833 1937 Judzeo-
1856 1859 1906 1919 Β
1934 1872 2207 1927 εκευῐιὲπε
2222 1872 2415 1928 debeat
2432 1873 2747 1932 inDOmino-
2763 1872 2911 1938 Ideo.
2930 1873 3120 1944 inquit.
3143 1893 3162 1925 ε
3187 1874 3431 1943 gaudebo
3456 1875 3512 1928 in

257 1983 378 2023 rum
405 1977 461 2024 et
488 1967 789 2025 idololatria
808 1970 1071 2041 gentium.
1097 1970 1205 2027 Sed
1226 1971 1370 2027 unde
1398 1971 1473 2026 illi
1497 1971 1831 2027 erubuerunt

255 2066 314 2115 et
345 2057 719 2116 confusionem
761 2060 1161 2127 sustinuerunt,
1194 2060 1319 2117 inde
1349 2062 1437 2117 isti
1480 2069 1537 2116 et
1562 2061 1733 2117 Judazi
1775 2067 1832 2116 et

255 2149 485 2217 gentiles
511 2150 757 2207 conversi
784 2151 853 2206 ad
881 2151 1040 2208 ﬁdem
1069 2150 1362 2208 laudabunt
1394 2161 1604 2223 partem
1626 2166 1782 2208 suam
1813 2169 1827 2206 :

256 2239 541 2296 Dominum
564 2242 836 2307 videlicet,
857 2243 1099 2300 dicentes
1125 2260 1248 2302 cum
1280 2245 1562 2301 Psalmista
1595 2264 1609 2299 :
1650 2264 1668 2296 ι
1697 2243 1832 2299 Pars

254 2345 375 2387 mea
402 2332 662 2391 Dominus
689 2343 808 2390 est:
840 2354 859 2388 ι
886 2336 1028 2405 quod
1055 2352 1214 2392 nemo
1251 2338 1520 2394 veraciter
1544 2348 1721 2408 potest
1746 2339 1831 2392 di-

252 2437 403 2488 cere,
436 2424 538 2478 nisi
582 2424 677 2495 qui
720 2425 884 2480 aliam
911 2435 1123 2496 partem
1165 2443 1271 2483 non
1308 2429 1491 2484 habet.
1532 2448 1552 2481 ι
1606 2429 1833 2499 Propter

256 2513 380 2575 hoc.
412 2534 431 2567 ι
486 2515 764 2580 subaudis,
807 2516 936 2586 quia
975 2533 1071 2572 vos
1105 2518 1372 2587 duplicem
1419 2535 1583 2589 super
1612 2534 1708 2574 eos
1743 2521 1834 2575 ha-

257 2604 448 2659 buistis
476 2604 849 2669 confusionem
871 2614 929 2662 et
969 2606 1242 2671 ruborem,
1278 2617 1335 2663 et
1364 2608 1439 2663 illi
1476 2608 1723 2665 conversi
1765 2608 1833 2663 ad

256 2692 542 2750 Dominum
571 2697 664 2766 qui
706 2705 790 2752 est
814 2712 941 2766 pars
967 2697 1285 2753 electorum.
1319 2718 1338 2749 ι
1364 2697 1751 2753 Laudaverunt
1774 2698 1830 2752 in

258 2792 402 2839 terra
432 2800 551 2851 sua,
586 2805 605 2838 ι
642 2786 745 2841 hoc
769 2795 871 2852 est,
902 2786 958 2841 in
988 2796 1135 2843 terra
1154 2788 1456 2844 viventium
1485 2797 1541 2843 et
1576 2803 1827 2844 mansue-

257 2884 433 2930 torum
474 2894 493 2928 ι
526 2876 759 2948 duplicia
808 2898 826 2930 ι
860 2880 1084 2947 prazmia
1136 2898 1154 2931 ι
1189 2879 1559 2950 possidebunt,
1597 2898 1616 2932 ι
1643 2879 1698 2934 id
1723 2888 1828 2945 est,

255 2964 312 3019 in
339 2981 569 3036 corpore
597 2975 653 3022 et
683 2968 736 3022 in
760 2968 961 3034 anima,
993 2984 1119 3024 cum
1169 2970 1474 3038 receperint
1519 2968 1835 3025 immortali-

259 3064 423 3109 tatem
455 3065 511 3111 et
538 3057 995 3128 incorruptionem
1023 3059 1077 3113 in
1109 3074 1354 3129 corpore,
1386 3068 1443 3115 et
1470 3059 1826 3115 incommuta-

255 3147 519 3203 bilitatem
547 3148 600 3202 in
631 3149 834 3211 anima,
867 3168 888 3201 ι
905 3159 962 3205 et
990 3149 1178 3204 laititia
1200 3150 1530 3220 sempiterna
1554 3151 1659 3206 erit
1684 3150 1784 3206 eis.
1806 3169 1824 3202 ι

1939 1963 2188 2029 Domino,
2226 1983 2245 2015 ι
2277 1965 2403 2035 quia
2430 1965 2603 2020 induit
2627 1980 2713 2020 me
2743 1965 3082 2022 vestimentis
3106 1964 3315 2032 salutis,
3347 1967 3401 2021 id
3426 1976 3515 2022 est

1937 2056 2228 2112 virtutibus
2270 2057 2354 2112 vel
2400 2058 2520 2128 ipso
2547 2057 2785 2125 Christo,
2827 2058 2977 2113 sicut
3002 2058 3292 2129 Apostolus
3324 2059 3455 2114 dicit
3497 2078 3513 2113 :

1944 2165 1964 2196 σ
2009 2144 2283 2215 Quotquot
2343 2147 2398 2201 in
2453 2147 2670 2204 Christo
2724 2148 2982 2218 baptizati
3027 2149 3190 2214 estis,
3235 2147 3509 2204 Christum

1940 2234 2191 2291 induistis
2217 2235 2419 2308 (Galat.
2455 2238 2558 2307 ιιι).
2598 2257 2615 2289 ι
2664 2236 2749 2303 Et,
2804 2258 2823 2291 ι
2861 2239 3069 2298 lnduite
3104 2258 3301 2299 novum
3331 2244 3509 2300 homi-

1939 2342 2061 2383 nem
2092 2327 2309 2398 (Ephes.
2343 2329 2440 2401 IV).
2488 2350 2506 2382 ι
2537 2330 2613 2383 De
2642 2331 2743 2385 hoc
2774 2341 2951 2387 autem
2980 2336 3127 2403 quod
3154 2336 3305 2401 dicit,
3343 2346 3399 2391 et
3422 2337 3506 2391 iu-

1939 2416 2196 2472 dumento
2217 2415 2441 2486 justitize
2468 2420 2823 2476 circumdedit
2850 2436 2958 2487 me,
2993 2422 3277 2480 Psalmista
3316 2426 3511 2481 decan-

1940 2515 2041 2571 tat,
2086 2506 2269 2563 dicens
2320 2527 2332 2562 :
2372 2528 2389 2559 ι
2427 2509 2756 2565 Sacerdotes
2800 2511 2894 2573 tui,
2926 2513 3173 2579 Domine,
3219 2515 3510 2570 induantur

1934 2595 2204 2666 justitiam
2251 2597 2425 2664 (Psal.
2469 2602 2675 2671 cum).
2716 2620 2733 2651 ι
2787 2600 3175 2659 Vestimentum
3222 2606 3365 2660 enim
3397 2606 3514 2661 sive

1943 2687 2312 2743 indumentum
2342 2688 2636 2743 electorum
2676 2699 2801 2745 sunt
2828 2692 3078 2758 virtutes,
3106 2694 3188 2748 vel
3218 2695 3329 2764 ipse
3353 2694 3510 2750 Chri—

1942 2786 2099 2833 stus:
2151 2779 2291 2833 sicut
2338 2789 2393 2834 et
2445 2780 2817 2836 indumentum
2872 2780 3074 2837 Christi
3132 2792 3258 2838 sunt
3318 2800 3508 2841 omnes

1942 2870 2121 2927 electi.
2154 2888 2173 2922 ι
2211 2871 2373 2938 Quasi
2403 2887 2658 2941 sponsum
2687 2873 2995 2928 decoratum
3024 2890 3276 2939 corona,»
3301 2858 3517 2932 subau-

1943 2964 2048 3028 dis,
2088 2963 2367 3020 decoravit
2409 2981 2532 3029 me,
2594 2984 2612 3016 ι
2667 2975 2724 3020 et
2761 2965 2915 3035 quasi
2965 2981 3215 3036 sponsam
3265 2975 3524 3023 ornatam

1942 3057 2229 3111 monilibus
2260 3057 2393 3111 suis.
2447 3077 2465 3110 ι
2509 3058 2624 3112 Duo
2677 3058 2891 3128 agmina
2926 3059 3263 3113 credentium
3307 3066 3543 3114 sancte~

1940 3147 2194 3203 Ecclesia:
2256 3147 2345 3202 hic
2410 3147 2784 3202 ostenduntur.
2864 3147 3233 3204 Perfectorum
3305 3148 3514 3204 scilicet

331 3258 352 3291 ί
385 3239 521 3306 Quia
548 3256 648 3311 ego
677 3210 936 3296 Dominus
967 3241 1197 3312 diligens
1221 3210 1507 3312 judicium,
1536 3262 1556 3295 ι
1575 3243 1831 3297 subaudis
1858 3210 1904 3273 Ο
1936 3253 2128 3307 agmen
2157 3238 2459 3294 ostenditur
2486 3255 2582 3308 per
2606 3254 2886 3308 sponsum,
2907 3239 2974 3293 de
2997 3240 3192 3308 quibus
3211 3240 3342 3295 dicit
3367 3241 3509 3311 Apo-

257 3332 526 3396 veritatis,
565 3351 583 3382 ι
620 3341 677 3387 et
704 3331 828 3387 odio
861 3332 1069 3386 habens
1097 3333 1343 3401 rapinam
1371 3333 1425 3386 in
1453 3331 1784 3386 holocausto.
1810 3351 1827 3383 ι

254 3420 458 3475 Divites
486 3419 664 3475 solent
702 3418 898 3475 offerre
926 3420 1035 3475 Deo
1066 3436 1258 3476 munus
1288 3422 1352 3475 de
1399 3422 1584 3489 rapina
1630 3436 1834 3491 paupe-

256 3524 399 3571 rum,
456 3510 550 3564 sed
599 3510 678 3564 sic
728 3509 904 3579 placet
943 3510 992 3565 ei
1036 3525 1224 3565 eorum
1253 3509 1459 3565 oblatio
1502 3520 1561 3564 ut
1596 3512 1830 3581 pretium
1875 3555 1881 3561 .

253 3600 442 3661 scorti,
494 3606 550 3653 et
591 3598 917 3654 sacriﬁcium
961 3600 1146 3665 canis,
1177 3600 1262 3656 vel
1308 3600 1449 3656 sicut
1490 3601 1665 3670 placet
1692 3604 1832 3673 patri

252 3691 346 3759 qui
378 3690 621 3745 immolat
644 3690 811 3745 ﬁlium
838 3690 893 3745 in
920 3702 1211 3761 conspectu
1232 3691 1371 3761 ejus.
1396 3694 1463 3747 Et
1487 3704 1572 3749 est
1595 3710 1785 3750 sensus
1815 3713 1828 3749 :

257 3782 393 3846 Hoc,
441 3783 638 3853 inquit,
687 3784 969 3852 praestabit
1016 3784 1275 3841 Dominus
1317 3787 1409 3853 qui
1450 3786 1624 3856 magis
1658 3786 1831 3857 diligit

253 3871 517 3940 iustorum
579 3872 889 3957 pauperiem
951 3882 1007 3927 et
1055 3872 1244 3942 judicii
1289 3876 1611 3941 veritatem,
1668 3892 1830 3941 quam

254 3960 485 4015 divitum
530 3975 750 4015 munera
800 3976 921 4031 qua:
946 3960 1014 4017 de
1056 3962 1404 4031 rapina'sunt
1435 3973 1490 4019 et
1523 3964 1827 4035 iniquitate.

258 4070 279 4102 ι
319 4048 384 4105 Ει
427 4051 565 4106 dabo
599 4067 734 4122 opus
768 4067 956 4108 eorum
977 4094 993 4118 ,
1024 4074 1043 4106 ι
1071 4055 1327 4111 subaudis
1356 4056 1448 4124 qui
1485 4057 1831 4113 crediderunt

258 4157 279 4191 ι
324 4139 378 4193 in
410 4140 652 4203 veritate,
685 4159 704 4191 ι
745 4149 805 4195 ut
829 4156 1026 4211 agnum
1067 4145 1352 4199 comedant
1397 4145 1451 4199 in
1482 4146 1732 4211 veritate,
1776 4156 1831 4203 et

252 4230 725 4286 circumcisionem
759 4231 940 4288 cordis
967 4233 1257 4303 accipiant,
1288 4243 1344 4290 et
1380 4244 1576 4290 terram
1621 4237 1833 4292 deside-

255 4329 378 4376 rent
414 4332 696 4385 :eternam,
742 4330 798 4376 et
842 4332 901 4377 ut
947 4324 1127 4378 omnia
1157 4339 1276 4393 qua:
1308 4324 1507 4381 Judaeis
1534 4327 1674 4381 dicta
1705 4336 1830 4382 sunt

258 4412 311 4465 in
341 4411 531 4482 ﬁgura,
582 4412 682 4482 ipsi
713 4414 1027 4482 possideant
1074 4415 1127 4469 in
1178 4416 1425 4470 veritate.
1480 4434 1498 4468 ι
1550 4417 1615 4470 Et
1654 4416 1830 4472 foedus

254 4513 575 4573 perpetuum
607 4503 796 4559 feriam
824 4505 926 4570 eis,
961 4524 978 4557 ι
1006 4506 1057 4559 id
1083 4515 1168 4560 est
1197 4506 1540 4576 Evangelium
1567 4508 1706 4567 dabo
1727 4509 1831 4571 eis,

254 4596 342 4651 cui
371 4611 475 4649 non
520 4596 772 4650 succedet
810 4596 914 4650 alia
941 4596 1047 4662 lex,
1077 4598 1218 4651 sicut
1247 4598 1350 4669 legi
1380 4598 1570 4670 Moysi.
1617 4599 1694 4656 De
1719 4616 1825 4669 quo

257 4685 549 4756 Evangelio
593 4685 723 4740 dicit
747 4686 1005 4742 Dominus
1034 4705 1047 4740 :
1086 4707 1104 4739 ι
1138 4686 1345 4744 Caelum
1378 4698 1434 4743 et
1463 4699 1607 4744 terra
1636 4693 1837 4745 transi-7

253 4774 424 4841 bunt,
478 4775 642 4831 verba
692 4784 872 4841 autem
930 4791 1050 4832 mea
1093 4792 1199 4832 non
1250 4779 1557 4834 transibunt
1609 4779 1827 4849 (Matth.

255 4867 427 4937 χχιιι).
466 4886 486 4919 ι

332 4977 351 5008 ι
397 4957 465 5012 Ει
496 4959 696 5013 scietur
728 4959 783 5013 iu
814 4958 1064 5030 gentibus
1104 4974 1287 5014 semen
1329 4976 1549 5024 eorum,
1588 4981 1613 5014 ι
1641 4963 1691 5016 id
1721 4972 1821 5029 est,

257 5063 441 5104 semen
484 5049 875 5120 apostolorum,
908 5068 927 5100 ι
978 5059 1035 5105 et
1078 5065 1296 5120 germen
1334 5067 1519 5105 eorum
1571 5052 1623 5105 in
1653 5054 1828 5108 medio

258 5139 594 5210 populorum.
646 5160 665 5192 ι
706 5140 859 5196 Sicut
881 5141 1108 5211 apostoli
1136 5140 1353 5196 fuerunt
1400 5157 1581 5196 semen
1626 5144 1826 5197 bonum

256 5238 313 5284 et
337 5245 524 5284 verum
548 5246 578 5284 a
597 5229 814 5285 Christo
841 5230 1111 5296 seminati,
1132 5231 1411 5286 audientes
1431 5231 1499 5285 ab
1525 5231 1615 5285 illo
1642 5250 1654 5284 :
1689 5250 1707 5282 ι
1729 5232 1823 5293 lle,

259 5319 448 5373 docete
473 5335 663 5375 omnes
692 5329 880 5391 gentes
912 5320 1126 5391 (Matth.
1154 5322 1349 5392 xxvm)
1374 5339 1387 5375 :
1414 5341 1431 5373 ι
1465 5322 1536 5376 ita
1558 5337 1743 5377 semen
1772 5331 1833 5378 et

260 5425 482 5484 germen
509 5411 872 5482 apostolorum
902 5422 1030 5468 sunt
1055 5413 1263 5479 ﬁdeles,
1295 5414 1386 5483 qui
1420 5412 1489 5467 ab
1514 5412 1621 5468 illis
1642 5427 1826 5468 semen

259 5502 413 5558 verbi
442 5500 535 5558 Dei
575 5511 953 5572 perceperunt.
992 5522 1011 5553 ι
1045 5504 1246 5560 Omnes
1283 5505 1375 5574 qui
1414 5503 1648 5560 viderint
1668 5520 1765 5561 eos
1802 5524 1822 5558 ι

262 5592 533 5664 apostolos
575 5592 824 5647 videlicet
873 5595 1345 5664 apostolorumque
1390 5609 1730 5652 successores
1772 5605 1828 5651 et

262 5689 584 5751 imitatores,
619 5706 636 5738 ι
674 5697 997 5758 cognoscent
1032 5688 1170 5752 illos,
1198 5689 1322 5757 quia
1361 5688 1449 5744 isti
1482 5699 1609 5746 sunt
1644 5704 1828 5746 semen

260 5781 347 5835 cui
391 5780 665 5835 benedixit
707 5781 981 5836 Deminus.
1016 5802 1032 5833 ι
1073 5781 1352 5847 Quomodo
1395 5782 1568 5841 sciert
1609 5792 1665 5839 ct
1692 5799 1828 5855 quo-

1936 3328 2108 3383 stolus
2162 3345 2176 3381 :
2236 3346 2254 3379 ι
2311 3327 2645 3396 Sapientiam
2714 3326 2986 3396 loquimur
3039 3327 3180 3381 inter
3242 3327 3509 3396 perfectos

1936 3416 1991 3487 (I
2021 3416 2145 3471 Cor.
2180 3419 2264 3488 ιι).
2304 3438 2321 3468 ι
2360 3415 2797 3485 lmperfectorum
2821 3432 2949 3471 vero
2974 3432 3165 3487 agmen
3192 3417 3507 3487 designatur

1935 3518 2033 3579 per
2060 3507 2423 3580 sponsam,dc
2453 3506 2649 3577 quibus
2677 3506 2808 3561 dicit
2830 3506 3119 3576 Apostolus
3143 3525 3156 3559 :
3178 3524 3196 3557 ι
3221 3505 3335 3562 Non
3361 3507 3504 3576 judi—
3532 3548 3535 3549 ν

1935 3601 2054 3658 cavi
2104 3616 2190 3656 me
2237 3600 2436 3669 aliquid
2482 3598 2625 3655 scire
2665 3598 2807 3652 inter
2832 3613 2948 3662 vos,
2980 3599 3082 3652 nisi
3123 3596 3309 3653 Jesum
3350 3597 3505 3653 Chri-

1937 3700 2099 3754 stum,
2126 3700 2181 3746 et
2205 3691 2346 3746 hunc
2367 3690 2685 3745 cruciﬁxum
2708 3689 2759 3760 (1
2780 3687 2903 3744 Car.
2931 3690 3037 3759 ιιι).
3064 3708 3082 3740 ι
3108 3707 3127 3740 ι
3155 3688 3224 3743 Ει
3252 3698 3505 3759 tanquam

1936 3781 2174 3852 parvulis
2222 3781 2277 3835 in
2332 3779 2584 3844 Christo,
2642 3779 2726 3834 lac
2781 3780 2933 3835 vobis
2985 3788 3168 3849 potum
3217 3779 3357 3843 dedi,
3401 3794 3551 3834 non.

1934 3888 2137 3930 escam.
2168 3894 2187 3926 ι
2220 3873 2467 3929 Christus
2495 3887 2625 3943 ergo
2654 3888 2883 3942 sponsus
2913 3873 3026 3942 ipse
3053 3871 3185 3927 facit
3207 3887 3433 3943 sponsos
3457 3882 3513 3928 et

1934 3980 2180 4036 sponsas,
2197 3975 2249 4019 et
2275 3974 2456 4019 tamen
2488 3979 2591 4018 una
2617 3974 2700 4019 cst
2721 3979 2916 4032 sponsa
2934 3964 3175 4019 Ecclesia
3202 3980 3322 4034 qua:
3347 3964 3510 4022 deco-

1935 4066 2087 4112 ratur
2145 4071 2370 4121 corona,
2414 4056 2466 4110 id
2520 4064 2603 4110 est
2649 4054 2992 4111 multitudine
3046 4056 3386 4111 credentium
3440 4071 3529 4115 ex-

1934 4151 2183 4205 omnibus
2214 4149 2397 4203 mundi
2435 4150 2680 4218 partibus
2719 4149 2771 4202 in
2803 4148 2920 4218 ejus
2953 4149 3270 4204 societatem
3296 4148 3512 4205 venien-

1935 4240 2089 4293 tium.
2119 4240 2186 4293 Et
2213 4250 2438 4293 ornatur
2488 4237 2797 4301 monilibus,
2845 4238 2897 4293 id
2927 4247 3012 4293 est
3059 4238 3302 4293 nomium
3340 4238 3511 4293 virtu-

1937 4339 2048 4384 tum
2091 4330 2423 4384 ornamentis
2458 4344 2584 4397 quae
2631 4328 2983 4398 designantur
3020 4344 3120 4398 per
3160 4328 3400 4393 monilia,
3436 4328 3509 4382 vi-

1937 4419 2132 4474 delicet
2167 4419 2438 4483 castitate,
2470 4418 2796 4481 humilitate,
2843 4418 3071 4488 aliisque
3101 4419 3410 4484 virtutibus,
3456 4409 3513 4477 et

1935 4510 2101 4563 variis
2127 4509 2428 4564 ordinibus.

2012 4617 2029 4650 ι
2063 4598 2215 4653 Sicut
2243 4599 2386 4652 enim
2418 4606 2557 4652 terra
2593 4597 2797 4667 profert
2825 4614 3042 4669 germen
3074 4615 3253 4663 suum,
3287 4608 3343 4654 et
3370 4600 3512 4658 sicut

1934 4691 2124 4745 hortus
2143 4704 2327 4743 semen
2351 4704 2507 4744 suum
2525 4690 2820 4758 germinat:
2845 4689 2925 4743 sic
2947 4688 3205 4745 Dominus
3228 4691 3371 4745 Deus
3387 4706 3510 4762 ger-

1933 4780 2161 4834 minahit
2185 4779 2450 4849 justitiam
2489 4788 2543 4833 et
2574 4778 2787 4833 laudem
2818 4794 3003 4835 coram
3035 4780 3305 4835 universis
3331 4782 3507 4851 genti-

1930 4872 2050 4926 bus.
2072 4891 2089 4923 ι
2115 4871 2345 4926 lstarum
2372 4872 2833 4939 comparationum
2858 4872 3007 4941 prior
3028 4868 3310 4928 referenda
3331 4881 3416 4929 est
3438 4875 3507 4928 ad

1930 4976 2206 5031 sponsum,
2228 4975 2461 5029 sequens
2477 4961 2543 5015 ad
2571 4976 2842 5031 sponsam.
2879 4981 2899 5012 ι
2927 4961 3095 5027 Sicut,
3130 4963 3323 5032 inquit,
3359 4971 3504 5018 terra

1929 5051 2240 5108 coelestibus
2263 5051 2459 5120 pluviis
2497 5052 2731 5121 irrigata
2750 5051 2955 5121 profert
2981 5066 3201 5120 germen
3233 5067 3388 5108 suum
3406 5092 3424 5119 ,
3451 5064 3507 5110 et

1928 5145 2070 5199 sicut
2093 5144 2283 5198 hortus
2305 5142 2532 5197 fontium
2556 5144 2710 5211 aquis
2730 5144 2982 5214 irrigatus
3002 5158 3184 5199 semen
3205 5159 3386 5209 suum,
3412 5163 3433 5198 ι
3450 5144 3507 5201 id

1927 5245 2031 5302 est,
2059 5236 2204 5290 olera
2236 5234 2462 5289 diversis
2485 5235 2771 5304 generibus
2794 5235 3089 5304 germinat:
3111 5253 3131 5286 ι
3150 5235 3232 5290 sic
3243 5235 3519 5290 Dominus-

1929 5327 2069 5381 Deus
2081 5324 2422 5395 geruiinabit,
2445 5343 2475 5375 »ι
2485 5324 2535 5378 id
2549 5332 2648 5388 est,
2665 5323 2965 5393 germinare
2981 5322 3141 5378 faciet
3157 5323 3239 5379 vel
3250 5337 3503 5379 crescere

1935 5434 1954 5467 ι
1980 5415 2265 5484 justitiam,
2291 5433 2309 5466 ›
2335 5414 2389 5469 id
2414 5423 2515 5479 est,
2539 5413 2811 5469 Christum
2832 5415 2924 5483 qui
2939 5413 3199 5483 justiﬁcat
3219 5415 3275 5469 in
3297 5430 3357 5470 se
3381 5429 3502 5470 cre-

1929 5509 2150 5564 dentes:
2176 5506 2260 5561 vel
2281 5506 2715 5576 justiﬁeationem
2745 5505 2866 5560 ﬁdei
2894 5522 2961 5561 ex
2990 5522 3095 5576 qua
3112 5507 3291 5577 justus
3317 5506 3453 5562 vivit
3482 5524 3497 5561 :

1929 5609 1986 5656 et
2012 5601 2124 5669 ipse
2153 5598 2314 5654 faciet
2336 5613 2583 5654 crescere
2605 5597 2818 5652 laudem
2850 5613 3002 5653 suam
3025 5588 3208 5654 coram
3230 5600 3501 5655 universis

1930 5692 2197 5763 gentibus.
2246 5688 2361 5746 Non
2409 5690 2516 5744 erit
2556 5688 2893 5745 solummodo
2942 5691 3044 5746 ista
3086 5689 3402 5758 justiﬁeatio
3444 5691 3496 5745 io

1932 5782 2151 5848 Judreis,
2178 5796 2352 5852 neque
2380 5780 2478 5837 soli
2506 5779 2670 5837 Judzei
2710 5779 2940 5836 referent
2972 5782 3019 5837 ei
3053 5780 3272 5836 laudes:
3312 5780 3404 5838 sed
3443 5781 3496 5836 in
