4016 6498
549 392 685 447 illi?

1022 390 1374 448 HAYMONIS
1409 390 1884 453 HALBERSTAT.
1923 390 2108 447 EPISC

2210 366 2321 445 iPl’.
2364 391 2539 448 PARS
2576 388 2617 447 ι.
2649 425 2717 434 -
2742 388 3092 471 conamur.
3134 392 3301 451 BiBL.

3674 394 3821 451 i058

546 504 794 558 omnibus
818 503 1162 559 credentibus
1187 505 1291 560 erit
1314 504 1466 561 ﬁdes.
1508 506 1575 560 Et
1602 516 1883 575 postquam
1922 504 2123 559 fuerint
2148 507 2200 565 Α
2300 479 2323 555 ί
2354 504 2420 559 Et
2446 506 2555 573 eris
2580 520 2775 562 corona
2808 509 2990 579 gloriae
3034 510 3087 563 in
3132 526 3292 564 manu
3328 510 3564 573 Domini,
3600 520 3655 566 ct
3689 511 3815 564 dia-

540 594 849 662 justilicati,
902 594 1138 649 referent
1184 594 1368 650 laudes
1411 606 1467 651 et
1507 599 1803 666 gratiarum
1850 598 2118 651 actionem

543 685 788 739 Creatori
812 700 911 739 suo
938 700 1037 755 pro
1059 687 1308 741 omnibus
1331 686 1605 742 beneﬁciis
1626 689 1694 743 ab
1718 686 1809 742 illo
1831 687 1931 742 sibi
1954 686 2115 742 datis.

543 772 701 829 Sicut
728 788 858 846 ergo
881 783 1028 830 terra
1056 776 1279 844 irrigata
1303 777 1515 837 coalitus
1539 777 1744 846 profert
1768 792 2019 849 germen:
2040 778 2119 833 sic

538 863 767 938 pgrfecti
792 867 991 935 quique
1016 868 1222 937 irrigati
1250 869 1423 937 gratia
1454 869 1688 939 Spiritus
1713 870 1905 936 sancti,
1937 871 2116 941 quoti-

542 957 629 1012 die
655 954 861 1013 fructus
887 959 1042 1014 bona:
1068 960 1398 1028 Operationis
1425 960 1688 1015 referunt.

1107 1111 1334 1168 CAPUT
1384 1114 1541 1169 LXII.

618 1239 636 1272 ι
665 1218 892 1292 Propter
919 1222 1047 1278 Sion
1074 1240 1180 1279 non
1213 1229 1421 1291 tacebo,
1452 1235 1508 1281 et
1532 1238 1754 1298 propter
1780 1229 2113 1285 Hierusalem

540 1327 646 1367 non
671 1315 1031 1384 requiescam,
1060 1317 1230 1372 donec
1256 1318 1562 1388 egrediatur
1583 1327 1639 1372 ut
1668 1319 1919 1389 splendor
1937 1319 2115 1389 justus

537 1404 676 1474 ejus,
710 1426 727 1459 ι
762 1408 814 1462 id
843 1416 949 1473 est,
974 1407 1153 1475 justus
1180 1409 1433 1464 Ecclesiae
1459 1409 1722 1470 Christus,
1757 1431 1775 1461 ‹
1803 1417 1857 1464 et
1879 1409 2115 1464 salvator

536 1493 655 1562 ejus
679 1505 737 1550 ut
760 1496 968 1566 lampas
985 1499 1329 1553 accendatur.
1354 1518 1371 1550 ι
1396 1497 1672 1554 Hactenus
1696 1499 1956 1565 Ecclesia,
1973 1515 2114 1556 nunc

535 1599 603 1639 ex
635 1600 863 1655 persona
888 1603 983 1645 sua
1010 1588 1247 1657 loquitur
1270 1588 1560 1658 Propheta.
1589 1589 1695 1646 Per
1731 1589 1860 1645 Sion
1900 1599 1956 1646 et
1989 1591 2114 1646 Hie-

538 1677 771 1731 rusalem
792 1717 809 1743 ,
855 1678 1180 1748 generaliter
1221 1662 1505 1747 possumus
1539 1679 1836 1750 intelligere
1866 1694 2021 1749 reges
2058 1689 2113 1735 et

535 1769 809 1839 principes
831 1767 1039 1825 Judaici
1068 1771 1280 1841 populi,
1319 1771 1408 1840 qui
1439 1772 1797 1841 prohibebant
1823 1772 2112 1842 prophetas

536 1867 596 1913 ut
625 1875 728 1913 non
760 1860 1108 1929 loquerentur
1132 1863 1186 1916 in
1214 1862 1430 1916 nomine
1454 1862 1666 1916 Domini
1695 1901 1711 1927 ,
1746 1861 1829 1916 vel
1861 1862 2112 1916 distincte

534 1963 635 2017 per
659 1948 789 2005 Sion
821 1966 976 2020 reges
1005 1960 1060 2007 et
1077 1953 1368 2022 principes,
1386 1967 1482 2022 per
1509 1949 1844 2006 Hierusalem
1865 1951 2114 2006 sacerdo-

534 2049 618 2096 tes
646 2051 702 2095 et
726 2040 999 2110 subjectos
1027 2058 1236 2098 eorum.
1269 2043 1411 2097 Dicit
1437 2058 1568 2114 ergo
1587 2042 1857 2113 Propheta
1886 2060 1899 2094 :
1931 2060 1949 2092 ι
1981 2040 2113 2097 Pro-

532 2141 657 2201 pter
682 2131 812 2187 Sion
844 2143 899 2188 ct
928 2142 1149 2202 propter
1174 2132 1561 2198 Hierusalem,»
1583 2132 1635 2187 id
1656 2143 1760 2197 est,
1780 2141 2000 2203 propter
2028 2148 2113 2189 re-
2145 2172 2157 2187 .

535 2236 629 2291 ges
676 2222 1052 2292 principesque
1080 2239 1143 2277 ac
1169 2222 1499 2289 sacerdotes,
1519 2223 1732 2279 etiamsi
1760 2222 2113 2293 przeceperint

537 2323 596 2367 ut
628 2325 857 2379 taceam,
883 2332 987 2370 non
1019 2316 1210 2370 tacebo
1240 2316 1308 2371 ab
1337 2316 1609 2371 oratione:
1635 2316 1727 2370 sed
1752 2315 1934 2370 tandiu
1954 2321 2111 2369 nocte

530 2416 585 2463 et
613 2407 700 2461 die
712 2406 937 2477 jungam
968 2423 1157 2476 preces
1184 2407 1434 2477 precibus
1452 2421 1731 2478 quousque
1753 2406 1935 2462 veniat
1953 2403 2110 2460 Chri-

532 2505 650 2551 stus
676 2497 831 2551 nohis
861 2498 912 2550 in
940 2497 1055 2567 lege
1085 2498 1404 2566 promissus,
1425 2505 1479 2551 et
1499 2506 1755 2551 cunctum
1775 2494 1962 2551 orbem
1990 2493 2111 2549 illu-

535 2586 722 2641 minet.
758 2585 889 2641 Tale
915 2586 1043 2656 quid
1073 2586 1177 2640 alio
1221 2587 1273 2640 in
1312 2587 1429 2641 loco
1456 2586 1594 2640 idem
1624 2586 1882 2656 propheta
1911 2584 2105 2653 implo-

533 2687 653 2732 rat:
696 2699 714 2728 ι
757 2677 972 2732 Utinam
1003 2678 1356 2748 dirumperes,
1384 2676 1627 2740 Domine,
1661 2675 1846 2740 caelos,
1874 2683 1929 2731 et
1950 2674 2106 2730 veni-

532 2786 621 2825 res
641 2770 776 2840 (Isu.
807 2771 971 2837 thv).
1000 2788 1017 2820 ι
1045 2767 1161 2822 Non
1187 2769 1374 2823 tacebo
1401 2768 1616 2837 (inquit)
1638 2767 1910 2836 precibus.
1935 2766 2108 2820 donec

530 2863 843 2931 egrediatur
863 2876 925 2914 ex
953 2868 1106 2914 utero
1130 2859 1357 2929 virginis
1373 2855 1556 2912 Justus
1580 2856 1832 2912 Ecclesiae
1851 2866 1910 2910 ut
1930 2855 2107 2926 splen-

528 2953 647 3011 dor,
679 2952 768 3021 qui
790 2951 1051 3019 justiﬁcat
1071 2950 1270 3004 electos
1291 2965 1438 3012 suos,
1475 2970 1492 3000 ι
1515 2958 1569 3001 et
1600 2948 1863 3002 illuminat
1889 2961 2101 3001 omnem

531 3040 804 3094 hominem
834 3041 1137 3094 venientem
1176 3040 1228 3092 in
1272 3039 1414 3092 hunc
1451 3039 1706 3091 mundum
1737 3036 1929 3106 (Joan.
1965 3038 2036 3103 ι).
2078 3054 2097 3085 ι

529 3131 646 3199 Ipse
677 3139 758 3186 est
789 3131 1039 3199 splendor
1072 3130 1207 3184 lucis
1231 3138 1446 3183 :eternae
1468 3138 1523 3182 et
1550 3128 1627 3182 sol
1649 3127 1890 3195 justitite,
1922 3128 2013 3196 qui
2048 3126 2115 3189 in,

528 3222 820 3289 Evangelio
842 3220 1015 3276 dixit:
1049 3241 1067 3272 ι
1103 3219 1215 3288 Ego
1235 3235 1354 3274 sum
1376 3219 1467 3273 lux
1492 3217 1697 3271 mundi.
1731 3238 1751 3270 ι
1782 3218 1849 3271 Et
1870 3215 2106 3272 salvator

527 3312 662 3380 ejus,
687 3314 737 3366 id
765 3323 847 3368 est
869 3311 1141 3374 Ecclesiae,
1166 3320 1225 3365 ut
1248 3310 1454 3382 lampas
1476 3309 1824 3375 accendatur,
1849 3309 2107 3364 subaudis

531 3408 584 3458 in
613 3406 865 3459 cordibus
892 3404 1243 3458 credentium.
1274 3402 1505 3471 Lampas
1527 3400 1734 3467 Crtece,
1759 3400 1949 3456 Latine
1973 3400 2107 3456 dici—
2159 3431 2163 3435 -

530 3505 620 3550 tur
648 3495 861 3549 flamma
890 3495 1047 3564 ignis.
1075 3493 1151 3548 De
1171 3500 1275 3562 qna
1297 3491 1507 3546 ﬂamma
1530 3491 1670 3562 ignis
1689 3491 1822 3546 dicit
1847 3490 2107 3545 Dominus

529 3587 584 3640 in
614 3585 906 3655 Evangelia
933 3603 946 3638 :
982 3603 1000 3634 ‹
1035 3583 1215 3653 Ignem
1239 3583 1361 3637 veni
1393 3582 1608 3636 mittere
1639 3582 1691 3635 in
1723 3590 1922 3636 terram
1951 3578 2102 3649 (Luc.

533 3682 654 3749 xu).
690 3697 708 3729 ι
745 3678 853 3734 Hac
878 3677 1089 3732 flamma
1120 3677 1363 3732 succensi
1388 3686 1513 3730 sunt
1543 3675 1767 3745 apostoli
1797 3674 1882 3728 die
1912 3673 2106 3727 Pente-

528 3779 727 3835 costes,
754 3762 971 3840 quando
999 3779 1280 3841 coeperunt
1306 3768 1447 3839 loqui
1481 3768 1729 3823 omnibus
1755 3768 1970 3837 linguis.

602 3886 620 3915 α
655 3865 721 3919 Et
747 3863 1007 3919 videbunt
1032 3871 1217 3935 gentes
1243 3863 1443 3931 justum
1479 3871 1646 3919 tuum,
1679 3881 1696 3911 ι
1731 3860 1989 3915 subaudis
2010 3874 2106 3929 per

525 3953 708 4017 ﬁdem,
736 3972 768 4008 o
799 3954 1070 4024 primitiva
1115 3952 1388 4013 Ecclesia,
1423 3950 1473 4003 id
1515 3958 1598 4003 est
1638 3949 1910 4004 Christum
1953 3958 2102 4002 tuum

524 4047 613 4114 qui
640 4053 921 4115 peccatum
947 4059 1053 4097 non
1079 4042 1224 4097 fecit.
1257 4059 1279 4094 ι
1309 4042 1375 4095 Ει
1398 4040 1576 4095 cunt-ti
1606 4054 1777 4108 reges,
1801 4060 1818 4091 ι
1847 4039 2103 4094 subaudis

527 4134 617 4201 qui
644 4134 992 4194 crediderint,
1037 4132 1120 4186 vel
1160 4131 1261 4199 ipsi
1299 4130 1388 4199 qui
1426 4130 1632 4197 seipsos
1660 4129 1799 4184 bene
1841 4129 2099 4182 rexerint.

531 4222 857 4277 (Videbunt
905 4221 1162 4292 inclytum
1198 4239 1216 4271 ι
1266 4221 1379 4274 sive
1412 4220 1645 4275 nobilem
1699 4238 1716 4269 ι
1751 4227 1901 4273 tuum
1937 4236 1953 4268 ι
2006 4231 2104 4287 per

525 4315 714 4377 ﬁdem,
744 4313 810 4366 de
832 4311 1023 4382 quibus
1053 4309 1309 4366 Dominus
1332 4310 1461 4365 dicit
1489 4328 1501 4363 :
1534 4310 1683 4365 Beati
1709 4310 1801 4380 qui
1826 4324 1933 4363 non
1954 4309 2101 4362 vide—

524 4412 650 4458 runt
678 4403 848 4458 oculis
878 4403 1209 4471 corporis,et
1230 4401 1577 4457 crediderunt
1594 4409 1772 4455 mente
1787 4400 1965 4471 (Joan.
1984 4397 2098 4467 xx).

529 4513 547 4543 ‹
587 4493 653 4549 Ει
673 4494 953 4548 vocabitur
981 4492 1074 4546 tibi
1107 4506 1299 4545 nomen
1329 4506 1545 4555 novum,
1579 4510 1598 4543 ι
1633 4506 1668 4544 o
1695 4488 1965 4559 primitiva
1992 4487 2097 4542 Ec-
2125 4521 2175 4581 υ

520 4584 706 4647 clesia,
750 4603 773 4634 ε
801 4584 942 4652 quod
979 4597 1041 4637 os
1086 4580 1293 4636 Domini
1340 4580 1657 4635 nominavit.
1698 4599 1716 4630 ι
1752 4577 2095 4633 Consuetudo

520 4683 606 4729 est
632 4673 870 4728 Hebraeae
892 4673 1105 4742 linguzc,
1133 4678 1193 4723 ut
1217 4684 1285 4724 ex
1309 4671 1462 4725 novis
1487 4670 1648 4724 rebus
1677 4667 1895 4722 nomina
1926 4667 2096 4733 impo—

519 4773 748 4829 nentur,
782 4772 840 4817 ut
873 4746 947 4817 ex.
982 4763 1254 4816 Abraham
1277 4775 1562 4831 possumus
1584 4773 1930 4831 cognoscere.
1977 4757 2098 4813 Pri-

519 4872 668 4911 mum
699 4854 916 4924 quidem
947 4851 1242 4923 appellatus
1263 4860 1347 4906 est
1366 4852 1524 4915 Ram,
1541 4851 1680 4905 sicut
1706 4850 1759 4904 in
1786 4848 1926 4905 libro
1949 4847 2097 4903 beati

518 4950 619 5006 Job
642 4952 780 5018 (cap.
799 4946 997 5013 χχχιι),
1017 4944 1287 4999 invenitur
1310 4958 1374 4998 eo
1398 4943 1453 4996 in
1475 4941 1720 5006 loco,.ubi
1736 4940 1962 4996 dicitur:
1988 4958 2006 4990 ι
2029 4937 2096 4991 Et

519 5044 689 5095 iratus
715 5039 1130 5109 indignatusque
1156 5043 1240 5090 est
1269 5034 1420 5088 lleliu
1452 5033 1595 5088 illius
1625 5032 1907 5088 Barachiel
1939 5030 2098 5084 Buzi-

519 5144 602 5187 tes
628 5132 694 5184 de
722 5129 1039 5198 cognatione
1065 5126 1223 5181 Ram.
1255 5145 1274 5177 ι
1294 5124 1422 5179 Inde
1449 5134 1673 5178 vocatus
1698 5132 1782 5179 est
1796 5122 2022 5185 Abram,
2041 5121 2093 5175 id

517 5233 602 5280 est
619 5230 773 5292 pater
792 5223 1066 5283 excelsus,
1096 5233 1160 5273 ac
1194 5217 1385 5271 deinde
1406 5216 1700 5270 Abraham.
1740 5214 2003 5270 Similiter
2026 5215 2094 5270 de

517 5317 675 5370 beato
702 5313 862 5367 Petro
889 5319 1064 5381 potest
1094 5308 1338 5378 intelligi,
1367 5308 1457 5376 qui
1484 5307 1715 5377 primum
1742 5309 1927 5361 Simon
1946 5347 1962 5371 ,
1993 5306 2091 5360 de-

518 5406 644 5461 inde
672 5404 864 5458 Petrus
889 5418 918 5456 a
949 5410 1099 5472 petra
1119 5441 1134 5467 ,
1160 5401 1212 5455 id
1240 5409 1327 5455 est
1352 5415 1382 5454 a
1420 5399 1639 5453 Christo
1661 5408 1744 5453 est
1769 5397 2086 5468 appellatus.

518 5500 725 5555 Dicitur
768 5512 898 5568 ergo
940 5497 1009 5551 ad
1053 5494 1346 5550 Ecclesiam
1390 5491 1719 5563 primitivam
1750 5509 1763 5544 :
1799 5491 2092 5547 Vocabitur

517 5593 617 5647 tibi
648 5605 842 5646 nomen
870 5598 1039 5652 tuum,
1069 5587 1123 5641 id
1157 5586 1360 5641 scilicet
1386 5585 1531 5655 quod
1550 5584 1775 5639 verbum
1798 5583 1891 5637 Dei
1917 5581 2090 5635 Patris

519 5681 837 5745 decreverit,
869 5688 929 5734 ut
959 5694 987 5731 a
1019 5677 1238 5732 Christo
1272 5675 1554 5731 christiani
1583 5674 1878 5739 vocemini,
1918 5682 1971 5727 et
1993 5687 2091 5742 per

524 5770 856 5827 Hierusalem
888 5778 943 5825 et
971 5768 1101 5824 Sion
1129 5765 1381 5822 Ecclesiae
1407 5764 1778 5821 nominemini.

2219 594 2374 650 dema
2404 597 2557 667 regni
2580 597 2634 651 in
2656 613 2821 653 manu
2843 600 2939 653 Dei
2966 600 3062 661 tui,
3094 620 3112 651 ι
3148 600 3199 654 id
3224 608 3308 653 est
3333 601 3385 654 in
3409 598 3659 668 potentia
3682 600 3814 663 Dei,

2216 686 2301 740 vel
2335 686 2389 741 in
2418 688 2544 756 ipso
2559 687 2774 748 Christo
2799 690 2890 759 qui
2915 698 2999 745 est
3026 706 3220 745 manus
3257 700 3312 745 et
3348 691 3574 745 dextera
3601 690 3811 746 Patris.

2215 776 2349 832 Cum
2384 788 2438 834 te
2467 779 2687 850 (inquit)
2730 783 3072 837 coro‘naverit
3118 782 3405 837 multitudo
3453 765 3811 838 credentium

2218 870 2439 925 veniens
2470 871 2535 924 ad
2567 871 2725 926 ﬁdem
2757 880 2904 925 tuam
2934 888 3000 927 ex
3025 873 3274 926 omnibus
3300 871 3554 942 partibus
3583 875 3810 939 mundi,

2216 960 2326 1015 eris
2351 975 2552 1015 corona
2582 963 2793 1017 decoris
2818 963 2871 1017 in
2903 979 3062 1017 manu
3105 964 3232 1028 Dei,
3269 972 3325 1018 et
3363 966 3520 1035 quasi
3554 966 3810 1021 diadema

2218 1050 2369 1120 regni
2398 1051 2451 1104 in
2480 1060 2750 1121 potestate
2775 1052 2936 1107 illius.

2295 1159 2314 1191 ι
2351 1140 2468 1196 Νοη
2496 1143 2776 1198 vocaberis
2798 1143 2938 1197 ultra
2965 1144 3244 1209 derelicta,
3284 1163 3302 1196 ι
3336 1161 3366 1198 a
3394 1143 3509 1200 Deo
3534 1155 3634 1202 «et
3656 1156 3809 1201 terra

2217 1239 2305 1283 tua
2339 1249 2358 1281 ι
2394 1231 2448 1285 id
2492 1240 2576 1286 est
2612 1231 2873 1286 habitatio
2912 1240 3001 1286 tua
3044 1251 3062 1282 ι
3108 1247 3211 1287 non
3242 1233 3531 1287 vocabitur
3571 1233 3809 1303 amplius

2214 1321 2474 1386 desolata,
2518 1343 2537 1374 ι
2576 1323 2832 1378 subaudis
2859 1323 2985 1392 quia
3015 1323 3264 1378 Christus
3291 1324 3568 1377 habitabit
3599 1324 3655 1377 in
3690 1340 3808 1379 mc-

2215 1411 2303 1464 dio
2329 1412 2425 1465 tui.
2458 1431 2476 1462 ‹
2516 1411 2621 1467 Sed
2649 1414 2930 1468 vocaberis
2956 1414 3207 1469 voluntas
3235 1429 3351 1468 mea
3387 1414 3443 1468 in
3468 1430 3559 1479 ea,
3594 1435 3612 1466 ι
3643 1415 3698 1468 id
3727 1428 3809 1471 est

2214 1501 2495 1556 vocabitur
2528 1501 2769 1558 Ecclesia
2798 1503 3022 1569 Christi,
3059 1512 3116 1559 et
3157 1504 3407 1559 dicetur:
3452 1504 3571 1559 Ista
3597 1515 3687 1560 est
3712 1506 3808 1561 Ec-

2215 1591 2398 1656 clesia,
2431 1608 2550 1663 quae
2579 1595 2790 1649 Domini
2816 1594 3149 1651 voluntatem
3179 1595 3329 1651 facit.
3358 1596 3425 1650 Et
3457 1613 3639 1667 quare
3665 1599 3804 1654 hoc?

2219 1699 2238 1732 ι
2273 1681 2406 1747 Quia
2433 1683 2757 1753 complacuit
2784 1683 3013 1741 Domino
3037 1686 3091 1740 in
3116 1694 3187 1751 te,
3215 1694 3270 1742 et
3291 1695 3439 1742 terra
3471 1696 3567 1741 tua
3594 1689 3799 1743 inhabi-

2216 1773 2383 1827 tabitu
2393 1789 2434 1828 r.
2462 1794 2479 1825 ι
2500 1774 2796 1830 Ecclesiam
2810 1791 2877 1830 ex
2901 1784 3130 1845 utroque
3144 1776 3342 1846 populo
3356 1776 3657 1831 collectam
3674 1777 3791 1832 alb-

2140 1843 2186 1901 B
2215 1861 2398 1929 quitur
2426 1878 2608 1918 sermo
2633 1864 3002 1934 propheticus,
3036 1843 3090 1918 et
3112 1843 3383 1933 promittit
3407 1868 3563 1934 quod
3600 1881 3713 1920 non
3739 1867 3800 1921 sit

2213 1952 2443 2021 amplius
2488 1953 2747 2008 derelicta
2793 1954 2864 2007 ita
2911 1970 2943 2009 a
2990 1954 3137 2020 Deo,
3186 1955 3329 2010 sicut
3372 1955 3663 2024 quondam
3709 1958 3802 2011 fuit

2212 2043 2428 2111 quando
2456 2051 2578 2112 post
2618 2043 2759 2099 idola
2795 2044 3152 2099 claudicabat.
3194 2044 3348 2100 Sicut
3386 2046 3673 2116 displicuit
3697 2048 3793 2101 Do.

2211 2135 2360 2188 mino
2391 2134 2589 2191 ludatis
2610 2136 2665 2190 in
2696 2136 3010 2197 infidelitate
3036 2136 3403 2203 manentibus,
3433 2149 3490 2192 et
3528 2140 3587 2193 in
3627 2143 3796 2211 genti-

2213 2224 2311 2279 bus
2341 2233 2462 2295 post
2488 2225 2848 2281 idololatriam
2875 2226 3277 2282 ambulantibus
3307 2246 3320 2281 :
3360 2229 3447 2283 sic
3472 2231 3793 2300 complacuit

2212 2315 2261 2369 ei
2288 2316 2342 2368 in
2374 2315 2716 2370 credentibus
2745 2330 2811 2371 ex
2856 2324 3088 2386 utroque
3113 2316 3341 2387 populo,
3374 2317 3447 2371 ad
3497 2319 3656 2373 [idem
3681 2320 3791 2388 ejus

2212 2404 2574 2460 venientibus.

2286 2515 2303 2546 ι
2335 2493 2612 2551 Habitahit
2630 2496 2776 2550 enim
2795 2495 3007 2565 juvenis
3026 2511 3148 2550 cum
3175 2497 3404 2567 virgine,
3432 2518 3453 2550 ι
3476 2499 3529 2553 in
3542 2502 3779 2555 castitate

2212 2586 2426 2650 carnis,
2476 2595 2533 2639 ut
2565 2585 2735 2641 Maria
2766 2596 2821 2641 et
2847 2584 3080 2657 Ioseph,
3126 2586 3473 2658 Chrysantus
3513 2600 3568 2645 et
3608 2591 3783 2644 Daria.

2286 2695 2304 2728 ι
2337 2669 2750 2729 Ειίιεώἰῐθὺυηι
2775 2675 2829 2729 in
2852 2685 2906 2730 te
2931 2675 3025 2729 ﬁlii
3059 2675 3154 2730 tui.
3184 2694 3204 2728 ι
3240 2676 3363 2731 Filii
3387 2676 3650 2733 Ecclesiae
3672 2687 3789 2732 sunt

2210 2767 2301 2835 qui
2349 2767 2689 2820 instruuntur
2734 2765 2976 2820 doctrina
3021 2765 3307 2836 spirituali.
3364 2787 3383 2818 ι
3430 2768 3502 2822 Et
3540 2769 3790 2839 gaudebit

2209 2872 2438 2926 sponsus
2464 2876 2482 2908 ι
2511 2854 2756 2912 Christus
2781 2876 2797 2908 ι
2829 2872 2989 2928 super
3015 2873 3269 2928 sponsam
3304 2880 3323 2910 ι
3362 2860 3667 2916 Ecclesiam
3694 2881 3716 2913 ‹
3742 2872 3792 2918 et

2207 2947 2461 3018 gaudebit
2500 2962 2665 3017 super
2711 2956 2795 3013 te,
2832 2968 2851 3002 ι
2903 2948 2954 3003 id
2992 2958 3077 3004 est
3107 2950 3175 3004 de
3211 2951 3317 3005 tuis
3350 2953 3613 3021 operibus
3641 2954 3791 3008 bouis

2215 3059 2233 3091 ι
2266 3041 2408 3093 Deus
2450 3047 2593 3093 tuus.
2640 3058 2659 3089 ι
2690 3039 2794 3093 Iste
2835 3050 2919 3095 est
2960 3056 3218 3109 sponsus,
3261 3043 3328 3096 de
3371 3059 3481 3112 quo
3510 3044 3714 3098 dicitur
3741 3046 3792 3099 in

2208 3127 2416 3198 psalmo
2450 3146 2464 3181 :
2495 3148 2511 3179 ι
2547 3128 2615 3181 Ει
2638 3129 2751 3197 ipse
2783 3138 3036 3198 tanquam
3064 3121 3294 3201 sponsus
3320 3134 3574 3202 procedet
3614 3133 3790 3204 (Psel.

2211 3222 2387 3289 mu).
2424 3240 2441 3271 ι
2477 3218 2543 3272 Ει
2569 3218 2670 3272 ista
2694 3230 2778 3274 est
2805 3236 3024 3290 sponsa,
3051 3223 3118 3276 de
3142 3237 3245 3291 qua
3273 3223 3663 3280 dicitJoannes
3692 3225 3796 3282 Ba-

2207 3310 2399 3378 ptista:
2432 3328 2448 3361 c
2478 3310 2578 3378 Qui
2608 3314 2771 3368 habet
2797 3326 3048 3381 sponsam
3070 3327 3300 3381 sponsus
3323 3323 3405 3369 est
3424 3314 3606 3381 (Joan.
3626 3319 3743 3385 ιιι).
3767 3336 3790 3370 ο

2284 3421 2301 3451 ι
2340 3402 2515 3473 Super
2559 3419 2743 3460 muros
2787 3414 2908 3459 tuos
2952 3404 3286 3460 Hierusalem
3315 3408 3575 3462 constitui
3603 3419 3795 3473 custo-

2208 3491 2324 3557 des,
2360 3501 2471 3547 tota
2504 3495 2591 3549 die
2625 3505 2681 3548 et
2711 3505 2818 3550 tota
2845 3502 3004 3550 nocte
3033 3511 3136 3549 non
3174 3496 3447 3551 tacebunt.
3486 3517 3507 3549 ι
3545 3497 3670 3554 Vox
3697 3499 3790 3555 Dei

2206 3580 2590 3651 omnipotentis
2618 3584 2686 3637 ad
2716 3583 3050 3639 Hierusalem
3072 3625 3087 3651 ,
3132 3583 3185 3639 id
3214 3595 3299 3640 est.
3338 3586 3408 3639 ad
3453 3586 3786 3653 Ecclesiam,

2206 3688 2325 3741 qum
2347 3682 2431 3726 est
2459 3674 2592 3728 visio
2619 3675 2786 3745 pacis.
2821 3674 2959 3729 Muri
2988 3675 3241 3729 dicuntur
3270 3691 3301 3729 a
3336 3678 3658 3734 muniendo.
3690 3680 3791 3735 Du-

2206 3765 2418 3833 pliciter
2443 3781 2728 3834 poasumus
2760 3766 2851 3821 hic
2881 3767 3129 3835 accipere
3167 3783 3384 3834 muros,
3417 3777 3476 3823 ct
3508 3770 3789 3840 dupliciter

2206 3856 2475 3911 custodes.
2510 3856 2644 3912 Muri
2677 3857 2930 3913 Ecclesia!
2955 3857 3174 3913 fuerunt
3201 3860 3430 3929 apostoli
3455 3870 3516 3914 et
3535 3864 3790 3930 praedica-

2205 3954 2369 4009 tores,
2386 3946 2475 4014 qui
2501 3946 2744 4001 doctrina
2764 3958 2817 4002 et
2838 3946 3112 4001 miraculis
3132 3948 3444 4002 munierunt
3464 3950 3783 4007 Ecclesiam.

2203 4034 2467 4090 Custodes
2497 4051 2625 4090 vero
2653 4036 2846 4091 horum
2871 4046 2996 4092 sunt
3022 4036 3196 4106 angeli
3220 4038 3312 4106 qui
3335 4038 3659 4094 custodiunt
3681 4058 3787 4094 mu-

2204 4141 2295 4181 ros
2321 4127 2596 4192 Ecclesiae,
2619 4144 2687 4183 ne
2708 4130 3051 4184 adversarius
3083 4138 3273 4184 noster
3297 4132 3548 4187 diabolus
3576 4154 3597 4186 ι
3639 4136 3786 4203 quasi

2203 4216 2287 4270 leo
2305 4217 2524 4287 rugiens
2546 4237 2563 4267 ›
2586 4218 2751 4288 possit
2767 4218 2997 4287 aliquem
3025 4232 3215 4286 rapere
3232 4233 3297 4273 ex
3325 4220 3617 4275 arietibus.
3642 4220 3785 4276 Unde

2202 4307 2489 4377 Apostolus
2513 4324 2526 4361 :
2551 4326 2569 4359 ι
2592 4307 2793 4363 Omnes
2815 4307 3031 4379 (inquit)
3055 4309 3507 4365 administratorii
3531 4321 3662 4366 sunt
3688 4314 3774 4381 spi-

2203 4400 2362 4463 ritus,
2393 4398 2541 4453 missi
2565 4407 2785 4469 propter
2805 4414 2917 4462 cos,
2945 4399 3036 4468 qui
3066 4398 3435 4454 lnereditatem
3463 4403 3691 4470 capiunt
3711 4419 3780 4456 sa-

2203 4488 2330 4544 lutis
2357 4489 2543 4559 (Hebr.
2579 4491 2640 4560 ι).
2668 4510 2688 4542 ι
2727 4490 2819 4545 Vel
2845 4491 3003 4545 aliter
3027 4508 3038 4543 :
3065 4489 3250 4558 Murus
3280 4491 3542 4546 Ecclesia:
3581 4493 3773 4545 fuerunt

2202 4578 2357 4634 Titus
2384 4590 2439 4634 et
2464 4580 2800 4645 Timotheus,
2836 4589 2890 4633 et
2919 4579 3133 4634 Marcus
3160 4579 3358 4648 aliique
3389 4580 3648 4649 discipuli
3673 4597 3778 4651 apo-

2200 4673 2462 4728 stolorum
2500 4688 2773 4741 :quorum
2817 4672 3069 4726 custodes
3107 4679 3265 4726 erant
3316 4670 3550 4736 Petrus,
3592 4673 3781 4726 Paulus

2201 4763 2487 4831 exterique
2512 4761 2760 4832 apostoli.
2798 4762 2936 4816 Dicit
2974 4778 3102 4832 ergo
3138 4777 3317 4816 sermo
3346 4763 3568 4818 divinus
3601 4764 3783 4818 Eccle-

2201 4852 2294 4907 sia:
2321 4870 2332 4904 :
2368 4850 2545 4920 Super
2573 4866 2754 4906 muros
2786 4860 2905 4905 tuos
2935 4851 3269 4906 Hierusalem
3296 4853 3561 4906 constitui
3604 4865 3781 4907 custo-

2202 4941 2316 5003 des,
2345 4940 2565 5011 angelos
2594 4940 2677 4994 vel
2706 4942 2957 5009 praelatos
2986 4941 3363 5004 Ecclesiarum,
3398 4944 3684 5011 apostolos
3716 4946 3784 4997 vi—

2201 5029 2397 5084 delicet
2424 5045 2720 5098 eorumque
2752 5024 3031 5100 sequaces.
3085 5030 3217 5083 Tota
3266 5030 3354 5084 die
3384 5041 3439 5085 et
3470 5040 3585 5085 tota
3630 5044 3782 5087 nocte

2202 5136 2306 5174 non
2332 5120 2607 5182 tacebunt,
2635 5120 2685 5173 id
2709 5128 2815 5184 est,
2846 5135 3019 5189 neque
3038 5120 3089 5173 in
3115 5120 3387 5188 proSperis
3410 5135 3591 5191 neque
3612 5121 3671 5175 in
3697 5123 3780 5175 ad-

2203 5210 2369 5264 versis
2392 5210 2648 5264 tacebunt
2672 5224 2702 5263 a
2729 5208 3002 5278 precibus,
3031 5220 3321 5264 cxorantes
3345 5208 3698 5265 clementiam
3728 5222 3779 5265 et

2203 5301 2626 5356 misericordiam
2657 5316 2834 5356 meam
2860 5316 2960 5371 pro
2994 5302 3184 5366 muris,
3214 5311 3270 5354 ut
3298 5316 3544 5356 meorum
3574 5303 3778 5356 auxilio

2200 5393 2483 5448 vallentur.
2508 5411 2525 5443 ι
2556 5393 2657 5459 Qui
2689 5393 3091 5448 reminiscitnini
3120 5392 3352 5458 Domini,
3379 5408 3450 5449 ne
3481 5394 3730 5458 taceatis,
3752 5413 3769 5444 ι

2198 5489 2454 5543 subaudis
2474 5504 2503 5542 a
2526 5488 2794 5557 precibus,
2820 5486 3105 5557 iungentes
3131 5495 3250 5540 vota
3274 5487 3433 5541 votis.

2275 5595 2293 5627 ι
2330 5576 2397 5631 Et
2421 5591 2490 5630 ne
2515 5576 2654 5632 detis
2677 5576 2948 5631 silentium
2972 5576 3044 5638 ei,
3080 5595 3097 5626 ι
3129 5575 3385 5629 subaudis
3411 5574 3659 5638 Domino,
3678 5576 3772 5630 sed

2198 5683 2412 5737 semper
2461 5677 2757 5739 opportune
2804 5668 3111 5736 importune
3152 5665 3296 5719 illius
3340 5665 3769 5721 misericordiam

2199 5761 2464 5833 postulate
2491 5781 2509 5812 ι
2533 5762 2701 5817 donec
2728 5760 2988 5823 stabiliat,
3013 5780 3029 5809 ι
3065 5759 3114 5814 id
3137 5766 3219 5814 est
3255 5757 3405 5813 ﬁrme
3439 5766 3585 5813 stare
3608 5757 3767 5813 faciat
