4016 6522
241 422 377 482 1049

1309 428 1659 487 ΕΟΜΜΕΝΤ.
1701 428 1765 483 lN
1804 427 2054 484 ISAIAM.
2093 460 2163 470 —
2202 428 2328 485 LIB.
2366 429 2451 486 ΙΙΙ.

3345 430 3483 485 1050

245 558 264 590 ι
298 541 664 606 Hierusalem,
701 563 718 595 ›
753 544 804 598 id
842 556 926 600 est
962 545 1256 601 Ecclesiam
1287 561 1469 623 suam,
1516 554 1571 599 et
1596 565 1613 597 ‹
1647 553 1811 615 ponat
1840 545 1885 604 Α
1915 544 2133 598 medunt
2154 552 2207 599 et
2230 544 2493 600 bibuutiu
2519 543 2777 608 Ecclesia,
2802 542 3079 599 laudantes
3096 541 3402 599 Creatorem
3428 553 3484 599 et

239 634 291 686 ei
320 632 530 686 laudem
568 633 621 687 in
666 644 834 698 terra,
868 656 888 687 ι
919 637 1002 689 vel
1041 645 1101 690 ut
1130 636 1243 705 ipsa
1275 636 1455 691 laudet
1494 634 1805 690 Creatorem

240 737 395 777 suum
420 738 516 792 per
540 740 753 779 omnem
780 728 1035 781 mundum
1068 727 1312 791 dilatata,
1342 726 1427 781 vel
1456 735 1514 780 ut
1541 726 1608 780 ab
1637 724 1810 779 omni-

238 815 339 867 bus
364 816 612 884 gentibus
642 817 754 885 ipsa
784 818 1050 873 laudetur.
1082 818 1345 873 Custodes
1374 832 1649 872 murorum
1673 815 1804 869 allo-

237 907 423 973 quitur
448 923 629 962 sermo
657 909 893 975 divinus,
915 918 977 964 ut
1002 909 1100 979 ipsi
1128 910 1217 979 qui
1242 909 1450 964 Domini
1479 908 1807 962 voluntatem

237 997 419 1052 Sciunt
441 1008 497 1053 et
520 1015 705 1055 muros
734 1001 1008 1056 custodire
1034 1002 1251 1066 debent,
1275 1016 1382 1055 non
1406 1006 1617 1053 taceant
1639 1014 1668 1051 a
1688 1012 1805 1066 pre-

234 1092 390 1145 cibus
415 1100 470 1145 et
489 1091 756 1159 laudibus,
783 1107 958 1162 neque
984 1093 1037 1147 in
1063 1092 1336 1163 prosperis
1358 1105 1531 1160 neque
1551 1091 1604 1144 in
1626 1088 1810 1144 adver-

234 1181 331 1238 sis.
360 1180 618 1251 Sequitur
649 1200 662 1235 ε

312 1288 332 1324 ι
364 1271 575 1328 Juravit
602 1275 861 1329 Dominus
900 1275 950 1329 iu
976 1267 1200 1329 'dextera
1228 1289 1324 1327 sua
1345 1311 1361 1336 ,
1404 1282 1460 1328 et
1502 1273 1557 1328 in
1588 1272 1809 1329 brachio

233 1359 568 1418 fortitudinis
601 1378 730 1418 sum.
771 1384 789 1414 ι
825 1363 1014 1419 Omnis
1053 1379 1232 1419 sermo
1276 1365 1659 1433 omnipotentis
1710 1364 1805 1419 Dei

231 1469 332 1525 pro
356 1455 667 1525 jnramento
692 1455 859 1523 accipi
896 1456 1086 1519 debet,
1128 1455 1255 1525 quia
1296 1470 1507 1524 semper
1537 1470 1697 1510 verus
1723 1463 1807 1510 est

231 1552 286 1597 et
312 1559 588 1613 nunquam
617 1542 771 1601 falli.
801 1542 1028 1600 Dextera
1056 1554 1236 1599 autem
1268 1556 1322 1598 et
1347 1545 1626 1600 brachium
1651 1545 1804 1601 forti-

230 1632 434 1687 tudinis
458 1633 600 1689 illius
625 1633 793 1690 Filius
809 1643 915 1699 est,
942 1649 1038 1705 per
1052 1650 1212 1704 quem
1234 1636 1415 1690 omnia
1440 1634 1590 1701 fecit,
1608 1650 1803 1690 secun-

229 1723 358 1777 dum
396 1724 560 1778 illud:
588 1722 778 1779 Omnia
810 1739 908 1793 per
936 1725 1109 1794 ipsum
1137 1725 1277 1780 facta
1302 1732 1446 1780 sunt.
1478 1741 1497 1775 α
1525 1724 1583 1779 Si
1607 1724 1805 1780 dedero

229 1815 469 1870 triticum
502 1824 652 1868 tuum
684 1814 823 1869 ultra
851 1815 1030 1871 cibum
1055 1815 1288 1871 inimicis
1317 1816 1455 1879 tuis,
1494 1823 1551 1869 et
1574 1815 1618 1870 si
1648 1815 1803 1869 bibe-

1910 633 2320 704 Bedemptorem
2349 634 2640 690 suum.Vel
2667 634 2830 689 etiam
2857 634 2930 688 illi
2959 635 3051 704 qui
3079 635 3236 690 modo
3264 634 3315 687 in
3342 650 3480 704 pra:-

1909 725 2046 779 senti
2098 735 2423 796 congregant
2468 726 2731 789 virtutes,
2778 733 2833 779 et
2884 732 3258 794 comportant,
3317 723 3369 778 id
3399 732 3485 779 est

1909 817 2233 882 coadunant,
2270 818 2394 871 dum
2424 816 2736 871 transierint
2782 832 2811 870 a
2839 816 3090 886 praesenti
3123 815 3360 870 Ecclesia
3390 830 3481 869 co-

1908 907 2125 962 medent
2169 916 2224 962 et
2260 908 2469 972 bibent,
2498 906 2552 961 id
2580 913 2663 961 est
2689 907 3037 961 exsultabunt
3078 916 3133 959 et
3175 905 3483 975 gaudebunt

1909 994 1961 1049 in
1985 996 2137 1051 atriis
2160 994 2392 1062 Domini,
2426 998 2539 1051 sive
2567 998 2619 1051 in
2653 997 3023 1051 mansionibus
3050 994 3376 1050 coelestibus.
3405 995 3484 1050 De

1907 1088 2100 1155 quibus
2126 1089 2383 1144 Dominus
2406 1089 2566 1144 dicit:
2590 1107 2609 1140 ι
2631 1087 2690 1142 1η
2721 1088 2881 1143 domo
2908 1088 3085 1143 Patris
3111 1086 3216 1142 mei
3241 1087 3480 1142 mansio-

1907 1195 2004 1235 nes
2031 1181 2211 1235 multa:
2239 1190 2381 1236 sunt.
2422 1200 2441 1233 ι

1984 1288 2002 1320 ς
2037 1269 2289 1325 Transite
2309 1311 2324 1335 ,
2374 1273 2597 1325 transite
2627 1286 2723 1341 per
2749 1280 2969 1342 portas,
2997 1276 3294 1341 praeparate
3336 1268 3479 1324 viam

1906 1361 2154 1426 Domino,
2181 1362 2378 1431 populo
2417 1363 2634 1431 planum
2676 1363 2838 1419 facite
2865 1364 2989 1424 iter,
3020 1364 3202 1433 eligite
3242 1362 3478 1431 lapides,

1905 1461 1960 1508 et
1983 1452 2188 1507 elevate
2215 1453 2426 1523 signum
2461 1453 2526 1507 ad
2565 1454 2841 1524 populum.
2874 1473 2892 1504 ι
2929 1453 3253 1508 Custodibus
3295 1468 3478 1505 muro-

1905 1560 2024 1598 rum
2070 1545 2276 1615 angelis
2313 1545 2399 1599 vel
2436 1545 2674 1615 praelatis
2705 1545 2979 1610 Ecclesiae,
3009 1546 3203 1615 quibus
3231 1544 3482 1614 superius

1903 1632 2116 1688 dixerat
2152 1649 2221 1688 ne
2258 1643 2501 1689 tacerent
2531 1651 2560 1689 a
2587 1636 2837 1706 precibus
2868 1643 2923 1690 et
2946 1635 3210 1699 laudibus,
3241 1635 3482 1704 praecipit

1903 1722 2098 1777 iterum
2134 1731 2192 1777 ut
2218 1731 2497 1778 transeant
2525 1738 2622 1792 per
2643 1732 2847 1793 portas,
2877 1724 2931 1778 id
2971 1732 3055 1778 est
3096 1738 3194 1793 per
3235 1723 3479 1777 diversos

1905 1813 2184 1868 ministros
2205 1813 2459 1869 Ecclesiae
2488 1814 2855 1885 presbyteros,
2886 1814 3166 1877 diacones,
3198 1813 3482 1868 subdiaco-

228 1907 340 1959 rint
364 1906 455 1958 ﬁlii
481 1907 639 1960 alieni
663 1908 846 1962 vinum
872 1915 1044 1973 tuum,
1071 1908 1124 1962 in
1146 1924 1252 1979 quo
1274 1908 1549 1965 laborasti.
1572 1929 1592 1961 ι
1624 1909 1806 1965 Eccle-
1830 1887 1879 1948 Β
1906 1919 2032 1970 nes,
2062 1920 2293 1973 quorum
2331 1906 2632 1961 ministerio
2673 1906 3087 1960 introducuntur
3112 1905 3393 1959 credentes
3423 1905 3477 1959 in

229 1997 363 2049 siam
412 1996 719 2065 alloquitur.
754 1996 907 2069 Saepe
944 1999 1085 2055 Deus
1120 2000 1495 2070 omnipotens,
1540 2008 1804 2070 quantum

228 2086 294 2139 ad
323 2086 559 2140 litteram
590 2088 843 2156 pertinet,
868 2088 1048 2157 fruges
1076 2089 1381 2145 Iudaeorum
1404 2091 1552 2146 dedit
1572 2091 1804 2147 inimicis

226 2189 451 2240 eorum,
483 2175 535 2229 id
563 2185 648 2231 est
684 2177 923 2232 triticum
955 2187 1011 2233 et
1036 2180 1256 2233 vinum:
1295 2179 1433 2235 sicut
1476 2179 1703 2251 legimus
1748 2181 1801 2235 in

223 2265 366 2321 libro
392 2266 639 2323 Iudicum
672 2269 824 2339 (cap.
858 2274 978 2343 vn),
1006 2273 1150 2343 quod
1184 2292 1202 2325 ι
1230 2274 1532 2329 Madianitre
1562 2283 1803 2344 tempore

224 2360 420 2416 messis
440 2362 717 2418 venientes
744 2362 952 2420 fructus
988 2380 1174 2421 eorum
1217 2367 1577 2437 collegerunt,
1607 2376 1662 2422 et
1692 2376 1802 2423 tam

223 2450 279 2504 in
305 2466 431 2507 suos
457 2469 618 2523 quam
652 2456 705 2509 in
745 2457 1086 2514 inimicorum
1125 2476 1344 2515 suorum
1374 2477 1502 2516 usus
1528 2463 1799 2532 expende-

225 2550 370 2596 runt.
398 2563 415 2595 ι
444 2543 536 2599 Sic
560 2546 746 2613 etiam,
770 2551 988 2617 quando
1009 2551 1154 2606 ducti
1175 2560 1302 2606 sunt
1328 2552 1382 2606 in
1409 2553 1800 2619 captivitatem,

222 2634 440 2702 quando
467 2635 711 2692 collocati
738 2647 863 2694 sunt
892 2640 964 2695 ibi
993 2640 1318 2697 Samaritani
1347 2642 1685 2714 alienigenae,
1709 2647 1800 2715 qui

222 2737 411 2776 eorum
453 2725 801 2782 comederunt
842 2728 1044 2801 fruges.
1091 2731 1199 2786 Sed
1244 2733 1348 2788 isto
1391 2733 1443 2787 in
1475 2733 1592 2788 loco
1620 2734 1798 2790 cibum

221 2812 482 2870 Ecclesiae
502 2816 789 2886 dupliciter
808 2836 1093 2891 possumus
1117 2823 1430 2894 intelligere,
1450 2825 1499 2878 id
1523 2834 1606 2879 est
1635 2826 1801 2881 virtu-

221 2908 304 2960 tes
345 2914 399 2961 et
435 2908 572 2962 bona
600 2924 784 2980 opera,
813 2913 895 2968 vel
933 2914 1098 2970 etiam
1143 2932 1338 2986 corpus
1382 2926 1436 2972 et
1483 2920 1797 2990 sanguinem

221 2996 367 3052 illius
386 2999 527 3068 quod
551 3003 791 3070 quotidie
817 3005 868 3058 in
892 3014 1076 3061 saneta
1104 3007 1341 3062 Ecclesia
1365 3010 1595 3063 sumitur
1615 3026 1645 3064 a
1673 3010 1799 3065 ﬁde-

220 3085 381 3151 libus,
409 3089 604 3157 quibus
628 3093 868 3159 pascilur
888 3095 1086 3149 anima.
1111 3078 1640 3168 Quodam'siquidem
1670 3111 1798 3156 tem-

218 3191 351 3246 pore
385 3189 509 3235 ante
536 3182 823 3237 adventum
868 3185 988 3239 Filii
1021 3186 1113 3241 Dei
1153 3187 1333 3257 fruges
1368 3187 1674 3245 Juda:orum
1696 3231 1711 3254 ,
1741 3191 1793 3246 id

218 3278 323 3337 est,
350 3271 536 3327 laudes
560 3283 614 3328 et
639 3290 801 3342 opera
833 3293 950 3343 quae
978 3278 1133 3333 idolis
1159 3279 1563 3347 impendebant,
1591 3282 1794 3336 daemo-

218 3375 317 3417 nes
340 3364 729 3418 comedebant:
762 3366 854 3420 sed
878 3375 1000 3435 post
1023 3366 1233 3422 Domini
1259 3369 1545 3423 adventum
1569 3370 1797 3427 virtutes

217 3462 275 3506 et
301 3452 489 3508 laudes
519 3453 773 3509 Ecclesiae
814 3470 919 3509 non
965 3457 1313 3512 comederunt
1356 3458 1663 3524 daemones,
1701 3461 1796 3515 sed

217 3541 478 3597 Dominus
505 3542 772 3611 epulatus,
810 3543 862 3597 id
887 3553 970 3599 est
997 3544 1206 3600 laetatus
1231 3553 1287 3599 et
1309 3545 1605 3602 delectatus
1633 3558 1716 3602 est
1739 3547 1792 3601 in

217 3632 316 3686 eis.
341 3631 506 3687 Cibus
531 3633 693 3687 etiam
719 3632 1026 3689 Iudaeorum
1068 3643 1187 3690 erat
1219 3637 1457 3691 triticum
1493 3646 1548 3691 et
1584 3639 1791 3703 vinum,

151 3731 160 3739 '
217 3723 363 3791 quod
391 3723 714 3793 signiﬁcavit
738 3740 932 3794 corpus
956 3735 1013 3780 et
1038 3727 1354 3797 sanguinem
1394 3729 1628 3794 Domini,
1656 3730 1795 3784 sicut

217 3815 333 3883 ipse
356 3812 493 3868 dixit
521 3831 534 3867 :
573 3833 591 3865 ί
626 3812 766 3870 Caro
795 3816 939 3870 enim
978 3831 1094 3871 mea
1120 3814 1247 3871 vere
1273 3824 1357 3871 est
1384 3818 1557 3883 cibus,
1589 3826 1644 3873 et
1670 3833 1794 3874 san-

218 3904 513 3976 guis'meus
540 3922 664 3962 vere
690 3917 773 3963 est
799 3918 954 3977 potus
984 3910 1164 3981 (Joan.
1191 3911 1304 3982 vt):
1341 3931 1360 3964 ι
1403 3912 1529 3982 quia
1561 3929 1666 3968 non
1698 3930 1791 3970 su-

216 4005 442 4051 muntur
466 3995 534 4050 ab
565 3997 832 4053 ltzereticis
857 4009 914 4053 et
941 4001 1166 4070 paganis
1202 4002 1436 4056 inimicis
1459 4012 1658 4059 sanetae
1686 4004 1791 4059 Ee-

217 4087 415 4142 clesiae.
463 4085 520 4141 Si
567 4088 764 4143 dedero
783 4129 798 4155 ,
830 4090 882 4144 id
909 4098 1014 4156 est,
1044 4107 1148 4145 non
1177 4091 1375 4149 dedero
1406 4093 1491 4149 vel
1520 4110 1626 4149 non
1654 4080 1792 4153 dabo

215 4176 471 4246 deinceps
498 4177 736 4231 triticum
763 4179 845 4233 vel
872 4180 1056 4234 vinum
1087 4189 1257 4248 tuum,
1298 4183 1351 4237 in
1378 4199 1486 4254 quo
1510 4184 1787 4253 laborasti,

216 4268 271 4321 in
301 4266 481 4322 cibum
512 4268 747 4324 inimicis
771 4270 899 4335 tuis,
944 4270 996 4325 id
1040 4279 1153 4338 est,
1186 4273 1371 4329 laudes
1399 4283 1454 4330 et
1494 4273 1673 4347 opera'
1702 4288 1791 4335 tua

216 4376 331 4413 non
348 4360 487 4415 dabo
527 4361 892 4428 dmmonibus,
938 4364 1034 4419 sed
1063 4378 1163 4432 ego
1206 4367 1495 4436 suscipiam
1536 4384 1650 4425 eas.
1691 4370 1790 4426 Vel

215 4464 410 4518 corpus
434 4457 488 4503 et
516 4451 829 4521 sanguinem
857 4468 1057 4517 meum,
1090 4454 1142 4507 in
1179 4470 1287 4525 quo
1325 4463 1383 4509 tu
1417 4454 1634 4513 laboras
1655 4473 1786 4514 con-

214 4540 505 4603 secrando,
546 4556 652 4595 non
695 4541 832 4595 dabo
881 4543 1145 4598 haereticis
1191 4554 1247 4599 et
1284 4547 1511 4616 paganis
1555 4548 1787 4607 inimicis

214 4631 355 4705 tuis,
386 4632 478 4700 qui
514 4631 675 4686 alieni
705 4641 832 4686 sunt
868 4648 899 4687 a
939 4648 1025 4688 me
1058 4643 1113 4688 et
1136 4650 1167 4688 a
1196 4635 1300 4692 ﬁde
1341 4646 1449 4693 tua.
1488 4638 1666 4705 Quare
1688 4657 1784 4695 au-

213 4733 322 4777 tem
351 4738 457 4776 non
477 4721 568 4778 de:
595 4722 825 4778 inimicis
849 4723 1027 4780 cibum
1052 4724 1305 4794 ﬁdelium,
1330 4729 1639 4786 manifestat
1659 4748 1782 4788 cum

211 4815 341 4870 dicit
364 4833 375 4868 :

287 4925 306 4957 ι
345 4906 480 4972 Quia
521 4907 612 4975 qui
644 4918 972 4979 congregant
1004 4909 1155 4977 illud,
1180 4932 1198 4964 ι
1234 4913 1494 4971 subaudis
1516 4916 1776 4984 triticum,

216 5015 234 5046 ι
268 4996 551 5051 comedent
579 4997 731 5063 illud,
758 5007 812 5052 et
837 4998 1127 5059 laudabunt
1153 5002 1437 5059 Dominum
1462 5005 1775 5063 Creatorem

210 5105 365 5143 suum
395 5105 409 5143 :
442 5098 496 5143 et
524 5089 612 5159 qui
642 5099 981 5159 comportant
1010 5092 1168 5157 illud,
1208 5114 1228 5148 ι
1272 5096 1527 5153 subaudis
1563 5099 1742 5154 vinum
1762 5142 1777 5165 ,

213 5196 233 5228 ι
271 5178 453 5231 bibent
498 5179 551 5231 in
606 5179 760 5235 atriis
802 5182 1008 5237 sanctis
1048 5183 1212 5250 meis,
1250 5204 1267 5236 ι
1302 5185 1404 5240 boe
1448 5190 1687 5257 quotidie
1725 5192 1776 5245 in

207 5275 392 5321 sancta
429 5267 667 5322 Ecclesia
698 5284 766 5323 ex
793 5279 948 5341 parte
992 5274 1307 5349 completur,
1335 5286 1391 5331 et
1429 5292 1495 5331 ex
1532 5289 1682 5349 parte
1722 5282 1776 5336 in

205 5368 409 5413 aeterna
434 5359 785 5448 beatitudine.
810 5362 911 5428 Qui
941 5372 1069 5419 sunt
1092 5343 1202 5431 isti,
1231 5368 1322 5436 qui
1351 5343 1683 5441 congregant
1722 5382 1777 5429 et

205 5449 298 5519 qui
328 5458 669 5518 comportant
694 5449 930 5506 triticum
950 5493 964 5519 ,
993 5463 1047 5509 ct
1071 5456 1162 5524 qui
1188 5456 1373 5512 bibent
1399 5459 1452 5512 in
1480 5461 1634 5515 atriis
1670 5461 1775 5517 Do-

206 5541 361 5607 mini,
386 5541 438 5595 id
460 5548 543 5594 est
562 5542 615 5595 in
635 5541 946 5599 diversoriis
966 5545 1251 5602 Ecclesiae?
1271 5544 1517 5621 Episcopi
1526 5593 1540 5617 ,
1559 5555 1775 5627 presby-

206 5632 326 5694 teri,
360 5634 631 5699 diaeones,
661 5635 1037 5703 subdiacones,
1066 5653 1360 5710 omnesque
1384 5643 1613 5699 ministri
1644 5646 1772 5702 alta-

207 5721 306 5787 ris,
343 5721 432 5790 qui
460 5734 790 5794 congregant
811 5735 864 5781 et
886 5736 1124 5796 portant,
1158 5729 1209 5783 id
1238 5738 1321 5785 est
1349 5733 1438 5801 qui
1472 5747 1774 5805 praeparant

203 5817 261 5865 et
293 5824 612 5870 consecrant
637 5832 832 5886 corpus
878 5829 931 5876 et
975 5820 1289 5891 sanguinem
1333 5822 1566 5891 Domini,
1595 5835 1648 5881 ct
1676 5843 1768 5884 co-

1812 4592 1864 4652 D

1903 1996 2202 2051 Ecclesiam
2231 1996 2353 2051 :vel
2380 2005 2440 2051 ut
2466 2005 2743 2052 transeant
2762 2012 2862 2066 per
2880 1997 3124 2062 virtutes,
3155 1995 3478 2050 ambulando

1904 2086 1970 2139 de
2017 2086 2217 2141 virtute
2266 2087 2321 2140 in
2368 2087 2642 2142 virtutem.
2702 2087 2824 2142 ldeo
2870 2095 3047 2141 autem
3095 2085 3480 2156 praecipiuntur

1904 2175 2136 2230 transire
2176 2190 2274 2245 per
2316 2174 2590 2230 ministros
2617 2175 2869 2229 Ecclesia:
2891 2216 2905 2240 ,
2934 2183 2994 2229 ut
3020 2189 3114 2229 eos
3148 2174 3475 2238 custodiant,

1903 2280 1972 2319 ne
2014 2264 2210 2332 aliquis
2250 2264 2460 2319 illorum
2500 2265 2553 2318 in
2584 2265 2962 2320 haereticorum
2992 2264 3310 2334 pravitatem
3349 2278 3475 2317 cor-

1904 2363 2046 2419 ruat,
2076 2364 2131 2409 et
2158 2363 2218 2408 ut
2241 2355 2293 2408 in
2326 2354 2486 2409 ﬁdem
2516 2353 2746 2424 amplius
2772 2356 2937 2410 etiam
2965 2361 3290 2409 accrescant.
3322 2353 3473 2408 Prae-

1903 2444 2101 2514 eipitur
2147 2444 2311 2499 etiam
2353 2444 2664 2499 custodibus
2711 2460 3021 2511 murorum,
3068 2453 3127 2499 ut
3171 2453 3476 2514 praeparent

1901 2534 2044 2587 viam
2074 2534 2268 2604 populo
2293 2534 2490 2589 volenti
2518 2534 2721 2589 intrare
2749 2535 2801 2588 in
2825 2535 3140 2590 Eeelesiam.
3157 2535 3259 2589 hoc
3285 2543 3386 2599 est,
3416 2542 3475 2588 ut

1902 2624 2147 2679 doctrina
2173 2633 2228 2679 et
2255 2623 2499 2694 exemplo
2525 2624 2604 2678 eis
2636 2624 2777 2679 viam
2805 2625 3139 2679 rectitudinis
3163 2623 3470 2688 ostendant,

1901 2719 2231 2789 planumque
2269 2719 2471 2772 faciant
2494 2718 2615 2782 iter,
2647 2719 2697 2772 id
2720 2727 2801 2773 est
2824 2718 3067 2774 auferant
3097 2718 3276 2773 omnia
3299 2717 3471 2773 offen-

1901 2809 2077 2865 dicula
2113 2809 2434 2865 dimittendo
2456 2820 2676 2879 peccata
2705 2825 2799 2879 per
2823 2810 3164 2879 baptismum.
3194 2810 3261 2863 Et
3287 2818 3346 2863 ut
3370 2810 3471 2864 eli-

1902 2911 2030 2971 gant
2052 2901 2273 2972 lapides,
2293 2903 2405 2956 sive
2425 2902 2729 2972 projiciant,
2749 2909 2805 2955 ut
2830 2901 3175 2972 Septuaginta
3200 2902 3471 2965 dixerunt,

1897 2989 2003 3045 hoc
2036 2998 2118 3044 est
2154 3006 2183 3043 a
2206 2991 2460 3045 cordibus
2490 2990 2763 3044 hominum
2795 2990 3046 3045 duritiam
3075 2989 3321 3044 auferant
3348 2988 3470 3042 infl-

1899 3080 2136 3134 delitatis
2168 3098 2180 3133 :
2216 3080 2298 3134 vel
2340 3087 2591 3148 separent
2631 3095 2661 3132 a
2701 3080 2973 3134 consortio
3008 3079 3341 3134 credentium
3388 3093 3474 3131 re-

1899 3170 2099 3239 probus
2126 3177 2179 3223 et
2202 3168 2533 3229 duricordes,
2560 3169 2650 3238 qui
2686 3170 2957 3223 noluerint
2984 3170 3223 3223 credere.
3255 3166 3473 3222 Necnon

1823 3247 1869 3309 C
1901 3262 2061 3315 etiam
2093 3261 2423 3330 pnecipitur,
2454 3271 2512 3315 ut
2539 3262 2749 3316 elevent
2780 3263 2991 3332 signum
3018 3263 3194 3316 crucis
3215 3262 3281 3316 ad
3307 3278 3474 3330 popu-

1898 3350 2005 3403 lum
2033 3351 2333 3414 nationum,
2368 3351 2420 3404 id
2463 3359 2631 3404 estut
2661 3353 2985 3405 annuntient
3011 3352 3059 3406 ei
3089 3352 3391 3419 passionem
3418 3359 3471 3405 et

1898 3440 2371 3496 resurrectionem.
2397 3438 2655 3510 Sequitur
2681 3456 2694 3493 :

1970 3573 1990 3605 σ
2021 3552 2160 3607 Ecce
2194 3550 2448 3607 Dominus
2474 3552 2713 3605 auditum
2739 3547 2867 3608 fecit
2891 3552 2942 3606 in
2965 3552 3220 3607 extremis
3246 3560 3421 3607 terrae.
3445 3570 3465 3604 ο

1896 3642 2166 3698 Subaudis
2191 3659 2289 3713 per
2321 3643 2595 3712 apostolos
2633 3644 2793 3698 ﬁdem
2834 3659 2943 3698 sua:
2976 3644 3241 3712 passionis
3265 3652 3321 3699 et
3349 3659 3469 3716 my-

1893 3735 2057 3790 steria
2103 3750 2213 3790 suae
2244 3734 2678 3789 resurrectionis.
2711 3753 2728 3786 σ
2764 3735 2934 3791 Dicite
2980 3734 3100 3790 ﬁlia:
3124 3736 3253 3791 Sion
3287 3754 3300 3789 :
3329 3736 3470 3791 Ecce

1893 3827 2141 3884 Salvator
2163 3839 2285 3883 tuus
2306 3829 2470 3894 venit,
2493 3843 2620 3883 ecce
2642 3842 2849 3883 merces
2866 3827 2982 3896 ejus
3008 3843 3129 3882 cum
3152 3842 3236 3891 eo,
3258 3835 3313 3879 et
3334 3841 3469 3894 opus

1891 3919 2007 3989 ejus
2037 3936 2217 3974 coram
2247 3920 2356 3973 illo.
2395 3939 2412 3971 ›
2444 3918 2767 3975 Custodibus
2819 3934 3096 3975 murorum
3140 3917 3344 3987 angelis
3384 3916 3467 3970 vel

1889 4009 2166 4080 prophetis
2197 4010 2311 4065 sive
2345 4009 2602 4079 apostolis
2648 4010 2976 4080 praecipitur,
3022 4017 3081 4063 ut
3124 4008 3468 4078 alloquantur

1890 4099 2057 4154 ﬁliam
2089 4098 2238 4163 Sion,
2268 4099 2371 4154 hoc
2394 4108 2477 4154 cst
2504 4099 2800 4155 Ecclesiam
2832 4099 3177 4168 primitivum,
3200 4112 3317 4166 quae
3347 4097 3467 4150 ideo

1893 4189 2003 4244 ﬁlia
2036 4190 2167 4245 Sion
2209 4189 2428 4255 dicitur,
2468 4190 2552 4242 vel
2591 4190 2717 4260 quia
2751 4189 2985 4259 primum
3028 4204 3091 4242 ex
3132 4187 3329 4242 Iudaeis
3358 4186 3466 4240 eol-

1890 4282 2028 4337 lecta
2056 4290 2157 4337 est.
2190 4283 2267 4337 De.
2292 4297 2397 4351 qua
2419 4281 2552 4336 dicit
2575 4283 2629 4336 in
2656 4282 2877 4338 Cantieo
2903 4282 3268 4336 canticorum:
3299 4300 3316 4331 ‹
3344 4279 3465 4333 Filii

1889 4371 2081 4426 matris
2105 4386 2237 4427 mea:
2264 4380 2635 4441 pugnaverunt
2674 4381 2861 4426 contra
2893 4386 2977 4425 me
3013 4370 3188 4441 (Cant.
3218 4371 3277 4441 ι).
3317 4390 3335 4423 ι
3367 4370 3468 4425 Vel

1887 4472 2175 4532 pr0pterea
2226 4460 2526 4531 appellatur
2570 4460 2698 4524 ﬁlia,
2746 4461 2871 4530 quia
2924 4476 2955 4514 a
3000 4460 3225 4514 Domino
3269 4476 3462 4515 nomen

1893 4551 2165 4605 ﬁliationis
2190 4551 2416 4621 accepit,
2440 4549 2594 4618 juxta
2635 4551 2777 4619 quod
2803 4548 3040 4605 Joannes
3062 4551 3224 4606 dicit:
3253 4571 3271 4601 ι
3299 4550 3462 4617 Quot-

1890 4649 2021 4712 quot
2057 4652 2376 4711 receperunt
2418 4656 2561 4705 eum,
2587 4641 2732 4696 dedit
2754 4642 2832 4696 eis
2853 4649 3169 4712 potestatem
3202 4640 3340 4695 ﬁlios
3366 4641 3461 4695 Dei

1886 4731 2005 4787 ﬁeri
2062 4730 2244 4803 (Joan.
2277 4729 2340 4801 ι).
2374 4750 2393 4783 ι
2429 4731 2620 4795 Dicite,
2652 4730 2845 4800 inquit,
2884 4731 3037 4796 Sion,
3078 4729 3132 4784 id
3157 4739 3241 4784 est
3277 4729 3464 4800 primi-

1885 4827 2007 4881 tivze
2031 4824 2307 4880 Ecclesiae.
2338 4824 2463 4878 Ηίῑο
2485 4838 2603 4893 qua:
2628 4822 2902 4888 dicuntur,
2933 4822 2999 4877 ad
3028 4821 3321 4876 secundum
3351 4819 3458 4874 Do-

1882 4919 2014 4973 mini
2036 4918 2321 4971 adventum
2343 4916 2663 4987 pertinentu
2687 4915 2828 4970 Ecce
2848 4914 3083 4970 salvator
3099 4922 3221 4968 tuus
3246 4912 3410 4975 venit,
3435 4931 3454 4963 ι

1881 5025 1979 5079 pro
2006 5024 2072 5064 eo
2101 5008 2242 5078 quod
2272 5016 2356 5063 est
2384 5008 2563 5062 veniet
2602 5008 2655 5061 in
2687 5007 2773 5062 die
2792 5006 2981 5076 judicii
3008 5022 3131 5061 eum
3161 5004 3367 5075 angelis
3404 5012 3462 5059 et

1883 5096 2239 5168 arcbangelis,
2272 5096 2629 5164 omnibusque
2666 5097 2954 5151 virtutibus
3001 5095 3280 5151 caelorum.
3318 5092 3460 5149 Ecce

1882 5202 2091 5242 merces
2113 5187 2229 5257 ejus
2250 5202 2369 5240 cum
2402 5202 2486 5251 eo,
2514 5195 2575 5240 ut
2607 5195 2913 5242 remuneret
2938 5186 3136 5241 electos
3161 5194 3216 5240 et
3240 5185 3456 5241 damnet

1882 5278 2158 5346 reprobos.
2191 5277 2255 5331 Et
2280 5292 2414 5346 opus
2435 5275 2551 5345 ejus
2586 5293 2768 5331 coram
2796 5276 2908 5343 illo,
2937 5277 2991 5332 id
3017 5284 3099 5332 est
3113 5283 3351 5348 potestas
3370 5273 3448 5343 ju~

1880 5368 2092 5423 dicundi
2125 5368 2177 5421 in
2206 5377 2493 5436 conspectu
2525 5366 2687 5422 illius.

1958 5486 1975 5517 ‹
2005 5465 2070 5520 Et
2122 5466 2390 5520 vocabunt
2432 5480 2556 5530 eos,
2589 5487 2607 5518 ι
2650 5466 2907 5522 subaudis
2943 5466 3037 5538 qui
3070 5466 3450 5532 crediderunt,

1888 5575 1906 5605 ι
1938 5556 2187 5627 populum
2219 5565 2490 5620 sanctum,
2521 5557 2856 5627 redemptum
2884 5558 3184 5613 a-Dumino.
3220 5576 3237 5608 ι
3264 5557 3449 5627 Angeli

1881 5655 1936 5703 et
1962 5645 2187 5717 apostoli
2218 5647 2416 5715 aliique
2438 5647 2685 5702 doctores
2706 5648 3102 5719 eongaudentes
3128 5649 3209 5703 eis
3236 5648 3326 5717 qui
3355 5662 3453 5717 per

1880 5753 2063 5793 eorum
2092 5736 2523 5808 praedicationem
2551 5738 2914 5804 crediderunt,
2944 5738 3211 5794 vorabunt
3235 5751 3328 5792 eos
3357 5752 3479 5806 po-l

1880 5829 2062 5899 pulum
2095 5837 2363 5896 sanctum,
2400 5826 2737 5899 redemptum
2766 5846 2794 5884 a
2819 5829 3063 5886 Domino.
3092 5829 3288 5884 Beatus
3321 5825 3418 5881 llic
