4016 6460
576 391 706 444 ιυδι

1051 392 1402 450 lIAVMONIS
1442 378 1919 449 HALBERSTAT.
1962 392 2176 448 EPISC.
2215 393 2365 449 OPP.
2405 393 2585 451 PARS
2623 395 2664 451 I.
2692 425 2762 438 —
2789 393 3148 454 COMMENT.
3189 396 3359 454 BIBL.

3712 398 3853 456 £052

577 519 835 575 ronymus
863 507 992 561 dicit
1027 507 1080 561 in
1110 508 1336 564 Hebraeo
1366 509 1554 564 haberi
1585 508 1836 579 populum
1870 523 2028 563 suum
2064 522 2154 562 re-
2182 517 2230 577 Α
2260 507 2313 562 in
2344 508 2462 565 loco
2490 509 2657 565 Edom
2700 527 2806 567 non
2847 525 2948 581 pro
2979 526 3210 581 persona
3234 509 3399 576 illius,
3430 512 3523 566 sed
3549 524 3653 582 pro
3677 515 3851 566 inter-

577 596 875 665 demptum,
891 597 1033 653 sicut
1056 614 1154 654 nos
1168 597 1279 667 jam
1304 600 1505 655 dictum
1526 600 1806 665 habemus,
1825 600 1917 655 scd
1940 599 2158 671 quidam

578 685 796 741 codices
826 686 1027 742 habent
1061 690 1289 759 populus
1325 698 1546 745 sanctus
1574 702 1629 745 et
1663 691 1925 761 redempti
1970 706 2000 745 a
2051 690 2161 745 Do-

578 778 748 845 mino,
788 779 945 851 juxta
986 783 1128 851 quod
1158 782 1248 838 hic
1276 783 1381 837 erit
1409 798 1600 838 sensus
1633 801 1646 836 :
1679 782 1922 853 Apostoli
1963 782 2160 852 aliique

578 871 830 929 doctores
859 873 1133 929 vocabunt
1164 889 1259 930 eos
1288 874 1383 945 qui
1423 876 1753 930 crediderint
1790 875 2033 929 dicentes
2060 893 2072 923 τ
2100 885 2157 929 ιιι

577 980 638 1020 es
668 966 898 1036 populus
927 977 1168 1033 sanctus,
1196 978 1254 1023 et
1278 983 1375 1024 vos
1403 970 1534 1023 estis
1555 968 1813 1037 redempti
1846 982 1876 1021 a
1908 967 2155 1023 Domino.

577 1054 685 1111 Sed
716 1056 973 1113 hebraica
1000 1061 1202 1116 veritas
1229 1061 1468 1131 apertior
1490 1071 1544 1116 et
1575 1060 1782 1115 facilior
1817 1061 1920 1116 isto
1956 1061 2009 1114 in
2039 1060 2157 1115 loco

574 1147 823 1204 habetur.
862 1170 881 1203 ι
913 1152 993 1206 Tu
1024 1162 1231 1217 autem,
1263 1174 1280 1204 ι
1310 1169 1345 1209 o
1366 1153 1626 1219 Ecclesia,
1661 1173 1678 1206 α
1712 1155 1990 1210 vocaberis
2012 1169 2157 1225 quae-

573 1239 677 1294 sita
698 1241 909 1310 civitas,
947 1262 966 1295 ι
1006 1245 1261 1301 subaudis
1287 1262 1318 1299 a
1348 1247 1476 1310 Deo,
1514 1264 1531 1297 ι
1576 1254 1629 1300 et
1670 1261 1772 1300 non
1815 1247 2089 1304 derelicta.
2131 1266 2149 1299 ›

573 1334 944 1406 Nequaquam,
973 1338 1172 1408 inquit,
1201 1339 1484 1395 vocaberis
1505 1339 1693 1394 civitas
1717 1340 1969 1394 derelicta
1992 1355 2022 1393 a
2047 1338 2156 1394 Deo

574 1425 716 1480 sicut
769 1427 1082 1497 quondam,
1138 1430 1235 1485 sed
1280 1430 1560 1485 vocaberis
1604 1430 1794 1484 civitas
1844 1431 2071 1499 quaesita
2125 1447 2154 1485 a

571 1514 810 1581 Christo,
850 1524 907 1572 et
952 1516 1069 1585 ejus
1117 1520 1378 1589 sanguine
1420 1520 1711 1588 redempta.
1760 1519 1837 1572 De
1880 1534 1982 1588 qua
2026 1519 2158 1575 dicit

573 1602 834 1661 Dominus
889 1605 944 1660 in
998 1605 1289 1678 Evangelia
1338 1625 1350 1659 :
1406 1626 1423 1658 ι
1489 1608 1646 1661 Venit
1700 1606 1867 1663 Filius
1922 1607 2156 1662 hominis

572 1709 817 1763 quaerere
851 1704 907 1751 et
947 1697 1157 1760 salvare
1203 1699 1345 1770 quod
1401 1700 1636 1770 perierat
1682 1697 1851 1771 (Luc.
1895 1699 1968 1771 t).
2014 1721 2031 1751 ι
2088 1700 2156 1755 Ει

573 1787 676 1841 ista
703 1796 787 1843 est
821 1790 939 1844 ovis
966 1790 1049 1846 vel
1076 1791 1291 1859 civitas,
1317 1807 1477 1862 quam
1503 1800 1688 1862 pastor
1710 1792 1884 1848 bonus
1910 1807 2154 1863 quaerere

573 1880 739 1933 venit.

1142 1951 1369 2009 CAPUT
1404 1952 1584 2007 LXIII.

645 2084 664 2116 ε
701 2065 831 2132 Quis
851 2077 935 2122 est
965 2068 1065 2123 iste
1094 2070 1186 2139 qui
1217 2069 1367 2125 venit
1386 2070 1452 2125 de
1484 2069 1672 2137 Edom,
1708 2070 1892 2127 tinctis
1914 2071 2154 2127 vestibus

569 2155 637 2209 de
672 2154 879 2211 Bosra?
912 2157 1016 2214 Iste
1049 2158 1320 2215 formosus
1360 2161 1414 2215 in
1456 2160 1592 2216 stola
1632 2177 1754 2227 sua,
1796 2162 2048 2232 gradiens
2098 2162 2152 2217 in

568 2245 912 2304 multitudine
959 2251 1177 2306 virtutis
1225 2266 1354 2307 sum.
1388 2272 1407 2305 ι
1451 2250 1726 2322 Angelicte
1768 2254 2014 2324 quaedam
2057 2268 2153 2323 po—

568 2344 792 2393 testates
834 2338 886 2393 in
930 2340 1069 2396 coelo
1113 2342 1442 2408 residentes,
1480 2343 1791 2414 ignorantes
1831 2344 2149 2414 mysterium

567 2423 861 2483 Dominicze
874 2430 1192 2494 nativitatis,
1211 2433 1500 2501 passionis,
1518 2433 1953 2499 resurrectionis,
1967 2447 2151 2489 ascen—

569 2516 844 2588 siouisque
873 2518 1023 2588 ejus,
1064 2538 1187 2576 cum
1225 2523 1486 2578 vidissent
1526 2524 1813 2579 Dominum
1855 2526 2149 2581 ascendere

568 2608 638 2661 ad
689 2625 916 2680 superos
962 2627 1084 2668 eum
1129 2612 1474 2670 multitudine
1502 2615 1818 2687 angelorum
1848 2625 1903 2671 et
1933 2626 2149 2671 sancto-

568 2713 687 2752 rum
726 2701 1027 2769 hominum,
1063 2713 1118 2757 et
1162 2720 1267 2760 non
1296 2720 1456 2775 egere
1486 2706 1687 2762 auxilio
1722 2705 1947 2774 alicujus
1987 2722 2150 2776 ange-

565 2788 777 2857 lorum,
830 2792 924 2847 sed
972 2794 1189 2864 propria
1243 2795 1443 2850 virtute
1488 2811 1651 2866 super
1698 2796 1879 2852 omnia
1932 2797 2145 2868 agmina

564 2880 824 2936 caelorum
856 2886 1251 2951 conscendere,
1299 2887 1544 2941 conversi
1593 2888 1647 2942 in
1698 2889 2144 2954 admirationem,

565 2972 836 3038 quomodo
868 2973 954 3029 ille
1000 2976 1092 3044 qui
1133 2974 1274 3030 Deus
1319 2976 1650 3031 adorabatur
1689 2978 1742 3031 in
1783 2980 1941 3044 ccelo,
1985 2979 2147 3034 homo

566 3062 742 3119 factus
780 3071 834 3119 et
866 3075 1111 3120 mortuus
1141 3068 1468 3136 resurgendo
1494 3083 1599 3121 non
1648 3068 1823 3122 solum
1867 3071 1969 3123 sibi
2010 3070 2143 3135 Deo,

565 3155 661 3209 sed
692 3154 855 3208 etiam
885 3157 1099 3211 cunctis
1122 3165 1249 3212 tunc
1271 3157 1709 3224 ascendentibus,
1734 3167 1787 3215 et
1814 3169 2000 3229 postea
2030 3176 2147 3215 ere—-

563 3244 815 3301 dentibus
842 3247 1038 3317 januas
1064 3247 1187 3303 coeli
1217 3247 1455 3303 etelestis
1486 3251 1714 3320 aperuit,
1747 3250 1998 3305 dixerunt
2027 3250 2145 3306 aliis

561 3337 768 3410 angelis
813 3337 1096 3394 Dominum
1149 3340 1535 3395 comitantibus
1568 3360 1581 3396 :
1617 3361 1635 3393 ‹
1664 3342 1796 3409 Quis
1825 3352 1908 3398 est
1930 3344 2031 3399 iste
2053 3346 2143 3414 qui

560 3428 711 3484 venit
729 3429 795 3484 de
813 3428 1006 3496 Edom,
1032 3431 1216 3487 tinctis
1240 3432 1480 3488 vestibus
1504 3433 1569 3487 de
1593 3433 1755 3488 Bosra
1775 3434 1798 3487 ἲ
1822 3455 1839 3487 ι
1872 3434 2002 3489 Tale
2018 3436 2145 3504 quid

559 3532 618 3581 et
644 3524 925 3581 Psalmista
949 3541 1013 3582 ex
1036 3541 1265 3597 persona
1293 3527 1603 3582 eorumdem
1633 3528 1944 3597 angelorum
1974 3529 2142 3585 dicit:

567 3633 585 3664 ι
614 3612 745 3681 Quis
769 3623 850 3670 est
874 3616 975 3672 iste
1000 3631 1092 3671 rex
1121 3617 1306 3687 gloriae
1335 3615 1509 3688 (Psal.
1542 3620 1739 3691 mu)?
1776 3639 1794 3671 ι
1830 3620 1938 3675 Sed
1965 3622 2147 3675 consi-

562 3707 835 3764 derandus
875 3717 961 3764 est
1004 3710 1106 3765 isto
1146 3710 1200 3765 in
1242 3711 1363 3766 loco
1389 3712 1572 3766 varius
1619 3727 1798 3767 sermo
1837 3714 2140 3769 doctorum.

562 3797 760 3855 Beatus
785 3801 1049 3870 siquidem
1071 3802 1403 3874 Augustinus
1437 3805 1491 3858 in
1522 3806 1859 3875 expositione
1890 3806 2010 3861 libri
2035 3806 2143 3862 Ge-

561 3905 754 3946 neseos
785 3892 934 3957 dicit,
974 3893 1118 3963 quod
1150 3909 1344 3950 omnes
1385 3895 1561 3966 angeli
1610 3896 1795 3951 statim
1835 3906 1894 3950 ut
1942 3897 2142 3953 conditi

559 3991 717 4049 sunt,
757 3994 1128 4055 cognoverunt
1167 3986 1221 4041 in
1268 3987 1723 4056 contemplatione
1750 3987 2025 4043 Creatoris
2057 3989 2142 4043 sui

558 4074 820 4144 quidquid
845 4076 957 4145 ipse
985 4075 1213 4132 Creator
1240 4075 1481 4131 facturus
1511 4085 1649 4132 erat.
1675 4077 1929 4133 Attamen
1954 4080 2142 4134 beatus

560 4164 920 4236 llieronymus
961 4175 1146 4237 aperte
1186 4168 1425 4222 declarat
1463 4169 1588 4238 quia
1625 4168 1843 4224 fuerunt
1886 4170 2142 4239 angelicze

560 4254 851 4325 dignitates
882 4271 1002 4325 quae
1029 4257 1201 4313 donec
1238 4257 1592 4327 perﬁceretur
1620 4261 1934 4331 mysterium
1965 4261 2141 4316 incar-

559 4345 796 4401 nationis
818 4354 872 4401 et
897 4348 1165 4417 passionis
1193 4349 1429 4415 Christi,
1472 4351 1539 4404 ad
1582 4349 1847 4420 liquidum
1896 4365 2000 4405 non
2045 4365 2139 4405 co-

557 4447 877 4508 gnoverunt,
902 4438 1042 4494 sicut
1066 4440 1314 4509 superius
1327 4440 1440 4512 jam
1466 4441 1720 4496 diximus.
1749 4441 1909 4497 Verbi
1932 4440 2135 4511 gratia:

557 4527 712 4584 Sicut
746 4538 802 4585 et
847 4545 945 4585 nos
983 4530 1049 4586 de
1095 4531 1181 4586 die
1220 4530 1411 4601 judicii
1453 4547 1522 4587 ex
1550 4539 1706 4602 parte
1735 4533 2135 4603 cognoscimus.

553 4633 677 4688 qua:
724 4618 797 4674 ibi
848 4632 1077 4693 agentur
1125 4636 1222 4692 per
1250 4614 1652 4679 ‘revelationem
1698 4631 2011 4679 sanctorum
2042 4638 2134 4692 pa-

558 4720 724 4777 trum,
751 4720 809 4766 et
832 4728 899 4767 ex
926 4724 1081 4783 parte
1104 4714 1431 4785 ignoramus.
1463 4715 1569 4771 Sed
1596 4724 1777 4770 utrum
1800 4715 2132 4786 incognitum

555 4802 664 4859 illis
709 4802 874 4858 fuerit
907 4821 974 4859 an
1002 4821 1129 4871 non,
1162 4807 1318 4861 nobis
1344 4822 1447 4861 non
1473 4816 1556 4862 est
1588 4807 1820 4876 amplius
1852 4807 2131 4877 inquiren-

551 4892 704 4960 dum,
737 4894 841 4949 nisi
866 4895 1008 4965 quod
1050 4894 1307 4952 Dominus
1350 4898 1463 4968 ipse
1495 4896 1841 4952 manifestare
1882 4897 2132 4966 dignatus

551 4995 654 5043 est.
686 4986 908 5043 Occulta
951 4988 1095 5043 enim
1123 4988 1240 5059 ejus
1260 4998 1385 5042 sunt
1407 4989 1626 5060 judicia.
1654 4988 1854 5046 Tamen
1899 4989 2001 5044 hoc
2039 4990 2130 5042 ﬁr-

555 5078 718 5134 miter
750 5089 1026 5146 tenemus,
1054 5079 1180 5150 quia
1208 5081 1469 5151 propheta
1501 5081 1817 5135 admirando
1864 5080 1967 5135 hoc
1999 5093 2127 5150 pro-

554 5169 678 5223 tulit
708 5185 773 5225 ex
795 5185 1024 5239 persona
1053 5171 1263 5226 illorum
1287 5171 1618 5241 angelorum,
1647 5172 1737 5241 qui
1761 5171 1899 5226 etelo
1930 5172 2127 5226 reside-

552 5258 702 5326 bant,
736 5259 1019 5331 inquiens:
1051 5282 1068 5312 ι
1101 5262 1234 5329 Quis
1258 5271 1341 5317 est
1376 5262 1478 5316 iste
1503 5264 1592 5333 qui
1621 5264 1768 5317 venit
1788 5264 1853 5318 de
1880 5262 2082 5317 Edom?
2103 5282 2121 5314 ι

551 5349 720 5425 Edam
742 5354 856 5422 ipse
879 5362 962 5408 est
989 5353 1152 5419 Esau,
1174 5355 1287 5424 ipse
1313 5363 1395 5408 est
1429 5353 1568 5408 Seir.
1595 5352 1826 5409 Vocatus
1844 5363 1926 5409 est
1947 5364 2126 5408 autem

550 5441 720 5500 Edom
749 5445 815 5499 ab
836 5445 1013 5501 edulio
1043 5444 1219 5510 lentis,
1252 5456 1471 5516 propter
1495 5445 1637 5514 quod
1666 5445 1905 5500 vendidit
1929 5447 2129 5517 primo-

549 5536 731 5609 genita
762 5553 876 5592 sua.
905 5536 973 5593 Et
1000 5538 1387 5609 interpretatur
1423 5538 1591 5593 Edom
1618 5547 1853 5593 terrenus
1889 5539 1970 5594 vel
2008 5556 2130 5593 san-

550 5628 769 5699 guineus
795 5627 906 5684 sive
926 5640 1169 5684 cruentus
1188 5671 1203 5695 ,
1227 5629 1495 5699 signiﬁcat
1517 5629 1660 5684 hunc
1681 5629 1966 5695 mundum;
1987 5629 2128 5684 Esau

516 5724 529 5733 ‘
551 5733 681 5773 vero
720 5720 1134 5790 interpretatur,
1163 5738 1412 5792 querceus
1455 5721 1538 5776 vel
1583 5721 1863 5785 roboreus;
1896 5720 2017 5778 Seir
2043 5723 2127 5776 Iti-

550 5808 764 5879 epidus,
800 5813 849 5866 id
881 5821 962 5869 est
992 5813 1209 5881 pilosus.
1252 5811 1314 5867 Et
1355 5814 1457 5868 hoc
1499 5812 1827 5880 notandum,
1870 5815 1992 5883 quia
2026 5814 2128 5868 isto

2259 602 2562 668 pretatione
2589 602 2824 657 nominis
2852 604 3085 675 positum
3125 612 3228 668 est,
3276 603 3415 659 sicut
3440 614 3495 658 et
3523 604 3695 659 Bcsra
3741 623 3848 661 non

2258 703 2358 759 pro
2395 691 2533 756 loco,
2559 691 2653 747 sed
2678 707 2777 762 pro
2810 692 3257 763 interpretatione
3286 695 3539 749 nominis.
3567 695 3847 767 Interprec

2259 787 2403 834 tatur
2445 784 2627 835 autem
2667 782 2833 836 Bosra
2875 783 3076 837 munita
3122 784 3209 838 vel
3241 784 3432 853 ﬁrma,
3474 793 3530 839 et
3573 786 3849 855 signiﬁcat

2256 874 2344 929 vel
2375 874 2645 930 infernum
2671 875 2762 931 ubi
2795 876 2994 931 clausae
3020 883 3147 931 sunt
3175 877 3370 932 animae
3395 885 3767 942 mortuorum,
3796 889 3848 932 et

2258 965 2343 1019 cui
2372 965 2599 1019 adhibiti
2628 974 2757 1020 sunt
2778 966 3075 1022 ﬁrmissimi
3097 968 3369 1023 custodes.
3395 965 3471 1023 De
3492 983 3601 1038 qua
3627 969 3848 1023 civitate

2257 1054 2388 1109 dicit
2429 1054 2714 1110 Psalmista
2754 1072 2767 1109 :
2807 1073 2826 1106 ε
2872 1055 3005 1123 Quis
3054 1056 3284 1112 deducet
3330 1073 3417 1112 me
3457 1059 3512 1112 in
3565 1058 3847 1113 civitatem

2257 1143 2522 1198 munitam
2568 1144 2739 1215 (Psal.
2779 1145 2931 1214 Lux)?
2963 1166 2982 1198 ι
3011 1147 3108 1201 Vel
3138 1147 3303 1202 etiam
3341 1148 3615 1220 signiﬁcat
3660 1148 3849 1204 Hieru-

2257 1235 2423 1299 salem
2459 1244 2728 1292 terrenam
2759 1278 2773 1301 ,
2808 1254 2930 1308 quae
2976 1240 3305 1296 ﬁrmissimis
3346 1243 3521 1298 muris
3568 1240 3677 1297 fuit
3721 1253 3846 1298 ante

2255 1324 2611 1391 circumdata,
2629 1327 2682 1380 in
2704 1341 2810 1396 qua
2838 1342 3032 1398 passus
3057 1338 3142 1385 est
3167 1331 3447 1386 Dominus.
3474 1332 3649 1401 Cujus
3677 1336 3846 1389 nomi-

2257 1416 2342 1471 nis
2366 1417 2744 1489 etymologiam
2770 1418 3037 1476 llomerus
3075 1423 3307 1478 eximius
3336 1434 3496 1494 poeta
3530 1424 3843 1481 Graecorum

2256 1522 2566 1576 exponens,
2618 1509 2760 1564 sicut
2802 1509 3070 1581 Josephus
3116 1523 3337 1578 narra;
3389 1515 3464 1568 ita
3512 1515 3660 1569 dixit
3708 1516 3841 1585 quod

2256 1601 2449 1666 ietom,
2481 1616 2513 1654 a
2550 1616 2659 1671 quo
2694 1601 3061 1668 Hierusalem,
3108 1604 3502 1675 interpretatur
3526 1608 3739 1661 munita
3770 1610 3840 1660 rei

2255 1690 2431 1760 ﬁrma.
2462 1690 2735 1758 Quantum
2757 1707 2889 1749 vero
2910 1695 2977 1747 ad
3011 1694 3243 1750 litteram
3270 1697 3544 1765 pertinet,
3576 1696 3751 1751 Bosra
3774 1699 3839 1752 ci-

2255 1783 2397 1836 vitas
2424 1798 2601 1853 neque
2635 1784 2689 1838 iu
2721 1792 2868 1838 terra
2898 1786 3334 1856 repromissionis
3369 1801 3545 1856 neque
3585 1787 3647 1841 in
3685 1788 3835 1843 Edam

2181 1868 2230 1927 B
2257 1876 2361 1931 sita
2382 1874 2503 1940 fuit,
2519 1876 2612 1931 sed
2633 1875 2688 1930 in
2711 1875 2887 1933 Moab.
2911 1877 3253 1947 Interrogant
3265 1893 3394 1951 ergo
3407 1880 3666 1949 quaedam
3692 1897 3837 1954 ange-

2259 1966 2376 2022 licas
2399 1967 2715 2038 dignitates,
2739 1968 2860 2024 illos
2879 1969 3193 2040 angelorum
3215 1970 3416 2027 choros
3433 1972 3533 2042 qui
3559 1973 3835 2029 Dominum

2256 2062 2660 2118 comitabantur
2684 2078 2699 2117 :
2727 2081 2745 2114 ι
2779 2063 2913 2132 Quis
2938 2073 3021 2120 est
3040 2066 3142 2121 iste
3165 2066 3257 2136 qui
3281 2082 3405 2122 cum
3426 2077 3588 2124 tanto
3607 2071 3837 2126 exercitu

2255 2153 2398 2208 venit
2421 2152 2691 2219 deEdom,
2721 2173 2740 2204 ι
2758 2154 2860 2210 hoc
2877 2162 2961 2211 est
2980 2156 3047 2210 de
3066 2163 3283 2212 terreno
3293 2165 3349 2213 et
3363 2169 3603 2215 cruento
3614 2161 3837 2216 nlunde?

2261 2264 2279 2297 ι
2306 2247 2367 2301 Et
2383 2245 2567 2300 tinctis
2580 2245 2837 2309 vestibus,
2868 2266 2886 2298 ι
2906 2246 2956 2301 id
2975 2256 3059 2303 est
3072 2249 3350 2318 corporeis
3369 2250 3643 2305 membris
3662 2270 3679 2301 ι
3703 2253 3834 2308 venit

2251 2338 2320 2392 de
2345 2337 2533 2402 Bosra,
2572 2357 2589 2389 ι
2625 2337 2678 2392 id
2697 2349 2783 2392 est
2803 2339 2870 2394 de
2899 2339 3105 2395 munita
3131 2340 3352 2396 civitate
3377 2341 3724 2398 Hierusalem
3751 2345 3830 2398 ubi

2248 2439 2443 2494 passus
2465 2436 2579 2490 est,
2617 2426 2699 2480 vel
2740 2428 2809 2482 de
2842 2427 3055 2484 inferno
3097 2432 3162 2485 de
3190 2446 3297 2500 quo
3322 2433 3509 2488 victor
3532 2434 3698 2488 exiit?
3718 2433 3823 2490 Non

2244 2517 2391 2587 quod
2425 2518 2587 2572 tincta
2631 2517 2747 2573 sive
2782 2534 3030 2590 respersa
3068 2523 3309 2577 membra
3344 2522 3584 2580 haberet
3616 2539 3678 2579 ex
3711 2540 3823 2579 san-

2249 2609 2429 2680 guine,
2471 2610 2565 2680 qui
2593 2611 2833 2664 manavit
2862 2626 2926 2665 ex
2961 2611 3129 2668 latere
3156 2622 3212 2668 et
3244 2613 3379 2668 locis
3407 2614 3718 2680 clavorum,
3745 2618 3831 2669 sed

2247 2715 2346 2771 pro
2368 2700 2714 2755 cicatricibus
2733 2716 2854 2770 qum
2874 2703 3049 2758 adhuc
3068 2706 3328 2773 parebant
3345 2706 3400 2760 in
3421 2720 3662 2776 corpore
3685 2707 3828 2761 illius.

2246 2789 2553 2846 Persistunt
2575 2792 2738 2847 etiam
2769 2793 2822 2846 in
2846 2808 2941 2848 sua
2959 2794 3316 2851 admiratione
3344 2797 3561 2868 angeli,
3599 2810 3659 2851 et
3683 2799 3827 2853 inter-

2248 2891 2441 2954 rogant
2458 2883 2699 2940 dicentes
2724 2902 2735 2938 :
2766 2885 2873 2939 Iste
2897 2884 3167 2942 formosus
3191 2888 3245 2943 in
3268 2888 3405 2943 stola
3432 2905 3554 2953 sua,
3582 2891 3705 2945 sive
3724 2891 3832 2961 pul-

2247 2978 2400 3043 cher,
2445 2977 2567 3047 quis
2609 2985 2692 3032 est
2738 2978 2992 3048 gradiens
3030 2979 3082 3034 iu
3124 2981 3474 3038 multitudine
3503 2981 3831 3039 fortitudinis

2248 3067 2397 3126 suae?
2424 3068 2504 3123 Ac
2541 3069 2587 3122 si
2629 3069 2874 3123 dicerent
2901 3069 3024 3124 aliis
3051 3071 3232 3126 verbis
3261 3090 3274 3126 :
3306 3072 3439 3138 Quis
3466 3081 3549 3127 est
3590 3075 3703 3130 iste
3727 3074 3831 3129 for-

2248 3174 2433 3214 mosus
2460 3168 2518 3214 et
2545 3167 2655 3215 tam
2686 3161 2915 3217 decorus
2950 3163 3001 3216 in
3051 3163 3186 3218 stola
3222 3178 3347 3229 sua,
3377 3165 3474 3218 hoc
3501 3173 3585 3219 est
3628 3166 3689 3219 in
3734 3166 3830 3221 ha.

2248 3250 2362 3305 bitu
2392 3250 2745 3305 humanitatis
2774 3266 2885 3306 suae
2924 3253 3198 3321 gradiens,
3221 3254 3307 3308 vel
3336 3254 3617 3309 ascendens
3653 3271 3828 3327 super

2247 3356 2437 3396 omnes
2476 3342 2663 3407 caelos,
2695 3342 2749 3396 in
2792 3343 3135 3398 multitudine
3166 3344 3383 3401 virtutis
3422 3360 3558 3407 sua),
3602 3346 3719 3401 sive
3759 3346 3823 3402 in

2246 3432 2579 3502 plenitudine
2618 3432 2915 3487 divinitatis
2954 3449 3093 3497 suae,
3123 3436 3422 3490 ascendens
3456 3450 3618 3504 super
3644 3436 3826 3491 omnia

2246 3523 2462 3592 agmina
2508 3523 2771 3578 caelorum
2818 3524 2935 3579 sine
2982 3525 3184 3579 auxilio
3214 3526 3445 3595 alicujus
3472 3526 3829 3595 angelorum?

2246 3614 2353 3670 Iste
2380 3624 2464 3669 est
2490 3614 2793 3681 formosus,
2828 3619 2913 3671 cui
2943 3617 3077 3672 dixit
3105 3616 3433 3673 Psalmista:
3477 3637 3496 3669 ι
3541 3619 3828 3689 Specinsus

2245 3705 2419 3761 forma
2442 3722 2553 3776 pm
2579 3706 2703 3761 ﬁliis
2746 3707 3024 3762 hominum
3056 3706 3227 3778 (Paul.
3254 3709 3420 3780 xuv).
3455 3729 3475 3760 ι
3507 3710 3829 3766 Formosum

2248 3800 2498 3855 dicebant
2523 3802 2730 3871 antiqui
2760 3801 3015 3866 calidum,
3039 3802 3181 3857 unde
3200 3801 3472 3857 formosus
3496 3804 3657 3873 quasi
3696 3804 3827 3859 cali-

2246 3890 2365 3957 dus,
2396 3905 2462 3945 eo
2485 3891 2627 3960 quod
2654 3906 2719 3946 ex
2749 3891 2928 3946 calore
2951 3892 3280 3947 rubicundus
3309 3892 3515 3946 existat
3538 3894 3715 3948 instar
3737 3910 3827 3950 ro-

2245 3994 2368 4034 saru
2377 3994 2446 4033 Ill.
3399 4001 3409 4007 ~

2320 4089 2338 4121 ι
2376 4070 2488 4140 Ego
2517 4071 2608 4140 qui
2638 4070 2831 4141 loquor
2861 4071 3127 4141 justitiam
3149 4113 3165 4137 ,
3201 4080 3257 4127 et
3295 4083 3670 4142 propugnator
3711 4088 3823 4128 sum

2243 4163 2311 4215 ad
2341 4162 2676 4218 salvandum.
2712 4183 2732 4216 ι
2765 4164 2985 4234 Angelis
3032 4166 3336 4221 tacentibus
3365 4166 3458 4234 qui
3512 4167 3821 4237 interrogati

2242 4251 2493 4316 fuerant,
2521 4253 2643 4322 quis
2670 4262 2815 4308 esset
2838 4255 2929 4324 qui
2960 4255 3176 4325 propria
3206 4254 3529 4310 fortitudine
3565 4258 3820 4311 ascende-

2241 4341 2335 4396 bat
2361 4341 2428 4397 de
2455 4349 2671 4399 terreno
2693 4354 2749 4398 et
2776 4355 3004 4400 cruento
3023 4346 3226 4401 mundo
3247 4361 3411 4417 super
3426 4362 3625 4404 omnes
3642 4350 3819 4411 emtas,

2242 4434 2348 4512 illis
2375 4436 2540 4489 etiam
2574 4451 2888 4506 responsum
2911 4452 3017 4493 non
3044 4438 3391 4493 reddentibus
3417 4439 3514 4508 qui
3539 4438 3819 4494 Dominum

2168 4526 2663 4617 Dcomitabantur,
2715 4530 2994 4599 respondit
3045 4531 3159 4600 ipse
3209 4530 3496 4595 Dominus,
3530 4532 3812 4601 inquiens;

2242 4619 2413 4675 Vultis
2444 4620 2585 4674 seire
2606 4621 2729 4689 quis
2757 4622 2856 4675 sim
2879 4622 3013 4692 ego?
3040 4640 3057 4672 ι
3085 4620 3196 4691 Ego
3224 4636 3342 4677 sum
3368 4622 3457 4677 cui
3483 4621 3651 4677 Pater
3669 4638 3822 4679 cunne

2234 4710 2499 4781 judicium
2521 4712 2668 4766 dedit
2683 4711 2866 4782 (Joan.
2881 4712 2954 4784 γ).
2974 4733 2993 4764 ι
3009 4711 3168 4766 Juxta
3184 4713 3325 4783 quod
3346 4712 3643 4769 Psalmista
3664 4716 3820 4769 dicit:

2245 4821 2264 4854 ι
2300 4804 2439 4858 Deus
2477 4801 2740 4871 judicium
2768 4815 2916 4858 tuum
2960 4805 3070 4875 regi
3111 4805 3177 4859 da
3218 4801 3392 4875 (Psal.
3432 4806 3612 4876 Lm),
3652 4826 3674 4858 ι
3718 4816 3822 4860 etc.

2239 4893 2349 4965 Ego
2378 4910 2496 4950 sum
2524 4894 2617 4966 qui
2645 4895 2836 4965 loquor
2856 4897 3118 4966 justitiam
3138 4936 3151 4959 ,
3184 4896 3413 4952 reddens
3445 4897 3611 4952 bonis
3650 4897 3791 4951 bona
3810 4938 3831 4960 ,

2230 4985 2395 5055 justis
2414 4988 2656 5058 praemia,
2682 4987 2839 5043 malis
2864 5000 3044 5043 autem
3065 4996 3120 5043 et
3138 4988 3318 5058 impiis
3339 4988 3505 5051 mala,
3537 4999 3599 5043 et
3623 4999 3828 5045 aeterna

2238 5077 2498 5148 supplicia
2523 5077 2679 5147 juxta
2706 5079 2848 5147 quod
2869 5087 3163 5134 merentur.
3191 5077 3305 5133 Hoc
3333 5078 3581 5146 quotidie
3612 5079 3825 5147 implet,

2239 5171 2563 5238 generaliter
2591 5186 2719 5227 vero
2760 5172 2813 5225 in
2845 5170 2932 5225 die
2961 5170 3169 5241 judicii,
3199 5170 3326 5224 dum
3355 5170 3560 5224 dixerit
3595 5170 3785 5240 impiis
3809 5190 3827 5221 :

2243 5280 2262 5311 ι
2293 5262 2385 5327 lte,
2416 5262 2707 5324 maledicti,
2732 5263 2785 5316 in
2812 5263 2989 5334 ignem
3012 5271 3304 5327 aeternum;
3330 5280 3348 5311 ι
3377 5268 3434 5315 et
3449 5261 3620 5330 justis
3639 5276 3654 5314 :
3676 5281 3697 5313 ‹
3725 5260 3827 5315 Ve-

2238 5355 2368 5417 nite,
2398 5354 2665 5410 benedicti
2692 5354 2867 5410 Patris
2895 5354 3025 5420 mei,
3051 5355 3312 5424 percipite
3340 5369 3569 5424 regnum
3601 5352 3823 5425 (Haut.

2238 5447 2397 5517 xxv),
2422 5467 2440 5498 ι
2465 5453 2571 5501 etc.
2597 5445 2666 5500 Et
2688 5461 2794 5500 non
2818 5445 2989 5500 solum
3013 5443 3506 5515 loquorjustitiam,
3529 5446 3628 5501 sed
3654 5445 3828 5500 etiam

2236 5544 2622 5608 propugnator,
2648 5536 2755 5603 hoc
2781 5544 2866 5591 est
2897 5534 3216 5602 debellator,
3251 5552 3370 5592 sum
3402 5536 3740 5601 daemonum,
3772 5542 3829 5591 et

2237 5628 2488 5685 defensor
2508 5628 2574 5684 ad
2596 5627 2908 5683 salvandum
2940 5642 3109 5699 genus
3134 5629 3449 5683 humanum.

2315 5741 2332 5770 ι
2360 5720 2539 5788 Quare
2564 5735 2693 5790 ergo
2715 5720 2934 5776 rubrum
2959 5727 3042 5775 est
3067 5720 3438 5775 indumentum
3468 5730 3645 5782 tuum,
3668 5739 3688 5771 υ
3719 5719 3829 5773 hoc

2238 5819 2317 5867 est
2349 5827 2545 5880 corpus
2591 5818 2761 5877 tuum,
2794 5829 2811 5860 ‹
2850 5820 2906 5863 et
2940 5811 3287 5880 vestimenta;
3309 5830 3329 5865 ι
3364 5811 3625 5867 subaudis
3649 5825 3830 5880 quare
