4016 6536
302 481 433 548 1053

1346 476 1693 544 (ΣΟΜΜΕΝΤ.
1731 482 1797 539 lN
1836 478 2082 537 ISAIAM.
2125 513 2192 520 -—
2230 474 2355 535 LIB.
2408 472 2491 534 lii.

3396 471 3531 526 ιοδι

295 611 420 656 sunt
449 600 627 665 rubra,
655 619 671 649 ι
700 600 839 654 sicut
859 598 1176 653 calcantium
1202 599 1254 652 in
1282 598 1569 654 torculari?
1588 616 1605 649 ι
1635 595 1857 650 Domino
1884 594 1931 651 Α
1959 599 2014 644 et
2043 591 2208 655 iram,
2239 591 2362 660 quia
2411 588 2557 644 furor
2605 597 2690 643 est
2742 587 2914 643 subita
2946 585 3108 641 animi
3154 583 3417 651 turbatio,
3447 586 3529 640 ira

293 708 419 762 ergo
444 690 685 745 dicente:
713 711 729 741 ι
753 690 862 761 Ego
886 706 1000 744 sum
1028 690 1117 758 qui
1142 689 1331 759 loquor
1351 688 1665 757 justitiam,»
1688 695 1742 742 et
1765 685 1855 755 qui

293 783 500 837 debello
546 783 845 838 contrarias
892 790 1207 850 potestates,
1256 798 1466 836 rursum
1517 780 1859 836 sciscitantur

291 870 465 938 angeli
500 880 555 925 et
600 872 783 926 dicunt
820 889 833 925 :
868 871 923 924 Si
966 880 1022 925 tu
1071 887 1129 925 es
1158 871 1249 940 qui
1292 871 1528 939 loqueris
1567 871 1853 941 justitiam,

288 965 345 1015 et
364 958 451 1015 cui
464 958 798 1015 Pateromne
819 960 1076 1031 judicium
1102 959 1442 1032 dedit(Joan.
1474 960 1549 1030 v),
1567 969 1622 1015 et
1639 960 1730 1030 qui
1760 962 1854 1014 de-

290 1048 516 1105 bellator
534 1065 593 1105 es
613 1050 910 1105 dzemonum
935 1050 999 1103 ad
1025 1049 1339 1104 salvandum
1359 1065 1525 1117 genus
1539 1050 1852 1112 humanum,

289 1139 536 1195 volumus
559 1157 588 1195 a
620 1150 672 1196 te
693 1142 833 1195 scire
858 1156 976 1209 quae
1006 1154 1169 1195 causa
1191 1140 1459 1194 exstiterit
1484 1153 1650 1209 quare
1677 1139 1749 1194 sit
1779 1139 1857 1192 in-

288 1210 600 1285 dumentum
632 1239 801 1295 tuum,
828 1230 927 1283 hoc
959 1239 1043 1285 est
1064 1245 1259 1299 corpus
1284 1239 1452 1294 tuum,
1483 1238 1849 1284 cruentatum:

287 1326 344 1374 et
387 1335 557 1391 quare
590 1321 698 1376 sint
731 1322 1047 1376 vestimenta
1087 1329 1211 1386 tua,
1250 1320 1303 1376 id
1344 1329 1427 1376 est
1468 1323 1705 1375 membra
1738 1330 1852 1386 tua,

290 1412 457 1467 rubra
493 1410 658 1468 veluti
689 1413 755 1467 de
781 1422 959 1467 musto
1000 1413 1152 1482 nigro
1188 1423 1244 1467 et
1278 1413 1694 1467 subrubicunda.
1732 1412 1852 1467 Tibi

286 1503 378 1572 qui
405 1502 663 1558 candidus
698 1518 850 1574 εἰει
880 1503 1187 1574 virginitate
1207 1540 1222 1567 ,
1260 1512 1314 1556 et
1349 1503 1619 1572 SpeciOSus
1644 1516 1755 1570 pra:
1789 1501 1853 1554 fi-

288 1592 375 1647 liis
407 1593 705 1657 hominum,
733 1562 841 1647 που
867 1592 1220 1647 convenirent
1247 1593 1369 1658 ista,
1407 1592 1500 1647 sed
1543 1593 1847 1656 homicidis,

284 1681 542 1738 adulteris
587 1692 642 1738 et
683 1683 1000 1737 latronibus.
1039 1682 1137 1738 Dic
1177 1671 1311 1754 ergo
1326 1723 1342 1748 ,
1376 1682 1659 1753 inquiunt,
1693 1684 1850 1738 nobis

282 1771 411 1839 quid
445 1772 819 1840 promeruisti,
841 1780 901 1825 ut
928 1780 982 1825 tu
1009 1772 1101 1840 qui
1128 1770 1381 1827 defensor
1409 1788 1468 1827 es
1491 1773 1704 1842 generis
1745 1774 1847 1826 hu-

283 1861 450 1923 mani,
476 1868 701 1914 eruenta
731 1868 784 1915 et
811 1860 975 1913 tincta
995 1859 1195 1916 habeas
1220 1861 1480 1926 membra,
1505 1861 1658 1930 quasi
1687 1861 1848 1916 homo

1959 688 2138 735 autem
2169 681 2257 734 diu
2296 693 2495 735 manet.
2542 680 2646 733 Sed
2676 680 2726 732 in
2757 678 2865 732 Deo
2895 677 3024 732 nihil
3063 678 3251 731 homm
3277 677 3527 733 habetur.

1958 770 2099 823 Dicit
2141 785 2272 839 ergo
2316 770 2573 823 Dominus
2608 768 2797 823 :Licct
2847 768 3085 822 calcatus
3125 767 3193 821 ab
3222 766 3301 821 eis
3329 780 3528 829 essem,

1957 869 2139 913 tamen
2169 858 2373 913 calcavi
2403 869 2457 913 et
2478 859 2724 928 superavi
2756 874 2865 919 eos,
2912 859 2963 912 id
3004 866 3090 912 est
3134 858 3401 912 dzcmones
3444 857 3528 911 vel

1955 947 2166 1002 Iudaeos
2191 949 2245 1001 in
2274 948 2455 1003 furore
2482 957 2536 1003 et
2560 948 2787 1003 vindicta
2815 962 2953 1001 mea.
2984 948 3049 1000 Et
3076 945 3325 1015 superavi
3349 959 3442 1000 eos
3472 946 3526 999 in

1956 1037 2036 1091 ira
2067 1047 2209 1101 mea,
2235 1037 2486 1092 auferens
2513 1053 2543 1091 a
2573 1038 2902 1093 dmmonibns
2924 1044 3245 1106 potestatem
3274 1043 3328 1090 et
3356 1035 3528 1090 domi-

1954 1127 2123 1190 nium,
2170 1127 2310 1195 quod
2351 1128 2672 1181 exercebant
2701 1127 2754 1180 in
2788 1127 2892 1180 hoc
2922 1127 3150 1189 mundo;
3190 1133 3245 1179 et
3269 1140 3298 1179 a
3326 1124 3525 1179 Iudaeis

1954 1217 2151 1283 locum,
2180 1234 2424 1288 regnum,
2453 1226 2689 1289 gentem,
2718 1217 3071 1280 sacerdotem,
3098 1215 3378 1286 templum,
3410 1230 3525 1271 om-

1954 1323 2185 1377 nemque
2216 1309 2549 1378 dignitatem,
2579 1309 2797 1363 tradens
2817 1323 2910 1362 eos
2932 1308 3208 1362 Romanis.

2028 1440 2046 1471 ‹
2080 1420 2146 1474 Ει
2175 1436 2423 1491 aSpersus
2448 1430 2529 1476 cst
2561 1421 2779 1490 sanguis
2803 1436 2988 1475 eorum
3018 1435 3179 1491 super
3209 1421 3526 1475 vestimenta

1952 1525 2090 1573 mea,
2118 1520 2171 1563 et
2198 1511 2376 1564 omnia
2410 1511 2718 1565 indumenta
2746 1526 2863 1564 mea
2896 1510 3190 1578 inquinavi.
3234 1529 3253 1561 ›
3296 1507 3411 1564 Non
3441 1517 3525 1563 est

1951 1600 2105 1654 nobis
2133 1600 2531 1669 intelligendum
2560 1601 2703 1670 quod
2726 1600 3120 1669 dtemones,qui
3136 1600 3354 1670 spiritus
3377 1608 3521 1662 sunt,

1950 1689 2185 1743 habeant
2214 1689 2527 1759 sanguinem
2562 1704 2576 1742 :
2606 1689 2699 1743 sed
2729 1690 2946 1760 sanguis
2977 1689 3195 1750 Christi,
3230 1704 3387 1758 quem
3421 1690 3522 1759 ipsi

1950 1777 2201 1832 fuderunt
2223 1778 2498 1833 suadendo
2528 1777 2726 1833 Iudaeis
2755 1788 2815 1831 ut
2835 1793 2956 1832 eum
2989 1777 3373 1842 interﬁcerent,
3402 1793 3524 1832 san-

1948 1871 2067 1938 guis
2092 1885 2279 1924 eorum
2306 1870 2643 1940 appellatur:
2679 1870 2804 1939 quia
2835 1868 3125 1922 vindictam
3168 1868 3360 1922 exinde
3401 1882 3524 1936 per-

284 1948 510 2016 quilibet
535 1949 626 2019 qui
667 1964 800 2003 uvas
830 1949 1010 2018 nigras
1033 1959 1090 2005 et
1129 1949 1553 2005 subrubicundas
1590 1950 1763 2005 calcat
1794 1951 1847 2005 in
1876 1961 1924 2020 Β
1952 1968 2228 2029 ceperunt.
2246 1957 2498 2029 Legimus
2518 1960 2661 2015 enim
2685 1959 2736 2012 in
2758 1957 3222 2028 Evangelio,quod
3242 1974 3259 2006 ι
3282 1957 3525 2012 diabolus

285 2038 540 2093 torculari
568 2039 682 2094 sive
707 2040 759 2094 in
786 2039 970 2109 prelo?
1005 2040 1211 2107 Quibus
1240 2042 1525 2110 respondet
1566 2041 1844 2105 Dominus,

282 2143 391 2183 non
429 2144 537 2184 uno
572 2130 908 2186 solummodo
939 2130 1207 2186 versiculo
1237 2141 1295 2186 ut
1322 2132 1501 2202 prius,
1543 2134 1637 2188 sed
1667 2133 1849 2189 multis

281 2220 463 2275 verbis
485 2222 776 2277 ostendens
788 2222 869 2277 eis
893 2221 1136 2278 ordinem
1163 2222 1259 2287 rei,
1295 2238 1362 2277 ne
1390 2238 1601 2279 rursum
1628 2238 1849 2280 necesse

279 2309 350 2364 sit
376 2310 728 2383 interrogare,
756 2322 811 2368 et
832 2313 961 2368 dicit
988 2330 1003 2366 :

354 2417 373 2449 ε
411 2396 671 2454 Torcular
714 2401 913 2456 calcavi
955 2402 1129 2466 solus,
1161 2411 1215 2457 et
1258 2403 1324 2459 de
1362 2403 1606 2474 gentibus
1633 2418 1738 2458 non
1765 2410 1849 2458 est

276 2487 364 2541 vir
392 2503 624 2543 mecum.
660 2508 679 2541 ι
720 2487 979 2545 Torcular
1006 2492 1240 2562 appellat
1263 2490 1518 2548 Dominus
1547 2494 1849 2548 crucem'et

278 2579 460 2633 omnia
487 2588 754 2635 tormenta
780 2581 1073 2651 passionis,
1097 2591 1253 2651 sputa
1279 2582 1546 2648 videlicet,
1568 2581 1842 2653 colaphos,

278 2668 588 2724 inﬁxionem
608 2669 807 2725 lanceae
828 2680 882 2727 et
906 2671 1200 2733 clavorum,
1232 2673 1284 2725 iu
1308 2673 1504 2741 quibus
1526 2674 1637 2742 ipse
1659 2687 1848 2743 passus

278 2767 362 2812 est
388 2759 539 2827 quasi
570 2759 624 2813 in
655 2760 805 2831 prelo
824 2800 840 2823 ,
868 2761 1135 2815 intantum
1168 2768 1229 2815 ut
1267 2763 1484 2832 sanguis
1514 2764 1629 2832 ejus
1657 2762 1849 2817 funde-

281 2857 448 2904 retur.
484 2850 552 2904 Et
579 2851 682 2906 hoc
711 2852 987 2907 sciendum
1006 2892 1022 2917 ,
1058 2853 1184 2922 quia
1215 2854 1450 2907 torcular
1479 2854 1764 2923 aliquando
1790 2855 1845 2909 in

277 2942 473 2997 malam
493 2953 701 3014 partem
726 2945 963 3014 ponitur,
993 2945 1096 3000 hoc
1124 2954 1206 3001 est
1228 2960 1327 3015 pro
1345 2946 1620 3017 suppliciis
1650 2954 1705 3001 et
1728 2961 1846 3016 pte-

278 3034 363 3086 nis
398 3040 761 3102 peccatorum,
799 3043 861 3089 ut
899 3034 1025 3089 illud
1064 3034 1349 3090 Jeremite:
1386 3056 1403 3088 ι
1441 3036 1701 3091 Torcular
1735 3037 1848 3091 cal-

275 3124 419 3179 cavit
447 3124 702 3179 Dominus
728 3124 925 3193 virgini
955 3124 1077 3179 ﬁlia:
1114 3124 1264 3179 Judae
1290 3124 1503 3195 (Thren.
1536 3125 1600 3197 ι),
1638 3144 1656 3177 ι
1684 3125 1738 3179 id
1762 3134 1847 3180 est

275 3216 607 3286 captivitatis
633 3216 830 3270 malum
870 3228 926 3270 et
971 3215 1273 3271 aﬂiictionis
1308 3217 1529 3271 adduxit
1558 3232 1681 3271 cum
1712 3231 1846 3286 pon-

1949 2049 2262 2106 misitJudze
2292 2051 2344 2104 in
2372 2066 2485 2114 cor,
2514 2057 2573 2102 ιιι
2596 2049 2830 2102 traderet
2853 2062 2974 2101 cum
2998 2045 3179 2117 (Joan.
3204 2044 3343 2116 xm).
3368 2066 3385 2096 ι
3405 2045 3521 2115 Ipse

1902 2165 1905 2169 ·
1950 2142 2181 2210 denique
2208 2141 2297 2210 qui
2325 2140 2497 2195 suasit
2529 2148 2588 2194 ut
2624 2139 2944 2203 traderetur,
2977 2139 3090 2207 ipse
3118 2138 3334 2192 tradidit
3354 2147 3407 2192 et
3430 2152 3522 2217 oc—

1948 2233 2098 2290 cidit.
2128 2233 2184 2287 ln
2206 2233 2308 2287 hoc
2332 2241 2510 2287 autem
2536 2232 2656 2287 loco
2685 2239 2768 2286 est
2798 2231 2999 2299 tropica
3029 2230 3306 2284 translatio
3331 2230 3398 2284 ab
3426 2230 3523 2284 ho-

1948 2324 2093 2378 mine
2127 2322 2330 2378 victore
2360 2332 2413 2378 et
2439 2322 2614 2387 victo,
2644 2322 2737 2392 qui
2767 2321 3029 2392 sanguine
3077 2328 3412 2389 vegetamur,
3454 2320 3522 2373 ad

1948 2412 2233 2468 Dominum
2272 2413 2364 2484 qui
2403 2413 2535 2467 vicit
2579 2413 2879 2476 daemones,
2909 2419 2963 2465 et
2991 2410 3057 2464 ad
3088 2409 3206 2465 illos
3255 2410 3346 2480 qui
3392 2410 3521 2465 victi

1947 2511 2092 2558 sunt.
2116 2502 2265 2557 Solet
2290 2516 2539 2571 namque,
2568 2501 2783 2570 quando
2810 2500 3035 2570 quilibet
3063 2499 3334 2569 przeliator
3355 2498 3521 2553 inter-

1949 2594 2061 2649 ficit
2089 2610 2244 2649 suum
2269 2594 2500 2655 hostem,
2534 2593 2753 2663 sanguis
2775 2589 3040 2645 interfecti
3065 2589 3276 2644 evolare
3296 2598 3349 2645 et
3374 2605 3520 2645 com-

1946 2684 2223 2740 maculare
2254 2684 2573 2738 vestimenta
2601 2680 2994 2736 interficientis.
3023 2677 3176 2733 Sicut
3198 2678 3325 2733 dicit
3354 2678 3519 2734 David

1946 2776 2013 2830 de
2034 2774 2169 2829 Joab
2188 2774 2411 2843 loquens
2435 2771 2550 2844 (III
2569 2771 2695 2843 Reg.
2710 2771 2793 2843 tt),
2808 2771 2949 2842 quod
2970 2790 2989 2822 ι
3008 2769 3244 2840 posuerit
3266 2785 3514 2825 cruorem

1945 2867 2111 2939 praelii
2136 2868 2188 2921 iu
2214 2862 2391 2921 balteo
2407 2880 2523 2920 suo.
2550 2883 2569 2914 ι
2594 2863 2860 2931 Quantum
2881 2862 3023 2916 enim
3045 2863 3109 2915 ad
3135 2864 3276 2917 lumc
3298 2877 3513 2917 sensum

1944 2959 2195 3027 pertinet,
2219 2957 2345 3009 dum
2370 2953 2604 3025 perfodit
2629 2952 2798 3007 latera
2828 2952 3037 3006 Amasa:
3059 2952 3141 3005 vel
3171 2951 3371 3014 Abner,
3399 2967 3517 3006 san-

1945 3048 2064 3117 guis
2094 3046 2321 3101 evolavit
2347 3060 2508 3114 super
2532 3041 2800 3113 cingulum
2828 3042 2943 3097 sive
2973 3043 3025 3095 in
3055 3041 3291 3096 balteum
3326 3056 3513 3095 renum

1945 3135 2078 3203 ejus.
2128 3136 2185 3189 Si
2230 3144 2409 3190 autem
2449 3135 2516 3188 ad
2544 3133 2756 3189 Judasos
2786 3134 2887 3187 ista
2928 3132 3244 3197 referimus,
3272 3131 3517 3187 similiter

1946 3227 2165 3297 sanguis
2190 3225 2391 3280 Christi
2436 3240 2595 3295 quem
2639 3223 2739 3293 ipsi
2777 3222 3031 3277 fuderunt
3066 3223 3286 3292 sanguis
3328 3238 3515 3277 eorum

273 3310 405 3364 dere
432 3322 594 3376 super
612 3322 731 3363 eam
758 3323 771 3360 :
805 3307 927 3362 ideo
951 3307 1123 3377 ploro.
1148 3307 1422 3361 Interdum
1444 3309 1604 3361 etiam
1627 3307 1847 3375 ponitur
1872 3299 1916 3360 C
1949 3317 2278 3386 apponatur;
2306 3316 2430 3384 quia
2460 3314 2751 3368 vindictam
2776 3314 2898 3367 inde
2922 3321 3294 3382 perceperunt.
3324 3313 3518 3383 Asper-

275 3398 511 3453 Iorcular
536 3398 592 3451 in
620 3398 815 3451 bonam
844 3404 1073 3466 partem,
1102 3395 1551 3464 quemadmodum
1581 3395 1847 3465 octogesi-

272 3502 392 3541 mus
414 3486 604 3541 tertius
629 3485 889 3556 psalmus,
911 3485 1064 3555 cujus
1081 3485 1427 3555 praetitulatio
1448 3494 1530 3539 est
1558 3504 1571 3539 :
1597 3484 1654 3539 In
1682 3486 1841 3539 tinem

270 3593 371 3649 pro
398 3577 776 3644 torcularibus,
806 3578 860 3633 id
885 3586 968 3632 est
984 3593 1083 3647 pro
1106 3577 1453 3648 martyribus.
1481 3594 1502 3628 ι
1532 3576 1793 3632 Torcular
1818 3598 1837 3631 ι

271 3670 468 3741 (inquit
491 3670 790 3741 Dominus),
813 3688 832 3722 ‹
853 3669 1057 3726 calcavi
1085 3669 1251 3725 solus.
1280 3689 1299 3721 ι
1315 3669 1392 3725 Ac
1408 3671 1451 3725 si
1469 3670 1702 3725 diceret:
1720 3669 1844 3725 Ideo

269 3763 445 3819 habeo
470 3763 630 3817 rubra
653 3763 993 3827 vestimenta,
1019 3762 1142 3832 quia
1164 3775 1471 3831 pressuram
1494 3763 1672 3816 crucis
1688 3760 1845 3816 sustio

270 3854 362 3908 nui
388 3853 555 3917 solus,
581 3860 638 3907 et
670 3852 736 3907 de
761 3867 955 3923 genere
981 3853 1218 3907 humano
1246 3867 1352 3907 non
1382 3852 1481 3906 fuit
1509 3854 1593 3907 vir
1630 3867 1840 3907 mecum

269 3944 325 3997 in
365 3942 707 4010 adjutorium.
743 3942 868 3996 ldeo
900 3940 1030 3996 dicit
1054 3940 1229 4007 solus,
1254 3941 1379 4011 quia
1422 3940 1623 3995 nullum
1654 3940 1842 3996 habuit

267 4033 568 4105 adjutorem
605 4047 779 4102 neque
804 4031 1078 4103 angelum,
1103 4047 1279 4102 neque
1304 4031 1710 4101 archangelum,
1741 4046 1839 4087 ne-

268 4138 373 4194 que
397 4122 631 4194 aliquam
656 4131 981 4192 potestatem
1014 4122 1316 4178 caelestium
1343 4123 1623 4189 virtutum,
1666 4139 1841 4194 neque

266 4211 509 4269 Judazum
534 4253 551 4277 ,
585 4226 761 4282 neque
807 4211 1062 4283 gentilem
1090 4227 1106 4266 :
1132 4213 1229 4268 sed
1268 4229 1458 4269 omnes
1497 4228 1618 4268 eum
1649 4213 1842 4269 dereli-

266 4311 503 4374 querunt
538 4311 780 4373 tempore
813 4303 1111 4373 passionis,
1157 4304 1422 4359 intantum
1457 4313 1517 4360 ut
1542 4305 1631 4360 ille
1656 4304 1842 4361 fortis-

265 4395 437 4450 simus
475 4393 748 4465 apostolus
784 4392 976 4449 Petrus
1023 4395 1080 4449 in
1123 4394 1228 4451 fide
1270 4406 1354 4450 ter
1382 4410 1505 4450 eum
1544 4396 1837 4465 negaverit,

265 4486 477 4542 ceteris
505 4486 849 4557 fugientibus.
883 4486 951 4539 Et
985 4500 1108 4539 cum
1138 4493 1285 4539 esset
1311 4485 1380 4539 ab
1404 4485 1654 4539 omnibus
1684 4485 1839 4539 dere-

261 4574 439 4634 tictus.
482 4573 628 4628 solus
668 4573 758 4627 ille
795 4572 1087 4627 debellavit
1110 4573 1414 4627 contrarias
1438 4580 1751 4642 potestates,
1784 4582 1840 4627 et

262 4662 536 4733 superavit
550 4663 804 4717 virtutem
824 4676 1030 4717 eorum.
1047 4660 1162 4716 Hoc
1181 4670 1361 4716 autem
1385 4636 1834 4718 considerandum
1862 4636 1915 4696 D

262 4763 385 4820 est,
418 4768 589 4825 quare
633 4754 780 4808 dicat
822 4753 1060 4809 torcular
1100 4770 1131 4808 a
1162 4769 1221 4809 se
1255 4754 1553 4821 calcatum,
1603 4755 1707 4811 hoc
1752 4765 1837 4812 est

261 4859 573 4917 pressuram
598 4843 863 4915 passionis
888 4852 1193 4914 superatam
1227 4859 1244 4899 :
1272 4860 1394 4899 cum
1419 4845 1533 4916 ipse
1558 4846 1630 4901 sit
1660 4846 1834 4902 calca-

261 4946 350 4992 tus
372 4946 428 4992 et
451 4944 715 4991 mortuus.
745 4934 852 4990 Sed
878 4935 945 4990 ad
982 4935 1085 4990 hoc
1114 4935 1425 5002 dicendum,
1448 4937 1574 5006 quia
1598 4937 1835 4995 calcatus

260 5038 346 5086 est
366 5044 396 5084 a
431 5042 682 5100 pressura
703 5028 971 5099 passionis
997 5028 1297 5093 moriendo,
1329 5037 1385 5082 et
1414 5028 1641 5084 calcavit
1661 5030 1831 5099 ipsam

261 5118 565 5193 passionem
622 5122 782 5177 tertia
830 5121 918 5177 die
966 5121 1186 5192 propria
1232 5122 1435 5177 virtute
1482 5123 1833 5192 resurgendo.

266 5228 285 5262 ι
320 5210 560 5276 Calcavi,
594 5230 613 5264 ›
642 5209 695 5265 id
719 5219 804 5265 est
844 5210 953 5266 vici
991 5218 1047 5265 et
1086 5209 1362 5265 humiliavi
1402 5229 1423 5262 σ
1455 5227 1549 5267 eos
1571 5212 1625 5267 in
1653 5212 1836 5267 furore

260 5318 403 5367 meo,
429 5310 486 5357 et
508 5301 819 5357 conculcavi
842 5301 1011 5356 eosin
1047 5302 1127 5356 ira
1159 5317 1299 5357 mea.
1341 5321 1359 5354 ι
1391 5301 1508 5359 Non
1534 5312 1617 5358 est
1645 5314 1837 5373 putan-

258 5395 387 5448 dum
434 5392 577 5462 quod
624 5391 765 5445 Deus
813 5392 1155 5461 omnipotens
1209 5393 1334 5465 (qui
1384 5394 1835 5451 incommutabilis

256 5485 384 5552 est),
401 5482 637 5567 furorem
663 5481 835 5552 possit
857 5482 1056 5538 habere
1073 5492 1167 5537 aut
1186 5483 1342 5549 iram,
1367 5485 1462 5539 sed
1482 5500 1632 5540 more
1646 5492 1833 5540 nostro

257 5575 496 5645 loquitur
529 5573 810 5644 Scriptura
841 5589 854 5625 :
883 5574 1008 5643 quia
1037 5574 1141 5628 illis
1179 5575 1394 5630 videtur
1425 5576 1605 5631 furere
1633 5585 1688 5631 et
1717 5577 1831 5631 ira-

261 5676 346 5721 tus
370 5682 509 5732 esse,
538 5667 733 5736 quibus
752 5666 1043 5720 vindictam
1072 5665 1265 5720 reddit.
1290 5665 1442 5721 Sicut
1463 5667 1685 5737 quilibet
1711 5682 1828 5733 rex,

258 5758 387 5813 licet
424 5757 713 5829 tranquillo
756 5758 938 5812 animo
970 5757 1062 5821 sit,
1107 5756 1278 5812 iratus
1307 5758 1518 5812 videtur
1558 5757 1662 5813 illis
1697 5775 1829 5828 quos

254 5851 407 5919 jubet
428 5850 683 5906 decollari
709 5849 790 5904 vel
814 5850 1004 5906 occidi.
1032 5849 1097 5903 Et
1126 5850 1227 5904 hoc
1250 5850 1412 5904 distat
1430 5851 1569 5903 inter
1591 5849 1825 5905 furorem

1946 3424 2037 3462 sus
2066 3416 2169 3471 est,
2199 3407 2393 3476 inquit,
2424 3405 2644 3476 sanguis
2675 3419 2886 3466 eorum,
2918 3404 2966 3458 id
2992 3414 3076 3458 est
3097 3405 3315 3473 sanguis
3341 3419 3513 3467 meus.

1945 3513 2107 3568 super
2146 3497 2462 3551 vestimenta
2508 3509 2625 3549 mea
2676 3494 2789 3548 sive
2824 3510 2922 3563 per
2953 3493 3195 3548 membra
3238 3507 3389 3557 mea,
3415 3509 3517 3562 pro

1942 3606 2052 3662 quo
2104 3589 2206 3659 ipsi
2252 3587 2514 3657 recipient
2540 3585 2832 3640 vindictam
2860 3603 2872 3637 :
2899 3593 2955 3638 et
2995 3583 3175 3638 omnia
3205 3583 3515 3637 indumenta

1943 3695 2100 3741 mea.
2142 3680 2246 3734 hoc
2276 3687 2361 3733 est
2407 3674 2651 3731 membra
2701 3689 2819 3727 mea
2870 3672 3164 3741 inquinavi.
3213 3670 3328 3725 Non
3371 3671 3515 3742 quod

1941 3770 2216 3840 inquinata
2242 3775 2453 3831 essent,
2484 3766 2578 3821 sed
2607 3763 2749 3833 quod
2777 3762 3045 3832 inquinari
3072 3761 3397 3831 permiserit.

2017 3877 2036 3910 ‹
2072 3856 2373 3925 Dies_enim
2398 3853 2637 3916 ultionis,
2675 3872 2692 3904 ι
2722 3850 2975 3905 subaudis
3005 3851 3306 3904 daemonum
3335 3858 3391 3903 et
3420 3846 3514 3904 Ju-

1942 3949 2198 4011 dazorum,
2237 3966 2255 3998 ι
2287 3946 2389 4000 fuit
2428 3944 2480 3997 in
2520 3944 2682 3998 corde
2722 3956 2865 4005 meo,
2895 3960 2914 3993 ι
2948 3940 3203 3996 subaudis
3232 3940 3357 3994 dum
3382 3954 3514 4009 pcn-

1941 4038 2123 4093 derem
2158 4038 2211 4091 in
2239 4051 2400 4092 cruce
2429 4034 2551 4089 talia
2590 4033 2879 4087 sustinens.
2920 4051 2939 4083 ‹
2969 4030 3157 4086 Annus
3185 4030 3509 4101 redemptio-

1940 4129 2027 4185 nis
2046 4144 2178 4183 mea:
2199 4128 2367 4192 venit,
2391 4147 2409 4178 ι
2433 4127 2535 4183 hoc
2549 4132 2651 4189 est,
2676 4139 2849 4178 annus
2871 4122 2950 4178 vel
2967 4129 3175 4192 tempus
3190 4122 3512 4191 redemptio-

1942 4220 2027 4273 nis
2046 4219 2259 4289 generis
2300 4216 2690 4271 humani..lste
2720 4221 2803 4269 est
2839 4227 3015 4266 annus
3055 4225 3216 4280 quem
3259 4210 3510 4281 superius

1942 4303 2231 4377 appellavit
2269 4323 2466 4360 annum
2508 4314 2785 4374 acceptum
2825 4304 3072 4368 Domino,
3102 4310 3157 4358 et
3184 4303 3324 4357 diem
3352 4303 3511 4358 retri-

1939 4397 2174 4453 butionis
2219 4395 2543 4451 Judacorum.
2579 4394 2764 4448 Passio
2800 4393 3005 4447 Domini
3042 4394 3283 4447 secundo
3323 4394 3510 4447 habuit

1939 4489 1995 4544 in
2034 4504 2093 4543 se
2129 4503 2342 4559 pmnam
2383 4487 2682 4541 daemonum
2725 4493 2780 4538 et
2802 4482 3105 4537 Judtrorttm
3132 4482 3508 4551 reproborum,

1940 4578 2179 4635 omnium
2212 4577 2505 4633 infidelium
2526 4617 2539 4639 ,
2580 4583 2636 4629 et
2674 4574 2891 4644 praemia
2932 4571 3221 4642 justorum.
3251 4570 3380 4637 Qua:
3402 4570 3509 4626 duo

1938 4668 2099 4723 etiam
2146 4667 2249 4722 isto
2295 4668 2348 4720 in
2401 4666 2519 4720 loco
2563 4665 2877 4720 dividuntur
2912 4664 2965 4715 in
3004 4661 3201 4715 bonam
3227 4669 3281 4714 et
3313 4659 3510 4715 malam

1936 4769 2165 4832 partem.
2200 4757 2257 4812 In
2289 4757 2505 4819 malam,
2538 4754 2653 4810 dies
2678 4754 2899 4808 ultionis
2920 4753 2973 4806 in
3001 4752 3182 4807 corde.
3211 4751 3267 4806 ln
3292 4750 3512 4815 bonam,

1937 4866 2110 4907 annus
2133 4848 2514 4917 redemptionis
2534 4845 2747 4917 generis
2773 4844 2990 4898 humani
3013 4843 3177 4898 venit.
3203 4844 3337 4898 Dum
3366 4843 3513 4897 enim

1938 4941 2196 4996 Dominus
2243 4938 2502 5010 penderet
2552 4938 2605 4991 in
2656 4950 2819 4991 cruce
2866 4935 3169 5004 passionem
3213 4948 3312 5002 pro
3358 4932 3519 4987 nobis

1937 5032 2238 5095 sustinens,
2269 5030 2322 5083 in
2366 5028 2528 5083 corde
2565 5026 2682 5096 ejus
2720 5026 2818 5081 fuit
2840 5026 2963 5094 quia
2996 5025 3265 5079 darmones
3293 5023 3514 5076 damna-

1939 5130 2093 5178 turus
2118 5130 2235 5176 erat
2262 5121 2316 5175 in
2347 5118 2580 5184 inferno,
2606 5128 2660 5173 et
2688 5117 2898 5173 Iudaeos
2932 5114 3226 5168 traditurus
3258 5114 3310 5167 in
3341 5114 3513 5167 mani-

1937 5218 2038 5270 bus
2059 5213 2447 5267 Romanorum.

2015 5323 2034 5355 ι
2064 5300 2461 5370 Circumspexi,
2486 5318 2504 5351 ι
2538 5297 2795 5354 subaudis
2835 5295 3078 5364 pendens
3106 5293 3160 5347 in
3190 5306 3372 5356 cruce,
3405 5310 3422 5341 ι
3458 5302 3513 5345 et

1938 5413 2045 5453 non
2069 5403 2189 5452 erat
2214 5394 2518 5456 auxiliator,
2559 5411 2576 5444 ι
2605 5389 2859 5445 subaudis
2888 5387 3041 5450 mihi,
3073 5400 3246 5455 neque
3265 5382 3515 5454 angelus,

1939 5501 2116 5556 neque
2152 5482 2539 5554 archangelus,
2592 5494 2763 5549 neque
2802 5477 3139 5547 patriarcha,
3183 5488 3357 5543 neque
3388 5488 3515 5541 pro-

1937 5578 2119 5647 pheta,
2148 5591 2321 5645 neque
2345 5573 2641 5643 apostolus,
2666 5584 2839 5638 neque
2862 5567 3089 5637 quilibet
3106 5564 3305 5634 justus,
3337 5577 3516 5631 neque

1934 5668 2181 5731 Judzeus,
2227 5681 2401 5736 neque
2441 5663 2673 5735 gentilis.
2711 5681 2728 5712 ι
2775 5661 2840 5715 Et
2866 5660 3084 5730 quaesivi
3115 5658 3206 5729 qui
3241 5672 3328 5713 me
3357 5655 3511 5727 adju-

1936 5768 2088 5812 varet
2109 5799 2124 5820 ,
2153 5766 2207 5811 et
2228 5773 2332 5810 non
2371 5755 2504 5818 fuit,
2543 5773 2560 5806 ι
2587 5752 2842 5808 subaudis
2865 5750 3095 5819 adjutor.
3126 5748 3255 5804 Tale
3288 5756 3374 5804 est
3408 5748 3514 5802 hoc

1935 5849 2076 5919 quod
2108 5850 2159 5903 in
2196 5847 2419 5918 psalmis
2444 5846 2571 5901 dicit
2612 5864 2622 5899 :
2659 5865 2675 5896 ι
2704 5844 3019 5915 Exspcctavi
3064 5843 3153 5915 qui
3194 5842 3509 5897 consttista'
