4016 6506
524 435 660 490 i035

974 429 1328 484 HAYMONIS
1365 425 1841 482 HALBEKSTAT.
1885 423 2097 479 EPISC.
2138 424 2289 481 OPP.
2331 426 2511 483 PARS
2547 427 2589 481 ι.
2627 457 2694 466 ——
2732 425 3084 481 COMMENT.
3122 426 3292 482 BlBL.
3362 453 3366 456 ~

3643 426 3801 482 “‘56

525 556 673 603 retur
711 553 766 598 et
808 559 912 595 non
960 540 1090 604 fuit,
1127 541 1216 609 qui
1259 539 1630 594 consolaretur
1672 549 1726 593 et
1771 554 1875 594 non
1915 538 2094 592 inveni
2121 544 2168 600 Α
2196 539 2355 604 cabo,
2389 555 2551 610 super
2579 540 2827 595 omnibus
2866 554 2983 608 qure
3008 540 3237 594 reddidit
3261 540 3417 595 nobis
3447 542 3742 595 Dominus.
3767 563 3787 594 ι

527 633 696 708 (Paul.
723 632 933 702 vaut).
977 651 994 681 ι
1027 630 1094 684 Et
1133 645 1345 685 rursum
1378 646 1394 684 :
1426 627 1657 684 «Omnes
1677 628 1836 684 amici
1866 629 1971 684 mei
2003 629 2095 684 de-
2192 631 2325 687 Cum
2351 630 2484 686 dicit
2506 646 2667 701 super
2694 632 2946 686 omnibus
2970 646 3091 698 qua:
3120 630 3350 685 reddidit
3379 630 3558 695 nobis,
3582 639 3639 685 et
3661 646 3795 701 pro-

525 724 861 793 reiiquerunt
892 733 997 783 me,
1026 727 1081 775 et
1112 719 1223 773 noti
1257 718 1361 773 mei
1391 717 1549 772 alieni
1576 719 1728 787 quasi
1758 730 2099 775 recesserunt

525 832 557 870 a
587 828 673 868 me
695 812 816 883 (Job
842 810 977 880 nx).
1002 828 1019 862 ι
1044 828 1061 861 ι
1093 809 1160 863 Ει
1184 808 1413 863 salvavit
1444 811 1573 864 mihi
1596 809 1877 864 brachium
1895 824 2093 874 meum,

525 915 577 961 et
604 906 900 975 indignatio
933 918 1051 958 mea
1082 904 1196 974 ipsa
1225 904 1479 957 auxiliata
1509 912 1590 958 est
1613 904 1760 958 mihi.
1802 923 1820 955 ι
1855 904 1968 958 Hoc
2000 904 2098 958 du-

525 1000 736 1068 pliciter
784 1006 960 1068 potest
1009 997 1254 1068 intelligi,
1286 1006 1345 1051 ut
1387 1013 1452 1052 ex
1492 1013 1721 1067 persona
1748 999 2098 1054 humanitatis

526 1092 799 1161 loquatur,
829 1090 915 1144 vel
960 1106 1028 1144 ex
1076 1105 1305 1160 persona
1348 1091 1582 1145 deitatis.
1617 1089 1873 1155 Salvavit,
1903 1090 2095 1160 inquit,

526 1181 656 1236 mihi
689 1181 970 1235 brachium
1020 1195 1224 1242 meum,
1272 1182 1373 1235 hoc
1414 1190 1516 1245 est,
1554 1182 1780 1235 verbum
1812 1196 1842 1235 a
1879 1197 1985 1251 quo
2014 1198 2099 1236 as-

525 1279 773 1340 sumptus
814 1286 933 1324 sum
976 1272 1428 1326 resurrectionem
1477 1272 1608 1325 mihi
1636 1272 1944 1340 procuravit
1970 1290 1983 1324 :
2014 1272 2099 1327 vel

525 1360 786 1414 fortitudo
827 1376 947 1414 mea
996 1360 1109 1415 sive
1153 1361 1434 1414 brachium
1478 1375 1653 1413 meum
1701 1361 1928 1415 salvavit
1967 1361 2100 1415 mihi

526 1464 714 1504 omnes
735 1449 1141 1517 praedestinatos
1171 1449 1234 1501 ad
1259 1449 1444 1509 vitam,
1471 1457 1525 1501 et
1551 1448 1846 1517 indignatio
1877 1465 2017 1515 mea,
2048 1450 2100 1505 id

526 1550 608 1593 est
649 1539 781 1592 ultio
827 1546 881 1592 et
923 1538 1159 1592 vindicta
1192 1552 1333 1601 mea,
1377 1539 1490 1607 ipsa
1529 1537 1782 1591 auxiliata
1822 1545 1906 1591 est
1946 1538 2096 1604 mihi,

525 1629 742 1697 quando
767 1628 1056 1682 vindicavit
1092 1640 1177 1680 me
1212 1627 1277 1681 de
1303 1628 1548 1683 hostibus
1593 1627 1730 1682 meis
1773 1626 1970 1682 ludatis
2014 1627 2100 1683 vel

527 1718 777 1786 malignis
798 1717 1096 1788 spiritibus.
1131 1716 1276 1772 More
1302 1717 1537 1773 humano
1569 1717 1671 1772 ista
1709 1717 1965 1787 loquitur.
1999 1715 2101 1773 Se-

528 1812 719 1881 quitur
761 1826 774 1863 :

2193 738 2349 792 spera
2375 734 2429 777 et
2457 723 2680 776 adversa
2713 722 2826 775 vult
2854 722 3094 791 intelligi.
3137 721 3214 775 Ac
3251 723 3296 776 si
3336 722 3542 778 diceret
3569 742 3583 775 :
3624 721 3795 777 Libe-

2196 814 2334 867 ravit
2364 828 2462 867 nos
2487 828 2552 867 ex
2584 811 2838 882 Egypto,
2864 821 2919 865 et
2944 812 3250 865 transduxit
3277 826 3375 881 per
3410 812 3696 866 desertum
3736 812 3792 864 in

2197 911 2399 958 terram
2426 904 2677 958 omnibus
2706 903 2982 957 meliorem
3012 911 3233 971 propter
3260 901 3591 956 ineffabilem
3622 902 3797 956 mise-

2198 994 2484 1049 ricordiam
2514 1010 2689 1057 suam,
2717 1002 2773 1047 et
2799 993 2953 1046 duxit
2979 1007 3078 1046 nos
3114 992 3165 1045 in
3202 991 3531 1062 Babylonem
3560 999 3796 1060 propter

2195 1094 2417 1155 peccata
2468 1092 2671 1140 nostra.
2718 1083 3025 1151 lterumque
3072 1082 3288 1136 reduxit
3327 1083 3394 1135 ad
3432 1090 3640 1136 terram
3693 1094 3794 1133 sua

2199 1177 2589 1239 misericordia,
2624 1175 2677 1228 in
2707 1174 2902 1244 quibus
2925 1173 3174 1227 omnibus
3193 1170 3398 1241 justum
3429 1187 3557 1226 eum
3592 1170 3795 1240 ιιι-κ(ιί-

2198 1269 2353 1331 cabo,
2386 1276 2440 1320 et
2468 1266 2680 1319 laudem
2729 1263 2846 1332 ejus
2884 1263 3134 1317 omnibus
3163 1262 3419 1325 narrabo,
3450 1261 3545 1330 qui
3594 1276 3794 1315 secun-

2200 1357 2330 1417 dum.
2358 1357 2741 1426 indulgentiam
2781 1369 2965 1419 suam,
2994 1353 3046 1407 id
3072 1360 3186 1417 est,
3230 1353 3528 1407 secundum
3558 1350 3789 1423 largita-

2203 1454 2307 1501 tem
2348 1446 2734 1501 misericordia:
2780 1460 2890 1499 suae
2930 1443 3096 1497 multa
3140 1444 3280 1498 bona
3318 1443 3561 1498 reddidit
3611 1443 3790 1498 nobis.

2206 1558 2225 1590 ι
2247 1538 2474 1592 Ειιιίκῐι
2501 1539 2758 1593 Dominus
2784 1555 2797 1593 :
2835 1535 3215 1592 Verumtamen
3245 1537 3478 1606 ﬁpulus
3507 1551 3672 1591 meus
3702 1551 3789 1600 es,

2202 1629 2299 1684 filii
2329 1645 2437 1682 non
2469 1638 2753 1699 negantes,
2785 1635 2841 1683 et
2872 1626 3051 1683 factus
3070 1636 3154 1682 est
3179 1628 3258 1682 eis
3291 1628 3557 1682 salvator.
3597 1648 3619 1681 ι
3660 1627 3791 1682 Pro-

2201 1722 2363 1793 pheta
2392 1720 2671 1789 loquitur:
2710 1718 2844 1775 Cum
2867 1719 3091 1773 vidisset
3115 1719 3329 1790 (inquit)
3367 1718 3642 1773 Dominus
3681 1733 3790 1788 pte-

2203 1812 2484 1867 nitentiam
2508 1827 2718 1877 eorum,
2751 1811 2923 1865 dixit:
2956 1810 3335 1865 Verumtamen
3368 1810 3609 1880 populus
3644 1826 3789 1864 mens

604 1921 621 1951 ι
659 1902 726 1954 Et
752 1899 1079 1963 conculcavi,
1117 1917 1135 1950 ι
1173 1898 1225 1952 id
1262 1909 1346 1953 est
1380 1892 1677 1965 humiliavi,
1708 1902 1977 1972 superavi,
2013 1901 2096 1957 vel
2126 1886 2172 1946 B
2200 1918 2282 1966 es,
2307 1902 2527 1959 Judaica
2555 1902 2725 1973 plebs,
2750 1902 2815 1957 de
2836 1916 2940 1971 qua
2966 1900 3094 1956 olim
3113 1900 3261 1955 dixi:
3294 1919 3313 1952 ι
3334 1900 3648 1956 [hereditas
3674 1917 3789 1956 mea

526 1989 633 2044 vici
667 2007 684 2039 ι
718 1990 975 2059 populos,
1011 2009 1029 2040 ι
1070 1988 1121 2043 id
1152 1998 1234 2043 est
1269 1988 1481 2044 Judteos
1517 2009 1535 2041 ι
1573 1992 1624 2045 in
1657 1991 1839 2046 furore
1870 2007 2017 2057 meo,
2048 2000 2105 2047 et

527 2081 788 2137 inebriavi
816 2098 933 2146 eos,
971 2101 989 2134 ι
1023 2081 1127 2136 hoc
1154 2090 1254 2142 est,
1286 2081 1481 2151 replevi
1511 2096 1605 2136 eos
1642 2082 1857 2137 miseria
1890 2092 1945 2137 et
1970 2082 2104 2136 afili-

525 2177 705 2230 ctione
737 2176 786 2228 in
816 2175 894 2228 ira
921 2189 1069 2238 mea,
1098 2174 1210 2227 sive
1240 2174 1292 2226 in
1324 2174 1555 2228 vindicta
1586 2189 1723 2238 mea,
1761 2192 1779 2225 ι
1814 2183 1870 2228 et
1896 2175 2103 2229 detraxi

527 2267 581 2319 in
614 2274 809 2318 terram
842 2264 1093 2317 virtutem
1126 2278 1333 2327 eorum,
1359 2282 1377 2314 ι
1407 2264 1508 2317 hoc
1537 2272 1640 2327 est,
1669 2263 1735 2317 ad
1760 2264 1984 2318 nihilum
2013 2265 2105 2319 de-

527 2354 652 2407 duxi
687 2354 941 2406 virtutem
969 2352 1272 2405 dammnum
1305 2361 1361 2405 et
1394 2350 1722 2406 Judzeorum.
1760 2351 2107 2407 Conculcavit

526 2452 582 2498 et
611 2444 883 2512 superavit
914 2441 1126 2497 Iudaeos
1155 2442 1207 2495 iu
1237 2441 1420 2497 furore
1456 2458 1583 2508 suo,
1618 2455 1674 2498 et
1706 2443 1991 2498 inebriavit
2020 2444 2104 2497 vel

529 2530 758 2600 replevit
785 2547 877 2597 eos
909 2530 1159 2596 miseria,
1189 2532 1404 2599 quando
1425 2533 1837 2603 quadragesimo
1871 2535 2106 2588 secundo

530 2640 672 2683 anno
718 2623 1051 2678 ascensionis
1101 2638 1244 2688 suae,
1294 2623 1612 2679 adveniente
1644 2624 1815 2679 milite
1845 2640 2103 2692 romano,

529 2716 692 2779 fame,
719 2715 921 2786 gladio,
952 2714 1282 2786 pestilentia,
1321 2716 1590 2771 interfecit
1614 2732 1737 2781 eos,
1771 2718 2106 2787 dispergens-

529 2826 634 2879 quc
667 2810 784 2863 illos
813 2809 866 2862 in
888 2823 1079 2863 omnes
1097 2818 1281 2877 partes
1301 2808 1485 2862 mundi
1510 2817 1565 2863 et
1599 2809 1651 2862 in
1685 2825 1871 2865 omnes
1896 2820 2104 2879 gentes,

528 2902 751 2955 abstulit
778 2902 856 2954 eis
885 2916 1100 2956 onmem
1128 2901 1354 2970 gloriam
1380 2909 1434 2955 et
1454 2901 1786 2971 dignitatem,
1817 2901 1869 2954 in
1902 2909 2105 2954 tantum

528 3003 590 3047 ut
631 2994 727 3062 ipsi
764 2992 853 3061 qui
882 3002 1036 3047 antea
1076 2993 1411 3047 vocabantur
1446 2994 1543 3047 soli
1592 2994 1818 3063 populus
1859 2996 2105 3060 Domini,

531 3084 692 3137 modo
734 3086 843 3135 sint
888 3084 1030 3136 servi
1079 3083 1303 3136 aliarum
1339 3086 1599 3153 gentium,
1636 3094 1688 3138 et
1718 3084 1808 3151 qui
1839 3087 2108 3153 quondam

529 3174 745 3227 fuerunt
775 3182 951 3242 caput,
986 3174 1144 3228 modo
1167 3174 1275 3227 sint
1298 3175 1487 3228 cauda.
1512 3175 1755 3230 Detraxit
1779 3177 1891 3231 sive
1917 3176 2109 3245 dejecit

528 3266 780 3318 virtutem
818 3264 1119 3317 dzetnonum
1154 3265 1219 3317 ad
1249 3264 1472 3319 nihilum
1493 3306 1507 3329 ,
1549 3266 1640 3335 qui
1675 3267 1843 3320 erecti
1872 3277 2026 3321 erant
2054 3269 2105 3321 in

527 3353 812 3422 superbia,
858 3367 1087 3421 quorum
1133 3352 1382 3423 princeps
1429 3355 1602 3408 dixit:
1649 3374 1667 3405 ι
1720 3352 1895 3425 Super
1933 3357 2106 3411 sidera

529 3446 652 3499 coeli
681 3460 877 3515 ponam
910 3425 1087 3500 sedem
1122 3460 1292 3499 meam
1319 3445 1452 3515 (Ira.
1479 3446 1612 3518 xxv).
1650 3467 1667 3498 ι
1698 3448 1790 3503 Vel
1815 3450 1976 3503 etiam
2004 3449 2108 3503 viro

531 3545 700 3590 tntem
740 3535 1047 3591 Iudaeorum
1079 3536 1297 3590 deduxit
1333 3537 1399 3589 ad
1433 3537 1689 3601 nihilum,
1734 3539 1825 3607 qui
1869 3555 1927 3593 se
1967 3539 2111 3593 solos

529 3629 792 3697 putabant
812 3628 1048 3682 existere
1074 3626 1265 3692 fortes,
1282 3628 1433 3697 quasi
1463 3628 1560 3683 soli
1585 3630 1786 3684 auxilio
1813 3629 1905 3684 Dei
1930 3639 2111 3685 essent

530 3718 732 3779 vallati,
780 3720 1042 3774 habentes
1086 3718 1182 3773 soli
1224 3734 1402 3788 regem
1434 3735 1499 3773 ex
1545 3722 1798 3774 omnibus
1837 3722 2106 3791 gentibus.

531 3809 688 3865 Modo
717 3810 860 3864 enim
888 3825 994 3863 non
1026 3808 1193 3864 fortes
1212 3808 1400 3874 Judtei,
1429 3810 1550 3879 quia
1584 3827 1690 3865 non
1724 3811 1922 3864 habent
1943 3811 2108 3865 Deum

531 3901 866 3955 fortitudinis
898 3901 952 3954 in
984 3916 1074 3965 se,
1126 3902 1217 3971 qui
1255 3912 1337 3957 est
1374 3901 1630 3957 fortitudo
1660 3912 1715 3958 et
1742 3904 1966 3958 victoria
2004 3905 2111 3959 ele-

531 3999 764 4046 ctorum.
794 3991 909 4045 Non
954 4000 1080 4045 sunt
1106 3992 1307 4046 auxilio
1352 3992 1443 4047 Dei
1489 3992 1705 4058 vallati,
1735 3994 1859 4062 quia
1891 4004 2113 4063 propter

532 4084 866 4153 impietatem
916 4092 971 4137 et
1018 4083 1387 4137 infidelitatem
1435 4100 1622 4138 eorum
1668 4095 2007 4140 recesserunt
2044 4088 2112 4141 ab

532 4177 585 4229 ill
612 4191 638 4230 s
669 4175 924 4230 custodire
969 4174 1280 4242 angelorum
1307 4192 1319 4227 :
1352 4190 1470 4243 qua:
1500 4175 1697 4229 audita:
1732 4185 1857 4230 sunt
1885 4177 1938 4230 in
1973 4186 2109 4231 tem-

531 4268 620 4335 plo
652 4266 972 4319 adveniente
999 4264 1212 4318 excidio
1235 4264 1580 4319 desolationis
1604 4264 1848 4321 dicentes
1872 4284 1884 4320 :
1917 4266 2112 4321 Trans-

531 4372 720 4412 eamus
750 4357 818 4410 ah
848 4356 934 4410 his
962 4356 1201 4411 sedibus.
1232 4354 1344 4409 Non
1375 4356 1577 4411 habent
1610 4357 1813 4427 legem,
1844 4359 1969 4427 quia
2008 4376 2112 4412 non

533 4447 800 4516 recipiunt
827 4446 1197 4517 Evangelium,
1247 4462 1418 4516 neque
1451 4448 1769 4516 prophetas,
1820 4449 1873 4501 in
1919 4450 2114 4517 quibus

2201 1992 2363 2047 Israel
2395 1992 2532 2062 (Isa.
2565 1993 2700 2063 xix).
2741 2011 2759 2045 ι
2795 1992 2861 2046 Et
2896 1990 2990 2045 filii
3036 2007 3143 2046 non
3174 2001 3469 2063 negantes,
3501 1993 3557 2048 id
3586 2004 3672 2048 est
3700 1993 3788 2047 ﬁlii

2203 2084 2310 2137 mei
2336 2093 2514 2148 erunt,
2543 2085 2588 2139 si
2618 2099 2705 2138 me
2740 2098 2997 2153 spernere
3028 2082 3317 2149 desierint,
3362 2094 3419 2138 et
3464 2085 3510 2139 si
3554 2100 3645 2140 me
3686 2102 3788 2140 non

2202 2176 2536 2245 negaverint,
2567 2184 2621 2230 et
2650 2175 2824 2230 factus
2857 2183 2942 2229 est
2966 2175 3046 2230 eis
3073 2175 3307 2230 salvator
3326 2216 3340 2240 ,
3372 2177 3643 2231 subaudis
3670 2178 3789 2245 quia

2204 2267 2476 2322 credendo
2519 2266 2572 2320 in
2603 2282 2725 2321 eum
2759 2281 2941 2321 veram
2986 2266 3358 2337 paenitentiam
3400 2276 3658 2337 egerunt.
3700 2267 3789 2320 Sin

2204 2368 2384 2414 autem
2410 2358 2709 2413 dixerimus
2736 2357 2828 2412 filii
2857 2372 2964 2413 non
2996 2358 3257 2427 negantis,
3290 2358 3435 2412 sicut
3458 2359 3682 2426 quidam
3708 2374 3789 2411 co-

2206 2450 2353 2505 dices
2376 2450 2597 2515 habent,
2622 2450 2727 2504 erit
2748 2464 2969 2504 sensus:
2991 2447 3082 2502 lsti
3108 2448 3199 2518 qui
3222 2449 3606 2518 paenitentiam
3632 2457 3785 2519 agunt

2205 2543 2335 2597 etin
2365 2558 2451 2596 me
2477 2542 2727 2605 credunt,
2763 2540 2856 2595 ﬁlii
2882 2549 3026 2607 sunt,
3057 2540 3313 2596 subaudis
3342 2541 3531 2611 populi
3565 2557 3670 2599 non
3700 2558 3783 2595 ne-

2206 2632 2404 2703 gantis,
2429 2632 2481 2686 id
2501 2640 2604 2695 est,
2630 2631 2723 2685 filii
2746 2631 3173 2699 patriarcharum
3197 2638 3250 2685 et
3276 2630 3787 2701 prophetarum.un

2207 2724 2263 2777 in
2288 2738 2373 2777 me
2399 2722 2663 2776 veraciter
2692 2721 3057 2776 crediderunt.

2283 2833 2301 2865 ι
2336 2814 2392 2867 ln
2420 2813 2565 2868 omni
2597 2811 2943 2866 tribulatione
2966 2825 3153 2866 eorum
3179 2826 3286 2865 non
3317 2819 3403 2866 est
3437 2811 3731 2865 tribulaws
3768 2832 3782 2863 I

2209 2890 2466 2957 subaudis
2510 2901 2747 2955 salvator
2794 2916 3001 2954 eorum.
3048 2918 3068 2950 ι
3105 2900 3173 2954 Ει
3220 2900 3443 2970 angelus
3483 2901 3645 2954 faciei
3683 2902 3791 2971 ejus

2210 2992 2435 3046 salvu'it
2464 3006 2581 3056 eos,
2609 3010 2628 3041 ι
2662 3002 2721 3045 ιιι
2758 2992 2949 3047 beatus
2974 2989 3331 3062 Hieronymus
3361 2991 3495 3044 dicit
3520 3008 3533 3043 :
3561 2991 3789 3045 Verbum

2208 3089 2290 3137 est
2317 3082 2623 3152 ambiguum
2665 3081 2806 3157 apud
2837 3080 3089 3135 Hebrzeos
3116 3079 3257 3150 quod
3292 3081 3494 3154 dicitur
3520 3080 3608 3143 lo,
3651 3080 3789 3148 quod

2211 3172 2481 3240 significat
2511 3187 2635 3237 non,
2663 3172 2750 3225 vel
2789 3183 2840 3226 et
2869 3171 3000 3242 ipse.
3034 3171 3101 3225 Et
3130 3172 3364 3227 habetur
3398 3173 3537 3241 apud
3562 3187 3659 3225 eos
3689 3173 3789 3224 isto

2212 3267 2267 3321 in
2294 3266 2411 3320 loco
2438 3267 2524 3321 ubi
2552 3267 2663 3336 ipse
2693 3265 2965 3320 transtulit
2989 3281 3093 3318 non
3117 3273 3203 3319 est
3226 3266 3517 3319 tribulatus.
3540 3262 3784 3331 Quapro-

2211 3366 2333 3426 pter
2359 3352 2647 3426 dupliciter
2668 3370 2952 3425 possumus
2982 3356 3084 3408 hoc
3110 3337 3420 3422 intelligere
3458 3355 3555 3408 hoc
3581 3353 3740 3406 modo
3760 3367 3780 3404 :

2211 3448 2267 3501 lu
2305 3447 2449 3501 onmi
2490 3445 2837 3500 tribulatione
2865 3460 3025 3515 quam
3067 3444 3440 3500 sustinuerunt
3469 3444 3522 3496 in
3560 3442 3793 3513 Algypto

2211 3537 2294 3591 vel
2338 3537 2389 3590 in
2420 3537 2668 3598 deserto,
2702 3551 2808 3589 non
2840 3545 2924 3590 est
2964 3535 3272 3599 tribulatus,
3321 3534 3375 3588 id
3414 3542 3532 3596 est,
3568 3548 3677 3586 non
3717 3544 3795 3585 (st

2212 3642 2527 3696 compassus
2568 3626 2806 3680 salvator
2832 3641 3016 3681 eorum
3034 3665 3047 3689 ,
3078 3633 3139 3679 ut
3161 3640 3254 3679 eos
3279 3625 3347 3680 ab
3374 3626 3522 3679 omni
3553 3626 3794 3695 angustia

2210 3720 2504 3774 liberaret:
2538 3719 2631 3773 sed
2657 3732 2946 3788 parumper
2977 3718 3215 3772 deseruit
3254 3732 3381 3782 eos,
3432 3718 3798 3771 subtrahendo

2210 3810 2469 3864 auxilium
2496 3825 2652 3864 suum
2696 3809 2764 3862 ab
2788 3809 2899 3873 eis,
2929 3817 2988 3863 ut
3014 3809 3218 3878 positos
3242 3809 3297 3862 in
3328 3808 3689 3864 tribulatione
3717 3824 3796 3862 oo-

2211 3910 2363 3972 geret
2389 3916 2482 3955 eos
2507 3901 2572 3955 ad
2606 3899 2924 3970 rogandum.
2952 3900 3158 3953 Aliter:
3188 3898 3246 3953 ln
3276 3900 3424 3954 omni
3454 3899 3795 3953 tribulatione

2211 4009 2398 4048 eorum
2428 4004 2484 4049 et
2514 3994 2626 4063 ipse
2649 4003 2732 4048 est
2765 3993 3074 4057 tribulatus,
3106 3994 3231 4064 quia
3262 4009 3585 4064 compassus
3614 4003 3795 4048 esteo-

2213 4101 2330 4139 rum
2382 4084 2594 4153 injnriis
2641 4093 2803 4153 atque
2853 4085 3118 4147 miseriis,
3158 4092 3213 4139 et
3256 4085 3406 4138 misu
3433 4085 3520 4138 eis
3550 4084 3794 4154 angelum

2213 4192 2369 4231 suum
2394 4177 2484 4245 qui
2514 4191 2608 4230 eos
2637 4175 2891 4238 salvaret,
2924 4174 3220 4229 secundum
3243 4175 3402 4228 illud:
3431 4194 3451 4226 ι
3484 4175 3632 4231 Ecce
3654 4176 3799 4228 mitto

2213 4268 2460 4338 angelum
2491 4283 2667 4321 meum
2700 4278 2824 4320 ante
2867 4266 3057 4321 faciem
3084 4274 3229 4320 tuam
3250 4306 3264 4329 ,
3298 4267 3390 4336 qui
3431 4270 3721 4336 praecedet
3753 4277 3794 4320 te

2216 4359 2470 4431 (Malae-It.
2502 4357 2605 4428 ιιι).
2650 4376 2668 4408 ι
2704 4357 2802 4412 Hic
2842 4357 3062 4428 angelus
3105 4357 3330 4412 Michael
3366 4367 3454 4412 est
3500 4359 3793 4430 intelligen-

2214 4449 2335 4511 dus,
2366 4448 2454 4515 qui
2489 4447 2807 4517 praepositus
2827 4456 2909 4501 est
2940 4446 3014 4501 illi
3042 4446 3238 4517 populo
3261 4463 3290 4500 a
3310 4446 3455 4502 Deo:
3482 4450 3645 4519 juxta
3668 4451 3790 4518 quod

531 4538 622 4591 illa
650 4538 828 4592 omnia
856 4538 1203 4591 continentur
1230 4537 1465 4608 impleta.
1499 4537 1605 4593 Lex
1637 4538 1900 4608 siquidem
1924 4546 1976 4592 et
1999 4553 2117 4608 pro-
2145 4566 2191 4624 ῦ
2221 4539 2420 4593 Dauieli
2450 4539 2679 4593 dicitur:
2704 4559 2720 4589 ι
2743 4538 2911 4593 Nemo
2935 4546 3019 4592 est
3046 4536 3259 4606 adjutor
3286 4553 3440 4594 meus
3473 4540 3531 4594 in
3556 4540 3789 4595 omnibus

530 4629 727 4697 phetie,
773 4641 943 4695 usque
980 4627 1047 4680 ad
1076 4625 1354 4681 Joannem.
1386 4626 1715 4682 Advenientc
1753 4627 1896 4682 enim
1937 4628 2105 4699 gratia

530 4719 778 4773 veritatis
799 4718 1033 4773 cessavit
1060 4718 1248 4771 umbra
1277 4718 1410 4789 legis
1434 4727 1487 4773 et
1514 4720 1918 4789 prophetarum.

610 4829 627 4859 ι
668 4808 1067 4861 Miserationum
1101 4808 1312 4861 Domini
1360 4809 1719 4873 recordahor,
1753 4808 1963 4863 laudem
2004 4811 2112 4865 Do-

532 4900 696 4963 mini,
745 4918 763 4951 ι
804 4899 1061 4953 subaudis
1108 4900 1412 4968 praedicabo
1457 4919 1475 4951 ι
1527 4914 1688 4967 super
1715 4900 1968 4954 onmihus
1997 4916 2114 4968 quae

534 4991 766 5046 reddidit
795 4990 952 5045 nobis
978 4988 1274 5053 Dominus,
1309 4997 1364 5043 et
1404 5005 1563 5059 super
1594 4989 1994 5043 multitudinem
2021 4989 2116 5043 ho-

532 5096 724 5136 norum
753 5082 935 5136 domui
965 5080 1129 5136 lsrael
1148 5121 1164 5145 ,
1195 5096 1314 5150 quae
1342 5080 1568 5150 largitus
1595 5088 1678 5135 est
1712 5081 1790 5136 eis
1816 5081 2113 5135 secundum

534 5171 923 5241 indulgentiam
949 5188 1123 5235 suam,
1155 5180 1211 5226 et
1245 5172 1536 5225 secundum
1577 5171 1968 5226 multitudinem
2010 5171 2112 5225 mi-

533 5262 956 5317 scricordiarum
1006 5278 1261 5328 suarum,
1312 5283 1330 5314 ι
1378 5263 1635 5317 subaudis
1687 5262 1919 5318 reddidit
1962 5262 2117 5317 nobis

535 5353 813 5408 Dominus.
845 5351 1108 5422 Loquitur
1132 5353 1403 5422 Propheta
1426 5368 1491 5406 ex
1523 5368 1754 5422 persona
1786 5352 1997 5408 Judaici
2026 5368 2118 5421 po-

534 5445 649 5516 puli
676 5446 1049 5515 ptenitentiam
1077 5447 1314 5515 agentis,
1351 5454 1407 5500 et
1445 5445 1870 5528 misericordiam
1899 5444 2112 5504 Domini

532 5552 664 5607 erga
693 5554 752 5593 se
782 5552 1034 5606 magnam
1067 5538 1463 5607 cognoscentis,
1504 5544 1558 5589 et
1605 5537 1861 5589 beneficia
1896 5535 2016 5604 ejus
2049 5535 2116 5589 ad

537 5631 855 5685 memoriam
882 5629 1206 5693 reducentis,
1224 5643 1344 5697 qua:
1384 5628 1609 5699 largitus
1636 5636 1718 5680 est
1743 5628 1820 5681 eis
1847 5643 1874 5678 a
1904 5627 1986 5681 die
2011 5641 2117 5694 qua

536 5721 723 5776 eduxit
744 5736 838 5777 eos
864 5721 929 5776 de
952 5720 1225 5790 ergastulo
1241 5719 1711 5789 Egyptiorum,et
1735 5717 1896 5772 dicit:
1926 5736 1941 5766 ι
1967 5716 2120 5771 Mise-

539 5811 810 5868 rationum
836 5811 1049 5867 Domini
1086 5811 1430 5877 recordahor,
1459 5821 1511 5864 et
1545 5810 1755 5865 laudem
1781 5808 1895 5877 ejus
1922 5809 2120 5878 praedi-

2217 4630 2321 4693 his,
2351 4630 2450 4683 nisi
2484 4629 2708 4683 Michael
2741 4629 2990 4698 princeps
3015 4641 3195 4684 vester
3215 4670 3229 4692 ,
3259 4630 3352 4697 qui
3383 4639 3532 4685 astat
3559 4645 3665 4701 pro
3692 4632 3796 4685 filiis

2216 4720 2394 4790 populi
2428 4720 2502 4772 tui
2532 4718 2692 4789 (Dan.
2720 4719 2796 4788 Χ).
2836 4738 2854 4770 ι
2884 4717 3104 4789 Angelis
3129 4727 3308 4773 autem
3334 4718 3497 4775 faciei
3526 4722 3651 4790 ejus
3676 4722 3794 4777 dici-

2219 4818 2326 4874 tur,
2359 4808 2483 4878 quia
2513 4808 2686 4878 angeli
2714 4822 2927 4876 semper
2957 4807 3147 4862 faciem
3181 4807 3274 4862 Dei
3315 4809 3540 4873 vident,
3591 4813 3721 4880 quia
3754 4812 3796 4863 in

2218 4899 2500 4969 pra-sentin
2537 4898 2628 4952 Dei
2659 4905 2803 4951 sunt.
2851 4916 2869 4948 ι
2910 4897 2965 4951 ln
3012 4897 3298 4951 dilectione
3340 4911 3438 4951 sua
3486 4917 3507 4951 ι
3553 4900 3799 4954 subaudis

2219 5006 2325 5059 qna
2357 4988 2517 5043 dilexi
2560 5004 2655 5042 eos
2688 5008 2705 5039 ‹
2738 4996 2793 5042 et
2822 4986 2876 5041 in
2909 4987 3240 5057 indulgentia
3265 5003 3360 5042 sua
3382 5028 3399 5054 ,
3435 5007 3455 5040 ι
3510 4989 3567 5043 id
3611 4999 3729 5053 est,
3754 4990 3798 5043 in

2220 5078 2472 5149 largitate
2521 5076 3011 5131 misericordiarum
3062 5092 3303 5130 suarum.
3361 5096 3381 5127 ι
3427 5074 3551 5145 Ipse
3579 5077 3803 5131 redemit

2219 5185 2312 5224 eos
2332 5185 2434 5223 rex
2465 5167 2727 5238 Egypto,
2748 5176 2802 5222 et
2828 5182 2892 5221 ex
2931 5166 3219 5236 Babylone,
3249 5166 3331 5220 vel
3354 5167 3525 5222 etiam
3545 5170 3801 5239 sanguine

2219 5262 2339 5316 Filii
2367 5261 2446 5317 sui
2490 5279 2507 5312 ι
2544 5271 2600 5315 et
2626 5260 2862 5329 portavit
2885 5274 2977 5314 eos
3009 5280 3028 5312 ι
3062 5260 3351 5323 subaudis,
3386 5261 3451 5315 de
3480 5259 3726 5330 Egypto
3750 5260 3798 5311 in

2218 5363 2421 5408 terram
2454 5352 2909 5421 repromissionis,
2936 5351 3231 5406 secundum
3272 5351 3440 5405 illud:
3491 5371 3512 5402 ι
3548 5350 3801 5404 Extendit

2219 5444 2331 5498 alas
2357 5458 2482 5498 suas
2510 5443 2908 5511 assumpsitquc
2933 5457 3028 5496 eos
3047 5450 3207 5510 atque
3228 5439 3463 5510 portavit
3486 5439 3541 5494 in
3560 5439 3803 5493 humeris

2220 5536 2332 5591 suis
2362 5534 2535 5606 (Deut.
2570 5533 2764 5604 χχχιι).
2806 5553 2824 5585 ι
2866 5552 2882 5583 ι
2914 5532 2983 5587 Ει
3007 5532 3202 5587 levavit
3233 5546 3358 5594 eos,
3396 5550 3414 5583 ο
3449 5529 3713 5584 subaudis
3739 5529 3802 5581 de

2222 5623 2438 5681 miseria
2470 5623 2535 5677 ad
2572 5623 2819 5690 gloriam,
2849 5642 2865 5672 ι
2902 5621 3112 5677 cunctis
3137 5621 3324 5676 diebus
3348 5618 3554 5683 smculi,
3590 5639 3610 5671 ι
3647 5619 3696 5672 id
3720 5627 3800 5673 cst

2226 5717 2293 5771 ab
2319 5714 2539 5770 exordio
2567 5730 2674 5782 quo
2699 5728 2791 5768 eos
2816 5714 2977 5783 elegit
3011 5713 3064 5767 in
3096 5712 3369 5783 populum.

2305 5806 2443 5875 ilpsi
2479 5813 2659 5858 autem
2684 5803 2747 5859 ad
2781 5803 3114 5859 iracundiam
3144 5811 3570 5872 provocaverunt
3597 5810 3650 5855 et
3679 5798 3801 5852 ami-
