4016 6486
222 403 358 460 1057

1273 398 1619 459 COMMENT.
1657 398 1726 455 IN
1761 395 2011 453 ISAIAM.
2050 425 2123 436 -—
2148 395 2275 451 LIB.
2317 398 2401 453 lli.

3341 403 3478 461 {058

221 525 417 572 xerunt
455 513 717 586 Spiritum
748 526 993 573 sanctum
1037 517 1177 589 ejus,
1214 529 1270 575 et
1293 531 1589 575 conversus
1610 522 1693 570 est
1719 513 1800 567 eis
1825 517 1875 575 Α
1904 510 1985 565 xit
2020 525 2115 567 eos
2158 512 2224 567 de
2267 514 2405 566 mari
2447 512 2630 569 Rubro
2671 528 2793 569 cum
2822 515 3130 585 pastoribus
3152 518 3329 588 gregis
3359 520 3439 574 sui
3461 560 3477 585 ,

221 611 274 664 in
301 609 577 664 inimicum
598 649 614 674 ,
650 617 705 664 et
726 608 841 679 ipse
865 610 1153 666 debellavit
1180 626 1273 667 eos
1307 629 1325 662 ι
1354 616 1485 664 ante
1513 622 1667 663 suum
1695 606 1793 661 ad-

222 704 443 755 ventum
476 715 505 753 a
537 699 764 755 diversis
787 700 1054 770 gentibus,
1071 709 1255 771 postea
1283 716 1412 755 vero
1431 714 1527 768 per
1545 698 1795 752 Romam.

222 788 376 861 Quod
406 789 540 842 dicit
569 787 877 844 afﬂixerunt
902 790 1164 861 Spiritum
1192 800 1436 845 sanctum
1475 788 1620 857 ejus,
1650 795 1706 841 et
1743 786 1799 839 in

219 877 538 947 quibusdam
567 877 719 933 libris
741 880 970 935 habetur
986 880 1245 951 Spiritum
1269 879 1440 935 sancti
1461 879 1597 949 ejus,
1625 876 1798 946 dupli-
1840 884 1852 895 ‘

220 971 359 1024 citer
383 977 560 1039 potest
583 969 829 1040 intelligi.
857 969 913 1025 Si
941 972 1237 1027 dixerimus
1265 970 1524 1041 Spiritum
1553 978 1799 1023 sanctum

220 1059 370 1124 eius,
410 1059 482 1114 'de
508 1058 712 1130 Spiritu
753 1071 942 1115 sancto
986 1061 1092 1116 erit
1131 1059 1563 1131 intelligendum,
1596 1058 1662 1112 de
1691 1071 1800 1127 quo

223 1149 354 1203 dicit
381 1148 669 1205 Dominus:
698 1168 719 1201 ‹
741 1149 960 1220 Rogabo
979 1150 1196 1206 Patrem
1224 1165 1425 1213 meum,
1442 1156 1497 1203 et
1518 1148 1681 1201 alium
1705 1160 1800 1217 pa-

224 1248 483 1296 raenetum
515 1240 666 1294 dabit
691 1240 874 1303 vobis,
905 1250 963 1294 ut
992 1248 1207 1294 maneat
1232 1239 1508 1294 vobiscum
1546 1237 1599 1291 in
1638 1244 1799 1290 aeter-

224 1347 354 1385 num
381 1330 563 1402 (Joan.
596 1332 731 1402 xiv).
772 1351 791 1385 ι
827 1331 922 1386 Vel
946 1332 1109 1386 etiam
1138 1345 1237 1401 per
1265 1342 1510 1386 sanctum
1541 1328 1800 1399 Spiritum

223 1422 340 1491 ejus
366 1438 653 1491 possumus
690 1423 989 1494 intelligere
1036 1423 1335 1493 angelicum
1383 1420 1663 1489 spiritum,
1709 1418 1801 1488 qui

224 1512 578 1566 contristatus
600 1519 688 1566 est
716 1511 930 1580 quando
962 1511 1094 1565 vidit
1129 1524 1221 1564 eos
1250 1525 1278 1563 a
1306 1510 1416 1564 Deo
1452 1524 1549 1578 per
1583 1507 1803 1561 idolola-

226 1601 388 1655 triam
420 1600 694 1655 recedere.
748 1600 844 1656 Sin
888 1609 1065 1654 autem
1111 1598 1369 1669 Spiritum
1409 1606 1651 1653 sanctum
1686 1597 1804 1666 ejus

225 1674 543 1754 dixerimus,
571 1706 680 1747 uno
712 1692 871 1745 modo
899 1691 1145 1760 spiritum
1188 1689 1318 1745 Mosi
1357 1690 1615 1743 debemus
1644 1686 1800 1743 intel-

224 1783 413 1853 ligere,
439 1796 598 1851 quem
636 1781 735 1850 ipsi
767 1781 1252 1844 contristaverunt,
1294 1778 1586 1834 secundum
1626 1777 1794 1831 illud:

232 1873 349 1928 (Et
383 1872 844 1927 exacerbaverunt
886 1871 1064 1925 Mosen
1096 1871 1150 1924 in
1183 1871 1397 1925 deserto
1434 1867 1607 1940 (Psal.
1635 1868 1744 1937 cv).
1777 1887 1797 1919 ι
1836 1858 1880 1916 Β

227 1962 328 2030 Qui
351 1962 495 2017 enim
518 1959 721 2028 justum
742 1961 1046 2025 contristat,
1068 1959 1325 2029 Spiritum
1357 1958 1541 2027 utique
1562 1957 1653 2011 Dei
1675 1972 1804 2011 con-

228 2053 409 2107 tristat
431 2053 523 2121 qui
552 2060 635 2107 est
664 2053 717 2106 in
745 2067 810 2107 eo
835 2069 846 2104 :
867 2051 1020 2119 juxta
1047 2050 1189 2120 quod
1216 2050 1418 2105 dicitur
1443 2062 1539 2117 per
1569 2046 1804 2116 Prophe-

228 2151 376 2197 tam:
415 2162 434 2195 ι
471 2143 573 2210 Qui
621 2144 790 2214 tangit
831 2158 958 2203 vos.
998 2143 1152 2211 quasi
1196 2142 1289 2211 qui
1340 2142 1508 2212 tangit
1547 2139 1801 2210 pupillam

227 2232 368 2287 oculi
404 2233 508 2287 mei
540 2231 725 2302 (Zach.
757 2233 840 2303 ιι).
889 2254 907 2286 ι
940 2232 1143 2300 Quarto
1173 2247 1301 2287 vero
1338 2232 1495 2286 modo
1519 2245 1805 2300 possumus

228 2323 295 2376 ad
324 2321 522 2377 Christi
570 2321 828 2391 Spiritum
867 2324 1069 2378 referre
1107 2332 1161 2378 et
1190 2324 1399 2386 dicere,
1429 2323 1555 2390 quia
1587 2321 1805 2377 Christo

226 2412 477 2465 veniente
502 2418 557 2463 et
587 2412 934 2479 prmdicante,
977 2411 1235 2481 Spiritum
1261 2411 1432 2466 sancti
1461 2411 1577 2480 ejus
1603 2410 1806 2464 afﬂixe-

228 2510 356 2555 runt
377 2501 620 2556 nolentes
644 2502 695 2555 in
720 2516 841 2556 eum
865 2503 1105 2567 credere,
1122 2503 1173 2557 id
1195 2511 1277 2557 est
1299 2502 1558 2570 Spiritum
1578 2499 1802 2564 Christi,

227 2592 319 2660 qui
363 2599 446 2645 est
486 2599 708 2646 sanctus
734 2599 790 2646 et
813 2590 992 2659 justus
1029 2592 1197 2646 Filius
1228 2591 1424 2645 Patris.
1459 2589 1627 2645 Filius
1660 2590 1803 2643 enim

230 2682 326 2736 Dei
350 2682 441 2751 qui
467 2697 564 2736 nos
590 2682 818 2736 redemit
844 2691 1083 2751 tempore
1107 2682 1373 2751 passionis
1398 2697 1531 2746 suae,
1560 2681 1808 2736 liberavit

230 2772 417 2842 utique
440 2781 494 2826 et
518 2771 772 2826 chrmos
798 2772 864 2825 de
893 2771 1025 2825 mari
1053 2771 1254 2826 Rubro.
1280 2770 1563 2839 Sequitur:
1592 2770 1660 2823 Et
1678 2785 1806 2825 con-

231 2879 418 2918 versus
443 2870 527 2918 est
552 2863 633 2918 eis
674 2863 726 2916 in
767 2863 1076 2927 inimicum,
1107 2873 1163 2917 et
1206 2864 1320 2932 ipse
1349 2862 1670 2927 debellavit,
1702 2862 1806 2917 illis

231 2952 608 3007 recedentibus
636 2952 701 3007 de
727 2952 830 3008 viis
857 2953 993 3024 ejus,
1022 2961 1077 3007 et
1111 2962 1298 3035 coqtra
1330 2952 1657 3006 voluntatem
1690 2950 1805 3021 ejus

229 3046 637 3110 incedentibus,
666 3061 958 3102 conversus
985 3057 1067 3101 est
1093 3049 1173 3102 eis
1202 3048 1253 3101 in
1284 3047 1561 3100 inimicum
1590 3048 1657 3100 de
1700 3047 1804 3100 mi-

230 3138 503 3193 sericorde
530 3139 583 3192 in
616 3139 1115 3201 immisericordem,
1154 3147 1207 3193 et
1229 3139 1513 3193 debellavit
1546 3154 1638 3193 eos
1663 3153 1803 3209 saepe

220 3247 329 3301 per
356 3232 539 3287 hostes
563 3247 782 3296 eorum,
823 3232 962 3287 sicut
991 3232 1045 3285 in
1092 3232 1229 3285 libro
1269 3231 1547 3294 Iudicum,
1581 3231 1807 3300 aliisque

228 3322 473 3377 historiis
510 3331 565 3376 et
600 3322 754 3375 libris
780 3322 1108 3391 propheticis
1140 3322 1599 3375 abundantissime
1625 3321 1807 3375 decla-

226 3420 405 3464 ratur.
434 3411 618 3465 Potest
652 3419 830 3464 autcm
857 3420 911 3465 et
939 3412 1039 3465 hoc
1070 3411 1134 3465 ad
1174 3419 1384 3479 tempus
1423 3409 1807 3465 incarnationis

229 3499 349 3569 ejus
391 3501 612 3566 referri',
646 3502 860 3571 quando
891 3502 997 3557 illis
1028 3501 1333 3556 nolentibus
1377 3501 1599 3555 credere
1646 3500 1702 3555 in
1750 3515 1808 3555 se

226 3598 524 3645 conVersus
546 3598 628 3645 est
649 3592 729 3644 eis
763 3591 816 3644 in
843 3592 1078 3655 hostem,
1107 3590 1198 3660 qui
1229 3605 1415 3644 eorum
1447 3589 1688 3644 infirmos
1720 3605 1808 3643 sa-

232 3689 475 3743 naverat,
514 3689 861 3750 mortuosque
890 3682 1245 3735 suscitaverat
1267 3720 1282 3744 ,
1321 3688 1375 3733 et
1404 3678 1686 3734 debellavit
1714 3694 1809 3735 eos

229 3787 328 3842 per
355 3771 627 3827 Romanos
654 3773 1071 3844 quadragesimo
1105 3773 1341 3828 secundo
1366 3787 1507 3827 anno
1538 3774 1810 3830 ascensio-

233 3879 317 3918 DIS
345 3878 475 3918 SIJiB.

308 3992 327 4025 ι
352 3972 416 4028 Ει
444 3972 757 4029 recordatus
777 3981 859 4027 est
880 3972 1086 4027 dierum
1108 3972 1288 4035 saeculi
1313 3970 1442 4025 Mosi
1464 3971 1643 4042 p0puli
1666 3973 1768 4027 sui.
1786 3993 1803 4025 ι

234 4063 378 4118 Deus
405 4063 746 4131 omnipotens
784 4062 873 4131 qui
900 4062 965 4115 de
1007 4070 1312 4132 protectore
1350 4066 1587 4115 mutatus
1624 4061 1676 4115 in
1717 4062 1811 4115 ad-

231 4153 534 4208 versarium
558 4152 755 4222 populo
781 4150 1092 4206 Judaeorum
1114 4192 1128 4214 ,
1168 4151 1259 4219 qui
1287 4150 1636 4204 irritaverunt
1663 4165 1806 4212 eum,

233 4250 290 4295 et
333 4242 400 4296 ad
436 4240 771 4296 iracundiam
801 4246 1266 4309 provocaverunt:
1308 4246 1592 4308 postquam
1627 4237 1812 4292 debel-

234 4334 366 4390 lavit
395 4350 489 4390 eos
516 4349 612 4404 per
656 4332 963 4397 Romanos,
998 4331 1311 4387 recordatus
1349 4339 1433 4385 est
1461 4330 1667 4384 dierum
1707 4343 1808 4383 sae-

231 4424 379 4489 culi,
426 4424 479 4478 id
524 4431 637 4487 est,
686 4422 1000 4478 recordatus
1033 4422 1243 4476 dierum
1287 4420 1489 4487 antiqui
1532 4418 1809 4487 temporis,

1900 601 2045 657 Mose
2071 602 2355 666 videlicet,
2386 604 2599 670 Aaron,
2635 604 2835 669 Maria,
2881 615 2936 659 et
2980 605 3128 670 Ilur,
3161 609 3479 679 casterisque

1899 693 2242 748 senioribus?
2281 692 2565 764 Sequitur:
2600 714 2618 745 ι
2652 695 2753 751 Ubi
2782 705 2865 751 est
2889 696 3182 752 isubaudis
3208 714 3398 768 magna
3423 712 3480 755 et

1900 782 2189 859 ineti‘abilis
2210 783 2577 839 misericordia
2598 785 2981 855 omnipotentis
3004 786 3098 841 Dei
3133 806 3151 838 ι
3186 789 3278 858 qui
3298 790 3480 858 posuit

1899 874 1953 928 in
1979 873 2156 928 medio
2185 872 2301 941 ejus
2321 913 2336 939 ,
2368 892 2387 926 ι
2420 874 2472 927 id
2501 884 2615 939 est,
2645 875 2699 928 in
2727 876 2904 930 medio
2927 877 3108 945 populi
3134 878 3217 931 sui
3251 896 3270 928 ι
3311 876 3480 947 Spiri-

1902 975 2013 1023 tum
2047 968 2215 1022 sancti
2247 967 2353 1033 sui,
2386 987 2404 1017 ι
2437 968 2491 1022 id
2535 976 2619 1022 est
2655 968 2773 1023 Filii
2806 969 2925 1034 sui,
2954 979 3203 1025 sanctum
3230 970 3480 1027 videlicet

1901 1055 2160 1125 Spiritum
2186 1056 2537 1126 paracletum,
2560 1060 2777 1127 quando
2797 1061 2985 1114 eduxit
3010 1075 3104 1115 eos
3124 1061 3191 1115 de
3212 1059 3481 1133 Egypto?

1900 1145 2173 1219 Legimus,
2200 1146 2324 1216 quia
2355 1156 2545 1200 orante
2569 1147 2715 1203 Mose
2742 1147 2858 1202 tulit
2888 1148 3149 1204 Dominus
3190 1150 3259 1204 de
3285 1149 3481 1221 spiritu

1902 1237 2038 1302 eius,
2069 1245 2123 1291 et
2151 1237 2299 1291 dedit
2327 1238 2667 1307 septuaginta
2695 1239 2828 1293 viris
2850 1239 3038 1309 (Num.
3070 1242 3181 1309 x1):
3220 1241 3375 1310 cujus
3400 1256 3481 1295 rei

1904 1329 1957 1383 in
1985 1329 2235 1399 prmsenti
2282 1330 2399 1383 loco
2433 1330 2493 1383 fit
2529 1331 2751 1385 mentio.
2785 1330 3075 1387 Permanet
3115 1348 3246 1403 ergo
3277 1334 3329 1387 in
3364 1334 3481 1404 ipsa

1903 1420 2257 1475 admiratione
2284 1419 2550 1490 Propheta
2579 1430 2636 1476 et
2663 1423 3039 1493 compatiendo
3059 1424 3192 1480 dicit
3217 1443 3228 1478 :
3264 1425 3366 1481 Ubi
3394 1434 3482 1481 est

1904 1513 2069 1567 etiam
2096 1526 2113 1565 :

1980 1621 1998 1653 ι
2020 1601 2122 1668 Qui
2150 1602 2336 1657 eduxit
2357 1602 2424 1655 ad
2449 1603 2725 1657 dexteram
2751 1603 2932 1658 Mosen
2964 1603 3189 1658 brachio
3233 1603 3485 1672 majesta-

1907 1693 1977 1747 tis
2021 1708 2152 1757 sum,
2178 1712 2197 1745 ι
2224 1693 2277 1747 id
2319 1702 2421 1758 est,
2447 1694 2539 1747 ubi
2568 1701 2651 1748 est
2697 1694 2869 1763 pietas
2896 1695 3107 1751 Domini
3158 1696 3249 1765 qui
3295 1696 3482 1752 eduxit

1909 1783 2087 1839 Mosen
2142 1785 2208 1839 de
2256 1783 2490 1855 Egypto
2535 1785 2603 1838 ad
2633 1784 2906 1839 dexteram
2926 1827 2941 1849 ,
2974 1787 3025 1840 id
3053 1795 3138 1840 est
3179 1788 3231 1841 in
3262 1803 3483 1858 prospe-

1907 1875 2072 1927 ritate
2129 1874 2352 1928 brachio
2415 1872 2715 1941 majestatis
2768 1888 2912 1937 sate,
2969 1875 3083 1928 sive
3147 1877 3487 1945 protectiono

1909 1962 2003 2017 filii
2033 1962 2155 2018 sui?
2184 1962 2288 2016 Per
2312 1963 2588 2017 dexteram
2636 1963 2901 2032 siquidem
2932 1965 3263 2034 prosperitas
3294 1965 3491 2021 intelli-

1909 2053 2074 2125 gitur,
2106 2060 2161 2109 et
2187 2069 2284 2122 per
2311 2054 2593 2108 brachium
2621 2055 2845 2109 verbum
2880 2055 2973 2110 Dei
3004 2054 3182 2110 Patris
3203 2096 3218 2121 ,
3248 2058 3330 2111 vel
3356 2073 3485 2129 pro-

1910 2143 2161 2199 tectionis
2185 2144 2354 2214 ipsius
2378 2143 2548 2198 Filius
2575 2143 2691 2199 Dei.
2742 2155 2749 2163 '

1986 2253 2005 2285 σ
2045 2235 2143 2290 Ubi
2179 2243 2283 2299 est,
2316 2254 2335 2288 ›
2366 2233 2623 2289 subaudis
2667 2236 2909 2303 potentia
2951 2235 3126 2301 illius,
3160 2253 3180 2287 ι
3211 2237 3304 2305 qui
3330 2236 3493 2291 scidit

1909 2343 2078 2397 aquas
2116 2337 2242 2383 ante
2271 2343 2397 2392 eos,
2429 2347 2448 2380 ι
2479 2328 2736 2382 subaudis
2783 2327 2836 2382 in
2870 2329 3150 2383 duodecim
3197 2340 3403 2399 partes,
3434 2339 3493 2384 et

1910 2418 2029 2472 aliis
2059 2418 2111 2471 in
2137 2418 2291 2484 locis,
2313 2415 2466 2485 juxta
2515 2416 2642 2471 illud
2670 2435 2684 2470 :
2709 2417 2810 2484 Qui
2840 2416 3024 2472 divisit
3052 2434 3205 2474 mare
3244 2418 3490 2474 Rubrum

1911 2508 1963 2562 in
1988 2508 2300 2573 divisiones,
2328 2528 2345 2559 ι
2376 2517 2435 2562 ιιι
2459 2508 2662 2564 faceret
2691 2509 2791 2563 sibi
2813 2524 3006 2565 nomen
3031 2512 3439 2582 sempiternum,
3469 2532 3491 2563 ι

1911 2598 2014 2651 hoc
2040 2605 2125 2652 est
2149 2611 2344 2651 nomen
2375 2596 2491 2664 ejus
2534 2598 2863 2654 mternaliter
2906 2599 3255 2656 laudaretur?
3282 2602 3485 2657 Percu-

1914 2692 2077 2746 tiente
2127 2691 2270 2745 enim
2318 2689 2463 2745 Mose
2515 2707 2664 2746 mare
2715 2692 2948 2747 divisum
2982 2701 3066 2747 est
3101 2693 3156 2747 in
3206 2693 3490 2748 duodecim

1910 2792 2112 2852 partes,
2145 2782 2372 2852 aliisque
2413 2782 2659 2837 tribubus
2694 2783 3065 2838 haesitantibus
3092 2794 3148 2838 et
3178 2784 3497 2838 timentibus

1910 2870 2137 2942 ingredi,
2167 2872 2342 2943 prima
2392 2871 2563 2926 tribus
2602 2870 2737 2926 Juda
2792 2873 3031 2927 introivit
3062 2872 3235 2941 (Psal.
3269 2880 3492 2937 cxxxv).

1913 2961 2084 3029 Quam
2114 2964 2182 3017 ob
2209 2977 2428 3017 causam
2460 2962 2604 3033 regia
2633 2962 2806 3017 tribus
2835 2964 3101 3032 appellata
3135 2977 3241 3028 est,
3270 2966 3397 3033 quia
3426 2979 3496 3020 ex

1914 3052 2000 3106 illa
2030 3067 2185 3121 reges
2212 3051 2568 3118 eligebantur.
2613 3069 2633 3101 ι
2665 3052 2767 3107 Ubi
2810 3061 2895 3107 est
2921 3053 3015 3122 qui
3043 3053 3228 3108 eduxit
3258 3068 3353 3108 eos
3398 3067 3498 3123 per

1913 3145 2136 3213 abyssos
2160 3183 2175 3207 ,
2205 3162 2224 3194 ι
2259 3142 2311 3196 id
2342 3150 2426 3196 est
2472 3158 2568 3212 per
2618 3142 3012 3211 profunditates
3065 3144 3256 3211 maris,
3288 3162 3310 3198 ι
3343 3146 3498 3215 quasi

1914 3248 2110 3300 equum
2135 3232 2187 3283 in
2205 3231 2419 3285 deserto
2446 3248 2551 3285 non
2571 3233 2978 3303 impingentem,
3006 3253 3025 3286 ι
3059 3234 3112 3289 id
3143 3245 3228 3290 est
3253 3236 3373 3290 sine
3402 3239 3502 3291 im-

1914 3321 2222 3390 pedimento
2256 3320 2628 3374 incedentem?

1991 3432 2008 3465 ι
2039 3413 2203 3480 Quasi
2249 3411 2448 3466 animal
2480 3414 2531 3466 in
2560 3428 2753 3483 campo
2800 3416 3153 3483 descendens,
3189 3437 3207 3470 ι
3240 3419 3499 3474 subaudis

1916 3505 2037 3558 sine
2065 3502 2398 3559 offensione:
2424 3503 2503 3557 sic
2552 3502 2953 3558 descenderunt
2980 3514 3036 3558 et
3071 3506 3396 3561 introierunt
3423 3506 3507 3565 illi

1916 3595 1969 3648 in
2001 3604 2197 3649 terram
2227 3593 2326 3647 sibi
2354 3592 2755 3662 repromissum.
2806 3595 2871 3648 Et
2900 3610 3070 3664 quare
3094 3597 3168 3650 ita
3208 3597 3499 3667 tranquille

1916 3684 2348 3745 ambulaverint,
2396 3682 2709 3738 manifestat
2763 3683 3095 3755 subjungens
3131 3704 3143 3739 :
3175 3706 3193 3737 ι
3243 3686 3498 3757 Spiritus,

1918 3774 2109 3842 inquit,
2142 3773 2354 3828 Domini
2391 3774 2584 3829 ductor
2626 3773 2742 3842 ejus
2796 3774 2916 3828 fuit.
2952 3794 2969 3825 ι
2998 3775 3267 3845 Spiritum
3316 3786 3499 3833 autem

1916 3865 2020 3918 isto
2050 3866 2103 3918 in
2131 3864 2249 3919 loco
2279 3864 2525 3934 angelum
2556 3865 2816 3920 debemus
2838 3865 3164 3935 intelligere,
3187 3868 3277 3931 qui
3311 3868 3504 3923 ductor

1916 3956 2017 4011 fuit
2062 3957 2203 4011 illius
2248 3957 2425 4026 p0puli
2451 3997 2466 4019 ,
2497 3957 2790 4011 secundum
2823 3958 2968 4027 quod
3000 3958 3260 4013 Dominus
3289 3958 3335 4013 ei
3378 3975 3500 4029 pro-

1916 4047 2064 4102 misit
2102 4047 2321 4101 dicens:
2352 4065 2370 4096 ι
2401 4046 2639 4117 Angelus
2687 4062 2840 4102 meus
2868 4049 3137 4117 prmcedet
3188 4056 3237 4102 te
3284 4047 3499 4117 (Exod.

1916 4138 2111 4210 χχχιι).
2146 4138 2173 4190 ι’
2199 4137 2273 4192 Ex
2323 4138 2508 4191 multis
2551 4136 2694 4190 enim
2743 4137 2876 4191 locis
2905 4153 3193 4206 possumus
3250 4138 3504 4209 colligere

1918 4228 2139 4298 angelos
2165 4213 2456 4297 appellatos
2486 4242 2607 4282 esse
2643 4228 2866 4296 spiritus
2890 4268 2904 4292 ,
2937 4244 2966 4283 e
2994 4229 3191 4297 quibus
3221 4239 3305 4283 est
3330 4229 3457 4284 illud
3486 4246 3503 4282 :

1918 4319 2019 4384 Qui
2042 4318 2170 4372 facit
2193 4318 2410 4387 angelos
2433 4333 2560 4372 suos
2582 4316 2992 4389 spiritus(Psal.
3021 4321 3159 4388 cur).
3186 4320 3252 4373 Et
3279 4320 3332 4374 in
3357 4321 3497 4375 Acti-
3583 4308 3591 4321 ’

1917 4409 2018 4463 bus
2045 4407 2405 4479 apoStolorum
2435 4428 2447 4462 :
2478 4427 2496 4459 ι
2529 4407 2796 4478 Spiritus,
2824 4408 2999 4479 inquit
3028 4449 3042 4473 ,
3081 4410 3291 4463 Domini
3322 4413 3505 4480 rapuit

232 4512 452 4583 quando
484 4511 671 4566 eduxit
717 4526 811 4565 eos
855 4511 920 4564 de
964 4508 1220 4578 ngyplo.
1268 4507 1335 4561 Et
1368 4508 1681 4561 recordatus
1730 4513 1813 4559 est
1845 4543 1891 4601 Β
1916 4499 2216 4569 Philippum
2245 4498 2381 4569 (Act.
2418 4498 2555 4569 vni).
2590 4518 2608 4550 ι
2656 4497 2865 4559 Rursus
2904 4499 2958 4552 in
2988 4496 3234 4567 ‘Epistola
3286 4500 3354 4552 ad
3400 4499 3507 4554 Ha

233 4601 369 4656 Mosi
392 4600 535 4656 servi
559 4600 641 4653 sui
670 4599 760 4667 qui
790 4597 1151 4667 interpellavit
1172 4610 1271 4665 pro
1292 4595 1371 4650 eis
1402 4596 1454 4649 in
1487 4595 1702 4649 deserto
1729 4594 1812 4648 di-

232 4706 396 4750 cens:
438 4710 456 4742 ‹
491 4691 598 4744 Aut
619 4690 828 4743 dimitte
849 4690 930 4742 eis
957 4690 1098 4743 hanc
1122 4703 1318 4742 noxam
1341 4727 1354 4751 ,
1387 4695 1479 4741 aut
1502 4686 1619 4741 dele
1644 4701 1727 4741 me
1749 4686 1816 4741 de

232 4784 374 4838 libro
400 4790 491 4836 tuo
510 4780 915 4850 (Exod.xxxn).
947 4799 965 4831 ι
987 4779 1319 4833 ιῖεεοιόιιιιιε
1346 4786 1428 4833 εει
1450 4778 1609 4832 etiam
1636 4776 1816 4846 populi

236 4876 317 4929 sui
346 4873 437 4943 qui
466 4872 701 4927 salvatus
730 4870 976 4925 oratione
1006 4869 1174 4934 Mosi,
1197 4869 1323 4924 dum
1352 4882 1475 4921 eum
1507 4865 1664 4921 vellet
1695 4881 1818 4935 per—

235 4973 423 5019 cutere
440 4977 610 5032 usque
630 4962 698 5016 ad
722 4961 1163 5015 internecionem.
1187 4959 1393 5013 Idcirco
1421 4966 1600 5013 autem
1624 4958 1817 5012 borum

238 5057 553 5111 recordatus
578 5062 682 5119 est,
714 5053 840 5122 quia
862 5067 971 5107 non
993 5060 1112 5106 erat
1142 5050 1234 5120 qui
1254 5050 1461 5106 levaret
1481 5064 1578 5119 pro
1605 5050 1684 5103 eis
1704 5064 1822 5102 ora-

238 5148 442 5201 tionem
468 5154 522 5200 et
546 5159 577 5199 a
606 5152 829 5214 peccato
872 5141 1206 5197 infidelitatis
1243 5155 1339 5195 eos
1377 5140 1655 5217 liberaret,
1683 5139 1824 5193 sicut

239 5235 514 5305 quondam
544 5234 676 5289 Mosi
697 5232 942 5289 oratione
963 5240 1017 5287 et
1039 5232 1263 5286 obtentu
1292 5228 1506 5284 liberati
1536 5236 1660 5283 sunt
1680 5243 1709 5280 a
1729 5225 1822 5279 ﬂa-

238 5326 379 5398 gello
421 5332 477 5379 et
519 5325 587 5378 ab
630 5340 815 5379 errore
843 5324 1177 5379 idololatrim.
1219 5322 1508 5392 Sequitur:
1555 5340 1572 5372 ι
1618 5320 1715 5375 Ubi
1741 5329 1824 5374 est

240 5415 334 5486 qui
360 5415 548 5470 eduxit
568 5415 633 5470 de
654 5416 790 5469 mari
812 5429 935 5469 cum
957 5415 1265 5485 pastoribus
1284 5414 1463 5485 gregis
1485 5413 1601 5467 sui?
1623 5432 1641 5463 ι
1668 5412 1815 5466 Prce-

240 5507 432 5585 videns
475 5506 738 5576 propheta
788 5504 953 5559 Isaias
1009 5504 1366 5573 abjeclionem
1408 5503 1590 5573 populi
1639 5503 1719 5556 sui
1765 5510 1822 5556 et

241 5597 514 5651 miseriam
547 5604 706 5665 atque
730 5594 1070 5671 aﬂlictionem
1098 5610 1216 5663 qua:
1238 5594 1317 5649 eis
1337 5593 1672 5658 imminebat,
1696 5608 1822 5663 pro-

244 5697 364 5759 pter
401 5689 740 5759 negationem
775 5688 897 5742 Filii
941 5688 1073 5751 Dei,
1112 5687 1447 5742 condolendo
1485 5685 1823 5741 exclamabat

246 5778 429 5833 dicens
456 5796 468 5831 :
507 5778 604 5835 Ubi
631 5787 715 5833 est
735 5778 1018 5834 clementia
1047 5775 1551 5849 omnipotentis‘Dei
1583 5776 1673 5845 qui
1696 5775 1823 5829 edu-

1918 4592 2120 4646 brzcos:
2143 4610 2160 4641 ι
2195 4591 2287 4645 isti
2307 4599 2433 4645 sunt
2450 4591 2898 4646 administratorii
2924 4591 3147 4661 spiritus
3166 4631 3181 4653 ,
3205 4590 3356 4644 missi
3379 4606 3507 4659 pro-

1914 4693 2143 4754 ptereos
2156 4682 2595 4752 quihaareditatis
2624 4682 2902 4752 possident
2918 4682 3145 4738 salutem
3176 4681 3363 4751 (Hebr.
3391 4682 3451 4753 ι).
3478 4700 3498 4733 ι

1921 4775 2178 4844 Sequitur
2200 4792 2213 4827 :

1998 4889 2017 4920 ι
2052 4868 2144 4923 Sic
2165 4867 2431 4923 adduxisti
2461 4867 2714 4938 populum
2745 4875 2914 4930 tuum,
2942 4887 2960 4919 ι
2988 4867 3245 4923 subaudis
3268 4868 3334 4922 de
3357 4876 3503 4923 terra

1922 4959 2163 5031 Egypti,
2192 4978 2211 5011 ι
2242 4967 2302 5013 ιιι
2326 4958 2532 5013 faceres
2563 4958 2658 5013 tibi
2688 4974 2883 5013 nomen
2910 4958 3095 5028 glorise
3126 4968 3252 5024 tuze,
3282 4978 3302 5011 ι
3339 4958 3389 5011 id
3420 4969 3505 5013 est

1922 5063 1982 5107 ut
2015 5068 2211 5106 nomen
2244 5060 2390 5105 tuum
2422 5049 2815 5120 glorificarctur
2849 5058 2904 5103 et
2936 5049 3249 5103 laudaretur
3274 5057 3504 5103 aeterna-

1923 5141 2061 5195 liter.
2094 5139 2205 5196 Hae
2232 5140 2298 5195 de
2333 5154 2391 5194 re
2424 5139 2691 5208 percussit
2715 5139 2973 5193 Dominus
3003 5136 3288 5209 Egyptios
3320 5136 3505 5191 multis

1923 5231 2112 5303 plagis,
2139 5240 2195 5285 et
2218 5230 2467 5285 liberavit
2493 5229 2747 5300 populum
2774 5244 2927 5283 suum
2958 5228 3357 5282 transducendo
3378 5242 3503 5282 eum

1922 5337 2021 5392 per
2050 5336 2198 5376 mare
2222 5328 2277 5375 et
2302 5336 2399 5391 per
2429 5329 2626 5374 terram
2663 5320 2863 5374 inviam
2883 5359 2898 5384 ,
2926 5319 2980 5372 in
3024 5328 3225 5373 terram
3253 5318 3504 5375 omnibus

1928 5410 2228 5465 meliorem.

2002 5520 2021 5552 ι
2050 5498 2281 5555 Attende
2311 5500 2377 5555 de
2406 5498 2562 5562 cmlo,
2588 5506 2641 5551 et
2685 5496 2807 5551 vide
2854 5496 2921 5552 de
2963 5496 3272 5552 habitaculo
3317 5504 3504 5549 sancto

1928 5603 2020 5647 tuo
2048 5602 2102 5645 et
2136 5591 2320 5662 glorire
2365 5602 2488 5645 tuae.
2523 5610 2540 5641 ι
2575 5590 2650 5643 Ex
2689 5604 2918 5659 persona
2966 5588 3145 5660 populi
3172 5587 3503 5648 Judaeorum,

1928 5681 2302 5751 paenitentiam
2336 5682 2540 5749 agentis
2569 5689 2623 5735 et
2653 5689 2929 5749 peccatum
2976 5694 3132 5733 suum
3178 5692 3506 5747 cognoscen—

1933 5775 2025 5839 tis,
2057 5774 2293 5844 loquitur
2340 5775 2498 5829 modo
2528 5773 2813 5843 propheta,
2841 5782 2894 5827 et
2923 5773 3052 5826 dicit
3079 5772 3142 5825 ad
3177 5769 3345 5827 Deum
3372 5787 3382 5832 _‘
3407 5770 3505 5822 At-
