4016 6488
507 413 529 465 1
541 409 643 465 059

974 399 1330 457 IIAYMONIS
1371 394 1850 452 IIALBERSTAT.
1889 392 2102 447 EPISC.
2145 388 2296 444 OPP.
2339 387 2518 442 PARS
2553 388 2589 441 Ι.
2633 420 2699 427 —-
2736 389 3089 444 COMMENT.
3134 389 3303 444 BIBL.

3641 390 3786 446 10ὔο

511 519 666 574 tende
690 515 755 569 de
777 514 916 570 coelo
935 523 990 567 et
1015 509 1422 568 miserere.Non
1438 509 1730 576 debemusp
1753 516 1907 560 utare
1928 505 2094 559 Deum
2123 507 2170 563 Α
2197 502 2497 556 orationem
2527 500 2772 554 fundant.
2807 500 2912 555 Sed
2936 502 3162 570 quaestio
3189 501 3363 554 oritur
3392 500 3497 555 isto
3529 501 3583 556 in
3615 502 3736 559 loco
3763 525 3777 557 :

508 598 932 675 omnipotentem
969 602 1215 656 localiter
1244 608 1299 654 et
1323 597 1658 653 solummodo
1685 611 1804 650 esse
1836 595 1888 648 in
1920 593 2086 648 coelo:

508 697 908 768 Iicetpropheta
924 694 1090 756 dicat,
1109 711 1126 742 ι
1148 691 1362 744 attende
1376 690 1442 742 de
1464 688 1602 742 coelo
1621 695 1673 740 et
1699 687 1765 739 de
1787 682 2092 739 habitaculo

511 794 700 841 sancto
730 793 852 848 tuo;
887 801 907 833 ι
942 781 1033 835 sed
1058 781 1110 834 in
1141 779 1279 834 caelo
1309 786 1358 831 et
1389 779 1442 830 in
1471 785 1614 830 terra
1643 775 1791 828 illum
1820 788 1956 827 esse.
1992 770 2090 825 Se-

512 876 749 934 cundum
775 872 917 942 quod
945 872 1058 940 ipse
1085 870 1221 925 dixit
1245 887 1256 922 :
1289 889 1306 918 (
1338 867 1532 923 εωιυιη
1562 875 1616 920 et
1643 874 1842 919 terram
1870 877 1969 933 ego
1993 863 2081 915 im-

511 970 656 1038 pleo,
687 984 707 1017 ι
737 972 792 1019 et
817 963 980 1018 etiam
1002 961 1144 1015 intra
1173 960 1370 1023 omnia,
1400 967 1550 1012 extra
1579 956 1759 1010 omnia
1785 969 1923 1008 esse.
1943 953 2094 1007 Sicut

513 1057 706 1112 beatus
749 1053 1041 1123 Gregorius
1081 1050 1253 1106 dicit:
1276 1049 1583 1118 lmplendo,
1615 1047 1885 1115 inquiens,
1912 1045 2092 1098 omnia

515 1147 836 1211 circumdat,
851 1153 905 1199 et
925 1142 1308 1198 circumdando
1327 1141 1507 1195 omnia
1530 1137 1744 1207 implet:
1761 1135 2094 1207 praesidendo

515 1237 766 1300 sustinet,
791 1234 1106 1288 sustinendo
1150 1231 1422 1300 praesidet.
1459 1230 1527 1283 Et
1561 1243 1685 1282 cum
1726 1235 1870 1281 totus
1897 1226 2095 1293 ubique

515 1330 586 1381 sit
611 1341 707 1396 per
732 1323 1118 1394 plenitudinem
1143 1319 1440 1376 divinitatis
1464 1333 1593 1381 suae,
1615 1318 1772 1371 datur
1797 1324 1973 1370 tamen
1999 1316 2096 1367 ha-

515 1415 811 1472 bitaculum
840 1422 893 1467 et
926 1414 1076 1468 locus
1114 1413 1232 1481 ejus
1259 1425 1378 1464 esse
1425 1408 1481 1462 in
1524 1407 1608 1461 his
1659 1422 1780 1476 quae
1829 1405 2096 1460 sanctiora

518 1514 644 1560 sunt
666 1523 677 1557 :
699 1504 992 1558 secundum
1013 1502 1155 1569 quod
1184 1501 1296 1567 ipse
1312 1498 1439 1552 dicit
1469 1515 1482 1549 :
1507 1515 1526 1546 ι
1555 1496 1759 1550 C(elum
1788 1494 1920 1548 mihi
1942 1493 2098 1547 sedes

518 1603 600 1648 est
630 1591 763 1663 (lsa.
797 1591 962 1648 vail.
993 1610 1012 1642 ι
1041 1590 1107 1643 Et
1132 1587 1416 1643 Psalmista
1445 1601 1458 1638 :
1483 1604 1500 1634 ‹
1523 1585 1624 1652 Qui
1652 1585 1877 1647 habitat,
1903 1584 2094 1652 inquit,

516 1683 574 1736 in
625 1681 793 1744 coelo,
821 1679 1070 1738 irridebit
1098 1692 1192 1732 eos
1224 1674 1394 1746 (Psal.
1428 1675 1509 1744 ιι).
1538 1692 1556 1724 ι
1593 1673 1912 1742 Ubicunque
1955 1673 2097 1726 enim

519 1772 582 1826 ﬁt
606 1769 852 1824 voluntas
878 1770 1012 1835 ejus,
1047 1767 1119 1820 ibi
1142 1773 1225 1820 est
1253 1763 1619 1818 habitaculum
1660 1771 1713 1816 et
1744 1763 1937 1816 domus
1966 1761 2058 1814 Dei
2083 1775 2096 1814 :

2195 593 2373 659 Quare
2408 591 2680 645 Abraham
2723 603 2778 645 et
2819 591 3004 654 Israel,
3032 591 3082 644 id
3111 600 3195 644 est
3220 589 3420 655 Jacob,
3454 606 3653 646 nomen
3682 609 3782 662 po-

2193 681 2380 744 suerit,
2405 688 2461 734 et
2500 680 2651 735 Isaac
2699 680 2935 733 medium
2976 679 3365 733 intermiserit?
3409 680 3492 733 Ad
3521 684 3666 750 quod
3700 684 3781 736 rli-

2193 771 2420 824 cendum
2442 809 2455 832 ,
2481 769 2604 836 quia
2650 785 2748 838 per
2787 771 2960 838 prima
2988 777 3042 822 et
3066 768 3256 822 ultima
3298 770 3462 823 etiam
3492 773 3668 826 media
3699 774 3786 825 in-

2193 861 2500 930 telligimus.
2545 859 2680 915 Cum
2724 861 2870 915 enim
2916 861 3049 914 dixit
3092 860 3364 915 Abraham
3393 869 3450 916 et
3493 862 3699 926 Israel,
3729 865 3781 918 in

2194 951 2278 1006 his
2308 951 2516 1005 duobus
2544 948 2693 1004 Isaac
2721 964 2935 1020 quoque
2962 950 3016 1004 in
3044 950 3220 1005 medio
3247 951 3663 1018 comprehendit
3691 970 3706 1004 :
3732 961 3785 1005 et

2195 1057 2300 1095 non
2325 1041 2498 1094 solum
2526 1039 2698 1103 illum,
2724 1039 2817 1093 sed
2845 1039 3008 1092 etiam
3037 1039 3172 1093 alios
3193 1048 3408 1094 sanctos
3434 1050 3622 1109 patres
3647 1056 3786 1108 prae-

2193 1131 2466 1185 cedentes.
2490 1150 2508 1180 ‹
2538 1130 2640 1194 Tu,
2673 1130 2919 1193 Domine,
2946 1129 3109 1184 Pater
3130 1137 3336 1194 noster,
3367 1148 3385 1180 ι
3413 1131 3468 1183 id
3494 1139 3581 1185 est
3608 1130 3785 1185 Crea-

2195 1228 2300 1283 tor,
2334 1238 2352 1270 ι
2388 1219 2738 1289 Redemptor,
2773 1238 2791 1270 ι
2822 1219 3079 1274 subaudis
3113 1229 3316 1283 noster,
3343 1221 3436 1289 qui
3483 1235 3584 1274 nos
3628 1221 3786 1274 rede-

2196 1311 2342 1365 misti
2370 1312 2435 1365 de
2465 1309 2734 1381 ZEgypto;
2771 1330 2789 1362 ι
2822 1326 2852 1364 a
2880 1311 3076 1366 saeculo
3109 1326 3301 1366 nomen
3330 1319 3504 1377 tuum,
3535 1332 3555 1364 ι
3587 1314 3790 1368 subau-

2195 1404 2313 1469 dis,
2347 1411 2594 1457 sanctum
2623 1411 2926 1472 permanet.

2273 1513 2291 1542 ε
2323 1493 2501 1560 Quare
2543 1507 2726 1548 errare
2756 1493 2933 1549 fecisti
2968 1509 3096 1558 nos,
3129 1494 3376 1558 Domine,
3405 1495 3474 1548 de
3501 1495 3610 1548 viis
3654 1497 3786 1558 tuis,

2198 1584 2463 1640 indurasti
2517 1597 2613 1637 cor
2667 1591 2914 1637 nostrum
2959 1598 3028 1637 ne
3072 1584 3385 1637 timeremus
3441 1584 3528 1636 te?
3571 1603 3592 1634 ι
3651 1586 3790 1639 Deus

2199 1672 2565 1740 omnipotens,
2593 1687 2715 1726 cum
2768 1673 3040 1726 neminem
3091 1672 3252 1726 faciat
3296 1688 3481 1726 errare
3525 1683 3587 1727 et
3628 1689 3660 1727 a
3706 1677 3789 1729 via

2202 1764 2544 1818 rectitudinis
2561 1764 2794 1824 deviare,
2812 1773 3010 1819 etcum
3032 1763 3229 1818 nullius
3250 1764 3488 1818 hominis
3508 1781 3611 1818 cor
3634 1767 3788 1821 indu-

519 1863 789 1934 prmcipue
819 1861 874 1914 in
901 1859 1108 1928 angelis
1138 1872 1366 1926 quorum
1398 1847 1738 1909 conversatio
1765 1854 1818 1907 in
1855 1853 2094 1907 cuclesti-
2127 1841 2171 1916 Β
2202 1862 2284 1907 ret
2306 1871 2317 1905 :
2337 1853 2530 1906 dicitur
2551 1860 2729 1906 tamen
2749 1851 2928 1907 facere
2942 1868 3128 1907 errare
3146 1862 3201 1907 et
3221 1852 3479 1907 indurare
3501 1870 3602 1908 cor
3623 1855 3792 1909 homi-

521 1956 622 2009 bus
650 1961 754 2018 est,
792 1961 844 2005 et
891 1951 944 2003 in
991 1948 1196 2003 sanctis
1243 1946 1549 2000 hominibus
1578 1946 1669 2014 qui
1712 1952 1998 1998 manentes
2043 1943 2098 1997 in

522 2053 668 2098 terra
696 2056 942 2111 corpore,
976 2039 1215 2094 ccelestia
1246 2044 1426 2090 mente
1456 2034 1912 2102 contemplantur.
1946 2032 2099 2098 Quod

519 2149 649 2204 ergo
679 2133 811 2188 dicit
841 2131 1099 2200 propheta
1130 2145 1197 2182 ex
1226 2141 1455 2196 persona
1504 2125 1685 2194 populi
1730 2125 1984 2194 loquens,
2013 2133 2098 2176 at-

518 2223 678 2280 tende
707 2223 774 2276 de
800 2221 939 2276 cwlo
961 2229 1015 2273 et
1039 2219 1162 2272 vide
1187 2218 1253 2272 de
1282 2216 1592 2271 habitaculo
1620 2223 1809 2270 sancto
1832 2223 1943 2278 tuo,
1972 2229 2098 2269 sen-

519 2331 612 2370 sus
638 2322 721 2369 est
746 2332 758 2367 :
786 2334 804 2364 ‹
835 2312 1067 2366 Attende
1098 2311 1164 2364 de
1214 2309 1354 2363 coelo
1376 2317 1429 2362 et
1472 2309 1538 2362 de
1581 2305 1886 2360 hahitaculo
1912 2313 2100 2360 sancto

521 2416 615 2460 tuo
638 2414 691 2460 et
712 2403 896 2475 gloriae
926 2413 1048 2465 tuae,
1077 2409 1132 2454 et
1156 2400 1297 2463 vide,
1330 2418 1348 2451 ι
1384 2398 1436 2452 id
1467 2401 1570 2462 est,
1596 2397 1871 2451 miserere.
1905 2395 2100 2448 Videre

520 2496 665 2551 enim
703 2495 797 2547 Dei
827 2491 1069 2546 misereri
1100 2499 1202 2553 est,
1222 2488 1376 2556 juxta
1404 2487 1532 2541 illud
1560 2503 1572 2539 :
1601 2485 1800 2539 Videns
1830 2483 1936 2536 vidi
1962 2483 2099 2536 allii-

521 2587 755 2643 ctionem
779 2584 959 2656 populi
990 2583 1118 2645 mei,
1145 2582 1198 2635 id
1226 2589 1327 2643 est,
1359 2579 1465 2632 vidi
1494 2585 1548 2630 et
1576 2577 1831 2630 misertus
1852 2591 1990 2629 sum.

597 2693 618 2727 ι
651 2674 750 2730 Ubi
774 2682 856 2727 est
881 2672 1030 2725 zelus
1061 2679 1202 2734 tuus,
1229 2689 1246 2720 ι
1267 2669 1318 2722 id
1347 2676 1430 2720 est
1457 2681 1610 2720 amor
1637 2675 1761 2719 tuus
1783 2679 1888 2732 quo
1905 2664 2099 2717 dilexi-

522 2765 594 2820 sti
623 2779 721 2818 nos
755 2773 809 2816 et
831 2770 1014 2831 patres
1047 2759 1296 2814 nostros?
1328 2775 1345 2806 ι
1380 2755 1446 2809 Ει
1488 2754 1746 2808 fortitudo
1773 2764 1886 2818 tua,
1919 2775 1937 2803 ›
1970 2755 2100 2807 sub-

525 2855 680 2909 audis
701 2854 788 2906 ubi
815 2861 918 2916 est,
949 2852 1000 2904 in
1021 2866 1125 2920 qua
1147 2848 1376 2904 eduxisti
1399 2857 1580 2916 patres
1609 2854 1824 2900 nostros
1845 2861 1910 2900 ex
1935 2843 2101 2915 Aigy-

523 2945 648 3013 pto?
677 2963 693 2993 ι
731 2941 1014 2996 Multitudo
1042 2942 1308 2994 viscerum
1341 2946 1551 2990 tuorum
1589 2944 1644 2990 et
1692 2935 2097 2989 miserationum

523 3047 758 3098 tuarum,
795 3055 813 3085 ι
854 3034 1107 3088 subaudis
1153 3032 1242 3085 ubi
1274 3031 1391 3084 est?
1425 3049 1442 3080 ι
1479 3029 1653 3098 Super
1700 3045 1787 3084 me
1814 3030 2097 3084 continue-

523 3134 651 3180 runt
676 3141 733 3180 se
766 3146 784 3176 ι
816 3125 962 3178 zelus
983 3165 998 3188 ,
1027 3123 1275 3176 videlicet
1308 3121 1561 3175 fortitudo
1600 3129 1763 3190 atque
1797 3121 2094 3176 miseratio.

521 3218 681 3272 Zelus
710 3215 974 3285 duplicem
1003 3213 1168 3268 habet
1194 3227 1432 3278 sensum,
1466 3211 1605 3266 sicut
1630 3181 1926 3280 saepissime
1956 3211 2096 3265 mul-
2127 3181 2171 3242 Ο

524 3308 594 3361 tis
623 3307 675 3360 in
706 3305 838 3358 locis
879 3305 1075 3358 dictum
1109 3310 1208 3356 est.
1257 3301 1351 3354 Est
1379 3300 1522 3355 enim
1555 3300 1702 3355 zelus
1735 3301 1931 3366 malus,
1961 3301 2099 3354 invi-

524 3399 626 3452 diae
650 3407 704 3452 et
732 3397 913 3450 fervor
953 3394 1190 3448 malitiae.
1241 3393 1308 3445 Et
1337 3399 1416 3446 est
1445 3391 1594 3446 zelus
1631 3406 1784 3446 amor
1826 3391 2020 3455 bonus,
2048 3399 2103 3446 et

525 3485 707 3540 fervor
731 3485 1032 3540 dilectionis
1067 3483 1163 3536 Dei
1191 3492 1244 3535 et
1268 3481 1521 3550 proximi,
1555 3481 1622 3535 de
1651 3497 1759 3550 quo
1785 3482 1874 3535 hic
1902 3481 2098 3551 agitur,

526 3573 581 3626 id
603 3581 686 3626 est
708 3573 773 3626 de
801 3571 914 3626 zelo
941 3571 1159 3626 amoris.
1190 3571 1411 3625 Viscera
1441 3579 1566 3625 sunt
1595 3571 1848 3624 interiora
1875 3571 2098 3626 ventris.

528 3663 598 3716 Et
621 3662 742 3716 ideo
769 3677 864 3731 per
889 3662 1096 3716 viscera
1122 3677 1228 3716 non
1257 3662 1525 3716 immerito
1552 3661 1775 3717 affectus
1803 3662 2103 3720 dilectionis

528 3739 711 3805 in°hoc
751 3745 868 3804 loco
895 3750 1228 3820 intelligitur.
1259 3750 1356 3804 Ubi
1385 3758 1498 3814 est,
1531 3750 1735 3818 inquit,
1763 3750 1986 3807 affectus
2017 3753 2101 3806 ni-

530 3839 652 3895 miae
675 3839 992 3899 dilectionis.
1029 3855 1136 3908 quo
1166 3855 1264 3895 nos
1293 3841 1561 3895 dilexisti?
1593 3840 1846 3910 Sequitur
1877 3858 1892 3896 :

607 3951 626 3982 ι
665 3931 745 3985 Tu
779 3933 922 3985 enim
954 3931 1113 3986 Pater
1137 3940 1339 3997 noster,
1386 3951 1405 3982 ι
1434 3932 1486 3986 id
1515 3942 1599 3987 est
1621 3932 1846 3987 Creator
1887 3944 2100 3999 noster;

536 4041 553 4071 ι
585 4029 639 4075 et
659 4021 932 4075 Abraham
962 4021 1189 4076 nescivit
1216 4037 1314 4076 nos
1339 4031 1393 4074 et
1429 4021 1592 4075 Israel
1623 4022 1890 4090 ignoravit
1935 4039 2054 4087 nos,
2079 4042 2097 4074 ›

531 4113 586 4166 id
611 4120 694 4168 est
722 4127 826 4166 non
857 4112 1102 4180 cognovit
1137 4127 1237 4166 nos
1270 4128 1390 4167 esse
1417 4113 1556 4167 filios
1596 4129 1743 4178 suos,
1775 4129 1910 4183 quos
1938 4131 1964 4168 a
1997 4115 2106 4169 Deo

533 4215 631 4256 suo
665 4201 972 4270 intelligunt
1001 4215 1105 4254 non
1139 4201 1330 4255 amari.
1378 4201 1565 4256 Patres
1589 4203 1718 4271 justi
1743 4211 1796 4256 et
1821 4205 1995 4258 sancti
2027 4205 2106 4259 di-

533 4299 730 4345 cuntur
759 4290 1008 4360 ignorare
1027 4299 1146 4359 post
1171 4305 1400 4349 mortem
1428 4289 1566 4348 ﬁlios
1595 4310 1720 4349 suos
1751 4296 1938 4363 malos,
1970 4312 2110 4366 quos

531 4382 716 4436 vident
743 4397 774 4435 a
803 4382 913 4436 Deo
958 4383 1211 4438 recedere
1259 4393 1314 4438 et
1360 4401 1455 4440 sua
1497 4387 1721 4455 vestigia
1761 4403 1866 4441 non
1911 4389 2098 4456 sequi:

532 4474 658 4543 quia
703 4488 807 4527 non
850 4473 1191 4542 interpellant
1225 4475 1389 4528 Deum
1416 4491 1514 4543 pro
1556 4476 1710 4544 ipsis,
1743 4491 1916 4545 neque
1957 4478 2100 4530 enim

532 4567 937 4629 exaudirentur,
973 4579 1144 4634 neque
1179 4576 1395 4635 possent
1440 4566 1670 4620 liberare
1695 4583 1788 4622 eos
1817 4583 1844 4620 a
1873 4568 2106 4622 vindicta

534 4658 917 4727 omnipotentis
944 4657 1061 4721 Dei,
1093 4658 1232 4712 sicut
1251 4658 1316 4711 ad
1345 4657 1636 4712 Jeremiam
1662 4659 1801 4712 Deus
1831 4642 2065 4727 loquitur
2093 4679 2104 4713 :

540 4767 557 4798 ι
591 4748 731 4812 Noli,
760 4749 954 4816 inquit,
983 4765 1140 4802 orare
1167 4765 1263 4817 pro
1288 4749 1480 4818 populo
1510 4749 1632 4812 isto,
1662 4749 1785 4819 quia
1811 4764 1917 4802 non
1944 4766 2110 4804 exau-

536 4839 679 4892 diam
708 4847 758 4892 te
793 4838 926 4910 (Jer.
960 4839 1076 4909 vn).
1118 4861 1135 4890 ι
1164 4840 1502 4894 Manifestum
1529 4849 1610 4893 est
1639 4841 1782 4894 enim
1825 4841 1962 4896 filios
1993 4857 2114 4911 per-

536 4943 723 5006 versos
753 4936 804 4983 et
835 4946 865 4982 a
897 4929 1004 4983 Deo
1035 4931 1346 4984 recedentes
1369 4971 1383 4994 ,
1411 4931 1656 4985 oratione
1702 4939 1756 4986 et
1800 4932 2109 5002 interpella-

537 5020 680 5074 tione
719 5028 931 5090 patrum
979 5038 1084 5075 non
1131 5038 1287 5090 posse
1335 5023 1530 5077 salvari
1561 5043 1572 5078 :
1601 5023 1729 5079 licet
1775 5025 1874 5095 ipsi
1927 5035 2109 5092 patres

531 5108 663 5179 justi
691 5108 908 5164 fuerint.
946 5110 1094 5165 Unde
1139 5113 1396 5166 Dominus
1424 5115 1489 5169 ad
1516 5115 1848 5170 Ezechielem
1875 5114 2113 5183 loquitur

538 5199 760 5251 dicens:
789 5218 804 5249 ι
829 5198 961 5254 Vivo
977 5201 1242 5269 ego,dicit
1265 5201 1552 5268 Dominus;
1581 5206 1706 5273 quia
1722 5207 1764 5260 si
1783 5205 1980 5259 fuerint
2001 5214 2112 5260 tres

539 5287 641 5340 viri
682 5288 768 5342 isti
813 5289 865 5342 in
915 5291 1092 5344 medio
1140 5290 1494 5358 Hierusalem,
1527 5294 1661 5360 Noe,
1691 5296 1880 5349 Daniel
1907 5307 1961 5349 et
1987 5296 2110 5362 Job,

539 5377 709 5431 filium
735 5387 787 5432 et
821 5379 980 5432 filiam
1011 5396 1118 5434 non
1163 5381 1492 5448 Iiberabunt;
1529 5387 1619 5438 sed
1653 5387 1749 5454 ipsi
1779 5387 1875 5440 soli
1902 5387 2112 5455 justitia

541 5483 637 5520 sua
661 5466 968 5521 liberabunt
992 5469 1346 5540 animasfsuas
1374 5472 1586 5539 (Ezeclr.
1613 5474 1742 5542 xw).
1773 5496 1792 5527 ι
1823 5477 1955 5543 Quia
1983 5492 2112 5545 ergo

543 5555 626 5607 isti
650 5565 962 5623 peccatores
984 5568 1158 5622 erant,
1176 5568 1228 5612 et
1247 5575 1276 5612 a
1301 5561 1383 5614 via
1402 5563 1492 5616 Dei
1519 5565 1804 5619 recessisse
1823 5581 2111 5636 cognosce-

539 5643 757 5708 bantur,
805 5645 1320 5703 dicuntzAbraham
1370 5660 1424 5704 et
1466 5652 1663 5718 Israel,
1696 5656 1748 5710 id
1795 5667 1879 5710 est
1921 5655 2108 5720 Jacob,

563 5746 788 5800 gnorant
835 5751 934 5790 nos
982 5737 1119 5793 filios
1169 5756 1288 5795 esse
1332 5757 1483 5805 suos,
1517 5745 1582 5797 ad
1612 5747 1711 5800 hoc
1741 5756 1797 5800 ut
1825 5763 1923 5815 pro
1951 5749 2107 5802 nobis

2202 1944 2309 2007 nis,
2339 1959 2459 1998 cum
2487 1959 2592 1997 non
2622 1952 2838 1999 revocat
2859 1943 2927 1997 ab
2947 1959 3152 2006 errore,
3181 1952 3235 1999 et
3263 1959 3385 1998 cum
3409 1961 3439 1998 a
3474 1945 3683 1999 duritia
3703 1962 3792 2001 cor

2201 2036 2344 2090 illius
2368 2051 2474 2089 non
2503 2036 2726 2089 emollit.
2780 2036 2935 2090 Sicut
2958 2037 3024 2091 de
3047 2035 3331 2092 Pharaone
3358 2038 3566 2092 dicitur
3593 2038 3785 2108 (Exod.

2202 2141 2274 2190 IV,
2307 2141 2341 2179 ι
2368 2134 2424 2179 et
2452 2125 2552 2194 χι),
2581 2126 2725 2194 quod
2755 2125 3029 2180 induravit
3062 2126 3319 2182 Dominus
3341 2143 3436 2183 cor
3467 2129 3611 2198 ejus,
3640 2131 3693 2183 id
3714 2141 3792 2186 est

2202 2231 2308 2270 non
2349 2215 2630 2269 emollivit.
2689 2215 2765 2269 Eo
2811 2216 2972 2269 modo
3020 2215 3316 2286 loquuntur
3366 2217 3460 2272 isti
3511 2220 3788 2284 dicentes,

2201 2321 2370 2375 quare
2414 2305 2707 2373 permisisti
2752 2320 2849 2359 nos
2895 2321 3113 2371 errare,
3147 2307 3402 2373 Domine,
3429 2309 3498 2363 de
3527 2311 3636 2363 viis
3665 2314 3788 2374 tuis,

2203 2394 2256 2448 id
2280 2404 2363 2448 est
2398 2395 2450 2448 in
2486 2396 2757 2450 mandatis
2785 2395 3078 2464 etjudiciis
3109 2398 3251 2452 tuis?
3291 2399 3358 2451 Et
3383 2413 3555 2466 quare
3595 2404 3792 2470 permi-

2201 2485 2320 2538 sisti
2346 2485 2583 2537 indurari
2616 2501 2710 2539 cor
2738 2496 2979 2540 nostrum
3001 2527 3015 2549 ,
3045 2487 3420 2556 suspendendo
3462 2488 3691 2560 flagella,
3720 2509 3784 2547 ne

2203 2577 2516 2630 timeremus
2560 2579 2648 2630 te?
2677 2577 2857 2648 (Prov.
2890 2579 3325 2650 ui.)'Sciremus
3378 2583 3570 2652 utique
3617 2587 3785 2641 zelum

2204 2677 2376 2731 tuum,
2408 2668 2460 2721 id
2505 2678 2588 2722 est
2630 2684 2868 2722 amorem
2899 2678 3068 2732 tuum,
3099 2671 3379 2727 nobiscum
3409 2688 3552 2737 esse,
3599 2692 3789 2732 secun-

2202 2757 2325 2810 dum
2349 2757 2477 2811 illud
2509 2775 2520 2810 :
2559 2778 2576 2808 ‹
2611 2757 2778 2824 Quem
2811 2758 2983 2829 diligit
3007 2761 3265 2815 Dominus
3290 2764 3539 2833 corripit,
3557 2765 3789 2838 ﬂagellat

2200 2863 2417 2902 omnem
2436 2849 2602 2902 filium
2617 2863 2776 2918 quem
2795 2852 3001 2920 recipit.
3033 2872 3050 2904 ι
3075 2853 3278 2918 Quibus
3299 2869 3428 2910 vero
3442 2859 3790 2917 vehementer

2201 2948 2282 2994 est
2311 2940 2508 3003 iratus,
2547 2956 2575 2992 a
2606 2941 2959 3028 percutienda
3003 2958 3223 2998 manum
3264 2950 3545 3016 suspendit
3571 2952 3626 3004 in
3656 2968 3786 3021 pne-

2201 3030 2361 3094 senti,
2397 3038 2454 3082 ut
2498 3031 2552 3084 in
2598 3029 2778 3084 futuro
2825 3036 3316 3090 remunerationem
3363 3041 3627 3109 recipiant
3677 3061 3783 3100 sine

2200 3120 2524 3188 iniquitatis.
2567 3121 2718 3176 Unde
2755 3124 3076 3191 quibusdam
3125 3127 3255 3180 dicit
3285 3144 3300 3181 :
3330 3146 3348 3178 ε
3383 3129 3498 3185 Νοη
3529 3135 3777 3198 visitabo,

2205 3208 2472 3278 inquiens,
2505 3225 2668 3279 super
2696 3211 2836 3266 filias
2865 3222 3072 3268 vestras
3100 3231 3221 3269 cum
3255 3217 3445 3272 fuerint
3469 3220 3770 3290 fornicata;

2204 3308 2258 3354 et
2283 3315 2443 3370 super
2468 3300 2605 3355 filios
2631 3311 2842 3357 vestros
2865 3318 2986 3357 cum
3019 3305 3434 3362 adulteraveriut
3459 3311 3597 3376 (ωδε.
3633 3321 3760 3382 Ivj.»

2211 3409 2229 3440 ί
2265 3389 2554 3444 Revertere
2584 3401 2804 3459 propter
2843 3407 3026 3446 servos
3075 3403 3214 3458 tuos,
3248 3415 3268 3446 ι
3297 3397 3548 3452 subaudis
3594 3414 3775 3470 patres

2207 3490 2442 3543 nostros,
2471 3479 2766 3546 Abraham,
2797 3482 2944 3536 Isaac
2980 3491 3035 3537 et
3074 3482 3268 3547 Jacoh,
3296 3487 3390 3556 qui
3430 3490 3589 3544 modo
3634 3492 3780 3561 igno-

2208 3579 2331 3624 rant
2359 3585 2476 3634 nos,
2511 3570 2754 3625 videntes
2776 3587 2874 3626 nos
2895 3581 2998 3627 ate
3038 3589 3144 3628 non
3177 3577 3371 3641 amari,
3401 3598 3419 3628 ι
3459 3592 3517 3634 et
3562 3595 3782 3651 propter

2209 3661 2382 3714 tribus
2433 3660 2760 3715 lmreditatis
2811 3670 2932 3717 tum.
2965 3683 2984 3714 ι
3034 3664 3346 3731 Revertere,
3381 3670 3576 3738 inquit,
3609 3673 3663 3727 id
3703 3687 3783 3729 est

2209 3749 2322 3804 redi
2351 3749 2418 3802 ad
2447 3765 2545 3804 nos
2570 3750 2638 3803 ad
2663 3751 3091 3808 misericordiam
3125 3763 3274 3810 tuam
3298 3771 3312 3810 :
3336 3768 3394 3813 et
3419 3760 3528 3815 hoc
3558 3777 3668 3817 non
3695 3781 3784 3819 no-

2210 3840 2338 3894 stris
2358 3841 2566 3895 meritis
2589 3845 3046 3912 promerentibus;
3077 3848 3169 3900 sed
3200 3859 3420 3918 propter
3450 3860 3603 3908 tuam
3637 3858 3788 3911 mise-

2211 3930 2498 3984 ricordiam
2521 3931 2922 3997 exuberantem,
2946 3945 3000 3987 et
3021 3945 3240 4004 propter
3261 3952 3447 3994 servos
3468 3950 3591 3998 tuos
3611 3957 3784 4012 patres

2213 4029 2423 4074 nostros
2446 4020 2538 4089 qui
2585 4020 2679 4074 tibi
2715 4022 3050 4090 placuerunt.
3089 4025 3325 4092 Quorum
3353 4029 3447 4084 filii
3480 4047 3673 4089 sumus
3700 4051 3788 4105 per

2212 4128 2451 4177 carnem,
2481 4111 2605 4166 licet
2633 4113 2701 4168 ab
2720 4113 2823 4169 illis
2852 4131 2955 4169 non
2984 4131 3373 4186 cognoscamur
3396 4134 3630 4193 propter
3659 4126 3784 4180 iram

2211 4202 2440 4272 peccati.

2289 4310 2306 4340 ι
2339 4290 2504 4357 Quasi
2549 4291 2776 4346 nihilum
2828 4296 3182 4363 possederunt
3228 4299 3489 4368 populum
3546 4314 3782 4358 sanctum

2212 4391 2382 4446 tuum,
2417 4383 2600 4438 hostes
2632 4385 2799 4438 nostri
2826 4386 3278 4443 conculcaverunt
3303 4393 3782 4450 sanctificationem

2210 4481 2396 4527 tuam:
2425 4473 2547 4528 facti
2585 4490 2769 4530 sumus
2800 4476 2939 4530 sicut
2975 4478 3027 4530 in
3064 4480 3346 4548 principio,
3380 4498 3508 4536 cum
3557 4503 3664 4541 non
3691 4489 3776 4539 do-

2212 4565 2496 4619 minareris
2539 4567 2739 4630 nostri,
2786 4583 2960 4636 neque
3008 4570 3348 4625 invocaretur
3390 4590 3593 4629 nomen
3637 4592 3782 4646 super

2213 4670 2330 4708 nos.
2355 4674 2373 4705 ›
2409 4655 2571 4721 Quasi
2597 4657 2841 4721 nihilum,
2873 4659 3065 4727 inquit,
3096 4659 3146 4713 id
3181 4670 3262 4715 est
3287 4662 3404 4717 sine
3433 4665 3787 4720 reluctatione

2212 4752 2416 4807 nostra,
2446 4754 2499 4797 et
2525 4746 2640 4798 sine
2667 4761 2763 4798 suo
2794 4747 2977 4802 labore
3001 4750 3286 4817 possedere
3321 4769 3423 4807 nos
3464 4755 3656 4811 hostes
3697 4775 3789 4811 no-

2213 4836 2335 4900 stri,
2360 4835 2592 4889 Chaldaei
2638 4836 2890 4892 videlicet
2932 4848 3095 4908 atque
3137 4841 3365 4896 Romani
3396 4862 3407 4896 :
3434 4849 3794 4902 conculcave-

2215 4936 2337 4978 runt
2364 4927 2842 4982 sanctificationem
2871 4939 3038 5000 tuam,
3062 4931 3116 4985 id
3142 4941 3225 4986 est
3254 4935 3511 5004 templum
3541 4950 3795 4994 sanctum

2214 5025 2381 5080 tuum,
2417 5025 2527 5071 tam
2553 5017 2827 5089 Babylonii
2853 5035 3014 5089 quam
3042 5022 3268 5077 Romani
3296 5039 3310 5078 :
3334 5024 3576 5097 factique
3609 5047 3796 5086 sumus

2213 5110 2354 5163 sicut
2379 5110 2430 5162 in
2461 5111 2725 5179 principio
2746 5127 2865 5164 cum
2897 5128 3001 5166 non
3029 5115 3382 5172 dominareris
3407 5121 3605 5183 nostri,
3636 5123 3690 5176 id
3719 5135 3798 5177 est

2217 5209 2506 5270 antequam
2531 5218 2848 5258 vocaremur
2871 5204 2923 5258 in
2955 5205 3248 5273 Abraham,
3274 5210 3401 5279 quia
3440 5211 3630 5267 Thare
3656 5215 3795 5270 idola

2214 5290 2382 5345 coluit
2407 5293 2678 5360 quondam
2703 5308 2715 5345 :
2741 5294 2823 5348 vel
2859 5296 3072 5364 quando
3100 5312 3316 5353 eramus
3347 5300 3402 5353 in
3429 5301 3676 5373 Egypto
3706 5322 3794 5359 co-

2214 5383 2387 5439 lentes
2413 5384 2575 5449 idola,
2611 5401 2714 5438 non
2745 5386 3002 5442 habentes
3043 5405 3244 5459 regem,
3273 5406 3449 5461 neque
3494 5396 3796 5465 principes,

2214 5492 2389 5545 neque
2415 5479 2725 5545 prophetas,
2756 5479 2846 5532 sed
2867 5495 3084 5534 eramus
3113 5481 3230 5535 sine
3261 5481 3391 5545 Deo,
3422 5493 3478 5538 et
3501 5485 3624 5539 sine
3659 5487 3796 5556 lege,

2215 5575 2268 5619 et
2293 5567 2408 5620 sine
2433 5567 2730 5621 sacerdote.
2781 5567 2902 5622 Haec
2950 5569 3073 5624 licet
3114 5585 3180 5624 ex
3218 5579 3372 5639 parte
3407 5583 3534 5628 ante
3581 5573 3796 5630 Demim

2213 5659 2499 5712 adventum
2530 5659 2790 5727 completa
2832 5661 2971 5722 sint,
2999 5662 3178 5715 omnia
3223 5671 3402 5717 tamen
3429 5676 3550 5733 post
3580 5667 3800 5720 Domini

2213 5747 2512 5814 passionem
2541 5746 2754 5814 impleta
2788 5757 2910 5801 sunt
2939 5766 2950 5802 :
2977 5757 3029 5803 et
3073 5747 3310 5819 quotidie
3342 5751 3638 5821 implentur
3670 5755 3801 5807 dum
