4016 6496
241 427 371 481 ιυδι
1288 415 1638 477 COMMENT-
1680 414 1744 469 lN
1785 409 2031 469 ISAIAM.
2069 438 2137 448 --
2173 410 2301 465 LIB.
2339 413 2421 467 Ill.
3334 412 3466 467 1069
3516 478 3520 484 Δ

235 543 419 592 manet
441 550 601 606 super
622 536 737 590 illos
761 535 846 589 illa
868 531 1191 594 maledictio,
1218 544 1379 598 quam
1398 529 1500 583 sibi
1523 524 1799 596 imprecati
1828 527 1875 585 Α
1902 522 2032 577 datis
2051 530 2212 592 atque
2239 524 2491 580 omnibus
2524 525 2874 592 adversariis,
2918 525 3058 595 quod
3086 539 3241 580 Jesus
3268 525 3336 579 sit
3367 540 3465 579 no—

236 636 363 683 sunt
405 629 684 687 dicentes:
715 648 733 678 ι
762 625 994 697 Sanguis
1040 622 1157 693 ejus
1186 636 1349 692 super
1388 634 1486 674 nos
1534 627 1590 673 et
1639 630 1800 685 super
1898 626 2022 667 men
2065 623 2235 667 tuum.
2288 613 2383 669 Sin
2430 622 2609 669 autem
2656 615 2940 685 legerimus
2986 616 3279 670 secundum
3321 615 3466 685 quod

236 717 375 772 ﬁlios
400 724 617 772 nostros
643 715 856 787 (Matth.
884 712 1077 782 xxvii).
1108 730 1127 763 ι
1156 709 1403 777 Quandiu
1446 708 1588 762 enim
1620 707 1672 759 in
1700 719 1797 759 ve-
1898 700 2252 771 Symmachus
2278 705 2567 770 transtulit,
2592 714 2646 759 et
2670 720 2822 775 aqute
2845 706 3010 759 maris
3033 705 3289 761 arderent
3314 706 3424 777 igni
3448 722 3463 758 :

1895 808 1993 863 per
2020 808 2189 863 aquas
2216 796 2474 850 debemus
2499 797 2797 868 intelligere
2826 797 3053 867 populos
3074 797 3232 868 hujus
3254 799 3462 863 mundi,

1895 880 1988 949 qui
2006 881 2378 951 signiﬁcantur
2405 899 2501 952 per
2529 900 2699 950 mare,
2743 885 2799 941 in
2827 884 3023 954 quibus
3042 893 3360 955 consumpta
3380 895 3466 941 est

1897 971 2184 1027 inﬁdelitas
2206 972 2275 1027 ab
2293 974 2415 1043 igne
2429 974 2662 1045 Spiritus
2681 976 2886 1040 sancti,
2910 976 2978 1030 de
3001 991 3110 1045 quo
3134 975 3261 1031 dicit
3282 976 3465 1030 Domi-

1897 1079 1996 1118 uus
2024 1082 2037 1118 :
2073 1081 2093 1116 ι
2120 1064 2302 1135 Ignem
2326 1066 2450 1120 veni
2480 1067 2696 1122 mittere
2721 1068 2777 1122 in
2798 1075 2998 1123 terram
3024 1067 3172 1138 (Luc.
3202 1068 3337 1139 xu):
3361 1087 3380 1120 ι
3406 1077 3463 1123 et

1896 1150 2221 1208 inﬂammata
2259 1163 2342 1210 est
2387 1155 2671 1211 dilectione
2706 1156 2802 1212 Dei
2839 1166 2895 1213 et
2943 1159 3197 1228 proximi.
3237 1157 3463 1213 Notum-

1894 1256 2001 1309 que
2028 1240 2230 1297 factum
2269 1259 2466 1300 nomen
2514 1255 2598 1299 est
2641 1246 2875 1302 inimicis
2895 1247 3041 1302 illius
3069 1246 3285 1310 Judaais,
3319 1248 3461 1315 quod

1894 1331 2050 1388 Jesus
2076 1343 2384 1399 vocaretur,
2418 1335 2468 1389 id
2492 1344 2577 1390 est
2614 1336 2881 1402 Salvator,
2916 1338 3008 1407 qui
3034 1337 3259 1403 salvavit
3287 1351 3460 1405 popu—

1895 1420 2002 1474 lum
2029 1422 2082 1474 in
2112 1436 2171 1476 se
2197 1425 2525 1478 credentem.
2557 1424 2711 1492 Quod
2736 1434 2914 1480 autem
2944 1426 3209 1495 sequitur,
3251 1441 3281 1480 a
3324 1426 3465 1479 facie

1895 1521 1984 1567 tua
2012 1523 2199 1582 gentes
2224 1515 2590 1581 turbarentur,
2621 1526 2677 1571 et
2704 1517 2757 1571 in
2791 1516 2896 1571 alia
2914 1517 3265 1571 translatione
3292 1516 3463 1570 babe-

1894 1610 1982 1656 tur
2024 1605 2538 1691 commovebuntur,
2587 1608 2655 1661 ad
2708 1606 2866 1662 ﬁdem
2910 1607 3149 1677 gentium
3205 1607 3460 1676 pertinet,

1893 1709 2120 1763 quarum
2150 1695 2311 1751 corda
2336 1704 2482 1749 mota
2510 1706 2637 1751 sunt
2657 1698 2723 1751 ad
2749 1699 3143 1768 paenitentiam,
3186 1707 3242 1753 et
3277 1700 3343 1753 de
3376 1715 3463 1753 er-

1894 1797 2017 1837 rore
2060 1784 2127 1837 ad
2170 1783 2347 1850 ﬁdem,
2385 1800 2504 1853 qua:
2528 1795 2686 1841 antea
2729 1786 3024 1841 immobilia
3056 1787 3110 1840 in
3151 1787 3462 1845 inﬁdelitate

236 812 437 859 tustate
481 803 615 873 legis
664 801 1083 873 permanserint,
1114 809 1170 853 et
1199 796 1470 868 Evangelii
1518 794 1798 849 veritatem

233 908 341 948 non
374 892 697 963 receperint,
724 903 1065 960 nequaquam
1091 886 1318 957 populus
1364 886 1455 939 Dei
1497 882 1796 945 vocabitur,

232 992 291 1038 ut
317 998 349 1037 a
372 982 589 1039 Christo
611 981 954 1039 Christianus
980 985 1336 1046 nuncupetur.

790 1168 1225 1228 CAPUT‘LXIV.

306 1350 324 1383 ι
347 1331 560 1388 Utinam
588 1328 923 1398 dirumperes
948 1326 1136 1386 caelos.
1162 1333 1219 1380 et
1243 1324 1614 1379 descenderes.
1639 1322 1686 1375 Δ
1714 1321 1796 1374 fa-

230 1422 312 1475 cie
329 1430 416 1475 tua
440 1416 981 1481 montesdeﬂuerent,
1007 1416 1146 1470 sicut
1164 1412 1375 1469 exustio
1396 1412 1535 1481 ignis
1556 1411 1796 1466 tabesce-

228 1520 350 1565 rent
384 1519 544 1580 atque
584 1509 835 1564 arderent
861 1506 990 1577 igni.
1018 1524 1038 1556 ι
1073 1504 1198 1558 Sive
1222 1503 1514 1558 secundum
1545 1500 1793 1572 Symma-

225 1603 409 1666 chum,
438 1616 593 1670 aqua:
613 1601 680 1655 de
709 1600 847 1654 mari
873 1598 1129 1652 arderent
1160 1594 1271 1665 igni
1301 1611 1321 1645 ι
1343 1605 1402 1648 ιιι
1430 1602 1617 1647 ιιοιιιιιι
1640 1591 1797 1647 ﬁeret

227 1709 422 1750 nomen
452 1702 599 1748 tuum
628 1691 863 1746 inimicis
890 1689 1017 1744 tuis.
1044 1687 1089 1743 A
1111 1686 1253 1743 facie
1278 1696 1369 1741 tua
1398 1693 1585 1755 gentes
1612 1684 1795 1739 turba-

228 1795 415 1840 rentur
440 1805 460 1838 ι
509 1782 782 1846 subaudis,
831 1781 877 1836 si
906 1779 1285 1835 descenderes.
1326 1776 1634 1830 Praevidens
1663 1789 1792 1844 pro-

225 1875 387 1943 pheta
424 1873 590 1928 lsaias
622 1870 827 1940 Spiritu
853 1878 1040 1925 sancto
1068 1866 1168 1924 sibi
1201 1867 1474 1922 revelante
1501 1867 1786 1921 adventum
1822 1862 1865 1922 Β
1892 1876 2199 1931 manebant,

226 1961 439 2015 Domini
488 1958 751 2023 futurum,
792 1957 1108 2028 mysterium
1146 1954 1357 2011 scilicet
1401 1952 1788 2009 incarnationis

225 2052 346 2107 Filii
377 2051 491 2116 Dei,
534 2060 588 2106 et
624 2051 977 2121 abjectiouem
1015 2047 1195 2118 populi
1227 2047 1332 2111 sui,
1371 2055 1427 2100 et
1453 2045 1787 2101 vocationem

224 2143 496 2211 gentium,
531 2141 766 2209 loquitur
804 2154 873 2193 ex
911 2153 1139 2208 persona
1179 2153 1274 2191 sua
1304 2144 1359 2190 et
1385 2136 1624 2190 omnium
1659 2148 1787 2187 san-

223 2242 434 2286 ctorum
478 2231 907 2301 patriarcharum
943 2237 998 2283 et
1033 2230 1453 2299 pmpbetarum,
1500 2226 1786 2280 adventum

221 2323 364 2379 illius
390 2323 807 2379 desiderantium
845 2339 858 2375 :
900 2320 1114 2377 Utinam
1144 2320 1501 2387 dirumperes,
1540 2315 1786 2379 Domine,

223 2416 388 2470 caelos
407 2422 462 2469 et
482 2413 851 2477 descenderes,
870 2412 922 2466 id
941 2418 1044 2476 est,
1060 2410 1269 2464 utinam
1284 2408 1522 2478 aperires
1533 2406 1719 2470 ctelos,
1734 2412 1790 2461 et

221 2507 577 2563 descenderes
598 2506 664 2560 de
690 2505 813 2559 sinu
836 2512 1075 2572 paterna:
1111 2500 1410 2571 majestatis
1448 2500 1541 2571 (in
1570 2513 1677 2568 quo
1706 2497 1788 2550 in-

222 2595 551 2652 accessibilis
574 2605 631 2650 et
658 2592 942 2649 invisibilis
967 2607 1026 2646 es
1055 2591 1255 2646 nostris
1285 2588 1634 2659 aspectibus),
1657 2595 1712 2641 et
1736 2594 1787 2640 te

221 2689 559 2743 incarnatum
590 2694 755 2755 atque
782 2683 1047 2739 visibilem
1078 2680 1329 2737 humanis
1366 2679 1676 2750 aspectibus
1705 2692 1788 2732 os-

220 2776 490 2831 tenderes.
535 2775 603 2828 Et
646 2774 764 2843 ipso
810 2787 996 2827 amore
1038 2772 1262 2826 ardebat
1295 2769 1616 2832 Psalmista,
1663 2782 1786 2821 cum

220 2868 433 2924 dicebat
464 2885 478 2921 :
510 2885 529 2918 ι
555 2865 775 2929 Excita,
806 2863 1048 2926 Domine,
1077 2863 1370 2931 potentiam
1395 2868 1568 2923 tuam,
1591 2856 1785 2913 etveui

221 2954 393 3024 (Psal.
434 2953 641 3025 Lxxtx).
676 2973 694 3004 ι
730 2954 806 3007 Ex
837 2954 938 3006 hoc
964 2951 1231 3006 desiderio
1255 2948 1519 3020 ﬂagrabat
1548 2947 1784 3018 patriar-

220 3047 321 3101 eha
338 3045 629 3109 Abraham,
653 3044 719 3098 de
736 3058 844 3112 quo
869 3040 1125 3095 Dominus
1146 3038 1281 3094 dixit
1299 3037 1500 3092 Judwis
1530 3054 1543 3089 :
1573 3056 1591 3086 ι
1612 3036 1785 3089 Abra-

220 3139 347 3195 ham
382 3145 535 3207 pater
559 3143 737 3190 vester
771 3132 1059 3189 exsultavit
1097 3139 1156 3185 ut
1186 3129 1395 3184 videret
1436 3128 1578 3183 diem
1603 3140 1781 3181 meum

1964 1983 1984 2017 ι
2010 1966 2141 2020 Cum
2187 1966 2382 2023 feceris
2408 1969 2569 2033 mira,
2612 1982 2719 2023 non
2764 1968 3168 2024 sustinebimus.
3208 1988 3227 2022 ι
3265 1968 3458 2024 Consi—

1890 2055 2086 2110 derans
2115 2057 2373 2126 propheta
2415 2057 2682 2127 lapideum
2721 2073 2816 2112 cor
2837 2057 3165 2122 Judceorum,
3196 2066 3250 2112 et
3269 2056 3461 2126 praevi-

1889 2144 2022 2199 dens
2046 2159 2231 2198 eorum
2275 2146 2529 2200 duritiam
2558 2155 2720 2216 atque
2767 2146 3178 2214 blasphemiam,
3218 2146 3353 2201 dixit
3388 2160 3457 2199 ex

1887 2247 2119 2302 persona
2148 2232 2444 2288 inﬁdelium
2474 2252 2487 2287 :
2515 2233 2649 2289 Cum
2690 2234 2887 2289 feceris
2911 2233 3201 2305 (inquiens)
3229 2235 3452 2288 mirabi-

1888 2320 1959 2375 lia
1988 2320 2155 2376 multa
2199 2322 2255 2376 in
2286 2323 2443 2377 terris
2488 2332 2727 2393 tempore
2767 2322 3153 2377 incarnationis
3184 2331 3307 2388 tute,
3351 2338 3459 2378 non

1887 2413 2156 2482 patienter
2175 2415 2582 2469 sustinebimus.
2630 2414 2783 2480 Quod
2809 2429 2873 2468 ex
2910 2414 3092 2468 multis
3119 2414 3251 2470 locis
3281 2414 3456 2468 sancti

1886 2505 2159 2575 Evangelii
2198 2520 2483 2576 possumus
2517 2507 2840 2575 approbare,
2882 2506 2935 2560 in
2965 2507 3161 2574 quibus
3201 2514 3458 2560 narratur

1887 2592 2099 2649 Judmos
2137 2610 2354 2664 semper
2384 2595 2595 2649 Domini
2627 2594 2898 2650 miraculis
2942 2595 3235 2661 obstitisse,
3285 2604 3340 2651 et
3366 2612 3459 2666 pa-

1889 2692 2037 2737 ratos
2059 2698 2182 2738 esse
2203 2685 2271 2738 ad
2292 2683 2791 2753 blasphemandum.
2809 2683 2872 2736 Et
2886 2684 3036 2753 quasi
3047 2683 3160 2753 jam
3175 2683 3461 2737 exauditus

1887 2780 2031 2828 esset
2070 2775 2328 2843 propheta
2372 2788 2440 2828 ex
2485 2774 2588 2828 hoc
2620 2774 2762 2843 quod
2799 2774 2957 2843 paulo
2997 2774 3243 2843 superius
3280 2774 3461 2829 excla-

1886 2872 2128 2919 maverat
2143 2865 2348 2929 dicens,
2369 2883 2387 2915 ι
2414 2865 2621 2917 utinam
2639 2863 2973 2932 dirumperes
2987 2863 3154 2919 caelos
3171 2872 3227 2918 et
3240 2863 3463 2918 descen-

1885 2953 2062 3020 deres,
2104 2975 2123 3008 ι
2166 2953 2441 3023 subiunxit
2488 2955 2715 3010 dicens:
2745 2953 3146 3021 «Descendisti,
3183 2973 3201 3005 ι
3236 2955 3291 3010 id
3355 2964 3459 3020 est,

1890 3063 1909 3095 ι
1933 3042 2166 3099 Verbum
2196 3061 2321 3099 caro
2348 3043 2544 3099 factum
2566 3053 2671 3107 est,
2694 3062 2712 3095 ι
2746 3059 2765 3093 ι
2794 3050 2849 3097 et
2882 3058 2912 3096 a
2934 3043 3071 3098 facie
3091 3052 3232 3108 tua,»
3253 3044 3305 3099 id
3321 3050 3405 3101 est
3425 3059 3458 3098 a

1884 3125 2183 3209 prteseutia'
2193 3148 2281 3193 tua
2308 3158 2325 3190 ι
2350 3147 2558 3193 montes
2579 3136 2965 3200 deﬂuxerunt,»
2986 3135 3039 3191 id
3060 3144 3164 3202 est,
3187 3136 3459 3192 darmones

220 3200 589 3299 (Joan.vm).»
611 3223 869 3279 Similiter
890 3235 1079 3276 omnes
1105 3221 1279 3274 sancti
1300 3220 1369 3273 ab
1390 3218 1544 3272 initio
1573 3216 1779 3279 mundi,
1810 3200 1856 3261 C
1885 3200 1942 3282 ξι
1961 3227 2129 3283 Judaei
2155 3228 2519 3290 crediderunt,
2536 3235 2856 3295 ροιθειδιεηι
2877 3237 2931 3280 ει
2954 3200 3179 3295 εισι-επ,
3206 3228 3461 3282 amitte"-

219 3319 311 3388 qui
334 3317 544 3373 Domini
565 3316 852 3370 adventum
873 3314 927 3366 in
949 3326 1114 3367 carne
1134 3309 1371 3363 futurum
1388 3348 1404 3369 ,
1429 3306 1633 3377 Spiritu
1660 3320 1785 3359 san-

216 3417 310 3463 cto
336 3407 609 3462 revelante
644 3410 1011 3475 cognoverunt
1042 3420 1055 3454 :
1084 3410 1140 3455 et
1178 3400 1622 3455 desideraverunt
1659 3410 1783 3450 eum

216 3497 403 3552 venire
426 3503 484 3550 et
506 3495 708 3558 videre,
731 3494 872 3547 sicut
895 3492 1009 3560 ipse
1037 3489 1300 3544 Dominus
1321 3489 1457 3543 dixit
1487 3486 1781 3557 apostolis:

221 3607 241 3637 ι
270 3586 420 3642 Beati
444 3584 582 3640 oculi
609 3583 700 3653 qui
738 3582 926 3637 vident
950 3596 1071 3651 qua:
1102 3594 1192 3634 vos
1231 3577 1444 3634 videtis.
1483 3578 1615 3633 Dico
1640 3576 1786 3632 enim

217 3679 389 3743 vobis,
417 3678 541 3748 quia
568 3676 719 3730 multi
745 3688 898 3745 reges
919 3682 973 3728 et
996 3672 1270 3743 prephetae
1298 3671 1582 3726 voluerunt
1602 3670 1787 3724 videre

219 3783 338 3837 qua:
365 3782 461 3822 vos
487 3765 698 3828 videtis,
721 3772 779 3817 et
805 3778 911 3817 non
933 3761 1183 3817 viderunt
1206 3759 1420 3831 (Matth.
1444 3759 1584 3828 xm),
1615 3776 1635 3809 ι
1676 3764 1783 3812 etc.

221 3854 423 3911 Tamen
448 3871 570 3911 cum
592 3854 723 3909 dicit
744 3853 1024 3924 propheta,
1048 3870 1067 3903 ι
1102 3851 1305 3906 utinam
1324 3849 1662 3918 dirumperes
1677 3862 1788 3902 caa-

219 3948 302 4002 los
326 3955 382 4001 et
405 3945 778 4010 descenderes,
800 3962 819 3994 ι
843 3958 948 3998 non
974 3943 1229 3998 debemus
1256 3949 1444 4011 putare
1460 3941 1626 3994 Deum
1644 3939 1789 3994 loca-

219 4039 342 4093 liter
368 4037 660 4101 habitasse,
682 4036 777 4091 sed
813 4035 1035 4090 credere
1068 4034 1325 4088 debemus
1352 4032 1514 4103 (sicut
1537 4039 1788 4087 auctores

220 4128 426 4199 dicunt)
468 4126 617 4181 illum
655 4126 851 4197 ubique
890 4138 1042 4190 esse,
1077 4132 1134 4178 et
1178 4123 1269 4177 ubi
1303 4130 1421 4177 erat
1464 4122 1536 4176 ibi
1580 4136 1788 4176 assum-

219 4221 390 4291 psisse
419 4234 658 4283 carnem,
679 4219 805 4287 quia
826 4217 1022 4286 ubique
1047 4224 1189 4270 totus
1213 4222 1349 4269 erat.
1374 4214 1581 4269 Caelum
1607 4221 1787 4268 autem

220 4310 511 4381 appellavit
544 4308 929 4380 plenitudinem
958 4315 1199 4378 paternae
1235 4305 1556 4375 maiestatis,
1585 4307 1640 4360 in
1680 4320 1787 4374 qua

221 4401 334 4470 ipse
385 4399 606 4469 aequalis
650 4406 735 4453 est
782 4396 950 4451 Patri.
995 4395 1063 4451 Et
1108 4396 1263 4465 quasi
1310 4403 1438 4449 tunc
1487 4394 1784 4456 descendit,

220 4490 436 4563 quando
465 4487 767 4544 humiliavit
794 4486 1145 4555 semetipsum
1175 4482 1519 4552 suscipiendo
1544 4495 1783 4535 carnem.

1888 3325 1966 3369 tes
1988 3330 2150 3384 quam
2175 3315 2441 3369 habebant
2464 3315 2518 3368 in
2548 3316 2649 3367 hoc
2676 3313 2895 3367 mundo.
2931 3314 3080 3368 Unde
3106 3314 3365 3368 Dominus
3391 3315 3458 3368 de

1885 3404 2099 3460 diabolo
2124 3404 2254 3460 dicit
2284 3422 2297 3456 :
2330 3420 2347 3453 ι
2377 3402 2530 3457 Nunc
2551 3402 2798 3472 princeps
2815 3399 2974 3470 hujus
3001 3402 3185 3455 mundi
3210 3400 3460 3469 ejicietur

1885 3493 2032 3550 foras
2059 3493 2242 3563 (loan.
2284 3494 2404 3563 xu).
2442 3513 2461 3544 ι
2495 3493 2562 3547 Et
2602 3494 2668 3547 de
2697 3491 2897 3547 Iudaeis
2926 3510 2939 3545 :
2974 3512 2992 3544 ι
3031 3492 3324 3547 Tolletura
3359 3507 3455 3547 vo-

1883 3585 1968 3639 bis
1994 3598 2215 3655 regnum
2258 3583 2356 3637 Dei
2407 3581 2620 3652 (Mattlt.
2644 3588 2783 3651 xxt),
2820 3601 2839 3633 ι
2877 3581 2930 3636 id
2968 3589 3071 3645 est,
3122 3596 3279 3636 sacra
3310 3581 3458 3636 Scri-

1884 3683 2062 3744 ptura,
2092 3682 2148 3729 et
2183 3673 2360 3729 omnis
2376 3672 2570 3750 .gloria
2604 3671 2718 3726 sive
2744 3670 2995 3741 dignitas.
3027 3670 3282 3741 Sequitur
3309 3689 3321 3724 :
3359 3689 3376 3721 ι
3409 3675 3455 3725 Α

1885 3764 2079 3819 δωουιο
2122 3780 2229 3818 non
2275 3763 2580 3826 audierunt,
2610 3781 2628 3812 ι
2656 3761 2708 3815 id
2759 3770 2865 3826 est,
2917 3761 2985 3816 ab
3032 3760 3184 3816 initio
3229 3762 3341 3816 sive
3388 3763 3457 3816 ab

1885 3858 2108 3913 exordio
2157 3854 2366 3921 mundi,
2409 3874 2429 3906 ‹
2456 3868 2632 3922 neque
2674 3852 2916 3916 auribus,
2949 3871 2968 3904 ι
3022 3851 3279 3907 subaudis
3330 3867 3454 3907 cor-

1884 3947 2052 4018 poris,
2088 3961 2106 3995 t
2135 3949 2512 4014 perceperunt,
2551 3961 2570 3993 ι
2599 3939 2855 3995 subaudis
2871 3940 3032 4006 bona,
3062 3958 3079 3991 ι
3109 3955 3228 4009 qua:
3248 3956 3458 4011 praapa-

1886 4038 2019 4093 rasti
2047 4036 2249 4093 sanctis
2282 4034 2407 4088 tuis.
2446 4054 2465 4086 ι
2504 4051 2523 4083 t
2560 4031 2781 4097 Oculus,
2826 4050 2846 4083 ι
2882 4030 3139 4086 subaudis
3166 4030 3454 4095 humanus,

1892 4149 1912 4182 ‹
1943 4146 2050 4185 ηοιι
2096 4127 2246 4190 vidit,
2273 4125 2437 4190 Deus,
2485 4123 2686 4193 absque
2716 4130 2789 4185 te,
2829 4135 2949 4191 qua:
2996 4120 3310 4191 pra-parasti
3361 4135 3458 4175 ex-

1886 4223 2253 4295 spectantibus
2282 4228 2387 4274 te.»
2420 4218 2581 4273 Auris
2607 4233 2710 4272 non
2730 4216 2958 4280 audivit,
2987 4217 3112 4285 quia
3135 4230 3241 4270 non
3269 4225 3363 4270 est
3380 4216 3455 4270 ibi

1887 4330 2070 4370 sonus.
2099 4313 2296 4370 Oculus
2320 4326 2425 4365 non
2456 4311 2612 4375 vidit,
2637 4309 2762 4379 quia
2793 4323 2899 4362 non
2928 4316 3013 4361 est
3036 4308 3107 4362 ibi
3133 4322 3330 4377 corpus
3358 4323 3455 4362 ne-

1890 4420 1996 4476 que
2016 4404 2184 4461 color.
2228 4402 2286 4456 lu
2332 4417 2428 4457 cor
2460 4400 2694 4455 hominis
2724 4413 2830 4452 non
2878 4397 3144 4461 ascendit,
3192 4398 3317 4464 quia
3365 4413 3461 4451 cor

1890 4505 2134 4553 nostrum
2166 4495 2291 4550 illuc
2317 4493 2475 4563 dirigi
2506 4493 2685 4546 debet.
2711 4491 2840 4557 Quae
2867 4499 2994 4544 sunt
3017 4504 3145 4559 ergo
3172 4489 3259 4542 illa
3293 4489 3455 4552 bona,

220 4549 509 4636 {’ideamus
527 4577 670 4647 quod
689 4576 975 4646 subjungat
989 4549 1276 4645 propheta.
1305 4549 1362 4628 Si
1384 4571 1599 4645 (inquit)
1617 4572 1787 4641 aperi-

1889 4604 2008 4658 qute
2035 4585 2358 4657 praeparavit
2401 4549 2541 4638 Deus
2567 4582 2754 4637 electis
2795 4581 2942 4636 suis?
2979 4549 3177 4648 Utique
3206 4581 3459 4648 semetip-

220 4686 313 4731 res
351 4668 517 4725 ctelos
540 4675 597 4721 et
624 4666 999 4730 descenderes,
1022 4679 1052 4718 a
1089 4663 1228 4719 facie
1254 4673 1367 4729 tua,
1405 4664 1458 4718 id
1485 4671 1568 4718 est
1593 4679 1624 4718 a
1647 4678 1787 4732 prae-

220 4760 395 4817 sentia
432 4766 542 4822 tua,
576 4764 787 4811 montes
822 4753 1133 4820 deﬂuerent,
1183 4755 1287 4809 hoc
1324 4762 1408 4809 est
1437 4753 1707 4808 dmmones
1735 4762 1791 4808 et

219 4854 391 4911 Judaei
426 4862 588 4922 atque
620 4864 811 4905 omnes
857 4849 980 4920 qui,
1031 4860 1240 4903 tumore
1287 4848 1554 4918 superbia:
1598 4845 1783 4911 inﬂati,

222 4948 481 5003 adversus
529 4943 809 4999 scientiam
857 4941 950 4996 Dei
979 4955 1038 4996 se
1078 4941 1326 5011 erigunt,
1354 4949 1409 4996 et
1436 4949 1658 5010 propter
1697 4955 1789 4995 su-

222 5037 463 5108 perbiam
484 5042 693 5089 montes
721 5031 1076 5102 appellantur,
1104 5046 1136 5084 a
1162 5030 1448 5100 praesentia
1474 5040 1563 5085 tua
1593 5029 1789 5086 delice-

224 5137 364 5184 rent.
412 5128 479 5181 Et
526 5125 884 5189 tabescerent,
932 5124 983 5178 id
1014 5131 1098 5178 est
1135 5131 1600 5189 consumerentur,
1649 5123 1790 5177 sicut

222 5222 435 5277 exustio
470 5220 633 5288 ignis,
662 5219 768 5274 hoc
795 5227 879 5273 est
916 5217 1058 5272 sicut
1093 5216 1238 5286 ligna
1266 5225 1324 5271 et
1356 5216 1566 5286 stipulae
1591 5231 1788 5272 consu-

223 5319 443 5368 muntur
472 5311 538 5364 ab
565 5310 706 5379 igne.
731 5309 906 5378 Atque
932 5309 1184 5364 arderent
1214 5308 1313 5378 ipsi
1341 5317 1549 5363 montes
1578 5302 1785 5379 igni,‘id

167 5469 171 5473 ν
221 5412 333 5466 est,
364 5400 630 5455 sententia
663 5406 752 5452 tua
777 5406 1254 5464 consumerentur,
1282 5399 1425 5468 quod
1452 5399 1505 5453 in
1533 5398 1620 5452 die
1640 5397 1788 5465 judi-

224 5493 295 5549 cii
346 5489 724 5559 adimplebitur
768 5503 941 5543 :cum
981 5489 1249 5543 audierint
1297 5501 1486 5544 omnes
1531 5490 1784 5558 reprobi:

229 5605 246 5635 ι
266 5583 364 5649 Ite,
382 5581 670 5646 maledicti,
694 5580 747 5634 in
774 5579 949 5651 ignem
967 5577 1641 5649 aeternum(Matth.xxvx).
1673 5602 1691 5633 ι
1721 5580 1790 5635 Et

225 5675 328 5729 hoc
358 5672 571 5743 quare?
614 5671 684 5726 Ut
716 5681 905 5727 notum
947 5670 1101 5726 ﬁeret
1129 5686 1324 5725 nomen
1365 5678 1514 5726 tuum
1557 5672 1790 5728 inimicis

225 5763 332 5817 tuis
364 5779 459 5834 per
500 5764 794 5833 potentiam
837 5772 1003 5828 tuam,
1051 5763 1381 5819 daemonibus
1418 5763 1657 5832 scilicet,
1695 5764 1790 5819 Ju-

1889 4696 2028 4744 sum,
2056 4679 2108 4734 id
2138 4686 2241 4742 est,
2268 4676 2626 4748 cognitionem
2655 4674 2818 4728 totius
2844 4672 3147 4737 Trinitatis,
3170 4671 3310 4726 sicut
3343 4672 3460 4740 ipse

1887 4772 2055 4827 Filius
2075 4770 2242 4827 dixit:
2268 4787 2286 4820 ι
2310 4767 2434 4824 Haac
2453 4778 2536 4822 est
2552 4768 2770 4838 (inquit)
2794 4766 2901 4819 vita
2921 4775 3143 4829 aeterna,
3174 4772 3233 4818 ut
3260 4779 3458 4835 cogno-

1888 4871 2044 4917 scant
2068 4869 2119 4915 te
2139 4875 2323 4914 verum
2353 4857 2524 4913 solum
2565 4856 2752 4920 Deum,
2783 4865 2839 4909 et
2864 4871 3022 4925 quem
3054 4855 3247 4909 misisti
3272 4854 3457 4909 Jesum

1887 4949 2159 5005 Christum
2201 4948 2382 5019 (Joan.
2423 4945 2580 5015 xvn).
2614 4965 2632 4997 ι
2685 4943 2811 4999 Haec
2841 4952 2988 4999 certe
3012 4953 3137 4999 sunt
3169 4945 3385 5012 prtemia
3404 4952 3460 4997 et

1888 5039 2082 5110 gaudia
2107 5038 2234 5092 vitae
2255 5044 2486 5099 aeternae,
2529 5049 2648 5104 quae
2673 5049 2832 5088 nemo
2862 5033 3153 5088 electorum
3175 5033 3317 5087 videt
3344 5047 3458 5086 ma-

1888 5145 2023 5184 nens
2066 5130 2117 5182 in
2165 5142 2427 5196 corpore,
2455 5125 2597 5179 sicut
2625 5125 2764 5179 idem
2806 5124 2973 5178 Filius
3018 5124 3188 5178 dixit:
3229 5142 3248 5174 ι
3286 5123 3455 5178 Deum

1888 5232 2046 5274 nemo
2073 5217 2209 5271 vidit
2237 5231 2471 5285 unquam
2514 5214 2562 5284 (Ι
2594 5214 2753 5268 Joan.
2791 5214 2888 5285 tv),
2933 5233 2951 5266 ι
2995 5214 3255 5269 subaudis
3296 5214 3457 5269 sicuti

1887 5318 1991 5363 est.
2018 5306 2120 5373 Qui
2147 5321 2277 5376 ergo
2311 5306 2570 5360 videbunt
2611 5305 2778 5361 eum?
2805 5322 2825 5356 ‹
2859 5304 3008 5360 Beati
3053 5305 3253 5361 mundo
3297 5308 3459 5361 corde

1896 5397 2109 5469 (Matth.
2138 5398 2212 5467 v).
2238 5416 2256 5447 ι

1973 5509 1992 5541 ‹
2032 5489 2324 5544 Occurristi
2365 5488 2564 5543 laetanti
2601 5495 2656 5541 ct
2689 5487 2904 5541 facienti
2936 5486 3232 5555 justitiam,
3275 5489 3327 5543 in
3353 5488 3461 5544 viis

1896 5582 2002 5636 tuis
2027 5582 2469 5636 recordabuntur.
2502 5599 2520 5630 ι
2557 5578 2669 5633 Hoc
2693 5579 2888 5648 duplici
2921 5580 3079 5634 modo
3107 5590 3280 5651 potest
3303 5581 3460 5635 intel-

1893 5671 2005 5742 ligi.
2048 5670 2340 5727 OCCllrl‘iSti
2378 5670 2577 5724 uetanti
2616 5680 2673 5724 et
2710 5669 2927 5724 facienti
2960 5667 3226 5738 justitiam
3265 5671 3332 5725 de
3366 5680 3461 5724 tuo

1896 5767 2149 5831 adventu,
2198 5775 2257 5820 ut
2298 5764 2533 5820 Simeoni
2581 5763 2994 5834 quadragesimo
3033 5765 3118 5819 die
3165 5763 3465 5819 nativitatis
