4016 6452
590 379 725 435 5063

1041 378 1393 437 HAYMONIS
1431 378 1911 436 HALBERSTAT.
1954 377 2166 435 EPiSC.
2206 378 2355 436 OPP.
2398 379 2577 437 PARS
2616 382 2655 437 I.
2683 414 2755 424 -—-
2790 382 3136 440 COMMENT.
3180 380 3348 440 BlBL.

3702 384 3837 446 {061

587 501 712 548 tum.
750 492 808 546 in
836 492 938 547 viis
967 493 1091 558 tuis,
1133 494 1187 548 id
1218 507 1299 549 est
1339 495 1391 549 in
1424 495 1706 564 przeceptis
1733 494 1862 560 luis,
1900 494 2155 549 recorda-
2186 499 2230 557 Α
2260 496 2349 564 qui
2378 509 2670 569 consurgat
2699 500 2766 554 ad
2796 501 3097 555 orationem
3128 516 3345 564 veram,
3388 512 3443 557 et
3468 510 3653 559 teneat
3686 516 3740 560 te
3767 523 3834 563 ne

584 585 786 639 buntur
810 583 966 640 electi
999 586 1073 639 tui
1102 585 1251 656 (Luc.
1278 589 1364 655 ιι),
1397 595 1455 640 ιιι
1484 588 1623 642 idem
1656 588 1895 651 Simeon,
1923 594 1980 642 et
1999 588 2154 641 Anna

583 678 778 740 vidua,
823 677 1021 747 aliique
1075 678 1275 733 fideles.
1320 679 1534 733 Aliter:
1571 678 1900 742 Occurristi,
1947 679 1999 733 id
2038 686 2155 742 est,

582 766 905 831 subvenisti,
955 777 1011 820 et
1039 768 1296 821 auxilium
1337 768 1611 837 praebuisti
1654 768 1855 822 lzetanti
1897 768 1964 821 de
2010 775 2061 821 te
2101 777 2157 822 et

582 858 892 922 confidenti,
937 868 991 912 et
1020 858 1235 912 facienti
1281 858 1563 927 justitiam,
1607 868 1666 913 ut
1708 860 1878 913 David
1919 867 1976 913 et
2002 858 2154 914 Juda:

583 947 909 1002 Machabteo.
963 965 983 997 ι
1012 948 1149 1002 Ecce
1180 957 1236 1001 tu
1281 949 1449 1003 iratus
1488 965 1548 1005 es
1590 958 1645 1005 et
1684 951 2059 1020 peccavimus,
2098 951 2152 1005 in

581 1036 711 1106 ipsis
730 1035 929 1091 fuimus
973 1051 1187 1106 semper
1224 1047 1280 1092 et
1322 1037 1670 1092 salvabimur.
1713 1038 1781 1093 Et
1808 1038 1933 1093 facti
1964 1054 2153 1095 sumus

578 1136 638 1181 ut
661 1128 971 1182 immundus
994 1144 1183 1184 omnes
1209 1143 1331 1193 nos,
1363 1133 1519 1199 quasi
1565 1146 1777 1198 pannus
1805 1139 2154 1187 menstruata:

578 1219 842 1273 universa:
863 1218 1086 1288 iustitiae
1122 1229 1337 1273 nostras.
1380 1240 1398 1272 ι
1434 1220 1512 1273 Ex
1538 1235 1767 1288 persona
1794 1220 1973 1290 populi
2000 1219 2153 1277 Judac

577 1308 835 1377 loquitur,
858 1310 949 1379 qui
990 1310 1159 1363 noluit
1186 1312 1414 1364 transire
1438 1312 1505 1363 ad
1535 1312 1817 1365 veritatem
1848 1313 2148 1382 Evangelii,

577 1396 802 1453 Domino
838 1399 1180 1467 praedicante.
1229 1400 1294 1452 Et
1329 1400 1531 1467 positus
1555 1400 1607 1453 in
1635 1401 1998 1465 tribulatione,
2031 1416 2150 1473 poe-

574 1488 857 1542 nitentiam
887 1489 1204 1559 praeferebat
1238 1490 1291 1542 in
1317 1505 1469 1553 voce,
1501 1505 1662 1558 quam
1691 1507 1798 1544 non
1834 1492 2070 1546 habebat
2094 1494 2149 1547 in

572 1592 755 1646 opere.
785 1579 850 1633 Et
898 1587 981 1633 est
1006 1578 1139 1633 ordo
1171 1587 1559 1648 prrcposterus,
1596 1595 1719 1633 cum
1746 1581 1892 1643 dicit,
1926 1597 2056 1637 ecce
2089 1591 2147 1637 tu

573 1666 744 1720 iratus
774 1682 853 1732 es,
910 1675 964 1721 et
998 1681 1097 1722 nos
1128 1667 1487 1735 peccavimus.
1518 1668 1675 1723 Prius
1711 1669 1853 1723 enim
1882 1685 1981 1725 nos
2014 1687 2145 1741 pec-

573 1758 833 1821 cavimus,
881 1767 936 1811 et
972 1758 1243 1826 peccando
1288 1759 1701 1827 provocavimus
1745 1774 1869 1814 cum
1912 1762 1980 1814 ad
2026 1762 2146 1816 vin-

572 1844 790 1899 dictam.
835 1844 1017 1914 Neque
1047 1846 1172 1914 quia
1217 1846 1304 1900 ille
1336 1847 1505 1902 iratus
1534 1856 1618 1903 est
1644 1863 1741 1904 nos
1775 1851 2140 1918 peccavimus,
2175 1870 2216 1929 Β

569 1940 626 1987 et
650 1933 702 1986 in
722 1934 958 2002 peccatis
985 1934 1184 1988 fuimus
1214 1949 1450 2003 semper,
1475 1944 1531 1990 ct
1556 1936 1886 1991 salvabimur
1911 1950 2002 1993 tua
2026 1956 2141 2010 gra-

568 2022 642 2074 tia
663 2036 767 2076 non
797 2023 995 2078 nostris
1019 2024 1246 2088 meritis,
1283 2034 1338 2079 et
1366 2023 1493 2078 facti
1528 2040 1716 2082 sumus
1741 2043 1931 2083 omnes
1952 2038 2011 2084 ut
2040 2031 2142 2084 im-

568 2112 820 2175 mundus,
858 2113 911 2166 id
937 2121 1038 2178 est,
1083 2113 1222 2168 sicut
1250 2113 1496 2184 leprosus
1518 2124 1611 2169 aut
1646 2117 1881 2185 pollutus
1917 2118 2022 2172 alia
2059 2134 2136 2174 re.

567 2199 634 2254 Et
663 2202 925 2256 universae
941 2202 1166 2271 justitite
1190 2213 1390 2259 nostra:
1422 2205 1785 2272 circumcisio,
1810 2210 2015 2264 scilicet
2040 2211 2140 2264 im-

564 2288 783 2344 molatio
827 2291 982 2361 agni,
1036 2293 1341 2346 observatio
1392 2294 1622 2359 sabbati,
1662 2307 1945 2367 postquam
1995 2302 2140 2355 venit

564 2379 738 2447 gratia
767 2380 1065 2451 Evangelii,
1099 2380 1255 2436 facta:
1288 2392 1413 2437 sunt
1444 2385 1729 2441 immunda:
1750 2388 1904 2456 quasi
1925 2403 2140 2457 pannus

562 2476 912 2523 menstruata:
942 2470 1208 2535 mulieris,
1249 2487 1356 2541 quo
1399 2474 1530 2528 nihil
1571 2484 1654 2529 est
1694 2478 2042 2534 immundius.
2089 2481 2136 2535 Α

561 2557 687 2613 luna
734 2576 853 2629 quae
900 2561 1153 2616 bebraice
1182 2574 1407 2618 vocatur
1448 2581 1637 2633 mene,
1693 2569 1945 2624 dicuntur
1986 2586 2137 2626 men-

560 2656 780 2703 struatte
835 2651 1123 2717 mulieres,
1178 2668 1300 2721 quae
1355 2656 1579 2726 singulis
1628 2660 1905 2715 mensibus
1961 2662 2137 2717 solent

558 2736 759 2794 fluxum
800 2743 1073 2811 sanguinis
1117 2745 1249 2812 pati,
1296 2747 1491 2814 quibus
1531 2748 1721 2804 diebus
1745 2750 2035 2809 observare
2075 2771 2134 2811 se

558 2833 717 2887 debet
765 2836 1135 2904 unusquisque
1167 2837 1246 2890 vir
1272 2839 1341 2891 ab
1375 2855 1542 2894 uxore
1586 2856 1701 2895 sua.
1745 2843 1824 2899 Ex
1858 2845 1949 2899 illo
1988 2848 2130 2901 enim

558 2925 847 2978 concubitu
889 2924 1224 2996 plerumque,
1268 2928 1377 2983 Deo
1424 2932 1793 2999 permittente,
1836 2946 2133 2992 nascuntur

556 3016 765 3084 parvuli
808 3017 1010 3071 debiles
1052 3026 1107 3073 et
1136 3021 1392 3076 membris
1422 3027 1707 3091 contracti,
1740 3036 1798 3082 ut
1835 3030 1960 3099 quia
1989 3032 2130 3100 patri

556 3111 611 3158 et
640 3105 796 3158 matri
835 3121 940 3159 non
981 3105 1080 3160 fuit
1111 3110 1427 3165 verecundia
1472 3121 1711 3183 tempore
1756 3127 2033 3173 menstruo
2059 3120 2127 3174 ad

2255 586 2501 643 eli'ttndas
2547 589 2785 645 furorem
2829 599 2976 644 tuum
3029 606 3192 660 super
3228 607 3346 657 nos,
3393 602 3452 647 ut
3486 594 3617 648 olim
3664 596 3832 652 Moses

2256 681 2512 744 surrexit,
2556 689 2611 734 et
2638 681 2810 734 tenuit
2856 689 2912 736 te
2943 682 3053 737 suis
3082 684 3370 753 precibus(
3396 681 3569 740 Exod.
3617 691 3829 755 uni).

2262 785 2279 817 ι
2291 767 2632 824 Abscondisti
2647 770 2840 824 faciem
2855 781 3020 836 tuam,
3034 790 3051 821 ι
3077 772 3128 825 id
3149 781 3233 826 est
3247 775 3591 842 praesentiam
3612 786 3668 829 et
3691 779 3835 831 anxi—

2256 857 2385 911 lium
2425 866 2573 912 tuum
2606 876 2624 909 ι
2664 876 2693 912 a
2719 860 2893 915 nobis.
2928 861 2995 915 Et
3019 861 3228 916 allisisti
3281 877 3399 925 nos,
3429 881 3449 914 ι
3480 864 3534 917 id
3568 873 3677 929 est,
3714 881 3831 935 per-

2254 946 2466 999 cussisti
2497 956 2551 1000 et
2584 947 2818 1003 alllixisti
2853 968 2873 999 ‹
2903 949 2956 1003 in
2996 964 3181 1013 manu,
3213 968 3231 1000 ι
3276 951 3378 1005 hoc
3420 960 3507 1005 est
3541 953 3598 1005 in
3639 967 3829 1021 opera-

2255 1034 2399 1087 tione
2450 1034 2751 1104 iniquitatis
2804 1046 2860 1090 et
2906 1037 3146 1105 perfidiae
3193 1048 3411 1093 postne.
3462 1040 3731 1109 lniquitas
3778 1053 3832 1097 et

2253 1120 2434 1175 omnia
2476 1133 2695 1191 peccata
2729 1139 2921 1178 manus
2966 1125 3181 1189 habent,
3216 1125 3266 1181 id
3310 1134 3394 1180 est
3431 1128 3830 1195 operationem,

2252 1225 2350 1279 per
2367 1227 2527 1280 quam
2551 1229 2649 1267 nos
2672 1216 2893 1268 strictos
2916 1223 3099 1268 tenere
3122 1216 3451 1271 desiderant.
3478 1217 3636 1272 Unde
3660 1220 3825 1274 dicit;

2259 1318 2278 1350 ι
2315 1300 2456 1356 Mors
2481 1310 2536 1357 et
2566 1304 2673 1357 vita
2697 1305 2750 1357 iu
2775 1306 3021 1359 manibus
3052 1304 3243 1374 lingua:
3272 1307 3453 1376 (Prov.
3484 1309 3633 1379 vni).
3670 1328 3689 1360 ι

2328 1410 2345 1442 ι
2386 1392 2450 1446 Ει
2476 1409 2640 1459 nunc,
2676 1397 2920 1459 Domine,
2961 1406 3116 1466 pater
3145 1406 3327 1451 noster
3361 1413 3421 1453 es
3448 1408 3524 1462 tu,
3557 1415 3665 1455 nos
3706 1416 3829 1457 vero

2251 1482 2443 1549 lutum,
2480 1493 2533 1538 et
2564 1486 2719 1540 fictor
2751 1496 2936 1542 noster
2966 1497 3022 1541 tu
3044 1508 3061 1538 ι
3095 1488 3185 1558 qui
3208 1488 3334 1543 olim
3366 1491 3632 1561 dignatus
3666 1507 3730 1547 es
3756 1494 3828 1547 dio

2252 1586 2374 1626 cere
2399 1590 2411 1625 :
2440 1592 2458 1624 ι
2494 1573 2712 1628 Dimitte
2742 1574 2911 1629 filium
2933 1591 3110 1631 meum
3138 1577 3302 1632 Israel
3331 1578 3534 1649 (Exod.
3569 1580 3651 1647 ν).
3683 1597 3705 1633 ι
3728 1580 3823 1635 Et:

2254 1677 2273 1709 ι
2308 1660 2475 1715 Filios
2496 1662 2657 1732 genui
2686 1671 2742 1716 et
2766 1664 2998 1717 cxaltavi
3025 1664 3157 1735 (Isa.
3191 1665 3252 1735 ι).
3284 1686 3304 1719 ι
3330 1665 3441 1721 Nos
3469 1683 3607 1722 vero
3634 1668 3824 1732 lutum,

2250 1749 2303 1802 id
2330 1759 2412 1805 est
2440 1761 2607 1817 terra,
2636 1762 2692 1805 et
2714 1768 2782 1806 ex
2805 1754 2994 1808 eadem
3022 1754 3189 1825 stirpe
3213 1755 3633 1811 descendentes.
3668 1760 3748 1812 'Iu
3774 1774 3823 1813 es

2249 1838 2406 1892 tictor
2440 1850 2644 1906 noster,
2670 1841 2723 1896 id
2749 1852 2837 1896 cst
2860 1842 3155 1912 plasmator
3188 1854 3391 1910 noster,
3421 1856 3481 1900 et
3510 1862 3689 1917 opera
3716 1865 3821 1903 ma-

2245 1944 2407 1982 nuum
2435 1938 2647 1985 tuarum
2666 1946 2970 2002 .omncsque
3001 1949 3119 1998 nos,
3152 1934 3381 2004 ideoque
3403 1951 3514 1990 non
3539 1952 3823 2006 possumus

2243 2020 2495 2074 resistere
2517 2022 2772 2090 potentiae
2799 2030 2924 2076 tum.
2948 2023 3113 2088 Etest
3135 2039 3363 2080 sensus:
3391 2025 3516 2081 Non
3537 2029 3611 2083 de
3635 2030 3822 2084 nostris

2240 2108 2450 2162 meritis
2478 2119 2890 2178 prtesumentes,
2918 2127 3039 2181 quae
3060 2113 3207 2168 nulla
3233 2124 3381 2181 sunt,
3409 2118 3545 2171 talia
3574 2118 3821 2184 dicimus,

2238 2198 2333 2252 sed
2369 2200 2434 2253 dc
2480 2209 2567 2255 tua
2596 2202 2881 2257 clementia
2923 2213 2978 2258 et
3015 2205 3361 2262 miseratione
3407 2220 3821 2277 praasumeutes,

2238 2288 2500 2344 audemus
2542 2284 2736 2360 preces
2774 2292 3020 2349 fundere.
3078 2315 3097 2346 ι
3138 2295 3216 2350 Ne
3265 2298 3548 2365 irascaris,
3580 2302 3819 2367 Domine,

2236 2379 2388 2443 satis,
2414 2388 2468 2434 et
2490 2396 2557 2435 ne
2580 2382 2721 2439 ultra
2750 2385 3063 2445 memineris
3092 2387 3397 2456 iniquitatis
3431 2400 3661 2445 nostras.
3689 2393 3821 2449 Ecce

2236 2467 2463 2536 respice,
2512 2470 2741 2539 pupulas
2793 2482 2918 2527 tuus
2962 2489 3153 2529 omnes
3199 2491 3318 2531 nos.
3358 2495 3378 2528 ι
3428 2478 3512 2533 Ne
3546 2481 3813 2546 irascaris,

2236 2557 2477 2623 Domine,
2509 2562 2661 2626 satis,
2684 2563 2751 2616 .id
2775 2573 2860 2619 est
2880 2565 3063 2631 nimis,
3090 2567 3171 2621 vel
3193 2567 3336 2622 ultra
3360 2585 3531 2639 quam
3562 2572 3707 2629 ferre
3728 2591 3818 2645 po-

2236 2655 2342 2701 test
2385 2658 2566 2704 nostra
2597 2649 2859 2724 fragilitas
2885 2672 2899 2707 :
2928 2663 2985 2709 et
3008 2672 3077 2710 ne
3105 2657 3245 2711 ultra
3279 2661 3602 2717 memineris
3630 2664 3818 2734 iniqui-

2235 2738 2361 2791 tatis
2388 2750 2604 2793 nostrw.
2626 2741 2782 2807 Ecce,
2818 2745 3027 2813 respice
3062 2748 3131 2801 ad
3154 2762 3274 2813 nos,
3314 2757 3369 2803 et
3409 2752 3639 2808 attende
3666 2757 3820 2811 mise-

2234 2830 2523 2886 ricordiam
2550 2843 2732 2888 tuam:
2764 2839 2991 2906 populus
3018 2849 3150 2896 tuus
3179 2844 3457 2914 quondam
3478 2845 3817 2906 fuimusom-

2234 2932 2332 2973 nes
2362 2935 2479 2975 HOS.

2310 3025 2329 3058 ι
2366 3008 2569 3066 Civitas
2599 3016 2773 3069 sancti
2794 3017 2873 3070 tui
2897 3017 3039 3073 facta
3064 3030 3148 3076 est
3168 3022 3386 3083 deserta
3412 3026 3571 3094 Sion,
3602 3032 3815 3087 deserta

2233 3095 2375 3150 facta
2420 3108 2501 3152 est
2526 3100 2860 3158 Hierusalem
2882 3145 2895 3169 ,
2934 3108 3170 3164 desolata
3203 3114 3397 3169 domus
3424 3120 3813 3177 sanctiﬁcatio-

555 3194 897 3250 concubitum
928 3196 981 3250 in
1011 3198 1252 3252 conclavi
1277 3200 1510 3264 misceri,
1543 3204 1700 3259 simul
1734 3205 1833 3275 ipsi
1861 3222 2013 3263 suam
2040 3226 2127 3266 νεα

2233 3192 2315 3243 nis
2343 3199 2541 3247 nostra}
2565 3203 2621 3247 et
2645 3194 2829 3265 gloria:
2848 3206 3048 3253 nostrae
3067 3240 3082 3264 ,
3121 3203 3211 3257 ubi
3245 3204 3595 3263 laudaveram
3625 3225 3680 3266 te
3710 3229 3812 3281 pa-

555 3286 866 3339 recundiam
904 3287 1080 3355 palam
1110 3290 1360 3346 omnibus
1385 3292 1619 3349 videant.
1652 3295 1802 3352 Sicut
1827 3313 1955 3370 ergo
1993 3317 2124 3370 pan-

551 3391 654 3430 nus
693 3386 1044 3432 menstruam
1095 3380 1333 3441 mulieris
1378 3385 1686 3441 immundus
1734 3396 2017 3457 reputatur
2055 3393 2123 3446 ab

550 3466 829 3531 omnibus,
876 3468 950 3522 ita
995 3470 1154 3523 modo
1209 3472 1514 3529 observatio
1560 3476 1694 3547 legis
1741 3493 1903 3547 quam
1952 3479 2121 3537 Judaei

551 3557 840 3611 carnaliter
889 3559 1268 3628 impleverunt,
1316 3574 1599 3636 postquam
1653 3568 1776 3623 data
1820 3580 1905 3625 est
1950 3574 2121 3642 gratia

550 3644 860 3719 Evangelii,
883 3648 1031 3703 velut
1065 3650 1337 3707 immunda
1385 3663 1630 3724 reputata
1679 3667 1779 3712 est.
1815 3658 2073 3730 Sequitur
2105 3682 2118 3717 :

626 3737 723 3790 «Et
748 3738 1069 3793 cecidimus:
1098 3741 1197 3795 sub
1222 3741 1399 3810 gladio
1429 3742 1794 3801 Romanorum
1828 3751 2012 3819 «quasi
2041 3750 2122 3805 fo-

550 3824 678 3880 lium
711 3828 985 3894 universi,
1038 3839 1092 3885 et
1144 3831 1458 3901 iniquitates
1496 3844 1695 3891 nostrae
1736 3841 1889 3907 quasi
1926 3850 2121 3896 ventos

548 3916 883 3972 abstulerunt
910 3935 1028 3975 nos.
1066 3940 1083 3970 ι
1120 3921 1322 3977 Ventus
1353 3924 1405 3977 in
1446 3941 1599 3980 sacra
1630 3927 1909 3999 Scriptura
1939 3935 2121 3990 varias

550 4007 711 4061 habet
730 4007 1171 4078 significationes.
1195 4011 1497 4081 Aliquando
1519 4019 1661 4070 enim
1690 4018 1956 4086 significat
1977 4039 2120 4077 com-

546 4096 838 4151 motionem
864 4100 1021 4163 aeris,
1053 4107 1112 4152 ιιι
1138 4099 1300 4154 illud:
1336 4123 1353 4152 ι
1393 4103 1681 4173 imperavit
1705 4110 1880 4165 ventis
1902 4121 1957 4166 et
1981 4116 2117 4169 mari

546 4182 697 4252 (an.
746 4186 888 4255 vni).
924 4207 942 4238 ι
987 4186 1288 4258 Aliquando
1333 4190 1591 4261 Spiritum
1643 4208 1912 4267 sanctum,
1963 4212 2024 4258 ut
2061 4205 2116 4260 in

544 4273 768 4329 Actibus
812 4279 1179 4357 apostolorum
1208 4300 1220 4334 :
1252 4301 1268 4332 ι
1303 4281 1500 4339 Factus
1537 4297 1621 4342 est
1657 4287 1873 4364 (inquit)
1897 4306 2117 4365 repente

545 4377 709 4416 sonus
736 4371 991 4433 tanquam
1016 4368 1354 4426 advenientis
1380 4373 1600 4440 spiritus
1620 4381 2111 4453 vehementis(.4ct.

544 4450 636 4520 ιι).
673 4469 691 4502 ι
747 4450 980 4521 Spiritus
1017 4456 1089 4510 ibi
1126 4472 1226 4525 pro
1248 4469 1409 4515 vento
1456 4464 1692 4531 ponitur.
1735 4468 1792 4522 In
1836 4450 2112 4539 significa-

546 4540 690 4594 tione
711 4541 1133 4611 Spiritussancti
1160 4547 1450 4618 aliquando
1478 4554 2113 4626 significattentationem
2145 4564 2272 4621 Din
2326 4584 2432 4637 qua
2490 4540 2873 4640 gloriabamur.
2935 4540 3137 4633 Domus
3188 4582 3279 4635 ubi

541 4635 841 4689 daemonum
873 4646 929 4691 et
961 4638 1222 4694 malorum
1263 4644 1562 4712 hominum,
1610 4657 1669 4702 ut
1697 4650 1748 4704 in
1774 4651 2064 4724 Evangelio
2094 4672 2109 4710 :

546 4723 817 4780 Venerunt
857 4725 1097 4793 fiumina,
1143 4729 1407 4787 flavernnt
1455 4738 1597 4790 venti
1648 4738 1861 4809 (Matth.
1894 4723 2014 4816 vn),
2057 4746 2112 4801 id

540 4821 626 4867 est
651 4815 879 4869 tentatio
905 4814 1206 4874 daemonum
1252 4823 1329 4876 vel
1360 4824 1657 4892 hominum,
1693 4828 1747 4882 in
1779 4846 1879 4899 qua
1909 4814 2112 4905 signiti-

539 4904 754 4959 catione
781 4905 946 4961 etiam
978 4907 1032 4962 in
1071 4913 1319 4978 praesenti
1365 4915 1482 4969 loco
1508 4917 1729 4985 ponitur
1760 4936 1772 4970 :
1807 4904 2112 4982 Cecidimus

540 4994 831 5069 (inquiunt)
853 4997 1029 5068 gladio
1059 5000 1420 5060 Romanorum
1444 5010 1697 5077 universi,
1723 5015 1877 5083 quasi
1902 5015 2105 5073 folium.

540 5085 607 5140 Et
636 5086 949 5159 iniquitates
976 5101 1193 5159 nostras,
1242 5095 1293 5148 id
1335 5106 1436 5162 est,
1469 5110 1688 5168 peccata
1721 5113 1904 5160 nostra
1935 5117 1989 5161 et
2014 5126 2109 5164 ne-

539 5176 684 5248 gatio
728 5179 781 5232 in
825 5187 896 5244 te,
938 5182 1093 5250 quasi
1125 5191 1315 5238 ventus
1360 5186 1697 5247 abstulerunt
1742 5210 1863 5260 nos,
1904 5196 1957 5251 id
2004 5208 2105 5263 est,

543 5267 766 5321 tentatio
791 5268 1089 5324 daemonum
1120 5281 1173 5326 et
1200 5273 1558 5331 Romanorum
1590 5286 1892 5350 persecutio
1922 5289 2107 5344 abstu-

537 5354 717 5409 lerunt
761 5373 858 5411 nos
882 5374 910 5411 a
943 5362 1226 5428 praesentia
1260 5373 1367 5428 tua,
1401 5374 1457 5420 et
1484 5383 1513 5421 a
1542 5377 1685 5425 terra
1716 5384 1923 5443 nostra,
1966 5380 2108 5436 sicut

536 5443 713 5498 aufert
741 5457 931 5504 ventus
953 5449 1077 5504 folia
1108 5454 1174 5506 de
1201 5456 1502 5512 arboribus.

612 5555 631 5586 ι
666 5535 781 5592 Non
804 5542 993 5608 estqui
1034 5541 1245 5598 invocet
1277 5561 1470 5602 nomen
1504 5557 1672 5617 tuum,
1702 5554 1791 5621 qui
1814 5570 2103 5630 consurgat

535 5633 590 5679 et
623 5635 803 5683 teneat
846 5638 916 5684 te.
948 5651 967 5683 ι
1009 5630 1123 5686 Non
1167 5643 1277 5700 est,
1316 5638 1573 5694 subaudis
1623 5644 1782 5699 modo
1809 5645 2000 5716 aliquis
2030 5666 2097 5707 ex

535 5715 707 5779 nobis,
731 5718 818 5785 qui
852 5718 1057 5775 invocet
1079 5735 1271 5778 nomen
1296 5734 1442 5781 tuum
1480 5731 1644 5788 corde
1664 5773 1678 5799 ,
1708 5748 1801 5790 ore
1836 5715 2093 5809 etopere,

2228 3286 2339 3333 tres
2386 3284 2577 3348 nostri,
2608 3281 2751 3340 facta
2781 3296 2863 3341 est
2895 3290 2952 3341 in
2985 3293 3324 3349 exustionem
3353 3298 3501 3366 ignis,
3532 3310 3587 3354 et
3612 3305 3802 3359 omnia

2226 3368 2601 3427 desiderabilia
2640 3384 2826 3430 nostra
2867 3392 3021 3433 versa
3052 3392 3180 3436 sunt
3221 3386 3276 3438 in
3318 3390 3521 3444 ruinas.
3556 3411 3576 3442 ι
3601 3392 3808 3449 Civitas

2224 3462 2397 3514 sancti
2442 3464 2553 3529 tui,
2600 3466 2704 3520 hoc
2749 3477 2832 3521 est
2872 3474 3166 3529 sanctuarii
3213 3478 3290 3532 tui
3339 3481 3424 3536 vel
3474 3486 3657 3552 templi
3705 3488 3806 3550 tui,

2222 3551 2363 3607 facta
2390 3563 2474 3609 est
2497 3557 2708 3613 deserta
2734 3560 2864 3616 Sion
2893 3579 2926 3617 a
2951 3574 3024 3620 te.
3058 3568 3186 3624 Sion
3218 3580 3272 3626 et
3296 3551 3665 3643 Hierusalem,
3685 3580 3811 3635 licet

2222 3647 2328 3702 duo
2368 3651 2585 3705 nomina
2630 3655 2757 3720 sint,
2791 3665 2973 3715 tamen
3013 3678 3175 3719 unam
3210 3668 3670 3738 significationem
3714 3677 3811 3729 ba-

2221 3738 2354 3793 bent
2378 3740 2482 3794 isto
2508 3742 2563 3796 in
2592 3743 2729 3810 loco,
2754 3746 2805 3801 id
2828 3758 2913 3803 est
2935 3754 3191 3822 templum
3217 3766 3273 3811 et
3294 3759 3572 3816 civitatem
3604 3765 3809 3835 signifi-

2221 3838 2371 3896 cant,
2410 3833 2501 3887 ubi
2527 3840 2797 3904 quondam
2830 3840 2931 3895 fuit
2952 3846 3226 3912 speculum
3259 3860 3312 3903 et
3335 3852 3473 3905 visio
3498 3833 3676 3922 pacis.
3703 3857 3809 3913 Sed

2219 3931 2503 3994 postquam
2531 3928 2819 3985 Dominum
2842 3936 3061 4002 negavit
3085 3939 3310 4008 populus
3340 3940 3677 4012 Judzeorum,
3718 3950 3807 4002 dc-

2220 4023 2363 4067 serta
2385 4014 2529 4071 facta
2554 4028 2638 4072 est
2659 4018 2993 4077 Hierusalem
3013 4041 3042 4079 a
3058 4027 3187 4091 Deo,
3197 4028 3352 4097 juxta
3379 4035 3527 4101 quod
3550 4034 3804 4091 Salvator

2219 4102 2300 4156 eis
2333 4103 2490 4159 dixit.
2521 4104 2581 4159 In
2608 4108 2834 4164 historia
2878 4113 3245 4172 ecclesiastica
3292 4119 3493 4174 dicitur
3518 4140 3533 4175 :
3562 4138 3689 4193 qua:
3712 4141 3804 4180 au-

2216 4193 2342 4249 dita:
2370 4197 2479 4252 sint
2516 4215 2675 4255 voces
2705 4203 2757 4257 in
2803 4207 3001 4278 templo
3029 4210 3269 4267 dicentes
3297 4227 3313 4265 :
3338 4214 3715 4274 Transeamus
3737 4222 3804 4275 ab

2217 4286 2302 4341 his
2329 4290 2568 4346 sedibus.
2603 4292 2805 4352 Domus
2830 4301 3276 4359 sanctificationis
3314 4318 3519 4364 nostra:
3556 4327 3680 4379 quae
3707 4328 3802 4367 nos

2216 4384 2611 4453 sanctificabat,
2652 4392 2740 4446 ubi
2788 4393 3200 4452 immolabamus
3223 4410 3280 4455 et
3314 4401 3687 4461 on‘erebamus
3715 4423 3799 4461 sa-

2214 4478 2501 4544 crificium,
2526 4483 2762 4538 desolata
2784 4494 2868 4540 est
2900 4502 2929 4540 a
2953 4497 3027 4551 te,
3055 4499 3107 4543 et
3136 4491 3325 4548 domus
3353 4495 3546 4565 gloriae
3581 4511 3791 4560 nostra.

3341 4583 3698 4643 laudavcrunt
3745 4600 3799 4644 te

2217 4832 2270 4887 id
2298 4842 2380 4887 est
2408 4845 2592 4891 sancta
2637 4852 2964 4911 sanctorum,
3016 4857 3141 4914 etc.,
3189 4867 3307 4920 quae
3353 4857 3421 4910 ad
3457 4832 3802 4918 honestatem

2217 4924 2580 4992 pertinebant,
2613 4934 2767 4984 versa
2799 4943 2925 4986 sunt
2957 4936 3009 4989 in
3039 4938 3244 4994 ruinas.
3278 4940 3479 4999 Domus
3507 4946 3606 5002 Dei
3637 4966 3809 5021 gene-

2219 5014 2407 5067 raliter
2419 5024 2605 5071 sancta
2628 5017 2868 5076 Ecclesia
2890 5034 2993 5089 est,
3019 5028 3325 5095 specialiter
3346 5047 3477 5085 vero
3500 5014 3806 5108 unusquis-

2210 5117 2315 5171 que
2370 5103 2579 5171 fidelis,
2635 5111 2723 5177 qui
2776 5121 2902 5166 tunc
2953 5116 3061 5185 igni
3119 5129 3175 5172 et
3230 5121 3482 5178 inccmlio
3532 5103 3802 5197 traditur,

2209 5196 2424 5264 quando
2452 5196 2672 5254 luxuriae
2698 5211 2753 5255 et
2775 5205 3015 5259 avaritim
3035 5210 3256 5265 testibus
3282 5212 3545 5271 deservit.

2284 5312 2302 5343 ι
2330 5291 2582 5365 Nunquid
2616 5314 2778 5369 super
2808 5302 2891 5357 bis
2921 5307 3222 5365 continebis
3250 5320 3319 5378 te,
3351 5315 3602 5385 Domine,
3643 5333 3803 5380 tace—

2210 5385 2294 5440 bis
2323 5395 2379 5440 et
2401 5386 2603 5457 afliiges
2627 5407 2725 5446 nos
2758 5396 3145 5454 vehementer?
3180 5422 3197 5453 ι
3225 5403 3477 5477 Nunquid
3505 5426 3677 5482 super
3706 5419 3801 5472 his

2210 5476 2442 5531 miseriis
2462 5482 2666 5536 nostris
2687 5486 2987 5541 continebis
3012 5498 3084 5554 te,
3106 5491 3350 5559 Domine,
3372 5476 3429 5551 ut
3451 5516 3558 5556 non
3578 5476 3802 5575 impen-

2208 5566 2305 5622 das
2341 5570 2497 5625 nobis
2536 5574 3004 5633 misericordiam?
3032 5580 3279 5654 Nunquid
3317 5593 3559 5657 tacebis,
3605 5566 3669 5652 id-
3701 5616 3804 5656 est

2207 5660 2451 5728 nunquid
2480 5665 2723 5721 manebis
2751 5668 2803 5721 in
2846 5670 2946 5726 hac
2972 5672 3189 5739 duritia,
3236 5688 3294 5732 ut
3319 5680 3524 5750 aﬂiigas
3568 5704 3669 5744 nos
3698 5708 3804 5747 ve»

2204 5747 2515 5806 bementer?
