4016 6526
242 439 377 509 1065

739 616 744 621 ,
790 534 1046 614 ὐΑρυτ-
1079 554 1239 610 va.

319 666 343 704 ι
369 649 706 717 Quaesierunt
729 663 813 702 me
833 647 923 717 qui
947 655 1072 702 ante
1093 661 1198 700 non
1229 646 1646 714 interrogabant,
1664 643 1808 698 inve-

239 746 436 796 nerunt
456 739 546 808 qui
568 753 674 793 non
701 737 1026 807 quasiet-unt
1045 750 1150 790 me.
1175 755 1194 788 ι
1221 733 1336 789 Vox
1359 734 1476 788 Filii
1503 733 1598 789 Dei
1619 734 1686 788 ad
1708 733 1810 788 hoc

239 833 385 901 quod
411 830 484 884 illi
515 830 760 901 superius
785 829 1057 896 dixerant,
1088 842 1256 899 quare
1285 843 1468 883 errare
1494 843 1593 882 nos
1632 825 1808 883 fecisti
1857 899 1866 906 _

239 923 295 978 in
320 925 422 978 viis
454 922 578 988 tuis,
605 922 869 978 indurasti
899 937 995 977 cor
1015 930 1256 976 nostrum
1280 933 1348 974 ne
1378 921 1691 973 timeremus
1717 917 1809 972 te?

242 1013 517 1084 respondit
554 1003 641 1067 ille
665 1022 720 1068 et
756 1012 898 1092 dixit~
922 1029 936 1065 :
959 1010 1298 1079 Quaesierunt
1332 1023 1418 1064 me
1455 1007 1678 1079 gentiles
1714 1022 1810 1076 per

241 1105 423 1170 ﬁdem,
453 1103 543 1173 qui
576 1111 732 1157 antea
755 1105 860 1158 nun
895 1101 1318 1171 interrogabant,
1353 1099 1406 1154 id
1432 1107 1512 1154 est
1535 1097 1626 1168 qui
1657 1106 1812 1152 ante-

239 1206 406 1262 quam
435 1191 676 1247 venirem
713 1192 765 1246 in
793 1206 980 1256 carne,
1016 1206 1122 1246 non
1147 1192 1409 1262 rogabant
1445 1204 1620 1259 neque
1651 1189 1808 1244 invo-

238 1284 454 1348 cabant,
495 1283 812 1337 invenerunt
855 1297 941 1336 me
985 1281 1390 1338 misericordem
1434 1279 1501 1334 ad
1539 1294 1598 1335 se
1641 1279 1812 1334 susci-

238 1373 484 1444 piendos,
507 1373 598 1442 qui
629 1388 732 1426 non
758 1372 1086 1442 quacsieruut
1113 1385 1200 1426 me
1227 1380 1406 1426 antea.
1429 1370 1496 1424 Et
1525 1371 1590 1425 de
1613 1370 1810 1440 quibus

235 1463 495 1530 scriptum
525 1471 647 1518 est:
686 1480 704 1513 ς
735 1454 939 1530 Quibus
990 1465 1096 1517 neu
1123 1472 1206 1518 est
1230 1461 1605 1516 annuntiatum
1643 1461 1709 1516 de
1746 1475 1812 1516 eo

240 1551 516 1618 videbunt,
543 1561 596 1606 et
623 1554 714 1621 qui
744 1569 850 1608 non
887 1554 1173 1608 audierunt
1209 1552 1506 1623 intelligent
1543 1553 1670 1623 me(
1697 1551 1807 1607 Ira.

239 1641 358 1712 ut);
397 1662 414 1694 ι
447 1653 502 1698 et
536 1651 619 1698 est
656 1659 883 1699 sensus:
912 1643 970 1698 Si
1004 1643 1077 1697 illi
1105 1644 1195 1713 qui
1229 1659 1314 1698 me
1339 1652 1498 1698 antea
1527 1658 1634 1699 non
1660 1656 1810 1714 quae-

240 1734 449 1789 sierunt
480 1736 802 1790 invenerunt
833 1736 1236 1814 miseﬁcOrdem
1280 1744 1335 1791 ct
1373 1735 1725 1800 clementem,
1759 1735 1812 1791 id

239 1833 326 1879 est
354 1825 601 1896 gentiles,
641 1840 809 1893 quare
836 1840 930 1879 vos
968 1841 1054 1880 me
1085 1835 1194 1880 tam
1223 1825 1596 1880 inclementem
1623 1834 1673 1880 et
1713 1825 1814 1879 im-

1285 426 1641 499 m-MMENT.
1680 438 1746 493 IN
1785 437 2034 494 lSAlAM.
2076 467 2143 480 --
2181 437 2304 494 LIB.
2347 438 2430 494 ιιι.

1835 559 1882 620 Α
1913 553 2172 608 daemonia
2225 553 2447 625 (Matth.
2495 555 2640 628 xu);
2694 573 2712 610 ι
2739 565 2837 613 et:
2882 573 2900 610 ι
2935 555 3266 612 Dtemonium
3314 555 3486 613 habes

3345 438 3488 498 1066

1911 642 2093 714 (Joan.
2125 643 2240 715 vtu)
2265 683 2280 710 ,
2315 663 2334 697 ι
2371 654 2674 717 emteraque
2703 647 3067 716 hujuscemodi
3098 664 3112 701 :
3144 657 3199 702 et
3237 646 3484 703 ambula-

1911 742 2104 786 verunt
2151 733 2293 787 viam
2324 749 2429 788 non
2476 736 2694 804 bonam,
2740 738 3103 808 relinquentes
3142 753 3230 794 me
3265 740 3358 810 qui
3403 737 3486 796 eis

1910 820 2051 875 dixi:
2087 841 2103 870 ι
2127 820 2238 891 Ego
2266 837 2384 876 sum
2412 823 2497 878 via
2527 823 2708 892 (Joan.
2745 825 2878 891 xxv).
2921 845 2938 878 ι
2968 825 3036 880 Ει
3061 827 3366 896 gradientes
3387 845 3488 900 per

1909 909 2072 964 latam
2094 913 2449 980 etspatiosam
2471 929 2590 984 qua:
2615 915 2758 970 ducit
2781 917 2848 970 ad
2871 924 3098 972 mortem
3125 916 3339 988 (Matth.
3363 921 3485 990 vn),

1909 997 1964 1056 et
1992 1009 2112 1070 post
2153 1001 2503 1070 cogitationes
2545 1020 2671 1060 suas
2703 1021 2920 1075 pravas,
2969 1022 3074 1062 non
3112 1018 3234 1078 post
3271 1009 3486 1066 Domini

1909 1091 2197 1146 culturam.
2229 1093 2478 1163 Populus,
2503 1095 2743 1166 inquam,
2768 1090 2869 1152 hoc
2897 1097 3022 1152 fecit
3053 1099 3144 1169 qui
3175 1100 3243 1156 ad
3276 1101 3491 1158 iracun-

1913 1181 2078 1246 diam,
2115 1183 2168 1237 id
2189 1192 2272 1238 cst
2299 1185 2365 1238 ad
2387 1185 2676 1240 vindictam
2704 1195 2959 1256 provocat
2985 1203 3070 1243 me
3096 1206 3108 1242 :
3138 1199 3264 1244 ante
3293 1189 3488 1248 faciem

1913 1289 2089 1328 meam
2124 1289 2359 1343 semper,
2400 1275 2502 1330 hoc
2531 1283 2613 1331 est
2641 1277 2694 1330 in
2722 1279 3006 1346 pnnsentia
3038 1295 3155 1335 mea
3187 1290 3242 1335 et
3271 1281 3325 1336 in
3351 1297 3488 1338 con-

1912 1370 2097 1431 specta
2141 1377 2262 1417 meo
2295 1363 2454 1432 :quia
2488 1364 2664 1418 omnia
2705 1380 2868 1435 opera
2915 1367 3292 1437 cogitationis,
3333 1370 3488 1426 locu-

1913 1453 2078 1508 tionis
2110 1463 2164 1508 et
2187 1455 2534 1523 operationis,
2558 1472 2663 1512 non
2691 1456 2860 1514 latent
2888 1460 3072 1516 oculos
3101 1478 3252 1518 meos
3284 1465 3402 1520 :vel
3430 1466 3486 1520 in

1911 1541 2050 1598 facie
2077 1560 2216 1608 mea,
2245 1545 2302 1599 id
2323 1547 2490 1601 estin
2520 1547 2740 1618 templo,
2770 1550 2861 1604 ubi
2892 1565 3067 1605 meam
3095 1567 3236 1623 saepe
3266 1555 3486 1611 exhibui

1913 1633 2283 1702 praesentiam,
2334 1634 2475 1689 idola
2514 1650 2610 1690 sua
2655 1647 2981 1706 posuerunt,
3011 1648 3069 1694 ut
3114 1641 3170 1696 in
3202 1643 3487 1698 Ezechiele

1911 1723 2225 1794 plenissime
2263 1710 2511 1782 habetur.
2547 1727 2615 1782 Et
2643 1744 2750 1783 non
2779 1729 2954 1785 solum
2985 1733 3042 1787 in
3076 1733 3272 1804 templo
3312 1735 3493 1792 colue-

1913 1826 2041 1872 runt
2068 1815 2226 1884 idola,
2266 1821 2360 1876 sed
2403 1821 2568 1877 etiam
2604 1835 2766 1894 super
2794 1825 2958 1882 colles
2987 1835 3042 1882 et
3069 1837 3303 1896 montes,
3348 1840 3404 1886 et
3434 1832 3492 1887 in

239 1913 641 1968 misericordem
680 1913 996 1968 invenistis?
1041 1913 1344 1970 Subaudis:
1376 1915 1500 1984 quia
1522 1914 1612 1984 qui
1641 1913 1813 1984 legem
1842 1908 1888 1966 B
1917 1907 2090 1964 hortis
2118 1910 2531 1968 immolaverunt
2577 1916 2679 1970 diis
2718 1916 2926 1985 alienis,
2951 1919 3240 1992 iungentes
3267 1923 3495 1981 idolola-

240 1987 329 2057 d‘ie
352 2013 618 2074 noctuque
643 2004 993 2069 metlitamini,
1024 2005 1089 2058 ad
1120 2005 1447 2060 iracundiam
1478 2005 1810 2075 provocastis

159 2157 166 2163 ι
240 2092 540 2148 recedendo
566 2109 596 2147 a
632 2109 746 2160 me,
779 2102 834 2148 et
871 2103 1090 2164 propter
1120 2102 1310 2148 vanam
1347 2095 1574 2166 gloriam
1595 2093 1812 2163 iactatis

237 2182 611 2250 paenitentiam
649 2185 701 2238 in
738 2199 887 2248 voce,
931 2186 1083 2256 cujus
1109 2201 1271 2255 opera
1303 2202 1407 2240 non
1443 2185 1640 2242 facitis.
1669 2187 1813 2254 Quo-

238 2273 400 2328 modo
443 2274 759 2330 invenerunt
796 2291 926 2344 ergo
967 2277 1226 2348 gentiles?
1267 2279 1387 2333 vide
1421 2279 1811 2346 centurionem,

237 2359 306 2416 de
337 2377 442 2430 quo
474 2363 732 2419 Dominus
767 2366 936 2420 dixit:
974 2380 994 2418 l
1027 2366 1198 2445 Amen
1244 2369 1364 2423 dico
1405 2369 1577 2433 vobis,
1620 2385 1721 2425 nec
1759 2370 1811 2424 in

239 2447 402 2503 Israel
435 2459 635 2504 tantam
666 2451 823 2506 ﬁdem
854 2454 1031 2508 inveni
1063 2455 1276 2525 (Matth.
1296 2459 1433 2524 vin).
1463 2475 1518 2511 ι(
1541 2457 1673 2516 Vide
1697 2476 1814 2514 mu-

237 2535 428 2594 lierem
455 2539 812 2596 Chanauazam
833 2552 887 2598 et
907 2545 1068 2600 crede
1090 2545 1304 2616 (Matth.
1340 2549 1448 2619 xv).
1483 2569 1501 2601 ι
1523 2549 1813 2620 Propterea

240 2640 373 2700 ergo
391 2631 514 2700 quia
543 2633 768 2702 gentiles
795 2633 1066 2690 voluntate
1089 2637 1244 2706 plena
1269 2648 1532 2694 venerunt
1557 2642 1625 2696 ad
1652 2641 1812 2696 ﬁdem

237 2718 483 2784 Domini,
514 2735 830 2778 meruerunt
862 2733 921 2778 ut
958 2726 1025 2781 de
1060 2727 1139 2782 eis
1176 2728 1290 2797 ipse
1323 2730 1564 2785 diceret:
1594 2750 1612 2782 ι
1636 2731 1815 2802 Popu-

237 2807 323 2862 lus
351 2824 510 2878 quem
537 2826 644 2865 non
671 2814 896 2882 cognovi
927 2816 1147 2870 servivit
1171 2818 1303 2872 mihi
1325 2815 1497 2888 (Psal.
1525 2820 1680 2893 xvu),
1719 2841 1737 2874 ι
1763 2831 1820 2876 et

237 2907 435 2954 caetera
461 2917 476 2954 :
507 2919 525 2951 ι
556 2901 716 2956 Dixi:
748 2903 887 2959 Ecce
925 2920 1025 2976 ego
1051 2946 1067 2972 ,
1112 2922 1239 2962 ecce
1283 2923 1383 2980 ego
1441 2910 1509 2964 ad
1553 2919 1768 2982 gentem
1799 2951 1814 2978 ,

235 3002 359 3056 quae
404 3002 511 3044 non
557 2989 843 3048 invoCabat
883 3007 1076 3050 nomen
1111 3012 1308 3052 meum.
1339 3017 1357 3050 ι
1395 2997 1510 3054 Vox
1547 2999 1669 3055 Filii
1698 3000 1814 3056 Dei.

237 3077 380 3135 Ecce
426 3095 525 3150 ego
551 3120 566 3148 ,
625 3097 753 3137 ecce
794 3099 923 3155 ego,
969 3087 1225 3143 subaudis
1262 3089 1355 3158 qui
1416 3090 1546 3146 olim
1604 3091 1817 3149 locutus

234 3186 358 3226 sum
387 3172 454 3227 ad
486 3172 724 3244 Moysen,
756 3175 940 3234 dicens
969 3197 982 3232 :
1013 3179 1126 3252 Ego
1151 3195 1268 3236 sum
1293 3182 1385 3252 qui
1411 3198 1552 3249 sum,
1589 3185 1656 3240 ad
1683 3201 1815 3256 geu-

1917 2001 2033 2055 tria:
2076 2000 2367 2070 luxuriam,
2405 2013 2454 2060 ct
2486 2021 2584 2075 pro
2613 2021 2721 2063 uno
2754 2009 2911 2064 altari
2951 2013 3093 2082 quod
3124 2024 3238 2068 erat
3273 2015 3326 2071 in
3353 2025 3494 2072 tem-

1915 2091 2005 2160 pio
2032 2093 2241 2147 Domini
2281 2111 2345 2150 ex
2374 2097 2554 2166 politis
2581 2098 2846 2168 lapidibus
2879 2112 3270 2173 constructum,
3303 2123 3496 2164 secun-

1912 2181 2042 2236 dum
2074 2194 2396 2254 praeceptum
2421 2186 2574 2259 legis,
2605 2189 3006 2247 mdiﬁcaverunt
3034 2194 3187 2264 plura
3209 2197 3400 2253 altaria
3426 2214 3495 2256 ex

1917 2273 2084 2328 coctis
2133 2273 2390 2330 lateribus
2433 2287 2488 2333 et
2531 2294 2598 2334 ex
2644 2282 2939 2352 cespitibus
2980 2299 3276 2356 agrorum:
3311 2288 3497 2360 sicque

1918 2361 2148 2434 desuper
2186 2367 2629 2425 sacriﬁcaverunt
2673 2373 3024 2431 dzemonibus.
3065 2376 3145 2433 Ac
3187 2393 3255 2434 ne
3293 2380 3497 2452 aliquid

1916 2456 2043 2510 mali
2075 2457 2289 2514 deesset
2313 2461 2456 2529 quod
2485 2463 2587 2532 ipsi
2615 2477 2721 2520 non
2745 2466 3052 2536 implerent,
3095 2471 3416 2528 habitabant
3441 2474 3498 2530 in

1917 2547 2212 2615 sepulcris,
2269 2550 2371 2606 hoc
2427 2560 2544 2619 est,
2598 2555 2652 2609 in
2714 2556 3052 2616 domunculis
3105 2571 3496 2620 mortuorum:

1919 2640 2045 2714 quia
2098 2656 2260 2710 super
2312 2643 2557 2714 sepulcra
2603 2644 2914 2704 Iudaeorum
2955 2651 3299 2710 dormiebant
3345 2655 3500 2712 incu-

1919 2729 2110 2786 bantes
2153 2746 2314 2802 super
2342 2734 2514 2803 pelles
2557 2737 2878 2806 hostiarum,
2925 2751 2986 2797 ut
3021 2746 3247 2802 somniis
3277 2748 3501 2820 auguria

1917 2830 2193 2890 caperent.
2243 2823 2477 2878 Delubra
2516 2834 2696 2881 autem
2751 2830 2970 2900 proprie
3006 2841 3164 2890 erant
3209 2837 3406 2906 templa
3447 2837 3502 2893 in

1919 2915 2115 2985 quibus
2145 2927 2302 2973 erant
2346 2917 2522 2976 fontes
2547 2920 2633 2976 vel
2671 2922 2796 2988 rivi,
2844 2924 2902 2978 in
2939 2926 3138 2996 quibus
3182 2927 3502 2988 lavabantur

1919 3002 2110 3060 hostia
2127 3045 2142 3072 ,
2165 3015 2220 3062 et
2245 3010 2672 3066 hnundabantur
2699 3015 3007 3072 sacerdotes
3033 3031 3049 3071 :
3086 3026 3143 3074 ct
3165 3020 3501 3078 vocabantur

1918 3093 2142 3150 delubra
2171 3111 2203 3150 a
2234 3097 2500 3155 deluendo
2541 3101 2767 3170 hostias,
2801 3104 2916 3160 sive
2955 3106 3083 3177 quia
3124 3110 3318 3166 anima:
3341 3127 3501 3169 mun-

1918 3181 2191 3238 dationem
2218 3187 2479 3254 putabant
2507 3205 2565 3244 se
2584 3190 2656 3245 ibi
2694 3194 2975 3264 consequi,
3001 3196 3087 3252 vel
3118 3212 3150 3253 a
3183 3199 3502 3270 debriando,

238 3266 350 3315 tem
377 3277 496 3331 qua:
538 3265 813 3321 nesciebat
858 3282 966 3335 me,
1004 3277 1059 3323 et
1086 3285 1206 3339 quae
1245 3287 1350 3326 non
1402 3272 1688 3330 invocabat
1712 3289 1809 3329 no-
1835 3260 1880 3322 C
1911 3282 1976 3327 eo
2014 3275 2156 3342 quod
2193 3289 2335 3346 saepe
2380 3279 2523 3334 soliti
2568 3281 2642 3336 ibi
2684 3260 3142 3344 essent—debriari
3166 3329 3183 3359 ,
3231 3300 3287 3346 et
3326 3260 3500 3351 otiosa

236 3370 362 3410 men
391 3372 592 3411 meum.

315 3462 333 3494 ‹
363 3443 606 3514 Expandi
632 3461 824 3502 manus
849 3462 998 3504 meas
1022 3457 1130 3504 tota
1151 3451 1241 3506 die
1267 3451 1333 3505 ad
1363 3452 1616 3523 populum
1640 3453 1817 3509 incre-

237 3529 443 3597 dulum,
491 3534 580 3602 qui
610 3535 853 3604 graditur
886 3538 970 3590 via
1003 3551 1109 3593 non
1141 3539 1279 3594 bona
1308 3549 1431 3611 post
1457 3541 1818 3612 cogitationes

244 3636 394 3677 suas.
424 3622 658 3693 Populus
686 3626 775 3695 qui
809 3627 876 3682 ad
905 3628 1236 3684 iracundiam
1270 3640 1526 3700 provocat
1562 3648 1649 3688 me
1693 3643 1819 3688 ante

241 3708 436 3765 faciem
463 3718 638 3767 meain
670 3730 911 3784 semper:
946 3719 1036 3786 qui
1072 3719 1350 3776 immolant
1378 3722 1431 3775 in
1449 3722 1638 3789 hortis,
1653 3732 1709 3778 et
1735 3740 1821 3778 sa-

239 3797 490 3855 criﬁcant
523 3816 687 3871 super
712 3804 945 3861 lateres:
990 3809 1080 3877 qui
1114 3809 1358 3865 habitant
1382 3812 1432 3865 in
1459 3813 1738 3882 sepulcris,
1767 3823 1822 3870 et

239 3888 300 3943 in
336 3889 571 3945 delubris
617 3893 879 3949 idolorum
918 3897 1211 3954 dormiunt.
1245 3920 1262 3953 ι
1305 3902 1456 3966 Quod
1506 3904 1667 3968 dicit;
1710 3905 1818 3959 Ex-

236 3979 401 4049 pandi
430 3996 617 4037 manus
647 3999 794 4040 meas
823 3995 934 4042 tota
958 3990 1042 4044 die
1071 3991 1138 4045 ad
1169 3992 1422 4061 populum
1461 3994 1817 4064 incredulum,

237 4079 297 4124 et
321 4079 380 4125 ut
403 4071 456 4126 in
488 4073 835 4147 Septuaginta
865 4079 1223 4153 subiungitur,
1256 4093 1310 4138 et
1337 4086 1816 4154 contradicentem,

237 4162 521 4233 tripliciter
548 4175 726 4236 potest
757 4168 1020 4243 intelligit:
1053 4172 1296 4242 Expandi
1321 4191 1510 4231 manus
1536 4192 1683 4233 meas
1708 4188 1820 4234 tota

237 4254 327 4310 die
356 4257 596 4327 pendens
635 4259 688 4313 in
719 4275 903 4327 cruce,
942 4264 1010 4318 ad
1036 4265 1288 4335 populum
1317 4267 1672 4334 incredulum,
1703 4272 1819 4340 qui,

237 4361 364 4404 cum
393 4362 492 4418 pro
531 4349 637 4405 illis
675 4365 888 4408 orarem
931 4355 1115 4411 dicens
1164 4356 1230 4411 ad
1277 4357 1492 4413 Patrem
1526 4374 1540 4413 :
1579 4379 1596 4411 ι
1635 4360 1818 4426 Pater,

237 4440 462 4509 ignosce
491 4441 596 4498 illis
639 4443 855 4515 (Matth.
892 4449 1086 4521 xxvu),
1122 4469 1141 4502 ι
1181 4451 1471 4507 noluerunt
1503 4455 1724 4510 credere
1763 4457 1816 4510 in

235 4544 326 4586 me
352 4569 368 4595 ,
417 4532 513 4586 sed
551 4537 996 4592 contradixerunt
1048 4540 1177 4594 mihi
1228 4542 1469 4598 dicentes
1508 4562 1520 4598 :
1557 4546 1673 4601 Vah
1721 4547 1812 4616 qui

235 4619 471 4674 destruis
495 4623 750 4690 templum
779 4625 905 4692 Dei;
935 4627 1091 4683 aliter
1120 4648 1131 4683 :
1156 4629 1398 4700 Expandi
1423 4649 1615 4690 manus
1641 4614 1812 4704 meas,
1846 4614 1893 4674 ί)

235 4716 297 4763 ut
335 4724 428 4765 eos
471 4713 768 4782 reciperem
811 4724 866 4770 et
900 4719 1219 4776 collocarem
1264 4724 1316 4777 in
1365 4725 1487 4780 sinu
1529 4743 1673 4794 meo,
1719 4732 1812 4786 sed

235 4799 340 4869 ipsi
381 4814 594 4871 semper
619 4803 882 4862 increduli
906 4817 962 4862 et
985 4812 1416 4868 contradictores
1456 4819 1805 4886 exstiterunt;

235 4890 479 4948 dicamus
512 4903 567 4949 et
608 4896 766 4952 tertio
808 4901 966 4954 modo
993 4919 1005 4954 :
1031 4902 1273 4973 Expandi
1303 4920 1494 4962 manus
1520 4923 1668 4964 meas
1700 4919 1809 4966 tota

234 4980 324 5036 die
347 4983 416 5038 ad
447 4985 697 5054 populum
745 4988 1108 5059 incredulum,
1142 4995 1197 5050 id
1225 5005 1309 5052 est
1333 4999 1574 5054 omnium
1603 5001 1808 5058 beneﬁ-

233 5071 442 5126 ciorum
469 5088 709 5131 meorum
731 5078 869 5134 dona
893 5079 1121 5138 libenter
1152 5087 1377 5155 praestiti
1404 5089 1483 5144 eis
1505 5105 1535 5143 a
1569 5101 1809 5162 tempore

234 5175 342 5229 quo
369 5163 529 5220 eduxi
565 5180 658 5222 eos
687 5167 754 5223 de
791 5168 1026 5242 Egypto
1050 5187 1269 5246 propter
1297 5181 1490 5234 merita
1526 5193 1806 5252 parentum

234 5264 408 5336 usque
429 5253 555 5306 dum
598 5257 717 5311 veni
747 5257 800 5311 in
831 5274 1010 5317 carne.
1048 5263 1113 5317 Et
1136 5275 1418 5336 postquam
1459 5269 1605 5335 veni,
1642 5273 1806 5326 etiam

233 5350 340 5390 non
371 5335 552 5392 distuli
580 5341 870 5412 adimplere
905 5349 1101 5416 quibus
1131 5335 1379 5423 egebant,
1420 5359 1659 5412 sanando
1690 5359 1809 5413 illo-

234 5440 355 5480 rum
406 5426 670 5498 inﬁrmos,
715 5442 772 5489 et
817 5443 1106 5497 saturando
1139 5460 1232 5500 eos
1275 5446 1342 5501 de
1380 5449 1608 5517 panibus
1649 5453 1804 5519 meis,

234 5517 476 5591 legisque
525 5533 735 5581 secreta
782 5543 844 5584 ac
887 5533 1268 5602 pr0phetarum
1321 5556 1441 5609 quae
1479 5543 1558 5598 eis
1593 5517 1803 5602 occulta

234 5617 390 5664 erant
433 5614 745 5683 aperiendo,
781 5627 836 5672 et
877 5621 945 5674 ad
981 5625 1211 5691 patriam
1246 5628 1520 5685 ccelestem
1562 5637 1804 5691 vocando

234 5696 416 5766 (Joan.
447 5703 543 5773 vn).
590 5704 669 5759 llli
709 5715 888 5764 autem
938 5727 1149 5783 semper
1188 5716 1445 5774 increduli
1495 5731 1548 5778 et
1582 5734 1801 5781 contra-

236 5788 467 5848 dictores
493 5795 837 5864 exstiterunt,
870 5801 1108 5859 dicentes
1142 5824 1153 5858 :
1188 5826 1204 5858 ι
1237 5807 1292 5861 ln
1325 5809 1620 5868 Beelzebub
1651 5817 1801 5886 ejicis

639 5889 905 5954 Parnm.
946 5896 987 5954 C
1002 5897 1051 5954 Χ
1065 5897 1165 5960 Vl.

1919 3378 2147 3434 quaeque
2171 3379 2358 3436 agere,
2385 3383 2506 3438 quae
2533 3384 2566 3426 a
2601 3373 2921 3431 rectitudine
2949 3376 3051 3432 via:
3081 3394 3176 3434 eos
3203 3379 3360 3454 longe
3386 3384 3500 3452 red

1921 3457 2138 3513 debant.
2167 3458 2444 3529 Sequitur.
2479 3480 2498 3513 ‹
2531 3460 2634 3530 Qui
2660 3465 2949 3522 comedunt
2979 3484 3200 3526 carnem
3228 3473 3496 3542 suillam,»

1920 3546 1977 3602 id
2021 3557 2123 3615 est,
2167 3551 2450 3621 porcinam
2493 3564 2684 3611 contra
2730 3557 2867 3629 legis
2910 3572 3304 3635 praeceptum”
3337 3576 3394 3623 et
3413 3568 3500 3640 jus

1919 3639 2230 3710 profanum,
2263 3661 2282 3694 ι
2315 3644 2419 3700 hoc
2443 3653 2546 3712 est,
2579 3647 2916 3706 immundum
2945 3669 2964 3703 t
2995 3652 3048 3707 in
3073 3656 3217 3711 vasis
3243 3639 3453 3714 eorum.
3476 3679 3497 3714 ι

1922 3729 2074 3787 Unde
2117 3739 2225 3786 tam
2269 3733 2372 3803 ipsi
2411 3749 2574 3804 quam
2603 3752 2731 3794 vasa
2773 3753 2963 3796 eorum
3001 3743 3276 3802 immunda
3319 3758 3498 3806 erant.

1921 3819 2126 3874 Fanum
2157 3829 2243 3877 est
2281 3823 2538 3894 templum
2567 3826 2657 3880 ubi
2694 3827 2884 3900 religio
2909 3831 3118 3902 agitur;
3150 3833 3276 3890 inde
3303 3837 3502 3895 dicitur

1921 3910 2198 3982 profanus,
2233 3913 2388 3983 quasi
2435 3931 2599 3986 porro
2643 3933 2675 3972 a
2717 3917 2876 3985 fano,
2907 3919 2962 3974 id
3005 3931 3091 3978 est
3135 3939 3165 3978 a
3213 3924 3498 3997 religione.

1999 4021 2016 4054 ι
2047 4003 2148 4070 Qui
2193 4005 2376 4059 dicunt
2402 4024 2415 4059 :
2445 4005 2656 4063 Recede
2708 4023 2738 4062 a
2782 4024 2888 4076 me,
2939 4025 3048 4067 non
3103 4016 3502 4088 apprOpinques

1924 4095 2078 4161 mihi,
2109 4097 2245 4166 quia‘
2267 4097 2576 4155 immundus
2604 4115 2683 4156 es.
2715 4119 2734 4154 ι
2767 4101 2940 4158 Tanta
2966 4107 3220 4176 superbia
3242 4119 3398 4165 erant
3426 4111 3502 4168 illi

1923 4188 2339 4264 immundissimi
2362 4192 2571 4263 repleti,
2598 4203 2658 4250 ut
2678 4194 2922 4253 dicerent
2946 4213 3054 4254 non
3082 4200 3328 4259 adoranti
3354 4204 3501 4264 idola

1920 4286 1976 4332 et
2001 4293 2194 4334 carnes
2239 4281 2425 4337 suillas
2461 4299 2569 4340 non
2597 4285 2955 4344 'manducanti
2981 4309 2994 4344 :
3023 4290 3236 4349 Recede
3268 4310 3299 4350 a
3323 4298 3498 4363 nobis.

1921 4368 2046 4436 quia
2075 4369 2383 4427 immundus
2407 4387 2485 4428 es.
2517 4393 2534 4426 ι
2566 4375 2682 4438 Isti,
2721 4396 2740 4429 ι
2767 4378 3024 4437 subaudis
3043 4383 3136 4453 qui
3161 4385 3286 4452 talia
3310 4401 3498 4458 agunt,

1919 4459 2012 4528 qui
2051 4460 2332 4518 immolant
2359 4464 2412 4520 in
2443 4465 2615 4523 hortis
2651 4477 2708 4524 et
2743 4473 3032 4529 comedunt
3059 4491 3252 4536 carnes
3287 4483 3495 4550 suillas.

1921 4557 2122 4606 etcum
2163 4553 2270 4607 sint
2312 4555 2726 4616 immundissimi
2766 4573 2821 4617 et
2855 4563 3002 4620 omni
3031 4570 3288 4638 spurcitia
3325 4574 3496 4646 pleni,

1919 4641 2103 4696 dicunt
2121 4640 2271 4710 justo
2297 4663 2310 4698 :
2336 4645 2545 4704 Recede
2568 4664 2600 4703 a
2624 4651 2800 4719 nobis,
2833 4671 2852 4705 ι
2875 4653 3076 4724 fumus,
3106 4677 3126 4712 ι
3162 4658 3214 4713 id
3236 4640 3494 4731 est—nihil,

1925 4748 1942 4782 ‹
1977 4742 2136 4788 erunt
2159 4734 2210 4789 in
2239 4734 2420 4793 furore
2444 4753 2586 4807 meo,
2617 4761 2636 4792 ι
2671 4742 2785 4799 sive
2811 4744 2867 4800 in
2897 4746 3101 4804 ultione
3127 4764 3265 4806 mea.
3302 4771 3322 4806 ι
3349 4754 3492 4826 Ignis

1918 4823 2142 4889 ardens,
2172 4843 2190 4876 ι
2245 4827 2500 4884 subaudis
2516 4836 2633 4901 {eos
2667 4835 2809 4904 apud
2847 4833 3092 4894 inferos:
3137 4856 3158 4891 ι
3185 4847 3296 4898 tota
3326 4823 3432 4911 die,
3464 4864 3485 4897 ο

1917 4913 2019 4970 hoc
2041 4924 2144 4981 est,
2171 4933 2404 4989 semper.

1993 5026 2011 5057 ι
2047 5007 2185 5064 Ecce
2213 5012 2472 5082 scriptum
2499 5021 2584 5070 est
2609 5031 2790 5072 coram
2813 5035 2919 5087 me,
2941 5038 2960 5073 ι
2988 5021 3041 5078 id
3065 5031 3150 5080 est
3173 5023 3226 5079 in
3251 5040 3488 5098 conspe-

1911 5105 1999 5153 ctu
2028 5115 2168 5166 meo,
2196 5103 2452 5159 subaudis
2501 5109 2644 5176 quod
2675 5109 2776 5180 ipsi
2806 5110 3012 5166 faciunt
3037 5131 3050 5167 :
3077 5131 3096 5165 σ
3125 5113 3243 5171 Non
3272 5119 3487 5187 tacebo,

1910 5189 2002 5242 sed
2036 5191 2258 5245 reddam
2285 5201 2340 5247 et
2362 5196 2657 5252 retribuam
2695 5201 2749 5254 in
2788 5200 2907 5257 sinu
2943 5217 3131 5258 eorum
3174 5205 3488 5277 iniquitates

1909 5287 2139 5345 vestras,
2170 5279 2555 5354 etiniquitates
2579 5298 2793 5359 patrum
2821 5301 3125 5349 vestrorum
3149 5296 3333 5366 simul,
3357 5301 3490 5358 dicit

1911 5369 2187 5437 Dominus,
2219 5374 2309 5442 qui
2346 5377 2788 5434 sacriﬁcaverunt
2808 5396 2970 5450 super
3009 5395 3218 5442 montes
3245 5397 3302 5444 et
3327 5405 3491 5461 super

1911 5459 2092 5523 colles,
2123 5470 2176 5516 et
2203 5465 2665 5533 exprobraverunt
2689 5470 2844 5538 mihi,
2873 5481 2926 5528 et
2957 5477 3212 5532 remetiar
3236 5496 3372 5553 opus
3392 5459 3490 5540 ξομ

1913 5563 2031 5602 rum
2055 5551 2288 5619 primqu
2318 5553 2372 5607 in
2393 5555 2514 5609 sinu
2543 5573 2750 5614 eorum.
2774 5581 2793 5612 ι
2821 5561 2913 5619 Ille
2941 5567 3032 5635 qui
3059 5551 3308 5638 superius
3331 5572 3488 5630 dixe-

1911 5649 1996 5696 rat
2022 5660 2033 5694 :
2058 5641 2242 5710 Tacui,
2269 5660 2484 5718 semper
2503 5650 2646 5716 silui,
2671 5654 2882 5722 patiens
2902 5657 3000 5725 fui,
3041 5663 3200 5718 modo
3218 5664 3349 5721 dicit
3376 5681 3485 5724 non

1910 5731 2118 5796 tacebo,
2145 5734 2246 5790 hoc
2273 5746 2356 5792 est
2382 5753 2484 5793 non
2511 5756 2729 5810 parcam
2749 5747 2980 5816 amplius
3006 5765 3180 5822 neque
3203 5756 3483 5814 sustinebo

1909 5820 2220 5892 iniquitates
2250 5841 2457 5894 eorum,
2485 5839 2538 5885 et
2570 5835 2862 5890 retribuam
2894 5847 2948 5894 et
2973 5820 3190 5897 reddam
3219 5845 3478 5918 iniquita-

3091 5934 3164 5994 31b
