4016 6442
612 308 747 360 1067

1067 307 1418 365 HAVMONIS
1456 304 1938 363 HALBERSTAT.
1981 304 2197 358 EPlSC.
2241 304 2390 359 OPP.
2437 304 2617 358 PARS
2655 304 2695 357 l.
2727 335 2797 344 —
2830 301 3185 360 COMMENT.
3225 298 3401 358 BIBL.

3751 309 3889 364 £068

611 429 691 473 tes
715 432 898 474 eorum
922 418 972 472 in
996 419 1117 474 sinu
1141 428 1416 485 eorum,et
1437 420 1748 489 iniquitates
1769 427 1981 489 patrum
2001 433 2188 472 eorum
2217 425 2266 484 Α
2293 431 2578 487 possumus
2624 415 2942 486 intelligere,
2974 415 3246 471 Christum
3277 417 3526 472 videlicet
3559 421 3656 489 qui
3701 421 3777 478 de
3803 441 3890 478 se-

610 508 1035 569 idololatrarum.
1081 509 1184 564 Per
1214 511 1392 564 sinum
1423 511 1682 564 debemus
1711 509 2005 578 intelligere
2035 507 2187 577 prin-

608 598 784 668 cipale
805 599 1019 665 mentis,
1055 600 1197 653 sicut
1226 598 1279 653 in
1307 597 1446 655 Osee
1470 600 1607 670 (cap.
1643 599 1717 668 Iv)
1747 598 1942 652 dicitur
1967 615 1980 651 :
2010 616 2028 647 ‹
2067 597 2189 651 Haec

606 699 690 743 est
713 689 974 744 detractio
993 692 1230 760 ipsorum
1255 689 1307 742 in
1334 689 1451 744 sinu
1471 704 1682 752 eorum,
1708 707 1724 738 ι
1753 688 1805 743 id
1827 688 1987 742 estin
2010 698 2190 742 mente

608 779 866 848 ipsorum.
910 779 1011 846 Qui
1051 779 1201 834 sinus
1247 787 1468 848 propter
1507 779 1700 832 anima:
1746 776 2040 846 principale
2084 776 2188 830 alio

606 869 824 923 nomine
871 868 1172 938 appellatur
1204 877 1263 922 ut
1289 868 1459 922 illud:
1485 868 1613 922 Vias
1657 882 1844 921 eorum
1881 867 2100 920 reddam
2133 866 2185 920 in

605 960 783 1029 capite
829 975 1035 1014 eorum.
1082 959 1416 1029 lniquitates,
1446 958 1643 1028 inquit,
1674 972 1861 1012 eorum
1897 966 1952 1010 et
1995 956 2189 1026 iniqui-

605 1059 745 1105 tates
776 1059 985 1120 patrum
1014 1050 1226 1103 illorum
1261 1048 1683 1110 idololatrarum,
1715 1047 1808 1116 qui
1844 1047 2185 1102 sacrificave-

605 1150 732 1196 runt
760 1156 923 1211 super
950 1149 1160 1196 montes
1188 1141 1326 1197 filios
1356 1156 1496 1202 suos,
1530 1149 1585 1196 et
1609 1154 1774 1208 super
1803 1139 1967 1194 colles
1991 1153 2186 1208 expro-

604 1230 897 1288 braverunt
945 1233 1116 1297 mihi,
1167 1233 1270 1288 hoc
1321 1243 1405 1288 est
1457 1233 1548 1301 qui
1609 1230 1988 1285 contumeliam
2051 1229 2182 1283 mihi

604 1326 845 1380 fecerunt
874 1339 958 1378 me
981 1324 1423 1394 derelinquendo,
1451 1332 1508 1377 et
1533 1323 1794 1376 honorem
1823 1335 2000 1375 meum
2027 1319 2183 1375 idolis

602 1415 948 1470 retribuendo
987 1434 1001 1468 :
1039 1415 1259 1470 reddam
1302 1423 1360 1470 et
1405 1414 1700 1468 retribuam
1737 1413 1791 1466 in
1823 1413 1942 1468 sinu
1972 1428 2180 1478 eorum,

603 1511 706 1563 hoc
734 1516 816 1562 est
861 1507 913 1560 in
955 1508 1251 1578 principale
1281 1507 1480 1562 mentis
1505 1519 1690 1561 eorum
1715 1545 1729 1570 ,
1754 1512 1814 1560 ut
1845 1520 1937 1560 eos
1965 1504 2180 1574 propria

603 1607 852 1670 torqueat
881 1599 1231 1653 conscientia.
1262 1598 1328 1652 Et
1362 1597 1639 1661 remetiar,
1671 1597 1774 1650 hoc
1818 1603 1914 1650 est-
1937 1596 2178 1659 reddam,

601 1704 736 1758 opus
765 1702 950 1743 eorum
991 1689 1223 1757 primum
1270 1689 1322 1741 in
1371 1688 1490 1742 Sinu
1536 1702 1756 1750 eorum,
1787 1685 1840 1740 id
1872 1692 1959 1740 'est
2000 1685 2178 1754 qualia

2292 507 2437 559 mine
2466 514 2520 558 et
2545 506 2714 574 stirpe
2740 503 2906 559 Jacob
2930 505 3212 560 descendit
3229 506 3296 561 de
3323 507 3462 562 tribu
3489 507 3656 575 Iuda,
3675 512 3751 568 de
3777 529 3889 584 quo

2288 598 2424 651 dixit
2446 596 2611 652 Jacob
2640 615 2652 651 :
2682 617 2700 648 ‹
2729 597 2844 652 Non
2875 597 3089 652 deficiet
3124 599 3373 669 princeps
3412 616 3482 655 ex
3515 600 3659 658 Juda
3707 619 3887 676 neque

2287 687 2395 741 dux
2425 689 2488 741 de
2519 687 2811 742 femoribus
2843 686 2980 756 ejus,
3016 688 3188 743 donec
3230 690 3412 744 veniat
3452 693 3545 760 qui
3579 693 3885 752 mittendus

2286 787 2388 842 est,
2411 799 2429 830 ι
2455 779 2546 849 qui
2573 780 2813 849 possedit
2837 788 3047 836 montes
3073 779 3224 846 (Gen.
3258 783 3408 850 χιιι)
3432 802 3447 837 :
3481 785 3587 839 hoc
3606 795 3696 841 est
3726 804 3883 858 apos-

2289 871 2452 933 tolos,
2493 870 2560 925 de
2613 871 2809 939 quibus
2861 871 2991 926 dicit
3030 871 3313 927 Psalmista
3362 891 3376 927 :
3430 892 3450 924 ι
3496 875 3701 931 Levavi
3753 894 3883 934 ocu-

2285 961 2366 1016 los
2408 976 2558 1016 meos
2606 960 2674 1016 ad
2719 969 2952 1016 montes.
2991 961 3059 1016 Et
3105 971 3315 1018 montes
3368 963 3422 1018 in
3468 966 3710 1022 circuitu
3766 970 3881 1040 ejus

2287 1049 2456 1120 (Psal.
2485 1054 2638 1120 cxx),
2662 1070 2680 1102 ι
2709 1059 2763 1105 et
2789 1061 2988 1107 cmtera
3020 1051 3348 1121 hujusmodi.
3395 1055 3570 1110 Aliter
3594 1076 3609 1112 :
3633 1057 3709 1113 Et
3751 1061 3878 1116 edu-

2284 1157 2401 1196 cam
2439 1143 2504 1197 de
2529 1141 2696 1197 Jacob
2719 1158 2928 1208 semen,
2961 1145 3065 1199 hoc
3095 1154 3180 1200 est
3207 1145 3432 1202 chorum
3475 1150 3877 1220 apestolormn,

2282 1233 2348 1287 de
2368 1249 2473 1302 quo
2496 1233 2628 1288 dicit
2650 1233 2790 1288 idem
2816 1235 3116 1304 propheta:
3137 1254 3155 1286 ‹
3180 1235 3292 1292 Nisi
3324 1237 3592 1294 Dominus
3621 1241 3875 1312 reliqujsp

2283 1337 2364 1384 set
2401 1329 2555 1384 nobis
2593 1345 2805 1395 semen,
2849 1339 2905 1385 et
2938 1331 3180 1402 reliquiae
3215 1332 3378 1386 salvae
3429 1333 3564 1388 fient
3595 1335 3822 1406 (Ima).
3850 1358 3866 1388 ι

2280 1419 2348 1474 Ει
2375 1419 2442 1474 de
2471 1417 2606 1474 Iuda
2650 1419 3016 1488 possidentem
3055 1430 3271 1476 montes
3310 1437 3493 1488 meos,
3525 1424 3585 1477 id
3619 1433 3712 1479 est
3746 1425 3870 1481 alios

2280 1511 2582 1575 credentes,
2624 1523 2758 1578 quos
2799 1511 2899 1579 ipsi
2939 1511 3166 1582 apostoli
3205 1514 3434 1567 Domino
3473 1515 3862 1584 acquisierunt.

2280 1599 2375 1653 Vel
2402 1600 2540 1654 sicut
2565 1599 2618 1653 in
2645 1600 2996 1671 Septuaginta
3026 1601 3271 1662 habetur,
3307 1603 3694 1671 possidentem
3733 1623 3864 1660 usos-

2280 1697 2384 1742 tem
2407 1704 2606 1753 meum,
2624 1691 2727 1744 hoc
2747 1698 2833 1744 est
2855 1689 3153 1764 Christum,
3176 1690 3266 1759 qui
3292 1701 3559 1745 estmons
3583 1695 3852 1758 amntium,

600 1780 882 1842 fecerunt,
918 1777 1044 1832 talia
1083 1778 1382 1848 recipient;
1414 1778 1645 1849 primum
1687 1777 1742 1832 in
1775 1777 1954 1831 anima
1998 1776 2084 1831 vel
2127 1777 2179 1830 in
2211 1777 2255 1836 B
2284 1781 2351 1835 de
2378 1795 2484 1850 quo
2509 1781 2744 1834 dicitur:
2778 1799 2796 1831 ι
2830 1779 2930 1834 llic
2961 1787 3046 1834 est
3072 1796 3227 1835 mons
3253 1781 3306 1833 in
3330 1795 3438 1850 quo
3466 1781 3846 1851 beneplacitm

598 1871 918 1940 penetrabili
963 1871 1159 1938 corde,
1188 1879 1248 1925 ut
1292 1879 1375 1926 est
1415 1871 1609 1936 homo,
1639 1869 1832 1925 deinde
1876 1876 1996 1939 post
2036 1867 2179 1924 diem

593 1961 781 2032 iudicii
816 1962 869 2015 in
898 1976 1125 2031 corpore
1149 1971 1204 2016 et
1230 1962 1284 2016 in
1312 1962 1492 2016 anima
1519 2001 1535 2026 ,
1561 1969 1622 2015 ut
1647 1960 1887 2015 exterius
1913 1959 2022 2030 igni
2051 1974 2176 2029 per-

597 2063 760 2122 petuo
784 2062 1099 2119 exurantur,
1116 2061 1171 2107 et
1199 2053 1423 2107 interius
1446 2051 1662 2122 propria
1693 2051 2027 2106 conscientia
2055 2065 2179 2105 cru-

596 2149 828 2212 cientur,
853 2147 1147 2202 secundum
1178 2147 1321 2217 quod
1361 2146 1499 2200 idem
1547 2145 1806 2214 propheta
1834 2144 1963 2199 dicit
1991 2144 2097 2199 alio
2123 2145 2176 2200 in

596 2238 752 2294 loco:
777 2259 796 2290 ‹
825 2238 1037 2294 Vermis
1068 2253 1254 2294 eorum
1284 2253 1389 2292 non
1421 2238 1698 2302 morietur,
1734 2245 1789 2292 et
1824 2236 1961 2308 ignis
1989 2252 2176 2292 eorum

595 2347 703 2384 non
735 2331 1106 2402 exstinguetur
1131 2329 1265 2401 (Isa.
1299 2328 1464 2400 vai).
1492 2348 1509 2379 ι
1539 2327 1644 2383 Sed
1673 2327 1840 2398 quaeri
1867 2337 2046 2397 potest
2074 2329 2178 2384 isto

601 2423 653 2476 in
689 2423 826 2485 loco,
854 2433 976 2477 eum
1022 2423 1162 2476 Deus
1202 2421 1542 2490 omnipotens
1569 2420 1796 2474 dixerit:
1831 2438 1848 2471 ‹
1877 2420 2041 2474 Pater
2067 2435 2174 2476 non

591 2513 833 2581 portabit
863 2511 1200 2580 iniquitatem
1221 2511 1336 2575 ﬁlii,
1359 2520 1454 2564 nec
1481 2510 1622 2564 filius
1651 2509 1986 2579 iniquitatem
2007 2511 2178 2580 patris

595 2601 811 2673 (Ezech.
841 2601 898 2671 x)
925 2618 938 2654 :
977 2620 994 2651 ι
1023 2615 1190 2669 quare
1217 2601 1376 2654 modo
1397 2599 1595 2653 dixerit
1625 2599 1936 2668 iniquitates
1960 2609 2174 2670 patrum

595 2708 780 2748 eorum
798 2691 1014 2747 reddam
1031 2691 1084 2745 in
1100 2693 1221 2746 sinu
1235 2707 1421 2745 eorum
1436 2690 1548 2744 ?Ad
1563 2691 1704 2760 quod
1726 2691 2010 2745 dicendum
2022 2733 2034 2753 ,
2050 2691 2173 2760 quia

594 2792 776 2854 patres
806 2798 913 2837 non
958 2782 1328 2851 intelliguntur
1358 2780 1445 2834 hic
1487 2779 1821 2834 solummodo
1851 2779 1916 2834 de
1944 2784 2173 2850 quorum

594 2873 799 2928 semine
819 2886 1045 2941 corpora
1081 2878 1448 2940 sumpserunt,
1476 2871 1570 2924 sed
1595 2880 1821 2938 quorum
1852 2884 2014 2940 opera
2048 2870 2173 2925 imi-

594 2963 692 3017 tati
713 2971 861 3017 sunt.
881 2961 1046 3030 Cujus
1075 2960 1219 3015 enim
1238 2975 1398 3028 opera
1421 2960 1541 3029 quis
1562 2959 1723 3024 facit,'
1737 2967 1792 3014 et
1806 2974 1965 3028 quem
1990 2961 2170 3016 imita-

597 3064 708 3121 tur,
736 3053 924 3124 procul
953 3053 1114 3108 dubio
1143 3059 1196 3104 et
1223 3051 1362 3105 ﬁlius
1389 3058 1471 3105 est
1502 3064 1607 3104 non
1642 3065 1740 3119 per
1766 3058 2012 3104 naturam
2033 3092 2047 3115 ,
2077 3051 2174 3106 sed

2282 1881 2364 1928 est
2391 1873 2500 1927 Deo
2527 1873 2768 1927 habitare
2791 1872 2846 1926 in
2877 1888 2942 1926 eo
2974 1870 3146 1944 (Psal.
3175 1873 3364 1942 van).
3393 1891 3411 1924 ι
3445 1872 3524 1928 De
3553 1871 3703 1928 Juda
3733 1876 3855 1930 enin

2281 1963 2530 2016 exierunt
2547 1962 2795 2032 apostoli,
2823 1963 2925 2017 hoc
2944 1971 3029 2017 est
3045 1962 3113 2017 de
3124 1962 3386 2032 progenie
3409 1963 3764 2028 Iudaeorum,
3784 1968 3858 2036 qui

2279 2052 2641 2123 possederunt
2665 2051 2971 2118 Christum,
2997 2051 3122 2121 quia
3149 2051 3202 2104 in
3237 2051 3350 2120 ipso
3382 2051 3599 2106 fundati
3637 2053 3857 2108 fuerunt.

2280 2142 2344 2197 Et
2365 2143 2457 2212 qui
2475 2141 2836 2212 possederunt
2861 2140 2996 2196 alios
3027 2150 3260 2206 montes,
3283 2141 3384 2197 hoc
3407 2151 3495 2197 est
3521 2154 3798 2215 martyres
3814 2154 3860 2198 et

2276 2248 2462 2287 eorum
2484 2247 2762 2302 sequaces.
2784 2251 2802 2284 ι
2823 2232 2889 2286 Ει
2910 2231 3300 2287 hazreditabunt
3325 2247 3448 2287 eam
3472 2233 3644 2288 electi
3668 2235 3796 2299 mei,
3814 2246 3860 2288 et

2278 2324 2421 2380 servi
2455 2323 2560 2379 mei
2592 2323 3036 2378 habitabunt-ibi.
3070 2343 3089 2375 ›
3121 2323 3360 2378 Ecclesia
3389 2325 3695 2380 haereditas
3720 2325 3863 2381 Chri-

2277 2415 2345 2470 sti
2370 2423 2470 2481 est,
2509 2422 2563 2469 et
2591 2413 2689 2468 filii
2726 2416 2808 2468 sui
2835 2429 3041 2479 onmes,
3067 2414 3320 2468 videlicet
3355 2414 3677 2481 credentes,
3706 2417 3861 2471 bere-

2275 2509 2448 2564 ditant
2470 2523 2612 2562 eam.
2647 2506 2722 2562 De
2748 2507 2851 2562 hac
2875 2506 3190 2561 haereditate
3216 2505 3348 2560 dicit
3372 2504 3672 2561 Psalmista
3699 2525 3713 2560 :
3743 2526 3764 2558 ‹
3789 2507 3861 2562 Tt

2274 2598 2620 2655 hzereditabis
2663 2596 2960 2668 (inquiens)
2988 2597 3041 2650 in
3081 2597 3331 2651 omnibus
3381 2596 3645 2666 gentibus
3695 2595 3855 2668 (Ρωι

2274 2691 2493 2763 Lxxxv).
2525 2710 2542 2742 ι
2574 2691 2639 2744 Ει
2669 2690 2829 2745 Pater
2856 2690 2921 2745 ad
2951 2705 3071 2746 eum
3103 2706 3117 2743 :
3145 2709 3163 2741 ‹
3185 2688 3414 2744 .Postula
3441 2703 3474 2743 a
3505 2705 3617 2753 me,
3643 2699 3703 2745 et
3731 2689 3859 2746 dabo

2275 2781 2370 2837 tibi
2399 2790 2588 2852 gentes
2621 2780 2990 2835 baereditatem
3019 2787 3188 2834 tuam.
3218 2797 3236 2831 ι
3491 2766 3496 2770 ’

2349 2890 2368 2922 ι
2401 2872 2470 2926 Et
2501 2880 2663 2926 erunt
2695 2870 3016 2939 campestria
3047 2869 3100 2923 in
3125 2869 3312 2924 caulas
3333 2883 3580 2941 gregum.
3611 2871 3682 2925 Et
3709 2870 3856 2925 vallis

2271 2965 2454 3021 Achor
2478 2965 2533 3020 in
2562 2962 2738 3018 cubile
2781 2970 3152 3016 armentorum
3182 2961 3381 3031 populo
3403 2977 3524 3017 meo
3547 2963 3646 3031 qui
3674 2963 3851 3032 requi-

2271 3059 2484 3114 ‘sierunt
2506 3071 2611 3112 me.
2634 3075 2653 3108 ι
2676 3055 2780 3111 Ubi
2801 3054 2890 3110 hic
2901 3055 3128 3110 habetur
3151 3057 3644 3125 eruntcampcstria
3662 3056 3714 3110 in
3729 3071 3855 3111 cana

597 3161 697 3216 per
722 3145 1095 3200 imitationem.
1125 3141 1252 3196 Tale
1277 3151 1510 3212 estergo
1543 3151 1606 3196 ac
1642 3142 1684 3196 si
1711 3129 1916 3196 diceret
1941 3160 1952 3194 :
1979 3141 2178 3212 lniqui-
2203 3135 2248 3197 C
2281 3147 2362 3202 las
2377 3161 2620 3218 gregum,
2637 3147 2690 3200 in
2712 3145 2814 3200 alia
2836 3145 3186 3200 translatione
3208 3145 3433 3200 habetur
3448 3145 3711 3210 Sarbnas,
3731 3161 3850 3217 qua:

593 3244 732 3291 tates
753 3244 965 3306 patrum
993 3248 1180 3289 eorum
1212 3233 1428 3287 reddam
1455 3233 1552 3297 eis,
1574 3232 1626 3288 id
1653 3242 1734 3288 est
1760 3249 1880 3303 qua:
1904 3233 2171 3290 illi'susti-

592 3336 725 3383 nent
746 3341 908 3396 opera
941 3324 1135 3380 imitati
1164 3323 1537 3392 sunt,eadem
1573 3324 1914 3378 suStinebunt
1951 3334 2008 3379 et
2055 3324 2165 3380 isti.

596 3417 758 3489 Sequi
769 3426 875 3472 tur.

667 3529 686 3561 ι
719 3508 846 3564 Haec
875 3507 1004 3564 dicit
1031 3507 1322 3563 Dominus:
1350 3505 1628 3573 Quomodo
1648 3505 1692 3560 si
1717 3505 2168 3576 inveniaturrgra-

589 3614 718 3654 num
739 3599 790 3652 in
817 3599 994 3663 botro,
1026 3606 1080 3652 et
1103 3598 1314 3651 dicatur
1339 3613 1351 3650 :
1377 3595 1453 3649 Ne
1480 3595 1708 3665 diasipes
1737 3595 1884 3659 illud,
1913 3595 2166 3664 quoniam

591 3688 895 3743 benedictio
921 3697 1039 3742 cst:
1075 3689 1152 3742 sic
1192 3686 1386 3741 faciam
1424 3693 1645 3755 propter
1684 3699 1868 3740 servos
1899 3701 2068 3751 meos,
2107 3694 2168 3740 ut

590 3795 698 3833 non
721 3779 1023 3849 disperdam
1051 3786 1240 3832 totum.
1266 3797 1283 3828 ι
1322 3777 1554 3831 Minatus
1578 3786 1661 3830 est
1690 3777 1948 3832 Dominus
1971 3777 2168 3847 populo

587 3869 895 3926 Iudaeorum
935 3884 994 3924 se
1026 3869 1358 3924 redditurum
1386 3870 1696 3938 iniquitates
1723 3884 1932 3934 eorum,
1961 3878 2018 3924 et
2060 3870 2165 3924 ini-

589 3963 825 4031 quitatcs
852 3969 1064 4030 patrum
1093 3961 1307 4016 illorum
1335 3979 1347 4013 :
1376 3969 1430 4015 et
1459 3969 1580 4030 post
1608 3960 1807 4026 intulit,
1839 3962 1941 4015 sub
1972 3962 2165 4016 simili—

589 4053 774 4106 tudine
810 4053 895 4107 vel
931 4053 1334 4122 comparatione
1352 4093 1366 4116 ,
1395 4053 1565 4106 bonos
1591 4068 1696 4106 non
1722 4065 1840 4107 esse
1867 4053 2166 4122 perdendos

587 4151 811 4210 propter
830 4141 1032 4196 malos:
1054 4140 1213 4194 Verbi
1241 4143 1435 4210 gratia,
1451 4143 1593 4196 sicut
1619 4141 2166 4214 Abrahamzliberatus

585 4240 674 4287 est
698 4233 765 4288 de
793 4230 870 4287 Ur
891 4231 1283 4298 Chaldaeorum,
1302 4231 1412 4286 Noe
1437 4241 1492 4286 et
1520 4232 1613 4286 ﬁlii
1640 4232 1756 4302 ejus
1783 4247 1878 4301 per
1905 4232 2164 4287 diluvium

584 4335 656 4378 ex
677 4323 824 4378 omni
850 4323 1049 4379 mundo
1071 4322 1308 4378 salvatus
1327 4332 1434 4387 est,
1449 4332 1504 4377 et
1517 4322 1653 4378 Loth
1681 4338 1710 4376 a
1737 4322 2005 4378 Sodomis.
2023 4323 2167 4389 Quo-

563 4418 751 4475 .modo
777 4433 906 4490 ergo
932 4419 978 4475 si
1009 4419 1314 4474 inveniatur
1353 4427 1583 4488 granum
1635 4433 1800 4473 unum
1847 4419 2066 4474 illmsum
2110 4429 2166 4474 et

2271 3246 2356 3292 est
2379 3237 2528 3306 regio
2551 3236 2692 3290 inter
2717 3233 2922 3305 Joppen
2945 3243 2999 3290 et
3025 3233 3272 3304 Lipidam
3311 3244 3454 3302 atque
3479 3233 3758 3302 Jagniam,
3775 3236 3842 3289 in

2269 3343 2375 3398 qua
2413 3335 2538 3382 sunt
2584 3325 2904 3395 campestria
2943 3325 3276 3380 fertilissima
3317 3333 3372 3380 ct
3404 3324 3676 3395 pascendis
3714 3339 3840 3396 greb

2269 3420 2424 3490 gibus
2467 3426 2624 3488 apta;
2653 3417 2748 3472 sed
2780 3418 3056 3471 abundant
3083 3416 3410 3483 latronibus,
3438 3417 3578 3471 unde
3601 3426 3658 3471 et
3680 3417 3852 3474 inter-

2252 3517 2514 3580 pretatur
2556 3507 2705 3563 vallis
2751 3507 3022 3577 effundens
3083 3507 3431 3576 sanguinem,
3480 3507 3607 3576 quia
3657 3508 3851 3562 multus

2268 3600 2486 3671 sanguis
2527 3600 2793 3654 viatorum
2824 3607 2879 3652 et
2921 3598 3314 3653 transeuntium
3357 3595 3430 3650 ibi
3473 3595 3682 3652 effusus
3716 3607 3848 3652 esta

2268 3688 2584 3744 latronibus.
2611 3687 2777 3743 Vallis
2807 3685 2989 3744 Achor
3022 3688 3134 3758 ipsa
3185 3693 3268 3742 est
3295 3686 3390 3741 ubi
3414 3685 3630 3740 Acham
3659 3728 3674 3752 ,
3718 3687 3848 3743 ﬁlius

2267 3783 2468 3848 Carim,
2499 3783 2590 3850 qui
2639 3780 2850 3836 furatus
2883 3789 2968 3835 est
3009 3781 3075 3834 de
3117 3780 3465 3834 anathemate
3491 3788 3550 3832 et
3579 3781 3650 3834 de
3678 3781 3846 3850 spoliis

2248 3872 2513 3936 'Jericho,
2563 3871 2725 3941 periit
2771 3886 2893 3925 cum
2945 3870 3091 3926 omni
3143 3870 3301 3924 domo
3344 3883 3464 3923 sua.
3509 3868 3581 3922 Et
3635 3871 3844 3938 (μιιεὶιή

2268 3960 2508 4015 turbavit
2552 3958 2831 4030 populum,
2862 3959 2942 4013 sic
2971 3959 3022 4012 ei
3049 3957 3185 4012 dixit
3225 3955 3424 4010 Josue:
3463 3975 3483 4006 ι
3511 3954 3778 4010 Exturbet
3800 3965 3845 4012 te

2267 4051 2543 4113 Dominus,
2573 4049 2698 4120 quia
2729 4049 3060 4104 conturbasti
3091 4062 3205 4109 nos,
3253 4055 3309 4101 et
3354 4045 3429 4101 ibi
3476 4047 3648 4116 periit
3683 4046 3842 4115 (lem

2256 4142 2385 4211 vn).
2409 4159 2428 4192 ι
2467 4141 2702 4195 Vocatur
2743 4139 2893 4195 locus
2931 4141 3045 4209 ipse
3077 4137 3234 4192 vallis
3267 4137 3477 4202 Acbor,
3505 4136 3562 4191 id
3596 4144 3686 4192 est
3708 4136 3841 4190 vallis

2267 4232 2590 4288 turbationis
2631 4232 2714 4286 vel
2765 4231 3047 4286 tumultus.
3098 4229 3203 4284 Per
3238 4229 3356 4283 haec
3405 4237 3598 4283 autem
3635 4229 3840 4284 duono-

2269 4323 2438 4386 mina,
2462 4322 2566 4377 hoc
2592 4330 2674 4376 est
2699 4337 2797 4390 per
2818 4319 3053 4376 Saronas
3077 4320 3190 4374 sive
3211 4317 3408 4382 Saron,
3430 4333 3557 4388 quae
3587 4319 3836 4387 interpre-

2269 4423 2417 4468 tatur
2470 4412 2619 4466 vallis
2681 4411 2952 4480 effundens
2994 4410 3300 4480 sanguinem
3327 4445 3344 4475 ,
3405 4416 3466 4462 et
3502 4408 3690 4463 Achar
3729 4421 3837 4477 qua

589 4513 957 4584 incorruptum
988 4513 1041 4566 in
1065 4511 1240 4578 botro,
1265 4512 1455 4581 sivegin
1484 4521 1702 4566 racemo
1728 4521 1849 4580 post
1877 4519 2160 4582 tempesta-
2188 4498 2240 4556 D
2267 4505 2652 4574 interpretatur
2686 4502 2834 4558 vallis
2878 4501 3186 4556 turbationis
3213 4501 3327 4555 sive
3351 4499 3648 4566 tumultus,
3680 4499 3837 4568 signi-

588 4611 717 4664 tem,
750 4609 806 4655 et
851 4600 996 4656 dicat
1041 4600 1235 4670 aliquis
1279 4601 1354 4655 illi
1400 4601 1491 4671 qui
1535 4599 2162 4671 voluerit-tangere:Ne

590 4702 802 4760 tangas,
826 4692 920 4747 sed
959 4693 1206 4763 permitte
1230 4702 1292 4747 ut
1317 4701 1550 4757 crescat,
1579 4692 1706 4762 quia
1751 4691 1962 4747 Domini
1999 4691 2162 4748 bene-

590 4783 756 4838 dictio
784 4791 890 4849 est,
921 4783 973 4838 id
1003 4791 1088 4837 est
1113 4784 1337 4839 Domino
1375 4784 1598 4854 placuit,
1625 4791 1684 4838 ut
1713 4797 1779 4838 ex
1825 4783 2164 4840 multitudine

590 4875 870 4930 botrorum
897 4875 1034 4930 istud
1063 4890 1223 4928 unum
1249 4891 1475 4947 granum
1498 4883 1802 4931 remaneret
1828 4875 1947 4930 :‘sic
1969 4875 2163 4930 faciam

590 4982 688 5038 ego
733 4980 799 5021 ex
845 4965 1223 5020 innumerabili
1270 4967 1611 5022 multitudine
1660 4964 1988 5021 Judaeorum.
2043 4964 2165 5033 Qui

585 5056 984 5111 limreditabunt
1015 5054 1230 5126 (inquit)
1257 5069 1396 5121 eam,
1423 5057 1525 5113 hoc
1574 5066 1657 5113 est
1701 5056 2036 5113 Hierusalem
2080 5055 2165 5109 vel

594 5145 908 5209 Ecclesiam,
939 5146 1094 5200 electi
1125 5147 1228 5200 mei
1259 5147 1484 5215 apostoli
1509 5147 1774 5210 videlicet,
1802 5155 1854 5202 et
1881 5146 2023 5201 servi
2057 5145 2162 5199 mei

591 5249 853 5304 sequaces
890 5250 1075 5290 eorum
1108 5235 1426 5290 habitabunt
1455 5237 1548 5290 ibi.
1593 5236 1651 5291 Si
1680 5253 1880 5306 paucos
1908 5235 2164 5290 invenero

587 5324 784 5396 iustos,
815 5325 1054 5380 liberabo
1078 5341 1188 5381 eos.
1223 5326 1290 5381 Et
1335 5327 1436 5382 hoc
1484 5326 1677 5380 faciam
1721 5336 1936 5398 propter
1973 5341 2162 5381 servos

594 5432 744 5472 meos
770 5418 1040 5474 Abraham
1059 5457 1072 5477 .
1095 5427 1149 5472 et
1185 5418 1365 5482 Isaac,
1393 5427 1448 5473 et
1471 5417 1636 5473 Jacob
1654 5459 1668 5480 ,
1699 5426 1753 5472 et
1778 5428 2003 5473 caeteros
2032 5433 2159 5472 san-

590 5517 730 5572 ctos,
759 5507 842 5563 vel
873 5518 1092 5579 propter
1124 5525 1215 5564 eos
1243 5511 1330 5579 qui
1363 5510 1573 5565 illorum
1605 5502 1905 5564 imitatores
1944 5517 2087 5564 sunt.

671 5621 691 5654 ι
724 5602 790 5656 Et
813 5603 1036 5656 educam
1061 5603 1126 5656 de
1150 5600 1312 5657 Jacob
1340 5619 1542 5664 semen,
1559 5611 1613 5657 et
1639 5602 1704 5656 de
1724 5599 1860 5654 .luda
1885 5601 2163 5670 possiden-

596 5704 703 5747 tam
734 5701 943 5747 montes
974 5707 1138 5748 meos.
1167 5713 1184 5744 ι
1208 5693 1399 5746 Semen
1427 5693 1592 5748 Jacob
1619 5701 1673 5748 et
1701 5689 1851 5745 Iudae
1880 5690 2164 5760 dupliciter

2270 4598 2460 4650 fleatur
2487 4594 2780 4666 gentilitas,
2797 4593 2916 4662 qua:
2938 4593 3094 4664 plena
3123 4601 3240 4648 erat
3260 4589 3526 4646 effusione
3547 4590 3837 4662 sanguinis,

2268 4695 2322 4742 et
2368 4686 2422 4740 in
2465 4686 2696 4741 tumultu
2719 4692 2774 4740 et
2803 4685 3112 4740 turbatione
3146 4683 3402 4739 vitiorum
3431 4683 3717 4738 manebat.
3742 4681 3840 4736 Sed

2268 4793 2422 4834 versa
2449 4787 2535 4834 est
2556 4777 2610 4832 in
2636 4776 2820 4832 caulas
2839 4777 2952 4832 sive
2975 4778 3028 4831 in
3057 4777 3214 4832 ovilia
3246 4791 3471 4847 gregum
3498 4784 3554 4831 et
3589 4777 3648 4830 in
3677 4773 3843 4831 cubile

2270 4878 2658 4934 armentorum,
2688 4869 2789 4924 hoc
2814 4877 2898 4924 est
2922 4870 2976 4923 in
2997 4868 3250 4924 ecclesias
3279 4877 3335 4923 et
3359 4869 3412 4922 in
3441 4869 3696 4937 requiem
3715 4881 3847 4938 pra-

2264 4959 2566 5016 dicatorum
2597 4960 2928 5030 aliorumque
2957 4960 3209 5022 fidelium,
3235 4960 3329 5030 qui
3360 4960 3730 5030 designantur
3757 4973 3847 5030 per

2263 5063 2505 5110 armenta
2523 5062 2591 5109 ‘et
2623 5068 2720 5123 per
2749 5068 2937 5124 greges
2961 5053 3139 5107 ovium
3163 5093 3177 5117 ,
3207 5052 3347 5107 sicut
3372 5050 3532 5121 paulo
3572 5061 3704 5120 post
3733 5066 3845 5105 ma—

2263 5146 2506 5210 nifestat,
2536 5145 2758 5200 dicens:
2783 5143 2982 5214 Populo
3028 5141 3268 5198 credenti
3299 5143 3354 5195 in
3387 5155 3508 5204 me,
3536 5142 3639 5210 qui
3668 5140 3848 5211 requi-

2265 5238 2472 5294 sierunt
2511 5251 2615 5291 me.
2653 5255 2670 5284 ι
2709 5236 2773 5290 Et
2799 5251 2913 5298 vos,
2941 5255 2959 5286 ι
2993 5234 3310 5290 subauditur
3335 5231 3542 5298 Judmi,
3577 5250 3599 5284 ι
3639 5232 3739 5301 qui
3766 5232 3852 5285 do-

2268 5326 2562 5396 reliquistis
2607 5325 2890 5380 Dominum
2912 5367 2926 5390 ,
2959 5325 3049 5393 qui
3079 5323 3231 5380 obliti
3261 5324 3390 5377 estis
3418 5332 3664 5378 montem
3719 5337 3848 5378 saa-

2268 5426 2412 5473 ctum
2443 5432 2643 5481 meum,
2675 5435 2692 5466 ι
2728 5417 2828 5470 hoc
2853 5425 2934 5470 est
2960 5414 3215 5483 templum
3260 5412 3401 5481 quod
3427 5412 3482 5465 in
3513 5420 3705 5466 monte
3731 5419 3854 5467 erat

2267 5514 2654 5569 constructum,
2686 5504 2771 5559 vel
2801 5505 3072 5559 ctelestem
3099 5501 3432 5557 Hierusalem
3457 5519 3472 5554 :
3497 5501 3583 5555 vel
3612 5502 3711 5569 qui
3749 5515 3852 5554 no-

2268 5599 2442 5654 luistis
2465 5598 2688 5652 credere
2715 5597 2766 5651 in
2793 5596 3088 5658 Christum,
3119 5596 3207 5663 qui
3235 5603 3320 5648 est
3346 5609 3502 5648 mons
3528 5595 3852 5653 montium;

2272 5711 2291 5741 ι
2326 5690 2416 5759 qui
2440 5689 2637 5759 ponitis
2663 5688 2910 5742 Fortunae
2938 5701 3196 5750 mensam,
3221 5693 3274 5738 et
3296 5684 3479 5739 libatis
3505 5698 3666 5754 super
3695 5697 3851 5745 eam.
