4016 6528
259 392 292 448 ι
306 390 409 449 069

1330 382 1681 442 COMMENT.
1723 385 1789 441 LV
1822 384 2073 440 iSAlAM.
2111 416 2180 428 —-
2217 384 2325 442 LIB
2362 387 2449 444 Ill.

3387 390 3525 447 10ῗο

260 501 570 558 numerabo
612 515 709 558 vos
749 500 803 555 in
848 498 1064 572 gladio,
1089 517 1107 550 ι
1145 498 1248 552 hoc
1306 505 1388 552 cst
1437 490 1497 552 in
1547 497 1842 569 suppliciis,
1873 500 1918 559 Α
1947 495 2116 566 gloria
2157 506 2246 551 tua
2283 495 2457 569 (Paul.
2485 497 2622 571 xvi).
2655 518 2675 551 ι
2710 500 2808 556 Sin
2852 510 3033 558 autem
3077 502 3181 561 hoc
3224 503 3521 563 secundum

261 612 287 645 ι
324 601 381 647 et
408 607 597 648 omnes
634 592 687 646 in
728 589 893 655 unde,
922 609 941 643 ι
972 588 1293 645 subauditur
1314 586 1708 651 Chaldzeorum,
1737 587 1843 643 Ro-

257 696 688 754 manorumque,
718 682 803 738 vel
822 682 1147 746 daemonum,
1175 698 1195 732 ‹
1232 680 1516 734 corruetis.
1551 699 1569 730 ι
1602 678 1706 734 Per
1732 678 1844 749 gla-

255 777 419 831 dium
446 776 537 831 hic
561 785 616 831 et
647 774 847 831 caedem
891 772 1149 827 debemus
1191 769 1491 840 intelligere
1521 769 1842 840 supplicium

252 874 323 921 et
351 879 543 936 poenas
568 866 762 936 quibus
791 863 893 934 ipsi
940 862 1124 918 traditi
1156 868 1298 916 sunt.
1325 859 1440 914 Non
1471 859 1615 913 enim
1666 857 1844 913 omnis

252 960 498 1033 pepulus
543 956 710 1013 lsrael
745 956 923 1028 gladio
958 953 1333 1039 Chaldaeorum
1360 951 1444 1005 vel
1472 951 1840 1005 Romanorum

253 1061 584 1125 peremptus
607 1060 719 1118 est;
749 1051 845 1108 sed
886 1048 1058 1111 fame,
1091 1047 1401 1118 captivitate
1429 1054 1485 1101 et
1513 1046 1649 1100 duro
1672 1043 1846 1099 servi-

256 1145 402 1200 tutis
435 1142 566 1214 jugo
603 1139 831 1196 afﬂictus
857 1147 971 1204 est,
999 1138 1100 1193 sub
1126 1136 1323 1206 quibus
1349 1135 1512 1189 etiam
1542 1135 1721 1189 adhuc
1746 1134 1843 1189 de-

254 1237 494 1291 tinetur.
555 1230 823 1302 Quidquid
871 1230 1014 1285 enim
1059 1226 1304 1291 cruciat,
1333 1225 1593 1295 quidquid
1636 1223 1840 1295 afﬂigit,

251 1326 531 1399 quidquid
564 1325 737 1398 punit,
767 1322 977 1395 gladius
1004 1320 1099 1375 Dei
1123 1319 1342 1374 dicitur.
1375 1316 1528 1385 Quod
1554 1324 1734 1371 autem
1763 1315 1846 1368 di-

250 1421 386 1476 cit:
419 1418 512 1489 qui
542 1416 742 1487 ponitis
771 1413 1023 1469 Fortunae
1067 1425 1309 1479 mensam
1355 1417 1410 1464 et
1452 1408 1636 1463 libatis
1685 1421 1847 1475 super

252 1524 411 1576 eam,
442 1509 497 1563 in
537 1506 640 1561 alia
678 1503 1031 1560 translatione
1078 1501 1327 1564 habetur,
1357 1497 1448 1567 qui
1480 1495 1848 1567 paratisFor-

252 1609 416 1655 tunae
445 1610 707 1653 mensam.
741 1595 978 1649 Fortuna
1020 1598 1198 1645 autem
1231 1588 1329 1644 dea
1354 1586 1641 1665 erat_apud
1669 1584 1842 1656 IEgy-

249 1691 445 1762 ptios,
492 1703 613 1760 quae
659 1686 939 1743 dicebatur
986 1682 1151 1737 etiam
1193 1682 1291 1736 dea
1335 1678 1641 1744 felicitatis;
1691 1677 1845 1747 cujus

246 1782 617 1840 festivitatem
654 1780 708 1833 in
761 1777 867 1832 line
910 1775 1037 1830 anni
1085 1773 1451 1840 celebrabant,
1478 1772 1765 1827 oﬂ‘erentes
1791 1770 1841 1826 ei

1942 585 2179 641 litteram
2205 587 2272 642 de
2294 588 2523 658 simplici
2541 605 2681 660 pane
2703 592 3091 662 acceperimus,
3107 609 3215 649 non
3232 609 3522 666 possumus

1942 675 2072 732 illud
2114 677 2271 748 plene
2308 681 2684 750 comprobare,
2716 684 2973 754 quoniam
3020 685 3175 741 multi
3207 695 3540 747 auctorum.

1943 767 2138 820 mortui
2167 776 2293 822 sunt
2328 777 2567 840 tempore
2594 774 3012 843 persecutionis,
3036 774 3179 832 fame
3200 782 3257 832 et
3278 785 3521 850 egestate

1940 866 2240 927 premente.
2288 859 2489 926 Quanti
2516 864 2662 918 enim
2686 864 2819 934 justi
2848 867 3111 933 esuriunt,
3139 877 3195 925 et
3222 870 3374 941 impii
3399 885 3523 929 cru-

1941 947 2252 1005 delitatibus
2283 952 2697 1009 distenduntur?
2722 955 2818 1011 Est
2855 972 2986 1029 ergo
3015 959 3119 1015 isto
3146 962 3202 1017 in
3235 948 3357 1019 loco
3388 976 3519 1021 sen-

1943 1053 2036 1094 sus
2063 1058 2077 1093 :
2111 1040 2227 1095 Non
2260 1044 2435 1098 solum
2472 1047 2526 1099 in
2557 1045 2737 1116 gladio
2760 1050 3028 1106 corruetis
3054 1066 3172 1118 vos,
3199 1050 3393 1121 Judaei,
3422 1054 3519 1126 qni

1942 1129 2311 1201 dereliquistis
2339 1134 2644 1203 Dominum,
2666 1145 2722 1192 et
2750 1137 2961 1195 fecistis
2987 1141 3187 1196 malum
3210 1144 3270 1201 in
3295 1155 3521 1216 conspe-

1943 1226 2030 1273 ctu
2062 1221 2199 1290 ejus,
2226 1231 2281 1277 et
2306 1233 2627 1294 praesentem
2648 1226 2900 1283 noluistis
2920 1230 3146 1297 audire;
3172 1233 3267 1289 sed
3293 1233 3520 1289 multam

1943 1309 2085 1364 inter
2112 1327 2205 1366 vos
2234 1323 2288 1367 et
2311 1316 2553 1385 gentium
2597 1316 2994 1374 multitudinem
3026 1318 3221 1376 faciam
3266 1321 3523 1377 dilferen—

1946 1400 2099 1465 tiam,
2129 1411 2186 1455 ut
2224 1402 2299 1483 illi
2325 1404 2379 1457 in
2421 1406 2674 1473 praesenti
2709 1406 2909 1462 saeculo
2942 1419 3255 1466 saturentur
3291 1427 3523 1482 corpore

1942 1501 1997 1547 et
2024 1495 2283 1563 sanguine
2324 1511 2446 1551 meo
2475 1505 2531 1552 et
2551 1497 2799 1553 doctrina
2843 1501 3130 1571 spirituali,
3173 1504 3310 1560 etin
3339 1504 3524 1562 futuro

1942 1584 2149 1640 visione
2174 1587 2339 1642 totius
2358 1588 2661 1645 Trinitatis.

2020 1694 2039 1726 ‹
2066 1676 2206 1732 Ecce
2229 1678 2371 1733 servi
2403 1679 2506 1733 mei
2534 1678 2876 1749 laetabuntur,
2898 1702 2918 1736 ι
2952 1686 3270 1742 subauditur
3290 1687 3343 1743 in
3364 1697 3525 1745 teter-

1942 1780 2013 1820 na
2059 1767 2411 1831 beatitudine,
2464 1768 2761 1826 secundum
2816 1774 2987 1829 illud:
3018 1795 3037 1827 ι
3070 1775 3273 1833 Videbo
3317 1794 3415 1835 vos
3465 1787 3525 1834 et

246 1887 513 1931 mensam
543 1868 810 1926 refertam
831 1908 847 1933 ,
878 1874 934 1923 et
972 1865 1187 1937 plenam
1225 1863 1397 1936 epulis
1423 1863 1559 1918 varii
1586 1863 1798 1934 generis
1823 1881 1837 1916 :
1868 1855 1921 1919 ὃ
1943 1855 2199 1925 gaudebit
2246 1871 2343 1911 θοι·
2367 1866 2628 1924 vestrum,
2658 1867 2713 1914 et
2760 1862 3019 1932 gaudium
3070 1873 3308 1921 vestrum
3360 1882 3522 1925 nemo

242 1978 480 2023 necnon
505 1964 669 2019 etiam
698 1960 907 2032 poculis
930 1958 1103 2014 mulso
1134 1958 1336 2022 mixtis,
1362 1956 1448 2011 vel
1467 1958 1592 2027 quia
1623 1964 1848 2026 practer—

241 2058 406 2112 iturn
439 2068 639 2110 annum
672 2050 906 2107 fertilem
941 2057 998 2121 et
1035 2047 1245 2104 felicem
1279 2047 1359 2102 eis
1405 2042 1731 2112 reddiderat,
1760 2046 1847 2104 vel

245 2158 317 2201 ut
348 2147 413 2200 in
445 2144 625 2199 futuro
648 2157 787 2197 anno
815 2140 1064 2196 similiter
1088 2147 1291 2211 ageret.
1329 2137 1443 2193 Hoc
1469 2148 1648 2194 autem
1676 2137 1846 2194 facie-

250 2237 399 2291 bant
420 2244 477 2289 et
497 2232 774 2296 lsraelitte,
805 2231 1044 2286 omnium
1080 2245 1218 2302 pene
1262 2230 1675 2286 simulacrorum
1720 2245 1848 2301 por»

253 2333 420 2378 tenta
456 2330 791 2377 venerantes.
824 2321 892 2375 Et
916 2320 1046 2376 dum
1074 2322 1384 2377 debuissent
1414 2321 1641 2378 Domino
1675 2323 1848 2377 sacri-

253 2417 454 2480 ﬁcare,
488 2413 643 2468 idolis
673 2411 1042 2467 immolabant.
1071 2432 1091 2463 ι
1123 2412 1227 2466 Pro
1256 2428 1320 2467 eo
1363 2410 1505 2482 quod
1535 2413 1721 2468 vocavi
1753 2453 1767 2477 ,
1791 2421 1848 2468 et

256 2520 375 2560 non
406 2502 788 2575 respondistis;
822 2503 1033 2559 locutus
1056 2519 1175 2557 sum
1201 2513 1257 2557 et
1282 2518 1389 2557 non
1414 2503 1667 2567 audistis;
1692 2511 1748 2559 et
1765 2503 1848 2560 fa-

256 2594 500 2652 ciebatis
534 2592 733 2648 malum
776 2591 831 2646 in
867 2591 1041 2647 oculis
1068 2590 1222 2656 meis,
1248 2598 1304 2644 et
1326 2605 1447 2659 qua:
1477 2590 1621 2646 nolui
1643 2632 1659 2659 ,
1683 2592 1846 2665 elegi-

255 2690 389 2747 stis.
419 2707 443 2741 ι
476 2686 678 2743 Vocavi
715 2682 934 2758 (inquit)
962 2700 1060 2740 vos
1102 2700 1199 2755 per
1242 2686 1568 2755 prophetas,
1598 2686 1787 2744 dicens
1827 2707 1841 2743 :

261 2799 284 2833 ι
314 2777 710 2836 Convertimiui
755 2777 824 2830 ad
871 2790 958 2831 me
1002 2786 1059 2830 et
1102 2774 1236 2830 salvi
1275 2775 1429 2830 eritis
1473 2775 1607 2847 (Ira.
1638 2779 1785 2845 xcv);
1819 2797 1839 2832 ι

257 2869 458 2926 vocavi
486 2872 584 2939 per
604 2867 977 2937 memetipsum
994 2866 1209 2921 dicens:
1232 2885 1249 2917 ι
1273 2865 1654 2923 Paenitentiam
1679 2871 1842 2940 agite,

252 2973 315 3021 et
346 2963 530 3018 venite
557 2962 623 3016 ad
654 2976 738 3015 me
762 2974 950 3015 omnes
977 2959 1067 3030 qui
1098 2959 1385 3026 laboratis,
1417 2968 1474 3015 et
1514 2976 1614 3032 ego
1638 2978 1733 3018 vos
1760 2978 1846 3019 re.-

253 3058 448 3113 flciam
498 3054 726 3127 (Matth.
772 3068 847 3120 tv,
879 3053 974 3125 xi)
1008 3071 1021 3107 :
1052 3071 1071 3104 ι
1106 3061 1160 3108 et
1210 3068 1319 3108 non
1371 3055 1725 3125 respondistis
1760 3071 1846 3119 se-

1948 1943 2096 1999 tollet
2118 1961 2149 2001 a
2177 1944 2332 2003 vobis
2360 1945 2542 2018 (Joan.
2568 1948 2734 2021 “1).:
2769 1968 2790 2003 ι
2818 1951 2885 2006 Ει
2910 1968 3005 2008 vos
3029 1955 3452 2023 confundemini,
3488 1980 3509 2012 ι

1945 2037 2001 2094 id
2037 2047 2123 2095 est
2159 2040 2495 2095 erubescetis
2522 2040 2576 2094 in
2598 2042 2835 2111 peccatis
2854 2045 3075 2121 vestris,
3107 2048 3353 2104 videntes
3386 2049 3521 2107 alios

1947 2131 2002 2186 in
2061 2130 2237 2187 locum
2291 2140 2530 2186 vestrum
2591 2135 2941 2189 successisse.
2982 2156 3002 2187 ι
3057 2138 3198 2194 Ecce
3238 2141 3382 2195 servi
3412 2144 3519 2197 mei

1944 2221 2241 2277 laudabunt
2262 2238 2371 2293 prae
2394 2224 2756 2280 exsultatione
2785 2228 2986 2291 cordis,
3011 2248 3029 2281 ι
3051 2231 3346 2287 secundum
3375 2234 3519 2301 quod

1944 2313 2232 2370 Psalmista
2260 2314 2421 2368 dicit:
2454 2332 2475 2366 ι
2513 2315 2664 2370 Beati
2712 2319 2803 2386 qui
2837 2318 3084 2373 habitant
3125 2321 3178 2377 in
3218 2321 3377 2377 domo
3404 2332 3519 2391 tua,

1944 2406 1999 2461 in
2043 2404 2239 2461 smnia
2274 2405 2593 2460 saeculorum
2641 2406 2938 2462 laudabunt
2982 2418 3034 2463 te
3089 2409 3262 2482 (Ρεαι.
3305 2414 3458 2485 vni);
3493 2433 3515 2467 ι

1948 2517 1970 2551 ι
2012 2505 2068 2553 et
2101 2512 2195 2553 vos
2222 2497 2529 2553 clamabitis
2555 2513 2667 2568 prae
2697 2499 2880 2555 dolore
2905 2501 3103 2566 cordis,
3136 2510 3192 2557 et
3231 2519 3344 2574 pra:
3383 2520 3519 2561 con-

1944 2591 2162 2647 tritione
2188 2591 2410 2660 spiritus
2433 2590 2735 2658 ululabitis,
2764 2611 2784 2644 ι
2815 2591 3134 2647 subauditur
3157 2595 3208 2648 in
3223 2595 3399 2665 poenis
3430 2597 3517 2652 in-

1942 2680 2104 2737 ferni.
2139 2681 2294 2737 Sicut
2329 2682 2592 2753 scriptum
2617 2691 2700 2737 est
2728 2698 2741 2735 :
2780 2701 2798 2732 ε
2832 2681 2908 2737 lbi
2933 2683 3039 2737 erit
3059 2683 3216 2740 fletus
3241 2693 3296 2740 et
3320 2685 3522 2742 stridor

1942 2771 2186 2827 dentium
2246 2769 2461 2842 (Matth.
2503 2770 2645 2843 mi).
2702 2790 2722 2823 ι
2786 2769 2937 2826 Tunc
2978 2781 3159 2827 autem
3211 2776 3523 2844 gaudebunt

1943 2864 2139 2928 sancti,
2164 2871 2220 2918 et
2249 2862 2535 2917 ululabunt
2576 2869 2891 2932 peccatores
2915 2878 3026 2932 pra:
3052 2864 3380 2919 contritione
3405 2866 3519 2936 spi-

1942 2956 2102 3021 ritus,
2132 2955 2186 3010 id
2220 2962 2304 3009 est
2344 2969 2459 3024 pra:
2491 2952 2677 3008 dolore
2704 2954 2884 3009 cordis
2926 2968 3085 3023 quem
3119 2954 3394 3031 habebunt
3430 2959 3519 3013 in-

1944 3048 2228 3110 trinsecus,
2258 3045 2476 3115 quando
2500 3045 2739 3101 sederint
2764 3044 2884 3115 agni
2915 3045 3156 3117 gentium
3192 3055 3356 3117 atque
3395 3049 3521 3120 jus-

252 3148 483 3220 quendo
509 3155 563 3202 et
587 3144 907 3201 obediendo.
954 3144 1191 3199 Locutus
1237 3157 1355 3199 sum
1402 3159 1502 3216 per
1550 3147 1842 3217 prophetas
1870 3197 1915 3220 Α
1946 3147 2124 3193 torum
2159 3138 2228 3192 ad
2253 3138 2558 3203 dexteram,
2590 3145 2647 3192 et
2677 3137 2816 3192 lizedi
2846 3135 3154 3194 Judteorum
3179 3140 3520 3213 aliorumque

251 3197 628 3312 promittendo
668 3238 829 3301 bona,
856 3244 911 3291 et
934 3236 1186 3290 minando
1210 3235 1378 3302 mala;
1402 3197 1461 3291 et
1488 3197 1698 3295 loeuturs
1720 3256 1841 3296 sum
1866 3197 1915 3265 ϐ
1945 3234 2233 3304 impiorum
2263 3249 2293 3287 a
2330 3232 2568 3288 sinistris
2594 3230 2807 3302 (Matth.
2845 3231 3021 3299 xxv).t

249 3346 357 3402 per
386 3327 765 3397 memetipsum
794 3327 847 3379 in
878 3324 1147 3395 parabolis
1189 3332 1246 3378 et
1285 3323 1460 3394 palam
1480 3365 1496 3391 ,
1527 3334 1582 3382 et
1606 3343 1714 3383 non
1755 3343 1847 3384 au-

249 3421 420 3476 distis
453 3418 674 3471 auribus
699 3416 917 3480 mentis,
940 3414 1021 3469 vel
1065 3431 1171 3468 non
1218 3415 1633 3473 obaudistiszet
1679 3419 1847 3475 facie.

250 3513 406 3570 batis
455 3508 654 3565 malum
681 3509 735 3562 in
766 3506 937 3563 oculis
982 3506 1149 3572 meis,
1176 3506 1279 3561 hoc
1317 3514 1403 3562 est
1446 3507 1501 3562 in
1555 3512 1843 3579 praesentia

253 3619 409 3667 mea,
426 3599 510 3655 vel
534 3600 585 3654 in
611 3599 806 3669 templo
835 3613 956 3653 meo
980 3598 1267 3653 adorantes
1294 3596 1457 3665 idola,
1479 3607 1533 3655 et
1557 3615 1677 3671 quae
1697 3602 1843 3659 nolui

252 3692 526 3763 elegistis,
556 3691 662 3745 hoc
690 3700 775 3744 est
802 3688 1182 3743 idololatriam.

338 3803 358 3836 c
393 3783 625 3852 Propter
642 3781 745 3835 hoc
765 3781 879 3835 haec
900 3779 1030 3835 dicit
1056 3779 1316 3836 Dominus
1336 3779 1480 3837 Deus
1502 3799 1516 3836 :
1540 3781 1678 3839 Ecce
1700 3783 1841 3839 servi

256 3875 371 3931 mei
416 3873 722 3938 comedent,
748 3881 803 3927 et
829 3886 927 3926 vos
952 3871 1239 3938 esurietis;
1269 3887 1395 3928 ecce
1429 3874 1571 3929 servi
1610 3875 1715 3929 mei
1759 3875 1843 3930 bi-

256 3968 413 4031 bent,
439 3972 498 4019 et
523 3977 618 4018 vos
647 3962 861 4018 sitietis.
895 3981 914 4015 ι
955 3961 1062 4018 ista
1088 3964 1350 4019 comestio
1371 3972 1424 4020 et
1450 3965 1657 4035 potatio
1683 3966 1844 4036 spiri—

258 4058 488 4116 tualiter
507 4063 591 4111 est
613 4054 976 4124 intelligenda,
1000 4068 1105 4110 non
1130 4054 1199 4109 de
1223 4054 1345 4110 cibo
1370 4056 1458 4124 qui
1486 4056 1645 4125 perit,
1668 4073 1841 4127 neque

254 4151 325 4207 de
354 4156 491 4221 potu
522 4146 612 4216 qui
654 4146 865 4200 transit.
905 4144 1070 4200 Cibus
1111 4145 1213 4200 iste
1262 4154 1317 4200 et
1361 4153 1519 4216 potus
1559 4146 1844 4217 tripliciter

256 4250 440 4313 potest
467 4236 692 4306 intelligi
734 4237 838 4293 hoc
870 4237 1060 4300 modo;
1102 4234 1154 4289 in
1195 4236 1444 4305 praesenti
1474 4235 1762 4291 comedunt
1786 4246 1843 4292 et

256 4336 457 4391 bibunt
494 4330 633 4385 servi
658 4336 712 4383 et
737 4328 894 4384 electi
925 4327 1023 4383 Dei
1066 4343 1264 4398 corpus
1291 4335 1346 4383 et
1370 4328 1686 4399 sanguinem
1736 4328 1844 4383 Do-

259 4423 419 4488 mini,
450 4422 569 4476 sine
595 4435 701 4490 qua
731 4419 1074 4489 perceptione
1116 4433 1277 4473 nemo
1315 4427 1495 4488 potest
1541 4419 1726 4474 venire
1772 4419 1840 4473 ad

259 4514 429 4568 vitam
471 4520 728 4564 aeternam
753 4548 767 4572 ,
792 4508 949 4579 juxta
992 4508 1135 4577 quod
1170 4508 1427 4561 Dominus
1473 4506 1640 4562 dicit:
1668 4525 1687 4557 ι
1724 4506 1837 4562 Nisi

258 4599 724 4659 manducaveritis
745 4570 961 4653 carnem
988 4598 1109 4652 Filii
1130 4597 1364 4653 hominis
1387 4606 1441 4653 et
1461 4597 1703 4654 biberitis
1723 4570 1916 4668 ejus‘D

260 4693 604 4764 sanguinem,
627 4705 734 4745 non
763 4691 1033 4746 habebitis
1051 4690 1215 4744 vitam
1242 4690 1295 4744 in
1319 4690 1471 4746 vobis
1491 4691 1673 4761 (Joan.
1701 4698 1832 4760 vr);i

263 4782 586 4839 reficiuntur
623 4780 785 4834 etiam
832 4780 886 4834 in
917 4780 1166 4850 prmsenti
1208 4779 1451 4835 doctrina
1478 4790 1532 4837 et
1569 4784 1840 4852 mysteriis

262 4871 639 4945 Spiritualibus
683 4885 853 4925 sacrae
901 4870 1217 4941 Scripturae,
1247 4886 1367 4940 quae
1414 4871 1469 4924 in
1517 4872 1836 4940 quibusdam

264 4966 400 5021 locis
443 4972 527 5019 est
572 4964 747 5028 cibus,
778 4962 830 5017 in
878 4963 1197 5032 quibusdam
1224 4972 1421 5033 potus;
1455 4965 1614 5019 tertio
1656 4973 1835 5020 autem

264 5057 428 5110 modo
454 5051 766 5107 reficientur
792 5052 844 5107 in
872 5051 1054 5105 futuro
1081 5051 1289 5107 visione
1309 5053 1695 5124 omnipotentis
1716 5055 1834 5118 Dei,

265 5148 331 5201 de
380 5160 485 5214 qua
538 5143 829 5200 refectione
855 5143 993 5197 dixit
1036 5142 1294 5197 Dominus
1342 5145 1636 5213 apostolis:
1669 5166 1688 5195 ι
1730 5148 1838 5202 Vos

265 5218 485 5307 (inquit)
516 5232 649 5287 estis
674 5233 765 5302 qui
804 5232 1176 5303 permansistis
1199 5248 1418 5287 mecum
1445 5234 1497 5287 in
1524 5236 1834 5290 tentationi-

264 5323 368 5378 bus
394 5321 551 5383 meis,
578 5330 635 5375 et
661 5336 761 5391 ego
786 5322 1014 5391 dispono
1040 5322 1193 5377 vobis
1228 5323 1371 5377 sicut
1412 5322 1678 5392 disposuit
1704 5326 1835 5380 mihi

267 5414 428 5468 Pater
442 5425 593 5466 meus
607 5426 825 5481 regnum
836 5452 852 5476 ,
867 5421 924 5466 ut
938 5413 1110 5469 eilatis
1129 5422 1184 5469 et
1200 5414 1396 5469 bibatis
1420 5430 1582 5483 super
1594 5430 1834 5470 mensam

268 5519 445 5559 meam
489 5502 546 5557 in
589 5518 752 5572 regno
796 5518 918 5558 meo
957 5502 1108 5574 (Luc.
1142 5504 1297 5575 χχιι).
1329 5523 1348 5556 ι
1380 5504 1447 5558 Et
1490 5504 1653 5561 alibi:
1683 5525 1700 5556 ε
1735 5505 1836 5572 Qui

270 5597 444 5652 credit
488 5597 543 5650 in
571 5612 659 5652 me
689 5612 792 5651 non
837 5597 1060 5661 esuriet,
1091 5606 1147 5651 et
1188 5597 1277 5667 qui
1309 5599 1457 5653 venit
1500 5600 1567 5654 ad
1596 5613 1683 5654 me
1720 5615 1835 5667 non

270 5687 418 5743 sitiet
445 5700 680 5758 unquam
710 5686 887 5759 (Joan.
917 5687 1016 5757 vr).
1049 5709 1065 5739 ι
1101 5689 1177 5743 De
1219 5689 1321 5744 hac
1346 5692 1510 5744 etiam
1554 5691 1837 5749 saturitate

275 5778 482 5833 dicebat
508 5778 831 5835 Psalmista:
865 5798 884 5831 ι
917 5780 1215 5834 Saturabor
1248 5780 1373 5839 dum
1403 5780 1834 5838 manifestabitur

2020 3343 2040 3375 ι
2060 3324 2128 3377 Et
2139 3323 2423 3378 dimittetis
2449 3336 2644 3376 nomen
2659 3329 2897 3375 vestrum
2924 3321 2979 3374 in
2995 3320 3362 3390 juramentum
3382 3325 3521 3381 elec-

1945 3415 2015 3472 tis
2043 3415 2208 3471 meis:
2233 3422 2288 3469 et
2314 3413 2604 3469 interticiet
2627 3420 2680 3468 te
2705 3412 2966 3468 Dominus
2989 3413 3133 3469 Deus
3156 3427 3300 3480 tuus,
3328 3426 3384 3471 et
3404 3432 3521 3472 ser-

1942 3520 2042 3563 vos
2066 3521 2195 3563 suos
2214 3504 2431 3561 vocabit
2459 3504 2676 3559 nomine
2698 3502 2823 3559 alio.
2877 3522 2898 3556 ι
2922 3503 3057 3559 Aliis
3081 3504 3299 3576 (inquit)
3351 3508 3405 3561 in
3434 3508 3516 3563 lo-

1943 3616 2068 3658 cum
2137 3606 2377 3656 vestrum
2447 3596 2898 3661 succedentibus,
2967 3597 3251 3655 dimittetis
3319 3615 3516 3656 nomen

1943 3696 2187 3747 vestrum
2208 3687 2322 3758 jam
2345 3687 2680 3752 damnatum,
2704 3685 2758 3740 in
2766 3686 3133 3756 juramentum
3154 3687 3340 3745 electis
3359 3690 3517 3745 meis.

1941 3782 2106 3840 Verbi
2133 3782 2304 3855 gratia
2335 3789 2559 3853 propter
2592 3788 2828 3836 vestram
2876 3780 3139 3841 malitiam
3186 3796 3285 3838 vos
3333 3783 3516 3839 detes-

1942 3883 2141 3939 tantes,
2163 3889 2285 3930 cum
2309 3873 2576 3929 voluerint
2599 3871 2799 3943 aliquid
2816 3869 3026 3941 jurare,
3056 3874 3271 3930 dicent:
3301 3875 3361 3932 Si
3383 3877 3516 3932 mihi

1942 3982 2051 4022 non
2088 3966 2303 4021 eveniat
2335 3965 2408 4020 ita
2434 3973 2497 4019 ut
2525 3962 2723 4019 Iudaeis
2763 3963 3062 4028 damnatis,
3100 3974 3157 4020 et
3185 3981 3217 4021 a
3256 3965 3518 4023 Romanis

1942 4054 2281 4120 interfectis,
2344 4068 2452 4108 non
2507 4051 2612 4108 feci
2671 4053 2776 4108 hoc
2826 4052 2912 4107 vel
2966 4052 3118 4109 illud.
3160 4054 3256 4111 Vel
3310 4055 3515 4114 aliter:

1942 4146 2069 4218 quia
2132 4155 2353 4201 sanctus
2408 4158 2588 4199 sermo
2636 4141 3068 4200 Christianorum
3116 4154 3173 4202 et
3212 4146 3382 4203 Deum
3420 4164 3517 4204 co-

1942 4239 2164 4295 lentium
2210 4238 2283 4293 ita
2332 4238 2494 4292 debet
2545 4250 2668 4292 esse
2715 4235 2932 4303 firmus,
2976 4244 3037 4293 ut
3064 4253 3166 4310 pro
3205 4238 3519 4310 juramento

1942 4330 2257 4398 accipiatur.
2315 4324 2580 4382 Jurabunt
2607 4364 2624 4392 ,
2681 4327 2785 4381 hoc
2832 4334 2916 4382 est
2981 4328 3381 4386 conﬁtebuntur
3459 4346 3520 4388 se

1940 4419 2162 4478 credere
2214 4418 2271 4472 in
2318 4417 2523 4481 Deum,
2553 4430 2622 4470 ne
2672 4415 2866 4472 similia
2901 4416 3196 4486 patiantur,
3235 4418 3516 4478 dicentes:

1940 4505 2090 4569 Jnro,
2129 4505 2233 4559 hoc
2277 4511 2361 4558 est
2386 4501 2549 4557 credo
2586 4502 2638 4556 in
2685 4502 2853 4558 Deum
2890 4503 3338 4574 omnipotentem,
3376 4508 3521 4562 sicut

1941 4595 2162 4665 quidam
2191 4591 2499 4649 Judzeorum
2546 4592 2673 4647 olim
2710 4593 3059 4650 crediderunt
3091 4596 3389 4666 prophetae,
3434 4599 3518 4654 vi-

1940 4687 2135 4743 delicet
2164 4686 2365 4756 aliique
2378 4684 2532 4755 justi;
2564 4685 2647 4740 vel
2674 4686 2801 4755 quia
2842 4686 2984 4742 Deus
3010 4687 3383 4759 juramentum
3413 4708 3515 4749 eo-

1939 4791 2059 4829 rum
2088 4783 2228 4840 erat,
2255 4790 2354 4829 nos
2381 4775 2542 4830 modo
2556 4775 2880 4831 necessitate
2902 4777 3166 4848 compulsi
3188 4777 3243 4833 in
3273 4780 3513 4852 eojura-

1940 4880 2078 4927 mus,
2110 4864 2250 4920 sicut
2273 4864 2349 4919 illi
2377 4864 2506 4919 olim
2538 4864 2780 4921 dicentes
2809 4883 2822 4919 :
2853 4866 2996 4920 Vivit
3022 4868 3280 4925 Dominus
3318 4872 3364 4927 si
3409 4872 3514 4933 feci

1938 4957 2122 5023 istud;
2163 4956 2249 5011 vel
2287 4955 2604 5024 relinquetis
2648 4972 2845 5013 nomen
2874 4967 3113 5013 vestrum
3138 4959 3510 5031 electismeis,

1938 5047 2159 5102 utsicut
2187 5061 2283 5102 vos
2321 5046 2590 5116 quondam
2637 5047 2887 5116 appellati
2922 5049 3052 5104 estis
3106 5048 3201 5104 lilii
3233 5050 3510 5118 Abraham

1937 5134 2192 5201 etJacob,
2205 5127 2280 5190 ita
2293 5144 2349 5191 et
2368 5136 2440 5190 illi
2447 5134 2599 5204 juxta
2612 5138 2752 5206 quod
2767 5152 3069 5207 praecursor
3080 5137 3316 5198 Joannes
3332 5142 3473 5200 dixit
3493 5162 3508 5198 :

1944 5250 1963 5282 ι
1995 5230 2192 5285 Potens
2219 5238 2303 5284 est
2323 5226 2466 5285 Deus
2492 5232 2559 5283 de
2582 5229 2872 5300 lapidibus,
2906 5250 2926 5284 ι
2981 5232 3085 5287 hoc
3112 5241 3196 5289 est
3223 5234 3290 5290 de
3333 5236 3511 5306 genti-

1938 5322 2060 5385 bus,
2090 5339 2109 5373 ι
2144 5322 2406 5377 suscitare
2435 5321 2574 5379 ﬁlios
2596 5322 3054 5394 Abrabazwauh.
3075 5325 3182 5398 in).
3203 5344 3226 5381 ι
3255 5326 3326 5384 Et
3344 5328 3512 5384 inter,

1940 5413 2084 5469 ﬁciet
2113 5412 2375 5485 (inquam)
2423 5423 2477 5469 te
2514 5414 2773 5470 Dominus
2812 5413 3131 5493 Deus-tuus,
3177 5434 3286 5473 non
3328 5419 3505 5489 gladio

1941 5503 2239 5568 materiali,
2272 5504 2366 5558 sed
2412 5504 2675 5559 sententia
2702 5513 2750 5560 et
2775 5504 2979 5575 judicio
3007 5521 3106 5562 suo
3139 5508 3421 5565 damnabit
3453 5518 3509 5569 to

1937 5594 2287 5649 aeternaliter.
2314 5594 2380 5648 Et
2399 5609 2586 5650 servos
2618 5610 2743 5650 suos
2774 5596 3004 5665 gentiles
3039 5598 3253 5654 vocabit
3289 5602 3507 5661 nomine

1938 5682 2068 5747 alio,
2095 5691 2154 5736 ut
2181 5698 2212 5736 a
2236 5683 2450 5740 Christo
2476 5684 2767 5739 Christiani
2792 5686 3058 5741 dicantur.

2014 5803 2032 5836 ι
2076 5782 2131 5837 ln
2183 5797 2290 5852 quo
2322 5802 2340 5834 ι
2380 5784 2697 5841 subauditur
2743 5786 2983 5852 nomine,
3023 5762 3124 5842 vel
3163 5787 3217 5843 in
3265 5787 3503 5855 Christo.
