4016 6472
543 352 675 408 1071

1044 339 1397 397 IIAYMONIS
1435 332 1904 393 HALBEBSTAT.
1937 331 2148 387 EPISC.
2187 330 2335 388 OPP.
2378 330 2555 387 PARS
2590 328 3076 387 [.hCOMMENT.
3112 330 3280 385 BlBL.

3653 332 3680 386 l
3693 331 3802 386 073

548 485 570 518 ‹
598 463 690 534 qui
730 459 1046 517 benedictus
1080 463 1164 510 est
1211 469 1374 524 super
1405 463 1605 507 terram
1632 468 1646 515 ;
1687 471 1705 502 ι
1738 450 1839 505 hoc
1869 457 1974 512 est,
2018 448 2109 515 qui
2142 450 2184 507 Α
2214 453 2297 502 est
2325 447 2542 512 creabo,
2581 445 2662 501 vel
2713 444 3002 511 innovabo,
3054 446 3220 501 cmlos
3271 461 3462 513 novos,
3494 455 3552 503 et
3583 455 3794 502 terram

544 553 861 610 benedictus
889 549 1050 605 fuerit
1093 556 1152 602 ut
1191 545 1529 600 Christianus
1583 549 1822 606 vocetur,
1855 549 1908 595 et
1938 540 2112 608 ipsum

548 658 746 700 nomen
774 643 913 697 bene
934 636 1249 694 custodierit
1277 636 1329 690 in
1373 635 1474 689 hac
1513 645 1677 699 terra,
1715 651 1734 684 ι
1766 631 2116 687 benedicetur

549 736 605 790 in
635 733 746 790 Deo
796 745 973 785 amen.
1007 749 1026 781 ι
1060 727 1162 794 Qui
1209 725 1428 797 (inquit)
1459 725 1548 779 hic
1583 723 1898 779 benedictus
1926 720 2109 784 fuerit,

542 824 895 878 benedicetur
919 821 970 875 in
995 818 1174 872 futuro
1205 831 1327 871 cum
1353 815 1606 870 omnibus
1639 814 1846 878 electis,
1891 811 2112 866 audiens

543 929 575 970 a
622 914 890 970 Domino:
926 929 945 964 ι
983 910 1192 974 Venite,
1242 907 1510 962 benedicti
1561 905 1739 960 Patris
1764 903 1869 960 mei
1895 903 2108 973 (Matth.

541 1004 690 1077 xxv).
731 1023 749 1057 ι
791 1005 869 1060 De
888 1017 992 1074 qua
1018 999 1397 1056 benedictione
1425 998 1554 1053 dicit
1588 997 1750 1052 etiam
1781 994 2105 1066 Apostolus:

551 1113 572 1146 ‹
607 1092 752 1160 Filii,
781 1093 835 1147 in
868 1093 973 1147 hoc
987 1089 1162 1146 vocati
1189 1087 1416 1152 estis,ut
1436 1085 1863 1142 benedictionem
1885 1083 2112 1138 bmredi-

541 1191 653 1239 tate
678 1181 999 1254 possidentis
1043 1179 1095 1250 (Ι
1133 1173 1278 1232 Petr.
1312 1179 1416 1248 ιιι).
1452 1196 1471 1228 ι
1511 1175 1681 1229 Amen
1709 1181 1888 1229 autem
1920 1174 1972 1227 in
2007 1173 2110 1227 hoc

540 1275 661 1332 loco
693 1282 848 1330 sonat
879 1272 1110 1327 ﬁdeliter
1135 1278 1192 1324 et
1215 1268 1502 1332 veraciter,
1545 1267 1670 1335 quia
1704 1265 1777 1318 illi
1822 1264 1911 1334 qui
1942 1263 2108 1318 bene-

547 1367 795 1421 dicentur
821 1379 851 1418 a
877 1362 1126 1426 Domino,
1151 1360 1382 1415 ﬁdeliter
1407 1367 1463 1412 et
1489 1358 1754 1412 veraciter
1787 1355 2109 1410 benedicen-

539 1466 646 1510 tur.
676 1475 694 1506 ι
734 1455 800 1509 Et
829 1452 1084 1524 quijurat
1112 1451 1164 1505 in
1193 1460 1354 1514 terra,
1391 1448 1597 1517 jurabit
1635 1447 1688 1500 in
1725 1447 1835 1500 Deo
1862 1459 2041 1500 amen.
2082 1461 2101 1495 ι

536 1547 708 1600 Amen
739 1547 1101 1612 jar-amentum
1131 1550 1213 1596 est
1239 1539 1470 1603 Domini,
1509 1539 1613 1593 hoc
1650 1546 1733 1592 est
1766 1535 2107 1592 conﬁrmatio

538 1635 808 1690 sermonis
830 1634 972 1687 illius
1001 1648 1100 1703 pro
1137 1646 1245 1701 quo
1294 1645 1391 1685 nos
1423 1629 1584 1684 modo
1609 1628 1868 1683 dicimus:
1897 1629 2103 1689 verum,

536 1743 745 1782 verum.
779 1725 881 1794 Qui
905 1725 1142 1795 (inquit)
1166 1714 1388 1794 jurat‘in
1427 1730 1594 1784 terra,
1636 1721 1688 1774 id
1729 1727 1812 1774 est
1850 1717 2103 1788 qui‘ver'i-

2210 553 2424 604 novam,
2453 547 2510 594 et
2545 553 2653 593 non
2677 546 2838 594 erunt
2885 538 2938 592 in
2965 539 3228 593 memoria
3266 540 3468 608 priora,
3493 538 3638 594 mala
3672 539 3790 594 sive

2210 637 2498 684 tormenta.
2547 629 2617 684 Et
2652 644 2760 684 non
2803 630 3099 685 ascendent
3149 646 3311 700 super
3339 647 3454 695 cor,
3486 632 3540 686 id
3565 641 3651 686 est
3681 647 3792 685 non

2209 718 2657 774 recordabuntur.
2683 717 2789 774 Sed
2816 717 3118 789 gaudebitis
3139 727 3196 774 et
3234 720 3579 774 exsultabitis
3613 735 3792 790 usque

2210 808 2266 862 in
2304 809 2712 878 sempiternum,
2763 809 2819 864 id
2859 817 2942 863 est
2979 810 3095 864 sine
3129 809 3235 863 ﬁne
3286 807 3578 866 laudabitis
3607 827 3698 866 me
3735 801 3797 867 in

2208 901 2460 958 omnibus
2487 902 2648 957 rebus
2671 916 2703 956 a
2733 914 2820 955 me
2846 899 3022 966 factis,
3054 909 3114 955 ut
3156 902 3281 955 olim
3312 902 3507 972 angeli,
3540 903 3792 956 videntes

2211 992 2466 1046 mundum
2497 1008 2529 1047 a
2560 1007 2646 1047 me
2669 991 2890 1048 factum.
2923 1011 2943 1043 ι
2971 991 3106 1058 Quia
3137 1007 3265 1047 ecce
3290 1007 3394 1062 ego
3425 1008 3555 1047 creo
3589 992 3789 1048 Hieru-

2206 1084 2374 1141 salem
2405 1085 2842 1151 exsultationem,
2870 1093 2926 1140 ct
2959 1086 3214 1156 populum
3246 1085 3360 1153 ejus
3401 1086 3686 1156 gaudium,
3731 1095 3789 1140 et

2207 1177 2487 1233 exsultabo
2509 1178 2562 1232 in
2585 1175 2945 1242 Hierusalem,
2970 1185 3024 1231 et
3049 1177 3290 1247 gaudebo
3313 1177 3365 1230 in
3391 1175 3591 1246 populo
3609 1190 3786 1230 meo.»

2209 1267 2322 1323 Hoc
2346 1268 2412 1323 de
2441 1268 2648 1324 ctelesti
2678 1267 3010 1324 Hierusalem
3057 1267 3460 1337 intelligendum
3489 1275 3599 1331 est,
3625 1267 3681 1320 id
3709 1276 3794 1321 est

2207 1357 2275 1413 de
2301 1359 2718 1430 congregatione
2734 1367 3058 1415 sanctorum
3087 1359 3422 1430 angelorum,
3457 1369 3510 1414 et
3547 1361 3793 1414 omnium

2208 1452 2299 1521 qui
2361 1451 2416 1506 in
2467 1456 2750 1506 numerum
2796 1452 3109 1524 angelorum
3145 1453 3474 1519 transibunt,
3498 1453 3570 1509 de
3599 1454 3793 1524 quibus

2206 1541 2435 1596 dicitur:
2469 1541 2607 1608 Quia
2635 1543 2961 1598 eruntsieut
2987 1545 3179 1615 (angeli
3201 1530 3303 1621 Dei
3352 1543 3404 1598 in
3447 1544 3613 1599 caelo.
3655 1544 3793 1599 Ecce

2209 1631 2425 1703 (inquit)
2455 1647 2554 1702 ego
2586 1633 2726 1688 Deus
2753 1634 3097 1704 omnipotens
3149 1634 3344 1690 faciam
3379 1653 3449 1692 ex
3499 1636 3720 1707 angelis
3743 1648 3791 1693 et

2207 1722 2512 1778 hominibus
2541 1738 2703 1777 unam
2733 1723 3006 1779 caelestem
3022 1708 3347 1790 Ecclesium,
3381 1726 3499 1782 sive
3533 1727 3786 1783 Hierusa-

537 1828 701 1873 tatem
727 1819 964 1888 loquitur
992 1793 1044 1871 in
1077 1793 1353 1886 przesenti,
1375 1812 1604 1881 .jnr'ahit,
1636 1812 1688 1866 id
1709 1817 1814 1866 "est
1857 1810 2109 1879 loquetur
2137 1793 2334 1878 B‘lem,
2376 1822 2432 1869 et
2463 1814 2808 1870 exsultabant
2829 1823 2884 1871 et
2919 1818 3228 1887 gaudebunt
3263 1818 3570 1882 intantum,
3608 1828 3673 1874 ut
3701 1836 3789 1891 ego

538 1911 592 1964 in
624 1909 733 1965 Deo
755 1907 987 1964 ﬁdeliter
1010 1912 1065 1961 et
1096 1906 1376 1961 ‘veraciter
1398 1906 1448 1958 in
1487 1904 1574 1958 die
1599 1901 1789 1971 judicii
1832 1901 1885 1956 in
1930 1899 2105 1954 mani.

494 2041 496 2046 .
535 2000 672 2056 festa
707 1997 1190 2067 revelatione,qui‘a
1214 2010 1426 2064 semper
1451 1994 1736 2048 Dominum
1766 1991 2104 2047 benedicent.

537 2092 604 2146 Et
636 2091 847 2146 laudem
869 2089 985 2160 ejus
1011 2088 1340 2143 resonabant
1370 2100 1383 2138 :
1409 2105 1441 2137 ε»
1492 2085 1646 2156 juxta
1700 2083 1826 2137 illud
1867 2081 2107 2136 Psalmo-

535 2185 723 2255 graphi
752 2194 818 2236 εκ(
852 2181 998 2236 Beati
1030 2181 1121 2249 ‘qui
1152 2179 1399 2233 habitant
1425 2178 1477 2232 in
1505 2180 1662 2232 domo
1691 2184 1796 2239 tua,
1826 2176 1879 2230 i‘n
1909 2173 2105 2229 smenla

535 2274 854 2329 saeculorum
886 2272 1178 2327 laudabunt
1228 2278 1281 2325 te
1323 2268 1492 2338 (Psal.
1545 2268 1790 2339 1.xxxm).
1829 2287 1848 2318 ι
1906 2285 1924 2318 ι
1971 2265 2105 2332 Quia

537 2366 804 2423 oblivione
833 2364 1043 2418 tradite
1072 2371 1195 2416 sunt
1218 2361 1475 2431 angustia)
1519 2359 1746 2430 priores,
1765 2365 1817 2411 et
1839 2357 1964 2426 quia
1986 2355 2108 2410 abs-

539 2458 769 2513 condita:
797 2463 920 2511 sunt
947 2455 1015 2509 ab
1037 2453 1208 2509 oculis
1237 2451 1454 2508 nostris.
1496 2471 1512 2502 ι
1568 2449 1681 2504 Hoc
1729 2449 1795 2503 ad
1835 2448 1975 2503 dlem
2024 2443 2108 2513 ju-

540 2548 662 2603 dicii
695 2547 946 2617 pertinet.
981 2543 1172 2600 Omnia
1208 2542 1488 2612 "siquidem
1525 2544 1788 2594 tormenta
1817 2546 1872 2591 et
1901 2530 2104 2607 ﬂagella

537 2639 628 2710 qui
655 2638 823 2694 sancti
853 2637 906 2690 in
931 2637 1031 2690 hoc
1053 2633 1251 2689 s:eculo
1277 2647 1376 2704 pro
1401 2631 1602 2686 Christi
1631 2629 1845 2684 numine
1874 2625 2105 2698 pertule-

531 2741 684 2795 runt,
710 2745 831 2786 cum
858 2728 1162 2798 receperint
1179 2721 1916 2797 plenitudinemprmmiorum
1937 2724 1989 2772 in
2019 2718 2106 2773 die

529 2823 820 2893 judicii,et
848 2819 1081 2876 viderint
1108 2819 1389 2873 Dominum
1437 2815 1593 2870 sicuti
1643 2821 1750 2878 est,
1794 2813 1892 2881 pro
1939 2807 2106 2864 nihilo

538 2913 872 2984 deputabunt
907 2910 994 2964 illa
1026 2909 1204 2963 omnia
1233 2922 1351 2977 quae
1383 2907 1754 2961 sustinuerunt
1785 2903 1849 2957 ad
1886 2914 2107 2969 compa-

538 3007 797 3060 rationem
822 3003 1003 3074 glorite
1029 3017 1159 3064 sure,
1185 3010 1238 3054 et
1261 2999 1414 3068 quasi
1441 2998 1492 3051 in
1516 2997 1783 3051 oblivione
1805 2993 2104 3057 habebunt,

546 3113 650 3152 non
691 3097 971 3152 oblivione
997 3093 1292 3156 memoriae,
1328 3091 1420 3144 sed
1473 3101 1690 3143 suomm
1718 3087 1963 3141 cessione
2007 3086 2105 3139 bo-

542 3202 754 3242 norum.
779 3180 912 3240 Nam
962 3181 1231 3252 nequcla'
1256 3195 1402 3234 orem
1448 3172 1614 3234 tillum
1647 3178 1736 3247 (fui
1783 3176 1854 3232 ibi
1906 3175 2105 3231 fuerint

540 3276 817 3338 videbunt,
839 3287 1013 3343 neque
1035 3272 1290 3333 sentient,
1318 3270 1608 3324 secundum
1643 3267 1783 3337 quod
1813 3267 1864 3320 in
1901 3266 2110 3336 Apoca-

541 3367 674 3437 lypsi
706 3365 900 3420 dicitur
924 3381 936 3414 :
975 3380 993 3412 ι
1016 3361 1305 3430 Absterget
1325 3360 1466 3415 Deus
1485 3374 1698 3413 onmem
1727 3359 2018 3428 Iacrymam
2039 3358 2108 3413 ab

539 3458 925 3517 oculiseorum,
943 3463 996 3509 et
1021 3467 1167 3508 mors
1180 3454 1316 3506 ultra
1331 3469 1435 3506 non
1450 3452 1552 3506 erit
1582 3452 1763 3522 (Apoc.
1783 3450 1920 3519 xxr),
1937 3456 2040 3504 etc.
2071 3457 2104 3502 ’t

540 3551 632 3607 Sic
677 3558 733 3605 et
765 3550 827 3604 in
877 3548 981 3603 hoc
1023 3546 1144 3602 loco
1193 3546 1411 3610 dicitur,
1457 3544 1582 3614 quia
1614 3543 1866 3600 oblivioni
1898 3542 2110 3597 traditae

537 3647 698 3695 erunt
726 3639 983 3708 angustiae
1020 3637 1252 3708 priores,
1296 3637 1350 3691 id
1389 3644 1471 3692 est
1515 3635 1886 3689 trilmlationes
1915 3635 2111 3704 quibus

537 3733 628 3788 hic
656 3731 826 3788 sancti
853 3727 1092 3785 tribuiari
1116 3734 1363 3798 possunt,
1387 3735 1442 3782 et
1462 3726 1584 3796 quia
1606 3725 1930 3780 absconditze
1951 3735 2110 3781 erunt

539 3823 876 3895 aprazsentia
899 3833 1102 3879 nostra.
1130 3822 1316 3892 Jungit
1365 3838 1423 3878 se
1480 3822 1742 3892 propheta
1795 3829 2106 3876 sanctorum

541 3930 792 3981 numero,
817 3916 946 3984 quia
976 3915 1090 3984 ipse
1135 3914 1302 3968 multa
1347 3913 1570 3985 pertulit
1617 3911 1843 3966 adversa
1888 3910 2108 3980 injuste,

538 4009 804 4064 intantum
837 4017 897 4061 ut
921 4006 1094 4077 lignea
1116 4020 1266 4060 serra
1295 4013 1586 4060 secaretur.

616 4117 634 4150 α
671 4098 809 4152 Ecce
836 4097 976 4151 enim
1003 4106 1104 4168 ego
1123 4110 1260 4150 creo
1289 4094 1453 4150 caelos
1491 4109 1658 4152 novos
1690 4104 1743 4150 et
1781 4100 1978 4152 terram
2010 4097 2105 4151 no-

535 4203 660 4242 vam
692 4203 706 4241 :
739 4194 922 4240 etnon
957 4194 1119 4240 erunt
1150 4185 1697 4255 in’memoria-priora,
1722 4195 1778 4242 et
1797 4203 1902 4243 non
1924 4200 2111 4242 ascen-

541 4280 670 4334 dent
699 4293 859 4348 super
891 4292 1004 4343 cor;
1035 4277 1126 4333 sed
1155 4264 1454 4348 gaudebitis
1483 4289 1537 4334 et
1564 4280 1903 4336 exsultabitis
1940 4295 2110 4350 usque

543 4371 598 4425 in
620 4371 1004 4440 sempiternum
1051 4369 1105 4424 in
1140 4370 1226 4424 his
1254 4384 1373 4439 quae
1419 4385 1518 4441 ego
1559 4387 1704 4426 creo.
1736 4390 1753 4422 ι
1801 4370 1918 4426 ‘Jam
1968 4386 2109 4440 saepe

541 4461 728 4518 multis
756 4462 808 4516 in
831 4461 968 4516 locis
1008 4461 1243 4516 diximus
1289 4461 1558 4531 superius,
1594 4462 1788 4516 coelum
1827 4471 1881 4516 et
1909 4470 2107 4516 terram

2210 1903 2300 1972 qui
2315 1918 2434 1959 sum
2448 1914 2662 1960 creator
2680 1920 2866 1961 eorum
2880 1915 2936 1962 et
2955 1907 3218 1974 conditor,
3237 1910 3498 1979 gaudham
3529 1920 3591 1965 et
3609 1911 3788 1966 exsul-

2208 1995 2530 2058 tem'in'eis,
2563 2004 2619 2051 et
2657 2011 2762 2050 non
2805 1997 2980 2053 solum
3015 1999 3114 2068 ipsi
3148 1982 3476 2070 gaudebunt,
3502 2002 3608 2056 sed
3633 2004 3788 2058 etiam

2208 2084 2494 2139 exsultatio
2516 2084 2574 2140 'et
2597 2086 2850 2156 gaudium
2876 2087 2978 2157 ipsi
3007 2074 3216 2142 eru'nt.‘¢
3241 2089 3307 2144 Et
3333 2105 3440 2145 non
3461 2090 3721 2146 audietur
3740 2093 3788 2147 in

2208 2189 2292 2237 ca,
2326 2195 2345 2228 ι
2372 2176 2472 2231 hoc
2488 2185 2570 2231 est
2607 2177 2660 2230 in
2689 2176 2899 2232 caelesti
2921 2177 3308 2237 Hierusalema
3344 2181 3488 2235 ultr’a
3505 2197 3615 2236 vox
3638 2181 3793 2238 ﬂetus

2207 2274 2263 2319 et
2283 2280 2386 2320 vox
2406 2265 2698 2329 clam’bris,
2729 2286 2748 2318 ι
2779 2267 3034 2336 quoniam
3063 2270 3356 2325 secundum
3377 2270 3528 2340 quod
3549 2251 3796 2326 ‘Joannes

2207 2354 2378 2410 dixit:
2413 2376 2430 2407 ι
2472 2357 2756 2429 Absterget
2781 2359 2923 2413 Deus
2957 2375 3170 2416 omnem
3196 2360 3496 2432 lacrymam
3525 2362 3598 2416 ab
3625 2363 3796 2417 oculis

2206 2463 2414 2513 eorum,
2432 2458 2485 2504 et
2498 2450 2643 2505 mers
2658 2450 2796 2504 ultra
2810 2465 2914 2507 non
2929 2451 3050 2516 erit,
3071 2469 3244 2522 neque
3258 2453 3460 2518 luctus,
3476 2469 3657 2524 neque
3684 2454 3794 2509 cia-

2205 2554 2346 2604 mor,
2373 2560 2390 2592 ›
2416 2549 2470 2595 et
2482 2545 2676 2596 Caetera
2701 2547 2822 2611 qua:
2847 2542 3165 2613 sequuntur.
3192 2543 3377 2614 Neque
3391 2545 3545 2599 enim
3571 2544 3790 2617 dignum

2207 2642 2289 2689 est
2312 2643 2370 2688 ut
2399 2633 2450 2688 in
2473 2633 2690 2689 civitate
2719 2634 3051 2690 Hierusalem
3078 2635 3283 2692 cmlesti
3310 2636 3498 2706 populi
3533 2636 3673 2706 ejus,
3697 2636 3787 2707 qui

2207 2726 2584 2782 exsultationis
2607 2736 2661 2782 et
2675 2727 2856 2798 gaudii
2886 2737 3142 2783 aeternam
3169 2738 3526 2797 suscepturus
3562 2738 3649 2783 est
3679 2728 3786 2798 glo-

2210 2821 2345 2877 riam
2361 2837 2544 2878 vocem
2570 2810 2726 2877 ﬂetus
2745 2830 2800 2877 et
2826 2827 3010 2878 vocem
3030 2821 3262 2877 tristitiae
3285 2821 3506 2876 habeat.
3533 2820 3639 2876 Ubi
3661 2836 3784 2892 ergo

2207 2913 2310 2969 erit
2350 2929 2452 2968 vox
2483 2912 2650 2969 'ﬁetus
2703 2913 2888 2968 et‘vox
2939 2912 3224 2968 clamoris?
3265 2912 3319 2967 in
3367 2911 3786 2982 congregatione

2209 3005 2585 3074 reproborum.

2285 3113 2304 3148 ‹
2348 3093 2464 3150 Νοη
2498 3097 2604 3151 erit
2634 3097 2720 3151 'ibi
2771 3097 2998 3167 amplius
3041 3096 3218 3152 infans
3267 3099 3497 3161 dierum,
3529 3108 3583 3154 et
3616 3114 3781 3155 senex

2196 3187 2302 3257 qui
2333 3202 2439 3243 non
2456 3187 2690 3258 impleat
2711 3189 2824 3246 dies
2843 3187 2997 3246 suos:
3026 3192 3282 3260 quoniam
3298 3193 3655 3260 puer’centnm
3674 3206 3776 3244 an-

2210 3294 2401 3335 norum
2429 3281 2711 3345 morietu‘r,
2751 3289 2807 3336 et
2833 3293 3086 3351 peccator
3107 3292 3329 3337 centum
3361 3297 3611 3336 annorum
3654 3295 3769 3334 ma-

2195 3370 2436 3426 "ledictus
2485 3371 2609 3426 erit.
2648 3390 2664 3422 ι
2707 3369 2830 3427 Haec
2874 3373 2940 3427 ad
2985 3371 3290 3442 generalem
3337 3369 3774 3443 resurrectiouun

2199 3461 2815 3531 ipertinent,‘postquam
2841 3448 3019 3517 nullus
3036 3462 3142 3518 erit
3177 3461 3357 3517 infans
3399 3475 3579 3530 neque
3622 3465 3782 3514 senex

2211 3551 2714 3623 in‘congregat'mne
2740 3550 2997 3617 ﬁdelium,
3041 3567 3216 3622 neque
3265 3553 3319 3606 in
3365 3550 3786 3622 congregatione

2199 3640 2653 3710 ‘iniqttoruszed
2677 3646 2866 3696 Omnes
2892 3642 2946 3696 in
2972 3641 3209 3712 perfecta
3233 3651 3396 3696 tetate
3424 3659 3444 3692 r
3484 3648 3786 3710 resurgent,

2211 3729 2301 3784 alii
2350 3729 2431 3785 ad
2463 3730 2648 3796 vitam,
2696 3730 2786 3785 alii
2828 3731 2893 3786 ad
2923 3731 3296 3802 perditionem.
3334 3750 3352 3782 ι
3387 3731 3447 3786 in
3481 3746 3547 3785 ea
3589 3730 3788 3786 scilicet

2210 3829 2367 3876 aetate
2389 3838 2493 3892 qua
2523 3821 2770 3879 Christus
2811 3825 3130 3889 resurrexit,
3159 3825 3262 3880 hoc
3293 3833 3381 3880 est
3410 3825 3466 3878 in
3501 3835 3668 3879 aetate
3687 3824 3787 3879 tri-

2230 3914 2395 3968 'esimi
2426 3915 2571 3969 tertii
2598 3929 2664 3970 ac
2708 3915 2916 3970 dimidii
2961 3916 3120 3982 anni;
3160 3917 3458 3984 omnesque
3495 3916 3789 3986 implebunt

2212 4003 2329 4060 dies
2383 4019 2530 4070 suos,
2563 4006 2686 4074 quia
2739 4008 3079 4076 postmodum
3129 4019 3289 4063 nemo
3335 4009 3627 4073 morietur,
3683 4007 3787 4075 jam

2212 4097 2614 4166 morsfcorporis
2641 4098 2776 4153 ultra
2808 4114 2915 4154 non
2935 4100 3058 4154 erit.
3094 4099 3245 4167 Quod
3265 4100 3450 4155 autem
3482 4100 3783 4156 subinfert:

2213 4187 2466 4254 quoniam
2513 4203 2648 4256 puer
2700 4197 2915 4246 centum
2977 4205 3239 4246 annorum
3279 4191 3571 4258 morietur,
3606 4207 3787 4246 sensus

2211 4285 2326 4333 est:
2357 4277 2400 4332 si
2432 4279 2657 4347 quilibet
2689 4289 2940 4348 peccator
2971 4281 3024 4335 in
3069 4284 3322 4353 prtes'enti
3354 4281 3558 4338 szeculo
3604 4284 3785 4338 vixerit

2200 4371 2630 4435 centum-annis,
2657 4380 2711 4425 et
2731 4385 2890 4426 omne
2913 4372 3041 4427 illud
3071 4381 3278 4442 tempus
3304 4373 3593 4444 pueriliter
3631 4375 3785 4429 duxe-

2214 4460 2304 4525 rit,
2334 4458 2617 4515 serviendo
2671 4461 2879 4517 libidini
2922 4463 3648 4533 aliisqueconcupiscentiis,
3672 4475 3778 4519 sta-

537 4567 646 4608 non
672 4566 771 4621 per
792 4560 1039 4605 naturam
1089 4565 1264 4619 neque
1292 4565 1390 4620 per
1415 4553 1704 4607 essentiam
1725 4553 1986 4617 transire,
2017 4553 2110 4607 sed
2136 4521 2189 4581 D
2216 4550 2311 4604 tim
2355 4558 2414 4604 ut
2459 4550 2735 4605 transierit
2779 4552 2846 4606 ah
2889 4552 2990 4608 hac
3022 4554 3155 4617 vita,
3188 4554 3450 4608 morietur
3484 4556 3541 4610 in
3571 4565 3784 4626 peccato

534 4660 635 4715 per
663 4644 1086 4700 immutationem
1105 4685 1120 4709 ,
1149 4653 1204 4698 et
1237 4646 1632 4700 innovationem
1656 4654 1818 4714 atque
1846 4647 1898 4700 in
1931 4646 2114 4702 melio-

535 4737 820 4792 rationem.
847 4729 1006 4792 Sicut
1034 4735 1086 4789 in
1106 4735 1426 4806 Apocalypsi
1455 4735 1654 4791 dicitur
1678 4755 1692 4790 ς
1713 4753 1731 4785 ε
1753 4735 1868 4789 Erit
1893 4735 2111 4806 (inquit)

535 4828 734 4885 ctelum
764 4835 960 4883 novum
995 4836 1052 4882 et
1089 4835 1228 4882 terra
1254 4841 1392 4884 nova
1425 4827 1604 4899 (Apoc.
1637 4828 1792 4898 xxi);
1817 4841 1842 4880 ἰ
1877 4825 2114 4897 et'Apos-

539 4923 718 4978 totus:
759 4920 1046 4976 «Praeterit
1091 4918 1233 4974 enim
1267 4919 1436 4991 ﬁgura
1487 4919 1647 4990 hujus
1672 4921 1856 4975 mundi
1891 4919 1943 4986 (1
1985 4919 2109 4976 Cor.

536 5014 657 5084 vn).
685 5032 703 5064 ι
725 5011 856 5068 Cum
873 5012 1014 5066 enim
1031 5011 1162 5066 dicit
1183 5011 1420 5080 prmterit
1436 5010 1624 5080 ﬁgura,
1639 5010 1875 5064 ostendit
1891 5025 2111 5066 manere

539 5102 915 5159 substantiam.
934 5100 1094 5157 Verbi
1110 5101 1280 5172 gratia
1298 5119 1309 5153 :
1325 5097 1506 5154 infans
1526 5114 1650 5154 cum
1673 5099 1726 5154 in
1743 5111 1971 5169 puerum
1995 5115 2112 5155 creo

538 5196 698 5260 verit,
735 5202 790 5249 et
824 5207 956 5262 puer
1008 5192 1060 5247 in
1099 5189 1380 5263 juvenem,
1421 5197 1477 5245 et
1501 5190 1715 5262 juvenis
1747 5189 1803 5246 ln
1835 5190 2031 5257 virum,
2057 5199 2114 5245 et

538 5287 626 5342 vir
653 5287 707 5341 in
725 5297 930 5349 senem,
947 5299 1286 5355 nequaquam
1300 5297 1398 5354 per
1421 5284 1662 5356 singulas
1672 5291 1860 5340 atates
1871 5282 2117 5354 praeterit

541 5379 598 5433 in
611 5377 930 5440 substantia,
947 5389 1164 5447 semper
1185 5376 1329 5431 enim
1351 5374 1491 5432 idem
1505 5384 1589 5431 est
1610 5375 1702 5445 qui
1714 5375 1865 5446 prius
1880 5372 1998 5442 l‘uit,
2015 5374 2111 5428 sed

541 5468 797 5540 paulatim
811 5469 1146 5533 immutatur,
1161 5475 1213 5523 et
1237 5468 1380 5523 aetati
1395 5465 1952 5538 pristinaaprteterisse
1970 5465 2109 5520 dici-

542 5567 653 5614 tur.
676 5558 937 5614 Similiter
958 5558 1150 5614 cmlum
1175 5568 1230 5613 et
1255 5567 1422 5624 terra,
1451 5559 1576 5613 licet
1605 5564 1878 5612 transeant
1901 5571 1996 5627 per
2017 5557 2114 5612 im-

544 5649 917 5711 mutationem,
944 5656 1121 5702 tamen
1149 5647 1202 5701 in
1232 5649 1444 5718 propria
1476 5647 1772 5703 substantia
1800 5649 2110 5702 manebunt.

549 5738 626 5792 Eo
646 5753 807 5794 sensu
835 5738 998 5792 etiam
1021 5736 1254 5796 dicitur:
1291 5737 1428 5793 Ecce
1463 5753 1563 5808 ego
1588 5751 1734 5793 creo.
1757 5752 1858 5806 pro
1879 5752 1942 5794 eo
1971 5739 2114 5808 quod

2214 4650 2331 4696 s’uo.
2362 4642 2427 4696 Et
2449 4643 2553 4697 hoc
2585 4642 2727 4712 (ιιιῠά
2757 4642 3054 4715 subjtmgit,
3095 4646 3218 4715 quia
3272 4657 3530 4716 peccator
3579 4657 3789 4702 centum

2215 4747 2480 4786 annorum
2508 4730 2822 4788 maledictus
2849 4734 2972 4800 erit,
2997 4735 3097 4790 hoc
3117 4744 3219 4801 est,
3250 4735 3374 4806 quia
3405 4743 3628 4790 centum
3644 4736 3792 4789 annis

2211 4825 2398 4880 vivens
2410 4840 2623 4895 semper
2639 4824 2918 4894 pueriliter
2937 4826 3042 4897 egit
3059 4827 3356 4897 peccando,
3379 4826 3619 4897 pleniter
3633 4828 3796 4882 etiam

2211 4915 2531 4972 maledictus
2555 4916 2678 4971 erit.

2291 5023 2310 5055 ι
2341 5001 2408 5059 Et
2435 5005 2779 5062 aediﬁcabant
2801 5007 3006 5071 dumos,
3037 5018 3092 5062 et
3119 5007 3462 5072 habitabant,
3492 5018 3550 5063 et
3577 5008 3797 5077 planta-

2213 5098 2350 5154 bunt
2373 5097 2578 5165 vineas,
2606 5107 2662 5153 et
2686 5099 2970 5154 comedent
2993 5097 3222 5154 fructum
3243 5114 3451 5152 earum.
3478 5096 3600 5152 Non
3623 5099 3797 5153 aediﬁ-

2214 5188 2433 5253 cabunt,
2459 5196 2515 5244 et
2539 5188 2679 5245 alius
2703 5189 2974 5246 habitabit
2999 5206 3012 5242 :
3046 5204 3152 5244 non
3181 5187 3529 5258 plantabunt,
3563 5197 3626 5243 et
3657 5190 3801 5244 alios

2215 5279 2483 5336 comedet.
2518 5299 2538 5334 ι
2576 5281 2775 5336 Domos
2805 5279 2859 5336 in
2889 5279 3086 5350 quibus
3118 5280 3410 5335 habitaturi
3459 5287 3594 5334 sunt
3624 5279 3801 5335 sancti

2217 5374 2272 5429 in
2297 5371 2631 5428 Hierusalem
2659 5372 2886 5436 etelesti,
2922 5379 2978 5429 et
2997 5371 3089 5442 qui
3111 5387 3202 5427 eas
3231 5371 3603 5435 :editicabunt,
3633 5371 3802 5425 debe-

2216 5479 2338 5520 mus
2369 5462 2667 5535 intelligere
2701 5457 2787 5518 vei
2827 5461 3057 5534 virtutes
3107 5477 3242 5530 quas
3291 5462 3390 5530 ipsi
3434 5461 3718 5516 aediﬁcant
3750 5461 3805 5516 in

2215 5553 2491 5628 przesenti,
2524 5566 2753 5622 quarum
2785 5553 3088 5609 mercedem
3126 5562 3182 5607 et
3216 5551 3439 5622 praemia
3484 5551 3805 5622 possessuri

2219 5653 2373 5714 sunt,
2417 5645 2712 5702 secundum
2756 5645 2886 5701 illud
2939 5663 2952 5700 :
3004 5663 3022 5698 ε
3077 5640 3456 5714 Unusquisque
3513 5643 3807 5714 propriam

2220 5736 2526 5800 mercedem
2555 5736 2786 5810 accipiet
2813 5737 3104 5796 secundum
3132 5751 3286 5790 suum
3315 5733 3558 5790 laborem
3590 5733 3636 5804 (l
3671 5730 3804 5788 Cor.
