4016 6468
223 455 360 512 ίοιῖῧ

1291 449 1639 510 COMMENT.
1671 453 1739 508 IN
1777 452 2028 510 lSAlAM.
2070 485 2137 496 -
2169 453 2296 510 LIB.
2335 454 2420 511 ill.

3327 457 3461 513 I074

218 569 323 642 tu).
355 587 373 623 ι
407 565 504 626 Vel
544 568 851 624 mansiones
878 582 1012 638 quas
1033 567 1106 622 ibi
1137 576 1464 638 praeparant.
1499 566 1566 623 de
1591 565 1786 636 quibus
1815 569 1861 627 Α
1889 573 1982 620 aut
2001 581 2197 622 corona
2222 566 2405 636 gloria;
2428 574 2648 635 nostrae,
2678 582 2855 624 nonne
2880 581 2977 625 vos
3001 567 3170 626 estis?
3196 569 3249 641 (I
3274 569 3454 625 Thess.

219 662 350 717 dicit
395 661 686 716 Dominus:
724 679 743 715 ι
793 661 849 716 lu
898 660 1049 716 domt
1098 659 1274 716 Patris
1321 660 1427 715 mei
1479 659 1786 714 mansiones

217 752 402 808 multa:
433 759 558 808 sunt
583 751 763 824 (Joan.
797 753 942 822 xiv);
982 770 1000 802 ι
1029 759 1085 806 et
1119 751 1172 806 in
1207 750 1414 821 psalmo
1450 751 1786 820 sexagesimo

217 849 410 896 octavo
432 840 881 912 Psalmographus
917 842 1198 912 pollicetur
1217 842 1401 898 dicens
1425 859 1438 895 :
1467 861 1486 893 ί
1524 841 1786 908 Quoniam

219 929 363 986 Deus
396 930 598 986 salvam
643 931 806 988 faciet
845 931 996 996 Sion,
1027 940 1083 988 et
1107 931 1513 989 mdiﬁcabuntur
1543 932 1787 987 civitates

218 1019 391 1088 Iudae,
442 1021 866 1093 habitabuntque
914 1024 987 1078 ibi
1034 1021 1205 1094 (Psal.
1248 1024 1458 1096 vaul).
1499 1043 1517 1076 ι
1565 1023 1620 1077 In
1671 1023 1788 1078 istis

215 1126 351 1184 ergo
375 1113 764 1178 mansionibus,
812 1114 916 1170 hoc
966 1123 1050 1170 est
1085 1116 1140 1170 in
1171 1116 1284 1171 suis
1309 1115 1599 1171 virtutibus
1634 1123 1708 1186 et_
1731 1116 1786 1170 in

218 1203 426 1259 caelesti
455 1202 790 1260 Hierusalem
825 1220 988 1275 quam
1029 1206 1132 1262 sibi
1158 1216 1484 1276 praeparant,
1518 1206 1702 1262 bibent
1734 1215 1806 1273 et,

217 1295 504 1365 comedent
535 1295 770 1351 fructum
792 1297 1069 1352 vinearum
1098 1312 1233 1368 quas
1265 1297 1355 1353 hic
1384 1297 1783 1368 plantaverunt,

217 1385 325 1441 hoc
358 1393 460 1450 est,
491 1387 850 1442 exsultatione
877 1387 1051 1457 gratia
1080 1388 1253 1443 sancti
1289 1387 1524 1456 Spiritus
1569 1387 1786 1444 debria-

220 1476 424 1531 buntur
445 1477 700 1548 omnique
718 1479 984 1533 suavitate
1006 1479 1352 1548 replebuntur
1371 1494 1439 1534 ex
1461 1479 1635 1548 vineis
1653 1465 1789 1550 quas

219 1566 345 1638 plan
369 1575 638 1635 taVerunt,
658 1569 710 1624 id
733 1580 894 1623 estex
917 1570 1353 1637 remuneratione
1373 1571 1637 1625 bonorum
1659 1586 1788 1641 ope-

221 1673 361 1714 rum.
380 1659 797 1716 Etadiﬁcabunt
816 1676 946 1732 ergo
971 1661 1200 1717 virtutes
1225 1671 1280 1716 et
1305 1664 1611 1719 mansiones
1632 1664 1788 1720 etele-

219 1751 792 1825 stes,plantabuntque
820 1751 1003 1810 vineas
1016 1753 1288 1822 dequibus
1307 1754 1422 1823 jam
1444 1754 1694 1819 diximus.
1722 1755 1814 1825 Et,

221 1841 360 1918 alius
386 1881 402 1906 ,
443 1841 499 1896 id
540 1850 625 1900 est
649 1842 895 1912 diabolus
941 1859 1045 1898 non
1077 1843 1343 1900 habitabit
1371 1846 1632 1904 inmedio
1671 1847 1787 1901 illo-

1889 654 1976 726 ιι.)
2012 676 2032 709 ι
2059 656 2126 711 Et
2159 673 2328 728 quare
2357 657 2662 729 gaudebunt
2686 661 2752 715 de
2783 658 2885 726 eis,
2914 659 3042 730 quia
3073 675 3258 716 semen
3291 661 3458 716 bene-

1888 747 2178 814 diclorum,
2204 748 2260 804 id
2285 759 2367 804 est
2385 749 2748 820 apostolorum
2777 750 2990 806 Domini
3011 759 3116 818 est,
3143 750 3462 807 subauditur

1888 855 2110 907 semen,
2162 848 2218 896 et
2267 849 2488 912 nepotes
2532 842 2782 912 apostoli,
2830 843 2885 898 id
2937 850 3021 899 est
3064 842 3303 898 universi
3342 858 3462 898 cre-

1889 930 2078 986 dentes
2109 931 2165 986 in
2187 930 2395 988 caelesti
2432 933 2768 1002 beatitudine
2792 949 2915 990 cum
2939 934 3019 990 eis
3041 933 3158 990 sine
3193 933 3300 989 ﬁne
3325 948 3461 1004 gau-

1887 1021 2112 1078 debunt.

1964 1133 1983 1168 ‹
2011 1115 2262 1186 Eritque:
2293 1117 2595 1189 :antequam
2621 1119 2875 1187 clament,
2910 1118 3196 1174 exaudiam
3222 1136 3241 1171 ι
3271 1116 3460 1172 volun-

1890 1219 2056 1265 tatem
2105 1210 2341 1277 illorum,
2379 1227 2485 1267 non
2524 1227 2656 1268 voce
2699 1209 3459 1283 respondendo,vsed_signo-

1889 1317 2007 1356 rum
2039 1308 2202 1371 atque
2239 1301 2619 1357 miraculorum
2660 1302 3024 1374 magnitudine
3061 1297 3456 1369 subsequendo;

1888 1401 1944 1450 et
1988 1411 2006 1444 ι
2042 1393 2217 1448 adhuc
2270 1393 2377 1448 illis
2425 1394 2769 1462 loquentibus
2795 1433 2811 1458 ,
2836 1408 2954 1464 ego
2997 1391 3231 1447 audiam.
3268 1407 3288 1442 ι
3323 1388 3460 1444 Nam

1887 1500 2011 1541 cum
2065 1485 2306 1539 dicerent
2365 1483 2592 1552 apostoli
2639 1483 2801 1539 alicui
2843 1491 3046 1553 aegroto
3091 1488 3186 1536 aut
3245 1488 3460 1536 mortuo

1897 1595 1914 1627 σ
1961 1577 2014 1630 in
2054 1575 2269 1632 nomine
2319 1574 2446 1630 Jesu
2487 1588 2648 1645 surge
2697 1575 2833 1644 (Act.
2884 1572 2990 1642 ιιι),
3042 1590 3062 1625 ι
3109 1571 3293 1627 statim
3343 1571 3460 1626 sine

1888 1681 2040 1721 mora
2086 1680 2248 1720 sanus
2297 1663 2689 1733 incolumisque
2739 1662 3015 1734 surgebat.
3071 1660 3255 1730 Neque
3313 1659 3459 1714 enim

1887 1757 2188 1828 potuissent
2215 1769 2405 1810 omnes
2443 1762 2630 1826 gentes
2673 1753 2730 1808 in
2762 1759 2875 1809 tam
2918 1750 3069 1806 brevi
3107 1749 3282 1821 spatio
3319 1757 3456 1803 tem-

1887 1859 2081 1916 porum
2119 1845 2174 1899 in
2213 1842 2486 1898 Christum
2527 1841 2782 1907 credere,
2823 1840 2929 1907 nisi
2970 1839 3247 1894 miraculis
3281 1839 3461 1907 signo-

221 1949 363 1998 rum,
385 1949 560 2004 neque
582 1935 856 1995 devorabil
879 1937 1108 2005 amplius
1142 1937 1367 1993 virtutes
1393 1953 1599 1992 eorum.
1639 1957 1658 1990 ‹
1693 1938 1788 1996 Se-
1815 1937 1863 1995 B
1891 1954 2008 1992 rum
2039 1937 2170 1992 ﬁdes
2208 1949 2394 1990 eorum
2432 1934 2702 2004 quondam
2733 1939 2879 1988 esset
2926 1939 3135 1986 exorta.
3167 1929 3462 1998 Loquenti-

221 2021 453 2078 cundum
497 2026 640 2079 enim
682 2027 796 2081 dies
844 2026 970 2096 ligni
1016 2036 1175 2082 erunt
1215 2027 1330 2082 dies
1361 2028 1538 2097 populi
1569 2030 1705 2094 mei;
1732 2037 1788 2085 et

220 2127 384 2181 opera
429 2129 684 2185 manuum
735 2131 920 2171 eorum
965 2116 1338 2186 inveterabunt
1387 2116 1545 2172 electi
1598 2119 1722 2184 mei,
1762 2137 1780 2171 ι

211 2201 498 2271 -vel,si_cut
524 2206 740 2281 quidam
767 2207 978 2278 codices
1000 2264 1002 2266 ,
1027 2207 1244 2272 habent,
1275 2205 1653 2261 inveterabunt
1674 2207 1786 2263 ele-

217 2293 505 2357 ctismeis.
539 2295 844 2351 Secundum
888 2298 1104 2369 (inquit)
1141 2299 1257 2354 dies
1293 2297 1444 2368 ligni,
1469 2298 1787 2353 subauditur

215 2385 364 2452 vitae,
387 2395 545 2441 erunt
563 2387 678 2454 dies
709 2389 1041 2443 credentium
1072 2398 1128 2444 et
1151 2389 1392 2444 omnium
1413 2388 1706 2444 electorum
1730 2389 1784 2443 in

215 2485 418 2533 aeterna
475 2479 828 2544 beatitudine,
884 2480 1010 2549 quia
1072 2481 1366 2536 secundum
1426 2481 1785 2548 aeternitatem

215 2568 466 2634 Christi,‘
496 2584 686 2625 omnes
734 2570 890 2626 electi
937 2571 1124 2627 :eterui
1167 2580 1328 2627 erunt
1368 2569 1540 2643 (Rom.
1588 2572 1687 2643 vi).
1719 2571 1787 2627 Et

219 2675 240 2708 ι
270 2659 996 2733 sicutZChristusresurgens
1023 2676 1053 2715 a
1084 2661 1314 2718 mortuis
1342 2663 1453 2732 jam
1481 2677 1588 2718 non
1617 2665 1784 2718 mori-

216 2759 328 2815 tur,
355 2759 412 2806 et
440 2766 587 2819 mors
624 2752 701 2806 illi
723 2752 864 2808 ultra
899 2767 1008 2808 non
1041 2753 1424 2820 dominabitur,
1452 2772 1470 2807 ι
1500 2755 1575 2809 ita
1596 2769 1787 2812 omnes

213 2839 371 2909 electi
418 2849 714 2920 resurgant,
746 2857 777 2895 a
813 2843 1072 2909 mortuis,
1116 2849 1172 2898 et
1199 2855 1350 2897 mors
1383 2843 1462 2897 eis
1490 2841 1630 2896 ultra
1677 2857 1785 2898 non

214 2930 602 2998 dominabitur,
651 2933 746 2988 sed
788 2933 1119 2989 aeternaliter
1169 2948 1293 2990 cum
1341 2932 1558 2990 Christo
1605 2947 1786 2988 mane-

212 3021 367 3088 bunt,
408 3021 622 3093 quando
666 3024 924 3079 videbunt
971 3025 1138 3080 Deum
1184 3025 1344 3081 sicuti
1380 3034 1482 3081 est.
1517 3025 1664 3081 Istud
1701 3036 1785 3082 est

213 3119 394 3168 autem
437 3113 639 3185 lignum
675 3117 798 3170 vita:
836 3116 980 3185 quod
1016 3125 1134 3170 erat
1164 3117 1218 3171 in
1245 3116 1423 3172 medio
1446 3117 1707 3186 paradisi,
1732 3118 1785 3172 id

212 3212 298 3259 est
340 3203 587 3261 Christus
616 3206 669 3260 in
698 3207 874 3262 medio
902 3207 1178 3263 Ecclesiae.
1208 3208 1274 3262 Et
1298 3209 1364 3263 de
1389 3222 1495 3278 quo
1523 3209 1653 3263 dicit
1687 3207 1785 3263 Sa-

213 3291 394 3360 lomon
438 3310 452 3346 :

211 3400 336 3447 eam
352 3383 538 3456 (Prov.
562 3385 670 3456 ιιι),
701 3403 719 3436 ι
745 3387 846 3440 boc
865 3394 950 3441 est
968 3387 1304 3457 sapientiam,
1322 3402 1441 3458 qua:
1453 3395 1538 3443 est
1557 3388 1779 3443 verbum

211 3484 270 3531 et
290 3475 463 3530 virtus
482 3475 578 3531 Dei
599 3475 799 3543 Patris,
821 3487 877 3532 et
900 3479 989 3548 qui
1013 3479 1282 3533 tenuerint
1303 3494 1423 3536 eam
1444 3479 1584 3534 beati
1609 3488 1784 3534 erunt.

215 3567 480 3637 Quodque
505 3568 767 3638 sequitur,
799 3578 854 3625 et
883 3585 1046 3641 opera
1077 3586 1330 3626 manuum
1363 3587 1550 3626 eorum
1578 3571 1783 3626 invete-

215 3657 416 3712 rabunt
443 3657 548 3712 mei
567 3658 747 3724 electi,
778 3659 892 3714 sive
934 3658 1118 3714 electis
1155 3661 1308 3725 meis,
1353 3659 1551 3731 duplex
1595 3674 1786 3714 sensus

215 3753 337 3802 est:
366 3760 529 3817 opera
551 3746 767 3819 (inquit)
792 3763 1046 3804 manuum
1071 3765 1280 3815 eorum,
1297 3751 1350 3806 id
1375 3759 1459 3805 est
1473 3749 1655 3816 tidem,
1685 3751 1785 3805 do-

215 3839 470 3906 ctrinam,
496 3841 974 3912 operationemque
1011 3843 1372 3913 apostolorum
1409 3843 1786 3898 inveterabunt

215 3931 500 4000 credentes
521 3946 782 4002 sequaces
804 3934 1036 3998 illorum,
1067 3935 1190 4004 quia
1234 3934 1535 3990 imitatores
1574 3935 1783 3990 illorum

214 4020 423 4088 eﬂ‘ecti,
457 4037 520 4078 ea
561 4037 680 4092 qua:
710 4023 784 4078 illi
823 4025 1118 4080 docuerunt
1161 4033 1214 4080 et
1256 4025 1462 4095 operati
1495 4034 1640 4091 sunt,
1685 4028 1784 4097 ipsi

214 4129 385 4183 usque
411 4114 479 4168 ad
504 4113 665 4169 ﬁnem
692 4115 872 4170 sreculi
914 4117 1188 4180 tenebunt,
1218 4125 1274 4171 et
1297 4118 1422 4171 dum
1464 4131 1677 4186 seraper
1707 4125 1785 4170 te-

212 4204 456 4274 nuerint,
483 4204 638 4274 quasi
669 4213 799 4260 tunc
820 4205 1213 4260 inveterabunt.
1244 4205 1450 4260 Aliter:
1474 4205 1648 4275 Opera
1673 4221 1786 4258 ma-

212 4310 380 4365 nuum
409 4307 597 4350 eorum
626 4295 1003 4350 inveterabunt
1026 4296 1212 4351 electis
1239 4297 1394 4361 meis,
1428 4295 1532 4350 hoc
1563 4304 1647 4350 est
1669 4296 1784 4364 ipsa

209 4399 379 4455 opera
416 4384 776 4454 apostolorum
819 4386 1196 4441 inveterabunt
1228 4387 1359 4456 ipsis
1397 4386 1617 4450 electis,
1659 4387 1785 4454 quia

211 4474 537 4531 aeternaliter
582 4477 650 4531 ad
680 4476 968 4530 utilitatem
1014 4485 1066 4530 et
1109 4476 1338 4529 salutem
1381 4489 1568 4528 eorum
1608 4490 1790 4529 mane-

210 4563 346 4618 bunt
375 4564 526 4632 ipsis.
580 4563 733 4618 Unde
766 4572 820 4616 et
858 4564 1202 4633 Evangelium
1233 4563 1429 4617 dicitur
1468 4578 1588 4620 esse
1631 4571 1789 4619 {eter-

507 3310 527 3346 t
563 3293 788 3363 Lignum
826 3295 950 3349 vita:
981 3304 1065 3350 est
1092 3295 1177 3350 his
1215 3296 1306 3364 qui
1341 3297 1788 3365 apprehenderint
1813 3281 1858 3342 C

1888 2027 1989 2083 bus
2009 2027 2151 2082 enim
2181 2034 2234 2081 et
2265 2024 2624 2080 clamantibus
2652 2023 2908 2094 apostolis
2940 2020 3356 2093 apostolicisque
3377 2019 3457 2072 vi-

1889 2119 1986 2186 ris,
2005 2114 2651 2186 Dominps:magnitudine
2677 2112 3057 2169 miraculorum
3078 2110 3457 2180 reSpondebat.

1962 2227 1980 2262 ε
2015 2210 2197 2278 Lupus
2223 2215 2277 2263 ct
2322 2223 2492 2277 agnus
2517 2215 2805 2277 pascentur
2834 2204 3014 2269 simul,
3048 2212 3104 2260 et
3146 2203 3228 2257 leo
3266 2207 3318 2255 et
3362 2200 3459 2256 bos

1887 2303 2172 2360 comedent
2211 2301 2434 2373 paleas;
2464 2309 2520 2355 et
2560 2298 2796 2369 serpenti
2818 2295 3008 2369 {pulvis
3051 2295 3209 2366 panis
3259 2294 3395 2365 ejus.
3436 2311 3455 2343 ι

1887 2394 2068 2464 Lupus
2092 2400 2147 2448 et
2168 2407 2340 2463 agnus
2357 2399 2649 2461 pascentur
2675 2388 2859 2454 simul,
2893 2387 3016 2457 quia
3048 2385 3246 2440 Paulus
3273 2399 3460 2454 perse-

1887 2492 2042 2541 cutor
2061 2490 2118 2540 et
2139 2482 2378 2540 Ananias
2403 2489 2715 2536 mansuetus
2736 2479 3032 2549 discipulus
3054 2477 3212 2534 simul
3241 2491 3461 2532 conver-

1887 2577 1990 2632 sati
2018 2585 2164 2641 sunt,
2203 2591 2430 2644 quorum
2468 2575 2620 2630 cibus
2659 2573 2758 2629 fuit
2795 2572 3040 2628 doctrina
3075 2569 3382 2642 evangelica
3406 2577 3463 2624 et

1888 2667 2020 2722 ﬁdes
2041 2665 2376 2722 credentium
2407 2663 2544 2736 (Act.
2572 2663 2672 2734 ix).
2701 2663 2806 2718 iste
2828 2669 2913 2718 est
2937 2661 3095 2731 lupus
3139 2659 3208 2714 de
3231 2673 3339 2729 quo
3361 2673 3461 2728 pa-

1888 2759 2125 2814 triarcha
2158 2755 2324 2812 Jacob
2341 2755 2476 2809 dixit
2505 2773 2516 2808 :
2551 2772 2569 2806 ι
2603 2753 2880 2823 Benjamin
2911 2751 3069 2822 lupus
3088 2765 3274 2820 rapax,
3303 2761 3463 2803 mane

1886 2849 2131 2910 comedet
2175 2849 2430 2918 przedam,
2475 2856 2529 2900 et
2578 2859 2802 2913 vespere
2849 2844 3051 2899 dividet
3098 2841 3266 2911 spolia
3305 2836 3459 2911 (Gen.

1883 2936 2058 3009 xux.)
2089 2956 2106 2989 ι
2146 2935 2240 2990 Vel
2279 2950 2374 3006 per
2403 2935 2587 3005 lupum
2616 2944 2671 2987 et
2709 2948 2904 3004 agnum
2927 2931 3225 3002 'possumus
3263 2928 3461 2984 intelli-

1885 3040 2013 3098 gere
2029 3025 2320 3094 quemlibet
2333 3039 2532 3078 smvum
2558 3031 2852 3091 raptorem,
2873 3021 2985 3090 qui,
3009 3028 3294 3089 postquam
3313 3019 3466 3073 venit

1885 3118 1951 3172 ad
1973 3116 2153 3178 tidem,
2176 3117 2227 3168 in
2256 3112 2492 3168 Ecclesia
2522 3123 2763 3167 moratus
2794 3120 2879 3166 est
2906 3125 3028 3167 cum
3046 3111 3287 3181 quolibet
3313 3111 3466 3166 inno-

1885 3215 2062 3264 cente.
2088 3206 2196 3260 Leo
2218 3206 2382 3259 etiam
2411 3213 2466 3259 et
2489 3205 2588 3258 bos
2611 3205 2662 3257 in
2694 3203 2901 3257 Domini
2934 3201 3166 3256 adventu
3205 3201 3460 3256 comede-

1890 3304 2018 3351 runt
2056 3295 2262 3366 paleas,
2303 3294 2356 3348 id
2391 3301 2473 3348 est
2525 3307 2620 3346 rex
2669 3291 2894 3361 quilibet
2937 3299 2992 3347 et
3025 3291 3277 3360 princeps
3305 3290 3465 3359 hujus

1891 3387 2074 3444 saeculi
2121 3401 2244 3442 cum
2297 3385 2651 3456 praedicatore
2702 3383 2959 3453 quolibet,
3009 3384 3100 3452 qui
3151 3383 3464 3452 designatur

1889 3495 1986 3550 per
2013 3480 2204 3534 bovem
2233 3492 2298 3532 eo
2322 3477 2463 3546 quod
2489 3482 2675 3530 exaret
2705 3476 2866 3530 corda
2896 3475 3216 3534 auditorum,
3252 3473 3464 3528 scilicet

1889 3571 1944 3624 in
1985 3567 2223 3624 Ecclesia
2251 3576 2548 3636 pascuntur
2573 3567 2763 3638 paleis,
2793 3566 2847 3620 id
2888 3575 2973 3621 est
3020 3564 3315 3635 simplicem
3361 3563 3456 3618 do-

1887 3659 2116 3716 ctrinam
2137 3658 2342 3729 pariter
2361 3673 2481 3713 cum
2504 3657 2868 3727 profunditate
2887 3657 3190 3711 divinorum
3211 3655 3460 3724 eloquio-

1888 3766 2029 3806 rum.
2053 3748 2111 3805 Si
2140 3759 2320 3804 autem
2347 3748 2639 3804 dixerimus
2666 3747 2752 3802 leo
2775 3754 2834 3801 ut
2861 3747 2958 3802 bos
2988 3746 3235 3802 comedet
3256 3744 3460 3815 paleas,

1886 3858 2077 3899 sensus
2116 3841 2488 3911 hujuscemodi
2537 3842 2685 3896 erit:
2735 3841 2843 3896 Leo
2893 3841 3035 3897 sicut
3077 3841 3176 3895 bos
3217 3841 3462 3896 comedet

1887 3933 2090 4005 paleas,
2117 3933 2332 4003 quando
2356 3932 2440 3987 vir
2463 3932 2850 3988 disertissimus
2867 3941 2924 3988 et
2950 3933 3221 4002 quondam
3261 3931 3328 3986 ad
3354 3947 3460 3986 saa-

1886 4024 2068 4080 culum
2121 4033 2339 4094 potens,
2385 4023 2788 4094 Scripturarum
2830 4023 3134 4077 divinarum
3177 4037 3235 4078 se
3287 4021 3465 4076 tradet

1888 4113 2206 4179 rusticitati,
2247 4123 2308 4168 ut
2341 4127 2683 4183 nequaquam
2728 4113 2974 4169 sreculari
3015 4121 3070 4168 et
3114 4111 3465 4182 philosophia:

1887 4213 2140 4274 pascatur
2166 4203 2494 4272 eloquentia,
2524 4219 2642 4273 qua:
2679 4204 2852 4259 instar
2892 4201 3067 4257 mellis
3093 4201 3259 4257 stillat
3291 4201 3359 4256 de
3387 4200 3466 4255 la-

1888 4296 1994 4350 biis
2038 4294 2364 4360 meretricis,
2410 4295 2504 4350 sed
2550 4294 2813 4349 vilitatem
2862 4301 2917 4348 et
2966 4293 3149 4363 paleas
3202 4300 3464 4363 sequatur

1889 4387 2148 4452 historize,
2179 4386 2348 4442 donec
2373 4387 2544 4442 multo
2565 4387 2750 4441 labore
2779 4395 2942 4454 atque
2959 4385 3222 4440 industria
3255 4399 3464 4439 merea-

1890 4485 1979 4531 tur
2007 4475 2076 4531 ad
2100 4476 2432 4532 frumentum
2471 4478 2775 4547 pervenire,
2816 4477 2870 4531 id
2913 4485 2999 4532 est
3031 4475 3098 4531 ad
3127 4474 3464 4547 profundita-

1890 4574 2000 4621 tem
2026 4565 2428 4636 mysteriorum.
2455 4565 2530 4621 De
2577 4566 2695 4621 istis
2720 4565 2919 4622 talibus
2957 4565 3177 4620 fuerunt
3205 4566 3460 4636 Augusti-

211 4669 363 4719 num,
389 4667 456 4708 eo
481 4653 622 4723 quod
649 4653 775 4709 olim
803 4663 1106 4710 servatores
1131 4669 1258 4710 suos
1274 4653 1600 4710 aeternaliter
1620 4654 1781 4712 faciet
1811 4648 1859 4708 D
1886 4670 1989 4710 nus
2016 4663 2073 4710 et
2098 4654 2418 4726 Cyprianus,
2451 4655 2863 4726 philosomiique
2889 4655 3150 4727 gentium,
3179 4657 3270 4726 qui
3300 4655 3463 4711 relin-

209 4746 432 4803 electos.

293 4856 312 4890 ι
353 4836 468 4893 Νοιι
517 4838 837 4894 laborabunt
889 4838 1087 4894 frustra
1131 4853 1307 4909 neque.
1351 4840 1687 4910 generabunt
1725 4841 1780 4894 in
1817 4899 1822 4904 ,

211 4929 622 4984 eonturbatione
658 4946 671 4983 ε
703 4930 827 5000 quia
882 4946 1063 4986 semen
1112 4931 1512 4986 benedictorum
1567 4932 1778 4986 Domini

207 5029 318 5087 est,
359 5028 415 5075 et
452 5030 674 5090 nepotes
699 5036 901 5084 eorum
931 5037 1052 5076 cum
1089 5023 1186 5077 eis.
1241 5042 1259 5074 υ
1307 5021 1780 5095 Νοιιδιεώοηὶιιιιιι
1813 5085 1818 5089 ,

211 5110 438 5181 apostoli
466 5111 665 5181 aliique
685 5112 930 5168 doctores
959 5113 1011 5167 in
1042 5113 1424 5184 prrcdicatione
1454 5112 1654 5168 frustra
1688 5112 1773 5167 vel
1807 5175 1809 5177 1

211 5202 266 5256 in
315 5201 473 5255 bonis
507 5203 786 5271 operibus,
825 5203 965 5259 sicut
999 5204 1269 5273 quondam
1309 5201 1476 5258 Judaei
1515 5203 1779 5258 inutiliter

209 5294 610 5359 laboraverunt,
658 5296 783 5363 quia
807 5299 1108 5353 mercedem
1148 5307 1405 5359 aeternam
1448 5297 1572 5352 inde
1607 5297 1781 5366 perci-

207 5386 380 5457 pient,
395 5392 447 5440 et
461 5384 734 5442 laboribus
756 5402 1010 5443 manuum
1039 5404 1255 5446 suarum
1277 5389 1643 5444 exsultabunt.
1661 5387 1778 5443 Non

208 5476 542 5546 generabant
581 5475 720 5546 ﬁlios
756 5478 1062 5548 spirituales
1111 5480 1164 5534 in
1200 5479 1624 5546 oonturbatione,
1677 5479 1782 5534 hoc

198 5574 292 5623 est
333 5567 386 5621 in
434 5566 638 5633 dolore,
670 5567 811 5623 sicut
838 5569 1108 5638 quondam
1158 5568 1361 5624 Rachel
1397 5570 1578 5640 genuit
1608 5569 1778 5626 ﬁlium

208 5659 501 5726 carnalem;
534 5660 628 5717 sed
663 5660 718 5715 in
747 5661 941 5731 gaudio
967 5669 1021 5716 et
1050 5661 1233 5717 laetitia
1271 5669 1450 5725 erunt,
1489 5661 1779 5730 gloriantes

209 5749 526 5810 denumero
562 5750 920 5818 credentium,
943 5750 1087 5807 sicut
1117 5751 1392 5822 apostolus
1423 5751 1619 5806 Paulus
1647 5767 1777 5821 gau-

207 5835 367 5893 debat
403 5839 625 5898 dicens:
665 5860 682 5895 (
725 5839 878 5908 Quod
917 5850 997 5900 est
1041 5842 1184 5898 enim
1221 5842 1473 5914 gaudium
1527 5852 1773 5899 nostrum

1885 4754 2114 4816 quentes
2168 4747 2460 4801 humanam
2512 4747 2902 4817 philosophiam
2957 4762 3078 4818 quae
3145 4745 3466 4816 eloquentia,

1886 4837 2190 4906 urbanitate
2217 4838 2382 4909 polita
2416 4847 2556 4904 erat,
2597 4837 2894 4908 Scriptura:
2929 4853 3098 4895 sacrm
3124 4853 3184 4894 se
3219 4836 3463 4894 contule-

1885 4938 2031 4997 runt,
2052 4945 2171 5000 quae
2198 4930 2456 4986 mediocri
2477 4931 2617 5002 stylo
2643 4939 2727 4986 est
2747 4933 2977 5003 digesta,
3001 4931 3240 4986 retinens
3269 4930 3465 4985 intrin-

1881 5037 2039 5078 secus
2061 5020 2351 5092 inell'abilia
2384 5024 2661 5094 mysteria.
2701 5021 2808 5079 Sed
2837 5038 2958 5079 cum
2995 5021 3082 5077 isti
3116 5021 3251 5076 tales
3285 5031 3460 5075 trans-

1879 5112 2058 5167 ierunt
2113 5112 2184 5168 ad
2216 5113 2825 5168 societatem‘Ecclesiae
2841 5113 2878 5182 ,Ι
2898 5112 3135 5181 serpenti
3186 5111 3301 5166 sive
3343 5111 3461 5165 dia-

1882 5201 2006 5260 bolo
2033 5213 2159 5259 sunt
2180 5204 2353 5260 relicti
2376 5205 2431 5258 in
2453 5204 2633 5260 cibum
2657 5204 2803 5260 leves
2822 5211 2877 5258 et
2891 5202 3172 5258 instabiles
3193 5201 3460 5264 homines,

1883 5292 1976 5361 qui
2002 5293 2357 5365 designantur
2383 5309 2484 5364 per
2507 5295 2807 5365 pulverem,
2837 5308 2904 5349 eo
2931 5294 3074 5364 quod
3109 5294 3248 5349 sicut
3285 5291 3462 5363 pulvis
3518 5344 3526 5352 .

1884 5381 2043 5438 facile
2069 5383 2278 5454 rapitur
2302 5399 2334 5438 a
2355 5393 2537 5451 vento,
2558 5386 2633 5440 ita
2659 5385 2760 5453 illi,
2784 5384 3104 5442 adveniente
3141 5385 3457 5450 tentatione,
3501 5448 3524 5463 _

1882 5474 2040 5532 facile
2065 5475 2323 5533 labuntur
2350 5479 2419 5534 ad
2447 5479 2679 5548 culpam.

1956 5584 1978 5621 ι
2007 5567 2126 5624 Νοιι
2173 5569 2476 5635 nocebunt,
2503 5584 2678 5640 neque
2714 5568 2963 5627 occident
2999 5569 3055 5625 in
3096 5567 3243 5625 omni
3277 5576 3462 5624 monte
3506 5604 3517 5609 μ

1876 5667 2064 5717 sancto
2091 5675 2233 5727 meo,
2263 5660 2397 5717 dicit
2418 5661 2695 5718 Dominus.
2732 5682 2752 5716 ι
2781 5662 2883 5730 Qui
2909 5669 3037 5717 sunt
3062 5661 3153 5731 qui
3177 5673 3284 5715 non
3307 5671 3458 5714 uoco

1875 5751 2029 5817 bunt,
2062 5759 2119 5806 et
2157 5752 2244 5808 cui
2272 5767 2379 5809 non
2407 5751 2710 5809 nocebunt?
2735 5753 2917 5823 Lupus
2938 5760 2994 5809 et
3019 5752 3124 5818 leo,
3154 5751 3207 5807 id
3234 5759 3319 5807 est
3343 5749 3459 5820 qui-

1875 5843 2009 5901 libet
2051 5853 2242 5917 raptor
2262 5854 2316 5902 et
2345 5860 2519 5903 saevus
2550 5853 2836 5919 tyrannus,
2864 5845 3104 5917 deposita
3129 5844 3348 5912 antiqua
3378 5856 3458 5895 ve-
