4016 6520
235 472 380 532 1077

1296 469 1648 528 COMMENT.
1690 469 1756 524 1N
1798 468 2048 525 ISAIAM.
2088 501 2158 509 —-
2193 469 2321 524 LIB.
2356 469 2439 524 HI.

3362 469 3498 526 1078

243 593 358 648 illo.
384 589 480 648 Vel
501 595 560 644 ut
588 587 682 642 alii
717 586 924 653 dicunt,
956 585 1202 642 illusores
1243 588 1333 642 hic
1361 586 1595 657 appellat
1623 587 1823 642 daemo-
1849 592 1899 650 Α
1925 594 2029 652 est,
2061 595 2117 641 ut
2137 603 2242 642 una
2270 603 2398 657 pars
2423 587 2606 658 populi
2634 594 2689 642 et
2718 586 3061 642 sacerdotum
3092 594 3336 643 tenerent
3363 593 3499 642 tem-

243 698 342 739 nes
365 690 421 738 et
450 681 746 744 Romanos,
771 678 964 747 quibus
989 677 1064 732 illi
1093 677 1276 732 traditi
1313 686 1458 732 sunt.
1488 676 1554 731 Et
1583 685 1666 732 est
1694 691 1820 730 sen-

243 791 339 832 sus
380 791 396 829 :
429 773 567 842 Quia
611 784 742 842 ergo
792 770 910 824 haec
951 768 1133 824 omnia
1187 767 1501 838 delegerunt
1550 767 1604 821 in
1643 768 1824 837 pravis

245 868 575 931 actionibus,
605 873 661 919 et
679 878 780 934 ego
807 877 1022 932 quoque
1072 861 1382 931 permittam
1413 859 1494 915 eis
1541 861 1740 914 habere
1771 869 1826 914 et

242 959 516 1016 dominari
561 956 760 1011 multos
805 954 1078 1024 principes
1123 953 1540 1019 sacerdotesque
1594 965 1701 1004 non
1739 964 1823 1004 re-

244 1061 382 1116 ctos,
418 1048 606 1120 quales
651 1053 945 1100 merentur.
992 1043 1061 1097 Et
1106 1042 1248 1096 mala
1289 1057 1408 1110 qua:
1452 1040 1664 1103 timent,
1712 1038 1825 1093 sive

246 1141 430 1206 famis,
481 1139 597 1194 sive
648 1135 1013 1201 mortalitatis,
1062 1149 1156 1189 seu
1187 1133 1514 1202 captivitatis
1560 1131 1823 1185 adducam

245 1231 330 1287 eis
359 1250 372 1284 :
397 1228 483 1284 vel
505 1227 711 1283 tradam
738 1241 832 1281 cos
858 1223 1188 1279 daemonibus
1208 1222 1591 1289 Romanisque.
1619 1221 1686 1274 Et
1705 1235 1826 1289 qua:

247 1321 532 1383 timebant,
563 1317 806 1373 dicentes
837 1333 850 1368 :
893 1334 910 1366 ι
947 1313 1053 1369 Sed
1076 1313 1398 1368 dimittimus
1426 1327 1550 1366 eum
1575 1313 1676 1377 sic,
1709 1327 1826 1366 om-

247 1429 348 1469 nes
379 1412 601 1468 credent
630 1410 684 1464 iu
726 1424 848 1464 eum
879 1406 1060 1476 (Joan.
1109 1405 1209 1475 χι).
1251 1425 1269 1458 ι
1323 1405 1390 1459 Ει
1435 1405 1575 1459 forte
1608 1404 1828 1460 venient

247 1504 479 1562 Romani
509 1511 566 1558 et
595 1500 783 1555 tollent
811 1507 1053 1554 nostrum
1095 1498 1273 1552 locum
1301 1505 1354 1552 et
1382 1505 1593 1567 gentem
1619 1513 1632 1550 :
1659 1497 1826 1550 addu-

248 1611 370 1652 cam
413 1595 517 1658 eis,
548 1599 602 1648 et
639 1592 864 1662 perdent
901 1589 1079 1644 locum
1118 1589 1300 1658 templi
1329 1598 1382 1643 et
1412 1603 1608 1643 nomen
1649 1587 1822 1657 regni.

247 1685 592 1752 Causamque
641 1679 818 1734 reddit
859 1693 1028 1748 quare
1069 1678 1196 1732 talia
1221 1678 1301 1733 eis
1337 1678 1599 1732 intulerit.
1636 1695 1655 1728 ι
1687 1676 1824 1744 Quia

247 1777 438 1832 vocavi
473 1794 492 1826 ι
527 1774 745 1829 dicens:
778 1793 796 1824 ι
829 1771 1212 1826 Paenitentiam
1252 1770 1394 1842 agite
1421 1769 1635 1839 (Matth.
1663 1770 1759 1836 tv);
1799 1789 1818 1823 ι

251 1873 306 1920 et
335 1882 408 1918 τι(
447 1861 640 1916 Venite
663 1861 730 1916 ad
768 1875 876 1925 me,
901 1875 1090 1915 omnes
1112 1860 1204 1930 qui
1247 1859 1504 1914 laboratis
1526 1868 1580 1914 et
1611 1859 1824 1915 onerati

1924 677 2092 746 plum,
2131 693 2256 747 pars
2302 679 2605 748 principum
2653 685 2707 733 et
2736 677 2921 747 populi
2959 692 3140 733 arcem
3170 678 3500 748 domumque

1924 769 2152 836 regiam,
2185 775 2242 821 et
2292 768 2451 822 tertia
2499 783 2626 837 pars
2670 768 2933 836 reliquam
2983 777 3191 838 partem
3238 768 3496 835 civitatis,

1923 857 2160 912 maxime
2207 867 2382 913 tamen
2424 859 2634 926 vulgus.
2685 858 3004 930 Pugnabant
3027 874 3158 930 ergo
3199 859 3501 915 forinsecus

1923 956 2113 1002 contra
2166 947 2369 1012 hostes,
2410 947 2733 1003 intrinsecus
2777 957 2963 1003 contra
3010 949 3178 1006 cives.
3230 949 3337 1003 Sed
3393 948 3502 1004 Ro-

1924 1039 2100 1093 manis
2129 1039 2466 1108 capientibus
2492 1040 2702 1104 urbem,
2733 1055 2837 1116 yox
2862 1041 3041 1110 populi
3069 1041 3370 1113 plangentis
3400 1057 3499 1095 au-

1923 1129 2037 1184 dita
2063 1130 2221 1183 estin
2253 1130 2510 1186 Romanis
2531 1131 2943 1196 exsultantibus,
2973 1133 3066 1203 qui
3085 1131 3202 1201 ejus
3224 1132 3500 1188 voluntate

1924 1229 2209 1287 venerunt,
2238 1223 2522 1278 reddentes
2559 1223 2967 1279 retributionem
3006 1225 3240 1281 inimicis
3268 1226 3383 1281 suis
3400 1223 3498 1282 Ju-

1925 1313 2076 1368 daeis.
2099 1313 2168 1367 Et
2190 1327 2357 1384 quare
2386 1313 2568 1368 audita
2587 1323 2672 1370 est
2692 1329 2791 1369 vox
2822 1314 3164 1371 sacerdotum
3191 1315 3257 1371 de
3280 1315 3499 1387 templo,

1923 1404 2226 1475 principum
2253 1412 2308 1460 et
2334 1404 2478 1475 vulgi
2505 1406 2572 1460 de
2600 1406 2856 1461 civitate?"
2883 1407 3008 1476 quia
3033 1422 3221 1462 omnes
3255 1415 3380 1462 sunt
3409 1415 3504 1461 aut

1925 1493 2104 1564 gladio
2148 1494 2347 1558 necati,
2399 1503 2494 1549 aut
2525 1495 2647 1566 igne
2675 1498 2924 1563 cremati,
2977 1505 3070 1552 aut
3107 1497 3227 1553 aliis
3256 1498 3505 1568 gentibus

1925 1585 2101 1655 pretio
2122 1584 2385 1649 distracti,
2416 1585 2501 1641 vel
2532 1588 2844 1651 venundati,
2878 1595 2972 1641 aut
2993 1589 3154 1642 etiam
3186 1589 3238 1642 in
3275 1590 3504 1658 captivi-

1926 1682 2092 1730 tatem
2114 1674 2259 1729 ducti
2286 1692 2298 1728 :
2328 1683 2527 1745 praeter
2547 1675 2667 1730 illos
2687 1677 2779 1745 qui
2804 1677 3029 1732 diversis
3050 1677 3281 1734 miseriis
3301 1677 3505 1745 alllicti,

1926 1767 2068 1821 intra
2092 1765 2368 1821 civitatem
2398 1775 2527 1822 tunc
2547 1768 2769 1822 mortui.
2796 1767 2947 1822 Tunc
2980 1783 3109 1838 ergo
3132 1770 3399 1840 completa
3421 1779 3507 1825 est

1925 1858 2276 1913 comminatio
2316 1858 2528 1913 Domini
2569 1857 2801 1914 dicentis
2833 1877 2846 1913 :
2894 1878 2912 1912 ι
2963 1860 3316 1930 Relinquetur
3353 1861 3509 1922 vobis

249 1954 403 2018 estis,
429 1959 484 2008 et
506 1966 604 2021 ego
626 1966 721 2007 vos
743 1951 980 2006 reficiam
1008 1950 1224 2022 (Matth.
1253 1947 1356 2017 ιι),
1391 1969 1409 2001 ι
1441 1969 1458 2001 ι
1494 1957 1551 2005 et
1579 1965 1686 2005 non
1709 1961 1830 2005 erat
1856 1943 1907 2006 Β
1929 1949 2120 2006 domus
2143 1957 2327 2004 vestra
2349 1949 2562 2004 deserta
2587 1947 2802 2017 (Matth.
2838 1950 3016 2019 XXIII).
3057 1969 3076 2002 ι

251 2048 342 2116 qui
375 2048 740 2118 responderet.
774 2066 792 2099 ι
827 2045 1116 2116 Sequendo
1143 2052 1198 2100 et
1220 2043 1522 2100 obediendo
1554 2061 1574 2094 ι
1615 2043 1829 2098 locutus

249 2154 369 2193 sum
398 2146 452 2193 et
475 2153 581 2192 non
612 2137 920 2201 audierunt,
954 2155 972 2188 ι
1007 2136 1060 2191 id
1085 2143 1167 2190 est
1195 2150 1304 2190 non
1330 2133 1551 2190 fuerunt
1576 2133 1829 2190 obedien-

249 2239 351 2286 tes.
386 2249 406 2282 ι
434 2230 808 2299 Feceruntque
831 2228 1032 2284 malum
1069 2229 1123 2283 in
1151 2227 1326 2283 oculis
1354 2226 1513 2292 meis,
1543 2246 1560 2278 ι
1605 2227 1710 2282 hoc
1732 2223 1827 2289 {est

248 2321 306 2375 in
353 2319 639 2390 przesentia
677 2324 868 2385 mea,'c
903 2327 958 2374 et
988 2333 1108 2388 qua:
1151 2316 1300 2373 nolui
1328 2317 1629 2386 elegerunt,
1655 2315 1708 2370 id
1746 2323 1829 2370 est

249 2423 492 2464 errorem
522 2409 740 2464 falsum.

323 2519 344 2554 ι
376 2499 572 2555 Audite
595 2499 818 2555 verbum
849 2498 1062 2555 Domini
1108 2497 1199 2568 qui
1234 2497 1468 2552 tremitis
1508 2496 1576 2551 ad
1603 2497 1827 2552 verbum

247 2587 388 2658 ejus.
418 2589 679 2644 Dixerunt
721 2589 918 2644 fratres
970 2590 1135 2644 vestri
1173 2589 1419 2644 odientes
1455 2603 1552 2642 vos
1582 2627 1597 2652 ,
1636 2596 1688 2642 et
1735 2587 1829 2642 ab-

240 2678 496 2749 jicientes
541 2686 762 2748 propter
786 2693 982 2734 nomen
1026 2693 1244 2733 meum:
1277 2677 1622 2733 Glorilioetur
1647 2676 1828 2732 Domi-

248 2789 374 2838 nus,
405 2781 461 2828 et
485 2772 787 2828 videbimus
815 2771 869 2826 in
897 2771 1081 2826 laetitia
1114 2779 1292 2826 vestra
1325 2784 1338 2828 :
1365 2771 1467 2842 ipsi
1495 2779 1675 2846 autem
1698 2784 1828 2824 con-

247 2861 560 2917 fundentur.
627 2884 646 2912 ι
696 2860 812 2915 Vox
859 2861 1136 2930 propheta:
1187 2861 1462 2915 hortantis
1513 2857 1820 2930 apostolos:

247 2953 464 3017 Audite,
493 2951 696 3023 populi,
720 2952 940 3007 verbum
971 2950 1200 3014 Domini,
1225 2951 1318 3019 qui
1359 2949 1612 3015 tremitis,
1657 2949 1710 3004 id
1746 2954 1826 3003 est

249 3042 341 3111 qui
374 3040 731 3096 reverentiam
763 3039 976 3094 habetis
1019 3040 1087 3094 ad
1132 3053 1436 3094 sermonem
1474 3038 1609 3108 ejus.
1661 3035 1824 3091 Dixe-

247 3144 376 3189 runt
404 3134 600 3189 fratres
627 3134 788 3189 vestri
812 3132 978 3187 Judtei
1007 3130 1252 3186 odientes
1280 3146 1398 3195 vos,
1427 3139 1483 3184 et
1508 3127 1824 3198 abjicientes

246 3241 345 3280 vos
379 3241 444 3280 eo
465 3225 608 3293 quod
631 3224 685 3278 in
715 3237 800 3278 me
831 3221 1072 3288 creditis,
1102 3230 1158 3276 et
1179 3230 1403 3290 propter
1425 3233 1621 3274 nomen
1643 3232 1822 3272 meum

2003 2057 2023 2090 ι
2072 2037 2376 2108 Antequam
2411 2037 2728 2108 parturiret,
2777 2039 3026 2108 peperit:
3069 2049 3357 2110 antequam
3405 2060 3504 2100 vc-

1928 2132 2073 2186 niret
2099 2139 2285 2201 partus
2309 2129 2444 2199 ejus,
2477 2131 2688 2202 peperit
2710 2131 3031 2186 masculum.
3079 2151 3098 2184 »
3143 2133 3253 2188 Hoc
3278 2134 3505 2206 duplici-

1929 2230 2015 2278 ter
2038 2230 2214 2292 potest
2254 2222 2477 2293 intelligi
2504 2240 2516 2276 :
2549 2230 2842 2293 antequam
2884 2224 3180 2294 parturiret
3206 2226 3360 2296 virgo
3389 2226 3505 2280 hla-

1929 2314 2029 2378 ria,
2061 2320 2119 2368 et
2164 2323 2451 2382 antequam
2479 2315 2690 2369 veniret
2723 2321 2915 2382 partus
2953 2315 3088 2385 ejus,
3137 2316 3320 2386 genuit
3365 2315 3506 2372 Deus

1927 2404 2090 2460 Pater
2115 2403 2434 2469 masculum,
2456 2403 2686 2460 Verbum
2701 2404 2905 2461 scilicet
2929 2405 3192 2461 etFilium
3219 2423 3372 2462 suum
3396 2406 3506 2461 for-

1929 2500 2218 2567 tissimum,
2242 2514 2340 2569 per
2360 2515 2519 2571 quem
2549 2499 2678 2556 fecit
2705 2510 2759 2557 et
2783 2503 3047 2573 gubernat
3068 2504 3270 2560 omnia.
3309 2504 3502 2559 Aliter:

1927 2599 2216 2662 antequam
2251 2592 2546 2661 parturiret
2575 2591 2725 2658 Sion,
2759 2593 2862 2649 hoc
2894 2604 2977 2651 est
3001 2595 3273 2665 primitiva
3317 2595 3505 2651 Eccle-

1926 2683 2030 2749 sia,
2059 2692 2117 2737 et
2143 2692 2434 2753 antequam
2469 2684 2680 2740 veniret
2700 2695 2888 2756 partus
2914 2686 3050 2756 ejus,
3077 2686 3129 2740 id
3157 2696 3240 2742 est
3267 2687 3320 2742 in
3354 2687 3502 2743 velo-

1925 2775 2090 2831 citate
2115 2774 2412 2848 temporis,|
2432 2777 2641 2846 peperit
2673 2781 2970 2834 masculum
3001 2778 3216 2845 fortem,
3257 2780 3507 2837 videlicet

1923 2866 2200 2937 populum,
2232 2868 2448 2938 quando
2491 2884 2598 2924 una
2627 2868 2715 2923 die
2745 2869 3093 2926 crediderunt
3130 2883 3365 2942 quatuor
3386 2873 3506 2944 mil-

1924 2958 2017 3022 lia,
2070 2957 2241 3013 altera
2288 2959 2374 3014 die
2418 2959 2655 3030 quinque
2685 2960 2886 3028 millia,
2931 2977 2996 3017 ac
3042 2963 3505 3033 deincepsmulta

1923 3048 2091 3104 millia
2120 3067 2134 3104 :
2173 3064 2241 3104 ex
2271 3065 2499 3119 quorum
2527 3066 2751 3107 numero
2778 3051 2877 3106 fuit
2903 3051 3250 3110 beatissimus
3279 3054 3507 3126 Stepha-

1922 3154 2057 3204 nus,
2122 3138 2321 3209 aliique
2377 3140 2758 3215 quamplurinii
2817 3141 2912 3196 filii
2969 3143 3366 3214 apostolorum,
3413 3147 3506 3215 qui

1926 3238 2084 3284 antea
2111 3237 2403 3299 potuerunt
2430 3213 2604 3284 occidi
2625 3245 2786 3299 quam
2812 3247 2840 3284 a
2873 3231 2976 3286 fide
3004 3213 3206 3288 Christi
3237 3213 3504 3304 separari.

247 3315 394 3386 quod
423 3313 650 3375 habetis,
683 3314 808 3382 quia
830 3306 978 3366 a'me
1002 3311 1217 3367 Christo
1238 3309 1532 3364 Christiani
1560 3307 1826 3363 vocamini
1853 3303 1898 3365 C
1930 3317 2046 3374 Non
2095 3326 2276 3371 autem
2311 3318 2378 3373 de
2413 3319 2614 3379 carnali
2661 3321 3022 3388 parturitione
3051 3331 3105 3377 et
3132 3303 3506 3392 procreatione

250 3407 434 3478 (Joan.
463 3404 564 3474 ix.)
613 3402 732 3457 Jam
777 3403 923 3457 enim
955 3401 1404 3471 conspiraverunt
1453 3398 1625 3454 Judaei
1671 3406 1734 3453 ut
1777 3398 1820 3454 si

247 3499 374 3568 quis
415 3496 764 3552 confiteretur
812 3509 936 3549 eum
969 3492 1242 3548 Christum
1273 3499 1426 3547 extra
1481 3489 1824 3562 Synagogam

249 3587 424 3642 ﬁeret.
454 3585 674 3640 Fratres
723 3591 904 3637 autem
948 3589 1212 3637 vocantur
1239 3581 1534 3636 secundum
1581 3595 1822 3646 carnem,

249 3691 356 3730 non
382 3674 507 3740 ﬁde,
533 3688 707 3743 neque
727 3671 1071 3742 operatione:
1091 3681 1150 3726 ut
1173 3671 1275 3742 ipsi
1304 3671 1528 3742 apostoli
1556 3687 1682 3726 suos
1702 3685 1825 3741 per-

250 3774 524 3821 secutores
572 3772 629 3818 et
654 3779 747 3819 eos
775 3747 866 3833 qui
896 3777 955 3819 se
999 3763 1376 3818 abominantur
1421 3761 1476 3816 in
1512 3761 1688 3816 locum
1718 3761 1827 3816 fra-

249 3868 393 3914 trum
425 3857 676 3911 habeant.
720 3854 871 3911 Undc
913 3855 1106 3910 Petrus
1143 3853 1321 3909 dixit:
1377 3872 1396 3904 t
1452 3853 1566 3908 Viri
1604 3853 1821 3920 fratres,

250 3948 432 4004 audite
462 3945 601 4018 (Act.
647 3944 743 4015 ιι),
779 3965 797 3996 ι
833 3953 887 4000 et
914 3944 1164 4000 Paulus:
1213 3962 1232 3996 ι
1280 3943 1522 3999 Tristitia
1565 3952 1648 3999 est
1692 3944 1825 4000 mihi

252 4053 442 4109 magna
473 4051 570 4106 pro
615 4035 874 4091 fratribus
917 4035 1052 4091 meis
1078 4035 1171 4105 qui
1213 4044 1339 4092 sunt
1367 4035 1620 4090 lsraelitte
1648 4033 1821 4105 (Rom.

250 4125 353 4199 ix.)
383 4124 672 4181 iDicebant
693 4139 824 4196 ergo
850 4123 1018 4180 Judaei
1043 4124 1109 4178 ad
1140 4125 1414 4196 apostolos
1448 4142 1462 4179 :
1493 4125 1826 4195 gloriﬁcatur

251 4215 530 4279 Dominus,
579 4214 634 4268 id
677 4223 765 4268 est
792 4222 1047 4282 appareat
1087 4214 1334 4270 sublimis
1371 4222 1426 4269 ct
1463 4214 1728 4284 gloriosus
1770 4215 1824 4271 in

250 4305 533 4375 majestate
560 4312 615 4359 et
641 4304 826 4358 habitu
856 4303 1152 4375 regnantis.
1177 4304 1244 4358 Et
1270 4304 1572 4359 videbimus
1591 4304 1739 4359 illum
1769 4305 1824 4359 in

251 4395 436 4452 laatitia
470 4403 672 4457 nostra,
701 4395 752 4450 id
777 4402 861 4449 est
886 4395 988 4451 hoc
1035 4395 1140 4450 erit
1175 4404 1358 4450 nostra
1404 4395 1590 4450 laetitia
1615 4405 1670 4451 et
1694 4411 1824 4466 gau-

250 4487 432 4552 dium,
458 4501 582 4542 cum
626 4487 928 4542 videbimus
983 4501 1106 4542 eum
1151 4485 1466 4557 gloriosum.
1500 4486 1654 4542 Modo
1696 4501 1824 4541 vero

248 4577 417 4633 nolite
447 4577 598 4630 nobis
634 4576 889 4631 humilem
918 4585 974 4631 et
1016 4579 1324 4646 despectum
1359 4579 1684 4648 praedicare;
1729 4581 1824 4635 sed

250 4665 531 4720 audiamus
558 4663 687 4734 quid
732 4663 994 4733 sequitur.
1027 4665 1132 4734 Ipsi
1187 4677 1367 4720 autem
1408 4665 1578 4722 Judaei
1624 4666 1824 4724 fratres
1850 4659 1901 4718 D

249 4756 417 4812 vestri
453 4755 541 4824 qui
588 4755 714 4808 talia
743 4755 928 4810 dicunt
965 4757 1379 4824 confundentur,
1410 4767 1467 4815 et
1502 4761 1821 4816 erubescent

249 4851 316 4904 de
337 4865 432 4906 sua
464 4848 862 4915 incredulitate,
892 4864 1014 4904 cum
1042 4849 1288 4905 Christus
1331 4849 1574 4906 sublimis
1613 4859 1665 4906 et
1707 4851 1821 4922 glo-

249 4938 428 4993 riosus
463 4938 776 5007 apparuerit
816 4938 1066 4994 omnibus
1089 4939 1398 4995 hominibus
1418 4940 1472 4994 in
1500 4940 1587 4994 die
1606 4941 1816 5011 judicii.

249 5024 347 5079 Vel
375 5025 538 5080 etiam
567 5027 694 5096 quia
733 5026 858 5080 talia
884 5027 1134 5083 dixerunt
1163 5028 1562 5085 confundentur
1594 5040 1649 5086 et
1675 5032 1821 5101 peri-

249 5117 384 5170 hunt
409 5116 461 5170 in
500 5118 746 5186 praesenti
767 5159 782 5185 ,
817 5117 957 5173 sicut
983 5119 1262 5188 sequentia
1285 5119 1653 5176 manifestam.
1680 5119 1817 5177 Nam

249 5208 496 5263 subditur
523 5227 537 5263 :

324 5342 344 5374 ι
388 5321 502 5377 Vox
531 5323 712 5392 populi
743 5324 808 5378 de
835 5325 1075 5392 civitate,
1105 5341 1209 5382 vox
1235 5328 1302 5381 de
1337 5327 1559 5398 templo,
1587 5343 1691 5383 vox
1718 5327 1822 5383 Do-

249 5411 381 5466 mini
411 5411 682 5466 reddentis
708 5413 1119 5469 retributionem
1151 5415 1383 5470 inimicis
1416 5417 1547 5472 suis.
1598 5436 1614 5468 ι
1640 5416 1821 5473 Adve-

249 5503 431 5561 nieute
471 5500 715 5556 Romano
742 5504 984 5559 exercitu
1031 5514 1086 5560 et
1138 5505 1506 5560 circumdante
1543 5507 1818 5562 civitatem

247 5593 410 5664 (sicut
461 5591 724 5671 Josephus
748 5595 1214 5668 historiographus
1251 5598 1480 5668 scribit),
1509 5601 1650 5655 versi
1693 5608 1822 5655 sunt

244 5682 337 5751 qui
373 5690 528 5736 erant
566 5682 707 5738 intra
737 5683 1008 5739 civitatem
1045 5685 1100 5739 in
1126 5686 1444 5742 seditionem
1474 5688 1527 5742 in
1569 5696 1680 5744 tres
1706 5705 1823 5759 par-

247 5780 348 5837 tes,
393 5775 782 5829 contendentes
825 5775 892 5830 dc
933 5775 1261 5847 principatu.
1301 5777 1416 5833 Una
1463 5795 1588 5848 pars
1614 5781 1821 5852 eligens

247 5864 428 5930 istum,
460 5867 564 5922 alia
607 5867 790 5934 alium,
824 5869 1088 5948 tertiaque
1123 5871 1362 5928 tertium.
1403 5872 1467 5928 Et
1512 5874 1584 5928 ita
1621 5873 1818 5930 factum

1925 3413 2032 3468 hoc
2060 3411 2282 3476 dicitur,
2308 3411 2401 3466 sed
2430 3411 2494 3466 de
2527 3411 2795 3480 spirituali
2828 3429 2841 3466 :
2875 3414 3000 3482 quia
3029 3415 3385 3483 spiritualiter
3412 3433 3506 3474 eos

1926 3510 2248 3570 genuerunt,
2297 3502 2458 3557 ﬁdem
2489 3502 2689 3557 Christi
2729 3502 2786 3557 in
2820 3518 3008 3559 eorum
3037 3507 3291 3562 cordibus
3328 3508 3506 3563 infun-

1925 3592 2120 3647 dendo.
2153 3592 2352 3649 Omnes
2391 3607 2625 3662 namque
2646 3593 2893 3649 carnales
2914 3597 3288 3666 generationes
3315 3609 3503 3669 partu-

1926 3684 2141 3739 riuntur
2165 3694 2220 3740 et
2243 3685 2484 3755 pariunt,
2518 3687 2827 3757 spirituales
2854 3697 3035 3745 autem
3081 3690 3265 3748 dolore
3301 3701 3356 3748 et
3401 3710 3502 3749 usu

1928 3784 2134 3830 carent.

2003 3887 2022 3920 ι
2057 3869 2188 3935 Quis
2218 3870 2424 3925 audivit
2449 3886 2683 3941 unquam
2707 3871 2854 3927 tale?
2882 3881 2938 3928 et
2962 3873 3085 3944 quis
3112 3873 3247 3930 vidit
3275 3876 3400 3932 huic
3431 3879 3506 3934 si-

1927 3959 2090 4016 mile?
2133 3981 2152 4014 »
2183 3961 2516 4017 Subauditur
2550 3971 2611 4018 ut
2648 3972 2793 4020 esset
2839 3965 2960 4035 quis
2999 3973 3157 4021 natus
3208 3977 3500 4038 antequam

1926 4049 2222 4119 parturiret
2250 4051 2480 4107 mulier:
2511 4060 2603 4107 aut
2629 4053 2682 4107 in
2707 4062 2811 4108 tam
2837 4055 2986 4110 brevi
3014 4063 3254 4129 tempore
3276 4067 3353 4114 tot
3379 4062 3502 4116 mil-

1928 4141 2001 4196 lia
2060 4143 2340 4198 hominum
2397 4145 2520 4214 quis
2579 4145 2714 4201 vidit
2768 4148 3121 4218 spiritualiter
3170 4154 3502 4221 generatos?

1933 4251 1951 4282 ι
1985 4231 2238 4302 Nunquid
2271 4234 2538 4302 parturiat
2575 4243 2722 4291 terra
2752 4236 2806 4291 in
2835 4237 2922 4293 die
2962 4255 3088 4306 una,
3131 4260 3150 4294 ι
3183 4242 3234 4296 id
3257 4251 3341 4298 est
3365 4260 3504 4300 nun-

1927 4323 2054 4391 quid
2082 4324 2362 4394 generabit
2381 4326 2562 4380 omnia
2588 4327 2795 4381 semina
2825 4327 2914 4382 die
2947 4344 3075 4383 una.
3113 4349 3132 4383 ι
3170 4338 3278 4387 Aut
3315 4343 3502 4404 partu-

1928 4418 2099 4473 rietur
2117 4419 2444 4490 gens-simul,
2459 4421 2582 4489 quia
2606 4422 2889 4491 parturivit
2907 4431 2961 4478 et
2984 4427 3196 4495 peperit
3220 4426 3347 4483 Sion
3364 4429 3502 4487 ﬁlios

1928 4528 2073 4568 suos.
2116 4531 2135 4564 ι
2163 4512 2276 4568 Hoc
2300 4521 2384 4568 est
2411 4514 2636 4582 apostoli
2659 4522 2714 4567 et
2741 4515 3021 4584 apostolici
3061 4517 3162 4572 viri
3196 4519 3498 4576 multitudi-

1928 4619 2051 4658 nem
2075 4603 2429 4659 credentium.
2460 4604 2553 4659 llle
2581 4603 2807 4674 populus
2845 4606 2937 4676 qui
2977 4606 3134 4662 modo
3167 4623 3296 4678 gens
3321 4612 3502 4680 appel-

1927 4693 2069 4748 latur
2089 4694 2144 4748 in
2166 4694 2252 4749 die
2265 4709 2372 4748 una
2401 4705 2484 4750 est
2509 4704 2564 4749 et
2583 4702 2801 4750 creatus
2828 4695 3010 4762 simul,
3031 4696 3157 4766 quia
3186 4699 3238 4753 in
3260 4699 3501 4771 Christo,

1926 4787 2015 4856 qui
2054 4794 2141 4842 est
2173 4786 2265 4840 lux
2307 4795 2363 4841 et
2397 4787 2530 4852 dies,
2577 4786 2928 4857 spiritualiter
2972 4789 3138 4843 creati
3170 4798 3296 4846 sunt
3339 4793 3502 4850 simul

1925 4878 1979 4931 in
2011 4878 2215 4931 unitate
2256 4877 2399 4932 fidei.
2425 4878 2665 4948 Apostoli
2695 4880 2861 4945 enim,
2894 4883 3201 4948 generando
3239 4884 3401 4942 ﬁdem
3444 4887 3499 4943 in

1923 4966 2177 5022 cordibus
2204 4966 2530 5033 auditorum,
2558 4978 2761 5024 matres
2781 4969 3017 5025 fuerunt.

1999 5078 2016 5106 ι
2043 5055 2294 5126 Nunquid
2320 5072 2420 5128 ego
2444 5058 2536 5128 qui
2563 5058 2696 5114 alios
2724 5073 2918 5130 parere
2942 5059 3103 5127 facio,
3137 5080 3156 5114 ι
3183 5062 3502 5120 subauditur

1924 5147 2215 5203 carnaliter
2245 5167 2263 5200 ‹
2294 5149 2407 5219 ipse
2429 5164 2535 5204 non
2557 5149 2785 5219 pariam,
2808 5168 2827 5201 ι
2853 5148 3174 5206 subauditur
3199 5152 3495 5222 spirituali-

1923 5245 2024 5302 ter,
2058 5255 2077 5289 ι
2107 5237 2239 5292 dicit
2274 5237 2568 5294 Dominus?
2589 5259 2608 5292 ι
2648 5239 2788 5294 Deus
2811 5239 2989 5305 Pater,
3025 5241 3116 5314 qui
3145 5241 3279 5297 alios
3307 5258 3500 5313 parcre

1921 5325 2052 5382 facit
2079 5328 2392 5392 carnaliter.
2423 5345 2528 5384 non
2551 5339 2636 5386 est
2657 5329 2860 5401 absque
2887 5330 3060 5385 Filio:
3085 5333 3209 5402 quia
3232 5341 3359 5390 ante
3383 5349 3502 5390 om-

1923 5420 2013 5474 nia
2066 5419 2261 5476 saacula
2311 5423 2498 5492 genuit
2545 5421 2778 5477 Verbum
2844 5439 3001 5478 suum
3053 5425 3325 5495 coaequale
3373 5426 3497 5482 sibi.

1922 5511 2098 5567 liabet
2144 5513 2306 5568 etiam
2342 5515 2539 5569 multos
2581 5515 2717 5569 filios
2761 5531 2897 5585 quos
2933 5517 3046 5587 ipse
3078 5517 3288 5587 peperit
3323 5518 3499 5588 gratia

1922 5619 2038 5667 sua,
2063 5605 2129 5660 de
2150 5606 2347 5675 quibus
2373 5607 2504 5662 dicit
2530 5606 2766 5664 Joannes
2796 5609 2850 5663 in
2878 5609 3170 5682 Evangelio
3211 5629 3224 5664 :
3273 5628 3292 5662 ι
3332 5611 3500 5678 Quot-

1922 5702 2054 5764 quot
2079 5697 2424 5752 crediderunt
2447 5694 2501 5752 in
2535 5714 2680 5764 cum,
2710 5699 2856 5756 dedit
2875 5700 2970 5756 .eis
3009 5708 3332 5771 potestatem
3361 5702 3499 5757 filios

1923 5788 2017 5842 Dei
2050 5789 2166 5843 fieri
2199 5789 2379 5860 (Joan.
2408 5791 2467 5863 l).
2508 5809 2527 5844 ι
2559 5811 2577 5841 ι
2615 5791 2669 5846 Si
2702 5808 2822 5863 ego,
2845 5793 2935 5863 qui
2969 5794 3368 5863 generationem
3391 5808 3498 5847 cm-

1925 5883 2058 5954 teris
2087 5884 2284 5951 tribuo,
2315 5885 2515 5942 sterilis
2539 5899 2651 5952 ero,
2687 5887 2759 5941 ait
2804 5887 3061 5943 Dominus
3109 5888 3248 5942 Deus
3290 5885 3452 5941 tuus?
3476 5904 3492 5936 ι
