  <div class='ocr_page' id='page_1' title='image "/cluster/home/n/w/nwhite01/storage/ocr_20150623/116/hvd.32044015466881/541.png"; bbox 0 0 4016 6460; ppageno 0'>
   <div class='ocr_carea' id='block_1_1' title="bbox 589 386 724 445">
    <p class='ocr_par' dir='ltr' id='par_1_1' title="bbox 589 386 724 445">
     <span class='ocr_line' id='line_1_1' title="bbox 589 386 724 445; baseline 0.03 -4"><span class='ocrx_word' id='word_1_1' title='bbox 589 386 724 445; x_wconf 77' lang='grc'><strong>1079</strong></span> 
     </span>
    </p>
   </div>
   <div class='ocr_carea' id='block_1_2' title="bbox 580 586 2164 674">
    <p class='ocr_par' dir='ltr' id='par_1_2' title="bbox 580 586 2164 674">
     <span class='ocr_line' id='line_1_2' title="bbox 580 586 2164 674; baseline 0.015 -35"><span class='ocrx_word' id='word_1_2' title='bbox 580 586 823 643; x_wconf 88' lang='lat' dir='ltr'><strong>mitivam</strong></span> <span class='ocrx_word' id='word_1_3' title='bbox 870 590 1184 649; x_wconf 87' lang='lat' dir='ltr'><strong>Ecclesiam.</strong></span> <span class='ocrx_word' id='word_1_4' title='bbox 1235 595 1304 650; x_wconf 89' lang='lat' dir='ltr'><strong>Et</strong></span> <span class='ocrx_word' id='word_1_5' title='bbox 1352 606 1438 652; x_wconf 88' lang='lat' dir='ltr'><strong>est</strong></span> <span class='ocrx_word' id='word_1_6' title='bbox 1483 613 1674 657; x_wconf 84' lang='lat' dir='ltr'><strong>sensus</strong></span> <span class='ocrx_word' id='word_1_7' title='bbox 1703 619 1714 655; x_wconf 89' lang='lat'>:</span> <span class='ocrx_word' id='word_1_8' title='bbox 1745 601 1858 673; x_wconf 82' lang='lat' dir='ltr'><strong>Ego</strong></span> <span class='ocrx_word' id='word_1_9' title='bbox 1905 605 1997 674; x_wconf 86' lang='lat' dir='ltr'><strong>qui</strong></span> <span class='ocrx_word' id='word_1_10' title='bbox 2047 621 2164 664; x_wconf 62' lang='lat' dir='ltr'><strong>omn</strong></span> 
     </span>
    </p>
   </div>
   <div class='ocr_carea' id='block_1_3' title="bbox 580 677 2159 755">
    <p class='ocr_par' dir='ltr' id='par_1_3' title="bbox 580 677 2159 755">
     <span class='ocr_line' id='line_1_3' title="bbox 580 677 2159 755; baseline 0.015 -26"><span class='ocrx_word' id='word_1_11' title='bbox 580 689 677 731; x_wconf 84' lang='lat' dir='ltr'><strong>nes</strong></span> <span class='ocrx_word' id='word_1_12' title='bbox 708 677 952 736; x_wconf 85' lang='lat' dir='ltr'><strong>homines</strong></span> <span class='ocrx_word' id='word_1_13' title='bbox 978 684 1157 738; x_wconf 91' lang='lat' dir='ltr'><strong>creavi</strong></span> <span class='ocrx_word' id='word_1_14' title='bbox 1204 699 1272 740; x_wconf 77' lang='lat' dir='ltr'><strong>ex</strong></span> <span class='ocrx_word' id='word_1_15' title='bbox 1319 686 1509 755; x_wconf 89' lang='lat' dir='ltr'><strong>nihilo,</strong></span> <span class='ocrx_word' id='word_1_16' title='bbox 1551 690 1747 747; x_wconf 81' lang='lat' dir='ltr'><strong>faciam</strong></span> <span class='ocrx_word' id='word_1_17' title='bbox 1787 695 1917 749; x_wconf 91' lang='lat' dir='ltr'><strong>mihi</strong></span> <span class='ocrx_word' id='word_1_18' title='bbox 1950 711 2016 751; x_wconf 77' lang='lat' dir='ltr'><strong>ex</strong></span> <span class='ocrx_word' id='word_1_19' title='bbox 2043 713 2159 752; x_wconf 90' lang='lat' dir='ltr'><strong>om-</strong></span> 
     </span>
    </p>
   </div>
   <div class='ocr_carea' id='block_1_4' title="bbox 577 768 2160 850">
    <p class='ocr_par' dir='ltr' id='par_1_4' title="bbox 577 768 2160 850">
     <span class='ocr_line' id='line_1_4' title="bbox 577 768 2160 850; baseline 0.017 -29"><span class='ocrx_word' id='word_1_20' title='bbox 577 768 740 826; x_wconf 88' lang='lat' dir='ltr'><strong>nibus</strong></span> <span class='ocrx_word' id='word_1_21' title='bbox 767 773 1018 842; x_wconf 76' lang='lat' dir='ltr'><strong>gentibus</strong></span> <span class='ocrx_word' id='word_1_22' title='bbox 1063 793 1222 832; x_wconf 89' lang='lat' dir='ltr'><strong>unam</strong></span> <span class='ocrx_word' id='word_1_23' title='bbox 1260 780 1467 850; x_wconf 88' lang='lat' dir='ltr'><strong>pariter</strong></span> <span class='ocrx_word' id='word_1_24' title='bbox 1511 783 1564 839; x_wconf 91' lang='lat' dir='ltr'><strong>in</strong></span> <span class='ocrx_word' id='word_1_25' title='bbox 1601 800 1688 840; x_wconf 89' lang='lat' dir='ltr'><strong>me</strong></span> <span class='ocrx_word' id='word_1_26' title='bbox 1713 788 2024 845; x_wconf 72' lang='lat' dir='ltr'><strong>credentem</strong></span> <span class='ocrx_word' id='word_1_27' title='bbox 2057 790 2160 847; x_wconf 87' lang='lat' dir='ltr'><strong>Ec-</strong></span> 
     </span>
    </p>
   </div>
   <div class='ocr_carea' id='block_1_5' title="bbox 579 858 826 918">
    <p class='ocr_par' dir='ltr' id='par_1_5' title="bbox 579 858 826 918">
     <span class='ocr_line' id='line_1_5' title="bbox 579 858 826 918; baseline 0.016 -4"><span class='ocrx_word' id='word_1_28' title='bbox 579 858 826 918; x_wconf 87' lang='lat' dir='ltr'><strong>clesiam.</strong></span> 
     </span>
    </p>
   </div>
   <div class='ocr_carea' id='block_1_6' title="bbox 651 949 2154 1041">
    <p class='ocr_par' dir='ltr' id='par_1_6' title="bbox 651 949 2154 1041">
     <span class='ocr_line' id='line_1_6' title="bbox 651 949 2154 1041; baseline 0.02 -37"><span class='ocrx_word' id='word_1_29' title='bbox 651 967 670 1002; x_wconf 83' lang='grc'>‹</span> <span class='ocrx_word' id='word_1_30' title='bbox 690 949 1104 1012; x_wconf 66' lang='grc' dir='ltr'><strong>ιωιειιιιίηἱειιηι</strong></span> <span class='ocrx_word' id='word_1_31' title='bbox 1123 959 1482 1033; x_wconf 79' lang='lat' dir='ltr'><strong>Hierusalem,</strong></span> <span class='ocrx_word' id='word_1_32' title='bbox 1510 976 1564 1022; x_wconf 92' lang='lat' dir='ltr'><strong>et</strong></span> <span class='ocrx_word' id='word_1_33' title='bbox 1583 971 1850 1026; x_wconf 84' lang='lat' dir='ltr'><strong>exsultate</strong></span> <span class='ocrx_word' id='word_1_34' title='bbox 1872 974 2023 1041; x_wconf 76' lang='lat' dir='ltr'><strong>iu&#39;ca,</strong></span> <span class='ocrx_word' id='word_1_35' title='bbox 2041 993 2154 1033; x_wconf 92' lang='lat' dir='ltr'><strong>om-</strong></span> 
     </span>
    </p>
   </div>
   <div class='ocr_carea' id='block_1_7' title="bbox 571 1043 2152 1133">
    <p class='ocr_par' dir='ltr' id='par_1_7' title="bbox 571 1043 2152 1133">
     <span class='ocr_line' id='line_1_7' title="bbox 571 1043 2152 1133; baseline 0.02 -40"><span class='ocrx_word' id='word_1_36' title='bbox 571 1052 671 1097; x_wconf 92' lang='lat' dir='ltr'><strong>nes</strong></span> <span class='ocrx_word' id='word_1_37' title='bbox 694 1043 788 1113; x_wconf 85' lang='lat' dir='ltr'><strong>qui</strong></span> <span class='ocrx_word' id='word_1_38' title='bbox 816 1043 1037 1119; x_wconf 72' lang='lat' dir='ltr'><strong>diligitis</strong></span> <span class='ocrx_word' id='word_1_39' title='bbox 1065 1064 1184 1104; x_wconf 89' lang='lat' dir='ltr'><strong>eam</strong></span> <span class='ocrx_word' id='word_1_40' title='bbox 1209 1094 1224 1118; x_wconf 92' lang='lat'><strong>,</strong></span> <span class='ocrx_word' id='word_1_41' title='bbox 1268 1056 1498 1124; x_wconf 90' lang='lat' dir='ltr'><strong>gaudete</strong></span> <span class='ocrx_word' id='word_1_42' title='bbox 1531 1074 1654 1117; x_wconf 91' lang='lat' dir='ltr'><strong>cum</strong></span> <span class='ocrx_word' id='word_1_43' title='bbox 1685 1077 1749 1116; x_wconf 88' lang='lat' dir='ltr'><strong>ea</strong></span> <span class='ocrx_word' id='word_1_44' title='bbox 1789 1066 1984 1133; x_wconf 84' lang='lat' dir='ltr'><strong>gaudio</strong></span> <span class='ocrx_word' id='word_1_45' title='bbox 2030 1071 2152 1125; x_wconf 85' lang='lat' dir='ltr'><strong>uni-</strong></span> 
     </span>
    </p>
   </div>
   <div class='ocr_carea' id='block_1_8' title="bbox 569 1131 2150 1226">
    <p class='ocr_par' dir='ltr' id='par_1_8' title="bbox 569 1131 2150 1226">
     <span class='ocr_line' id='line_1_8' title="bbox 569 1131 2150 1226; baseline 0.019 -41"><span class='ocrx_word' id='word_1_46' title='bbox 569 1131 734 1199; x_wconf 81' lang='lat' dir='ltr'><strong>versi,</strong></span> <span class='ocrx_word' id='word_1_47' title='bbox 757 1133 850 1205; x_wconf 89' lang='lat' dir='ltr'><strong>qui</strong></span> <span class='ocrx_word' id='word_1_48' title='bbox 878 1135 1143 1208; x_wconf 87' lang='lat' dir='ltr'><strong>lugebatis</strong></span> <span class='ocrx_word' id='word_1_49' title='bbox 1175 1145 1502 1214; x_wconf 86' lang='lat' dir='ltr'><strong>super‘eam,</strong></span> <span class='ocrx_word' id='word_1_50' title='bbox 1531 1157 1587 1202; x_wconf 88' lang='lat' dir='ltr'><strong>ut</strong></span> <span class='ocrx_word' id='word_1_51' title='bbox 1615 1131 1844 1221; x_wconf 78' lang='lat' dir='ltr'><strong>sugatis,</strong></span> <span class='ocrx_word' id='word_1_52' title='bbox 1867 1163 1920 1209; x_wconf 92' lang='lat' dir='ltr'><strong>et</strong></span> <span class='ocrx_word' id='word_1_53' title='bbox 1944 1157 2150 1226; x_wconf 89' lang='lat' dir='ltr'><strong>replea-</strong></span> 
     </span>
    </p>
   </div>
   <div class='ocr_carea' id='block_1_9' title="bbox 567 1221 2151 1317">
    <p class='ocr_par' dir='ltr' id='par_1_9' title="bbox 567 1221 2151 1317">
     <span class='ocr_line' id='line_1_9' title="bbox 567 1221 2151 1317; baseline 0.02 -42"><span class='ocrx_word' id='word_1_54' title='bbox 567 1221 703 1279; x_wconf 89' lang='lat' dir='ltr'><strong>mini</strong></span> <span class='ocrx_word' id='word_1_55' title='bbox 728 1225 797 1280; x_wconf 88' lang='lat' dir='ltr'><strong>ab</strong></span> <span class='ocrx_word' id='word_1_56' title='bbox 824 1227 1078 1285; x_wconf 83' lang='lat' dir='ltr'><strong>uberibus</strong></span> <span class='ocrx_word' id='word_1_57' title='bbox 1109 1233 1496 1293; x_wconf 82' lang='lat' dir='ltr'><strong>consolationis</strong></span> <span class='ocrx_word' id='word_1_58' title='bbox 1522 1240 1668 1310; x_wconf 85' lang='lat' dir='ltr'><strong>ejus,</strong></span> <span class='ocrx_word' id='word_1_59' title='bbox 1696 1251 1753 1296; x_wconf 92' lang='lat' dir='ltr'><strong>ut</strong></span> <span class='ocrx_word' id='word_1_60' title='bbox 1786 1247 2066 1317; x_wconf 82' lang='lat' dir='ltr'><strong>tuulgeatis</strong></span> <span class='ocrx_word' id='word_1_61' title='bbox 2095 1262 2151 1306; x_wconf 92' lang='lat' dir='ltr'><strong>et</strong></span> 
     </span>
    </p>
   </div>
   <div class='ocr_carea' id='block_1_10' title="bbox 565 1310 2146 1410">
    <p class='ocr_par' dir='ltr' id='par_1_10' title="bbox 565 1310 2146 1410">
     <span class='ocr_line' id='line_1_10' title="bbox 565 1310 2146 1410; baseline 0.02 -46"><span class='ocrx_word' id='word_1_62' title='bbox 565 1310 774 1369; x_wconf 89' lang='lat' dir='ltr'><strong>deliciis</strong></span> <span class='ocrx_word' id='word_1_63' title='bbox 806 1315 1035 1378; x_wconf 72' lang='lat' dir='ltr'><strong>alliuatis</strong></span> <span class='ocrx_word' id='word_1_64' title='bbox 1087 1321 1155 1376; x_wconf 90' lang='lat' dir='ltr'><strong>ab</strong></span> <span class='ocrx_word' id='word_1_65' title='bbox 1181 1325 1490 1382; x_wconf 89' lang='lat' dir='ltr'><strong>omuimoda</strong></span> <span class='ocrx_word' id='word_1_66' title='bbox 1532 1331 1699 1400; x_wconf 85' lang='lat' dir='ltr'><strong>gloria</strong></span> <span class='ocrx_word' id='word_1_67' title='bbox 1728 1334 1863 1404; x_wconf 88' lang='lat' dir='ltr'><strong>ejus.</strong></span> <span class='ocrx_word' id='word_1_68' title='bbox 1898 1310 1924 1388; x_wconf 49' lang='grc' dir='ltr'>ξ</span> <span class='ocrx_word' id='word_1_69' title='bbox 1959 1338 2146 1410; x_wconf 81' lang='lat' dir='ltr'><strong>Augeli</strong></span> 
     </span>
    </p>
   </div>
   <div class='ocr_carea' id='block_1_11' title="bbox 567 1402 2146 1493">
    <p class='ocr_par' dir='ltr' id='par_1_11' title="bbox 567 1402 2146 1493">
     <span class='ocr_line' id='line_1_11' title="bbox 567 1402 2146 1493; baseline 0.018 -37"><span class='ocrx_word' id='word_1_70' title='bbox 567 1402 711 1458; x_wconf 86' lang='lat' dir='ltr'><strong>sicut</strong></span> <span class='ocrx_word' id='word_1_71' title='bbox 732 1405 798 1461; x_wconf 91' lang='lat' dir='ltr'><strong>de</strong></span> <span class='ocrx_word' id='word_1_72' title='bbox 847 1418 1034 1467; x_wconf 90' lang='lat' dir='ltr'><strong>nostro</strong></span> <span class='ocrx_word' id='word_1_73' title='bbox 1081 1413 1325 1488; x_wconf 89' lang='lat' dir='ltr'><strong>profectu</strong></span> <span class='ocrx_word' id='word_1_74' title='bbox 1380 1420 1546 1484; x_wconf 30' lang='lat' dir='ltr'><strong>modo.</strong></span> <span class='ocrx_word' id='word_1_75' title='bbox 1585 1402 1838 1493; x_wconf 82' lang='lat' dir='ltr'><strong>gaudent,</strong></span> <span class='ocrx_word' id='word_1_76' title='bbox 1899 1427 1971 1482; x_wconf 90' lang='lat' dir='ltr'><strong>ita</strong></span> <span class='ocrx_word' id='word_1_77' title='bbox 2022 1402 2146 1493; x_wconf 67' lang='lat' dir='ltr'><strong>tris-</strong></span> 
     </span>
    </p>
   </div>
   <div class='ocr_carea' id='block_1_12' title="bbox 563 1496 2142 1592">
    <p class='ocr_par' dir='ltr' id='par_1_12' title="bbox 563 1496 2142 1592">
     <span class='ocr_line' id='line_1_12' title="bbox 563 1496 2142 1592; baseline 0.018 -44"><span class='ocrx_word' id='word_1_78' title='bbox 563 1496 822 1554; x_wconf 84' lang='lat' dir='ltr'><strong>tabantur</strong></span> <span class='ocrx_word' id='word_1_79' title='bbox 868 1501 998 1563; x_wconf 80' lang='lat' dir='ltr'><strong>oliui</strong></span> <span class='ocrx_word' id='word_1_80' title='bbox 1043 1505 1108 1560; x_wconf 91' lang='lat' dir='ltr'><strong>de</strong></span> <span class='ocrx_word' id='word_1_81' title='bbox 1145 1515 1330 1563; x_wconf 92' lang='lat' dir='ltr'><strong>nostro</strong></span> <span class='ocrx_word' id='word_1_82' title='bbox 1373 1510 1692 1585; x_wconf 68' lang='lat' dir='ltr'><strong>defectujet</strong></span> <span class='ocrx_word' id='word_1_83' title='bbox 1738 1520 1995 1576; x_wconf 83' lang='lat' dir='ltr'><strong>servitute</strong></span> <span class='ocrx_word' id='word_1_84' title='bbox 2037 1539 2142 1592; x_wconf 90' lang='lat' dir='ltr'><strong>qua</strong></span> 
     </span>
    </p>
   </div>
   <div class='ocr_carea' id='block_1_13' title="bbox 558 1589 2138 1685">
    <p class='ocr_par' dir='ltr' id='par_1_13' title="bbox 558 1589 2138 1685">
     <span class='ocr_line' id='line_1_13' title="bbox 558 1589 2138 1685; baseline 0.017 -43"><span class='ocrx_word' id='word_1_85' title='bbox 558 1589 931 1649; x_wconf 81' lang='lat' dir='ltr'><strong>serviebamus</strong></span> <span class='ocrx_word' id='word_1_86' title='bbox 967 1595 1197 1657; x_wconf 79' lang='lat' dir='ltr'><strong>diabolo.</strong></span> <span class='ocrx_word' id='word_1_87' title='bbox 1226 1600 1464 1670; x_wconf 86' lang='lat' dir='ltr'><strong>Apostoli</strong></span> <span class='ocrx_word' id='word_1_88' title='bbox 1492 1605 1658 1674; x_wconf 78' lang='lat' dir='ltr'><strong>etiam</strong></span> <span class='ocrx_word' id='word_1_89' title='bbox 1685 1609 1926 1667; x_wconf 89' lang='lat' dir='ltr'><strong>videntes</strong></span> <span class='ocrx_word' id='word_1_90' title='bbox 1967 1589 2138 1685; x_wconf 76' lang='lat' dir='ltr'><strong>popu-</strong></span> 
     </span>
    </p>
   </div>
   <div class='ocr_carea' id='block_1_14' title="bbox 556 1672 2137 1770">
    <p class='ocr_par' dir='ltr' id='par_1_14' title="bbox 556 1672 2137 1770">
     <span class='ocr_line' id='line_1_14' title="bbox 556 1672 2137 1770; baseline 0.02 -41"><span class='ocrx_word' id='word_1_91' title='bbox 556 1672 671 1730; x_wconf 92' lang='lat' dir='ltr'><strong>lum</strong></span> <span class='ocrx_word' id='word_1_92' title='bbox 693 1676 999 1736; x_wconf 60' lang='lat' dir='ltr'><strong>Judaiorum</strong></span> <span class='ocrx_word' id='word_1_93' title='bbox 1045 1685 1097 1738; x_wconf 93' lang='lat' dir='ltr'><strong>in</strong></span> <span class='ocrx_word' id='word_1_94' title='bbox 1149 1687 1464 1752; x_wconf 82' lang='lat' dir='ltr'><strong>infidelitate</strong></span> <span class='ocrx_word' id='word_1_95' title='bbox 1489 1672 1730 1763; x_wconf 87' lang='lat' dir='ltr'><strong>manere,</strong></span> <span class='ocrx_word' id='word_1_96' title='bbox 1761 1708 1816 1754; x_wconf 92' lang='lat' dir='ltr'><strong>et</strong></span> <span class='ocrx_word' id='word_1_97' title='bbox 1841 1672 2137 1770; x_wconf 64' lang='lat' dir='ltr'><strong>prmviden-</strong></span> 
     </span>
    </p>
   </div>
   <div class='ocr_carea' id='block_1_15' title="bbox 559 1769 2138 1850">
    <p class='ocr_par' dir='ltr' id='par_1_15' title="bbox 559 1769 2138 1850">
     <span class='ocr_line' id='line_1_15' title="bbox 559 1769 2138 1850; baseline 0.018 -30"><span class='ocrx_word' id='word_1_98' title='bbox 559 1773 642 1821; x_wconf 91' lang='lat' dir='ltr'><strong>tcs</strong></span> <span class='ocrx_word' id='word_1_99' title='bbox 695 1769 970 1830; x_wconf 72' lang='lat' dir='ltr'><strong>civitate-1</strong></span> <span class='ocrx_word' id='word_1_100' title='bbox 1013 1772 1344 1834; x_wconf 81' lang='lat' dir='ltr'><strong>Hierusalem</strong></span> <span class='ocrx_word' id='word_1_101' title='bbox 1383 1781 1764 1842; x_wconf 89' lang='lat' dir='ltr'><strong>destruendam</strong></span> <span class='ocrx_word' id='word_1_102' title='bbox 1809 1804 1837 1842; x_wconf 90' lang='lat' dir='ltr'><strong>a</strong></span> <span class='ocrx_word' id='word_1_103' title='bbox 1883 1791 2138 1850; x_wconf 81' lang='lat' dir='ltr'><strong>Romanis</strong></span> 
     </span>
    </p>
   </div>
   <div class='ocr_carea' id='block_1_16' title="bbox 555 1855 2210 1957">
    <p class='ocr_par' dir='ltr' id='par_1_16' title="bbox 555 1855 2210 1957">
     <span class='ocr_line' id='line_1_16' title="bbox 555 1855 2210 1957; baseline 0.022 -47"><span class='ocrx_word' id='word_1_104' title='bbox 555 1855 719 1928; x_wconf 91' lang='lat' dir='ltr'><strong>(sicut</strong></span> <span class='ocrx_word' id='word_1_105' title='bbox 755 1861 1012 1922; x_wconf 90' lang='lat' dir='ltr'><strong>Dominus</strong></span> <span class='ocrx_word' id='word_1_106' title='bbox 1043 1870 1488 1951; x_wconf 37' lang='lat' dir='ltr'><strong>praedixerat),‘et</strong></span> <span class='ocrx_word' id='word_1_107' title='bbox 1527 1880 1784 1949; x_wconf 77' lang='lat' dir='ltr'><strong>populum</strong></span> <span class='ocrx_word' id='word_1_108' title='bbox 1809 1885 2133 1957; x_wconf 84' lang='lat' dir='ltr'><strong>subverteu-</strong></span> <span class='ocrx_word' id='word_1_109' title='bbox 2169 1875 2210 1934; x_wconf 83' lang='grc' dir='ltr'><strong>Β</strong></span> 
     </span>
    </p>
   </div>
   <div class='ocr_carea' id='block_1_17' title="bbox 553 1948 2135 2032">
    <p class='ocr_par' dir='ltr' id='par_1_17' title="bbox 553 1948 2135 2032">
     <span class='ocr_line' id='line_1_17' title="bbox 553 1948 2135 2032; baseline 0.018 -28"><span class='ocrx_word' id='word_1_110' title='bbox 553 1948 702 2015; x_wconf 83' lang='lat' dir='ltr'><strong>dum,</strong></span> <span class='ocrx_word' id='word_1_111' title='bbox 727 1953 1089 2012; x_wconf 87' lang='lat' dir='ltr'><strong>condolebant</strong></span> <span class='ocrx_word' id='word_1_112' title='bbox 1109 1969 1165 2014; x_wconf 90' lang='lat' dir='ltr'><strong>et</strong></span> <span class='ocrx_word' id='word_1_113' title='bbox 1201 1948 1579 2022; x_wconf 19' lang='lat' dir='ltr'><strong>tristaba‘ntur.</strong></span> <span class='ocrx_word' id='word_1_114' title='bbox 1611 1969 1715 2024; x_wconf 89' lang='lat' dir='ltr'><strong>Sed</strong></span> <span class='ocrx_word' id='word_1_115' title='bbox 1745 1948 1859 2027; x_wconf 86' lang='lat' dir='ltr'><strong>tota</strong></span> <span class='ocrx_word' id='word_1_116' title='bbox 1889 1955 2135 2032; x_wconf 81' lang='lat' dir='ltr'><strong>consola-</strong></span> 
     </span>
    </p>
   </div>
   <div class='ocr_carea' id='block_1_18' title="bbox 549 2038 2130 2139">
    <p class='ocr_par' dir='ltr' id='par_1_18' title="bbox 549 2038 2130 2139">
     <span class='ocr_line' id='line_1_18' title="bbox 549 2038 2130 2139; baseline 0.022 -47"><span class='ocrx_word' id='word_1_117' title='bbox 549 2038 627 2095; x_wconf 88' lang='lat' dir='ltr'><strong>tio</strong></span> <span class='ocrx_word' id='word_1_118' title='bbox 655 2041 869 2101; x_wconf 90' lang='lat' dir='ltr'><strong>illorum</strong></span> <span class='ocrx_word' id='word_1_119' title='bbox 903 2044 964 2114; x_wconf 85' lang='lat' dir='ltr'><strong>in</strong></span> <span class='ocrx_word' id='word_1_120' title='bbox 982 2050 1084 2107; x_wconf 91' lang='lat' dir='ltr'><strong>hoc</strong></span> <span class='ocrx_word' id='word_1_121' title='bbox 1105 2051 1226 2119; x_wconf 88' lang='lat' dir='ltr'><strong>fuit,</strong></span> <span class='ocrx_word' id='word_1_122' title='bbox 1247 2057 1374 2124; x_wconf 90' lang='lat' dir='ltr'><strong>quia</strong></span> <span class='ocrx_word' id='word_1_123' title='bbox 1403 2047 1660 2117; x_wconf 81' lang='lat' dir='ltr'><strong>videbant</strong></span> <span class='ocrx_word' id='word_1_124' title='bbox 1704 2075 1892 2136; x_wconf 89' lang='lat' dir='ltr'><strong>gentes</strong></span> <span class='ocrx_word' id='word_1_125' title='bbox 1914 2080 2130 2139; x_wconf 89' lang='lat' dir='ltr'><strong>paratas</strong></span> 
     </span>
    </p>
   </div>
   <div class='ocr_carea' id='block_1_19' title="bbox 548 2135 2148 2234">
    <p class='ocr_par' dir='ltr' id='par_1_19' title="bbox 548 2135 2148 2234">
     <span class='ocr_line' id='line_1_19' title="bbox 548 2135 2148 2234; baseline 0.02 -46"><span class='ocrx_word' id='word_1_126' title='bbox 548 2147 670 2190; x_wconf 89' lang='lat' dir='ltr'><strong>esse</strong></span> <span class='ocrx_word' id='word_1_127' title='bbox 691 2135 759 2192; x_wconf 88' lang='lat' dir='ltr'><strong>ad</strong></span> <span class='ocrx_word' id='word_1_128' title='bbox 786 2139 1135 2210; x_wconf 89' lang='lat' dir='ltr'><strong>credendum,</strong></span> <span class='ocrx_word' id='word_1_129' title='bbox 1151 2149 1434 2218; x_wconf 78' lang='lat' dir='ltr'><strong>exquibus</strong></span> <span class='ocrx_word' id='word_1_130' title='bbox 1453 2153 1776 2220; x_wconf 75' lang='lat' dir='ltr'><strong>aedificanda</strong></span> <span class='ocrx_word' id='word_1_131' title='bbox 1795 2135 2148 2234; x_wconf 2' lang='lat' dir='ltr'><strong>perat—Hiems</strong></span> 
     </span>
    </p>
   </div>
   <div class='ocr_carea' id='block_1_20' title="bbox 545 2224 2128 2324">
    <p class='ocr_par' dir='ltr' id='par_1_20' title="bbox 545 2224 2128 2324">
     <span class='ocr_line' id='line_1_20' title="bbox 545 2224 2128 2324; baseline 0.02 -45"><span class='ocrx_word' id='word_1_132' title='bbox 545 2224 739 2294; x_wconf 60' lang='lat' dir='ltr'><strong>salem,</strong></span> <span class='ocrx_word' id='word_1_133' title='bbox 767 2228 819 2283; x_wconf 92' lang='lat' dir='ltr'><strong>id</strong></span> <span class='ocrx_word' id='word_1_134' title='bbox 833 2240 918 2287; x_wconf 91' lang='lat' dir='ltr'><strong>est</strong></span> <span class='ocrx_word' id='word_1_135' title='bbox 946 2248 1185 2302; x_wconf 76' lang='lat' dir='ltr'><strong>praesens</strong></span> <span class='ocrx_word' id='word_1_136' title='bbox 1206 2237 1470 2310; x_wconf 87' lang='lat' dir='ltr'><strong>Ecclesia,</strong></span> <span class='ocrx_word' id='word_1_137' title='bbox 1488 2242 1570 2298; x_wconf 88' lang='lat' dir='ltr'><strong>vel</strong></span> <span class='ocrx_word' id='word_1_138' title='bbox 1592 2229 1832 2304; x_wconf 84' lang='lat' dir='ltr'><strong>caelestis</strong></span> <span class='ocrx_word' id='word_1_139' title='bbox 1855 2266 1868 2304; x_wconf 88' lang='lat'><strong>:</strong></span> <span class='ocrx_word' id='word_1_140' title='bbox 1899 2252 2128 2324; x_wconf 88' lang='lat' dir='ltr'><strong>ideoque</strong></span> 
     </span>
    </p>
   </div>
   <div class='ocr_carea' id='block_1_21' title="bbox 547 2314 2128 2414">
    <p class='ocr_par' dir='ltr' id='par_1_21' title="bbox 547 2314 2128 2414">
     <span class='ocr_line' id='line_1_21' title="bbox 547 2314 2128 2414; baseline 0.021 -46"><span class='ocrx_word' id='word_1_141' title='bbox 547 2314 768 2385; x_wconf 81' lang='lat' dir='ltr'><strong>dicitur,</strong></span> <span class='ocrx_word' id='word_1_142' title='bbox 795 2326 902 2375; x_wconf 89' lang='lat' dir='ltr'><strong>tam</strong></span> <span class='ocrx_word' id='word_1_143' title='bbox 946 2325 1156 2394; x_wconf 88' lang='lat' dir='ltr'><strong>angelis</strong></span> <span class='ocrx_word' id='word_1_144' title='bbox 1199 2344 1365 2399; x_wconf 88' lang='lat' dir='ltr'><strong>quam</strong></span> <span class='ocrx_word' id='word_1_145' title='bbox 1413 2335 1691 2404; x_wconf 88' lang='lat' dir='ltr'><strong>apostolis,</strong></span> <span class='ocrx_word' id='word_1_146' title='bbox 1729 2341 1822 2410; x_wconf 85' lang='lat' dir='ltr'><strong>qui</strong></span> <span class='ocrx_word' id='word_1_147' title='bbox 1871 2314 2128 2414; x_wconf 74' lang='lat' dir='ltr'><strong>lugebant</strong></span> 
     </span>
    </p>
   </div>
   <div class='ocr_carea' id='block_1_22' title="bbox 541 2407 2143 2508">
    <p class='ocr_par' dir='ltr' id='par_1_22' title="bbox 541 2407 2143 2508">
     <span class='ocr_line' id='line_1_22' title="bbox 541 2407 2143 2508; baseline 0.021 -49"><span class='ocrx_word' id='word_1_148' title='bbox 541 2418 708 2476; x_wconf 85' lang='lat' dir='ltr'><strong>super</strong></span> <span class='ocrx_word' id='word_1_149' title='bbox 735 2407 1096 2484; x_wconf 81' lang='lat' dir='ltr'><strong>Hierusalem,</strong></span> <span class='ocrx_word' id='word_1_150' title='bbox 1123 2417 1177 2492; x_wconf 91' lang='lat' dir='ltr'><strong>id</strong></span> <span class='ocrx_word' id='word_1_151' title='bbox 1200 2429 1326 2494; x_wconf 44' lang='lat' dir='ltr'><strong>gest~</strong></span> <span class='ocrx_word' id='word_1_152' title='bbox 1358 2437 1520 2492; x_wconf 86' lang='lat' dir='ltr'><strong>super</strong></span> <span class='ocrx_word' id='word_1_153' title='bbox 1573 2407 1828 2507; x_wconf 81' lang='lat' dir='ltr'><strong>populum</strong></span> <span class='ocrx_word' id='word_1_154' title='bbox 1877 2407 1994 2502; x_wconf 74' lang='lat' dir='ltr'><strong>ejus</strong></span> <span class='ocrx_word' id='word_1_155' title='bbox 2022 2475 2036 2502; x_wconf 92' lang='lat'><strong>,</strong></span> <span class='ocrx_word' id='word_1_156' title='bbox 2066 2445 2143 2508; x_wconf 89' lang='lat' dir='ltr'><strong>ut_</strong></span> 
     </span>
    </p>
   </div>
   <div class='ocr_carea' id='block_1_23' title="bbox 537 2494 2123 2592">
    <p class='ocr_par' dir='ltr' id='par_1_23' title="bbox 537 2494 2123 2592">
     <span class='ocr_line' id='line_1_23' title="bbox 537 2494 2123 2592; baseline 0.021 -41"><span class='ocrx_word' id='word_1_157' title='bbox 537 2494 795 2556; x_wconf 67' lang='lat' dir='ltr'><strong>laetentur</strong></span> <span class='ocrx_word' id='word_1_158' title='bbox 829 2510 885 2558; x_wconf 90' lang='lat' dir='ltr'><strong>et</strong></span> <span class='ocrx_word' id='word_1_159' title='bbox 920 2509 1194 2564; x_wconf 82' lang='lat' dir='ltr'><strong>exsultent</strong></span> <span class='ocrx_word' id='word_1_160' title='bbox 1235 2527 1358 2568; x_wconf 91' lang='lat' dir='ltr'><strong>cum</strong></span> <span class='ocrx_word' id='word_1_161' title='bbox 1387 2494 1721 2574; x_wconf 77' lang='lat' dir='ltr'><strong>Hierusalem</strong></span> <span class='ocrx_word' id='word_1_162' title='bbox 1767 2522 1992 2592; x_wconf 70' lang='lat' dir='ltr'><strong>caelesti,</strong></span> <span class='ocrx_word' id='word_1_163' title='bbox 2040 2528 2123 2584; x_wconf 86' lang='lat' dir='ltr'><strong>vel</strong></span> 
     </span>
    </p>
   </div>
   <div class='ocr_carea' id='block_1_24' title="bbox 536 2589 2120 2680">
    <p class='ocr_par' dir='ltr' id='par_1_24' title="bbox 536 2589 2120 2680">
     <span class='ocr_line' id='line_1_24' title="bbox 536 2589 2120 2680; baseline 0.021 -41"><span class='ocrx_word' id='word_1_164' title='bbox 536 2589 794 2655; x_wconf 83' lang='lat' dir='ltr'><strong>praesenti</strong></span> <span class='ocrx_word' id='word_1_165' title='bbox 824 2605 890 2646; x_wconf 85' lang='lat' dir='ltr'><strong>ex</strong></span> <span class='ocrx_word' id='word_1_166' title='bbox 910 2595 1159 2653; x_wconf 91' lang='lat' dir='ltr'><strong>omnibus</strong></span> <span class='ocrx_word' id='word_1_167' title='bbox 1178 2599 1430 2670; x_wconf 92' lang='lat' dir='ltr'><strong>gentibus</strong></span> <span class='ocrx_word' id='word_1_168' title='bbox 1459 2605 1707 2674; x_wconf 89' lang='lat' dir='ltr'><strong>collecta,</strong></span> <span class='ocrx_word' id='word_1_169' title='bbox 1739 2619 1796 2666; x_wconf 91' lang='lat' dir='ltr'><strong>et</strong></span> <span class='ocrx_word' id='word_1_170' title='bbox 1822 2611 1876 2666; x_wconf 91' lang='lat' dir='ltr'><strong>in</strong></span> <span class='ocrx_word' id='word_1_171' title='bbox 1905 2589 1990 2680; x_wconf 84' lang='lat' dir='ltr'><strong>ea,</strong></span> <span class='ocrx_word' id='word_1_172' title='bbox 2018 2615 2120 2674; x_wconf 92' lang='lat' dir='ltr'><strong>hoc</strong></span> 
     </span>
    </p>
   </div>
   <div class='ocr_carea' id='block_1_25' title="bbox 533 2679 2120 2774">
    <p class='ocr_par' dir='ltr' id='par_1_25' title="bbox 533 2679 2120 2774">
     <span class='ocr_line' id='line_1_25' title="bbox 533 2679 2120 2774; baseline 0.019 -43"><span class='ocrx_word' id='word_1_173' title='bbox 533 2679 699 2735; x_wconf 86' lang='lat' dir='ltr'><strong>est&#39;in</strong></span> <span class='ocrx_word' id='word_1_174' title='bbox 725 2681 826 2738; x_wconf 85' lang='lat' dir='ltr'><strong>ﬁde</strong></span> <span class='ocrx_word' id='word_1_175' title='bbox 846 2682 1081 2740; x_wconf 90' lang='lat' dir='ltr'><strong>illorum.</strong></span> <span class='ocrx_word' id='word_1_176' title='bbox 1121 2685 1222 2744; x_wconf 87' lang='lat' dir='ltr'><strong>Per</strong></span> <span class='ocrx_word' id='word_1_177' title='bbox 1264 2689 1348 2746; x_wconf 91' lang='lat' dir='ltr'><strong>lae</strong></span> <span class='ocrx_word' id='word_1_178' title='bbox 1388 2703 1590 2763; x_wconf 91' lang='lat' dir='ltr'><strong>autem,</strong></span> <span class='ocrx_word' id='word_1_179' title='bbox 1625 2700 1767 2768; x_wconf 92' lang='lat' dir='ltr'><strong>quod</strong></span> <span class='ocrx_word' id='word_1_180' title='bbox 1813 2679 2120 2774; x_wconf 81' lang='lat' dir='ltr'><strong>praecipitur</strong></span> 
     </span>
    </p>
   </div>
   <div class='ocr_carea' id='block_1_26' title="bbox 537 2776 2115 2858">
    <p class='ocr_par' dir='ltr' id='par_1_26' title="bbox 537 2776 2115 2858">
     <span class='ocr_line' id='line_1_26' title="bbox 537 2776 2115 2858; baseline 0.017 -34"><span class='ocrx_word' id='word_1_181' title='bbox 537 2779 596 2826; x_wconf 93' lang='lat' dir='ltr'><strong>ut</strong></span> <span class='ocrx_word' id='word_1_182' title='bbox 621 2785 816 2846; x_wconf 88' lang='lat' dir='ltr'><strong>sugant</strong></span> <span class='ocrx_word' id='word_1_183' title='bbox 838 2776 937 2848; x_wconf 91' lang='lat' dir='ltr'><strong>ipsi</strong></span> <span class='ocrx_word' id='word_1_184' title='bbox 969 2780 1218 2849; x_wconf 89' lang='lat' dir='ltr'><strong>apostoli,</strong></span> <span class='ocrx_word' id='word_1_185' title='bbox 1244 2792 1298 2836; x_wconf 94' lang='lat' dir='ltr'><strong>et</strong></span> <span class='ocrx_word' id='word_1_186' title='bbox 1318 2785 1614 2858; x_wconf 84' lang='lat' dir='ltr'><strong>mulgcant,</strong></span> <span class='ocrx_word' id='word_1_187' title='bbox 1635 2784 1892 2847; x_wconf 82' lang='lat' dir='ltr'><strong>debemus</strong></span> <span class='ocrx_word' id='word_1_188' title='bbox 1914 2795 2115 2850; x_wconf 83' lang='lat' dir='ltr'><strong>intelli-</strong></span> 
     </span>
    </p>
   </div>
   <div class='ocr_carea' id='block_1_27' title="bbox 532 2850 2116 2952">
    <p class='ocr_par' dir='ltr' id='par_1_27' title="bbox 532 2850 2116 2952">
     <span class='ocr_line' id='line_1_27' title="bbox 532 2850 2116 2952; baseline 0.018 -38"><span class='ocrx_word' id='word_1_189' title='bbox 532 2858 662 2932; x_wconf 67' lang='lat' dir='ltr'><strong>gere</strong></span> <span class='ocrx_word' id='word_1_190' title='bbox 691 2850 852 2920; x_wconf 81' lang='lat' dir='ltr'><strong>fidem</strong></span> <span class='ocrx_word' id='word_1_191' title='bbox 872 2858 1172 2939; x_wconf 79' lang='lat' dir='ltr'><strong>simplicem</strong></span> <span class='ocrx_word' id='word_1_192' title='bbox 1193 2850 1526 2931; x_wconf 73' lang='lat' dir='ltr'><strong>credentium</strong></span> <span class='ocrx_word' id='word_1_193' title='bbox 1558 2888 1613 2933; x_wconf 92' lang='lat' dir='ltr'><strong>et</strong></span> <span class='ocrx_word' id='word_1_194' title='bbox 1635 2879 1774 2935; x_wconf 90' lang='lat' dir='ltr'><strong>bona</strong></span> <span class='ocrx_word' id='word_1_195' title='bbox 1807 2898 1970 2952; x_wconf 87' lang='lat' dir='ltr'><strong>Opera</strong></span> <span class='ocrx_word' id='word_1_196' title='bbox 1996 2885 2116 2942; x_wconf 86' lang='lat' dir='ltr'><strong>illo-</strong></span> 
     </span>
    </p>
   </div>
   <div class='ocr_carea' id='block_1_28' title="bbox 534 2955 2112 3045">
    <p class='ocr_par' dir='ltr' id='par_1_28' title="bbox 534 2955 2112 3045">
     <span class='ocr_line' id='line_1_28' title="bbox 534 2955 2112 3045; baseline 0.018 -40"><span class='ocrx_word' id='word_1_197' title='bbox 534 2967 678 3018; x_wconf 89' lang='lat' dir='ltr'><strong>rum,</strong></span> <span class='ocrx_word' id='word_1_198' title='bbox 710 2955 764 3009; x_wconf 93' lang='lat' dir='ltr'><strong>iu</strong></span> <span class='ocrx_word' id='word_1_199' title='bbox 790 2957 988 3028; x_wconf 90' lang='lat' dir='ltr'><strong>quibus</strong></span> <span class='ocrx_word' id='word_1_200' title='bbox 1016 2961 1265 3018; x_wconf 89' lang='lat' dir='ltr'><strong>delectati</strong></span> <span class='ocrx_word' id='word_1_201' title='bbox 1293 2976 1419 3020; x_wconf 93' lang='lat' dir='ltr'><strong>sunt</strong></span> <span class='ocrx_word' id='word_1_202' title='bbox 1459 2971 1709 3038; x_wconf 86' lang='lat' dir='ltr'><strong>apostoli.</strong></span> <span class='ocrx_word' id='word_1_203' title='bbox 1743 2973 1846 3036; x_wconf 81' lang='lat' dir='ltr'><strong>Per</strong></span> <span class='ocrx_word' id='word_1_204' title='bbox 1871 2976 1977 3031; x_wconf 91' lang='lat' dir='ltr'><strong>duo</strong></span> <span class='ocrx_word' id='word_1_205' title='bbox 2010 2995 2112 3045; x_wconf 86' lang='lat' dir='ltr'><strong>au-</strong></span> 
     </span>
    </p>
   </div>
   <div class='ocr_carea' id='block_1_29' title="bbox 531 3044 2110 3133">
    <p class='ocr_par' dir='ltr' id='par_1_29' title="bbox 531 3044 2110 3133">
     <span class='ocr_line' id='line_1_29' title="bbox 531 3044 2110 3133; baseline 0.018 -36"><span class='ocrx_word' id='word_1_206' title='bbox 531 3048 637 3106; x_wconf 81' lang='lat' dir='ltr'><strong>tem</strong></span> <span class='ocrx_word' id='word_1_207' title='bbox 664 3044 956 3120; x_wconf 78' lang='lat' dir='ltr'><strong>uberaduo</strong></span> <span class='ocrx_word' id='word_1_208' title='bbox 992 3049 1333 3122; x_wconf 84' lang='lat' dir='ltr'><strong>Testamenta</strong></span> <span class='ocrx_word' id='word_1_209' title='bbox 1371 3047 1760 3129; x_wconf 78' lang='lat' dir='ltr'><strong>intelliguntur,</strong></span> <span class='ocrx_word' id='word_1_210' title='bbox 1809 3079 1875 3118; x_wconf 75' lang='lat' dir='ltr'><strong>ex</strong></span> <span class='ocrx_word' id='word_1_211' title='bbox 1916 3068 2110 3133; x_wconf 85' lang='lat' dir='ltr'><strong>quibus</strong></span> 
     </span>
    </p>
   </div>
   <div class='ocr_carea' id='block_1_30' title="bbox 527 3133 2135 3228">
    <p class='ocr_par' dir='ltr' id='par_1_30' title="bbox 527 3133 2135 3228">
     <span class='ocr_line' id='line_1_30' title="bbox 527 3133 2135 3228; baseline 0.018 -44"><span class='ocrx_word' id='word_1_212' title='bbox 527 3133 765 3189; x_wconf 87' lang='lat' dir='ltr'><strong>trahitur</strong></span> <span class='ocrx_word' id='word_1_213' title='bbox 791 3136 896 3204; x_wconf 91' lang='lat' dir='ltr'><strong>lac,</strong></span> <span class='ocrx_word' id='word_1_214' title='bbox 919 3139 1022 3195; x_wconf 87' lang='lat' dir='ltr'><strong>hoc</strong></span> <span class='ocrx_word' id='word_1_215' title='bbox 1055 3151 1146 3212; x_wconf 57' lang='lat' dir='ltr'><strong>est~</strong></span> <span class='ocrx_word' id='word_1_216' title='bbox 1165 3145 1393 3215; x_wconf 78' lang='lat' dir='ltr'><strong>simplex</strong></span> <span class='ocrx_word' id='word_1_217' title='bbox 1419 3156 1475 3201; x_wconf 90' lang='lat' dir='ltr'><strong>ct</strong></span> <span class='ocrx_word' id='word_1_218' title='bbox 1505 3149 1678 3216; x_wconf 79' lang='lat' dir='ltr'><strong>dulcis</strong></span> <span class='ocrx_word' id='word_1_219' title='bbox 1706 3153 1956 3224; x_wconf 86' lang='lat' dir='ltr'><strong>doctrina</strong></span> <span class='ocrx_word' id='word_1_220' title='bbox 1986 3158 2135 3228; x_wconf 88' lang='lat' dir='ltr'><strong>Spi-_</strong></span> 
     </span>
    </p>
   </div>
   <div class='ocr_carea' id='block_1_31' title="bbox 523 3220 2176 3312">
    <p class='ocr_par' dir='ltr' id='par_1_31' title="bbox 523 3220 2176 3312">
     <span class='ocr_line' id='line_1_31' title="bbox 523 3220 2176 3312; baseline 0.019 -38"><span class='ocrx_word' id='word_1_221' title='bbox 523 3220 660 3277; x_wconf 91' lang='lat' dir='ltr'><strong>ritus</strong></span> <span class='ocrx_word' id='word_1_222' title='bbox 685 3227 877 3291; x_wconf 88' lang='lat' dir='ltr'><strong>sancti,</strong></span> <span class='ocrx_word' id='word_1_223' title='bbox 915 3243 1035 3297; x_wconf 76' lang='lat' dir='ltr'><strong>quae</strong></span> <span class='ocrx_word' id='word_1_224' title='bbox 1060 3234 1350 3288; x_wconf 88' lang='lat' dir='ltr'><strong>convenire</strong></span> <span class='ocrx_word' id='word_1_225' title='bbox 1371 3237 1930 3312; x_wconf 69' lang='lat' dir='ltr'><strong>possittsimplicibus.</strong></span> <span class='ocrx_word' id='word_1_226' title='bbox 1963 3247 2106 3302; x_wconf 60' lang='lat' dir='ltr'><strong>Gauo</strong></span> <span class='ocrx_word' id='word_1_227' title='bbox 2134 3237 2176 3298; x_wconf 88' lang='lat' dir='ltr'>C</span> 
     </span>
    </p>
   </div>
   <div class='ocr_carea' id='block_1_32' title="bbox 522 3312 2104 3399">
    <p class='ocr_par' dir='ltr' id='par_1_32' title="bbox 522 3312 2104 3399">
     <span class='ocr_line' id='line_1_32' title="bbox 522 3312 2104 3399; baseline 0.02 -33"><span class='ocrx_word' id='word_1_228' title='bbox 522 3312 645 3380; x_wconf 86' lang='lat' dir='ltr'><strong>dcte</strong></span> <span class='ocrx_word' id='word_1_229' title='bbox 700 3315 918 3390; x_wconf 91' lang='lat' dir='ltr'><strong>(inquit)</strong></span> <span class='ocrx_word' id='word_1_230' title='bbox 969 3335 1089 3376; x_wconf 88' lang='lat' dir='ltr'><strong>cum</strong></span> <span class='ocrx_word' id='word_1_231' title='bbox 1131 3339 1196 3379; x_wconf 89' lang='lat' dir='ltr'><strong>ea</strong></span> <span class='ocrx_word' id='word_1_232' title='bbox 1257 3336 1316 3382; x_wconf 94' lang='lat' dir='ltr'><strong>ut</strong></span> <span class='ocrx_word' id='word_1_233' title='bbox 1366 3330 1641 3388; x_wconf 86' lang='lat' dir='ltr'><strong>satiemini</strong></span> <span class='ocrx_word' id='word_1_234' title='bbox 1687 3335 1793 3391; x_wconf 83' lang='lat' dir='ltr'><strong>fide</strong></span> <span class='ocrx_word' id='word_1_235' title='bbox 1844 3347 1900 3393; x_wconf 92' lang='lat' dir='ltr'><strong>et</strong></span> <span class='ocrx_word' id='word_1_236' title='bbox 1947 3340 2104 3399; x_wconf 89' lang='lat' dir='ltr'><strong>bonis</strong></span> 
     </span>
    </p>
   </div>
   <div class='ocr_carea' id='block_1_33' title="bbox 521 3400 2103 3504">
    <p class='ocr_par' dir='ltr' id='par_1_33' title="bbox 521 3400 2103 3504">
     <span class='ocr_line' id='line_1_33' title="bbox 521 3400 2103 3504; baseline 0.021 -48"><span class='ocrx_word' id='word_1_237' title='bbox 521 3400 737 3468; x_wconf 84' lang='lat' dir='ltr'><strong>illorum</strong></span> <span class='ocrx_word' id='word_1_238' title='bbox 769 3409 1066 3477; x_wconf 83' lang='lat' dir='ltr'><strong>operibus;</strong></span> <span class='ocrx_word' id='word_1_239' title='bbox 1100 3421 1156 3468; x_wconf 93' lang='lat' dir='ltr'><strong>et</strong></span> <span class='ocrx_word' id='word_1_240' title='bbox 1183 3415 1500 3487; x_wconf 88' lang='lat' dir='ltr'><strong>repleamini</strong></span> <span class='ocrx_word' id='word_1_241' title='bbox 1532 3423 1600 3478; x_wconf 88' lang='lat' dir='ltr'><strong>ab</strong></span> <span class='ocrx_word' id='word_1_242' title='bbox 1628 3426 1886 3504; x_wconf 76' lang='lat' dir='ltr'><strong>uberibus</strong></span> <span class='ocrx_word' id='word_1_243' title='bbox 1911 3448 2103 3489; x_wconf 91' lang='lat' dir='ltr'><strong>conso-</strong></span> 
     </span>
    </p>
   </div>
   <div class='ocr_carea' id='block_1_34' title="bbox 517 3485 2103 3594">
    <p class='ocr_par' dir='ltr' id='par_1_34' title="bbox 517 3485 2103 3594">
     <span class='ocr_line' id='line_1_34' title="bbox 517 3485 2103 3594; baseline 0.021 -46"><span class='ocrx_word' id='word_1_244' title='bbox 517 3493 736 3552; x_wconf 88' lang='lat' dir='ltr'><strong>lationis</strong></span> <span class='ocrx_word' id='word_1_245' title='bbox 760 3485 901 3569; x_wconf 87' lang='lat' dir='ltr'><strong>ejus,</strong></span> <span class='ocrx_word' id='word_1_246' title='bbox 923 3502 976 3556; x_wconf 88' lang='lat' dir='ltr'><strong>id</strong></span> <span class='ocrx_word' id='word_1_247' title='bbox 995 3513 1080 3560; x_wconf 88' lang='lat' dir='ltr'><strong>est</strong></span> <span class='ocrx_word' id='word_1_248' title='bbox 1107 3485 1274 3563; x_wconf 78' lang='lat' dir='ltr'><strong>duum</strong></span> <span class='ocrx_word' id='word_1_249' title='bbox 1300 3493 1811 3586; x_wconf 89' lang='lat' dir='ltr'><strong>Testamentorum</strong></span> <span class='ocrx_word' id='word_1_250' title='bbox 1855 3533 1911 3578; x_wconf 89' lang='lat' dir='ltr'><strong>et</strong></span> <span class='ocrx_word' id='word_1_251' title='bbox 1936 3525 2103 3594; x_wconf 88' lang='lat' dir='ltr'><strong>pleni-</strong></span> 
     </span>
    </p>
   </div>
   <div class='ocr_carea' id='block_1_35' title="bbox 516 3589 2101 3687">
    <p class='ocr_par' dir='ltr' id='par_1_35' title="bbox 516 3589 2101 3687">
     <span class='ocr_line' id='line_1_35' title="bbox 516 3589 2101 3687; baseline 0.02 -45"><span class='ocrx_word' id='word_1_252' title='bbox 516 3589 703 3645; x_wconf 83' lang='lat' dir='ltr'><strong>tudine</strong></span> <span class='ocrx_word' id='word_1_253' title='bbox 729 3590 961 3662; x_wconf 86' lang='lat' dir='ltr'><strong>Spiritus</strong></span> <span class='ocrx_word' id='word_1_254' title='bbox 994 3600 1166 3654; x_wconf 89' lang='lat' dir='ltr'><strong>sancti</strong></span> <span class='ocrx_word' id='word_1_255' title='bbox 1191 3601 1504 3671; x_wconf 89' lang='lat' dir='ltr'><strong>repleamini</strong></span> <span class='ocrx_word' id='word_1_256' title='bbox 1539 3607 1591 3662; x_wconf 94' lang='lat' dir='ltr'><strong>in</strong></span> <span class='ocrx_word' id='word_1_257' title='bbox 1606 3608 1706 3676; x_wconf 90' lang='lat' dir='ltr'><strong>eis,</strong></span> <span class='ocrx_word' id='word_1_258' title='bbox 1733 3621 1792 3665; x_wconf 94' lang='lat' dir='ltr'><strong>ut</strong></span> <span class='ocrx_word' id='word_1_259' title='bbox 1819 3589 2101 3687; x_wconf 79' lang='lat' dir='ltr'><strong>mulgeatis</strong></span> 
     </span>
    </p>
   </div>
   <div class='ocr_carea' id='block_1_36' title="bbox 513 3681 2098 3768">
    <p class='ocr_par' dir='ltr' id='par_1_36' title="bbox 513 3681 2098 3768">
     <span class='ocr_line' id='line_1_36' title="bbox 513 3681 2098 3768; baseline 0.022 -35"><span class='ocrx_word' id='word_1_260' title='bbox 513 3687 571 3742; x_wconf 79' lang='lat' dir='ltr'><strong>et</strong></span> <span class='ocrx_word' id='word_1_261' title='bbox 626 3681 831 3740; x_wconf 87' lang='lat' dir='ltr'><strong>deliciis</strong></span> <span class='ocrx_word' id='word_1_262' title='bbox 885 3686 1141 3756; x_wconf 88' lang='lat' dir='ltr'><strong>allluatis,</strong></span> <span class='ocrx_word' id='word_1_263' title='bbox 1188 3694 1292 3749; x_wconf 92' lang='lat' dir='ltr'><strong>hoc</strong></span> <span class='ocrx_word' id='word_1_264' title='bbox 1335 3704 1419 3752; x_wconf 88' lang='lat' dir='ltr'><strong>est</strong></span> <span class='ocrx_word' id='word_1_265' title='bbox 1451 3707 1534 3766; x_wconf 57' lang='grc' dir='ltr'><strong>ἃιιι</strong></span> <span class='ocrx_word' id='word_1_266' title='bbox 1573 3707 1862 3762; x_wconf 89' lang='lat' dir='ltr'><strong>assumatis</strong></span> <span class='ocrx_word' id='word_1_267' title='bbox 1911 3681 2098 3768; x_wconf 68' lang='lat' dir='ltr'><strong>eorum</strong></span> 
     </span>
    </p>
   </div>
   <div class='ocr_carea' id='block_1_37' title="bbox 511 3769 2093 3859">
    <p class='ocr_par' dir='ltr' id='par_1_37' title="bbox 511 3769 2093 3859">
     <span class='ocr_line' id='line_1_37' title="bbox 511 3769 2093 3859; baseline 0.023 -36"><span class='ocrx_word' id='word_1_268' title='bbox 511 3769 817 3842; x_wconf 83' lang='lat' dir='ltr'><strong>simplicem</strong></span> <span class='ocrx_word' id='word_1_269' title='bbox 855 3777 1036 3846; x_wconf 85' lang='lat' dir='ltr'><strong>fidem,</strong></span> <span class='ocrx_word' id='word_1_270' title='bbox 1069 3790 1124 3837; x_wconf 90' lang='lat' dir='ltr'><strong>et</strong></span> <span class='ocrx_word' id='word_1_271' title='bbox 1172 3785 1508 3855; x_wconf 80' lang='lat' dir='ltr'><strong>perfectione</strong></span> <span class='ocrx_word' id='word_1_272' title='bbox 1555 3807 1744 3849; x_wconf 90' lang='lat' dir='ltr'><strong>eorum</strong></span> <span class='ocrx_word' id='word_1_273' title='bbox 1789 3797 2093 3859; x_wconf 89' lang='lat' dir='ltr'><strong>abundetis.</strong></span> 
     </span>
    </p>
   </div>
   <div class='ocr_carea' id='block_1_38' title="bbox 508 3857 2096 3963">
    <p class='ocr_par' dir='ltr' id='par_1_38' title="bbox 508 3857 2096 3963">
     <span class='ocr_line' id='line_1_38' title="bbox 508 3857 2096 3963; baseline 0.023 -49"><span class='ocrx_word' id='word_1_274' title='bbox 508 3857 580 3914; x_wconf 87' lang='lat' dir='ltr'><strong>Et</strong></span> <span class='ocrx_word' id='word_1_275' title='bbox 605 3861 708 3919; x_wconf 90' lang='lat' dir='ltr'><strong>hoc</strong></span> <span class='ocrx_word' id='word_1_276' title='bbox 737 3866 806 3922; x_wconf 89' lang='lat' dir='ltr'><strong>ab</strong></span> <span class='ocrx_word' id='word_1_277' title='bbox 845 3871 1153 3928; x_wconf 90' lang='lat' dir='ltr'><strong>omnimoda</strong></span> <span class='ocrx_word' id='word_1_278' title='bbox 1183 3859 1354 3946; x_wconf 79' lang='lat' dir='ltr'><strong>gloria</strong></span> <span class='ocrx_word' id='word_1_279' title='bbox 1398 3879 1536 3950; x_wconf 91' lang='lat' dir='ltr'><strong>ejus,</strong></span> <span class='ocrx_word' id='word_1_280' title='bbox 1587 3883 1641 3938; x_wconf 91' lang='lat' dir='ltr'><strong>id</strong></span> <span class='ocrx_word' id='word_1_281' title='bbox 1671 3895 1758 3953; x_wconf 83' lang='lat' dir='ltr'><strong>est</strong></span> <span class='ocrx_word' id='word_1_282' title='bbox 1807 3904 1839 3944; x_wconf 90' lang='lat' dir='ltr'><strong>a</strong></span> <span class='ocrx_word' id='word_1_283' title='bbox 1868 3893 2096 3963; x_wconf 87' lang='lat' dir='ltr'><strong>scientia</strong></span> 
     </span>
    </p>
   </div>
   <div class='ocr_carea' id='block_1_39' title="bbox 511 3949 2097 4043">
    <p class='ocr_par' dir='ltr' id='par_1_39' title="bbox 511 3949 2097 4043">
     <span class='ocr_line' id='line_1_39' title="bbox 511 3949 2097 4043; baseline 0.025 -39"><span class='ocrx_word' id='word_1_284' title='bbox 511 3949 890 4013; x_wconf 87' lang='lat' dir='ltr'><strong>divinitatiset</strong></span> <span class='ocrx_word' id='word_1_285' title='bbox 918 3960 1274 4021; x_wconf 88' lang='lat' dir='ltr'><strong>humanitatis</strong></span> <span class='ocrx_word' id='word_1_286' title='bbox 1300 3949 1520 4026; x_wconf 86' lang='lat' dir='ltr'><strong>Christi.</strong></span> <span class='ocrx_word' id='word_1_287' title='bbox 1570 3949 1770 4033; x_wconf 85' lang='lat' dir='ltr'><strong>Sancta</strong></span> <span class='ocrx_word' id='word_1_288' title='bbox 1803 3983 1949 4038; x_wconf 89' lang='lat' dir='ltr'><strong>enim</strong></span> <span class='ocrx_word' id='word_1_289' title='bbox 1997 3961 2097 4043; x_wconf 51' lang='lat' dir='ltr'><strong>Ec?</strong></span> 
     </span>
    </p>
   </div>
   <div class='ocr_carea' id='block_1_40' title="bbox 505 4045 2092 4143">
    <p class='ocr_par' dir='ltr' id='par_1_40' title="bbox 505 4045 2092 4143">
     <span class='ocr_line' id='line_1_40' title="bbox 505 4045 2092 4143; baseline 0.022 -42"><span class='ocrx_word' id='word_1_290' title='bbox 505 4045 695 4116; x_wconf 80' lang='lat' dir='ltr'><strong>clesia,</strong></span> <span class='ocrx_word' id='word_1_291' title='bbox 724 4050 852 4109; x_wconf 89' lang='lat' dir='ltr'><strong>licet</strong></span> <span class='ocrx_word' id='word_1_292' title='bbox 878 4070 991 4121; x_wconf 30' lang='lat' dir='ltr'><strong>una.</strong></span> <span class='ocrx_word' id='word_1_293' title='bbox 1013 4058 1116 4124; x_wconf 92' lang='lat' dir='ltr'><strong>sit,</strong></span> <span class='ocrx_word' id='word_1_294' title='bbox 1158 4069 1338 4118; x_wconf 90' lang='lat' dir='ltr'><strong>tamen</strong></span> <span class='ocrx_word' id='word_1_295' title='bbox 1382 4065 1547 4122; x_wconf 88' lang='lat' dir='ltr'><strong>habet</strong></span> <span class='ocrx_word' id='word_1_296' title='bbox 1586 4069 1642 4124; x_wconf 91' lang='lat' dir='ltr'><strong>in</strong></span> <span class='ocrx_word' id='word_1_297' title='bbox 1674 4085 1734 4127; x_wconf 91' lang='lat' dir='ltr'><strong>se</strong></span> <span class='ocrx_word' id='word_1_298' title='bbox 1772 4077 1865 4143; x_wconf 90' lang='lat' dir='ltr'><strong>qui</strong></span> <span class='ocrx_word' id='word_1_299' title='bbox 1892 4078 2092 4136; x_wconf 86' lang='lat' dir='ltr'><strong>habent</strong></span> 
     </span>
    </p>
   </div>
   <div class='ocr_carea' id='block_1_41' title="bbox 502 4133 2099 4230">
    <p class='ocr_par' dir='ltr' id='par_1_41' title="bbox 502 4133 2099 4230">
     <span class='ocr_line' id='line_1_41' title="bbox 502 4133 2099 4230; baseline 0.024 -41"><span class='ocrx_word' id='word_1_300' title='bbox 502 4133 612 4204; x_wconf 91' lang='lat' dir='ltr'><strong>lac,</strong></span> <span class='ocrx_word' id='word_1_301' title='bbox 635 4138 689 4192; x_wconf 90' lang='lat' dir='ltr'><strong>id</strong></span> <span class='ocrx_word' id='word_1_302' title='bbox 710 4148 793 4196; x_wconf 91' lang='lat' dir='ltr'><strong>est</strong></span> <span class='ocrx_word' id='word_1_303' title='bbox 815 4143 1112 4216; x_wconf 87' lang='lat' dir='ltr'><strong>simplicem</strong></span> <span class='ocrx_word' id='word_1_304' title='bbox 1137 4147 1296 4205; x_wconf 85' lang='lat' dir='ltr'><strong>ﬁdem</strong></span> <span class='ocrx_word' id='word_1_305' title='bbox 1334 4133 1808 4227; x_wconf 54' lang='lat' dir='ltr'><strong>etfintellectum;</strong></span> <span class='ocrx_word' id='word_1_306' title='bbox 1839 4172 1894 4218; x_wconf 92' lang='lat' dir='ltr'><strong>et</strong></span> <span class='ocrx_word' id='word_1_307' title='bbox 1930 4133 2099 4230; x_wconf 16' lang='lat' dir='ltr'><strong>habet.</strong></span> 
     </span>
    </p>
   </div>
   <div class='ocr_carea' id='block_1_42' title="bbox 502 4227 2088 4319">
    <p class='ocr_par' dir='ltr' id='par_1_42' title="bbox 502 4227 2088 4319">
     <span class='ocr_line' id='line_1_42' title="bbox 502 4227 2088 4319; baseline 0.023 -38"><span class='ocrx_word' id='word_1_308' title='bbox 502 4227 600 4300; x_wconf 83' lang='lat' dir='ltr'><strong>qui</strong></span> <span class='ocrx_word' id='word_1_309' title='bbox 627 4230 906 4290; x_wconf 89' lang='lat' dir='ltr'><strong>abundant</strong></span> <span class='ocrx_word' id='word_1_310' title='bbox 943 4237 1146 4310; x_wconf 81' lang='lat' dir='ltr'><strong>divitiis</strong></span> <span class='ocrx_word' id='word_1_311' title='bbox 1173 4243 1564 4316; x_wconf 88' lang='lat' dir='ltr'><strong>spiritualibus,</strong></span> <span class='ocrx_word' id='word_1_312' title='bbox 1607 4259 1663 4306; x_wconf 94' lang='lat' dir='ltr'><strong>et</strong></span> <span class='ocrx_word' id='word_1_313' title='bbox 1706 4254 1930 4313; x_wconf 88' lang='lat' dir='ltr'><strong>scientia</strong></span> <span class='ocrx_word' id='word_1_314' title='bbox 1984 4261 2088 4319; x_wconf 90' lang='lat' dir='ltr'><strong>hu-</strong></span> 
     </span>
    </p>
   </div>
   <div class='ocr_carea' id='block_1_43' title="bbox 502 4320 2088 4410">
    <p class='ocr_par' dir='ltr' id='par_1_43' title="bbox 502 4320 2088 4410">
     <span class='ocr_line' id='line_1_43' title="bbox 502 4320 2088 4410; baseline 0.025 -39"><span class='ocrx_word' id='word_1_315' title='bbox 502 4320 780 4380; x_wconf 88' lang='lat' dir='ltr'><strong>manitatis</strong></span> <span class='ocrx_word' id='word_1_316' title='bbox 825 4335 988 4398; x_wconf 89' lang='lat' dir='ltr'><strong>atque</strong></span> <span class='ocrx_word' id='word_1_317' title='bbox 1010 4330 1332 4403; x_wconf 85' lang='lat' dir='ltr'><strong>divinitatis,</strong></span> <span class='ocrx_word' id='word_1_318' title='bbox 1375 4353 1439 4394; x_wconf 87' lang='lat' dir='ltr'><strong>ex</strong></span> <span class='ocrx_word' id='word_1_319' title='bbox 1481 4341 1679 4410; x_wconf 90' lang='lat' dir='ltr'><strong>quibus</strong></span> <span class='ocrx_word' id='word_1_320' title='bbox 1712 4350 1962 4407; x_wconf 92' lang='lat' dir='ltr'><strong>omnibus</strong></span> <span class='ocrx_word' id='word_1_321' title='bbox 1999 4369 2088 4410; x_wconf 89' lang='lat' dir='ltr'><strong>su-</strong></span> 
     </span>
    </p>
   </div>
   <div class='ocr_carea' id='block_1_44' title="bbox 572 4595 2082 4697">
    <p class='ocr_par' dir='ltr' id='par_1_44' title="bbox 572 4595 2082 4697">
     <span class='ocr_line' id='line_1_44' title="bbox 572 4595 2082 4697; baseline 0.023 -48"><span class='ocrx_word' id='word_1_322' title='bbox 572 4611 592 4646; x_wconf 73' lang='lat' dir='ltr'><strong>c</strong></span> <span class='ocrx_word' id='word_1_323' title='bbox 639 4595 776 4665; x_wconf 86' lang='lat' dir='ltr'><strong>Quia</strong></span> <span class='ocrx_word' id='word_1_324' title='bbox 811 4599 900 4658; x_wconf 90' lang='lat' dir='ltr'><strong>hic</strong></span> <span class='ocrx_word' id='word_1_325' title='bbox 930 4604 1085 4670; x_wconf 52' lang='lat' dir='ltr'><strong>:dicit</strong></span> <span class='ocrx_word' id='word_1_326' title='bbox 1125 4608 1384 4669; x_wconf 91' lang='lat' dir='ltr'><strong>Dominus</strong></span> <span class='ocrx_word' id='word_1_327' title='bbox 1420 4633 1434 4669; x_wconf 91' lang='lat'><strong>:</strong></span> <span class='ocrx_word' id='word_1_328' title='bbox 1467 4616 1607 4674; x_wconf 87' lang='lat' dir='ltr'><strong>Ecce</strong></span> <span class='ocrx_word' id='word_1_329' title='bbox 1649 4636 1751 4697; x_wconf 86' lang='lat' dir='ltr'><strong>ego</strong></span> <span class='ocrx_word' id='word_1_330' title='bbox 1795 4622 2082 4684; x_wconf 89' lang='lat' dir='ltr'><strong>declinabo</strong></span> 
     </span>
    </p>
   </div>
   <div class='ocr_carea' id='block_1_45' title="bbox 495 4697 2075 4784">
    <p class='ocr_par' dir='ltr' id='par_1_45' title="bbox 495 4697 2075 4784">
     <span class='ocr_line' id='line_1_45' title="bbox 495 4697 2075 4784; baseline 0.024 -43"><span class='ocrx_word' id='word_1_331' title='bbox 495 4699 660 4758; x_wconf 83' lang='lat' dir='ltr'><strong>super</strong></span> <span class='ocrx_word' id='word_1_332' title='bbox 705 4706 848 4760; x_wconf 90' lang='lat' dir='ltr'><strong>eam,</strong></span> <span class='ocrx_word' id='word_1_333' title='bbox 901 4722 921 4748; x_wconf 80' lang='grc' dir='ltr'><strong><em>ι</em></strong></span> <span class='ocrx_word' id='word_1_334' title='bbox 992 4697 1046 4753; x_wconf 91' lang='lat' dir='ltr'><strong>id</strong></span> <span class='ocrx_word' id='word_1_335' title='bbox 1102 4710 1186 4757; x_wconf 85' lang='lat' dir='ltr'><strong>est</strong></span> <span class='ocrx_word' id='word_1_336' title='bbox 1223 4703 1505 4764; x_wconf 90' lang='lat' dir='ltr'><strong>infundam</strong></span> <span class='ocrx_word' id='word_1_337' title='bbox 1557 4727 1722 4784; x_wconf 88' lang='lat' dir='ltr'><strong>super</strong></span> <span class='ocrx_word' id='word_1_338' title='bbox 1772 4716 2075 4778; x_wconf 89' lang='lat' dir='ltr'><strong>Ecclesiam</strong></span> 
     </span>
    </p>
   </div>
   <div class='ocr_carea' id='block_1_46' title="bbox 499 4782 2075 4869">
    <p class='ocr_par' dir='ltr' id='par_1_46' title="bbox 499 4782 2075 4869">
     <span class='ocr_line' id='line_1_46' title="bbox 499 4782 2075 4869; baseline 0.024 -38"><span class='ocrx_word' id='word_1_339' title='bbox 499 4796 520 4831; x_wconf 71' lang='grc' dir='ltr'>ι</span> <span class='ocrx_word' id='word_1_340' title='bbox 555 4782 709 4849; x_wconf 90' lang='lat' dir='ltr'><strong>quasi</strong></span> <span class='ocrx_word' id='word_1_341' title='bbox 756 4782 974 4842; x_wconf 80' lang='lat' dir='ltr'><strong>fluvium</strong></span> <span class='ocrx_word' id='word_1_342' title='bbox 1028 4792 1202 4862; x_wconf 88' lang='lat' dir='ltr'><strong>pacis,</strong></span> <span class='ocrx_word' id='word_1_343' title='bbox 1250 4807 1304 4852; x_wconf 91' lang='lat' dir='ltr'><strong>et</strong></span> <span class='ocrx_word' id='word_1_344' title='bbox 1361 4802 1520 4869; x_wconf 91' lang='lat' dir='ltr'><strong>quasi</strong></span> <span class='ocrx_word' id='word_1_345' title='bbox 1569 4811 1865 4864; x_wconf 88' lang='lat' dir='ltr'><strong>torrentem</strong></span> <span class='ocrx_word' id='word_1_346' title='bbox 1914 4811 2075 4868; x_wconf 87' lang='lat' dir='ltr'><strong>inun-</strong></span> 
     </span>
    </p>
   </div>
   <div class='ocr_carea' id='block_1_47' title="bbox 480 4871 2069 4971">
    <p class='ocr_par' dir='ltr' id='par_1_47' title="bbox 480 4871 2069 4971">
     <span class='ocr_line' id='line_1_47' title="bbox 480 4871 2069 4971; baseline 0.022 -47"><span class='ocrx_word' id='word_1_347' title='bbox 480 4871 733 4941; x_wconf 49' lang='lat' dir='ltr'><strong>&#39;dantem,</strong></span> <span class='ocrx_word' id='word_1_348' title='bbox 773 4895 793 4929; x_wconf 78' lang='grc' dir='ltr'><strong><em>ι</em></strong></span> <span class='ocrx_word' id='word_1_349' title='bbox 826 4879 1146 4937; x_wconf 88' lang='lat' dir='ltr'><strong>subauditur</strong></span> <span class='ocrx_word' id='word_1_350' title='bbox 1175 4885 1476 4959; x_wconf 78' lang='lat' dir='ltr'><strong>infundant,</strong></span> <span class='ocrx_word' id='word_1_351' title='bbox 1513 4911 1532 4946; x_wconf 80' lang='grc' dir='ltr'>ι</span> <span class='ocrx_word' id='word_1_352' title='bbox 1565 4894 1791 4965; x_wconf 89' lang='lat' dir='ltr'><strong>gloriam</strong></span> <span class='ocrx_word' id='word_1_353' title='bbox 1825 4903 2069 4971; x_wconf 89' lang='lat' dir='ltr'><strong>gentium</strong></span> 
     </span>
    </p>
   </div>
   <div class='ocr_carea' id='block_1_48' title="bbox 494 4967 2066 5056">
    <p class='ocr_par' dir='ltr' id='par_1_48' title="bbox 494 4967 2066 5056">
     <span class='ocr_line' id='line_1_48' title="bbox 494 4967 2066 5056; baseline 0.022 -43"><span class='ocrx_word' id='word_1_354' title='bbox 494 4975 659 5032; x_wconf 88' lang='lat' dir='ltr'><strong>quam</strong></span> <span class='ocrx_word' id='word_1_355' title='bbox 684 4967 906 5038; x_wconf 90' lang='lat' dir='ltr'><strong>sugetis.</strong></span> <span class='ocrx_word' id='word_1_356' title='bbox 941 4987 960 5022; x_wconf 78' lang='grc' dir='ltr'><strong><em>ι</em></strong></span> <span class='ocrx_word' id='word_1_357' title='bbox 996 4969 1103 5027; x_wconf 91' lang='lat' dir='ltr'><strong>lstc</strong></span> <span class='ocrx_word' id='word_1_358' title='bbox 1133 4985 1216 5030; x_wconf 91' lang='lat' dir='ltr'><strong>est</strong></span> <span class='ocrx_word' id='word_1_359' title='bbox 1241 4975 1436 5036; x_wconf 83' lang='lat' dir='ltr'><strong>fluvius</strong></span> <span class='ocrx_word' id='word_1_360' title='bbox 1460 4983 1611 5052; x_wconf 89' lang='lat' dir='ltr'><strong>pacis</strong></span> <span class='ocrx_word' id='word_1_361' title='bbox 1645 5001 1805 5056; x_wconf 88' lang='lat' dir='ltr'><strong>quem</strong></span> <span class='ocrx_word' id='word_1_362' title='bbox 1830 4967 2066 5048; x_wconf 80' lang='lat' dir='ltr'><strong>infundit</strong></span> 
     </span>
    </p>
   </div>
   <div class='ocr_carea' id='block_1_49' title="bbox 492 5056 2070 5154">
    <p class='ocr_par' dir='ltr' id='par_1_49' title="bbox 492 5056 2070 5154">
     <span class='ocr_line' id='line_1_49' title="bbox 492 5056 2070 5154; baseline 0.02 -46"><span class='ocrx_word' id='word_1_363' title='bbox 492 5067 656 5124; x_wconf 84' lang='lat' dir='ltr'><strong>super</strong></span> <span class='ocrx_word' id='word_1_364' title='bbox 682 5056 1000 5130; x_wconf 89' lang='lat' dir='ltr'><strong>Ecclesiam,</strong></span> <span class='ocrx_word' id='word_1_365' title='bbox 1027 5064 1095 5121; x_wconf 90' lang='lat' dir='ltr'><strong>de</strong></span> <span class='ocrx_word' id='word_1_366' title='bbox 1121 5082 1229 5137; x_wconf 92' lang='lat' dir='ltr'><strong>quo</strong></span> <span class='ocrx_word' id='word_1_367' title='bbox 1253 5069 1453 5128; x_wconf 90' lang='lat' dir='ltr'><strong>dicitur</strong></span> <span class='ocrx_word' id='word_1_368' title='bbox 1475 5092 1489 5128; x_wconf 89' lang='lat'><strong>:</strong></span> <span class='ocrx_word' id='word_1_369' title='bbox 1528 5095 1548 5128; x_wconf 74' lang='grc' dir='ltr'>σ</span> <span class='ocrx_word' id='word_1_370' title='bbox 1604 5077 1869 5136; x_wconf 90' lang='lat' dir='ltr'><strong>Fluminis</strong></span> <span class='ocrx_word' id='word_1_371' title='bbox 1894 5082 2070 5154; x_wconf 85' lang='lat' dir='ltr'><strong>impe-</strong></span> 
     </span>
    </p>
   </div>
   <div class='ocr_carea' id='block_1_50' title="bbox 489 5144 2068 5241">
    <p class='ocr_par' dir='ltr' id='par_1_50' title="bbox 489 5144 2068 5241">
     <span class='ocr_line' id='line_1_50' title="bbox 489 5144 2068 5241; baseline 0.021 -43"><span class='ocrx_word' id='word_1_372' title='bbox 489 5151 582 5206; x_wconf 77' lang='lat' dir='ltr'><strong>tus</strong></span> <span class='ocrx_word' id='word_1_373' title='bbox 606 5144 842 5206; x_wconf 74' lang='lat' dir='ltr'><strong>ltetilicat</strong></span> <span class='ocrx_word' id='word_1_374' title='bbox 865 5152 1140 5212; x_wconf 88' lang='lat' dir='ltr'><strong>civitatem</strong></span> <span class='ocrx_word' id='word_1_375' title='bbox 1166 5158 1262 5215; x_wconf 90' lang='lat' dir='ltr'><strong>Dei</strong></span> <span class='ocrx_word' id='word_1_376' title='bbox 1285 5158 1460 5232; x_wconf 73' lang='lat' dir='ltr'><strong>(Paul.</strong></span> <span class='ocrx_word' id='word_1_377' title='bbox 1482 5170 1726 5241; x_wconf 73' lang='lat' dir='ltr'><strong>LXXXVI);</strong></span> <span class='ocrx_word' id='word_1_378' title='bbox 1759 5190 1777 5224; x_wconf 72' lang='grc' dir='ltr'>ι</span> <span class='ocrx_word' id='word_1_379' title='bbox 1817 5190 1836 5224; x_wconf 70' lang='grc' dir='ltr'><strong>ε</strong></span> <span class='ocrx_word' id='word_1_380' title='bbox 1873 5172 1941 5229; x_wconf 83' lang='grc' dir='ltr'><strong>Ει</strong></span> <span class='ocrx_word' id='word_1_381' title='bbox 1967 5144 2068 5230; x_wconf 67' lang='lat' dir='ltr'><strong>ilu-</strong></span> 
     </span>
    </p>
   </div>
   <div class='ocr_carea' id='block_1_51' title="bbox 489 5236 2057 5337">
    <p class='ocr_par' dir='ltr' id='par_1_51' title="bbox 489 5236 2057 5337">
     <span class='ocr_line' id='line_1_51' title="bbox 489 5236 2057 5337; baseline 0.016 -41"><span class='ocrx_word' id='word_1_382' title='bbox 489 5236 637 5296; x_wconf 82' lang='lat' dir='ltr'><strong>mina</strong></span> <span class='ocrx_word' id='word_1_383' title='bbox 660 5238 728 5296; x_wconf 92' lang='lat' dir='ltr'><strong>de</strong></span> <span class='ocrx_word' id='word_1_384' title='bbox 752 5249 939 5299; x_wconf 87' lang='lat' dir='ltr'><strong>ventre</strong></span> <span class='ocrx_word' id='word_1_385' title='bbox 965 5243 1081 5315; x_wconf 91' lang='lat' dir='ltr'><strong>ejus</strong></span> <span class='ocrx_word' id='word_1_386' title='bbox 1106 5246 1274 5307; x_wconf 84' lang='lat' dir='ltr'><strong>ﬂuent</strong></span> <span class='ocrx_word' id='word_1_387' title='bbox 1301 5267 1455 5323; x_wconf 62' lang='lat' dir='ltr'><strong>aquae</strong></span> <span class='ocrx_word' id='word_1_388' title='bbox 1501 5257 1638 5315; x_wconf 67' lang='lat' dir='ltr'><strong>viva:</strong></span> <span class='ocrx_word' id='word_1_389' title='bbox 1666 5236 1847 5330; x_wconf 56' lang='grc' dir='ltr'><strong>(ξιοαη.</strong></span> <span class='ocrx_word' id='word_1_390' title='bbox 1879 5265 2001 5337; x_wconf 85' lang='lat' dir='ltr'><strong>vn),</strong></span> <span class='ocrx_word' id='word_1_391' title='bbox 2036 5287 2057 5320; x_wconf 72' lang='grc' dir='ltr'><strong><em>ι</em></strong></span> 
     </span>
    </p>
   </div>
   <div class='ocr_carea' id='block_1_52' title="bbox 487 5326 2056 5425">
    <p class='ocr_par' dir='ltr' id='par_1_52' title="bbox 487 5326 2056 5425">
     <span class='ocr_line' id='line_1_52' title="bbox 487 5326 2056 5425; baseline 0.023 -44"><span class='ocrx_word' id='word_1_392' title='bbox 487 5326 628 5384; x_wconf 88' lang='lat' dir='ltr'><strong>dona</strong></span> <span class='ocrx_word' id='word_1_393' title='bbox 680 5333 932 5392; x_wconf 89' lang='lat' dir='ltr'><strong>videlicet</strong></span> <span class='ocrx_word' id='word_1_394' title='bbox 983 5337 1218 5409; x_wconf 86' lang='lat' dir='ltr'><strong>Spiritus</strong></span> <span class='ocrx_word' id='word_1_395' title='bbox 1263 5347 1436 5403; x_wconf 88' lang='lat' dir='ltr'><strong>sancti</strong></span> <span class='ocrx_word' id='word_1_396' title='bbox 1483 5364 1603 5419; x_wconf 73' lang='lat' dir='ltr'><strong>quae</strong></span> <span class='ocrx_word' id='word_1_397' title='bbox 1650 5326 1969 5425; x_wconf 37' lang='lat' dir='ltr'><strong>accipimus,</strong></span> <span class='ocrx_word' id='word_1_398' title='bbox 2001 5362 2056 5418; x_wconf 88' lang='lat' dir='ltr'><strong>in</strong></span> 
     </span>
    </p>
   </div>
   <div class='ocr_carea' id='block_1_53' title="bbox 484 5417 2057 5518">
    <p class='ocr_par' dir='ltr' id='par_1_53' title="bbox 484 5417 2057 5518">
     <span class='ocr_line' id='line_1_53' title="bbox 484 5417 2057 5518; baseline 0.021 -44"><span class='ocrx_word' id='word_1_399' title='bbox 484 5417 755 5490; x_wconf 85' lang='lat' dir='ltr'><strong>baptismo</strong></span> <span class='ocrx_word' id='word_1_400' title='bbox 785 5432 838 5480; x_wconf 91' lang='lat' dir='ltr'><strong>et</strong></span> <span class='ocrx_word' id='word_1_401' title='bbox 882 5427 938 5482; x_wconf 92' lang='lat' dir='ltr'><strong>in</strong></span> <span class='ocrx_word' id='word_1_402' title='bbox 994 5431 1404 5494; x_wconf 84' lang='lat' dir='ltr'><strong>confirmatione</strong></span> <span class='ocrx_word' id='word_1_403' title='bbox 1453 5417 1646 5498; x_wconf 80' lang='lat' dir='ltr'><strong>manus</strong></span> <span class='ocrx_word' id='word_1_404' title='bbox 1690 5447 1946 5518; x_wconf 86' lang='lat' dir='ltr'><strong>episcopi,</strong></span> <span class='ocrx_word' id='word_1_405' title='bbox 2000 5460 2057 5507; x_wconf 91' lang='lat' dir='ltr'><strong>et</strong></span> 
     </span>
    </p>
   </div>
   <div class='ocr_carea' id='block_1_54' title="bbox 480 5518 2053 5599">
    <p class='ocr_par' dir='ltr' id='par_1_54' title="bbox 480 5518 2053 5599">
     <span class='ocr_line' id='line_1_54' title="bbox 480 5518 2053 5599; baseline 0.022 -34"><span class='ocrx_word' id='word_1_406' title='bbox 480 5523 583 5582; x_wconf 78' lang='lat' dir='ltr'><strong>per</strong></span> <span class='ocrx_word' id='word_1_407' title='bbox 605 5527 726 5583; x_wconf 80' lang='lat' dir='ltr'><strong>qua:</strong></span> <span class='ocrx_word' id='word_1_408' title='bbox 748 5518 1101 5586; x_wconf 85' lang='lat' dir='ltr'><strong>pacificamur</strong></span> <span class='ocrx_word' id='word_1_409' title='bbox 1122 5526 1232 5582; x_wconf 91' lang='lat' dir='ltr'><strong>Deo</strong></span> <span class='ocrx_word' id='word_1_410' title='bbox 1256 5527 1424 5597; x_wconf 88' lang='lat' dir='ltr'><strong>Patri,</strong></span> <span class='ocrx_word' id='word_1_411' title='bbox 1448 5531 1533 5587; x_wconf 91' lang='lat' dir='ltr'><strong>vel</strong></span> <span class='ocrx_word' id='word_1_412' title='bbox 1568 5535 1727 5590; x_wconf 90' lang='lat' dir='ltr'><strong>etiam</strong></span> <span class='ocrx_word' id='word_1_413' title='bbox 1751 5538 2053 5599; x_wconf 83' lang='lat' dir='ltr'><strong>doctrinam</strong></span> 
     </span>
    </p>
   </div>
   <div class='ocr_carea' id='block_1_55' title="bbox 481 5600 2050 5696">
    <p class='ocr_par' dir='ltr' id='par_1_55' title="bbox 481 5600 2050 5696">
     <span class='ocr_line' id='line_1_55' title="bbox 481 5600 2050 5696; baseline 0.022 -41"><span class='ocrx_word' id='word_1_414' title='bbox 481 5600 776 5676; x_wconf 83' lang='lat' dir='ltr'><strong>Evangelii.</strong></span> <span class='ocrx_word' id='word_1_415' title='bbox 808 5609 990 5668; x_wconf 86' lang='lat' dir='ltr'><strong>Gloria</strong></span> <span class='ocrx_word' id='word_1_416' title='bbox 1032 5623 1211 5672; x_wconf 90' lang='lat' dir='ltr'><strong>autem</strong></span> <span class='ocrx_word' id='word_1_417' title='bbox 1259 5623 1496 5690; x_wconf 90' lang='lat' dir='ltr'><strong>gentium</strong></span> <span class='ocrx_word' id='word_1_418' title='bbox 1550 5627 1702 5696; x_wconf 87' lang='lat' dir='ltr'><strong>quasi</strong></span> <span class='ocrx_word' id='word_1_419' title='bbox 1756 5637 2050 5689; x_wconf 90' lang='lat' dir='ltr'><strong>torrentem</strong></span> 
     </span>
    </p>
   </div>
   <div class='ocr_carea' id='block_1_56' title="bbox 481 5691 2051 5792">
    <p class='ocr_par' dir='ltr' id='par_1_56' title="bbox 481 5691 2051 5792">
     <span class='ocr_line' id='line_1_56' title="bbox 481 5691 2051 5792; baseline 0.021 -45"><span class='ocrx_word' id='word_1_420' title='bbox 481 5691 858 5767; x_wconf 77' lang='lat' dir='ltr'><strong>inundantem,</strong></span> <span class='ocrx_word' id='word_1_421' title='bbox 905 5701 1064 5759; x_wconf 81' lang='lat' dir='ltr'><strong>ﬁdem</strong></span> <span class='ocrx_word' id='word_1_422' title='bbox 1093 5705 1306 5764; x_wconf 89' lang='lat' dir='ltr'><strong>illarum</strong></span> <span class='ocrx_word' id='word_1_423' title='bbox 1336 5691 1755 5788; x_wconf 48' lang='lat' dir='ltr'><strong>appellat-quam</strong></span> <span class='ocrx_word' id='word_1_424' title='bbox 1784 5720 2051 5792; x_wconf 86' lang='lat' dir='ltr'><strong>gloriﬁca-</strong></span> 
     </span>
    </p>
   </div>
   <div class='ocr_carea' id='block_1_57' title="bbox 480 5783 2052 5885">
    <p class='ocr_par' dir='ltr' id='par_1_57' title="bbox 480 5783 2052 5885">
     <span class='ocr_line' id='line_1_57' title="bbox 480 5783 2052 5885; baseline 0.024 -49"><span class='ocrx_word' id='word_1_425' title='bbox 480 5783 559 5836; x_wconf 74' lang='lat' dir='ltr'><strong>vit</strong></span> <span class='ocrx_word' id='word_1_426' title='bbox 611 5784 844 5857; x_wconf 79' lang='lat' dir='ltr'><strong>Spiritus</strong></span> <span class='ocrx_word' id='word_1_427' title='bbox 891 5803 1108 5852; x_wconf 84' lang='lat' dir='ltr'><strong>sanctus</strong></span> <span class='ocrx_word' id='word_1_428' title='bbox 1143 5801 1234 5870; x_wconf 88' lang='lat' dir='ltr'><strong>qui</strong></span> <span class='ocrx_word' id='word_1_429' title='bbox 1283 5801 1548 5862; x_wconf 87' lang='lat' dir='ltr'><strong>inundans</strong></span> <span class='ocrx_word' id='word_1_430' title='bbox 1595 5783 1813 5867; x_wconf 32' lang='lat' dir='ltr'><strong>dicitur“</strong></span> <span class='ocrx_word' id='word_1_431' title='bbox 1833 5824 2052 5885; x_wconf 84' lang='lat' dir='ltr'><strong>propter</strong></span> 
     </span>
    </p>
   </div>
   <div class='ocr_carea' id='block_1_58' title="bbox 1082 347 3336 479">
    <p class='ocr_par' dir='ltr' id='par_1_58' title="bbox 1082 347 3336 479">
     <span class='ocr_line' id='line_1_58' title="bbox 1082 347 3336 479; baseline 0.013 -31"><span class='ocrx_word' id='word_1_432' title='bbox 1082 392 1436 453; x_wconf 79' lang='lat' dir='ltr'><strong>HAYMONIS</strong></span> <span class='ocrx_word' id='word_1_433' title='bbox 1475 347 1947 457; x_wconf 54' lang='lat' dir='ltr'><strong>HALBERSTA&#39;D.</strong></span> <span class='ocrx_word' id='word_1_434' title='bbox 1991 402 2207 460; x_wconf 75' lang='lat' dir='ltr'><strong>EPlSC.</strong></span> <span class='ocrx_word' id='word_1_435' title='bbox 2247 404 2398 462; x_wconf 87' lang='lat' dir='ltr'><strong>OPP.</strong></span> <span class='ocrx_word' id='word_1_436' title='bbox 2441 407 2621 468; x_wconf 79' lang='lat' dir='ltr'><strong>PARS</strong></span> <span class='ocrx_word' id='word_1_437' title='bbox 2657 410 3126 474; x_wconf 76' lang='lat' dir='ltr'><strong>L—COMMENT.</strong></span> <span class='ocrx_word' id='word_1_438' title='bbox 3168 420 3336 479; x_wconf 85' lang='lat' dir='ltr'><strong>BIBL.</strong></span> 
     </span>
    </p>
   </div>
   <div class='ocr_carea' id='block_1_59' title="bbox 583 495 3502 592">
    <p class='ocr_par' dir='ltr' id='par_1_59' title="bbox 583 495 3502 592">
     <span class='ocr_line' id='line_1_59' title="bbox 583 495 3502 592; baseline 0.014 -41"><span class='ocrx_word' id='word_1_439' title='bbox 583 495 922 565; x_wconf 70' lang='lat' dir='ltr'><strong>subauditur,</strong></span> <span class='ocrx_word' id='word_1_440' title='bbox 962 515 1068 556; x_wconf 92' lang='lat' dir='ltr'><strong>nou</strong></span> <span class='ocrx_word' id='word_1_441' title='bbox 1109 519 1220 559; x_wconf 89' lang='lat' dir='ltr'><strong>ero.</strong></span> <span class='ocrx_word' id='word_1_442' title='bbox 1247 504 1360 562; x_wconf 84' lang='lat' dir='ltr'><strong>Hoc</strong></span> <span class='ocrx_word' id='word_1_443' title='bbox 1408 507 1476 563; x_wconf 87' lang='lat' dir='ltr'><strong>ad</strong></span> <span class='ocrx_word' id='word_1_444' title='bbox 1503 506 1631 564; x_wconf 91' lang='lat' dir='ltr'><strong>Sion</strong></span> <span class='ocrx_word' id='word_1_445' title='bbox 1670 510 1822 576; x_wconf 85' lang='lat' dir='ltr'><strong>dicit,</strong></span> <span class='ocrx_word' id='word_1_446' title='bbox 1848 511 1901 567; x_wconf 94' lang='lat' dir='ltr'><strong>id</strong></span> <span class='ocrx_word' id='word_1_447' title='bbox 1925 520 2027 579; x_wconf 91' lang='lat' dir='ltr'><strong>est,</strong></span> <span class='ocrx_word' id='word_1_448' title='bbox 2053 514 2162 584; x_wconf 82' lang='lat' dir='ltr'><strong>pri-</strong></span> <span class='ocrx_word' id='word_1_449' title='bbox 2187 518 2241 579; x_wconf 80' lang='grc' dir='ltr'>Α</span> <span class='ocrx_word' id='word_1_450' title='bbox 2267 516 2623 576; x_wconf 87' lang='lat' dir='ltr'><strong>velocitatem.</strong></span> <span class='ocrx_word' id='word_1_451' title='bbox 2671 521 2940 582; x_wconf 81' lang='lat' dir='ltr'><strong>Velociter</strong></span> <span class='ocrx_word' id='word_1_452' title='bbox 3006 531 3152 586; x_wconf 88' lang='lat' dir='ltr'><strong>enim</strong></span> <span class='ocrx_word' id='word_1_453' title='bbox 3213 534 3281 589; x_wconf 88' lang='lat' dir='ltr'><strong>ad</strong></span> <span class='ocrx_word' id='word_1_454' title='bbox 3343 535 3502 592; x_wconf 86' lang='lat' dir='ltr'><strong>fidem</strong></span> 
     </span>
    </p>
   </div>
   <div class='ocr_carea' id='block_1_60' title="bbox 2183 2989 2457 3054">
    <p class='ocr_par' dir='ltr' id='par_1_60' title="bbox 2183 2989 2457 3054">
     <span class='ocr_line' id='line_1_60' title="bbox 2183 2989 2457 3054; baseline 0.036 -15"><span class='ocrx_word' id='word_1_455' title='bbox 2183 3019 2192 3027; x_wconf 87' lang='lat'><strong>-</strong></span> <span class='ocrx_word' id='word_1_456' title='bbox 2213 2989 2289 3054; x_wconf 86' lang='lat' dir='ltr'><strong>sis</strong></span> <span class='ocrx_word' id='word_1_457' title='bbox 2328 2991 2457 3048; x_wconf 87' lang='lat' dir='ltr'><strong>locis</strong></span> 
     </span>
    </p>
   </div>
   <div class='ocr_carea' id='block_1_61' title="bbox 2155 4620 2900 4711">
    <p class='ocr_par' dir='ltr' id='par_1_61' title="bbox 2155 4620 2900 4711">
     <span class='ocr_line' id='line_1_61' title="bbox 2155 4620 2900 4711; baseline 0.038 -37"><span class='ocrx_word' id='word_1_458' title='bbox 2155 4620 2398 4683; x_wconf 52' lang='lat' dir='ltr'><strong>’fructus</strong></span> <span class='ocrx_word' id='word_1_459' title='bbox 2425 4629 2579 4688; x_wconf 74' lang='lat' dir='ltr'><strong>bonae</strong></span> <span class='ocrx_word' id='word_1_460' title='bbox 2605 4638 2900 4711; x_wconf 88' lang='lat' dir='ltr'><strong>voluntatis</strong></span> 
     </span>
    </p>
   </div>
   <div class='ocr_carea' id='block_1_62' title="bbox 3713 432 3856 490">
    <p class='ocr_par' dir='ltr' id='par_1_62' title="bbox 3713 432 3856 490">
     <span class='ocr_line' id='line_1_62' title="bbox 3713 432 3856 490; baseline 0.028 -4"><span class='ocrx_word' id='word_1_461' title='bbox 3713 432 3741 487; x_wconf 70' lang='grc' dir='ltr'>ί</span> <span class='ocrx_word' id='word_1_462' title='bbox 3750 432 3856 490; x_wconf 83' lang='grc'><strong>080</strong></span> 
     </span>
    </p>
   </div>
   <div class='ocr_carea' id='block_1_63' title="bbox 3554 555 3848 601">
    <p class='ocr_par' dir='ltr' id='par_1_63' title="bbox 3554 555 3848 601">
     <span class='ocr_line' id='line_1_63' title="bbox 3554 555 3848 601; baseline 0.027 -8"><span class='ocrx_word' id='word_1_463' title='bbox 3554 555 3848 601; x_wconf 84' lang='lat' dir='ltr'><strong>venerunt.</strong></span> 
     </span>
    </p>
   </div>
   <div class='ocr_carea' id='block_1_64' title="bbox 2270 610 3850 705">
    <p class='ocr_par' dir='ltr' id='par_1_64' title="bbox 2270 610 3850 705">
     <span class='ocr_line' id='line_1_64' title="bbox 2270 610 3850 705; baseline 0.02 -44"><span class='ocrx_word' id='word_1_464' title='bbox 2270 627 2289 661; x_wconf 77' lang='grc' dir='ltr'>ι</span> <span class='ocrx_word' id='word_1_465' title='bbox 2326 610 2410 665; x_wconf 88' lang='lat' dir='ltr'><strong>Ad</strong></span> <span class='ocrx_word' id='word_1_466' title='bbox 2444 611 2606 668; x_wconf 87' lang='lat' dir='ltr'><strong>ubera</strong></span> <span class='ocrx_word' id='word_1_467' title='bbox 2653 617 3022 688; x_wconf 90' lang='lat' dir='ltr'><strong>portabimini,</strong></span> <span class='ocrx_word' id='word_1_468' title='bbox 3052 641 3070 674; x_wconf 78' lang='grc' dir='ltr'><strong><em>ι</em></strong></span> <span class='ocrx_word' id='word_1_469' title='bbox 3118 625 3439 686; x_wconf 84' lang='lat' dir='ltr'><strong>subauditur</strong></span> <span class='ocrx_word' id='word_1_470' title='bbox 3474 633 3545 688; x_wconf 87' lang='lat' dir='ltr'><strong>ab</strong></span> <span class='ocrx_word' id='word_1_471' title='bbox 3585 633 3850 705; x_wconf 82' lang='lat' dir='ltr'><strong>Apostolo</strong></span> 
     </span>
    </p>
   </div>
   <div class='ocr_carea' id='block_1_65' title="bbox 2262 704 3849 795">
    <p class='ocr_par' dir='ltr' id='par_1_65' title="bbox 2262 704 3849 795">
     <span class='ocr_line' id='line_1_65' title="bbox 2262 704 3849 795; baseline 0.019 -39"><span class='ocrx_word' id='word_1_472' title='bbox 2262 708 2317 756; x_wconf 89' lang='lat' dir='ltr'><strong>et</strong></span> <span class='ocrx_word' id='word_1_473' title='bbox 2336 704 2710 774; x_wconf 82' lang='lat' dir='ltr'><strong>praedicatore,</strong></span> <span class='ocrx_word' id='word_1_474' title='bbox 2761 708 2816 763; x_wconf 88' lang='lat' dir='ltr'><strong>id</strong></span> <span class='ocrx_word' id='word_1_475' title='bbox 2836 719 2920 766; x_wconf 91' lang='lat' dir='ltr'><strong>est</strong></span> <span class='ocrx_word' id='word_1_476' title='bbox 2962 714 3032 768; x_wconf 89' lang='lat' dir='ltr'><strong>ad</strong></span> <span class='ocrx_word' id='word_1_477' title='bbox 3080 715 3220 772; x_wconf 87' lang='lat' dir='ltr'><strong>dona</strong></span> <span class='ocrx_word' id='word_1_478' title='bbox 3254 720 3488 795; x_wconf 89' lang='lat' dir='ltr'><strong>Spiritus</strong></span> <span class='ocrx_word' id='word_1_479' title='bbox 3515 704 3743 793; x_wconf 81' lang='lat' dir='ltr'><strong>sancti,</strong></span> <span class='ocrx_word' id='word_1_480' title='bbox 3766 731 3849 786; x_wconf 81' lang='lat' dir='ltr'><strong>vel</strong></span> 
     </span>
    </p>
   </div>
   <div class='ocr_carea' id='block_1_66' title="bbox 2259 792 3858 893">
    <p class='ocr_par' dir='ltr' id='par_1_66' title="bbox 2259 792 3858 893">
     <span class='ocr_line' id='line_1_66' title="bbox 2259 792 3858 893; baseline 0.022 -48"><span class='ocrx_word' id='word_1_481' title='bbox 2259 792 2421 847; x_wconf 90' lang='lat' dir='ltr'><strong>etiam</strong></span> <span class='ocrx_word' id='word_1_482' title='bbox 2450 795 2518 850; x_wconf 91' lang='lat' dir='ltr'><strong>ad</strong></span> <span class='ocrx_word' id='word_1_483' title='bbox 2543 797 2848 855; x_wconf 89' lang='lat' dir='ltr'><strong>doctrinam</strong></span> <span class='ocrx_word' id='word_1_484' title='bbox 2877 803 3089 860; x_wconf 85' lang='lat' dir='ltr'><strong>Veteris</strong></span> <span class='ocrx_word' id='word_1_485' title='bbox 3116 815 3171 866; x_wconf 88' lang='lat' dir='ltr'><strong>et</strong></span> <span class='ocrx_word' id='word_1_486' title='bbox 3193 792 3325 882; x_wconf 76' lang='lat' dir='ltr'><strong>Novi</strong></span> <span class='ocrx_word' id='word_1_487' title='bbox 3356 812 3696 874; x_wconf 87' lang='lat' dir='ltr'><strong>Testamenti</strong></span> <span class='ocrx_word' id='word_1_488' title='bbox 3723 839 3858 893; x_wconf 68' lang='lat' dir='ltr'><strong>por-.</strong></span> 
     </span>
    </p>
   </div>
   <div class='ocr_carea' id='block_1_67' title="bbox 2258 884 3843 984">
    <p class='ocr_par' dir='ltr' id='par_1_67' title="bbox 2258 884 3843 984">
     <span class='ocr_line' id='line_1_67' title="bbox 2258 884 3843 984; baseline 0.022 -48"><span class='ocrx_word' id='word_1_489' title='bbox 2258 884 2524 953; x_wconf 82' lang='lat' dir='ltr'><strong>tabimini,</strong></span> <span class='ocrx_word' id='word_1_490' title='bbox 2559 891 2686 959; x_wconf 88' lang='lat' dir='ltr'><strong>quia</strong></span> <span class='ocrx_word' id='word_1_491' title='bbox 2711 893 2856 961; x_wconf 89' lang='lat' dir='ltr'><strong>quod</strong></span> <span class='ocrx_word' id='word_1_492' title='bbox 2875 895 3250 966; x_wconf 68' lang='lat' dir='ltr'><strong>praedicabunt</strong></span> <span class='ocrx_word' id='word_1_493' title='bbox 3299 905 3400 968; x_wconf 83' lang='lat' dir='ltr'><strong>hoc</strong></span> <span class='ocrx_word' id='word_1_494' title='bbox 3451 909 3698 978; x_wconf 90' lang='lat' dir='ltr'><strong>primum</strong></span> <span class='ocrx_word' id='word_1_495' title='bbox 3723 884 3843 984; x_wconf 67' lang='lat' dir='ltr'><strong>ipsi</strong></span> 
     </span>
    </p>
   </div>
   <div class='ocr_carea' id='block_1_68' title="bbox 2254 974 3842 1067">
    <p class='ocr_par' dir='ltr' id='par_1_68' title="bbox 2254 974 3842 1067">
     <span class='ocr_line' id='line_1_68' title="bbox 2254 974 3842 1067; baseline 0.021 -40"><span class='ocrx_word' id='word_1_496' title='bbox 2254 974 2509 1042; x_wconf 88' lang='lat' dir='ltr'><strong>operibus</strong></span> <span class='ocrx_word' id='word_1_497' title='bbox 2556 979 2947 1053; x_wconf 83' lang='lat' dir='ltr'><strong>adimplebunt,</strong></span> <span class='ocrx_word' id='word_1_498' title='bbox 2973 974 3559 1067; x_wconf 71' lang='lat' dir='ltr'><strong>ut&#39;illorumexemplis</strong></span> <span class='ocrx_word' id='word_1_499' title='bbox 3581 974 3842 1061; x_wconf 75' lang='lat' dir='ltr'><strong>ducatum</strong></span> 
     </span>
    </p>
   </div>
   <div class='ocr_carea' id='block_1_69' title="bbox 2255 1063 3842 1158">
    <p class='ocr_par' dir='ltr' id='par_1_69' title="bbox 2255 1063 3842 1158">
     <span class='ocr_line' id='line_1_69' title="bbox 2255 1063 3842 1158; baseline 0.025 -45"><span class='ocrx_word' id='word_1_500' title='bbox 2255 1063 2550 1133; x_wconf 82' lang='lat' dir='ltr'><strong>accipiatis.</strong></span> <span class='ocrx_word' id='word_1_501' title='bbox 2587 1087 2614 1119; x_wconf 73' lang='grc' dir='ltr'>ι,</span> <span class='ocrx_word' id='word_1_502' title='bbox 2637 1069 2705 1141; x_wconf 83' lang='lat' dir='ltr'><strong>Et</strong></span> <span class='ocrx_word' id='word_1_503' title='bbox 2732 1087 2894 1143; x_wconf 88' lang='lat' dir='ltr'><strong>super</strong></span> <span class='ocrx_word' id='word_1_504' title='bbox 2917 1091 3091 1147; x_wconf 87' lang='lat' dir='ltr'><strong>genua</strong></span> <span class='ocrx_word' id='word_1_505' title='bbox 3116 1063 3722 1158; x_wconf 44' lang='lat' dir='ltr'><strong>blandientur-vobis”</strong></span> <span class='ocrx_word' id='word_1_506' title='bbox 3747 1113 3842 1152; x_wconf 89' lang='lat' dir='ltr'><strong>su-</strong></span> 
     </span>
    </p>
   </div>
   <div class='ocr_carea' id='block_1_70' title="bbox 2251 1153 3839 1248">
    <p class='ocr_par' dir='ltr' id='par_1_70' title="bbox 2251 1153 3839 1248">
     <span class='ocr_line' id='line_1_70' title="bbox 2251 1153 3839 1248; baseline 0.027 -41"><span class='ocrx_word' id='word_1_507' title='bbox 2251 1153 2503 1227; x_wconf 80' lang='lat' dir='ltr'><strong>bauditur</strong></span> <span class='ocrx_word' id='word_1_508' title='bbox 2537 1163 2787 1230; x_wconf 91' lang='lat' dir='ltr'><strong>apostoli,</strong></span> <span class='ocrx_word' id='word_1_509' title='bbox 2817 1167 2870 1222; x_wconf 87' lang='lat' dir='ltr'><strong>id</strong></span> <span class='ocrx_word' id='word_1_510' title='bbox 2901 1178 2985 1225; x_wconf 89' lang='lat' dir='ltr'><strong>est</strong></span> <span class='ocrx_word' id='word_1_511' title='bbox 3009 1171 3061 1226; x_wconf 95' lang='lat' dir='ltr'><strong>in</strong></span> <span class='ocrx_word' id='word_1_512' title='bbox 3096 1180 3344 1240; x_wconf 84' lang='lat' dir='ltr'><strong>secretis.</strong></span> <span class='ocrx_word' id='word_1_513' title='bbox 3369 1190 3424 1236; x_wconf 89' lang='lat' dir='ltr'><strong>et</strong></span> <span class='ocrx_word' id='word_1_514' title='bbox 3469 1193 3839 1248; x_wconf 79' lang='lat' dir='ltr'><strong>sustentatio-</strong></span> 
     </span>
    </p>
   </div>
   <div class='ocr_carea' id='block_1_71' title="bbox 2252 1243 3840 1343">
    <p class='ocr_par' dir='ltr' id='par_1_71' title="bbox 2252 1243 3840 1343">
     <span class='ocr_line' id='line_1_71' title="bbox 2252 1243 3840 1343; baseline 0.028 -46"><span class='ocrx_word' id='word_1_515' title='bbox 2252 1243 2431 1312; x_wconf 90' lang='lat' dir='ltr'><strong>uibus,</strong></span> <span class='ocrx_word' id='word_1_516' title='bbox 2472 1258 2635 1320; x_wconf 88' lang='lat' dir='ltr'><strong>atque</strong></span> <span class='ocrx_word' id='word_1_517' title='bbox 2664 1254 3046 1319; x_wconf 91' lang='lat' dir='ltr'><strong>blandimentis</strong></span> <span class='ocrx_word' id='word_1_518' title='bbox 3093 1264 3487 1340; x_wconf 79' lang='lat' dir='ltr'><strong>fovebuntvos,</strong></span> <span class='ocrx_word' id='word_1_519' title='bbox 3515 1287 3580 1333; x_wconf 91' lang='lat' dir='ltr'><strong>ut</strong></span> <span class='ocrx_word' id='word_1_520' title='bbox 3623 1281 3840 1343; x_wconf 82' lang='lat' dir='ltr'><strong>facilius</strong></span> 
     </span>
    </p>
   </div>
   <div class='ocr_carea' id='block_1_72' title="bbox 2250 1334 3836 1444">
    <p class='ocr_par' dir='ltr' id='par_1_72' title="bbox 2250 1334 3836 1444">
     <span class='ocr_line' id='line_1_72' title="bbox 2250 1334 3836 1444; baseline 0.03 -56"><span class='ocrx_word' id='word_1_521' title='bbox 2250 1334 2304 1388; x_wconf 90' lang='lat' dir='ltr'><strong>in</strong></span> <span class='ocrx_word' id='word_1_522' title='bbox 2349 1337 2452 1393; x_wconf 82' lang='lat' dir='ltr'><strong>fide</strong></span> <span class='ocrx_word' id='word_1_523' title='bbox 2483 1341 2804 1414; x_wconf 88' lang='lat' dir='ltr'><strong>solidemini.</strong></span> <span class='ocrx_word' id='word_1_524' title='bbox 2840 1349 2992 1408; x_wconf 91' lang='lat' dir='ltr'><strong>Unde</strong></span> <span class='ocrx_word' id='word_1_525' title='bbox 3020 1355 3343 1426; x_wconf 78' lang='lat' dir='ltr'><strong>Apostolus:</strong></span> 
     </span>
    </p>
   </div>
   <div class='ocr_carea' id='block_1_73' title="bbox 2249 1422 3834 1536">
    <p class='ocr_par' dir='ltr' id='par_1_73' title="bbox 2249 1422 3834 1536">
     <span class='ocr_line' id='line_1_73' title="bbox 3067 1422 3834 1444; baseline 0.034 -26"><span class='ocrx_word' id='word_1_526' title='bbox 3067 1422 3084 1426; x_wconf 99' lang='lat'><strong>_</strong></span> <span class='ocrx_word' id='word_1_527' title='bbox 3461 1422 3468 1423; x_wconf 38' lang='grc' dir='ltr'><em>κ</em></span> <span class='ocrx_word' id='word_1_528' title='bbox 3507 1422 3549 1424; x_wconf 44' lang='grc' dir='ltr'><strong>ν-</strong></span> <span class='ocrx_word' id='word_1_529' title='bbox 3565 1422 3688 1430; x_wconf 58' lang='grc' dir='ltr'><strong>-νη</strong></span> <span class='ocrx_word' id='word_1_530' title='bbox 3731 1422 3834 1444; x_wconf 64' lang='grc' dir='ltr'><strong>αν.</strong></span> 
     </span>
     <span class='ocr_line' id='line_1_74' title="bbox 2249 1422 3834 1536; baseline 0.033 -62"><span class='ocrx_word' id='word_1_531' title='bbox 2249 1422 2464 1492; x_wconf 80' lang='lat' dir='ltr'><strong>fratres,</strong></span> <span class='ocrx_word' id='word_1_532' title='bbox 2475 1445 2574 1502; x_wconf 90' lang='lat' dir='ltr'><strong>per</strong></span> <span class='ocrx_word' id='word_1_533' title='bbox 2593 1435 3018 1498; x_wconf 88' lang='lat' dir='ltr'><strong>misericordiam</strong></span> <span class='ocrx_word' id='word_1_534' title='bbox 3037 1446 3154 1513; x_wconf 90' lang='lat' dir='ltr'><strong>Dei,</strong></span> <span class='ocrx_word' id='word_1_535' title='bbox 3177 1462 3237 1506; x_wconf 93' lang='lat' dir='ltr'><strong>ut</strong></span> <span class='ocrx_word' id='word_1_536' title='bbox 3260 1456 3574 1518; x_wconf 75' lang='lat' dir='ltr'><strong>exliiheatis</strong></span> <span class='ocrx_word' id='word_1_537' title='bbox 3601 1480 3834 1536; x_wconf 82' lang='lat' dir='ltr'><strong>corpora</strong></span> 
     </span>
    </p>
   </div>
   <div class='ocr_carea' id='block_1_74' title="bbox 2247 1521 3830 1617">
    <p class='ocr_par' dir='ltr' id='par_1_74' title="bbox 2247 1521 3830 1617">
     <span class='ocr_line' id='line_1_75' title="bbox 2247 1521 3830 1617; baseline 0.033 -52"><span class='ocrx_word' id='word_1_538' title='bbox 2247 1523 2422 1570; x_wconf 85' lang='lat' dir='ltr'><strong>vestra</strong></span> <span class='ocrx_word' id='word_1_539' title='bbox 2450 1521 2950 1592; x_wconf 67' lang='lat' dir='ltr'><strong>hostiantsanctam</strong></span> <span class='ocrx_word' id='word_1_540' title='bbox 2984 1536 3162 1606; x_wconf 82' lang='lat' dir='ltr'><strong>(Rom.</strong></span> <span class='ocrx_word' id='word_1_541' title='bbox 3192 1545 3311 1614; x_wconf 82' lang='lat' dir='ltr'><strong>xu);</strong></span> <span class='ocrx_word' id='word_1_542' title='bbox 3349 1567 3368 1600; x_wconf 71' lang='grc' dir='ltr'><strong><em>ι</em></strong></span> <span class='ocrx_word' id='word_1_543' title='bbox 3409 1559 3489 1616; x_wconf 88' lang='lat' dir='ltr'><strong>et,</strong></span> <span class='ocrx_word' id='word_1_544' title='bbox 3525 1572 3547 1604; x_wconf 83' lang='grc'><strong><em>‹</em></strong></span> <span class='ocrx_word' id='word_1_545' title='bbox 3590 1521 3830 1617; x_wconf 57' lang='lat' dir='ltr'><strong>Obsecro</strong></span> 
     </span>
    </p>
   </div>
   <div class='ocr_carea' id='block_1_75' title="bbox 2243 1618 3825 1720">
    <p class='ocr_par' dir='ltr' id='par_1_75' title="bbox 2243 1618 3825 1720">
     <span class='ocr_line' id='line_1_76' title="bbox 2243 1618 3825 1720; baseline 0.032 -64"><span class='ocrx_word' id='word_1_546' title='bbox 2243 1618 2339 1659; x_wconf 86' lang='lat' dir='ltr'><strong>vos</strong></span> <span class='ocrx_word' id='word_1_547' title='bbox 2391 1618 2644 1682; x_wconf 85' lang='lat' dir='ltr'><strong>tanquam</strong></span> <span class='ocrx_word' id='word_1_548' title='bbox 2693 1619 2929 1680; x_wconf 89' lang='lat' dir='ltr'><strong>advenas</strong></span> <span class='ocrx_word' id='word_1_549' title='bbox 2975 1636 3031 1682; x_wconf 90' lang='lat' dir='ltr'><strong>et</strong></span> <span class='ocrx_word' id='word_1_550' title='bbox 3080 1636 3395 1704; x_wconf 85' lang='lat' dir='ltr'><strong>peregrinos</strong></span> <span class='ocrx_word' id='word_1_551' title='bbox 3425 1640 3480 1711; x_wconf 91' lang='grc' dir='ltr'><strong>(Ι</strong></span> <span class='ocrx_word' id='word_1_552' title='bbox 3499 1642 3654 1700; x_wconf 72' lang='lat' dir='ltr'><strong>Patr.</strong></span> <span class='ocrx_word' id='word_1_553' title='bbox 3684 1651 3772 1720; x_wconf 89' lang='grc' dir='ltr'><strong>ιι).</strong></span> <span class='ocrx_word' id='word_1_554' title='bbox 3808 1673 3825 1704; x_wconf 77' lang='grc' dir='ltr'><strong><em>ι</em></strong></span> 
     </span>
     <span class='ocr_line' id='line_1_77' title="bbox 2245 1691 3065 1720; baseline 0.028 -13"><span class='ocrx_word' id='word_1_555' title='bbox 2245 1691 2357 1720; x_wconf 49' lang='grc' dir='ltr'><strong>,ιη</strong></span> <span class='ocrx_word' id='word_1_556' title='bbox 2399 1699 2462 1720; x_wconf 33' lang='grc' dir='ltr'><strong>ι.</strong></span> <span class='ocrx_word' id='word_1_557' title='bbox 2656 1706 2688 1720; x_wconf 88' lang='grc'><strong>..</strong></span> <span class='ocrx_word' id='word_1_558' title='bbox 2734 1719 2737 1720; x_wconf 30' lang='grc' dir='ltr'><em>ν</em></span> <span class='ocrx_word' id='word_1_559' title='bbox 3057 1717 3065 1720; x_wconf 71' lang='grc'><strong><em>-</em></strong></span> 
     </span>
    </p>
   </div>
   <div class='ocr_carea' id='block_1_76' title="bbox 2244 1691 3828 1812">
    <p class='ocr_par' dir='ltr' id='par_1_76' title="bbox 2244 1691 3828 1812">
     <span class='ocr_line' id='line_1_78' title="bbox 2244 1691 3828 1812; baseline 0.025 -65"><span class='ocrx_word' id='word_1_560' title='bbox 2244 1691 2358 1750; x_wconf 85' lang='lat' dir='ltr'><strong>lloc</strong></span> <span class='ocrx_word' id='word_1_561' title='bbox 2397 1699 2464 1754; x_wconf 92' lang='lat' dir='ltr'><strong>ad</strong></span> <span class='ocrx_word' id='word_1_562' title='bbox 2496 1701 2616 1758; x_wconf 92' lang='lat' dir='ltr'><strong>illos</strong></span> <span class='ocrx_word' id='word_1_563' title='bbox 2638 1706 2840 1764; x_wconf 91' lang='lat' dir='ltr'><strong>dictum</strong></span> <span class='ocrx_word' id='word_1_564' title='bbox 2869 1722 2954 1767; x_wconf 90' lang='lat' dir='ltr'><strong>est</strong></span> <span class='ocrx_word' id='word_1_565' title='bbox 2976 1691 3547 1799; x_wconf 56' lang='lat' dir='ltr'><strong>qui-crediturierant</strong></span> <span class='ocrx_word' id='word_1_566' title='bbox 3584 1750 3654 1791; x_wconf 77' lang='lat' dir='ltr'><strong>ex</strong></span> <span class='ocrx_word' id='word_1_567' title='bbox 3708 1691 3828 1812; x_wconf 64' lang='grc' dir='ltr'><strong>ἑαυ-</strong></span> 
     </span>
     <span class='ocr_line' id='line_1_79' title="bbox 2247 1784 3017 1812; baseline 0 0"><span class='ocrx_word' id='word_1_568' title='bbox 2247 1784 2387 1812; x_wconf 50' lang='lat' dir='ltr'><strong>HL..-</strong></span> <span class='ocrx_word' id='word_1_569' title='bbox 2409 1805 2620 1812; x_wconf 48' lang='grc' dir='ltr'><strong>--ημμμμ</strong></span> <span class='ocrx_word' id='word_1_570' title='bbox 2657 1797 2686 1812; x_wconf 82' lang='grc' dir='ltr'><strong>ι·</strong></span> <span class='ocrx_word' id='word_1_571' title='bbox 2766 1800 2799 1812; x_wconf 75' lang='grc' dir='ltr'><strong>,ι</strong></span> <span class='ocrx_word' id='word_1_572' title='bbox 3006 1806 3017 1812; x_wconf 83' lang='grc'><strong>-</strong></span> 
     </span>
    </p>
   </div>
   <div class='ocr_carea' id='block_1_77' title="bbox 2247 1784 3582 1888">
    <p class='ocr_par' dir='ltr' id='par_1_77' title="bbox 2247 1784 3582 1888">
     <span class='ocr_line' id='line_1_80' title="bbox 2247 1784 3582 1888; baseline 0.032 -52"><span class='ocrx_word' id='word_1_573' title='bbox 2247 1784 2389 1842; x_wconf 89' lang='lat' dir='ltr'><strong>tibus</strong></span> <span class='ocrx_word' id='word_1_574' title='bbox 2407 1805 2504 1857; x_wconf 88' lang='lat' dir='ltr'><strong>per</strong></span> <span class='ocrx_word' id='word_1_575' title='bbox 2522 1797 2965 1862; x_wconf 79' lang='lat' dir='ltr'><strong>praedicationem</strong></span> <span class='ocrx_word' id='word_1_576' title='bbox 2989 1784 3252 1878; x_wconf 75' lang='lat' dir='ltr'><strong>Apostnli.</strong></span> <span class='ocrx_word' id='word_1_577' title='bbox 3277 1784 3544 1888; x_wconf 68' lang='lat' dir='ltr'><strong>Seqmtur</strong></span> <span class='ocrx_word' id='word_1_578' title='bbox 3566 1843 3582 1881; x_wconf 86' lang='lat'><strong>:</strong></span> 
     </span>
    </p>
   </div>
   <div class='ocr_carea' id='block_1_78' title="bbox 2318 1878 3826 1988">
    <p class='ocr_par' dir='ltr' id='par_1_78' title="bbox 2318 1878 3826 1988">
     <span class='ocr_line' id='line_1_81' title="bbox 2318 1878 3826 1988; baseline 0.034 -60"><span class='ocrx_word' id='word_1_579' title='bbox 2318 1895 2335 1926; x_wconf 76' lang='grc' dir='ltr'><strong><em>ι</em></strong></span> <span class='ocrx_word' id='word_1_580' title='bbox 2359 1878 2636 1955; x_wconf 79' lang='lat' dir='ltr'><strong>Quomodo</strong></span> <span class='ocrx_word' id='word_1_581' title='bbox 2668 1887 2808 1952; x_wconf 73' lang='lat' dir='ltr'><strong>sicut</strong></span> <span class='ocrx_word' id='word_1_582' title='bbox 2835 1901 3012 1950; x_wconf 89' lang='lat' dir='ltr'><strong>mater</strong></span> <span class='ocrx_word' id='word_1_583' title='bbox 3033 1878 3466 1973; x_wconf 47' lang='lat' dir='ltr'><strong>consolatur,-ita</strong></span> <span class='ocrx_word' id='word_1_584' title='bbox 3489 1923 3548 1968; x_wconf 87' lang='lat' dir='ltr'><strong>et</strong></span> <span class='ocrx_word' id='word_1_585' title='bbox 3573 1931 3681 1988; x_wconf 85' lang='lat' dir='ltr'><strong>ego</strong></span> <span class='ocrx_word' id='word_1_586' title='bbox 3703 1936 3826 1978; x_wconf 83' lang='lat' dir='ltr'><strong>eou-</strong></span> 
     </span>
    </p>
   </div>
   <div class='ocr_carea' id='block_1_79' title="bbox 2237 1967 3825 2072">
    <p class='ocr_par' dir='ltr' id='par_1_79' title="bbox 2237 1967 3825 2072">
     <span class='ocr_line' id='line_1_82' title="bbox 2237 1967 3825 2072; baseline 0.034 -54"><span class='ocrx_word' id='word_1_587' title='bbox 2237 1967 2453 2025; x_wconf 82' lang='lat' dir='ltr'><strong>solabor</strong></span> <span class='ocrx_word' id='word_1_588' title='bbox 2473 1989 2586 2040; x_wconf 88' lang='lat' dir='ltr'><strong>vos,</strong></span> <span class='ocrx_word' id='word_1_589' title='bbox 2614 1987 2667 2032; x_wconf 91' lang='lat' dir='ltr'><strong>et</strong></span> <span class='ocrx_word' id='word_1_590' title='bbox 2697 1980 2750 2035; x_wconf 89' lang='lat' dir='ltr'><strong>in</strong></span> <span class='ocrx_word' id='word_1_591' title='bbox 2779 1981 3117 2046; x_wconf 81' lang='lat' dir='ltr'><strong>Hierusalem</strong></span> <span class='ocrx_word' id='word_1_592' title='bbox 3147 2000 3588 2072; x_wconf 86' lang='lat' dir='ltr'><strong>consolabimini.</strong></span> <span class='ocrx_word' id='word_1_593' title='bbox 3609 1967 3642 2063; x_wconf 54' lang='grc' dir='ltr'><strong>ἶ</strong></span> <span class='ocrx_word' id='word_1_594' title='bbox 3667 2013 3825 2072; x_wconf 67' lang='lat' dir='ltr'><strong>Mise-</strong></span> 
     </span>
    </p>
   </div>
   <div class='ocr_carea' id='block_1_80' title="bbox 2237 2068 3816 2175">
    <p class='ocr_par' dir='ltr' id='par_1_80' title="bbox 2237 2068 3816 2175">
     <span class='ocr_line' id='line_1_83' title="bbox 2237 2068 3816 2175; baseline 0.035 -65"><span class='ocrx_word' id='word_1_595' title='bbox 2237 2068 2386 2114; x_wconf 86' lang='lat' dir='ltr'><strong>rator</strong></span> <span class='ocrx_word' id='word_1_596' title='bbox 2429 2073 2482 2118; x_wconf 92' lang='lat' dir='ltr'><strong>et</strong></span> <span class='ocrx_word' id='word_1_597' title='bbox 2537 2068 2848 2130; x_wconf 82' lang='lat' dir='ltr'><strong>misericors</strong></span> <span class='ocrx_word' id='word_1_598' title='bbox 2877 2077 3140 2141; x_wconf 91' lang='lat' dir='ltr'><strong>Dominus</strong></span> <span class='ocrx_word' id='word_1_599' title='bbox 3183 2069 3463 2164; x_wconf 82' lang='lat' dir='ltr'><strong>comparat</strong></span> <span class='ocrx_word' id='word_1_600' title='bbox 3491 2115 3556 2156; x_wconf 86' lang='lat' dir='ltr'><strong>se</strong></span> <span class='ocrx_word' id='word_1_601' title='bbox 3602 2109 3816 2175; x_wconf 71' lang='lat' dir='ltr'><strong>aquilae,</strong></span> 
     </span>
     <span class='ocr_line' id='line_1_84' title="bbox 2237 2152 2894 2175; baseline 0.035 0"><span class='ocrx_word' id='word_1_602' title='bbox 2237 2152 2439 2175; x_wconf 51' lang='grc' dir='ltr'><strong>...ιιιε-μ</strong></span> <span class='ocrx_word' id='word_1_603' title='bbox 2491 2166 2524 2175; x_wconf 39' lang='grc' dir='ltr'><strong>Α·</strong></span> <span class='ocrx_word' id='word_1_604' title='bbox 2664 2171 2673 2175; x_wconf 81' lang='lat'><em>‘</em></span> <span class='ocrx_word' id='word_1_605' title='bbox 2716 2165 2727 2175; x_wconf 91' lang='lat'>&#39;</span> <span class='ocrx_word' id='word_1_606' title='bbox 2883 2169 2894 2175; x_wconf 78' lang='grc'><strong>“</strong></span> 
     </span>
    </p>
   </div>
   <div class='ocr_carea' id='block_1_81' title="bbox 2231 2152 3822 2257">
    <p class='ocr_par' dir='ltr' id='par_1_81' title="bbox 2231 2152 3822 2257">
     <span class='ocr_line' id='line_1_85' title="bbox 2231 2152 3822 2257; baseline 0.035 -55"><span class='ocrx_word' id='word_1_607' title='bbox 2231 2152 2445 2222; x_wconf 75' lang='lat' dir='ltr'><strong>gallina:</strong></span> <span class='ocrx_word' id='word_1_608' title='bbox 2477 2166 2542 2231; x_wconf 39' lang='lat' dir='ltr'><strong>et,</strong></span> <span class='ocrx_word' id='word_1_609' title='bbox 2569 2165 2764 2234; x_wconf 86' lang='lat' dir='ltr'><strong>matri,</strong></span> <span class='ocrx_word' id='word_1_610' title='bbox 2809 2169 2996 2230; x_wconf 89' lang='lat' dir='ltr'><strong>volens</strong></span> <span class='ocrx_word' id='word_1_611' title='bbox 3024 2191 3126 2234; x_wconf 88' lang='lat' dir='ltr'><strong>nos</strong></span> <span class='ocrx_word' id='word_1_612' title='bbox 3164 2183 3278 2238; x_wconf 92' lang='lat' dir='ltr'><strong>suis</strong></span> <span class='ocrx_word' id='word_1_613' title='bbox 3303 2152 3718 2254; x_wconf 38' lang='lat' dir='ltr'><strong>‘blaudimeDIis</strong></span> <span class='ocrx_word' id='word_1_614' title='bbox 3737 2152 3822 2257; x_wconf 64' lang='lat' dir='ltr'><strong>:d</strong></span> 
     </span>
    </p>
   </div>
   <div class='ocr_carea' id='block_1_82' title="bbox 2232 2245 3820 2349">
    <p class='ocr_par' dir='ltr' id='par_1_82' title="bbox 2232 2245 3820 2349">
     <span class='ocr_line' id='line_1_86' title="bbox 2232 2245 3820 2349; baseline 0.033 -53"><span class='ocrx_word' id='word_1_615' title='bbox 2232 2245 2563 2316; x_wconf 83' lang='lat' dir='ltr'><strong>voluntatem</strong></span> <span class='ocrx_word' id='word_1_616' title='bbox 2591 2269 2744 2312; x_wconf 89' lang='lat' dir='ltr'><strong>suam</strong></span> <span class='ocrx_word' id='word_1_617' title='bbox 2778 2262 3016 2332; x_wconf 89' lang='lat' dir='ltr'><strong>trahere,</strong></span> <span class='ocrx_word' id='word_1_618' title='bbox 3044 2269 3187 2340; x_wconf 87' lang='lat' dir='ltr'><strong>sicut</strong></span> <span class='ocrx_word' id='word_1_619' title='bbox 3215 2286 3390 2333; x_wconf 89' lang='lat' dir='ltr'><strong>mater</strong></span> <span class='ocrx_word' id='word_1_620' title='bbox 3416 2281 3595 2340; x_wconf 86' lang='lat' dir='ltr'><strong>ﬁlium</strong></span> <span class='ocrx_word' id='word_1_621' title='bbox 3641 2304 3820 2349; x_wconf 88' lang='lat' dir='ltr'><strong>suu.</strong></span> 
     </span>
    </p>
   </div>
   <div class='ocr_carea' id='block_1_83' title="bbox 2227 2336 3817 2454">
    <p class='ocr_par' dir='ltr' id='par_1_83' title="bbox 2227 2336 3817 2454">
     <span class='ocr_line' id='line_1_87' title="bbox 2227 2336 3817 2454; baseline 0.034 -65"><span class='ocrx_word' id='word_1_622' title='bbox 2227 2336 2418 2398; x_wconf 85' lang='lat' dir='ltr'><strong>Adhuc</strong></span> <span class='ocrx_word' id='word_1_623' title='bbox 2443 2345 2604 2400; x_wconf 87' lang='lat' dir='ltr'><strong>etiam</strong></span> <span class='ocrx_word' id='word_1_624' title='bbox 2634 2351 2896 2422; x_wconf 88' lang='lat' dir='ltr'><strong>majorem</strong></span> <span class='ocrx_word' id='word_1_625' title='bbox 2945 2361 3378 2427; x_wconf 88' lang='lat' dir='ltr'><strong>misericordiam</strong></span> <span class='ocrx_word' id='word_1_626' title='bbox 3409 2379 3572 2435; x_wconf 89' lang='lat' dir='ltr'><strong>nobis</strong></span> <span class='ocrx_word' id='word_1_627' title='bbox 3612 2383 3817 2454; x_wconf 83' lang='lat' dir='ltr'><strong>impen-</strong></span> 
     </span>
     <span class='ocr_line' id='line_1_88' title="bbox 2231 2432 2808 2454; baseline 0.031 0"><span class='ocrx_word' id='word_1_628' title='bbox 2231 2432 2298 2454; x_wconf 68' lang='grc' dir='ltr'><strong>,Ιῖι</strong></span> <span class='ocrx_word' id='word_1_629' title='bbox 2334 2450 2445 2454; x_wconf 52' lang='grc' dir='ltr'><strong>..μιν</strong></span> <span class='ocrx_word' id='word_1_630' title='bbox 2630 2450 2640 2454; x_wconf 78' lang='grc'><strong>⁴</strong></span> <span class='ocrx_word' id='word_1_631' title='bbox 2742 2445 2808 2454; x_wconf 79' lang='grc'><strong><em>¹“““</em></strong></span> 
     </span>
    </p>
   </div>
   <div class='ocr_carea' id='block_1_84' title="bbox 2227 2432 3812 2544">
    <p class='ocr_par' dir='ltr' id='par_1_84' title="bbox 2227 2432 3812 2544">
     <span class='ocr_line' id='line_1_89' title="bbox 2227 2432 3812 2544; baseline 0.033 -60"><span class='ocrx_word' id='word_1_632' title='bbox 2227 2432 2304 2487; x_wconf 92' lang='lat' dir='ltr'><strong>dit</strong></span> <span class='ocrx_word' id='word_1_633' title='bbox 2327 2450 2489 2503; x_wconf 89' lang='lat' dir='ltr'><strong>quam</strong></span> <span class='ocrx_word' id='word_1_634' title='bbox 2535 2450 2708 2515; x_wconf 85' lang='lat' dir='ltr'><strong>mater</strong></span> <span class='ocrx_word' id='word_1_635' title='bbox 2734 2445 2887 2515; x_wconf 84' lang='lat' dir='ltr'><strong>filio;</strong></span> <span class='ocrx_word' id='word_1_636' title='bbox 2917 2455 3042 2522; x_wconf 89' lang='lat' dir='ltr'><strong>quia</strong></span> <span class='ocrx_word' id='word_1_637' title='bbox 3071 2458 3116 2513; x_wconf 91' lang='lat' dir='ltr'><strong>si</strong></span> <span class='ocrx_word' id='word_1_638' title='bbox 3143 2458 3233 2515; x_wconf 91' lang='lat' dir='ltr'><strong>illa</strong></span> <span class='ocrx_word' id='word_1_639' title='bbox 3265 2432 3812 2544; x_wconf 39' lang='lat' dir='ltr'><strong>oblivisciturﬁi—l-iius,</strong></span> 
     </span>
    </p>
   </div>
   <div class='ocr_carea' id='block_1_85' title="bbox 2223 2522 3817 2646">
    <p class='ocr_par' dir='ltr' id='par_1_85' title="bbox 2223 2522 3817 2646">
     <span class='ocr_line' id='line_1_90' title="bbox 3418 2522 3812 2544; baseline 0 -21"><span class='ocrx_word' id='word_1_640' title='bbox 3647 2522 3812 2544; x_wconf 52' lang='lat' dir='ltr'><strong>mu”,</strong></span> 
     </span>
     <span class='ocr_line' id='line_1_91' title="bbox 2223 2522 3817 2646; baseline 0.028 -66"><span class='ocrx_word' id='word_1_641' title='bbox 2223 2522 2340 2595; x_wconf 88' lang='lat' dir='ltr'><strong>ipse</strong></span> <span class='ocrx_word' id='word_1_642' title='bbox 2377 2538 2557 2589; x_wconf 89' lang='lat' dir='ltr'><strong>tamen</strong></span> <span class='ocrx_word' id='word_1_643' title='bbox 2583 2553 2692 2594; x_wconf 90' lang='lat' dir='ltr'><strong>nou</strong></span> <span class='ocrx_word' id='word_1_644' title='bbox 2743 2542 3082 2608; x_wconf 87' lang='lat' dir='ltr'><strong>obliviscitur</strong></span> <span class='ocrx_word' id='word_1_645' title='bbox 3112 2560 3306 2627; x_wconf 89' lang='lat' dir='ltr'><strong>nostri,</strong></span> <span class='ocrx_word' id='word_1_646' title='bbox 3336 2563 3483 2622; x_wconf 90' lang='lat' dir='ltr'><strong>sicut</strong></span> <span class='ocrx_word' id='word_1_647' title='bbox 3511 2584 3678 2641; x_wconf 86' lang='lat' dir='ltr'><strong>supra</strong></span> <span class='ocrx_word' id='word_1_648' title='bbox 3723 2592 3817 2646; x_wconf 81' lang='lat' dir='ltr'><strong>per</strong></span> 
     </span>
     <span class='ocr_line' id='line_1_92' title="bbox 2223 2617 2940 2646; baseline 0 0"><span class='ocrx_word' id='word_1_649' title='bbox 2223 2617 2483 2646; x_wconf 62' lang='lat' dir='ltr'><strong>D_n-L-._</strong></span> <span class='ocrx_word' id='word_1_650' title='bbox 2594 2631 2626 2646; x_wconf 74' lang='grc' dir='ltr'><strong>ιο</strong></span> <span class='ocrx_word' id='word_1_651' title='bbox 2666 2635 2698 2646; x_wconf 79' lang='grc' dir='ltr'><strong>ο.</strong></span> <span class='ocrx_word' id='word_1_652' title='bbox 2846 2641 2860 2646; x_wconf 78' lang='grc'><strong>-</strong></span> <span class='ocrx_word' id='word_1_653' title='bbox 2880 2642 2940 2646; x_wconf 61' lang='grc'><strong>---</strong></span> 
     </span>
    </p>
   </div>
   <div class='ocr_carea' id='block_1_86' title="bbox 2223 2617 3274 2708">
    <p class='ocr_par' dir='ltr' id='par_1_86' title="bbox 2223 2617 3274 2708">
     <span class='ocr_line' id='line_1_93' title="bbox 2223 2617 3274 2708; baseline 0.035 -36"><span class='ocrx_word' id='word_1_654' title='bbox 2223 2617 2548 2698; x_wconf 7' lang='grc' dir='ltr'><strong>Ρῆνορὴςιίιηι</strong></span> <span class='ocrx_word' id='word_1_655' title='bbox 2575 2631 2773 2691; x_wconf 86' lang='lat' dir='ltr'><strong>dicitur</strong></span> <span class='ocrx_word' id='word_1_656' title='bbox 2793 2641 2860 2696; x_wconf 89' lang='lat' dir='ltr'><strong>ad</strong></span> <span class='ocrx_word' id='word_1_657' title='bbox 2879 2642 3212 2706; x_wconf 87' lang='lat' dir='ltr'><strong>Hierusalem</strong></span> <span class='ocrx_word' id='word_1_658' title='bbox 3231 2669 3274 2708; x_wconf 73' lang='grc' dir='ltr'><strong>ε(</strong></span> 
     </span>
    </p>
   </div>
   <div class='ocr_carea' id='block_1_87' title="bbox 2221 2718 3811 2820">
    <p class='ocr_par' dir='ltr' id='par_1_87' title="bbox 2221 2718 3811 2820">
     <span class='ocr_line' id='line_1_94' title="bbox 2221 2718 3811 2820; baseline 0.036 -56"><span class='ocrx_word' id='word_1_659' title='bbox 2221 2718 2304 2766; x_wconf 89' lang='lat' dir='ltr'><strong>ter</strong></span> <span class='ocrx_word' id='word_1_660' title='bbox 2327 2725 2508 2783; x_wconf 91' lang='lat' dir='ltr'><strong>potest</strong></span> <span class='ocrx_word' id='word_1_661' title='bbox 2531 2723 2770 2784; x_wconf 88' lang='lat' dir='ltr'><strong>oblivisci</strong></span> <span class='ocrx_word' id='word_1_662' title='bbox 2801 2732 2896 2788; x_wconf 84' lang='lat' dir='ltr'><strong>lilii</strong></span> <span class='ocrx_word' id='word_1_663' title='bbox 2917 2738 3021 2804; x_wconf 94' lang='lat' dir='ltr'><strong>sui,</strong></span> <span class='ocrx_word' id='word_1_664' title='bbox 3048 2754 3150 2812; x_wconf 87' lang='lat' dir='ltr'><strong>ego</strong></span> <span class='ocrx_word' id='word_1_665' title='bbox 3185 2753 3370 2804; x_wconf 90' lang='lat' dir='ltr'><strong>tamen</strong></span> <span class='ocrx_word' id='word_1_666' title='bbox 3393 2718 3506 2808; x_wconf 72' lang='lat' dir='ltr'><strong>non</strong></span> <span class='ocrx_word' id='word_1_667' title='bbox 3522 2718 3811 2820; x_wconf 63' lang='lat' dir='ltr'><strong>obliviscar</strong></span> 
     </span>
    </p>
   </div>
   <div class='ocr_carea' id='block_1_88' title="bbox 2221 2805 3805 2922">
    <p class='ocr_par' dir='ltr' id='par_1_88' title="bbox 2221 2805 3805 2922">
     <span class='ocr_line' id='line_1_95' title="bbox 2221 2805 3805 2922; baseline 0.036 -67"><span class='ocrx_word' id='word_1_668' title='bbox 2221 2805 2316 2858; x_wconf 90' lang='lat' dir='ltr'><strong>tui.</strong></span> <span class='ocrx_word' id='word_1_669' title='bbox 2350 2827 2368 2858; x_wconf 85' lang='grc'><strong><em>‹</em></strong></span> <span class='ocrx_word' id='word_1_670' title='bbox 2390 2809 2458 2865; x_wconf 85' lang='grc' dir='ltr'>Ει</span> <span class='ocrx_word' id='word_1_671' title='bbox 2483 2812 2625 2870; x_wconf 92' lang='lat' dir='ltr'><strong>sicut</strong></span> <span class='ocrx_word' id='word_1_672' title='bbox 2653 2805 3182 2913; x_wconf 71' lang='lat' dir='ltr'><strong>aquiltecustodiunt</strong></span> <span class='ocrx_word' id='word_1_673' title='bbox 3206 2839 3382 2908; x_wconf 90' lang='lat' dir='ltr'><strong>pullos</strong></span> <span class='ocrx_word' id='word_1_674' title='bbox 3409 2861 3564 2914; x_wconf 91' lang='lat' dir='ltr'><strong>suos,</strong></span> <span class='ocrx_word' id='word_1_675' title='bbox 3581 2805 3805 2922; x_wconf 55' lang='lat' dir='ltr'><strong>quor-irin</strong></span> 
     </span>
    </p>
   </div>
   <div class='ocr_carea' id='block_1_89' title="bbox 2216 2905 3822 3008">
    <p class='ocr_par' dir='ltr' id='par_1_89' title="bbox 2216 2905 3822 3008">
     <span class='ocr_line' id='line_1_96' title="bbox 2216 2905 3822 3008; baseline 0.037 -60"><span class='ocrx_word' id='word_1_676' title='bbox 2216 2905 2408 2954; x_wconf 89' lang='lat' dir='ltr'><strong>natura</strong></span> <span class='ocrx_word' id='word_1_677' title='bbox 2440 2914 2518 2958; x_wconf 92' lang='lat' dir='ltr'><strong>est</strong></span> <span class='ocrx_word' id='word_1_678' title='bbox 2552 2908 2631 2976; x_wconf 92' lang='lat' dir='ltr'><strong>(ut</strong></span> <span class='ocrx_word' id='word_1_679' title='bbox 2658 2905 2868 2984; x_wconf 80' lang='lat' dir='ltr'><strong>physici</strong></span> <span class='ocrx_word' id='word_1_680' title='bbox 2892 2905 3453 2996; x_wconf 38' lang='lat' dir='ltr'><strong>dicunt)7m‘excelsis</strong></span> <span class='ocrx_word' id='word_1_681' title='bbox 3480 2905 3822 3008; x_wconf 40' lang='lat' dir='ltr'><strong>et&#39;inaccw.</strong></span> 
     </span>
    </p>
   </div>
   <div class='ocr_carea' id='block_1_90' title="bbox 2504 2999 3800 3106">
    <p class='ocr_par' dir='ltr' id='par_1_90' title="bbox 2504 2999 3800 3106">
     <span class='ocr_line' id='line_1_97' title="bbox 2504 2999 3800 3106; baseline 0.035 -56"><span class='ocrx_word' id='word_1_682' title='bbox 2504 2999 2660 3056; x_wconf 90' lang='lat' dir='ltr'><strong>nidos</strong></span> <span class='ocrx_word' id='word_1_683' title='bbox 2695 3005 2962 3066; x_wconf 90' lang='lat' dir='ltr'><strong>collocare</strong></span> <span class='ocrx_word' id='word_1_684' title='bbox 2987 3053 3001 3078; x_wconf 93' lang='lat'><strong>,</strong></span> <span class='ocrx_word' id='word_1_685' title='bbox 3053 3031 3122 3072; x_wconf 93' lang='lat' dir='ltr'><strong>ne</strong></span> <span class='ocrx_word' id='word_1_686' title='bbox 3169 3021 3392 3080; x_wconf 85' lang='lat' dir='ltr'><strong>coluber</strong></span> <span class='ocrx_word' id='word_1_687' title='bbox 3432 3028 3572 3088; x_wconf 81' lang='lat' dir='ltr'><strong>fetus</strong></span> <span class='ocrx_word' id='word_1_688' title='bbox 3620 3037 3800 3106; x_wconf 81' lang='lat' dir='ltr'><strong>violet,</strong></span> 
     </span>
    </p>
   </div>
   <div class='ocr_carea' id='block_1_91' title="bbox 2212 3091 3826 3190">
    <p class='ocr_par' dir='ltr' id='par_1_91' title="bbox 2212 3091 3826 3190">
     <span class='ocr_line' id='line_1_98' title="bbox 2212 3091 3826 3190; baseline 0.038 -63"><span class='ocrx_word' id='word_1_689' title='bbox 2212 3091 2314 3144; x_wconf 89' lang='lat' dir='ltr'><strong>qua</strong></span> <span class='ocrx_word' id='word_1_690' title='bbox 2341 3095 2560 3152; x_wconf 88' lang='lat' dir='ltr'><strong>propter</strong></span> <span class='ocrx_word' id='word_1_691' title='bbox 2586 3099 2641 3144; x_wconf 89' lang='lat' dir='ltr'><strong>et</strong></span> <span class='ocrx_word' id='word_1_692' title='bbox 2690 3097 2837 3161; x_wconf 88' lang='lat' dir='ltr'><strong>ponit</strong></span> <span class='ocrx_word' id='word_1_693' title='bbox 2885 3101 2938 3153; x_wconf 86' lang='lat' dir='ltr'><strong>in</strong></span> <span class='ocrx_word' id='word_1_694' title='bbox 2993 3107 3172 3162; x_wconf 89' lang='lat' dir='ltr'><strong>medio</strong></span> <span class='ocrx_word' id='word_1_695' title='bbox 3196 3111 3408 3171; x_wconf 90' lang='lat' dir='ltr'><strong>illorum</strong></span> <span class='ocrx_word' id='word_1_696' title='bbox 3448 3091 3826 3190; x_wconf 77' lang='lat' dir='ltr'><strong>lapidem</strong></span> 
     </span>
    </p>
   </div>
   <div class='ocr_carea' id='block_1_92' title="bbox 2215 3176 3793 3290">
    <p class='ocr_par' dir='ltr' id='par_1_92' title="bbox 2215 3176 3793 3290">
     <span class='ocr_line' id='line_1_99' title="bbox 2215 3176 3793 3290; baseline 0.029 -62"><span class='ocrx_word' id='word_1_697' title='bbox 2215 3176 2340 3234; x_wconf 75' lang='lat' dir='ltr'><strong>lem,</strong></span> <span class='ocrx_word' id='word_1_698' title='bbox 2371 3187 2477 3242; x_wconf 88' lang='lat' dir='ltr'><strong>quo</strong></span> <span class='ocrx_word' id='word_1_699' title='bbox 2505 3183 2685 3238; x_wconf 91' lang='lat' dir='ltr'><strong>omnia</strong></span> <span class='ocrx_word' id='word_1_700' title='bbox 2723 3201 2928 3246; x_wconf 81' lang='lat' dir='ltr'><strong>venena</strong></span> <span class='ocrx_word' id='word_1_701' title='bbox 2960 3193 3216 3266; x_wconf 84' lang='lat' dir='ltr'><strong>fugantur</strong></span> <span class='ocrx_word' id='word_1_702' title='bbox 3245 3223 3257 3257; x_wconf 92' lang='lat'><strong>:</strong></span> <span class='ocrx_word' id='word_1_703' title='bbox 3285 3207 3359 3262; x_wconf 88' lang='lat' dir='ltr'><strong>ita</strong></span> <span class='ocrx_word' id='word_1_704' title='bbox 3379 3210 3793 3290; x_wconf 62' lang='lat' dir='ltr'><strong>Deusomnipo—</strong></span> 
     </span>
     <span class='ocr_line' id='line_1_100' title="bbox 2215 3265 2735 3290; baseline 0 0"><span class='ocrx_word' id='word_1_705' title='bbox 2215 3265 2328 3290; x_wconf 68' lang='lat' dir='ltr'><strong>Iona</strong></span> <span class='ocrx_word' id='word_1_706' title='bbox 2356 3267 2499 3290; x_wconf 61' lang='grc' dir='ltr'><strong>’.ηε-,3</strong></span> <span class='ocrx_word' id='word_1_707' title='bbox 2534 3282 2641 3290; x_wconf 42' lang='grc' dir='ltr'><strong>---ᾼ.</strong></span> <span class='ocrx_word' id='word_1_708' title='bbox 2704 3275 2735 3290; x_wconf 80' lang='grc' dir='ltr'><strong>ιο</strong></span> 
     </span>
    </p>
   </div>
   <div class='ocr_carea' id='block_1_93' title="bbox 2214 3265 3779 3378">
    <p class='ocr_par' dir='ltr' id='par_1_93' title="bbox 2214 3265 3779 3378">
     <span class='ocr_line' id='line_1_101' title="bbox 2214 3265 3779 3378; baseline 0.034 -66"><span class='ocrx_word' id='word_1_709' title='bbox 2214 3265 2502 3320; x_wconf 78' lang='lat' dir='ltr'><strong>teusomni</strong></span> <span class='ocrx_word' id='word_1_710' title='bbox 2527 3275 2769 3330; x_wconf 87' lang='lat' dir='ltr'><strong>custodia</strong></span> <span class='ocrx_word' id='word_1_711' title='bbox 2805 3295 2904 3336; x_wconf 88' lang='lat' dir='ltr'><strong>nos</strong></span> <span class='ocrx_word' id='word_1_712' title='bbox 2933 3298 3134 3352; x_wconf 86' lang='lat' dir='ltr'><strong>servat,</strong></span> <span class='ocrx_word' id='word_1_713' title='bbox 3161 3308 3227 3347; x_wconf 88' lang='lat' dir='ltr'><strong>ne</strong></span> <span class='ocrx_word' id='word_1_714' title='bbox 3267 3312 3480 3369; x_wconf 87' lang='lat' dir='ltr'><strong>serpens</strong></span> <span class='ocrx_word' id='word_1_715' title='bbox 3506 3265 3779 3378; x_wconf 54' lang='lat' dir='ltr'><strong>antiquus,</strong></span> 
     </span>
     <span class='ocr_line' id='line_1_102' title="bbox 2214 3348 2927 3378; baseline 0 0"><span class='ocrx_word' id='word_1_716' title='bbox 2214 3348 2454 3378; x_wconf 50' lang='grc' dir='ltr'><strong>,Ιζηιηιιη</strong></span> <span class='ocrx_word' id='word_1_717' title='bbox 2830 3371 2840 3378; x_wconf 91' lang='grc'>.</span> <span class='ocrx_word' id='word_1_718' title='bbox 2898 3372 2927 3378; x_wconf 91' lang='grc'><strong>.-</strong></span> 
     </span>
    </p>
   </div>
   <div class='ocr_carea' id='block_1_94' title="bbox 2208 3348 3808 3470">
    <p class='ocr_par' dir='ltr' id='par_1_94' title="bbox 2208 3348 3808 3470">
     <span class='ocr_line' id='line_1_103' title="bbox 3124 3348 3779 3378; baseline 0.031 -33"><span class='ocrx_word' id='word_1_719' title='bbox 3124 3348 3132 3352; x_wconf 34' lang='grc' dir='ltr'><strong><em>τ</em></strong></span> <span class='ocrx_word' id='word_1_720' title='bbox 3273 3348 3480 3369; x_wconf 51' lang='grc' dir='ltr'><strong>ατη-</strong></span> <span class='ocrx_word' id='word_1_721' title='bbox 3659 3348 3779 3378; x_wconf 63' lang='grc' dir='ltr'><strong>μω,</strong></span> 
     </span>
     <span class='ocr_line' id='line_1_104' title="bbox 2208 3348 3808 3470; baseline 0.036 -68"><span class='ocrx_word' id='word_1_722' title='bbox 2208 3348 2476 3422; x_wconf 89' lang='lat' dir='ltr'><strong>diabolus,</strong></span> <span class='ocrx_word' id='word_1_723' title='bbox 2503 3373 2709 3418; x_wconf 87' lang='lat' dir='ltr'><strong>veneno</strong></span> <span class='ocrx_word' id='word_1_724' title='bbox 2759 3371 2841 3424; x_wconf 91' lang='lat' dir='ltr'><strong>sui</strong></span> <span class='ocrx_word' id='word_1_725' title='bbox 2893 3372 3082 3434; x_wconf 91' lang='lat' dir='ltr'><strong>livoris</strong></span> <span class='ocrx_word' id='word_1_726' title='bbox 3127 3392 3504 3448; x_wconf 85' lang='lat' dir='ltr'><strong>commaculet.</strong></span> <span class='ocrx_word' id='word_1_727' title='bbox 3545 3348 3808 3470; x_wconf 57' lang='lat' dir='ltr'><strong>Etlponit</strong></span> 
     </span>
     <span class='ocr_line' id='line_1_105' title="bbox 2208 3439 2988 3470; baseline 0.031 -3"><span class='ocrx_word' id='word_1_728' title='bbox 2208 3439 2436 3470; x_wconf 61' lang='lat' dir='ltr'><strong>InnIJAm</strong></span> <span class='ocrx_word' id='word_1_729' title='bbox 2471 3449 2516 3470; x_wconf 67' lang='grc' dir='ltr'><strong>ἔι-</strong></span> <span class='ocrx_word' id='word_1_730' title='bbox 2556 3468 2569 3470; x_wconf 42' lang='grc' dir='ltr'>κ</span> <span class='ocrx_word' id='word_1_731' title='bbox 2591 3469 2599 3470; x_wconf 44' lang='grc' dir='ltr'><em>κ</em></span> <span class='ocrx_word' id='word_1_732' title='bbox 2621 3469 2631 3470; x_wconf 43' lang='grc' dir='ltr'><em>κ</em></span> <span class='ocrx_word' id='word_1_733' title='bbox 2661 3456 2694 3470; x_wconf 75' lang='grc' dir='ltr'><strong>ν</strong></span> <span class='ocrx_word' id='word_1_734' title='bbox 2915 3465 2925 3470; x_wconf 81' lang='grc'><strong>⁸</strong></span> <span class='ocrx_word' id='word_1_735' title='bbox 2980 3468 2988 3470; x_wconf 60' lang='grc'><em>“</em></span> 
     </span>
    </p>
   </div>
   <div class='ocr_carea' id='block_1_95' title="bbox 2205 3439 3789 3550">
    <p class='ocr_par' dir='ltr' id='par_1_95' title="bbox 2205 3439 3789 3550">
     <span class='ocr_line' id='line_1_106' title="bbox 3258 3439 3789 3459; baseline 0.038 -20"><span class='ocrx_word' id='word_1_736' title='bbox 3258 3439 3504 3448; x_wconf 33' lang='grc' dir='ltr'><strong>μίν----νγ-</strong></span> <span class='ocrx_word' id='word_1_737' title='bbox 3549 3439 3614 3450; x_wconf 69' lang='grc' dir='ltr'><strong>υ·</strong></span> <span class='ocrx_word' id='word_1_738' title='bbox 3715 3439 3789 3459; x_wconf 71' lang='grc' dir='ltr'>ιιιι</span> 
     </span>
     <span class='ocr_line' id='line_1_107' title="bbox 2205 3439 3789 3550; baseline 0.037 -57"><span class='ocrx_word' id='word_1_739' title='bbox 2205 3439 2437 3509; x_wconf 81' lang='lat' dir='ltr'><strong>lapidem</strong></span> <span class='ocrx_word' id='word_1_740' title='bbox 2470 3449 2520 3503; x_wconf 90' lang='lat' dir='ltr'><strong>in</strong></span> <span class='ocrx_word' id='word_1_741' title='bbox 2553 3456 2732 3512; x_wconf 90' lang='lat' dir='ltr'><strong>medio</strong></span> <span class='ocrx_word' id='word_1_742' title='bbox 2755 3465 2952 3532; x_wconf 85' lang='lat' dir='ltr'><strong>nostri,</strong></span> <span class='ocrx_word' id='word_1_743' title='bbox 2975 3468 3030 3542; x_wconf 84' lang='lat' dir='ltr'><strong>id</strong></span> <span class='ocrx_word' id='word_1_744' title='bbox 3059 3482 3142 3527; x_wconf 92' lang='lat' dir='ltr'><strong>cst</strong></span> <span class='ocrx_word' id='word_1_745' title='bbox 3191 3477 3350 3548; x_wconf 85' lang='lat' dir='ltr'><strong>fidem</strong></span> <span class='ocrx_word' id='word_1_746' title='bbox 3401 3500 3554 3541; x_wconf 90' lang='lat' dir='ltr'><strong>suam</strong></span> <span class='ocrx_word' id='word_1_747' title='bbox 3587 3439 3789 3550; x_wconf 46' lang='lat' dir='ltr'><strong>invenr-</strong></span> 
     </span>
     <span class='ocr_line' id='line_1_108' title="bbox 2208 3529 2723 3550; baseline 0.035 0"><span class='ocrx_word' id='word_1_748' title='bbox 2208 3529 2274 3550; x_wconf 70' lang='lat' dir='ltr'><strong>.asn</strong></span> <span class='ocrx_word' id='word_1_749' title='bbox 2498 3548 2505 3550; x_wconf 96' lang='lat'><strong><em>-</em></strong></span> <span class='ocrx_word' id='word_1_750' title='bbox 2549 3542 2560 3550; x_wconf 89' lang='lat'><strong>-</strong></span> <span class='ocrx_word' id='word_1_751' title='bbox 2716 3549 2723 3550; x_wconf 48' lang='grc' dir='ltr'>ί</span> 
     </span>
    </p>
   </div>
   <div class='ocr_carea' id='block_1_96' title="bbox 2201 3529 3818 3645">
    <p class='ocr_par' dir='ltr' id='par_1_96' title="bbox 2201 3529 3818 3645">
     <span class='ocr_line' id='line_1_109' title="bbox 2938 3529 3789 3550; baseline 0.038 -31"><span class='ocrx_word' id='word_1_752' title='bbox 2938 3529 2944 3532; x_wconf 25' lang='grc' dir='ltr'><strong>ν</strong></span> <span class='ocrx_word' id='word_1_753' title='bbox 3401 3529 3554 3541; x_wconf 72' lang='lat'><strong>-.......</strong></span> <span class='ocrx_word' id='word_1_754' title='bbox 3671 3529 3752 3550; x_wconf 74' lang='grc' dir='ltr'><strong>ω.</strong></span> <span class='ocrx_word' id='word_1_755' title='bbox 3773 3529 3789 3537; x_wconf 92' lang='grc'><strong>-</strong></span> 
     </span>
     <span class='ocr_line' id='line_1_110' title="bbox 2201 3529 3818 3645; baseline 0.036 -62"><span class='ocrx_word' id='word_1_756' title='bbox 2201 3529 2360 3589; x_wconf 91' lang='lat' dir='ltr'><strong>dibus</strong></span> <span class='ocrx_word' id='word_1_757' title='bbox 2390 3542 2613 3609; x_wconf 88' lang='lat' dir='ltr'><strong>nostris,</strong></span> <span class='ocrx_word' id='word_1_758' title='bbox 2637 3549 2728 3616; x_wconf 92' lang='lat' dir='ltr'><strong>qui</strong></span> <span class='ocrx_word' id='word_1_759' title='bbox 2754 3566 2916 3611; x_wconf 88' lang='lat' dir='ltr'><strong>verus</strong></span> <span class='ocrx_word' id='word_1_760' title='bbox 2943 3557 3081 3630; x_wconf 89' lang='lat' dir='ltr'><strong>lapis</strong></span> <span class='ocrx_word' id='word_1_761' title='bbox 3102 3576 3207 3631; x_wconf 89' lang='lat' dir='ltr'><strong>est,</strong></span> <span class='ocrx_word' id='word_1_762' title='bbox 3233 3570 3481 3631; x_wconf 86' lang='lat' dir='ltr'><strong>abscisus</strong></span> <span class='ocrx_word' id='word_1_763' title='bbox 3519 3580 3588 3634; x_wconf 84' lang='lat' dir='ltr'><strong>de</strong></span> <span class='ocrx_word' id='word_1_764' title='bbox 3619 3598 3818 3645; x_wconf 25' lang='lat' dir='ltr'><strong>monte.</strong></span> 
     </span>
    </p>
   </div>
   <div class='ocr_carea' id='block_1_97' title="bbox 2197 3897 3784 4004">
    <p class='ocr_par' dir='ltr' id='par_1_97' title="bbox 2197 3897 3784 4004">
     <span class='ocr_line' id='line_1_111' title="bbox 2197 3897 3784 4004; baseline 0.035 -56"><span class='ocrx_word' id='word_1_765' title='bbox 2197 3897 2409 3968; x_wconf 92' lang='lat' dir='ltr'><strong>quiens)</strong></span> <span class='ocrx_word' id='word_1_766' title='bbox 2444 3906 2718 3965; x_wconf 88' lang='lat' dir='ltr'><strong>vobiscum</strong></span> <span class='ocrx_word' id='word_1_767' title='bbox 2747 3929 2866 3970; x_wconf 89' lang='lat' dir='ltr'><strong>sum</strong></span> <span class='ocrx_word' id='word_1_768' title='bbox 2897 3897 3108 3990; x_wconf 60' lang='lat' dir='ltr'><strong>(Halm.</strong></span> <span class='ocrx_word' id='word_1_769' title='bbox 3152 3935 3368 4004; x_wconf 71' lang='lat' dir='ltr'><strong>xum);</strong></span> <span class='ocrx_word' id='word_1_770' title='bbox 3410 3956 3431 3986; x_wconf 76' lang='grc' dir='ltr'><strong><em>ι</em></strong></span> <span class='ocrx_word' id='word_1_771' title='bbox 3473 3897 3624 3996; x_wconf 57' lang='lat' dir='ltr'><strong>etoin</strong></span> <span class='ocrx_word' id='word_1_772' title='bbox 3668 3897 3784 4001; x_wconf 66' lang='lat' dir='ltr'><strong>llic-</strong></span> 
     </span>
    </p>
   </div>
   <div class='ocr_carea' id='block_1_98' title="bbox 2197 3989 3572 4092">
    <p class='ocr_par' dir='ltr' id='par_1_98' title="bbox 2197 3989 3572 4092">
     <span class='ocr_line' id='line_1_112' title="bbox 2197 3989 3572 4092; baseline 0.034 -53"><span class='ocrx_word' id='word_1_773' title='bbox 2197 3989 2428 4045; x_wconf 89' lang='lat' dir='ltr'><strong>rusalcm</strong></span> <span class='ocrx_word' id='word_1_774' title='bbox 2457 3997 2662 4055; x_wconf 76' lang='lat' dir='ltr'><strong>cmlesti</strong></span> <span class='ocrx_word' id='word_1_775' title='bbox 2689 4008 3103 4071; x_wconf 86' lang='lat' dir='ltr'><strong>consolabimini</strong></span> <span class='ocrx_word' id='word_1_776' title='bbox 3132 4036 3251 4076; x_wconf 89' lang='lat' dir='ltr'><strong>mea</strong></span> <span class='ocrx_word' id='word_1_777' title='bbox 3281 4032 3572 4092; x_wconf 75' lang='lat' dir='ltr'><strong>przesentia</strong></span> 
     </span>
    </p>
   </div>
   <div class='ocr_carea' id='block_1_99' title="bbox 2271 4081 3778 4184">
    <p class='ocr_par' dir='ltr' id='par_1_99' title="bbox 2271 4081 3778 4184">
     <span class='ocr_line' id='line_1_113' title="bbox 2271 4081 3778 4184; baseline 0.036 -53"><span class='ocrx_word' id='word_1_778' title='bbox 2271 4096 2290 4129; x_wconf 76' lang='grc' dir='ltr'><strong>σ</strong></span> <span class='ocrx_word' id='word_1_779' title='bbox 2319 4081 2597 4155; x_wconf 83' lang='lat' dir='ltr'><strong>Videbitis,</strong></span> <span class='ocrx_word' id='word_1_780' title='bbox 2627 4101 2680 4146; x_wconf 91' lang='lat' dir='ltr'><strong>et</strong></span> <span class='ocrx_word' id='word_1_781' title='bbox 2700 4099 2953 4164; x_wconf 88' lang='lat' dir='ltr'><strong>gaudebit</strong></span> <span class='ocrx_word' id='word_1_782' title='bbox 2974 4120 3070 4161; x_wconf 87' lang='lat' dir='ltr'><strong>cor</strong></span> <span class='ocrx_word' id='word_1_783' title='bbox 3089 4081 3349 4181; x_wconf 79' lang='lat' dir='ltr'><strong>vestrum,</strong></span> <span class='ocrx_word' id='word_1_784' title='bbox 3373 4128 3428 4174; x_wconf 88' lang='lat' dir='ltr'><strong>et</strong></span> <span class='ocrx_word' id='word_1_785' title='bbox 3451 4136 3579 4178; x_wconf 85' lang='lat' dir='ltr'><strong>ossa</strong></span> <span class='ocrx_word' id='word_1_786' title='bbox 3609 4140 3778 4184; x_wconf 78' lang='lat' dir='ltr'><strong>vestra</strong></span> 
     </span>
    </p>
   </div>
   <div class='ocr_carea' id='block_1_100' title="bbox 2192 4172 3782 4288">
    <p class='ocr_par' dir='ltr' id='par_1_100' title="bbox 2192 4172 3782 4288">
     <span class='ocr_line' id='line_1_114' title="bbox 2192 4172 3782 4288; baseline 0.028 -56"><span class='ocrx_word' id='word_1_787' title='bbox 2192 4172 2345 4237; x_wconf 81' lang='lat' dir='ltr'><strong>quasi</strong></span> <span class='ocrx_word' id='word_1_788' title='bbox 2406 4175 2573 4233; x_wconf 79' lang='lat' dir='ltr'><strong>herba</strong></span> <span class='ocrx_word' id='word_1_789' title='bbox 2627 4188 3030 4251; x_wconf 81' lang='lat' dir='ltr'><strong>germinabunt.</strong></span> <span class='ocrx_word' id='word_1_790' title='bbox 3065 4218 3083 4249; x_wconf 73' lang='grc' dir='ltr'><strong><em>ι</em></strong></span> <span class='ocrx_word' id='word_1_791' title='bbox 3118 4199 3230 4258; x_wconf 86' lang='lat' dir='ltr'><strong>Hoc</strong></span> <span class='ocrx_word' id='word_1_792' title='bbox 3275 4209 3567 4278; x_wconf 85' lang='lat' dir='ltr'><strong>dupliciter</strong></span> <span class='ocrx_word' id='word_1_793' title='bbox 3609 4234 3782 4288; x_wconf 19' lang='lat' dir='ltr'><strong>potest,</strong></span> 
     </span>
     <span class='ocr_line' id='line_1_115' title="bbox 2193 4257 2702 4288; baseline 0 0"><span class='ocrx_word' id='word_1_794' title='bbox 2193 4257 2415 4288; x_wconf 65' lang='lat' dir='ltr'><strong>:.unllz..:</strong></span> <span class='ocrx_word' id='word_1_795' title='bbox 2472 4264 2533 4288; x_wconf 66' lang='lat' dir='ltr'><strong>ur:</strong></span> <span class='ocrx_word' id='word_1_796' title='bbox 2560 4269 2622 4288; x_wconf 75' lang='grc' dir='ltr'><strong>.-ι</strong></span> 
     </span>
    </p>
   </div>
   <div class='ocr_carea' id='block_1_101' title="bbox 2192 4257 3776 4372">
    <p class='ocr_par' dir='ltr' id='par_1_101' title="bbox 2192 4257 3776 4372">
     <span class='ocr_line' id='line_1_116' title="bbox 2192 4257 3776 4372; baseline 0.03 -63"><span class='ocrx_word' id='word_1_797' title='bbox 2192 4257 2438 4332; x_wconf 84' lang='lat' dir='ltr'><strong>intelligi.</strong></span> <span class='ocrx_word' id='word_1_798' title='bbox 2472 4264 2758 4339; x_wconf 82' lang='lat' dir='ltr'><strong>Videbitis,</strong></span> <span class='ocrx_word' id='word_1_799' title='bbox 2795 4293 2829 4333; x_wconf 90' lang='grc' dir='ltr'><strong>ο</strong></span> <span class='ocrx_word' id='word_1_800' title='bbox 2860 4288 3084 4352; x_wconf 84' lang='lat' dir='ltr'><strong>apostoli</strong></span> <span class='ocrx_word' id='word_1_801' title='bbox 3129 4301 3183 4345; x_wconf 91' lang='lat' dir='ltr'><strong>et</strong></span> <span class='ocrx_word' id='word_1_802' title='bbox 3205 4257 3776 4372; x_wconf 53' lang='lat' dir='ltr'><strong>prmdlit‘.‘ltoresf&#39;:nui-</strong></span> 
     </span>
     <span class='ocr_line' id='line_1_117' title="bbox 2192 4348 2770 4372; baseline 0 0"><span class='ocrx_word' id='word_1_803' title='bbox 2192 4348 2463 4372; x_wconf 59' lang='lat' dir='ltr'><strong>ah.._l:__-,__</strong></span> <span class='ocrx_word' id='word_1_804' title='bbox 2643 4362 2654 4372; x_wconf 83' lang='lat'>.</span> <span class='ocrx_word' id='word_1_805' title='bbox 2759 4367 2770 4372; x_wconf 85' lang='grc'><strong>-</strong></span> 
     </span>
    </p>
   </div>
   <div class='ocr_carea' id='block_1_102' title="bbox 2189 4348 3774 4471">
    <p class='ocr_par' dir='ltr' id='par_1_102' title="bbox 2189 4348 3774 4471">
     <span class='ocr_line' id='line_1_118' title="bbox 2189 4348 3774 4471; baseline 0.03 -69"><span class='ocrx_word' id='word_1_806' title='bbox 2189 4348 2471 4408; x_wconf 88' lang='lat' dir='ltr'><strong>titudinem</strong></span> <span class='ocrx_word' id='word_1_807' title='bbox 2527 4362 2865 4424; x_wconf 88' lang='lat' dir='ltr'><strong>credentium</strong></span> <span class='ocrx_word' id='word_1_808' title='bbox 2911 4348 3221 4437; x_wconf 49' lang='lat' dir='ltr'><strong>venientem.</strong></span> <span class='ocrx_word' id='word_1_809' title='bbox 3257 4389 3324 4442; x_wconf 91' lang='lat' dir='ltr'><strong>ad</strong></span> <span class='ocrx_word' id='word_1_810' title='bbox 3367 4390 3550 4462; x_wconf 78' lang='lat' dir='ltr'><strong>fidem,</strong></span> <span class='ocrx_word' id='word_1_811' title='bbox 3576 4350 3774 4471; x_wconf 47' lang='grc' dir='ltr'><strong>εἱμα-</strong></span> 
     </span>
     <span class='ocr_line' id='line_1_119' title="bbox 2189 4440 2907 4471; baseline 0 0"><span class='ocrx_word' id='word_1_812' title='bbox 2189 4440 2331 4471; x_wconf 68' lang='grc' dir='ltr'><strong>ιΙοιιῖι</strong></span> <span class='ocrx_word' id='word_1_813' title='bbox 2357 4459 2449 4471; x_wconf 58' lang='grc' dir='ltr'><strong>ΛΑ..</strong></span> <span class='ocrx_word' id='word_1_814' title='bbox 2470 4461 2630 4471; x_wconf 49' lang='grc' dir='ltr'><strong>--.ημη</strong></span> <span class='ocrx_word' id='word_1_815' title='bbox 2753 4459 2768 4471; x_wconf 83' lang='grc'><em>.</em></span> <span class='ocrx_word' id='word_1_816' title='bbox 2896 4465 2907 4471; x_wconf 88' lang='grc'><strong>-</strong></span> 
     </span>
    </p>
   </div>
   <div class='ocr_carea' id='block_1_103' title="bbox 2085 4440 3795 4559">
    <p class='ocr_par' dir='ltr' id='par_1_103' title="bbox 2085 4440 3795 4559">
     <span class='ocr_line' id='line_1_120' title="bbox 3300 4440 3774 4462; baseline 0.036 -21"><span class='ocrx_word' id='word_1_817' title='bbox 3300 4440 3322 4442; x_wconf 47' lang='grc' dir='ltr'><strong>π</strong></span> <span class='ocrx_word' id='word_1_818' title='bbox 3367 4440 3550 4462; x_wconf 75' lang='lat'><strong>-__-...,</strong></span> <span class='ocrx_word' id='word_1_819' title='bbox 3577 4440 3634 4454; x_wconf 56' lang='grc' dir='ltr'><strong>ν.</strong></span> <span class='ocrx_word' id='word_1_820' title='bbox 3688 4440 3774 4457; x_wconf 70' lang='grc' dir='ltr'><strong>...ι-</strong></span> 
     </span>
     <span class='ocr_line' id='line_1_121' title="bbox 2085 4440 3795 4559; baseline 0.037 -69"><span class='ocrx_word' id='word_1_821' title='bbox 2085 4487 2092 4492; x_wconf 80' lang='lat'><strong><em>_</em></strong></span> <span class='ocrx_word' id='word_1_822' title='bbox 2188 4440 2334 4497; x_wconf 90' lang='lat' dir='ltr'><strong>debit</strong></span> <span class='ocrx_word' id='word_1_823' title='bbox 2355 4459 2449 4500; x_wconf 89' lang='lat' dir='ltr'><strong>cor</strong></span> <span class='ocrx_word' id='word_1_824' title='bbox 2470 4461 2710 4511; x_wconf 87' lang='lat' dir='ltr'><strong>vestrum</strong></span> <span class='ocrx_word' id='word_1_825' title='bbox 2735 4459 2803 4516; x_wconf 86' lang='lat' dir='ltr'><strong>de</strong></span> <span class='ocrx_word' id='word_1_826' title='bbox 2828 4465 3005 4522; x_wconf 85' lang='lat' dir='ltr'><strong>salute</strong></span> <span class='ocrx_word' id='word_1_827' title='bbox 3027 4486 3234 4544; x_wconf 90' lang='lat' dir='ltr'><strong>eorum,</strong></span> <span class='ocrx_word' id='word_1_828' title='bbox 3254 4491 3309 4536; x_wconf 92' lang='lat' dir='ltr'><strong>et</strong></span> <span class='ocrx_word' id='word_1_829' title='bbox 3336 4499 3462 4542; x_wconf 88' lang='lat' dir='ltr'><strong>ossa</strong></span> <span class='ocrx_word' id='word_1_830' title='bbox 3497 4440 3688 4559; x_wconf 59' lang='lat' dir='ltr'><strong>vestr;</strong></span> <span class='ocrx_word' id='word_1_831' title='bbox 3714 4497 3765 4550; x_wconf 87' lang='lat' dir='ltr'><strong>id</strong></span> <span class='ocrx_word' id='word_1_832' title='bbox 3793 4547 3795 4550; x_wconf 38' lang='lat'><strong>.</strong></span> 
     </span>
    </p>
   </div>
   <div class='ocr_carea' id='block_1_104' title="bbox 2185 4535 3772 4644">
    <p class='ocr_par' dir='ltr' id='par_1_104' title="bbox 2185 4535 3772 4644">
     <span class='ocr_line' id='line_1_122' title="bbox 3222 4535 3764 4559; baseline 0.028 -24"><span class='ocrx_word' id='word_1_833' title='bbox 3222 4535 3234 4544; x_wconf 83' lang='grc'><strong><em>,</em></strong></span> <span class='ocrx_word' id='word_1_834' title='bbox 3296 4535 3300 4536; x_wconf 31' lang='grc' dir='ltr'><em>ν</em></span> <span class='ocrx_word' id='word_1_835' title='bbox 3343 4535 3462 4542; x_wconf 53' lang='grc' dir='ltr'><strong>--η</strong></span> <span class='ocrx_word' id='word_1_836' title='bbox 3507 4535 3764 4559; x_wconf 68' lang='lat'><strong>.--....,...</strong></span> 
     </span>
     <span class='ocr_line' id='line_1_123' title="bbox 2185 4535 3772 4644; baseline 0.038 -60"><span class='ocrx_word' id='word_1_837' title='bbox 2185 4541 2271 4644; x_wconf 60' lang='lat' dir='ltr'><strong>est</strong></span> <span class='ocrx_word' id='word_1_838' title='bbox 2296 4535 2525 4596; x_wconf 90' lang='lat' dir='ltr'><strong>virtutes</strong></span> <span class='ocrx_word' id='word_1_839' title='bbox 2545 4555 2740 4607; x_wconf 82' lang='lat' dir='ltr'><strong>vestrae</strong></span> <span class='ocrx_word' id='word_1_840' title='bbox 2779 4559 3160 4621; x_wconf 83' lang='lat' dir='ltr'><strong>germinabunt</strong></span> <span class='ocrx_word' id='word_1_841' title='bbox 3181 4569 3235 4624; x_wconf 90' lang='lat' dir='ltr'><strong>in</strong></span> <span class='ocrx_word' id='word_1_842' title='bbox 3259 4571 3494 4642; x_wconf 89' lang='lat' dir='ltr'><strong>aliorum</strong></span> <span class='ocrx_word' id='word_1_843' title='bbox 3517 4587 3772 4644; x_wconf 84' lang='lat' dir='ltr'><strong>cordibus</strong></span> 
     </span>
    </p>
   </div>
   <div class='ocr_carea' id='block_1_105' title="bbox 2946 4659 3773 4736">
    <p class='ocr_par' dir='ltr' id='par_1_105' title="bbox 2946 4659 3773 4736">
     <span class='ocr_line' id='line_1_124' title="bbox 2946 4659 3773 4736; baseline 0.039 -31"><span class='ocrx_word' id='word_1_844' title='bbox 2946 4659 3002 4707; x_wconf 88' lang='lat' dir='ltr'><strong>et</strong></span> <span class='ocrx_word' id='word_1_845' title='bbox 3038 4661 3388 4730; x_wconf 88' lang='lat' dir='ltr'><strong>operationis.</strong></span> <span class='ocrx_word' id='word_1_846' title='bbox 3421 4667 3595 4736; x_wconf 76' lang='lat' dir='ltr'><strong>Recte</strong></span> <span class='ocrx_word' id='word_1_847' title='bbox 3629 4682 3773 4736; x_wconf 85' lang='lat' dir='ltr'><strong>enim</strong></span> 
     </span>
    </p>
   </div>
   <div class='ocr_carea' id='block_1_106' title="bbox 2179 4723 3801 4834">
    <p class='ocr_par' dir='ltr' id='par_1_106' title="bbox 2179 4723 3801 4834">
     <span class='ocr_line' id='line_1_125' title="bbox 2179 4723 3801 4834; baseline 0.038 -65"><span class='ocrx_word' id='word_1_848' title='bbox 2179 4731 2276 4785; x_wconf 83' lang='lat' dir='ltr'><strong>per</strong></span> <span class='ocrx_word' id='word_1_849' title='bbox 2299 4736 2424 4777; x_wconf 92' lang='lat' dir='ltr'><strong>ossa</strong></span> <span class='ocrx_word' id='word_1_850' title='bbox 2447 4723 2823 4802; x_wconf 88' lang='lat' dir='ltr'><strong>intelliguntur</strong></span> <span class='ocrx_word' id='word_1_851' title='bbox 2842 4741 3091 4813; x_wconf 88' lang='lat' dir='ltr'><strong>virtutes,</strong></span> <span class='ocrx_word' id='word_1_852' title='bbox 3115 4753 3238 4821; x_wconf 88' lang='lat' dir='ltr'><strong>quia</strong></span> <span class='ocrx_word' id='word_1_853' title='bbox 3259 4756 3624 4834; x_wconf 89' lang='lat' dir='ltr'><strong>sicutcorpus</strong></span> <span class='ocrx_word' id='word_1_854' title='bbox 3653 4788 3773 4828; x_wconf 85' lang='lat' dir='ltr'><strong>con-</strong></span> <span class='ocrx_word' id='word_1_855' title='bbox 3797 4750 3801 4752; x_wconf 14' lang='grc' dir='ltr'><strong>η</strong></span> 
     </span>
    </p>
   </div>
   <div class='ocr_carea' id='block_1_107' title="bbox 2175 4810 3775 4918">
    <p class='ocr_par' dir='ltr' id='par_1_107' title="bbox 2175 4810 3775 4918">
     <span class='ocr_line' id='line_1_126' title="bbox 2175 4810 3775 4918; baseline 0.034 -54"><span class='ocrx_word' id='word_1_856' title='bbox 2175 4810 2319 4868; x_wconf 89' lang='lat' dir='ltr'><strong>sistit</strong></span> <span class='ocrx_word' id='word_1_857' title='bbox 2363 4825 2419 4871; x_wconf 93' lang='lat' dir='ltr'><strong>et</strong></span> <span class='ocrx_word' id='word_1_858' title='bbox 2454 4830 2790 4883; x_wconf 88' lang='lat' dir='ltr'><strong>sustentatur</strong></span> <span class='ocrx_word' id='word_1_859' title='bbox 2832 4833 3066 4905; x_wconf 89' lang='lat' dir='ltr'><strong>ossibus,</strong></span> <span class='ocrx_word' id='word_1_860' title='bbox 3116 4810 3194 4898; x_wconf 72' lang='lat' dir='ltr'><strong>ita</strong></span> <span class='ocrx_word' id='word_1_861' title='bbox 3245 4849 3421 4908; x_wconf 86' lang='lat' dir='ltr'><strong>anima</strong></span> <span class='ocrx_word' id='word_1_862' title='bbox 3471 4810 3775 4918; x_wconf 65' lang='lat' dir='ltr'><strong>Vlrl&#39;luliblls</strong></span> 
     </span>
    </p>
   </div>
   <div class='ocr_carea' id='block_1_108' title="bbox 2173 4904 3773 5010">
    <p class='ocr_par' dir='ltr' id='par_1_108' title="bbox 2173 4904 3773 5010">
     <span class='ocr_line' id='line_1_127' title="bbox 2173 4904 3773 5010; baseline 0.033 -53"><span class='ocrx_word' id='word_1_863' title='bbox 2173 4904 2632 4970; x_wconf 83' lang='lat' dir='ltr'><strong>subsistit.lAliter</strong></span> <span class='ocrx_word' id='word_1_864' title='bbox 2651 4936 2664 4971; x_wconf 90' lang='lat'>:</span> <span class='ocrx_word' id='word_1_865' title='bbox 2686 4920 2968 4992; x_wconf 87' lang='lat' dir='ltr'><strong>Videbitis,</strong></span> <span class='ocrx_word' id='word_1_866' title='bbox 2993 4945 3026 4985; x_wconf 91' lang='grc' dir='ltr'>ο</span> <span class='ocrx_word' id='word_1_867' title='bbox 3051 4904 3462 5010; x_wconf 74' lang='lat' dir='ltr'><strong>omnesﬁdeles,</strong></span> <span class='ocrx_word' id='word_1_868' title='bbox 3487 4946 3542 5000; x_wconf 93' lang='lat' dir='ltr'><strong>in</strong></span> <span class='ocrx_word' id='word_1_869' title='bbox 3559 4960 3773 5010; x_wconf 61' lang='lat' dir='ltr'><strong>aeterna</strong></span> 
     </span>
    </p>
   </div>
   <div class='ocr_carea' id='block_1_109' title="bbox 2169 4994 3771 5102">
    <p class='ocr_par' dir='ltr' id='par_1_109' title="bbox 2169 4994 3771 5102">
     <span class='ocr_line' id='line_1_128' title="bbox 2169 4994 3771 5102; baseline 0.033 -55"><span class='ocrx_word' id='word_1_870' title='bbox 2169 4994 2504 5057; x_wconf 90' lang='lat' dir='ltr'><strong>beatitudine</strong></span> <span class='ocrx_word' id='word_1_871' title='bbox 2541 5004 2709 5063; x_wconf 91' lang='lat' dir='ltr'><strong>Deum</strong></span> <span class='ocrx_word' id='word_1_872' title='bbox 2757 5014 2918 5072; x_wconf 89' lang='lat' dir='ltr'><strong>sicuti</strong></span> <span class='ocrx_word' id='word_1_873' title='bbox 2967 5029 3070 5088; x_wconf 89' lang='lat' dir='ltr'><strong>est,</strong></span> <span class='ocrx_word' id='word_1_874' title='bbox 3111 4995 3267 5102; x_wconf 73' lang='lat' dir='ltr'><strong>juxta</strong></span> <span class='ocrx_word' id='word_1_875' title='bbox 3318 4994 3489 5092; x_wconf 63' lang='lat' dir='ltr'><strong>illud:</strong></span> <span class='ocrx_word' id='word_1_876' title='bbox 3551 5057 3574 5089; x_wconf 68' lang='grc' dir='ltr'>ε</span> <span class='ocrx_word' id='word_1_877' title='bbox 3615 5041 3771 5100; x_wconf 86' lang='lat' dir='ltr'><strong>Beati</strong></span> 
     </span>
    </p>
   </div>
   <div class='ocr_carea' id='block_1_110' title="bbox 2173 5089 3767 5199">
    <p class='ocr_par' dir='ltr' id='par_1_110' title="bbox 2173 5089 3767 5199">
     <span class='ocr_line' id='line_1_129' title="bbox 2173 5089 3767 5199; baseline 0.033 -62"><span class='ocrx_word' id='word_1_878' title='bbox 2173 5089 2374 5144; x_wconf 90' lang='lat' dir='ltr'><strong>mundo</strong></span> <span class='ocrx_word' id='word_1_879' title='bbox 2402 5095 2588 5162; x_wconf 90' lang='lat' dir='ltr'><strong>corde,</strong></span> <span class='ocrx_word' id='word_1_880' title='bbox 2617 5104 2872 5168; x_wconf 90' lang='lat' dir='ltr'><strong>quoniam</strong></span> <span class='ocrx_word' id='word_1_881' title='bbox 2893 5107 2993 5177; x_wconf 91' lang='lat' dir='ltr'><strong>ipsi</strong></span> <span class='ocrx_word' id='word_1_882' title='bbox 3016 5089 3184 5170; x_wconf 79' lang='lat' dir='ltr'><strong>Deum</strong></span> <span class='ocrx_word' id='word_1_883' title='bbox 3230 5089 3489 5179; x_wconf 82' lang='lat' dir='ltr'><strong>videbunt</strong></span> <span class='ocrx_word' id='word_1_884' title='bbox 3532 5089 3767 5199; x_wconf 44' lang='lat' dir='ltr'><strong>(illi;</strong></span> 
     </span>
    </p>
   </div>
   <div class='ocr_carea' id='block_1_111' title="bbox 2169 5178 3768 5296">
    <p class='ocr_par' dir='ltr' id='par_1_111' title="bbox 2169 5178 3768 5296">
     <span class='ocr_line' id='line_1_130' title="bbox 2169 5178 3768 5296; baseline 0.033 -66"><span class='ocrx_word' id='word_1_885' title='bbox 2169 5178 2245 5248; x_wconf 90' lang='lat' dir='ltr'><strong>v);</strong></span> <span class='ocrx_word' id='word_1_886' title='bbox 2279 5199 2298 5230; x_wconf 79' lang='grc' dir='ltr'><strong><em>ι</em></strong></span> <span class='ocrx_word' id='word_1_887' title='bbox 2333 5191 2389 5237; x_wconf 92' lang='lat' dir='ltr'><strong>et</strong></span> <span class='ocrx_word' id='word_1_888' title='bbox 2417 5203 2434 5234; x_wconf 71' lang='grc' dir='ltr'>ι</span> <span class='ocrx_word' id='word_1_889' title='bbox 2463 5183 2841 5250; x_wconf 85' lang='lat' dir='ltr'><strong>Gaudebitcor</strong></span> <span class='ocrx_word' id='word_1_890' title='bbox 2865 5209 3105 5258; x_wconf 90' lang='lat' dir='ltr'><strong>vestrum</strong></span> <span class='ocrx_word' id='word_1_891' title='bbox 3148 5208 3265 5263; x_wconf 90' lang='lat' dir='ltr'><strong>sine</strong></span> <span class='ocrx_word' id='word_1_892' title='bbox 3295 5211 3422 5280; x_wconf 83' lang='lat' dir='ltr'><strong>fine,</strong></span> <span class='ocrx_word' id='word_1_893' title='bbox 3453 5178 3592 5287; x_wconf 74' lang='lat' dir='ltr'><strong>quia</strong></span> <span class='ocrx_word' id='word_1_894' title='bbox 3627 5239 3768 5296; x_wconf 82' lang='lat' dir='ltr'><strong>gau-</strong></span> 
     </span>
     <span class='ocr_line' id='line_1_131' title="bbox 2169 5269 2908 5296; baseline 0.028 0"><span class='ocrx_word' id='word_1_895' title='bbox 2169 5269 2312 5296; x_wconf 65' lang='grc' dir='ltr'><strong>ιῑέηηι</strong></span> <span class='ocrx_word' id='word_1_896' title='bbox 2349 5283 2531 5296; x_wconf 56' lang='grc' dir='ltr'><strong>-Α-ιμη</strong></span> <span class='ocrx_word' id='word_1_897' title='bbox 2875 5288 2908 5296; x_wconf 81' lang='grc'><strong>’⁵</strong></span> 
     </span>
    </p>
   </div>
   <div class='ocr_carea' id='block_1_112' title="bbox 2165 5269 3770 5376">
    <p class='ocr_par' dir='ltr' id='par_1_112' title="bbox 2165 5269 3770 5376">
     <span class='ocr_line' id='line_1_132' title="bbox 2165 5269 3770 5376; baseline 0.032 -55"><span class='ocrx_word' id='word_1_898' title='bbox 2165 5269 2314 5324; x_wconf 87' lang='lat' dir='ltr'><strong>dium</strong></span> <span class='ocrx_word' id='word_1_899' title='bbox 2349 5283 2593 5334; x_wconf 90' lang='lat' dir='ltr'><strong>vestrum</strong></span> <span class='ocrx_word' id='word_1_900' title='bbox 2622 5297 2782 5340; x_wconf 89' lang='lat' dir='ltr'><strong>nemo</strong></span> <span class='ocrx_word' id='word_1_901' title='bbox 2819 5288 2968 5346; x_wconf 90' lang='lat' dir='ltr'><strong>tollet</strong></span> <span class='ocrx_word' id='word_1_902' title='bbox 2991 5309 3021 5348; x_wconf 91' lang='lat' dir='ltr'><strong>a</strong></span> <span class='ocrx_word' id='word_1_903' title='bbox 3048 5296 3200 5354; x_wconf 90' lang='lat' dir='ltr'><strong>vobis</strong></span> <span class='ocrx_word' id='word_1_904' title='bbox 3227 5269 3421 5371; x_wconf 46' lang='lat' dir='ltr'><strong>(10am,</strong></span> <span class='ocrx_word' id='word_1_905' title='bbox 3437 5269 3580 5374; x_wconf 39' lang='grc' dir='ltr'><strong>ιλιι).</strong></span> <span class='ocrx_word' id='word_1_906' title='bbox 3627 5269 3661 5368; x_wconf 56' lang='grc' dir='ltr'><em>ἴ</em></span> <span class='ocrx_word' id='word_1_907' title='bbox 3697 5318 3770 5376; x_wconf 76' lang='grc' dir='ltr'><strong>ει</strong></span> 
     </span>
    </p>
   </div>
   <div class='ocr_carea' id='block_1_113' title="bbox 2163 5361 3767 5477">
    <p class='ocr_par' dir='ltr' id='par_1_113' title="bbox 2163 5361 3767 5477">
     <span class='ocr_line' id='line_1_133' title="bbox 2163 5361 3767 5477; baseline 0.032 -63"><span class='ocrx_word' id='word_1_908' title='bbox 2163 5361 2481 5424; x_wconf 88' lang='lat' dir='ltr'><strong>adveniente</strong></span> <span class='ocrx_word' id='word_1_909' title='bbox 2520 5371 2608 5426; x_wconf 88' lang='lat' dir='ltr'><strong>die</strong></span> <span class='ocrx_word' id='word_1_910' title='bbox 2641 5372 2848 5444; x_wconf 91' lang='lat' dir='ltr'><strong>judicii,</strong></span> <span class='ocrx_word' id='word_1_911' title='bbox 2885 5396 3009 5438; x_wconf 90' lang='lat' dir='ltr'><strong>ossa</strong></span> <span class='ocrx_word' id='word_1_912' title='bbox 3063 5361 3260 5459; x_wconf 76' lang='lat' dir='ltr'><strong>vestra,</strong></span> <span class='ocrx_word' id='word_1_913' title='bbox 3312 5395 3365 5450; x_wconf 90' lang='lat' dir='ltr'><strong>id</strong></span> <span class='ocrx_word' id='word_1_914' title='bbox 3405 5409 3490 5454; x_wconf 89' lang='lat' dir='ltr'><strong>est</strong></span> <span class='ocrx_word' id='word_1_915' title='bbox 3517 5417 3767 5477; x_wconf 77' lang='lat' dir='ltr'><strong>corpora</strong></span> 
     </span>
    </p>
   </div>
   <div class='ocr_carea' id='block_1_114' title="bbox 2162 5463 3768 5557">
    <p class='ocr_par' dir='ltr' id='par_1_114' title="bbox 2162 5463 3768 5557">
     <span class='ocr_line' id='line_1_134' title="bbox 2162 5463 3768 5557; baseline 0.031 -50"><span class='ocrx_word' id='word_1_916' title='bbox 2162 5463 2363 5524; x_wconf 89' lang='lat' dir='ltr'><strong>vestra,</strong></span> <span class='ocrx_word' id='word_1_917' title='bbox 2399 5474 2612 5534; x_wconf 89' lang='lat' dir='ltr'><strong>recepta</strong></span> <span class='ocrx_word' id='word_1_918' title='bbox 2637 5466 3063 5544; x_wconf 88' lang='lat' dir='ltr'><strong>immortalitate,</strong></span> <span class='ocrx_word' id='word_1_919' title='bbox 3093 5483 3490 5557; x_wconf 85' lang='lat' dir='ltr'><strong>germinabunt,</strong></span> <span class='ocrx_word' id='word_1_920' title='bbox 3521 5463 3649 5551; x_wconf 72' lang='lat' dir='ltr'><strong>sive</strong></span> <span class='ocrx_word' id='word_1_921' title='bbox 3675 5513 3768 5556; x_wconf 77' lang='lat' dir='ltr'><strong>ro-</strong></span> 
     </span>
    </p>
   </div>
   <div class='ocr_carea' id='block_1_115' title="bbox 2160 5553 3763 5650">
    <p class='ocr_par' dir='ltr' id='par_1_115' title="bbox 2160 5553 3763 5650">
     <span class='ocr_line' id='line_1_135' title="bbox 2160 5553 3763 5650; baseline 0.027 -49"><span class='ocrx_word' id='word_1_922' title='bbox 2160 5560 2404 5619; x_wconf 88' lang='lat' dir='ltr'><strong>surgent.</strong></span> <span class='ocrx_word' id='word_1_923' title='bbox 2432 5553 2586 5610; x_wconf 91' lang='lat' dir='ltr'><strong>Sicut</strong></span> <span class='ocrx_word' id='word_1_924' title='bbox 2609 5573 2736 5632; x_wconf 88' lang='lat' dir='ltr'><strong>ergo</strong></span> <span class='ocrx_word' id='word_1_925' title='bbox 2755 5563 2938 5622; x_wconf 69' lang='lat' dir='ltr'><strong>herbae</strong></span> <span class='ocrx_word' id='word_1_926' title='bbox 2962 5583 3082 5638; x_wconf 71' lang='lat' dir='ltr'><strong>qua:</strong></span> <span class='ocrx_word' id='word_1_927' title='bbox 3103 5573 3319 5632; x_wconf 74' lang='lat' dir='ltr'><strong>siccaue</strong></span> <span class='ocrx_word' id='word_1_928' title='bbox 3345 5553 3583 5650; x_wconf 82' lang='lat' dir='ltr'><strong>fuerant,</strong></span> <span class='ocrx_word' id='word_1_929' title='bbox 3615 5595 3763 5644; x_wconf 85' lang='lat' dir='ltr'><strong>tem-</strong></span> 
     </span>
    </p>
   </div>
   <div class='ocr_carea' id='block_1_116' title="bbox 2159 5643 3760 5749">
    <p class='ocr_par' dir='ltr' id='par_1_116' title="bbox 2159 5643 3760 5749">
     <span class='ocr_line' id='line_1_136' title="bbox 2159 5643 3760 5749; baseline 0.028 -59"><span class='ocrx_word' id='word_1_930' title='bbox 2159 5652 2290 5708; x_wconf 89' lang='lat' dir='ltr'><strong>pore</strong></span> <span class='ocrx_word' id='word_1_931' title='bbox 2314 5643 2459 5697; x_wconf 89' lang='lat' dir='ltr'><strong>veris</strong></span> <span class='ocrx_word' id='word_1_932' title='bbox 2490 5650 2813 5719; x_wconf 82' lang='lat' dir='ltr'><strong>germinant,</strong></span> <span class='ocrx_word' id='word_1_933' title='bbox 2859 5669 3075 5729; x_wconf 88' lang='lat' dir='ltr'><strong>recepta</strong></span> <span class='ocrx_word' id='word_1_934' title='bbox 3101 5664 3393 5734; x_wconf 86' lang='lat' dir='ltr'><strong>viriditate,</strong></span> <span class='ocrx_word' id='word_1_935' title='bbox 3441 5673 3515 5727; x_wconf 86' lang='lat' dir='ltr'><strong>ita</strong></span> <span class='ocrx_word' id='word_1_936' title='bbox 3539 5691 3760 5749; x_wconf 69' lang='grc' dir='ltr'><strong>σοι-μω</strong></span> 
     </span>
    </p>
   </div>
   <div class='ocr_carea' id='block_1_117' title="bbox 2159 5730 3758 5826">
    <p class='ocr_par' dir='ltr' id='par_1_117' title="bbox 2159 5730 3758 5826">
     <span class='ocr_line' id='line_1_137' title="bbox 2159 5730 3758 5826; baseline 0.026 -42"><span class='ocrx_word' id='word_1_937' title='bbox 2159 5730 2214 5785; x_wconf 90' lang='lat' dir='ltr'><strong>in</strong></span> <span class='ocrx_word' id='word_1_938' title='bbox 2241 5733 2329 5789; x_wconf 84' lang='lat' dir='ltr'><strong>die</strong></span> <span class='ocrx_word' id='word_1_939' title='bbox 2350 5734 2538 5805; x_wconf 90' lang='lat' dir='ltr'><strong>judicii</strong></span> <span class='ocrx_word' id='word_1_940' title='bbox 2563 5752 2776 5812; x_wconf 90' lang='lat' dir='ltr'><strong>recepto</strong></span> <span class='ocrx_word' id='word_1_941' title='bbox 2797 5746 2982 5819; x_wconf 87' lang='lat' dir='ltr'><strong>vigore</strong></span> <span class='ocrx_word' id='word_1_942' title='bbox 3004 5753 3321 5814; x_wconf 86' lang='lat' dir='ltr'><strong>viridescet:</strong></span> <span class='ocrx_word' id='word_1_943' title='bbox 3348 5730 3407 5818; x_wconf 80' lang='lat' dir='ltr'><strong>ut</strong></span> <span class='ocrx_word' id='word_1_944' title='bbox 3439 5765 3584 5821; x_wconf 81' lang='lat' dir='ltr'><strong>sicut</strong></span> <span class='ocrx_word' id='word_1_945' title='bbox 3623 5730 3758 5826; x_wconf 54' lang='grc' dir='ltr'><strong>(ἔοι--</strong></span> 
     </span>
    </p>
   </div>
   <div class='ocr_carea' id='block_1_118' title="bbox 2158 5831 3752 5919">
    <p class='ocr_par' dir='ltr' id='par_1_118' title="bbox 2158 5831 3752 5919">
     <span class='ocr_line' id='line_1_138' title="bbox 2158 5831 3752 5919; baseline 0.023 -40"><span class='ocrx_word' id='word_1_946' title='bbox 2158 5839 2286 5892; x_wconf 85' lang='lat' dir='ltr'><strong>pore</strong></span> <span class='ocrx_word' id='word_1_947' title='bbox 2307 5837 2362 5884; x_wconf 89' lang='lat' dir='ltr'><strong>et</strong></span> <span class='ocrx_word' id='word_1_948' title='bbox 2393 5831 2570 5888; x_wconf 87' lang='lat' dir='ltr'><strong>anima</strong></span> <span class='ocrx_word' id='word_1_949' title='bbox 2601 5835 2709 5892; x_wconf 88' lang='lat' dir='ltr'><strong>Deo</strong></span> <span class='ocrx_word' id='word_1_950' title='bbox 2733 5839 3033 5898; x_wconf 85' lang='lat' dir='ltr'><strong>servierunt</strong></span> <span class='ocrx_word' id='word_1_951' title='bbox 3061 5845 3112 5902; x_wconf 93' lang='lat' dir='ltr'><strong>in</strong></span> <span class='ocrx_word' id='word_1_952' title='bbox 3131 5854 3380 5918; x_wconf 81' lang='lat' dir='ltr'><strong>praesenti</strong></span> <span class='ocrx_word' id='word_1_953' title='bbox 3415 5857 3641 5919; x_wconf 70' lang='lat' dir='ltr'><strong>saeculo.</strong></span> <span class='ocrx_word' id='word_1_954' title='bbox 3671 5861 3752 5916; x_wconf 75' lang='lat' dir='ltr'><strong>ita</strong></span> 
     </span>
    </p>
   </div>
  </div>
