4016 6446
197 380 330 437 I081

1293 364 1641 424 COMMENT.
1681 362 1748 417 IN
1785 357 2036 416 ISAIAM.
2077 389 2144 398 --
2180 356 2305 412 LIB.
2349 353 2435 410 III.

3311 349 3447 407 108‘!

200 498 496 564 incorpore
517 498 573 544 et
594 487 772 542 anima
792 484 1063 542 exsultent
1094 484 1149 538 in
1186 491 1386 538 aeterna
1413 480 1764 537 beatitudine.
1795 486 1844 542 Α
1873 476 1943 530 ibi
1972 474 2131 539 idola,
2161 483 2217 530 et
2241 469 2652 564 luxuriabantur
2665 479 2789 524 ante
2813 467 2953 524 idola
2985 467 3440 564 etarasdeorum,

200 608 217 638 ο
261 587 327 639 Et
343 589 696 652 eognoscetur
731 592 922 632 manus
952 575 1535 645 Dominisuperservos
1560 572 1766 641 ejus,et

195 675 557 746 indignabitur
608 670 844 724 inimicis
890 668 1020 723 suis.
1060 687 1078 720 ι
1114 665 1238 721 11ωο
1263 664 1425 720 verba
1457 663 1673 734 proprie
1701 663 1767 716 ad

195 765 334 820 diem
350 760 537 831 judicii
567 760 839 830 pertinere
864 758 1129 811 videntur.
1164 755 1353 809 Manus
1375 754 1519 808 enim
1555 751 1768 806 Domini

194 854 363 911 Filius
391 859 494 918 est,
523 851 647 920 quia
687 864 784 918 per
811 849 983 918 ipsum
1025 847 1204 902 omnia
1237 845 1364 900 fecit
1404 845 1546 900 Deus
1583 843 1766 906 Pater,

198 944 290 1014 qui
311 950 669 1013 cognoscetur
700 940 751 993 in
779 939 864 992 die
882 937 1070 1006 judicii
1109 951 1140 990 a
1186 937 1298 991 suis
1347 934 1591 989 ﬁdelibus
1620 933 1770 987 beni-

195 1049 332 1105 gnus
355 1041 410 1087 et
453 1031 635 1086 suavis
664 1047 676 1082 :
705 1029 883 1099 impiis
920 1043 1051 1083 vero
1098 1027 1202 1082 erit
1250 1027 1416 1081 durus
1455 1034 1514 1079 et
1553 1033 1772 1093 pumtor

196 1138 404 1178 eorum.
435 1119 530 1176 Vel
582 1133 801 1172 manum
858 1117 1070 1171 Domini
1130 1130 1415 1186 possumus
1479 1112 1771 1182 intelligere

196 1213 568 1284 operationem
628 1218 684 1263 et
733 1209 1028 1279 potentiam
1074 1206 1430 1274 illius,‘juxta
1487 1206 1627 1274 quod
1677 1221 1774 1275 per

197 1302 415 1374 Moysen
438 1301 638 1355 dicitur
663 1300 729 1354 ad
755 1298 1086 1353 Pharaonem
1113 1315 1125 1349 :
1165 1317 1182 1348 ι
1217 1298 1353 1352 Ecce
1376 1312 1566 1350 manus
1593 1297 1774 1350 Domi-

199 1391 278 1456 ai,
311 1409 330 1442 ι
363 1391 416 1445 id
439 1397 524 1444 est
548 1389 790 1458 potentia
819 1388 1052 1451 Domini,
1085 1407 1102 1437 ε
1127 1403 1289 1457 super
1327 1397 1378 1440 te
1411 1395 1466 1440 et
1487 1401 1650 1456 super
1678 1401 1773 1455 po-

202 1479 386 1553 }ulnm
414 1488 564 1534 tuum
593 1477 785 1548 (Exod.
817 1477 894 1548 v).
928 1495 947 1529 ›
975 1477 1341 1546 Cognoscetur
1364 1475 1622 1528 Dominus
1646 1488 1776 1543 ergo

196 1573 251 1626 in
267 1571 549 1642 diejudicii
568 1584 728 1639 super
746 1584 934 1624 servos
950 1583 1095 1634 suos,
1110 1568 1305 1638 quibus
1325 1568 1469 1622 dicet
1486 1585 1504 1617 ‹
1531 1584 1542 1620 :
1562 1565 1774 1630 Venite,

194 1662 466 1718 benedicti
496 1661 673 1716 Patris
699 1661 806 1715 mei
829 1660 1044 1732 (Matth.
1073 1662 1222 1732 xxv).
1259 1679 1281 1714 ι
1305 1698 1308 1702 η
1330 1661 1394 1713 Et
1414 1659 1779 1730 indignabitur

197 1752 437 1815 inimicis
465 1751 579 1806 suis
607 1751 940 1806 daemonibus
967 1760 1021 1805 et
1048 1751 1316 1821 reprobis,
1347 1750 1542 1820 quibus
1587 1750 1729 1805 dicet
1758 1766 1772 1802 :

195 1833 298 1909 Ite,
327 1841 621 1907 maledicti,
652 1841 706 1895 in
730 1841 913 1912 ignem
926 1848 1206 1895 aeternum.

145 1911 161 1926 ’
276 1951 295 1986 ‹
339 1932 472 1999 Quia
537 1946 666 1988 ecce
714 1911 972 1986 Dominus
1000 1931 1054 1985 in
1113 1933 1233 2002 igne
1271 1929 1476 1993 ~Veniet,
1516 1937 1571 1982 et
1613 1927 1768 1997 quasi

199 2027 353 2082 turbo
372 2025 631 2095 quadriga
656 2025 791 2095 ejus,
812 2025 1036 2079 reddere
1059 2025 1112 2078 in
1141 2022 1504 2093 indignatione
1532 2020 1766 2074 furorem

195 2132 373 2181 suum,
404 2125 456 2169 et
481 2115 903 2186 increpationem
931 2129 1082 2169 suam
1106 2115 1158 2167 in
1187 2113 1401 2166 flamina
1433 2110 1592 2181 ignis.
1635 2129 1652 2161 ›
1687 2109 1770 2162 Ad

195 2207 336 2262 diem
357 2205 544 2277 judicii
581 2206 853 2274 pertinent
880 2205 1002 2259 ista.
1051 2197 1254 2258 De-hoc
1301 2202 1423 2270 igne
1467 2200 1597 2255 dicit
1625 2197 1772 2253 Psal-

193 2299 354 2352 mista
381 2313 396 2350 :
434 2316 452 2347 (
479 2296 769 2366 Ignisante
792 2297 963 2366 ipsum
989 2294 1253 2365 praecedet
1275 2290 1446 2363 (Psal.
1474 2291 1649 2360 xw)»
1666 2289 1772 2344 Iste

195 2390 338 2461 ignis
365 2388 713 2444 transitorius
737 2389 840 2442 crit
876 2387 1086 2452 electis,
1123 2385 1212 2454 qui
1256 2383 1542 2439 habuerint
1589 2381 1769 2435 fenum

195 2490 251 2534 et
281 2481 572 2551 stipulam:
605 2480 728 2549 quia
756 2479 1127 2550 purgabuntur
1160 2477 1232 2531 ibi
1263 2485 1317 2530 et
1360 2473 1668 2528 transibunt
1702 2471 1771 2525 ad

181 2579 421 2644 regnum
445 2574 602 2638 vitae;
627 2581 861 2628 :eternus
887 2572 989 2626 erit
1015 2569 1290 2641 reprobis,
1332 2582 1471 2638 quos
1509 2565 1769 2629 involvet,

191 2674 250 2719 et
277 2666 438 2720 ducet
471 2664 536 2718 ad
563 2664 824 2733 supplicia
860 2671 1080 2716 :eterna.
1127 2661 1194 2714 Et
1241 2659 1394 2729 quasi
1449 2658 1605 2711 turbo
1658 2655 1771 2709 sive

195 2763 491 2823 tempestas
519 2769 711 2808 currus
745 2752 879 2822 ejus.
933 2751 1036 2804 Per
1062 2763 1282 2804 currum
1319 2747 1464 2801 illius
1511 2745 1771 2799 debemus

193 2845 492 2914 intelligere
535 2843 804 2913 angelicas
846 2848 1156 2911 potestates,
1195 2854 1314 2908 qum
1355 2836 1638 2891 Dominum
1680 2850 1771 2889 co-

193 2934 529 2988 mitabuntur
559 2939 629 2988 ad
645 2932 928 3002 judicium.
956 2931 1070 2986 Non
1102 2931 1246 3000 quod
1275 2929 1416 2983 Deus
1441 2943 1602 2981 curru
1631 2940 1767 2994 por-

191 3035 340 3079 tetur
378 3027 478 3079 ista
527 3033 834 3088 narrantur,
883 3024 975 3078 sed
1013 3021 1282 3092 quomodo
1313 3020 1365 3073 in
1417 3017 1552 3072 solio
1580 3017 1770 3072 sedere

192 3114 412 3179 dicitur,
442 3114 656 3183 quando
726 3114 952 3168 assumit
997 3112 1240 3167 habitum
1306 3108 1639 3180 judicantis:
1687 3107 1767 3161 sic

193 3205 407 3272 quando
439 3207 507 3260 ad
549 3204 836 3260 vindictam
867 3211 1124 3258 venturus
1145 3213 1225 3257 est
1248 3209 1307 3255 ut
1324 3199 1554 3255 debellet
1574 3199 1766 3254 adver—
1793 3188 1838 3250 C

191 3298 368 3352 sarios
397 3313 544 3361 suos,
569 3297 620 3350 in
645 3297 830 3350 habitu
853 3295 1074 3350 victoris
1103 3304 1159 3348 et
1186 3293 1567 3362 triumphantis
1593 3300 1768 3346 osten-

189 3389 373 3442 detur.
408 3388 612 3442 Reddet
649 3388 701 3440 in
726 3387 1090 3457 indignatione
1120 3384 1355 3439 furorem
1387 3398 1542 3438 suum
1582 3397 1767 3451 reprm

183 3477 297 3543 bis,
325 3479 545 3533 dicens:
573 3493 598 3528 ι
632 3477 788 3532 lte'in
818 3478 991 3548 ignem
1020 3486 1282 3531 aeternum
1313 3474 1528 3545 (Matth.
1553 3473 1705 3544 xxv),
1743 3492 1762 3525 ι

189 3576 246 3622 et
276 3567 694 3636 increpationem
723 3581 871 3620 suam
899 3565 950 3620 in
977 3564 1190 3619 flamma
1232 3564 1393 3635 ignis,
1424 3563 1548 3617 dum
1570 3563 1769 3618 dixerit

186 3658 565 3727 exprobrando
598 3675 610 3710 :
646 3657 872 3718 Esurivi,
916 3665 970 3710 et
998 3671 1104 3710 non
1129 3654 1354 3709 dedistis
1381 3652 1512 3706 mihi
1543 3653 1767 3706 mandu-

186 3761 341 3811 care,
362 3755 642 3801 etcastera.
669 3745 944 3800 Sententia
962 3745 1105 3800 enim
1128 3742 1402 3807 terribilis,
1427 3740 1578 3812 quasi
1605 3741 1763 3811 ignis,

189 3837 475 3894 devorabit
512 3852 624 3893 eos.

269 3944 289 3977 ι
335 3926 470 3993 Quia
490 3928 550 3981 in
579 3927 699 3998 igne
723 3928 979 3982 Dominus
1001 3925 1402 3995 dijudicabitur,
1432 3933 1486 3980 et
1509 3926 1561 3980 in
1590 3925 1766 3996 gladio

191 4034 295 4076 suo
314 4021 389 4075 ad
408 4033 621 4075 omnem
659 4033 900 4075 carnem.
946 4040 964 4072 ι
998 4020 1055 4073 In
1082 4020 1223 4090 igne,
1251 4019 1305 4074 id
1347 4027 1451 4083 est,
1484 4019 1536 4072 in
1561 4017 1766 4085 judicio

193 4108 535 4164 discernetur
553 4126 583 4162 a
607 4109 912 4165 senioribus
935 4110 1116 4178 populi
1147 4109 1250 4174 sui,
1273 4107 1421 4175 justo
1449 4123 1545 4162 suo
1561 4106 1765 4176 judicio

192 4200 453 4255 damnare
499 4201 776 4271 reprobus,
832 4216 936 4255 non
984 4200 1244 4271 potentia.
1293 4198 1514 4254 Gladius
1562 4199 1655 4254 Dei
1683 4208 1767 4254 est

192 4286 420 4342 verbum
472 4297 529 4343 et
576 4289 839 4344 sententia
888 4289 1050 4352 illius,
1101 4289 1168 4344 de
1205 4303 1311 4358 quo
1334 4288 1570 4357 loquitur
1600 4287 1767 4344 Amos

187 4378 470 4450 propheta.
508 4377 721 4444 Gladio,
749 4381 802 4433 id
831 4389 914 4434 est
940 4380 1204 4434 sententia
1256 4380 1348 4434 Dei
1379 4381 1629 4449 peribunt
1651 4395 1766 4436 om-

198 4480 299 4520 nes
342 4477 652 4536 peccatores
698 4468 886 4538 (Amos
934 4470 1042 4540 ιχ).
1087 4469 1358 4538 Quidquid
1403 4485 1531 4540 ergo
1589 4470 1762 4539 punit,

187 4532 452 4630 quidquid
479 4559 686 4632 afﬂigit,
707 4532 966 4631 quidquid
988 4532 1519 4631 percutit,-quidqui'd
1535 4532 1762 4627 cruciat,
1788 4532 1842 4592 ί)

187 4649 406 4724 gladius
434 4660 610 4721 potest
638 4653 916 4723 appellari.
940 4653 996 4707 In
1017 4653 1196 4724 gladio
1225 4653 1420 4723 quippe
1448 4668 1545 4707 suo
1571 4651 1763 4722 dijudi-

193 4741 410 4798 eabitur
431 4744 498 4797 ad
526 4757 714 4799 omnes
737 4743 1011 4798 homines:
1036 4744 1163 4814 quia
1194 4744 1320 4797 dum
1351 4743 1557 4798 dederit
1584 4744 1764 4814 singu-

187 4847 259 4887 ,ιε
287 4833 431 4900 quod
465 4840 762 4899 merentur,
811 4849 1002 4889 omnes
1025 4843 1350 4904 cognoscent
1381 4834 1526 4888 illum
1555 4833 1760 4903 justum

181 4924 425 4994 judicem
455 4939 595 4990 esse,
627 4934 683 4980 et
703 4925 996 4980 laudabunt
1013 4923 1272 4996 judicium
1297 4925 1433 4995 ejus.
1463 4944 1480 4977 ι
1519 4925 1586 4979 Ει
1625 4926 1762 4980 mul-

187 5015 580 5085 tiplicabuntur
607 5016 873 5072 interfecti
903 5033 932 5070 a
955 5016 1199 5072 Domino.
1225 5036 1244 5068 ι
1273 5015 1464 5081 Judaei,
1494 5017 1755 5080 hmretici,

185 5106 412 5177 pagani,
457 5113 512 5160 et
549 5107 760 5176 reprobi
815 5107 1050 5161 universi
1100 5106 1362 5170 damnati,
1392 5107 1573 5174 plures
1621 5107 1766 5160 inve-

185 5195 430 5253 nientur.
452 5194 762 5251 Interfectio
781 5197 927 5251 enim
964 5195 1052 5250 hic
1074 5194 1207 5249 nihil
1240 5195 1471 5266 appellat
1495 5196 1638 5250 aliud
1658 5195 1763 5250 nisi

187 5285 613 5350 damnationem,
654 5294 710 5341 et
733 5287 1088 5356 perditionem
1114 5285 1483 5355 reproborum.

267 5393 289 5428 ι
336 5375 438 5444 Qui
467 5377 945 5434 sanctiﬂeabantur
969 5386 1023 5433 et
1057 5376 1288 5432 mundos
1327 5392 1385 5432 se
1422 5377 1681 5447 putabant
1709 5376 1763 5431 in

186 5463 364 5521 hortis
377 5473 498 5534 post
515 5463 736 5534 januam
762 5465 1104 5520 intrinsecus.
1128 5485 1146 5518 ι
1173 5463 1358 5526 Judaei,
1385 5465 1524 5520 inter
1543 5475 1766 5522 caeteros

187 5569 410 5610 errores
450 5572 587 5625 quos
623 5557 1008 5628 adimplebant,
1039 5556 1309 5611 habebant
1348 5557 1401 5611 in
1433 5558 1544 5613 suis
1594 5559 1766 5615 hortis

191 5642 373 5701 fontes
405 5655 462 5701 et
484 5645 818 5716 baptisteria,
862 5647 914 5701 in
939 5647 1135 5717 quibus
1154 5647 1350 5716 smpius
1372 5663 1429 5702 se
1462 5648 1761 5712 abluentes,

195 5737 456 5806 putabant
475 5753 533 5794 se
561 5739 805 5793 mundari
829 5739 990 5794 etiam
1039 5753 1066 5792 a
1109 5738 1362 5808 peccatis.
1412 5737 1476 5792 Et
1521 5738 1764 5794 colebant

1868 583 1990 623 cum
2021 566 2269 621 masculis
2295 574 2350 619 et
2369 563 2604 626 feminis,
2635 578 2785 617 more
2814 560 3188 631 canum,quod
3219 568 3304 616 est
3326 569 3440 615 tur-

1869 662 1992 732 pius
2021 661 2218 716 dicere.
2249 659 2315 713 Et
2344 659 2446 712 hoc
2471 666 2557 712 est
2593 657 2734 726 quod
2761 656 2891 710 dicit
2916 663 3036 724 post
3066 669 3225 708 unam
3251 653 3444 707 intrin-

1871 769 2051 817 secus,
2091 753 2144 807 id
2179 760 2261 806 est
2289 759 2434 805 retro
2482 750 2537 804 in
2587 749 2702 818 ipso
2754 763 2939 803 earum
2985 761 3231 817 corpore.
3285 763 3305 796 ε
3341 744 3443 811 Qui

1871 843 2224 898 comedebant
2271 855 2491 896 carnem
2540 839 2773 905 suillam,
2803 858 2822 890 ι
2875 837 3196 893 subauditur
3251 844 3441 892 contra

1871 935 2066 1005 legem,
2099 952 2118 984 ι
2152 942 2205 986 et
2247 931 2718 1000 abominationem,
2750 949 2768 981 ι
2803 929 2854 984 id
2899 937 2984 984 est
3015 927 3439 990 immolatitium,

1872 1037 1932 1080 ut
1970 1025 2188 1094 quidam
2237 1032 2422 1093 gentes
2479 1023 2654 1078 adhuc
2683 1021 2906 1076 faciunt.
2944 1039 2963 1072 ‹
3022 1019 3196 1075 Simul
3248 1034 3447 1075 consu-

1873 1127 2113 1181 muntur,
2168 1115 2300 1172 dicit
2355 1112 2631 1169 Dominus.
2673 1113 2785 1183 Ego
2823 1121 3005 1166 autem
3038 1125 3202 1179 opera
3255 1124 3442 1164 eorum

1873 1217 1927 1263 et
1975 1207 2332 1278 cogitationes
2382 1219 2567 1260 eorum
2612 1204 2768 1258 venio
2810 1211 2870 1257 ut
2915 1214 3267 1272 congregem,
3315 1213 3440 1255 cum

1873 1301 2123 1355 omnibus
2167 1298 2432 1369 gentibus.
2489 1316 2507 1347 ι
2540 1295 2655 1350 Vox
2699 1295 2907 1349 Domini
2957 1292 3341 1364 omnipotentis
3376 1293 3445 1348 de

1875 1389 2190 1459 diejudicii.
2222 1387 2427 1442 Idcirco
2453 1386 2669 1456 (inquit)
2697 1385 2854 1440 venio
2903 1383 2972 1438 ad
3011 1381 3275 1451 judicium
3319 1396 3443 1437 cum

1875 1481 2126 1534 omnibus
2189 1477 2436 1549 gentibus
2476 1485 2530 1531 et
2579 1475 2792 1546 linguis,
2846 1483 2904 1528 ut
2956 1486 3274 1544 congregem
3329 1485 3447 1527 om-

1876 1573 1964 1627 nia
1986 1586 2148 1641 opera
2172 1585 2359 1624 eorum
2390 1575 2446 1622 et
2486 1568 2841 1638 cogitationes
2873 1580 3082 1629 eorum,
3124 1572 3178 1619 et
3224 1563 3446 1619 reddam

1877 1662 1956 1716 eis
1984 1659 2160 1730 qualia
2183 1666 2474 1713 merentur.
2505 1657 2656 1725 Quod
2684 1672 2875 1713 omnes
2902 1664 3089 1727 gentes
3102 1655 3168 1710 ad
3183 1655 3445 1726 judicium

1877 1762 2118 1808 ventura:
2140 1752 2269 1816 sint,
2294 1750 2552 1805 Dominus
2579 1748 2888 1803 manifestat
2909 1749 3095 1803 dicens
3083 1764 3134 1840 ἐ
3165 1765 3185 1799 ‹
3215 1747 3349 1802 Cum
3365 1761 3450 1802 se-

1805 1842 1850 1903 B
1877 1843 2013 1897 derit
2036 1842 2202 1896 Filius
2231 1841 2465 1896 hominis
2496 1840 2547 1894 in
2571 1839 2697 1894 sede
2723 1838 3020 1909 majestatis
3047 1838 3248 1902 suimet
3273 1849 3450 1906 caepe-

1873 1935 2226 2003 ritjudicare,
2272 1944 2397 1987 tunc
2426 1933 2899 2004 congregabuntur
2923 1941 3047 1987 ante
3089 1947 3212 1987 eum
3259 1945 3449 1986 omnes

1870 2034 2058 2095 gentes
2079 2025 2291 2096 (Matth.
2321 2026 2495 2093 xxiii).
2534 2045 2550 2074 ι
2579 2024 2778 2078 Omnes
2800 2024 2943 2078 enim
2970 2031 3157 2093 gentes
3176 2030 3229 2078 et
3251 2022 3448 2094 linguas

1871 2132 1993 2170 cum
2021 2114 2439 2184 cogitationibus
2477 2114 2588 2168 suis
2613 2113 2815 2182 pariter
2861 2113 3194 2168 adducentur
3226 2113 3300 2169 .in
3341 2127 3452 2168 me-

1871 2206 2039 2269 dium,
2065 2213 2120 2259 et
2149 2205 2610 2274 dijudicabuntnr.
2635 2203 2689 2257 ld
2715 2205 2887 2274 ipsum
2920 2213 3102 2258 autem
3133 2203 3452 2276 intelligitur

1871 2313 1968 2368 per
1990 2297 2200 2366 linguas
2229 2295 2371 2365 quod
2393 2304 2448 2350 et
2471 2311 2566 2367 per
2589 2304 2793 2366 gentes.
2824 2316 2842 2348 ‹
2883 2297 2948 2350 Et
2972 2297 3190 2352 venient
3207 2306 3262 2351 et
3293 2297 3448 2352 vide-

1872 2391 2005 2445 bunt
2038 2391 2265 2462 gloriam
2303 2406 2498 2444 meam.
2539 2410 2557 2441 ›
2616 2390 2671 2444 In
2713 2391 2866 2446 libris
2901 2391 3230 2461 propheticis
3271 2392 3450 2448 subito

1871 2489 2154 2536 mutantur
2189 2489 2450 2549 tempora,
2481 2480 2621 2534 sicut
2655 2489 2709 2533 ct
2733 2495 2992 2550 personaa.
3027 2481 3178 2537 Unde
3209 2482 3263 2536 in
3304 2497 3447 2552 pra:-

1872 2574 2011 2628 senti
2041 2573 2157 2627 loco
2209 2588 2272 2626 ea
2324 2587 2442 2642 qua:
2489 2574 2766 2642 praemissa
2812 2581 2955 2638 sunt,
2989 2574 3054 2627 ad
3089 2575 3230 2629 diem
3256 2573 3447 2644 judicii

1871 2665 2142 2734 pertinent
2167 2683 2178 2717 :
2211 2665 2309 2718 ista
2332 2680 2460 2718 vero
2488 2680 2606 2734 quae
2634 2665 2790 2719 modo
2807 2665 3226 2736 subsequuntur,
3253 2668 3318 2724 ad
3343 2669 3452 2738 pri-

1873 2771 2019 2808 mtnn
2072 2755 2281 2808 Demini
2335 2755 2620 2808 adventum
2669 2757 2960 2824 pertinent,
2997 2766 3052 2812 et
3101 2759 3167 2812 ad
3207 2759 3449 2828 gentium

1873 2847 2051 2901 tidem.
2085 2845 2313 2901 Venicnt
2343 2845 2582 2917 (inquit),
2614 2862 2680 2902 ex
2703 2848 2952 2901 omnibus
2986 2849 3235 2918 gentibus
3262 2849 3448 2905 ﬁdeles

1872 2938 1926 2992 in
1953 2937 2272 3003 Ecclesiam,
2299 2949 2352 2993 et
2381 2939 2654 3003 videbunt,
2686 2940 2786 2996 hoc
2809 2951 2890 2996 est
2926 2941 3226 3012 intelligent
3269 2950 3450 2997 mente

1871 3029 2097 3100 gloriam
2141 3029 2437 3083 divinitatis
2483 3046 2633 3090 mem.
2675 3040 2729 3085 et
2772 3031 2996 3101 gloriam
3047 3031 3438 3086 humanitatis:

1871 3120 2140 3188 quomodo
2184 3120 2346 3174 homo
2407 3136 2528 3175 cum
2588 3121 2721 3185 sim,
2785 3123 3053 3175 exaltatus
3107 3137 3226 3176 sum
3285 3137 3450 3192 super

1869 3222 2056 3261 omnes
2075 3206 2292 3261 ordines
2313 3207 2647 3277 angelormn,
2681 3208 2806 3276 quia
2831 3209 2992 3262 homo
3018 3223 3134 3262 sum
3168 3209 3370 3278 pariter
3393 3218 3449 3264 et

1872 3293 2033 3349 Deus.

1943 3405 1961 3436 ε
2001 3385 2067 3438 Et
2107 3395 2302 3455 ponam
2342 3385 2395 3439 in
2418 3385 2500 3439 eis
2537 3383 2770 3454 signum,
2815 3392 2869 3437 et
2897 3384 3106 3440 mittam
3146 3399 3211 3440 ex
3243 3386 3324 3441 eis
3356 3385 3448 3457 qui

1868 3476 2058 3531 salvati
2106 3474 2306 3530 fuerint
2349 3475 2415 3530 ad
2463 3486 2670 3546 gentes.
2714 3495 2731 3528 ι
2791 3475 2992 3530 Ponam
3033 3476 3250 3548 (inquit)
3280 3478 3332 3532 in
3366 3477 3447 3532 eis

1868 3569 1960 3638 qui
1994 3567 2324 3622 crediderint
2370 3567 2578 3638 signum
2609 3567 2806 3629 crucis,
2864 3567 3074 3637 signum
3115 3568 3440 3624 Christiani-

1867 3661 1992 3714 tatis
2012 3659 2282 3714 etsalntis.
2315 3661 2566 3714 Emittam
2591 3661 2655 3715 ad
2676 3670 2860 3731 gentes
2874 3676 2940 3714 ex
2966 3663 3067 3727 eis,
3096 3663 3438 3728 subauditur,

1865 3747 2083 3812 Iudaeis,
2111 3749 2198 3817 qui
2225 3750 2412 3804 salvati
2437 3751 2652 3814 fuerint,
2683 3751 2952 3820 apostolos
2975 3752 3225 3808 videlicet
3248 3755 3315 3809 de
3331 3755 3447 3823 qui-

1865 3838 1966 3892 bus
2003 3839 2132 3892 dicit
2169 3839 2370 3893 lsaias:
2411 3857 2430 3891 ‹
2485 3839 2598 3894 Nisi
2639 3841 2895 3896 Dominus
2935 3841 3241 3913 reliquisset
3285 3843 3443 3898 nobis

1865 3941 2072 3991 semen,
2103 3929 2254 3996 quasi
2284 3928 2516 3982 Sodoma
2545 3927 2832 3985 fuissemus
2861 3930 2996 4001 (Isa.
3025 3932 3100 4002 ι).
3142 3952 3161 3984 ι
3196 3933 3276 3989 Ad
3305 3950 3444 4005 quas

1864 4028 2052 4090 gentes
2086 4020 2291 4074 miserit
2310 4035 2404 4075 eos
2423 4020 2750 4085 manifestat,
2771 4022 3094 4079 subnectens
3127 4042 3147 4076 ι
3186 4025 3240 4080 in
3267 4041 3441 4092 mare,

1866 4107 1919 4161 in
1945 4106 2205 4174 Africam,
2243 4109 2297 4163 in
2338 4109 2561 4180 Lydiam
2595 4110 2878 4166 tendentes
2918 4113 3189 4182 sagittam,
3241 4114 3296 4169 in
3332 4115 3440 4170 Ita-
3528 4149 3534 4155 -

1865 4203 1992 4257 liam
2032 4211 2086 4257 et
2122 4201 2404 4266 Graeciam,
2455 4211 2510 4257 et
2558 4203 2611 4258 in
2640 4203 2844 4260 insulas
2872 4203 3050 4275 longe,
3103 4206 3170 4260 ad
3199 4221 3294 4262 eos
3341 4207 3438 4277 qui

1866 4306 1972 4346 non
2022 4291 2311 4345 audierunt
2353 4290 2419 4346 de
2474 4306 2579 4357 me,
2641 4301 2697 4347 et
2742 4307 2848 4346 non
2900 4294 3152 4348 viderunt
3211 4295 3439 4366 gloriam

1865 4399 2062 4440 meam.
2096 4402 2116 4435 ι
2174 4382 2278 4436 Per
2311 4397 2463 4438 mare
2494 4382 2750 4438 debemus
2779 4382 3078 4452 intelligere
3113 4385 3258 4442 hunc
3285 4402 3443 4441 mun-

1866 4473 1992 4528 dum
2010 4471 2353 4542 generaliter,
2371 4471 2492 4541 quia
2517 4472 2657 4526 sicut
2679 4485 2828 4526 mare
2851 4486 3065 4542 semper
3088 4473 3142 4527 in
3167 4482 3316 4528 motu
3333 4483 3441 4541 est,

1869 4579 2011 4619 nunc
2044 4562 2456 4618 ascendentibus
2481 4561 2752 4632 procellis,
2781 4577 2926 4617 nunc
2951 4562 3434 4620 descendentibus:

1868 4651 1942 4707 ita
1965 4651 2194 4706 mundus
2229 4665 2372 4706 nunc
2417 4649 2471 4704 in
2497 4663 2652 4720 pace,
2692 4665 2836 4705 nunc
2893 4651 2947 4705 in
2979 4651 3156 4718 bellis,
3205 4667 3350 4708 nunc
3382 4654 3439 4708 in

1867 4740 2029 4807 fame,
2061 4756 2205 4796 nunc
2231 4739 2284 4794 in
2309 4739 2634 4796 abundantia
2661 4741 2943 4807 consistit;
2971 4757 3114 4798 nunc
3141 4751 3441 4801 nascuntur

1866 4831 2132 4896 homines,
2158 4846 2302 4885 nunc
2327 4831 2651 4886 moriuntur.
2674 4830 2779 4886 Per
2799 4831 3054 4898 Africam,
3084 4848 3298 4890 omnem
3320 4836 3439 4907 pla-

1865 4937 1989 4992 gam
2015 4921 2369 4976 meridianam
2398 4921 2449 4974 in
2471 4937 2576 4990 qua
2595 4921 2775 4976 Africa
2799 4923 2972 4992 posita
3001 4933 3104 4980 est.
3131 4925 3284 4992 Quod
3310 4941 3440 4984 vero

1865 5013 1959 5076 ait,
1988 5013 2195 5066 mittam
2226 5014 2277 5066 in
2308 5011 2531 5082 Lydiam
2559 5013 2836 5070 tendentes
2862 5016 3108 5086 sagittas,
3132 5018 3238 5073 tale
3257 5027 3342 5074 est
3373 5035 3438 5076 ac

1871 5105 1915 5160 si
1956 5103 2204 5159 diceret:
2240 5103 2449 5157 Mittam
2479 5104 2546 5159 ad
2571 5104 2787 5178 Lydios,
2829 5107 2919 5176 qui
2950 5117 3076 5163 sunt
3119 5110 3436 5180 peritissimi

1871 5193 2156 5264 sagittarii.
2175 5192 2232 5246 In
2247 5192 2480 5258 Italiam,
2506 5195 2560 5250 id
2586 5204 2670 5250 est
2694 5197 2747 5249 in
2770 5197 3128 5265 occidentem,
3146 5200 3214 5254 ad
3232 5200 3438 5256 insulas

1870 5298 2082 5350 omnes,
2141 5291 2195 5339 et
2219 5285 2286 5338 ad
2312 5299 2406 5340 eos
2435 5286 2527 5356 qui
2558 5301 2662 5341 non
2689 5285 2975 5341 audierunt
3008 5303 3118 5355 me,
3139 5303 3314 5359 neque
3337 5304 3440 5361 per

1873 5376 2121 5446 angelum
2160 5391 2332 5446 neque
2363 5394 2462 5448 per
2489 5380 2824 5449 prophetam.
2877 5378 2955 5434 De
2992 5380 3112 5436 istis
3139 5381 3270 5436 dicit
3307 5396 3440 5454 pro-

1871 5469 2033 5539 pheta
2058 5468 2298 5535 :Quibus
2317 5486 2423 5525 non
2445 5479 2529 5526 est
2557 5472 2929 5526 annuntiatnm
2961 5473 3027 5528 de
3043 5487 3129 5539 eo,
3157 5473 3435 5528 videbunt.

1871 5561 1937 5614 Et
1967 5560 2356 5615 annuntiabunt
2388 5562 2611 5631 gloriam
2640 5577 2814 5617 meam
2862 5563 3112 5633 gentibus
3183 5563 3438 5619 subaudi—

1873 5662 1978 5716 tur,
2019 5653 2093 5706 illi
2115 5653 2206 5722 qui
2237 5653 2424 5708 salvati
2447 5653 2643 5709 fuerint
2667 5670 2734 5708 ex
2759 5653 2978 5711 Judmis.

1947 5761 1964 5793 ‹
2005 5742 2069 5796 Et
2113 5732 2376 5799 adducent
2433 5763 2452 5796 ι
2509 5745 2734 5815 apostoli
2789 5765 2806 5797 ι
2861 5761 3048 5802 omnes
3097 5744 3292 5804 fratres
3344 5758 3434 5800 ve-
