4016 6462
572 347 719 404 1083
789 346 1151 405 ΗΔῨΜΟΝιδ
1189 344 1668 403 HALBERSTAT.
1710 344 1924 401 EPISC.
1964 343 2118 400 OPP.
2155 342 2336 397 PARS
2369 342 2409 397 l.
2448 372 2518 383 -——
2552 341 2904 400 COMMENT.
2943 341 3012 398 IN
3048 341 3298 398 ISAIAM.
3339 340 3468 397 LIB.
3506 341 3598 397 lll.
3686 340 3823 397 1084

570 469 734 526 stros,
764 478 785 512 ι
828 476 862 514 o
902 458 1068 516 Judaei
1118 460 1415 525 credentes,
1460 477 1480 511 ι
1520 461 1586 515 de
1615 459 1824 514 cunctis
1872 423 2142 529 gentibus,
2170 456 2219 516 Α
2246 453 2322 508 cit
2357 453 2639 510 Dominus.
2693 474 2714 508 ι
2771 452 2885 509 Hoc
2928 452 3212 524 dupliciter
3253 462 3429 521 potest
3471 450 3724 523 intelligi,
3766 460 3828 506 ut

569 548 772 604 donum
804 549 1052 616 Domino,
1078 551 1130 605 in
1159 552 1314 620 equis
1346 562 1401 605 et
1423 551 1721 621 quadrigis,
1751 560 1807 606 et
1845 551 1899 606 in
1938 551 2144 607 lecticis

572 649 628 696 et
652 643 709 696 in
738 642 899 697 mulis
922 651 976 697 et
998 643 1049 696 in
1072 643 1315 698 carrucis
1337 644 1405 698 ad
1435 652 1670 699 montem
1697 652 1942 699 sanctum
1966 661 2145 701 meum

576 730 933 797 Hierusalem,
983 733 1413 799 dicitDominus,
1456 754 1474 788 ι
1500 736 1609 793 hoc
1635 738 1810 791 estad
1849 737 2145 795 Ecclesiam

579 833 904 891 praesentem
936 826 1084 879 etab
1113 825 1216 879 ista
1241 827 1495 894 praesenti
1538 827 1605 881 ad
1636 827 1935 883 caelestem.
1995 827 2147 884 Sicut

577 928 675 982 per
706 928 768 968 ea
822 915 1062 970 locorum
1107 918 1323 972 nomina
1359 934 1480 988 quae
1539 921 1784 989 superius
1820 937 2147 978 commemo-

578 1004 722 1059 ravit
769 1005 1058 1076 Propheta,
1099 1009 1412 1079 signiﬁcata:
1454 1019 1579 1065 sunt
1622 1026 1811 1066 omnes
1851 1022 2058 1083 gentes,
2094 1022 2150 1070 et

577 1096 759 1152 omnia
790 1097 907 1153 loca
931 1100 998 1153 ad
1019 1115 1138 1170 quae
1167 1116 1351 1155 rumor
1396 1102 1796 1172 praedicatlonis
1840 1104 2149 1172 apostolicae

579 1186 889 1244 decucurrit
919 1209 931 1244 :
973 1191 1047 1245 ita
1094 1206 1188 1260 per
1222 1192 1335 1247 haec
1382 1193 1632 1247 animalia
1664 1194 2038 1264 signiﬁcantur
2071 1195 2151 1249 di-

577 1279 863 1334 versitates
889 1280 1125 1350 gentium
1154 1288 1210 1335 et
1226 1281 1512 1336 hominum
1531 1280 1597 1336 ad
1622 1282 1777 1336 ﬁdem
1803 1284 2148 1338 venientium.

579 1365 637 1421 In
665 1368 818 1436 equis
855 1369 1120 1437 deportati
1144 1379 1410 1425 venerunt
1428 1372 1495 1425 ad
1521 1371 1836 1435 Ecclesiam,
1884 1372 1973 1441 qni
2001 1373 2153 1428 citis-

580 1459 716 1517 sime
743 1460 1108 1516 crediderunt.
1137 1461 1194 1515 ln
1225 1460 1499 1531 quadrigis
1519 1470 1800 1527 venerunt,
1848 1454 1939 1531 qui
1968 1463 2022 1517 in
2050 1464 2149 1518 do-

570 1549 756 1603 .ctrina
800 1548 1170 1620 philosophica
1210 1559 1267 1606 et
1301 1552 1584 1607 honestate
1608 1544 1824 1607 morum
1851 1553 2148 1623 fulgebant.

581 1638 726 1693 inter
746 1638 901 1703 alios,
950 1646 1010 1694 ut
1036 1639 1398 1711 Augustinus;
1451 1649 1508 1698 et
1532 1656 1628 1712 per
1656 1642 1800 1697 illam
1831 1644 2151 1714 sapientiam

583 1732 911 1786 mundanam
932 1743 1305 1807 pervenerunt
1354 1735 1420 1789 ad
1441 1735 1743 1791 doctrinam
1768 1751 1971 1802 veram,
2021 1753 2153 1807 qna-

2244 546 2512 602 referatur
2549 554 2661 601 tam
2709 546 2777 601 ad
2806 545 3020 601 Iudaeos
3052 560 3215 615 quam
3247 544 3316 598 ad
3348 543 3599 613 gentiles.
3650 542 3823 598 Assu-

2244 653 2411 709 mam,
2452 638 2645 708 inquit,
2672 653 2736 692 ex
2763 638 2864 701 eis,
2895 638 3081 707 idest,
3118 651 3186 691 ex
3224 635 3427 691 Judaeis
3451 636 3825 699 credentibus,

2243 739 2300 786 et
2342 740 2501 786 erunt
2543 731 2669 785 mihi
2710 732 2763 785 in
2810 732 3116 786 sacerdotes
3153 739 3209 785 et
3243 730 3477 787 Levitas.
3515 729 3595 785 De
3629 729 3832 799 quibus

2245 838 2385 877 unus
2428 822 2507 876 sic
2532 820 2884 890 loquebatur:
2943 839 2962 873 ι
3000 819 3093 874 Sic
3124 835 3225 875 nos
3252 819 3527 874 existimet
3572 818 3742 872 homo
3773 825 3834 873 ut

2246 913 2522 968 ministros
2573 912 2772 967 Christi
2829 911 2880 982 (1
2901 910 3023 965 Cor.
3063 910 3160 980 tv).
3219 930 3237 963 ι
3295 909 3633 965 Sacerdotes
3681 908 3833 964 enim

2246 1011 2422 1069 erant,
2454 1007 2581 1073 quia
2610 1018 2764 1057 sacra
2786 1017 3042 1073 responsa
3064 1001 3264 1056 dabant
3291 1001 3526 1071 populis,
3553 1008 3613 1056 et
3637 1009 3832 1057 semet-

2248 1094 2394 1164 ipsos
2414 1092 2714 1148 oll‘erebant
2741 1094 2870 1158 Deo,
2924 1100 2981 1147 et
3021 1092 3157 1146 alios
3181 1107 3315 1161 quos
3337 1091 3388 1146 ei
3432 1106 3534 1147 sua
3561 1089 3836 1161 pradica-

2247 1186 2393 1241 tione
2442 1185 2793 1254 acquirebant
2823 1203 2837 1238 :
2868 1192 2928 1239 ut
2972 1184 3169 1238 Paulus
3211 1183 3582 1237 Timotheum.
3635 1180 3837 1237 Levita

2249 1286 2425 1341 erant,
2460 1276 2513 1330 id
2553 1284 2637 1331 est
2672 1276 2955 1345 assumpti,
2999 1274 3124 1345 quia
3155 1289 3185 1328 a
3214 1274 3442 1328 Domino
3480 1271 3837 1328 fueruntele-

2249 1366 2347 1431 cti,
2394 1374 2451 1421 et
2486 1366 2742 1435 assumpti
2788 1365 2856 1420 ad
2881 1364 3114 1420 ofﬁcium
3157 1362 3581 1434 przedicationis.
3621 1362 3836 1418 Aliter:

2250 1460 2565 1525 Assumam,
2618 1460 2815 1528 inquit,
2864 1474 2930 1513 ex
2978 1457 3078 1522 eis,
3120 1457 3376 1512 subaudis
3441 1457 3709 1527 gentibus
3751 1456 3837 1525 qui

2252 1551 2602 1615 crediderint,
2647 1558 2700 1605 et
2730 1557 2890 1605 erunt
2920 1548 3052 1603 mihi
3092 1548 3144 1602 in
3175 1548 3491 1603 sacerdotes
3514 1555 3576 1601 et
3601 1544 3835 1609 Levites,

2254 1642 2546 1710 reprobate
2586 1640 2890 1696 sacerdotio
2933 1638 3262 1695 Judaaorum.
3315 1638 3471 1693 Unde
3504 1637 3647 1692 dicit
3699 1638 3835 1707 Apo-

2255 1732 2424 1790 stolus
2458 1746 2473 1785 :
2509 1750 2527 1783 ι
2566 1731 2852 1787 Translato
2881 1730 3099 1801 (inquit)
3125 1728 3461 1794 sacerdotio,
3491 1742 3735 1784 necesse
3760 1737 3835 1784 est

582 1830 705 1878 tuor
760 1805 1044 1880 virtutibus
1090 1825 1495 1896 principalibus,
1549 1826 1615 1881 ad
1667 1828 1907 1883 caelestia
1972 1805 2151 1884 mente
2181 1805 2228 1865 Β
2260 1824 2469 1895 utlegis
2494 1824 2774 1879 translatio
2796 1824 2889 1878 ﬁat
2914 1823 3102 1894 (llebr.
3124 1821 3245 1892 vn).
3279 1841 3298 1873 ι
3327 1822 3482 1888 Quod
3498 1819 3727 1892 probari
3748 1836 3833 1892 po-

582 1914 868 1970 sublevati.
900 1917 956 1971 In
981 1916 1210 1983 lecticis,
1255 1919 1344 1987 qui
1367 1919 1569 1974 auxilio
1603 1920 1831 1975 aliorum
1870 1924 2068 1991 portati
2095 1929 2151 1977 et

582 2006 750 2075 adjuti
786 2018 1070 2064 venerunt.
1114 2010 1327 2065 Lectica
1368 2019 1545 2066 autem
1576 2022 1659 2067 est
1708 2013 1878 2068 lectus
1924 2014 2156 2084 desuper

585 2105 793 2162 tectus,
840 2098 978 2153 idem
1004 2106 1087 2153 est
1118 2109 1173 2153 et
1195 2098 1473 2154 feretrum.
1519 2100 1688 2156 Malos
1730 2110 1907 2157 autem
1934 2104 1988 2158 in
2014 2104 2152 2158 scri-

583 2186 689 2254 ptis
716 2185 887 2240 sacris
936 2186 1222 2255 dupliciter
1254 2189 1571 2258 accipimus,
1622 2190 1725 2244 hoc
1744 2197 1830 2246 est
1852 2199 1945 2245 aut
1970 2191 2025 2245 in
2053 2192 2153 2247 bo-

583 2290 733 2341 nam,
773 2275 940 2330 autin
965 2276 1158 2331 malam
1192 2293 1421 2347 partem.
1464 2279 1522 2333 In
1551 2279 1746 2335 malam
1768 2291 1997 2352 partem,
2028 2284 2155 2351 quia

582 2368 737 2436 proni
767 2378 893 2422 sunt
926 2369 992 2424 ad
1019 2378 1274 2429 scortum.
1308 2372 1373 2426 de
1399 2372 1596 2441 quibus
1627 2373 1866 2429 dicitur:
1904 2392 1923 2426 ι
1976 2374 2155 2431 Nolite

585 2457 702 2513 ﬁeri
732 2458 871 2513 sicut
895 2474 1064 2528 equus
1088 2470 1143 2515 et
1171 2461 1347 2516 mulus
1373 2461 1545 2532 (Psal.
1575 2462 1747 2535 χχιι).
1782 2482 1801 2516 ι
1850 2463 1908 2519 1η
1936 2464 2152 2530 bonam,

585 2558 646 2603 ut
681 2550 887 2621 physici
943 2552 1144 2614 dicunt,
1193 2553 1406 2609 steriles
1443 2563 1569 2609 sunt
1601 2571 1633 2609 a
1678 2555 1875 2612 fetibus
1908 2559 2155 2627 quamvis

584 2638 811 2696 luxuriae
839 2641 948 2695 sint
970 2644 1133 2699 dediti
1163 2660 1178 2698 :
1206 2646 1430 2714 quilibet
1453 2648 1591 2703 sedit
1612 2648 1780 2704 David
1799 2658 1854 2705 et
1879 2649 2153 2717 Salomon,

586 2742 815 2797 quorum
853 2729 990 2786 alter
1006 2732 1391 2803 interpretatur
1417 2735 1575 2792 fortis
1611 2754 1795 2802 manu,
1843 2740 1979 2795 alter
2005 2742 2155 2809 paci-

584 2820 740 2876 ficus.
783 2822 840 2876 In
870 2822 1030 2879 mulis
1059 2840 1188 2897 ergo
1226 2836 1513 2893 venerunt,
1560 2829 1652 2899 qui
1690 2830 1901 2886 steriles
1940 2830 2159 2888 fuerunt

582 2927 616 2967 a
644 2914 867 2969 malitia.
906 2914 1105 2971 Verum
1129 2918 1295 2973 David
1315 2927 1369 2974 et
1401 2919 1656 2976 Salomon
1687 2922 1740 2976 in
1767 2923 2021 2979 cordibus
2044 2925 2158 2981 suis

585 3021 853 3064 sessorem
884 3010 1208 3076 habuerunt,
1235 3015 1325 3088 qui
1356 3017 1573 3086 propria
1587 3016 1897 3073 fortitudine
1917 3019 2155 3088 Goliatb,

586 3096 640 3151 id
666 3106 770 3161 est,
823 3098 1093 3154 diabolum
1133 3085 1437 3168 debellavit,
1466 3085 1537 3158 et
1576 3120 1674 3161 nos
1710 3123 1808 3176 per
1844 3085 2157 3178 sanguinem

585 3188 853 3256 passionis
900 3204 1010 3245 suae
1056 3190 1167 3246 Deo
1203 3191 1349 3247 Patri
1390 3194 1697 3264 paciﬁcavit
1743 3196 1795 3268 (Ι
1836 3196 1960 3268 Reg.
2002 3201 2156 3270 xvn).

586 3276 646 3331 ln
673 3279 914 3334 carrucis
947 3290 1229 3346 venerunt,
1281 3284 1375 3353 qui
1406 3285 1632 3340 aliorum
1672 3287 1871 3342 auxilio
1904 3289 2070 3359 adjnti
2105 3291 2159 3344 in

588 3367 886 3426 Ecclesiam
921 3386 1018 3440 per
1046 3372 1480 3442 praedicationem
1528 3376 1911 3446 apostolorum,
1962 3379 2158 3433 donum

586 3459 816 3515 Domino
863 3459 1076 3516 Christo
1092 3461 1344 3518 fuerunt:
1376 3466 1516 3520 sicut
1543 3468 1592 3521 ei
1618 3467 1779 3523 Pater
1805 3469 1973 3523 dicit:
2006 3489 2025 3520 ‹
2064 3470 2164 3526 Ρο-

587 3548 726 3603 stula
752 3564 783 3603 a
817 3564 924 3617 me,
974 3560 1033 3606 et
1072 3552 1210 3613 dabo
1250 3555 1344 3609 tibi
1375 3564 1561 3626 gentes
1607 3558 1978 3614 haereditatem
2015 3568 2159 3616 tuam

589 3636 762 3709 (Psal.
800 3639 884 3711 ιι).
918 3660 937 3693 ι
989 3641 1055 3695 Et
1082 3642 1195 3712 ipse
1221 3644 1388 3700 Filius
1416 3664 1428 3699 :
1463 3646 1575 3718 Ego
1604 3647 1817 3721 (inquit)
1839 3650 2161 3708 constitutus

588 3741 710 3782 sum
745 3743 839 3784 rex
867 3729 934 3785 ab
960 3746 1025 3786 eo
1071 3748 1231 3803 super
1267 3733 1431 3800 Sion,
1466 3736 1515 3790 id
1549 3746 1631 3791 est
1662 3752 1824 3808 super
1840 3739 2157 3796 Ecclesiam.

590 3820 888 3892 Sequitur:
919 3843 938 3875 ι
990 3825 1142 3892 Quod
1171 3827 1217 3881 si
1245 3827 1479 3883 inferant
1515 3830 1609 3884 ﬁlii
1662 3831 1824 3886 Israel
1872 3848 2068 3888 munus
2105 3834 2160 3889 in

587 3927 718 3968 vase
747 3915 944 3969 mundo
967 3915 1019 3969 in
1049 3918 1263 3972 domum
1287 3918 1519 3975 Domini.
1566 3940 1585 3972 ι
1636 3921 1973 3993 Praeceperat
2018 3925 2161 3980 Deus

588 4004 928 4073 omnipotens
964 4006 1017 4060 in
1043 4006 1181 4078 lege,
1212 4017 1269 4063 ut
1295 4018 1376 4065 ter
1417 4024 1511 4080 per
1544 4027 1742 4067 annum
1777 4014 2023 4069 venirent
2045 4030 2162 4069 om-

503 4146 509 4152 ,
592 4106 688 4146 nes
718 4093 784 4148 ad
823 4095 1075 4163 templum
1118 4097 1350 4162 Domini,
1396 4100 1498 4154 hoc
1528 4109 1613 4155 est
1649 4102 1701 4155 in
1740 4101 2031 4160 festivitate
2059 4104 2162 4160 Pa-

590 4182 755 4245 schae,
803 4181 1148 4239 Pentecostes
1186 4195 1240 4240 et
1271 4186 1781 4256 Tabernacnlorum,
1812 4200 1867 4246 et
1904 4192 2162 4250 offerrent

588 4287 780 4328 omnes
810 4289 1004 4330 munus
1033 4277 1085 4332 in
1110 4278 1269 4334 domo
1295 4279 1528 4337 Domini.
1573 4282 1663 4336 Sic
1701 4299 1934 4354 namque
1970 4286 2162 4354 praeci-

591 4363 774 4433 piebat
802 4365 887 4420 lex
915 4384 927 4419 :
958 4367 1099 4423 Cave
1131 4386 1149 4419 ι
1181 4370 1396 4443 (inquit)
1418 4387 1486 4428 ne
1511 4388 1770 4442 appareas
1794 4375 1849 4429 in
1870 4386 2161 4447 conspectu

2254 1928 2358 1976 test
2385 1935 2449 1975 ex
2478 1920 2599 1983 hoc,
2630 1921 2755 1989 quia
2784 1918 2943 1973 modo
2971 1934 3037 1973 ex
3061 1915 3260 1973 Judaeis
3287 1923 3379 1971 aut
3406 1930 3571 1970 rarus
3593 1924 3693 1969 aut
3717 1914 3827 1969 nnl-
3862 1900 3878 1918 ’

2253 2015 2337 2070 lus
2381 2014 2649 2069 invenitur
2686 2011 2938 2068 sacerdos
2976 2010 3031 2065 in
3082 2017 3270 2065 sancta
3312 2006 3582 2073 Ecclesia,
3625 2015 3721 2061 aut
3740 2007 3832 2060 ali-

2255 2104 2377 2173 quis
2401 2104 2665 2158 minister.
2724 2102 2791 2156 Et
2817 2101 2868 2156 in
2895 2098 3119 2171 singulis
3146 2095 3402 2154 Ecclesiis
3446 2096 3766 2152 sacerdotes
3783 2104 3830 2150 et

2254 2196 2530 2251 ministros
2555 2193 2935 2265 mysteriorum
2956 2190 3154 2246 Christi
3172 2204 3241 2244 ex
3263 2188 3519 2260 gentibus
3538 2187 3832 2250 cernimus,

2255 2288 2346 2357 qui
2371 2285 2609 2355 quotidie
2638 2299 2835 2353 corpus
2857 2291 2909 2338 et
2937 2282 3251 2352 sanguinem
3274 2279 3478 2336 Christi
3498 2294 3607 2349 pro
3633 2279 3833 2333 redcm-
3917 2300 3925 2309 λ

2255 2379 2436 2448 ptione
2460 2375 2671 2448 generis
2690 2375 2910 2430 humani
2938 2373 3172 2429 offerunt
3195 2372 3247 2427 in
3272 2369 3837 2427 commemorationem

2255 2468 2524 2539 passionis
2559 2465 2694 2535 ejus.
2754 2466 2822 2520 Et
2849 2466 2988 2521 sicut
3020 2463 3247 2534 apostoli
3289 2462 3626 2531 semetipsos
3646 2458 3833 2516 odere-

2256 2558 2389 2613 bant
2411 2558 2542 2621 Deo,
2591 2563 2647 2610 et
2676 2554 2815 2609 alios
2840 2566 3190 2623 quoscunque
3222 2558 3476 2621 poterant
3509 2567 3525 2603 :
3566 2550 3646 2604 ita
3666 2558 3723 2603 et
3757 2564 3833 2603 sa.

2258 2636 2503 2706 cerdotes
2540 2648 2802 2720 gentium.
2850 2646 3012 2702 Verbi
3054 2644 3252 2716 gratia,
3302 2643 3448 2699 sicut
3486 2641 3621 2698 fecit
3660 2642 3833 2697 beatus

2258 2738 2515 2803 Hilarius,
2547 2738 2637 2806 qui
2662 2738 2878 2792 beatum
2918 2735 3208 2790 Martinam
3244 2734 3354 2788 Deo
3377 2732 3600 2788 obtulit.
3650 2731 3831 2788 Levita

2260 2839 2405 2895 sunt,
2458 2829 2583 2898 quia
2607 2829 2677 2883 ad
2703 2828 2807 2883 hoc
2834 2826 3195 2881 ministerium
3219 2832 3599 2879 assumuntur.

2337 2938 2355 2971 ι
2395 2918 2532 2986 Quia
2555 2918 2697 2973 sicut
2719 2916 2844 2972 οωιί
2868 2916 2993 2972 novi
3023 2923 3079 2970 et
3102 2923 3247 2970 terra
3274 2928 3439 2978 nova,
3492 2927 3618 2983 quae
3646 2926 3743 2981 ego
3764 2909 3817 2963 fa

2260 3010 2346 3066 cio
2377 3020 2522 3064 stare
2555 3022 2738 3063 coram
2781 3021 2887 3070 me,
2937 3005 3069 3061 dicit
3110 3003 3375 3058 Dominus
3402 3017 3418 3055 :
3445 3002 3529 3057 sic
3555 3000 3725 3057 stabit
3750 3015 3832 3056 se-

2263 3113 2385 3154 men
2409 3104 2649 3152 vestrum
2678 3103 2732 3151 et
2750 3110 2946 3151 nomen
2976 3102 3241 3149 vestrum.
3279 3111 3299 3143 ι
3322 3092 3428 3146 lsta
3457 3106 3579 3161 quae
3606 3106 3823 3161 sequnn

2264 3198 2350 3243 tur
2374 3204 2544 3258 usque
2575 3187 2641 3242 ad
2677 3186 2837 3245 ﬁnem
2859 3185 3002 3251 libri,
3046 3185 3113 3240 ad
3139 3184 3285 3239 diem
3307 3191 3604 3238 extremum
3642 3181 3832 3251 judicii

2260 3280 2550 3351 pertinent.
2596 3277 2801 3333 Caelum
2831 3277 2886 3331 in
2915 3276 3017 3332 hoc
3044 3275 3164 3330 loco
3190 3289 3368 3345 neque
3400 3274 3690 3328 atthereum
3734 3286 3826 3342 per

2259 3375 2401 3444 quod
2440 3381 2644 3442 septem
2685 3372 2916 3442 planetae
2960 3370 3309 3434 discurrunt,
3360 3382 3533 3437 neque
3562 3366 3829 3421 sidereum

2261 3464 2350 3518 ubi
2389 3470 2514 3518 sunt
2541 3460 2748 3531 reliqua
2791 3459 3001 3521 sidera,
3049 3457 3194 3529 quod
3216 3468 3275 3512 et
3299 3456 3706 3511 ﬁrmamentum
3746 3468 3828 3523 ap-

2258 3555 2509 3628 pellatur,
2544 3554 2802 3609 debemus
2845 3550 3147 3622 intelligere
3185 3568 3199 3603 :
3239 3550 3333 3604 sed
3364 3547 3566 3603 caelum
3590 3548 3732 3601 istud
3756 3559 3826 3601 ae

2261 3662 2438 3711 reum,
2462 3646 2553 3700 ubi
2588 3653 2714 3699 sunt
2741 3644 2911 3699 nubes
2934 3651 2990 3697 et
3007 3642 3210 3713 grando
3245 3640 3586 3708 nubiumque
3612 3653 3836 3694 concur-

2260 3755 2372 3795 sus.
2420 3736 2627 3793 Ctelum
2653 3751 2782 3807 ergo
2809 3735 2950 3790 istud
2975 3749 3192 3790 aereum
3215 3744 3272 3788 et
3300 3741 3465 3794 terra.
3498 3733 3570 3786 ab
3608 3733 3709 3786 hac
3734 3745 3823 3798 Spe

2261 3835 2342 3889 cie
2369 3848 2529 3904 quam
2553 3846 2696 3886 nunc
2724 3830 2924 3885 habent
2946 3828 3348 3883 innovahuntnr
3375 3841 3478 3895 per
3510 3824 3838 3881 melioratio-

2261 3938 2385 3980 nem
2421 3940 2435 3976 :
2479 3922 2606 3992 quia
2634 3920 2997 3976 crassitudine
3023 3934 3120 3974 sua
3144 3917 3471 3989 privabitur,
3519 3925 3576 3970 et
3603 3916 3659 3969 in
3683 3913 3835 3970 subti-

2260 4013 2467 4068 litatem
2523 4011 2742 4066 aetheris
2779 4008 3049 4074 transibit,
3099 4015 3155 4062 et
3206 4007 3349 4061 sicut
3399 4003 3651 4060 Joannes
3694 4003 3832 4063 dicit,

2267 4126 2287 4160 ι
2330 4107 2677 4164 Postmodum
2703 4106 2809 4161 erit
2863 4117 3077 4172 semper
3122 4100 3319 4157 malum
3361 4114 3565 4153 novum
3596 4107 3655 4153 et
3702 4107 3833 4151 terra

2262 4218 2400 4257 nova
2430 4201 2612 4272 (Apoc.
2657 4196 2791 4266 xxi).
2830 4215 2848 4248 ι
2905 4196 2973 4250 Et
3000 4201 3083 4249 est
3109 4208 3343 4248 sensus:
3376 4190 3537 4245 Sicut
3589 4191 3699 4244 ista
3733 4188 3831 4241 duo

2262 4291 2523 4346 elementa
2567 4287 2762 4343 coelum
2790 4294 2845 4341 et
2886 4292 3053 4349 terra,
3096 4290 3385 4353 postquam
3442 4280 3707 4335 innovata
3735 4277 3836 4332 fue-

2263 4382 2395 4445 rint,
2439 4378 2770 4434 mlernaliter
2806 4376 2859 4431 in
2891 4391 2988 4431 sua
3024 4375 3260 4430 novitate
3298 4373 3623 4435 manebunt,
3667 4380 3843 4425 ιιιιιθο.

591 4446 806 4514 Domini
846 4474 1046 4515 vacuus
1082 4460 1278 4533 (Exod.
1311 4479 1409 4529 xu,
1437 4466 1606 4536 xxiv).
1658 4485 1677 4518 ι
1708 4466 1775 4521 Et
1808 4446 2144 4526 est‘sensus:
2186 4493 2240 4553 D
2264 4485 2532 4541 quaquam
2558 4467 2899 4539 postmodum
2929 4465 3141 4520 dicatur
3183 4463 3378 4551 emtum
3405 4470 3465 4515 et
3494 4470 3640 4516 terra
3672 4470 3837 4513 trans-

591 4547 744 4606 Sicut
782 4550 1005 4623 (inquit)
1034 4553 1275 4609 solebant
1300 4556 1393 4612 ﬁlii
1419 4557 1601 4624 Israel,
1625 4558 1753 4614 dum
1773 4575 1961 4617 eorum
1987 4563 2165 4621 adhuc

590 4648 760 4696 staret
789 4642 978 4713 religio
1025 4654 1081 4699 et
1120 4646 1396 4716 templum,
1435 4651 1685 4706 omnibus
1714 4654 1952 4711 sanctius
1978 4656 2164 4713 venire

589 4746 713 4786 cum
761 4734 958 4801 gaudio
1012 4742 1068 4789 et
1121 4738 1344 4806 psalmis
1386 4739 1439 4793 in
1470 4739 1828 4810 Hierusalem,
1877 4745 2163 4804 offerentes

589 4838 814 4880 munera
832 4816 1219 4884 sacriﬁciorum
1255 4829 1486 4888 Domino
1519 4848 1532 4887 :
1564 4835 1643 4890 sic
1674 4836 1937 4893 adducent
1966 4838 2162 4897 fratres

589 4927 797 4974 vestros
837 4921 1064 4990 apostoli
1109 4922 1177 4977 de
1207 4925 1473 4981 universis
1507 4928 1815 4984 nationibus
1854 4946 1974 4986 cum
2023 4948 2161 5004 gau-

589 5009 696 5075 dio,
730 5011 784 5065 in
819 5011 973 5080 equis
1006 5020 1062 5067 et
1087 5013 1246 5069 mulis
1296 5022 1352 5068 et
1380 5016 1610 5072 diversis
1637 5018 1917 5085 vehiculis,
1941 5028 1997 5074 et
2022 5020 2158 5077 oﬁ‘e—

589 5110 712 5158 rent
740 5118 935 5158 munus
974 5104 1202 5161 Domino
1240 5106 1293 5160 in
1319 5122 1444 5163 vase
1494 5110 1724 5165 mundo.
1777 5111 1969 5167 Munus
2013 5113 2158 5168 istud

589 5195 731 5261 quod
775 5195 1015 5264 quotidie
1064 5195 1295 5251 offerunt
1342 5196 1570 5253 Domino
1619 5200 1711 5254 lilii
1759 5199 1942 5266 Israel,
1995 5203 2047 5257 id
2076 5210 2160 5259 est

589 5282 664 5338 illi
691 5286 781 5354 qui
814 5286 982 5340 Deum
1011 5296 1191 5343 mente
1216 5289 1420 5355 vident,
1455 5290 1645 5347 hostiae
1670 5300 1797 5347 sunt
1826 5293 2153 5363 Spirituales,

591 5374 724 5431 ﬁdes
743 5376 1014 5443 videlicet,
1044 5380 1304 5447 Charitas,
1333 5382 1575 5448 castitas,
1614 5384 1791 5438 oratio
1820 5385 2038 5450 munda,
2062 5401 2160 5441 cre-

590 5474 825 5538 teraeque
851 5469 1095 5525 virtutes.
1129 5470 1262 5528 Vasa
1288 5488 1418 5529 vero
1448 5475 1645 5528 munda
1676 5483 1856 5530 sancta
1883 5484 2010 5530 sunt
2032 5491 2157 5531 cor-

588 5570 721 5624 pora
749 5565 802 5612 et
829 5558 1190 5624 immaculata,
1221 5570 1276 5616 et
1301 5562 1443 5617 nulla
1472 5564 1790 5633 contagione
1820 5566 2038 5620 violata.

665 5667 684 5699 ι
729 5647 793 5703 Et
821 5664 1090 5706 assumam
1118 5665 1184 5706 ex
1215 5652 1295 5707 eis
1320 5652 1372 5706 in
1400 5655 1707 5712 sacerdotes
1735 5662 1789 5709 et
1812 5655 2049 5726 Levitas,
2075 5659 2158 5713 di-

2265 4564 2452 4618 ibunt:
2481 4561 2562 4617 sic
2585 4574 2770 4615 semen
2792 4564 3053 4622 vestrum,
3097 4572 3131 4611 ο
3158 4546 3410 4624 apostoli,
3454 4553 3632 4609 stabit
3650 4562 3703 4607 et
3721 4565 3839 4622 pcr-

2264 4653 2505 4711 manebit
2547 4649 2876 4706 arternaliter
2904 4663 3090 4702 coram
3126 4661 3232 4709 me,
3258 4646 3581 4713 innovatum
3609 4645 3681 4698 ab
3703 4640 3838 4697 omni

2262 4745 2610 4814 corruptione
2654 4740 2999 4796 mortalitatis
3037 4747 3093 4794 et
3137 4738 3366 4807 peccati.
3413 4736 3485 4790 Et
3516 4750 3636 4790 non
3680 4734 3842 4790 sub.

2262 4850 2474 4899 semen,
2527 4831 2623 4888 sed
2659 4831 2822 4885 etiam
2851 4844 3048 4885 nomen
3082 4836 3346 4893 vestrum,
3403 4826 3457 4880 id
3502 4835 3619 4890 est,
3656 4841 3844 4881 nomen

2261 4925 2683 4985 Christianitatis
2728 4932 2785 4977 et
2824 4920 3098 4977 ﬁliationis
3142 4919 3239 4974 Dei
3291 4925 3396 4972 :ut
3438 4917 3695 4986 amplius
3747 4930 3847 4973 non

2262 5018 2514 5076 succedat
2561 5015 2665 5070 illis
2711 5015 2818 5068 alia
2865 5028 3015 5084 gens,
3074 5011 3215 5067 sicut
3268 5010 3400 5065 fecit
3446 5007 3702 5077 Judmis,
3768 5008 3849 5065 sed

2262 5109 2592 5167 :eternaliter
2613 5116 2869 5163 maneant
2895 5106 2949 5160 in
2975 5112 3181 5160 aeterna
3206 5103 3484 5159 felicitate.
3514 5102 3736 5161 Semen
3762 5119 3849 5159 au-

2264 5211 2371 5258 tem
2429 5199 2793 5271 apostolorum
2837 5196 3092 5253 debemus
3136 5195 3433 5266 intelligere
3474 5210 3706 5261 omnes,
3769 5195 3853 5265 qui

2262 5292 2508 5362 exemplo
2559 5299 2615 5346 et
2656 5289 3039 5360 pra‘dieatione
3085 5286 3302 5341 illorum
3337 5286 3632 5341 salvantur
3674 5286 3854 5357 quoti—

2266 5387 2351 5441 die
2396 5400 2586 5441 eorum
2618 5384 2776 5440 ﬁdem
2817 5382 3079 5437 habentes
3116 5387 3174 5436 et
3199 5394 3365 5451 opera
3395 5379 3713 5438 imitantes.
3762 5381 3855 5436 Se-

2262 5476 2446 5545 quitur
2468 5492 2485 5529 :

2338 5586 2357 5618 ι
2401 5568 2468 5622 Et
2495 5566 2600 5621 erit
2632 5565 2833 5620 mensis
2864 5579 2933 5620 ex
2969 5576 3174 5625 mense,
3220 5569 3276 5617 et
3310 5560 3599 5617 sabbatum
3634 5577 3709 5617 ex
3734 5560 3858 5616 sab-

2263 5658 2411 5712 bato.
2468 5676 2486 5709 ι
2540 5655 2693 5711 Mene
2737 5655 2926 5711 Graece
2967 5654 3165 5709 dicitur
3198 5653 3348 5720 luna,
3398 5667 3428 5707 a
3467 5666 3580 5724 quo
3624 5651 3857 5708 nomine
