4016 6502
259 388 400 481 i085

1632 377 1833 449 ⁸(ιιιιιο
1871 376 2135 436 nanum.

3358 385 3418 446 ί(
3427 383 3496 444 86

257 502 597 574 componitur
622 496 923 563 neomenia,
968 494 1022 550 id
1053 501 1137 549 est
1165 488 1448 548 exordium
1495 503 1646 545 nova:
1669 488 1830 545 lunae.

1937 499 2003 554 de
2027 502 2224 572 quibus
2260 506 2456 562 dicitur
2488 524 2501 561 :
2538 526 2556 559 ι
2592 507 2758 563 Filios
2784 507 2944 579 genui
2991 515 3047 563 et
3088 507 3358 575 exaltari,
3393 507 3497 580 ipsi

257 602 326 658 Et
352 619 384 657 a
422 617 601 669 mene,
644 616 765 672 qua:
792 600 986 656 dicitur
1012 599 1158 663 luna,
1197 606 1420 655 vocatur
1445 601 1648 657 mensis
1687 603 1829 675 apud

254 693 379 751 illos
420 694 511 764 qui
561 692 775 747 initium
812 692 1173 748 Kalendarum
1207 708 1311 747 non
1338 691 1490 763 juxta
1521 694 1649 749 solis
1700 711 1826 750 cur-

255 802 375 842 sum
402 796 457 842 et
484 786 697 841 diversa
725 786 990 841 mensium
1012 786 1207 855 spatia,
1242 786 1337 841 sed
1362 785 1513 853 juxta
1541 787 1825 842 circuitum

253 879 396 934 luna:
443 879 705 949 incipiunt
757 886 813 932 et
864 878 1156 933 terminant
1196 896 1209 932 :
1253 887 1310 932 ut
1347 878 1557 935 Hebraei
1599 879 1822 935 faciunt.

253 970 361 1027 Per
402 987 641 1027 mensem
672 984 799 1041 ergo
843 969 955 1023 vult
986 968 1207 1040 intelligi
1237 969 1437 1025 lunam.
1492 971 1560 1024 Et
1596 972 1711 1026 haec
1744 978 1827 1027 est

250 1059 402 1129 luna,
430 1064 482 1119 id
504 1072 589 1118 est
618 1074 805 1119 sancta
844 1063 1098 1125 Ecclesia,
1145 1064 1210 1118 de
1237 1079 1341 1133 qua
1372 1064 1425 1118 in
1453 1064 1670 1134 psalmis
1694 1064 1827 1118 dici-

254 1160 345 1210 tur
371 1174 384 1210 :
423 1175 441 1205 ι
490 1156 840 1212 Permanebis
864 1173 984 1211 cum
1017 1156 1129 1211 sole
1177 1165 1231 1210 et
1259 1166 1385 1211 ante
1417 1156 1621 1222 lunam,
1651 1156 1704 1210 in
1735 1171 1826 1228 ge-

251 1248 562 1303 nerationes
615 1257 670 1303 et
705 1250 1109 1319 generationem
1148 1246 1318 1319 (Pard.
1374 1247 1545 1317 Lm).
1575 1267 1595 1300 ι
1653 1248 1720 1302 Ει
1769 1248 1823 1302 in

248 1336 489 1394 Canticis
533 1340 907 1394 canticorum:
944 1358 962 1390 ι
1022 1339 1151 1405 Quae
1178 1347 1260 1394 est
1285 1340 1385 1394 ista
1432 1355 1551 1408 quae
1582 1338 1825 1395 ascendit

246 1431 392 1486 sicut
428 1446 622 1486 aurora
651 1446 1002 1502 consurgens,
1038 1431 1261 1500 pulchra
1294 1440 1353 1485 ut
1376 1432 1523 1496 luna,
1562 1431 1733 1486 electa
1766 1438 1826 1486 ιιι

247 1521 331 1576 sol
355 1519 529 1593 (Cant.
550 1522 661 1592 vi)?
682 1542 700 1573 ι
728 1521 878 1589 Quod
900 1536 1028 1593 ergo
1048 1522 1194 1585 dicit,
1224 1523 1339 1576 Erit
1364 1523 1564 1578 mensis
1582 1538 1645 1577 ex
1681 1534 1825 1577 men-

247 1626 328 1678 se,
380 1612 489 1666 tale
526 1621 610 1667 est
648 1627 713 1666 ac
751 1613 796 1667 si
826 1612 1066 1668 diceret:
1095 1614 1210 1667 Erit
1250 1614 1489 1669 Ecclesia
1539 1613 1719 1667 futura
1754 1629 1822 1669 ex

244 1703 500 1772 przesenti
541 1703 807 1769 Ecclesia,
848 1705 974 1775 quia
1013 1721 1079 1759 ex
1124 1706 1374 1776 praesenti
1412 1696 1651 1762 Ecclesia
1694 1720 1822 1761 con-

245 1804 507 1863 struetur,
552 1805 608 1853 et
651 1796 1009 1867 complebitur
1044 1798 1133 1852 illa
1166 1813 1287 1867 qua:
1324 1798 1435 1866 jam
1463 1806 1651 1869 regnat
1695 1809 1819 1853 cum

178 1920 183 1925 ο
245 1858 503 1954 (Πιι-ἰειιο,⁷
524 1897 579 1942 et
602 1904 723 1958 qua:
750 1858 872 1944 eum
903 1889 993 1944 illo
1022 1858 1201 1944 veniet
1226 1889 1293 1944 ad
1316 1858 1597 1958 iudicium.
1654 1890 1822 1945 Aiunt
1847 1858 1895 1917 Β

244 1978 475 2049 physici,
533 1986 590 2034 et
627 1995 857 2049 quorum
904 1995 1033 2034 cura
1066 1980 1244 2036 estde
1289 1979 1600 2035 cmlestibus
1639 1981 1821 2051 dispu-

242 2076 376 2131 tare,
416 2068 597 2125 lunam
631 2087 735 2125 non
773 2071 971 2127 habere
997 2071 1271 2142 proprium
1292 2070 1496 2138 lumen,
1548 2072 1642 2127 sed
1691 2073 1820 2129 solis

242 2158 411 2214 radiis
462 2158 740 2215 illustrari.
791 2159 874 2216 Ab
919 2176 981 2216 ea
1029 2161 1173 2216 enim
1222 2177 1437 2231 semper
1480 2162 1628 2217 orbis
1668 2171 1821 2232 parte

240 2249 546 2318 completur
582 2259 637 2305 et
663 2248 851 2322 fulget,
898 2266 930 2305 a
982 2266 1089 2321 qua
1131 2251 1230 2307 soli
1275 2252 1503 2308 vicinior
1522 2254 1625 2308 est.
1679 2251 1822 2319 Qua-

242 2345 466 2408 propter
494 2338 732 2415 Ecclesia
758 2341 895 2395 bene
928 2346 1278 2411 ‘comparatur
1313 2340 1475 2407 lunae,
1516 2342 1643 2412 quia
1679 2340 1824 2397 sicut

241 2429 373 2484 luna
421 2430 682 2502 quidquid
735 2432 1038 2502 splendoris
1067 2433 1229 2489 habet
1264 2449 1294 2488 a
1325 2432 1440 2489 sole
1484 2428 1700 2505 accipit,
1744 2435 1817 2491 ita

239 2523 482 2580 Ecclesia
522 2526 782 2597 quidquid
809 2527 935 2583 boni
961 2528 1145 2594 habet,
1170 2544 1200 2583 a
1227 2528 1445 2585 Christo
1472 2529 1690 2601 accipit,
1726 2531 1819 2601 qui

237 2621 323 2669 est
344 2629 505 2670 verus
535 2615 635 2682 sol,
667 2616 735 2671 de
772 2632 879 2685 quo
907 2619 1170 2688 propheta
1192 2619 1305 2673 ait:
1350 2619 1689 2676 Timentibus
1718 2637 1816 2677 no-

238 2719 363 2760 men
394 2718 573 2759 meum
608 2705 813 2760 orietur
849 2706 926 2762 sol
952 2707 1194 2778 justitiae.
1239 2709 1306 2764 Et
1338 2709 1478 2765 sicut
1516 2709 1640 2765 luna
1676 2725 1820 2766 nunc

236 2795 437 2850 crescit
465 2795 519 2849 in
542 2794 765 2863 lumine,
806 2812 952 2852 nunc
976 2799 1259 2865 decrescit,
1309 2800 1385 2855 ita
1415 2807 1599 2856 sancta
1633 2801 1819 2857 Eccle-

235 2886 317 2939 ‘sia
375 2900 519 2941 nunc
549 2886 603 2940 in
644 2901 776 2955 pace
822 2888 1042 2951 crescit,
1085 2903 1229 2943 nunc
1260 2888 1312 2943 in
1355 2890 1817 2959 persecutionilrus

233 2976 520 3031 decrescit.
564 2975 827 3047 Quodque
871 2977 1137 3048 sequitur,
1193 2986 1248 3033 et
1292 2980 1396 3034 erit
1437 2980 1719 3035 sabbatum
1747 2994 1816 3035 ex

231 3066 479 3131 sabbato,
532 3066 781 3123 similiter
813 3068 880 3123 ad
924 3069 1163 3137 requiem
1208 3070 1504 3125 electorum
1557 3071 1811 3140 pertinet.

233 3156 525 3212 Sabbatum
553 3157 697 3211 enim
720 3157 1110 3227 interpretatur
1132 3160 1366 3229 requies.
1405 3161 1521 3216 Erit
1541 3174 1672 3230 ergo
1689 3162 1814 3217 sab-

232 3248 415 3302 batum
469 3261 536 3303 ex
579 3248 826 3311 sabbato,
875 3247 929 3302 id
990 3255 1076 3302 est
1125 3248 1218 3318 qui
1281 3249 1371 3303 hic
1419 3250 1746 3318 requieverit
1779 3264 1811 3303 a

228 3356 396 3411 pravo
423 3356 607 3411 opere,
647 3341 754 3396 illic
786 3342 1090 3410 requiescet
1138 3340 1190 3393 in
1216 3348 1419 3394 aeterna
1456 3337 1808 3396 beatitudine.

232 3452 252 3484 ι
308 3430 501 3488 Veniet
526 3431 702 3486 omnis
722 3443 870 3496 caro,
922 3440 982 3485 ut
1032 3431 1220 3486 adoret
1250 3446 1433 3486 coram
1482 3430 1622 3487 facie
1664 3447 1806 3497 mea,

226 3523 360 3578 dicit
409 3520 690 3578 Dominus.
728 3542 747 3574 ι
790 3516 904 3578 Hoc
930 3522 1239 3593 specialiter
1284 3527 1459 3593 potest
1500 3521 1689 3577 referri
1739 3524 1808 3578 ad

225 3616 442 3680 electos,
495 3622 552 3669 et
599 3614 925 3685 generaliter
977 3616 1045 3669 ad
1085 3628 1246 3669 omne
1289 3628 1457 3684 genus
1487 3613 1803 3669 humanum.

226 3704 419 3761 Veniet
465 3705 683 3777 (inquit)
731 3706 909 3761 omnis
933 3720 1080 3772 caro,
1117 3704 1175 3760 id
1197 3714 1281 3760 est
1308 3705 1485 3760 omnis
1517 3705 1721 3759 electus
1752 3705 1805 3759 in

223 3800 311 3853 die
348 3796 565 3868 judicii,
600 3806 661 3853 ut
701 3800 891 3854 adoret
918 3813 1102 3853 coram
1154 3794 1295 3853 faeie
1326 3812 1467 3861 mea,
1526 3797 1578 3850 id
1608 3805 1691 3851 est
1748 3796 1801 3850 in

221 3889 506 3960 prmsentia
528 3904 645 3945 mea
674 3904 921 3960 semper:
950 3888 1035 3942 vel
1065 3888 1119 3943 in
1145 3887 1497 3958 ipsojudicio,
1516 3894 1574 3941 et
1600 3886 1724 3941 boni
1749 3893 1804 3941 et

221 3980 350 4035 tnali
402 3978 595 4035 timore
626 3980 973 4036 inenarrabili
1018 3980 1314 4051 perterriti,
1356 3972 1657 4035 adorabunt
1691 3995 1806 4034 om-

221 4072 517 4142 nipotentis
572 4071 664 4126 Dei
698 4071 1017 4142 potentiam,
1063 4072 1356 4127 secundum
1403 4071 1531 4126 illud
1575 4088 1588 4124 :
1642 4088 1660 4120 ‹
1710 4071 1801 4126 Vi-

221 4162 367 4218 debit
408 4163 585 4218 omnis
614 4178 743 4218 caro
770 4162 1005 4218 salutare
1034 4162 1149 4229 Dei,
1205 4163 1260 4218 id
1299 4174 1383 4219 est
1425 4165 1603 4219 omnis
1638 4165 1800 4221 homo

245 4249 356 4305 lsa.
404 4255 517 4306 Lxl.
566 4272 585 4305 ι

245 4253 356 4305 Isa.
404 4268 468 4306 ιχ
503 4292 517 4305 .
566 4272 585 4305 ι

220 4253 240 4322 (
295 4360 316 4393 ι
370 4342 440 4397 Ει
476 4255 827 4414 )egredientur
863 4350 920 4399 et
964 4343 1223 4398 videbunt
1254 4343 1518 4399 cadavera
1555 4344 1794 4399 virorum

215 4430 309 4500 qui
353 4433 690 4501 praevaricati
717 4432 924 4489 suntin
947 4449 1053 4489 me.
1095 4453 1114 4485 ι
1175 4433 1255 4488 Illi
1295 4434 1387 4503 qui
1422 4434 1789 4504 egrediantur,

213 4523 372 4579 electi
401 4524 738 4581 solummodo
760 4526 1148 4597 intelliguntur.
1195 4525 1551 4597 Egredientur
1569 4518 1788 4598 (inquit)

211 4614 377 4669 electi
405 4629 512 4669 non
547 4615 686 4679 loco,
735 4617 825 4670 sed
863 4618 1179 4690 intelligent,
1237 4619 1322 4674 vel
1360 4619 1567 4674 visione
1614 4620 1793 4674 maui-

211 4702 375 4770 l'esta,
420 4712 480 4759 ut
506 4705 560 4759 in
593 4705 778 4763 laudes
806 4708 900 4765 Dei
931 4710 1105 4779 magis
1130 4710 1512 4766 accendantur.
1552 4710 1620 4765 Et
1652 4711 1796 4768 vide-

210 4792 347 4849 bunt
389 4796 657 4853 cadavera
692 4798 932 4855 virorum
981 4818 1087 4857 non
1122 4801 1457 4857 solummodo
1482 4800 1788 4856 Iudaeorum

1930 614 2060 655 vero
2100 611 2421 670 spreverunt
2466 615 2553 656 me
2594 600 2728 672 (ιω.
2760 600 2823 671 ι),
2881 620 2901 654 ι
2944 600 3040 657 sed
3086 601 3346 657 cadavera
3379 614 3498 657 om-

1929 691 2075 745 nium
2117 691 2467 762 reproborum
2509 691 2601 761 qui
2650 691 2987 761 praevaricati
3029 698 3155 746 sunt
3199 691 3255 746 in
3300 689 3495 756 Deum,

1915 785 2177 839 mandata
2204 784 2334 854 legis
2358 784 2615 840 naturalis
2653 785 2738 845 vel
2772 785 2983 855 scriptae
3022 784 3494 856 transgredientes.

1926 876 2037 934 Nec
2073 879 2268 934 mirum
2302 880 2347 934 si
2375 878 2530 935 electi
2549 877 2661 947 jam
2684 878 3014 935 immortales
3038 878 3294 934 videbunt
3313 891 3495 949 repro-

1925 970 2025 1026 bos
2058 971 2356 1035 damnatos,
2404 988 2527 1027 cum
2559 972 2834 1042 prophetae
2872 972 3049 1028 adhuc
3075 971 3332 1027 mortales
3376 971 3494 1027 haec

1926 1061 2105 1117 omnia
2130 1075 2227 1130 per
2260 1061 2664 1132 intelligentiam
2703 1062 2887 1118 videre
2923 1062 3237 1118 meruerint.
3282 1080 3302 1115 ι
3354 1061 3495 1132 Quia

1924 1167 2054 1208 vero
2076 1168 2142 1207 ex
2164 1152 2279 1207 viro
2299 1162 2513 1222 sumpta
2536 1162 2619 1207 est
2644 1148 2854 1219 mulier,
2880 1168 3074 1223 corpus
3101 1153 3205 1208 viri
3226 1160 3310 1208 est
3338 1149 3495 1226 (Gen.

1924 1242 1987 1313 ιι)
2022 1260 2035 1297 :
2074 1262 2093 1295 ι
2142 1243 2345 1299 idcirco
2383 1242 2437 1297 in
2464 1244 2681 1299 nomine
2704 1245 2943 1300 virorum
2965 1245 3499 1316 comprehenduntur

1924 1344 1979 1393 et
2006 1336 2279 1392 mulieres.
2337 1337 2613 1391 Cadavcra
2652 1346 2832 1392 autem
2867 1338 3227 1408 appellantur,
3277 1336 3402 1406 quia
3440 1336 3494 1391 in

1923 1437 2181 1483 mternam
2211 1428 2406 1483 cadent
2433 1427 2852 1483 damnationem.
2904 1428 3052 1485 Unde
3090 1436 3145 1485 et
3168 1428 3270 1498 ipsi
3299 1429 3497 1483 daemo-

1923 1536 2021 1575 nes
2059 1521 2323 1575 cadavera
2356 1512 2459 1575 dici
2509 1528 2755 1589 possunt,
2798 1520 2889 1589 Qui
2931 1520 3185 1575 similiter
3205 1521 3259 1576 in
3304 1534 3496 1591 pmnas

1922 1610 2179 1680 gehennze
2203 1611 2413 1666 cadent.
2463 1611 2615 1666 Unde
2642 1619 2697 1665 et
2726 1626 2756 1664 a
2788 1611 3016 1673 Domino
3045 1613 3382 1684 appellantur
3399 1613 3501 1669 ho-

1922 1702 2115 1756 mines.
2170 1720 2189 1753 ‹
2221 1701 2494 1767 Inimicus,
2533 1702 2727 1771 inquit,
2756 1694 2924 1759 homo
2959 1703 3075 1759 haec
3106 1701 3233 1760 fecit
3276 1702 3492 1775 (Manli.

1921 1793 2065 1865 χιιι).
2104 1813 2125 1847 ι
2193 1813 2212 1845 ‹
2247 1794 2472 1849 Vermes
2504 1808 2695 1848 eorum
2730 1809 2836 1850 non
2884 1793 3204 1860 morientur,
3256 1804 3312 1850 et
3354 1794 3494 1865 ignis

1920 1902 2113 1942 eorum
2142 1901 2249 1949 non
2283 1885 2681 1956 exstinguetur,
2717 1894 2772 1941 et
2796 1894 2956 1940 erunt
2982 1900 3154 1956 usque
3181 1886 3248 1941 ad
3273 1887 3495 1942 satieta-

1922 1984 2032 2033 tem
2062 1976 2289 2033 visionis
2316 1977 2463 2031 omni
2488 1976 2662 2031 carni.
2696 1996 2714 2028 ι
2763 1971 2980 2032 'Vermis
3028 1985 3081 2032 et
3121 1976 3262 2047 ignis
3304 1976 3361 2031 in
3392 1976 3498 2032 hoc

1919 2069 2039 2125 loco
2057 2077 2236 2140 potest
2254 2068 2476 2139 intelligi
2499 2067 2825 2124 conscientia
2848 2071 3213 2139 peccatorum,
3237 2082 3356 2137 quae
3380 2076 3496 2122 tor-

1919 2168 2051 2230 quet
2075 2174 2266 2215 omnes
2290 2160 2346 2214 in
2378 2159 2657 2229 suppliciis
2687 2159 3032 2225 constitutos,
3086 2173 3253 2228 quare
3280 2158 3334 2212 in
3357 2171 3497 2227 prte-

1919 2252 2061 2311 senti
2107 2252 2304 2308 sreculo
2330 2251 2476 2307 vitiis
2514 2251 2831 2314 servientes,
2885 2251 3165 2308 caruerint
3197 2251 3341 2306 bono
3395 2264 3496 2320 pro

1917 2356 2026 2411 quo
2049 2349 2543 2396 remunerarentur.
2578 2340 2729 2396 Unde
2754 2340 2988 2410 quodam
3017 2340 3137 2396 loco
3160 2340 3367 2396 dicitur.
3383 2341 3492 2395 sic:

1919 2424 2088 2489 Tinea
2130 2434 2364 2489 comedit
2401 2432 2803 2498 vestimentum,
2835 2441 2891 2488 et
2916 2434 3116 2488 vermis
3141 2432 3379 2489 corrodit
3425 2433 3492 2488 li-

1917 2539 2101 2594 gnum,
2132 2534 2187 2579 et
2214 2524 2354 2596 ignis
2389 2525 2612 2581 devorat
2641 2525 2783 2595 ligna
2816 2542 2829 2579 :
2863 2526 2943 2580 sic
2968 2539 3172 2581 maeror
3199 2534 3253 2581 et
3275 2525 3497 2581 tristitia

1916 2615 2195 2670 excruciat
2233 2630 2329 2671 cor
2357 2612 2481 2671 viri.
2530 2613 2641 2672 Iste
2682 2616 2819 2688 ignis
2854 2631 2964 2671 non
2999 2617 3392 2688 exstinguetur,
3442 2624 3497 2673 et

1915 2709 2117 2764 vermis
2140 2723 2246 2764 non
2274 2710 2557 2775 morietur,
2609 2710 2735 2780 quia
2762 2709 2838 2763 illi
2873 2709 3202 2764 :eternaliter
3236 2708 3290 2763 in
3318 2708 3496 2778 poenis

1915 2802 2230 2869 manebunt,
2280 2813 2336 2859 et
2373 2818 2588 2873 semper
2639 2803 2856 2874 pr0pria
2899 2802 3232 2858 conscientia
3281 2809 3495 2872 torque-

1913 2890 2133 2947 buntur.
2180 2892 2367 2948 Potest
2392 2902 2447 2949 et
2470 2894 2545 2947 ita
2577 2893 2824 2962 intelligi,
2849 2902 2908 2947 ut
2931 2893 3184 2948 credatur
3205 2892 3258 2947 in
3284 2889 3495 2947 inferno

1914 2984 2054 3053 ignis
2081 2998 2202 3040 esse
2233 2984 2556 3050 materialis,
2601 2992 2658 3038 et
2684 2984 2887 3040 vermis
2920 2983 3203 3048 similiter,
3229 2981 3320 3052 qui
3343 2996 3495 3037 com-

1913 3077 2078 3132 edunt
2103 3085 2159 3131 et
2180 3077 2439 3133 devorant
2463 3077 2675 3132 iilomm
2689 3092 2949 3147 corpora:
2980 3076 3104 3132 licet
3124 3076 3340 3146 quidam
3356 3073 3494 3131 falso

1914 3167 2150 3223 dixerint
2177 3183 2375 3239 corpus
2412 3182 2631 3224 aereum
2657 3184 2778 3224 esse
2827 3175 2949 3239 post
2978 3167 3281 3240 generalem
3309 3180 3493 3223 resur-

1913 3258 2227 3323 rectionem,
2268 3267 2324 3313 et
2352 3259 2405 3312 in
2438 3268 2624 3314 tenues
2653 3274 2816 3314 auras
2843 3258 3266 3313 dissolvendum.
3285 3256 3494 3313 Idcirco

1910 3357 2091 3402 autem
2139 3346 2342 3405 vermis
2381 3362 2569 3405 eorum
2607 3364 2716 3404 non
2764 3349 3047 3414 morietur,
3097 3356 3153 3403 et
3196 3347 3339 3418 ignis
3379 3359 3492 3404 non

1908 3440 2303 3510 exstinguetur,
2359 3442 2491 3512 quia
2536 3456 2660 3497 esca
2710 3440 2920 3496 illorum
2969 3449 3130 3497 erunt
3165 3456 3356 3497 omnes
3404 3452 3492 3497 ro-

1906 3532 2077 3603 probi,
2104 3541 2159 3588 et
2179 3547 2244 3587 ex
2274 3531 2405 3604 ipsis
2424 3534 2668 3605 reprohis
2697 3534 2808 3589 erit
2838 3533 3098 3590 materies
3125 3533 3265 3604 ignis
3290 3541 3347 3589 et
3366 3547 3491 3588 ver-

1907 3624 2035 3688 mis,
2094 3626 2185 3694 qui
2217 3626 2406 3680 tandiu
2457 3625 2644 3679 vivunt
2680 3625 2918 3695 quandiu
2956 3625 3157 3680 habent
3203 3624 3488 3680 materiam

1905 3728 2012 3783 qua
2036 3722 2345 3782 pascantur.
2397 3714 2550 3783 Quod
2581 3724 2763 3770 autem
2814 3716 3079 3784 sequitur,
3117 3721 3277 3771 emat
3298 3728 3488 3770 omnes

1903 3806 2118 3875 reprobi
2160 3822 2332 3877 usque
2364 3806 2429 3862 ad
2450 3807 2754 3861 satietatem
2779 3806 3007 3862 visionis
3031 3806 3179 3861 omni
3204 3804 3381 3870 carni,
3430 3804 3487 3860 id

1902 3908 1987 3953 est
2003 3899 2150 3954 omni
2190 3899 2381 3965 electo,
2415 3899 2700 3976 tripliciter
2736 3899 2959 3970 intelligi
2990 3907 3206 3970 potest:
3246 3897 3333 3954 vel
3356 3897 3485 3969 quia

1902 3984 1954 4043 in
1980 3987 2083 4045 hoc
2113 3990 2400 4046 satiabitur
2419 3992 2557 4047 visio
2580 3991 2876 4047 electorum
2907 3992 3050 4062 quod
3077 3991 3310 4047 viderint
3334 4006 3429 4047 eos
3448 4005 3483 4046 a

1903 4094 1961 4135 se
1981 4074 2128 4151 justo
2160 4079 2366 4150 judicio
2394 4082 2489 4137 Dei
2507 4092 2800 4153 separatos,
2829 4090 2885 4136 et
2903 4083 3194 4153 potentiam
3224 4083 3483 4138 amissam

1898 4183 2058 4238 quam
2084 4177 2370 4225 tenuerant
2389 4186 2555 4243 super
2582 4172 2927 4238 innocentes;
2969 4172 3053 4229 vel
3077 4172 3202 4242 quia
3228 4172 3300 4227 ita
3322 4172 3479 4227 dam-

1898 4250 2170 4313 nabantur
2221 4264 2280 4313 ut
2333 4258 2465 4327 justi
2520 4261 2752 4331 amplius
2794 4262 2985 4328 nolint,
3041 4276 3138 4317 nec
3188 4268 3481 4333 exposcent

1896 4347 2126 4417 amplius
2163 4348 2475 4415 vindictam,
2531 4352 2673 4407 sicut
2716 4352 2876 4406 modo
2922 4352 3145 4417 faciunt,
3192 4353 3474 4408 dicentes:

1899 4457 1919 4490 ‹
1962 4437 2275 4509 Usquequo,
2303 4441 2550 4506 Domine,
2587 4457 2694 4497 non
2733 4443 2974 4499 vindicas
3018 4444 3336 4515 sanguinem
3372 4459 3472 4499 no-

1897 4536 2069 4582 strum
2094 4529 2276 4598 (Apoc.
2316 4529 2431 4597 vi)?
2462 4550 2481 4582 ιι
2524 4526 2621 4585 Vel
2645 4531 2697 4585 in
2727 4532 2829 4587 hoc
2849 4533 2953 4586 erit
2980 4532 3192 4587 illorum
3229 4533 3472 4597 satietas,

1901 4616 2026 4687 quia
2046 4632 2151 4671 non
2175 4619 2482 4688 gaudebunt
2505 4619 2572 4674 de
2609 4622 2962 4691 reproborum
2993 4623 3353 4689 damnatione,
3377 4622 3473 4679 sed

1898 4705 1968 4761 de
1996 4722 2092 4762 sua
2118 4707 2459 4764 liberatione.
2509 4710 2700 4766 Amen.

2521 4890 2886 4902 -——.

570 4890 579 4891 ,
626 4890 2489 4899 _,‘______—_
2521 4890 3183 4920 ______H:
3212 4892 3443 4924 :______

572 4963 834 5071 OBDO
904 4963 1249 5064 RERUM
1321 4965 1543 5080 ΟΙΙιΈ
1614 4965 1718 5064 IN
1787 4965 1979 5066 HOC
2050 4966 2317 5068 ΤΟΜο
2384 4970 3100 5073 CONTINENTUB.

204 5171 381 5221 BBBO
400 5171 473 5220 uel
508 5171 634 5221 EBO
660 5170 965 5221 R’lElIEN-

312 5234 422 5283 Sls
455 5233 852 5285 EPISCOPUS.
1103 5249 1212 5305 MS
1247 5246 1556 5307 ΕΒΒΟΝΙΞ,
1726 5251 1793 5308 17

199 5316 383 5418 Norat}:
427 5320 652 5372 historica
711 5323 757 5371 in
799 5321 963 5418 ΕΙ)ωᾷ
1031 5344 1320 5402 EBBOMS
1332 5342 1701 5404 ΡΟΕΜΑΤΙΑ.
1723 5349 1788 5404 21

1914 5364 2312 5418 'RMANRICUS
2341 5363 2632 5416 AUGIBN-

1035 5168 1385 5227 NARRATIO
1404 5173 1687 5230 DEPOSIT
1694 5173 1792 5230 10-
1874 5170 2180 5228 CARMINA
2209 5170 2631 5228 llARTMANNl.

2775 5174 3247 5236 GRAMMATICA.
3389 5184 3462 5243 26

2563 5243 2635 5297 εδ
2704 5270 3246 5326 ΒΚΟΗΑΜΒΕηΤῑῙς
3314 5277 3461 5331 rat-

2764 5334 2875 5382 SIN
2888 5337 3132 5391 σεΝειε
3189 5340 3458 5396 ιριεου-

263 5394 393 5430 ηθηι-
930 5385 963 5433 9
1032 5385 1354 5402 ⁵⁴ννν⁴“⁵”¹³”
1377 5385 1701 5404 νυδωιιω⁶
1726 5385 1788 5404 ⁸³⁵
1876 5385 2308 5418 διιιηιιινιιιι-υο
2341 5385 2632 5416 Αυιιιιιιι-

263 5442 467 5462 \lnmnr
499 5442 518 5462 Α
558 5437 838 5462 nun-Annia
881 5444 957 5462 an
1990 5438 2094 5462 (Ilo
2131 5436 2494 5462 unnanuna
2903 5432 2915 5443 ⁸

196 5437 843 5571 ενιξῗιῑὲδιλὲιὲιὲιίνδ
869 5444 960 5570 “3
1030 5492 1790 5594 πλητιέίειέλέπξεσλιιτ

1986 5436 2511 5536 δ’δβωῖυῗπυδ·
2700 5436 2891 5523 Νοῖίῖἰέ
2903 5436 3128 5526 historica
3148 5478 3196 5528 in
3221 5477 3456 5530 Ercham-

1914 5526 2046 5573 otitia
2067 5523 2292 5573 historica
2314 5536 2361 5571 ιυ
2384 5521 2628 5594 Emam]:
2758 5537 2969 5586 genum.
3392 5541 3451 5594 δι

196 5564 893 5640 coarséao’cas‘oms.
926 5564 959 5640 ξ)
1212 5564 1604 5617 κοΝ-ίεηυεο

198 5652 485 5737 EBBQNIS
546 5654 959 5713 APOLOGET"
1026 5670 1205 5725 Notllia
1225 5677 1446 5731 historica
1462 5681 1509 5730 la
1532 5680 1785 5733 Hartman-

268 5723 309 5778 C
319 5725 354 5780 [λ
363 5725 432 5779 Μ.
891 5728 916 5781 ί
929 5726 950 5780 1
1089 5750 1219 5781 num.
1722 5746 1785 5781 93

1914 5668 2282 5724 RAGMENTA
2362 5669 2454 5722 EX
2529 5668 2624 5722 Li-

1937 5739 2074 5781 Rnn
2110 5738 2501 5781 nummum,
2538 5739 2624 5781 mc

268 5723 432 5780 CUM.
891 5726 950 5781 Η
1032 5723 1062 5725 7‘
1082 5723 1508 5787 '..um."""""“
1534 5723 1785 5795 """3'3

1928 5598 2053 5635 cum.

2568 5582 2626 5632 ιδ
2699 5582 3053 5662 sensium.
3086 5602 3174 5656 ns
3202 5582 3456 5659 rusus:

2766 5668 3059 5734 LATIONE
3114 5671 3453 5729 CORPORIS

1936 5739 2074 5796 BRO
2110 5738 2506 5808 ERMANRICI,
2538 5739 2625 5795 DE
2768 5738 3366 5800 S.BARTHOLOMJEI.
3382 5743 3446 5799 5i

2068 5946 2152 6013 28
