4066 6372
706 382 709 385 ⁸
848 501 1634 683 MENSIS—
1717 501 3005 689 NOVEMBER.

1591 989 2263 1110 ΑΘΛΗΣΙΣ

1015 1207 1145 1262 ΤΩΝ
1185 1207 1390 1262 APION
1431 1207 1550 1261 ΚΑΙ
1585 1205 1900 1261 ΕΝΔΟΞΩΝ
1941 1206 2081 1260 ΤΟΥ
2119 1206 2420 1260 ΧΡΙΣΤΟΥ
2457 1205 2840 1260 ΜΑΡΤΥΡΩΝ

900 1371 1930 1526 ΑΚΙΝΔΥΝΟΥ,

2011 1369 2942 1529 ΠΗΓΑΣΙΟΥ,

529 1611 1420 1705 ΑΝΕΜΠΟΔΙΣΤΟΥ
1496 1610 2098 1699 ΑΦΘΟΝΙΟΥ
2174 1608 2369 1696 ΚΑΙ
2444 1609 3272 1700 ΕΛΠΙΔΕΦΟΡΟΥ.

1589 1963 2300 2071 CERTAMEN

874 2171 1363 2238 SANCTORUM
1402 2171 1502 2232 ET
1547 2170 2140 2234 GLORIOSORUM
2186 2171 2500 2233 CHRISTI
2548 2119 3007 2234 MARTYRUM

954 2325 1957 2557 ACINDYNI,

2095 2358 2920 2556 PEGASII,

742 2641 1453 2726 ‘ANEMPODISTI
1533 2641 1902 2720 APHTHl

2004 2641 2114 2720 ΠΙ
2202 2641 2330 2718 ET
2367 2640 3097 2719 ELPIDEPHORI.

943 2817 1137 2883 (Latine
1158 2815 1287 2882 apud
1317 2815 1516 2870 Surium
1537 2817 1599 2868 ad
1617 2816 1748 2870 diem
1769 2816 1802 2867 2
1823 2815 2143 2879 Novembris,
2166 2816 2339 2870 Graece
2363 2831 2425 2871 ex
2455 2819 2566 2870 cod.
2601 2829 2693 2867 ms.
2719 2830 2770 2869 n.
2795 2816 2956 2879 1487.)

400 3126 478 3182 A'.
511 3125 573 3180 ει
603 3124 700 3179 καὶ
733 3123 938 3195 πρῶτοι
986 3121 1194 3193 Πέρσαι
1232 3121 1467 3193 Χριστὸν
1511 3125 1575 3177 ἐκ
1620 3120 1898 3193 Παρθένου

2072 3122 2115 3179 1.
2144 3122 2370 3178 Etiamsi
2408 3121 2586 3180 Persae
2624 3121 2779 3192 primi
2819 3122 3095 3180 Christum
3125 3132 3310 3180 natum
3342 3139 3407 3181 ex
3450 3123 3569 3180 Vir-

320 3217 667 3288 γεννιῦμενον
717 3212 1154 3288 προσεκύνησαν,
1206 3211 1399 3280 δώροις
1445 3230 1508 3266 τε
1554 3211 1741 3266 τοῦτον
1781 3211 1896 3264 ἐτί-

323 3326 535 3380 μησαν,
582 3307 700 3360 ἀλλ’
739 3306 819 3368 εἰς
882 3304 1106 3375 ὕστερον
1145 3295 1293 3357 οὗτοι
1331 3305 1457 3366 τοὺς
1494 3302 1733 3373 Χριστοῦ
1782 3301 1901 3356 δού-

323 3401 456 3461 λους
495 3398 561 3450 δι’
608 3397 773 3448 αὐτὸν
823 3392 1205 3464 ἀπανθρώπως
1245 3394 1534 3448 ἐκόλασαν.
1575 3395 1686 3448 Καὶ
1741 3394 1903 3450 τοῦτο

323 3492 490 3559 δῆλον
529 3487 589 3552 ἐξ
624 3487 801 3542 ἄλλων
854 3502 916 3538 τε
954 3484 1187 3550 πολλῶν,
1245 3485 1338 3540 καὶ
1376 3485 1475 3555 τῆς
1526 3485 1622 3539 νῦν
1681 3503 1902 3562 προκειε

330 3584 506 3652 μένης
543 3581 692 3632 ἐστὶν
747 3577 1077 3638 ὑποθέσεως.
1118 3574 1227 3629 Τοῦ
1264 3577 1374 3647 γὰρ
1428 3575 1658 3644 σοϐαροῦ
1715 3576 1903 3630 Σαδώ-

333 3675 450 3741 ρὶου
491 3672 561 3724 τὰ
601 3667 846 3739 Περσικὰ
886 3670 1140 3737 σκῆπτρα
1180 3667 1483 3732 διέποντος,
1525 3669 1621 3719 καὶ
1660 3669 1797 3736 πρὸς
1840 3668 1900 3721 τὸ

328 3764 799 3832 τυραννικώτερον
838 3758 1264 3822 ἁποκλίναντος,
1319 3758 1446 3819 τοὺς
1506 3758 1610 3809 ὑπὸ
1647 3758 1805 3829 χεῖρά
1841 3775 1900 3811 τε

335 3853 700 3923 Χριστιανοὺς
737 3851 902 3918 ὁμόσε
941 3848 1162 3902 διώκειν
1200 3848 1566 3918 ὁρμήσαντος,
1610 3847 1778 3916 πολλή
1818 3865 1903 3912 τις

340 3946 669 4012 σκοτόμσινα
708 3943 808 4010 τὴν
854 3939 1179 4006 Ἐκκλησίαν
1235 3940 1451 4007 κατεῖχε
1489 3937 1725 4008 Χριστοῦ
1754 3978 1770 4006 ,
1811 3938 1904 3991 καὶ

334 4036 581 4106 ταραχῆς
623 4033 950 4100 πεπλήρωτο
989 4030 1086 4082 xui
1149 4029 1484 4099 συγχύσεως.
1543 4030 1656 4081 Οὐκ
1719 4025 1788 4098 ἦν
1846 4029 1902 4080 δὲ

335 4130 487 4190 ὅστις
527 4127 716 4195 ἡμέλει
765 4123 1010 4193 Περσῶν,
1049 4121 1112 4173 τὸ
1169 4121 1244 4191 μὴ
1285 4121 1343 4172 τὸ
1383 4121 1584 4172 οἰκεῖον
1642 4119 1805 4181 σέϐας
1838 4122 1904 4171 έκ

337 4218 535 4286 θύμως
585 4215 888 4267 διεκδικεῖν.
924 4211 1085 4264 Ὅθεν
1130 4212 1255 4272 τοὺς
1309 4209 1404 4262 τοῦ
1442 4210 1682 4279 Χριστοῦ
1737 4209 1902 4278 Θερα-

337 4312 550 4370 αυτὰς
588 4307 851 4378 ὁσημέραι
906 4302 1302 4365 διαϐάλλοντες,
1343 4303 1410 4371 τῇ
1467 4301 1718 4371 βασιλικῇ
1759 4300 1902 4370 χειρὶ

337 4399 730 4468 παρεδίδοσανο
774 4394 896 4466 μεθ’
950 4387 1024 4445 ὧν
1063 4391 1317 4454 καὶτοὺς
1371 4392 1676 4460 μακαρίους
1726 4391 1903 4444 Ἀκίν·

1999 3214 2123 3286 gine
2152 3215 2467 3280 adorarunt,
2501 3222 2558 3270 et
2596 3213 2768 3283 donis]
2811 3231 2940 3270 eum
2983 3216 3340 3284 honorat-unt,
3386 3226 3565 3273 tamen

2000 3313 2185 3376 postea
2200 3304 2402 3361 Christi
2419 3320 2604 3361 servos
2624 3315 2844 3377 propter
2859 3307 3040 3376 ipsum
3071 3307 3367 3363 inhumane
3379 3309 3571 3378 punie-

2002 3404 2150 3450 runt.
2189 3395 2302 3452 Hoc
2334 3407 2515 3452 autem
2545 3413 2668 3452 cum
2697 3412 2763 3452 ex
2805 3398 2992 3453 multis
3023 3399 3144 3454 aliis
3189 3408 3274 3454 est
3321 3401 3567 3464 evidens,

2004 3496 2117 3541 tum
2141 3502 2206 3542 ex
2233 3495 2575 3558 argumento,
2600 3487 2741 3556 quod
2778 3503 2926 3542 nunc
2950 3496 3036 3544 est
3060 3490 3418 3559 propositum.
3437 3488 3571 3546 Nan:

2003 3595 2128 3636 cum
2160 3580 2430 3650 superbus
2454 3579 2544 3634 ille
2575 3578 2813 3648 Sapoces
2838 3590 3055 3650 sceptra
3085 3590 3297 3637 teneret
3328 3583 3568 3649 Persica,

2001 3683 2058 3724 et
2086 3670 2412 3725 declinasset
2443 3670 2507 3724 ad
2539 3669 2900 3740 tyrannidem,
2926 3678 2982 3723 et
3010 3671 3076 3724 ad
3098 3669 3461 3735 Christianos,
3479 3673 3571 3741 qui

2004 3768 2161 3815 erant
2195 3761 2249 3813 in
2280 3762 2400 3829 ejus
2431 3768 2722 3830 potestate,
2757 3761 3167 3830 persequendos
3215 3759 3409 3816 fuisset
3437 3763 3573 3817 inci.

2006 3858 2170 3914 tatus,
2203 3865 2395 3922 magna
2421 3851 2667 3919 quadam
2699 3852 2868 3920 caligo
2899 3850 3099 3906 Christi
3134 3851 3235 3908 fuit
3266 3851 3437 3907 oﬂ'usa
3467 3854 3570 3908 Ec-

2005 3942 2203 4006 clesiae,
2235 3952 2290 3996 et
2333 3959 2393 3996 ea
2425 3943 2633 4011 repleta
2688 3943 2790 3996 fuit
2829 3943 3062 3997 tumultu
3115 3953 3171 3998 et
3226 3944 3566 3999 confusione.

2003 4031 2194 4086 Nullus
2221 4040 2401 4085 autem
2453 4047 2519 4086 ex
2561 4020 2740 4085 Persis
2785 4043 2903 4085 erat
2951 4033 3232 4101 negligens
3287 4033 3340 4086 in
3373 4034 3571 4086 acriter

2005 4121 2344 4176 defendenda
2363 4136 2459 4174 sua
2478 4121 2755 4190 religione.
2775 4122 3138 4185 Quamobrem
3163 4135 3276 4182 eos,
3295 4121 3385 4190 qui
3415 4121 3574 4176 Chri-

2005 4221 2145 4263 stum
2176 4210 2446 4273 colebant,
2477 4210 2720 4277 quotidie
2769 4209 3146 4273 criminantes,
3178 4213 3360 4265 manui
3410 4213 3572 4281 regiae

2005 4299 2367 4352 tradiderunt.
2393 4300 2538 4352 Inter
2562 4314 2697 4368 quas
2724 4306 2942 4354 beatum
2960 4315 3177 4369 quoque
3207 4302 3570 4372 Acindynum,

2008 4388 2289 4460 Pegasium
2341 4400 2398 4444 et
2441 4391 2918 4460 Ancmpodistum,
2945 4394 3038 4463 qui
3089 4393 3405 4448 latebantin
3440 4409 3574 4463 qua-

336 4493 513 4553 δυνον,
552 4488 828 4559 Πηγάσιόν
856 4503 916 4538 τε
957 4484 1049 4537 καὶ
1100 4483 1522 4551 ’Ᾱνεμπόδιστον
1553 4485 1611 4534 ὲν
1642 4483 1902 4550 δωματίῳ

2008 4485 2129 4536 dam
2158 4483 2508 4546 domuncula,
2543 4483 2657 4553 regi
2683 4483 3080 4551 indicaverunt,
3109 4494 3164 4538 ut
3193 4486 3283 4554 qui
3315 4495 3368 4539 et
3403 4487 3571 4542 Chri-

337 4584 447 4634 τινὶ
485 4580 915 4653 κρυπτομένους,
970 4576 1048 4644 τῷ
1098 4573 1308 4642 βασιλεῖ
1343 4573 1750 4642 κατεμήνυσαν,
1811 4572 1905 4624 ἆτε

338 4677 403 4726 τα
448 4670 792 4742 Χριστιανῶν
831 4665 1233 4737 πρεσϐεύοντας
1273 4666 1366 4715 καὶ
1407 4663 1639 4726 πολλοὺς
1684 4663 1792 4715 τῶν
1831 4664 1906 4725 ώς

341 4769 530 4828 usus;
586 4763 899 4832 φοιτώντων
940 4761 1006 4812 τὰ
1046 4757 1139 4810 τοῦ
1178 4758 1445 4825 δόγματος
1479 4757 1906 4820 έκπαιδεύοντας

343 4859 434 4910 καὶ
469 4855 770 4924 βασιλικῶν
827 4851 1107 4910 πείθοντας
1162 4846 1557 4916 θεσπισμάτων
1621 4864 1901 4918 καταφροο

346 4951 473 5001 νεῖν.
512 4949 622 5000 Καὶ
658 4946 717 5008 ὃς
768 4943 968 4996 αὐτίκα
1018 4939 1111 4993 καὶ⁵
1152 4937 1522 5010 συλληφθῆναι
1573 4941 1668 4993 καὶ
1707 4956 1902 5010 παρα-

348 5038 536 5105 στῆναι
597 5036 748 5103 αὑτῷ
795 5035 921 5096 τοὺς
973 5033 1159 5102 ἁγίους
1210 5031 1390 5102 πσλλῴ
1434 5030 1512 5099 τῷ
1549 5030 1704 5100 Θυμῴ
1731 5046 1902 5102 προσ-

345 5127 580 5180 ἔταττεν.

411 5217 484 5272 B’.
529 5219 620 5280 Ὠς
650 5216 706 5269 δὲ
748 5214 1026 5286 παρῆσαν,
1061 5215 1122 5267 τὸ
1169 5214 1512 5284 θυμούμενον
1540 5213 1699 5276 eoos;
1733 5214 1904 5266 ὲπιειυ

350 5312 489 5372 κείας
543 5309 824 5378 πλάσματι
877 5306 1266 5375 περιχρώσας·
1308 5305 1532 5368 Τεκνία,
1593 5305 1729 5374 φησὶ
1787 5303 1903 5374 (οὓς

354 5403 461 5469 μετ’
499 5403 555 5454 οὑ
594 5401 728 5452 πολὺ
771 5401 1087 5467 κρεουργεῖν
1128 5396 1376 5465 ἔμελλεν)
1431 5396 1622 5449 εἴπατέ
1677 5411 1767 5465 μοι
1815 5394 1902 5457 τίς

353 5490 467 5560 ὑμῖν
489 5493 522 5559 ἠ
565 5490 801 5558 πατρὶς,
838 5487 898 5539 τὸ
926 5488 1103 5553 γένος,
1129 5487 1312 5552 πόθεν,
1344 5488 1404 5539 τὸ
1437 5485 1772 5553 ἐπιτήδευμα
1810 5482 1899 5548 τίς

350 5582 570 5654 Πατρὶς,
602 5584 652 5634 οἱ
693 5582 839 5647 ἅγιοι
876 5579 1259 5644 ἀπεκρίναντο,
1303 5579 1398 5632 καὶ
1438 5579 1609 5643 γένος,
1648 5577 1743 5630 καὶ
1782 5577 1901 5628 ἐπι.

663 5677 936 5741 ΡΔτιιοῐ..
983 5685 1097 5742 Gn.
1149 5679 1247 5738 CX
1261 5682 1298 5740 i’
1314 5677 1366 5739 Ι.

2005 4574 2304 4627 stiauorum
2357 4582 2608 4627 tenerent
2665 4576 2996 4644 opinionem,
3035 4584 3089 4628 et
3135 4579 3337 4632 mullos
3379 4596 3442 4634 ex
3481 4583 3567 4649 iis,

2003 4664 2092 4732 qui
2125 4664 2191 4718 ad
2239 4663 2388 4732 ipsos
2430 4664 2790 4730 ventitabant,
2817 4665 3020 4736 Christi
3061 4665 3254 4736 dogma
3290 4670 3568 4737 docerent,

2002 4766 2056 4809 et
2087 4757 2495 4826 persuaderent,
2525 4765 2582 4810 ut
2618 4757 2760 4827 regia
2803 4755 3153 4826 despicerent
3193 4761 3428 4815 decreta.
3477 4763 3570 4819 Ille

2002 4858 2182 4902 autem
2214 4849 2370 4902 valde
2416 4851 2606 4910 iratus,
2637 4847 2800 4915 jussit
2834 4849 3015 4904 statim
3069 4859 3286 4906 sanctos
3319 4867 3568 4922 compre-

2008 4940 2190 5006 hendi,
2224 4949 2278 4995 et
2311 4955 2493 4995 coram
2522 4955 2584 4995 se
2614 4939 2752 4996 sisti.

2075 5201 2140 5256 ll.
2175 5200 2309 5256 Cum
2363 5216 2494 5256 vero
2543 5201 2870 5266 adfuissent,
2914 5201 3048 5256 iram
3106 5200 3286 5255 statim
3349 5199 3568 5256 illinens

2007 5293 2130 5348 ﬁcta
2176 5296 2588 5349 moderatione:
2624 5295 2820 5356 Filioli,
2859 5294 3032 5362 inquit
3065 5293 3220 5360 (quos
3250 5292 3410 5359 paulo
3447 5303 3572 5359 post

2009 5395 2123 5440 erat
2147 5385 2652 5456 cxcarniﬁcaturus)
2677 5386 2840 5440 dicite
2872 5385 3004 5438 mihi
3029 5396 3274 5453 qutenam
3310 5390 3395 5436 est
3419 5382 3569 5436 vobis

2010 5477 2211 5547 patria,
2241 5480 2384 5533 unde
2406 5493 2576 5548 genus
2605 5477 2825 5540 ducitis,
2853 5475 3126 5542 quodnam
3157 5482 3240 5526 est
3270 5473 3422 5527 vobis
3449 5480 3566 5526 stu-

2009 5569 2180 5626 diuzn.
2203 5569 2384 5624 Sancti
2417 5577 2597 5623 autem
2623 5565 3051 5636 responderunt:
3077 5563 3143 5618 Et
3171 5563 3363 5635 patria,
3392 5571 3447 5618 et
3474 5574 3569 5632 εθ-

3103 5654 3130 5718 1
