4060 6374
463 273 524 337 ll
1716 265 2001 326 ΜΕΝὲἰὸ
2041 263 2483 325 NOVEMDER.
3634 260 3703 316 12
3752 348 3755 349 ν

458 406 584 453 nus,
617 398 669 446 et
722 389 960 445 studium
1010 397 1091 442 est
1138 388 1269 442 fides
1310 386 1367 441 in
1415 385 1754 449 Trinitatem,
1796 399 1914 453 qum
1950 390 2032 436 est

2136 380 2404 450 τήδευμα,
2446 383 2477 451 ἡ
2522 380 2600 442 είς
2650 378 2748 448 τὴν
2805 376 3011 447 Τριάδα
3063 374 3245 437 πίστις
3295 373 3412 426 ἐστί
3465 370 3558 426 τὸν
3609 372 3709 425 ἕνα

461 499 601 538 unus
626 482 786 546 Deus,
817 496 845 535 a
881 496 990 550 quo
1014 481 1078 533 ad
1111 493 1323 540 omnes,
1358 477 1448 547 qui
1493 486 1642 543 sunt,
1674 475 1943 538 essentia;
1977 480 2033 526 et

462 575 529 628 ad
560 588 651 627 eos
685 573 777 641 qui
810 572 1019 631 vivunt.
1053 571 1183 631 vita,
1220 578 1474 640 tanquam
1503 585 1533 624 a
1560 568 1707 623 fonte
1733 566 1914 635 aliquo
1938 579 2034 635 pe-

462 665 641 729 renni,
676 664 972 717 derivatur.
1009 660 1133 716 llrcc
1162 678 1284 716 cum
1312 660 1607 714 audivisset
1650 666 1933 729 tyrannus,
1965 654 2035 710 Ut

462 751 700 816 videtur,
732 751 930 820 inquit,
962 767 1079 806 mea
1125 750 1320 805 lenitas
1353 758 1405 803 et
1437 747 1581 818 quod
1615 762 1724 801 non
1766 745 1869 801 sim
1901 758 2032 814 pro-

462 844 619 901 clivis
645 846 712 898 ad
756 844 1043 913 supplicia,
1072 859 1169 897 vos
1206 842 1444 896 reddidit
1478 851 1828 895 contumaces
1853 846 1909 891 et
1932 851 2033 890 au-

461 936 624 992 daces
657 935 721 989 ad
748 933 1211 1005 respondendum.
1252 932 1394 986 Dixit
1426 945 1552 986 vero
1587 929 1768 985 statim
1799 927 2032 996 Aeindy-

461 1042 566 1080 nus
612 1040 625 1084 :
673 1026 931 1092 Qumnam
978 1023 1263 1093 responsio
1306 1021 1447 1076 facta
1490 1021 1594 1075 fuit
1641 1035 1821 1085 secus,
1870 1033 2033 1088 quam

461 1127 700 1189 oportet,
749 1127 841 1172 aut
877 1117 1002 1187 quid
1036 1116 1128 1170 tibi
1176 1115 1423 1168 videmur
1464 1128 1573 1166 non
1615 1110 1947 1181 respondere
1978 1116 2036 1161 ut

461 1209 1068 1275 con‘venitiQuoniam,
1100 1207 1295 1276 inquit,
1334 1205 1437 1259 alia
1470 1202 1848 1273 respondistis,
1873 1216 2033 1271 quam

462 1304 528 1356 de
578 1302 776 1371 quibus
824 1300 1004 1354 fuistis
1048 1296 1383 1365 interrogati,
1421 1295 1513 1348 sed
1565 1293 1667 1347 nisi
1709 1293 2034 1346 accedentes

462 1394 572 1446 cito
609 1391 1060 1454 sacrificaveritis,
1107 1388 1425 1460 poenitentia
1463 1385 1613 1441 ducti
1647 1385 1847 1439 frustra
1881 1383 2037 1437 flebi-

464 1483 549 1537 tis.
588 1481 821 1536 Sanctus
853 1480 1276 1550 Ancmpodistus
1299 1478 1474 1532 libero
1502 1476 1792 1531 verborum
1827 1475 2035 1528 fluento

463 1574 599 1629 dixit
653 1583 883 1638 tyranno
930 1591 943 1627 :
993 1564 1291 1640 oportebat
1328 1568 1573 1638 quidem,
1606 1582 1640 1622 ο
1670 1581 1784 1633 rex,
1816 1580 1921 1620 nos
1967 1564 2035 1619 de

464 1668 566 1720 hoc
611 1666 779 1719 verbo
822 1679 891 1717 ne
948 1661 1233 1716 minimum
1270 1660 1487 1730 quidem
1529 1658 1884 1728 respondere,
1933 1655 2031 1711 sed

463 1763 605 1812 l'erre
634 1756 850 1811 silentio
883 1766 1029 1809 tuam
1059 1755 1112 1807 in
1161 1768 1260 1808 nos
1295 1751 1683 1807 contumeliam
1718 1769 1733 1805 :
1770 1750 1865 1805 sed
1900 1763 2031 1819 quo—

465 1851 610 1903 niam
646 1848 825 1902 fervor
855 1846 975 1899 lidei
1002 1847 1056 1898 in
1091 1843 1369 1898 Christum
1410 1859 1519 1897 non
1545 1842 1676 1897 sinit
1698 1856 1801 1896 nos
1831 1850 2031 1917 tacere,

465 1940 591 1994 audi
626 1953 726 1993 nos
778 1939 892 1991 lucc
926 1936 1020 1990 tibi
1055 1936 1301 1989 dicentes
1334 1952 1347 1987 :
1375 1934 1487 1987 Cur
1515 1934 1582 1987 de
1625 1932 1799 2002 patria
1835 1946 2035 2003 genere

463 2036 519 2080 et
567 2026 748 2081 studio
787 2024 1000 2079 curiose
1056 2023 1324 2091 inquiris?
1367 2021 1495 2075 Hace
1542 2021 1689 2075 enim
1740 2020 1943 2085 omnia,
1977 2026 2036 2073 ut

463 2118 614 2188 prius
644 2117 899 2180 diximus,
948 2123 1033 2169 est
1058 2115 1218 2168 nobis
1248 2112 1491 2167 Trinitas
1522 2111 1768 2165 omnium
1799 2109 2036 2166 archite-

462 2208 690 2275 ctatrix;
722 2208 854 2262 deos
902 2216 1106 2272 autem,
1141 2206 1340 2274 quibus
1380 2220 1481 2257 nos
1512 2204 1671 2271 jubcs
1703 2201 2033 2266 sacriﬁcare,

463 2315 565 2355 nec
596 2300 866 2361 novimus,
888 2312 986 2351 nec
1019 2304 1146 2350 sunt
1166 2296 1412 2349 omnino.
1431 2293 1659 2363 Oportet
1674 2292 1819 2346 enim
1850 2305 2034 2346 amare

464 2392 772 2453 veritatem,
813 2389 1089 2443 daemones
1118 2400 1245 2441 vero
1285 2386 1494 2439 scimus
1535 2398 1655 2437 esse
1691 2383 2029 2452 deceptores,

463 2492 519 2538 et
545 2481 742 2537 animis
772 2479 965 2533 afferre
1006 2478 1308 2532 interitum.
1339 2474 1440 2540 Qui
1488 2490 1613 2528 eum
1660 2490 1690 2527 a
1723 2474 1832 2528 Deo
1866 2474 2032 2529 creati

464 2581 668 2635 essent,
692 2580 747 2626 et
775 2572 843 2625 ab
873 2586 938 2624 eo
967 2568 1059 2640 qui
1094 2568 1299 2623 fecerat
1320 2566 1667 2630 defecissent,
1696 2565 1804 2635 igni
1830 2575 2032 2619 aeterno

467 2672 595 2717 sunt
623 2660 883 2716 damnati.
923 2658 1210 2729 Tyrannus
1238 2665 1417 2712 autem
1451 2655 1537 2709 his
1560 2654 1627 2708 ad
1671 2656 1806 2707 iram
1839 2669 2033 2708 accen-

466 2768 580 2817 sus,
605 2752 685 2806 eis
715 2760 946 2804 mortem
1000 2749 1238 2802 minatur
1272 2745 1700 2801 acerbissimam.
1733 2743 1830 2797 (lui
1858 2743 2033 2797 sancti

468 2843 694 2914 perinde
723 2859 784 2897 ac
809 2843 853 2897 si
889 2843 1031 2895 bona
1062 2849 1205 2894 esset
1239 2837 1677 2908 pollicitus,‘non
1714 2845 1893 2890 autem
1925 2844 2036 2890 tor-

468 2946 650 2990 menta
685 2934 946 2998 minatus,
998 2932 1403 2998 responderunt
1438 2949 1452 2984 :
1489 2928 1583 2982 Vix
1617 2930 1832 2984 tandem
1864 2944 2033 2999 agno-

468 3027 593 3080 visti
626 3025 702 3091 id,
730 3025 875 3094 quod
907 3032 990 3078 est
1026 3022 1184 3076 nobis
1217 3021 1345 3075 utile
1375 3030 1431 3075 et
1456 3020 1716 3076 salutare.

532 3202 620 3257 ιιι.
646 3199 802 3255 Tunc
831 3213 960 3271 ergo
988 3198 1142 3269 jubet
1168 3213 1262 3254 eos
1292 3213 1323 3253 a
1348 3206 1580 3268 quatuor
1612 3199 1744 3255 viris
1781 3209 2034 3258 extensos

464 3309 562 3365 per
589 3300 763 3347 totum
794 3305 995 3360 corpus
1044 3290 1213 3359 virgis
1254 3289 1413 3344 caadi.
1450 3288 1528 3343 Illi
1563 3301 1743 3344 autem
1784 3305 1907 3345 cum
1953 3300 2036 3345 to-

466 3397 574 3441 tam
605 3392 844 3438 mentem
871 3382 937 3436 ad
961 3382 1129 3437 Deum
1149 3381 1518 3445 sustulissent,
1549 3381 1624 3436 ita
1653 3382 1831 3436 affecti
1857 3393 2028 3450 erant,

465 3490 590 3530 cum
649 3474 817 3546 virgis
846 3474 1204 3538 cmderentur,
1237 3472 1463 3542 perinde
1491 3487 1553 3527 ac
1596 3474 1640 3528 si
1692 3474 2033 3544 patientibus

464 3567 588 3624 aliis
645 3566 749 3636 ipsi
807 3565 1065 3620 adessent
1117 3573 1472 3634 spectatores.
1518 3563 1813 3635 Propterea
1851 3568 2033 3637 plagas

465 3658 683 3729 quidem
731 3657 1075 3729 negligebant
1107 3674 1121 3712 :
1158 3658 1493 3713 conveniens
1526 3665 1708 3712 autem
1760 3660 2031 3714 canticum

465 3751 533 3805 ad
581 3748 752 3803 Deum
810 3748 1131 3818 psallebant,
1167 3749 1413 3803 dicentes
1450 3768 1463 3802 :
1495 3767 1513 3800 ι
1546 3749 1733 3803 Vidisti
1780 3751 2029 3819 Domine,

466 3856 536 3896 ne
565 3839 749 3903 sileas,
782 3848 837 3894 et
864 3855 934 3892 ne
962 3840 1210 3893 discedas
1241 3855 1270 3892 a
1294 3840 1511 3894 nobis‘.
1542 3858 1561 3891 ι
1591 3840 1796 3895 Deinde
1825 3843 1914 3912 qui
1939 3858 2033 3898 eos

466 3933 792 4002 torquebant
851 3931 1095 3996 lictores,
1148 3928 1394 4003 defessos
1440 3931 1573 4000 jam,
1624 3932 1769 4001 quod
1828 3932 2034 3988 diutius

463 4027 904 4096 producerentur
944 4031 1237 4087 tormenta,
1289 4023 1379 4077 alii
1434 4034 1681 4080 recentes
1733 4025 2033 4095 excipiunt.

466 4119 603 4172 Cum
632 4126 814 4171 autem
844 4116 1010 4179 hanc,
1040 4130 1162 4184 qum
1188 4123 1305 4169 erat
1334 4130 1500 4185 supra
1534 4116 1837 4187 hominem,
1867 4119 2037 4174 vidis-

470 4219 553 4263 set
574 4218 837 4278 tyrannus
863 4217 1164 4278 martyrum
1186 4207 1551 4274 tolerantiam,
1576 4219 1740 4264 eteos
1776 4219 2034 4283 tanquam

468 4302 633 4352 inane
692 4296 968 4366 quidpiam
1025 4296 1171 4350 ferre
1231 4299 1416 4368 plagas
1464 4301 1602 4354 citra
1656 4302 1922 4369 dolorem,
1976 4305 2032 4359 in

2135 474 2289 536 Θεὸν,
2345 474 2475 541 παρ’
2530 468 2589 527 οῦ
2644 474 2756 534 τοῖς
2810 469 2927 522 οὖσι
2979 470 3118 522 πᾶσι
3153 468 3215 520 τὸ
3270 465 3410 519 εἶναι
3464 467 3706 528 καὶτοῖς

2137 565 2268 629 ζῶσι
2302 566 2362 617 τὸ
2411 564 2531 634 ζῇν,
2580 566 2653 627 ὡς
2706 562 2769 616 ἐκ
2804 579 2945 623 τινος
2980 560 3163 630 πηγῆς
3215 558 3459 622 ἀευζώου
3510 559 3707 628 ἐποχε-

2135 655 2372 709 τεύεται.
2398 654 2614 708 Τούτων
2644 655 2672 705 ό
2698 653 2961 723 τύραννος
2992 652 3252 716 ἀκούσας,
3277 650 3353 714 ὼς
3385 650 3565 702 ἔοικεν
3600 650 3705 720 ἔφη

2135 747 2196 800 τὸ
2236 748 2481 808 ἐπιεικὲς
2506 746 2683 815 ἡμῶν,
2718 747 2814 798 καὶ
2848 744 2922 815 μὴ
2952 745 3088 815 πρὸς
3121 743 3222 806 τὰς
3264 741 3536 812 βασάνους
3577 741 3709 810 πρό-

2136 854 2320 909 χειρον
2377 836 2800 906 καταφρονητάς
2854 837 2999 904 ὑμᾶς
3053 836 3149 888 καὶ
3208 834 3431 901 θρασεῖς
3488 830 3707 897 διέθηκε

2138 932 2274 1002 πρὸς
2327 930 2427 993 τάς
2482 929 2830 999 ἀποκρίσεις.
2878 927 2938 982 '0
2996 926 3152 996 ἅγιος
3196 925 3502 985 Ἀκίνδυνος
3548 916 3705 974 εἶπε·

2137 1023 2251 1078 Καὶ
2288 1022 2372 1086 τίς
2400 1024 2434 1091 ἡ
2482 1022 2633 1092 παρὰ
2663 1020 2724 1073 τὸ
2753 1022 2874 1074 δέον
2903 1020 3218 1088 ἀπόκρισις,
3251 1017 3283 1087 ἢ
3309 1017 3362 1068 τί
3401 1032 3484 1068 σοι
3518 1012 3709 1066 δοκοῦ-

2141 1133 2240 1185 μεν
2276 1114 2349 1184 μὴ
2392 1114 2780 1183 προσηκόντως
2843 1109 3321 1180 ἀπολογήσασθαι;
3354 1108 3497 1171 Ὅτι,
3552 1105 3707 1175 φησι,

2146 1207 2309 1275 ἕτερα
2345 1205 2605 1276 μᾶλλονῆ
2648 1207 2776 1275 περὶ
2817 1198 2893 1258 ὧν
2923 1202 3241 1272 ὴρωτήθητε
3296 1195 3664 1269 ἀποκρίνασθε
3692 1212 3708 1228 ο

2138 1297 2254 1350 ἀλλ’
2286 1297 2335 1349 εί
2394 1295 2469 1367 μὴ
2519 1297 2707 1366 τάχιον
2757 1294 3152 1365 προσελθόντες
3205 1291 3422 1356 θύσετε,
3472 1289 3708 1358 ἀνόνητα

2141 1391 2612 1462 μετακλαύσεοθε.
2674 1390 2731 1443 '0
2780 1391 2934 1458 άγιος
2975 1386 3418 1457 Ἀνεμπόδιστος,
3471 1385 3711 1452 ἀνεμπο-

2142 1481 2309 1550 δίστῳ
2349 1480 2591 1552 ῥεύματι
2640 1481 2733 1533 τοῦ
2783 1479 2942 1548 λόγου
2983 1478 3120 1549 πρὸς
3152 1478 3242 1531 τὸν
3274 1476 3534 1545 τύραννον
3570 1475 3707 1543 ἔφη*

2148 1574 2346 1644 Ἐχρῆν
2399 1574 2496 1643 μὲν
2533 1574 2701 1643 ἡμᾶς.
2742 1566 2787 1626 ὦ
2839 1572 3080 1644 βασιλεῦ,
3120 1572 3249 1642 περὶ
3279 1569 3430 1622 τοῦδε
3479 1568 3573 1621 τοῦ
3614 1568 3712 1636 pi,

2142 1684 2331 1735 ματος,
2380 1664 2786 1736 ἀποκρίνασθαί
2823 1681 2905 1716 σοι
2958 1662 3095 1733 μηδὲ
3146 1661 3341 1732 βραχὺ,
3382 1658 3522 1712 ἀλλὰ
3579 1658 3705 1726 σιγῇ

2135 1757 2233 1828 τὴν
2271 1760 2350 1818 είς
2397 1759 2543 1828 ἡμᾶς
2594 1758 2839 1823 ἐνεγκεῖν
2886 1753 3209 1824 παροινίανο
3271 1750 3392 1802 ὲ.πεὶ
3418 1749 3473 1803 δὲ
3502 1748 3561 1801 τὸ
3587 1747 3729 1812 ζέον

2136 1850 2232 1916 τῆς
2294 1846 2429 1918 πρὸς
2476 1845 2716 1917 Χριστοῦ
2760 1845 2994 1906 πίστεως
3043 1843 3144 1894 οὐκ
3199 1839 3486 1908 ἐπιτρέπει
3546 1836 3708 1906 σιγᾷν

2135 1939 2361 1993 τοιαῦτα
2398 1939 2535 2009 πρὸς
2568 1938 2627 1991 σὲ
2661 1936 2932 2004 λεγόντων
2959 1934 3117 2003 ἡμῶν
3150 1932 3333 1985 ἄκουε.
3365 1929 3487 1981 Ἵνα
3518 1927 3570 1980 τί
3601 1943 3707 1978 πα-

2134 2031 2291 2099 τρίδα
2322 2032 2412 2084 καὶ
2446 2030 2603 2098 γένος
2642 2030 2737 2082 καὶ
2795 2026 3140 2095 ἐπιτήδευμα
3187 2018 3704 2090 πολυπραγμονεῖς;

2134 2124 2308 2176 ταῦτα
2356 2121 2463 2190 γὰρ
2510 2120 2689 2172 πάντα
2726 2117 2801 2179 ὡς
2843 2116 3087 2184 ἑφθημεν
3139 2110 3472 2178 είπόντες,ή
3534 2106 3706 2175 Τριὰς

2133 2215 2268 2281 ἡμῖν
2294 2214 2439 2263 ἐστιν
2470 2211 2501 2279 ἡ
2530 2210 2750 2260 πάντων
2784 2205 3141 2275 δημιουργός.
3172 2204 3338 2264 Θεοὺς
3363 2200 3420 2252 δὲ
3451 2194 3534 2261 οἷς
3560 2197 3710 2249 θύειν

2136 2304 2283 2373 ἡμᾶς
2331 2300 2676 2369 ἐπιτρέπεις,
2731 2296 2856 2349 οὗτε
2906 2296 3154 2363 οἱδαμεν,
3208 2290 3323 2345 οὗθ’
3364 2291 3502 2352 ὅλως
3546 2286 3706 2340 εἰσίν.

2148 2392 2437 2462 Ἀλήθειαν
2484 2388 2594 2460 γὰρ
2628 2388 2893 2459 προσήκει
2947 2383 3145 2453 φιλεῖν,
3177 2382 3439 2453 δαίμονας
3476 2380 3532 2434 δὲ
3573 2380 3711 2431 άπα-

2134 2485 2340 2548 τεῶνας
2387 2481 2481 2537 καῖ
2527 2479 2901 2552 ψοχοφθόρους
2952 2477 3151 2539 αὐτοὺς
3209 2472 3575 2542 ἐπιστάμεθα.
3646 2468 3709 2522 υῐ

2135 2576 2340 2645 κτίσμα
2389 2572 2523 2627 Θεοῦ
2572 2571 2879 2641 γεγονότες,
2908 2566 3123 2623 καὶτοῦ
3159 2564 3525 2633 πεποιηκότος
3575 2563 3709 2613 ἁπο-

2137 2668 2436 2737 στήσαντες
2475 2663 2720 2718 ὑπόδικοι
2764 2659 2898 2728 πυρὶ
2931 2659 3280 2725 κατέστησαν
3310 2652 3536 2714 αίωνίῳ.
3578 2650 3709 2705 Ἐπὶ

2135 2760 2345 2821 τούτοις
2379 2760 2406 2811 ό
2432 2757 2698 2826 τύραννος
2752 2754 2833 2814 είς
2866 2752 3035 2824 ὀργὴν
3089 2746 3340 2817 tamen;
3376 2744 3708 2814 πικρότατον

2136 2850 2319 2911 αὐτοῖς
2348 2848 2437 2901 τον
2464 2848 2695 2901 θάνατον
2720 2844 2953 2899 ἀπειλεῖ.
2985 2840 3127 2910 Πρὸς
3154 2839 3212 2892 ὃν
3244 2841 3293 2891 oi
3327 2838 3477 2905 ἆγιοι
3536 2833 3709 2888 καθά-

2137 2959 2243 3013 περ
2273 2941 2493 3009 ἀγαθῶν
2530 2938 2889 3007 ἐπαγγελίαν,
2915 2934 3030 2987 ἀλλ’
3062 2934 3162 2985 ούκ
3187 2930 3424 3001 ἀπειλὴν
3457 2929 3708 2999 βασάνων

2060 3042 2105 3101 c
2136 3033 2443 3102 δεξάμενοι,
2492 3028 2662 3091 Μόλις
2721 3027 2966 3093 ἐπέγνως
3013 3024 3074 3075 τὸ
3120 3021 3399 3091 συμφέρον
3445 3021 3575 3090 ἡμῖν
3615 3018 3711 3071 καὶ

2141 3124 2438 3194 σωτήριον,
2455 3119 2837 3190 ἀπεκρίναντο.

2207 3208 2281 3261 Γ¹.
2314 3207 2450 3258 Τότε
2481 3205 2683 3267 τοίνυν,
2712 3204 2776 3254 ὲκ
2802 3201 3087 3271 τεσσάρων
3109 3199 3327 3253 κελεύει
3349 3196 3711 3259 διαταθέντας

2135 3301 2357 3362 αὐτοὺς,
2392 3298 2516 3352 καθ’
2546 3297 2671 3351 ὅλου
2705 3294 3079 3366 ραδδίζεσθαι.
3112 3294 3177 3348 Οἱ
3213 3293 3271 3345 δὲ
3299 3292 3392 3345 τὸν
3425 3292 3548 3346 νοῦν
3582 3291 3709 3344 ὅλον

2137 3393 2273 3465 πρὸς
2301 3391 2432 3445 Θεὸν
2466 3387 2868 3454 ἀνατείναντες,
2914 3386 3059 3440 οὕτω
3091 3385 3354 3438 διέκειντο
3387 3382 3711 3453 ραὅδιζόμε·

2135 3504 2239 3548 νοι,
2270 3483 2461 3553 ὥσπερ
2497 3482 2673 3537 ἄλλων
2713 3480 3037 3551 πασχόντων
3076 3479 3230 3531 αὐτοὶ
3259 3477 3449 3530 θεαταὶ
3484 3477 3709 3544 γινόμε-

2124 3590 2239 3626 ινοι.
2274 3574 2372 3624 Διὰ
2406 3569 2580 3623 ταῦτα
2607 3571 2717 3623 τῶν
2753 3570 2851 3639 μὲν
2883 3569 3107 3638 πληγῶν
3160 3568 3423 3639 ἠμέλουν,
3472 3565 3617 3636 ᾠδὴν
3651 3565 3709 3618 δὲ

2134 3664 2341 3717 οἰκείαν
2371 3663 2509 3732 πρὸς
2560 3660 2695 3713 Θεὸν
2723 3659 2971 3729 ἔψαλλονο
3008 3656 3184 3725 Εἶδες,
3227 3658 3424 3730 Κύριε,
3454 3657 3709 3726 λέγοντες

2136 3755 2227 3806 καὶ
2286 3753 2359 3821 μὴ
2401 3751 2862 3821 παρασιωπήσης,
2905 3750 3115 3821 Κύριε,
3183 3751 3258 3820 μὴ
3316 3751 3559 3820 ἀποστῇς
3614 3749 3707 3819 ἀφ’

2135 3846 2312 3914 ὴμῶν.
2368 3840 2500 3896 Εἶτα
2553 3841 2679 3905 τοὺς
2713 3842 3027 3904 αἰκίζοντας
3074 3841 3308 3910 δημίους
3354 3843 3707 3913 κεκμηκότας

2135 3937 2233 4006 ἤδη
2269 3938 2335 4006 τῇ
2368 3933 2676 4002 παρατάσει
2737 3931 2844 3985 τῶν
2886 3933 3183 4000 αἰκισμῶν,
3236 3934 3481 4003 ἀκμῆτες
3527 3933 3707 4003 ἕτεροι

2135 4029 2495 4098 διαδέχονται.
2537 4029 2625 4090 Ὡς
2653 4025 2708 4080 δὲ
2742 4026 2841 4097 τὴν
2866 4027 3007 4095 ὑπὲρ
3035 4027 3323 4096 ἄνθρωπον
3348 4027 3553 4098 ταύτην
3595 4028 3707 4080 τῶν

2136 4120 2387 4192 ἀθλητῶν
2423 4118 2719 4190 καρτερίαν
2795 4108 3117 4188 ότύραννος
3157 4117 3367 4182 ἐθεᾶτο,
3397 4119 3491 4172 καὶ
3520 4119 3707 4189 ὥσπερ

2135 4231 2189 4267 τι
2235 4214 2345 4266 τῶν
2386 4212 2609 4282 ἀψύχων
2657 4212 2976 4281 ἀναλγήτως
3010 4211 3106 4273 τὰς
3160 4211 3378 4282 πληγὰς
3421 4212 3705 4281 φέροντας,

2139 4304 2382 4374 θάμϐους
2431 4304 2625 4356 πολλοῦ
2674 4303 2773 4375 τὴν
2818 4305 3018 4375 ψυχὴν,
3073 4306 3166 4357 καὶ
3223 4306 3341 4373 ἅμα
3392 4306 3706 4375 σκοτοδίνης

466 4386 759 4441 maximam
786 4384 1051 4439 adductus
1077 4385 1492 4440 admirationem
1522 4396 1578 4440 et
1609 4400 1892 4458 correptus
1911 4410 2032 4447 ver-

2140 4372 2527 4466 ὐποπλησθεὶς,
2567 4372 2759 4459 ὕπτιος
3010 4372 3403 4466 καταφέρεται,
3435 4396 3511 4460 ὡς
3569 4372 3703 4449 ὐπο-

467 4476 655 4547 tigine,
682 4476 867 4530 statim
902 4475 1048 4528 cadit
1089 4474 1342 4544 supinus,
1376 4475 1515 4531 adeo
1548 4485 1626 4542 ut,
1656 4479 1750 4548 qui
1781 4479 2031 4548 aderant,

466 4573 724 4637 putarent
752 4580 876 4619 eum
899 4578 1022 4619 esse
1048 4574 1344 4620 mortuum.
1384 4564 1588 4622 Deinde
1616 4583 1741 4622 cum
1770 4570 1835 4623 ad
1871 4585 1930 4625 se
1950 4586 2036 4625 re-

470 4656 684 4721 diisset,
710 4655 834 4709 licet
861 4669 973 4709 non
1014 4655 1083 4710 ad
1111 4655 1187 4721 id,
1216 4656 1361 4725 quod
1410 4658 1718 4727 oportebat,
1754 4669 1809 4714 et
1843 4662 2036 4716 verita-

470 4759 601 4815 tem,
634 4761 758 4802 cum
792 4761 858 4800 ex
886 4746 1239 4810 athletarum,
1270 4762 1389 4816 qua:
1416 4752 1709 4819 superabat
1736 4750 2035 4818 hominem,

470 4839 753 4894 tolerantia
784 4847 1061 4907 oporteret
1092 4852 1218 4893 eum
1269 4839 1463 4894 deduci
1510 4840 1578 4895 ad
1620 4842 1900 4911 pietatem,
1941 4834 2035 4914 ap-

467 4931 646 5001 paruit
684 4930 775 4983 ille
806 4930 974 4998 magis
1002 4929 1071 4984 ab
1103 4932 1182 4983 ira
1216 4942 1527 5001 superatus,
1558 4942 1613 4987 et
1645 4934 1800 5003 jubet
1830 4946 2030 5007 marty-

464 5037 557 5077 res
588 5020 807 5075 funibus
860 5020 1079 5074 extendi
1127 5020 1183 5073 in
1231 5037 1380 5087 aere,
1419 5031 1474 5077 et
1521 5023 1702 5095 ignem
1741 5027 1928 5081 subter
1954 5029 2034 5081 eis

465 5113 712 5176 accendi,
739 5121 794 5166 ut
818 5111 1019 5180 duplici
1057 5119 1328 5167 tormento
1362 5129 1547 5168 eorum
1581 5117 1774 5171 animm
1802 5117 2034 5175 celerius

465 5214 839 5277 erumperent.
900 5204 978 5259 Illi
1018 5214 1197 5259 autem
1234 5206 1425 5275 quovis
1456 5207 1602 5263 ferro
1629 5217 1685 5264 et
1713 5211 1906 5280 quovis
1936 5212 2030 5266 ad-

466 5308 681 5351 amante
717 5297 988 5361 fortiores,
1021 5305 1273 5366 tanquam
1304 5299 1370 5353 ad
1401 5309 1728 5356 tormentum
1759 5307 2029 5359 recentius

462 5388 628 5441 etiam
659 5389 1016 5444 recentiorem
1069 5398 1410 5445 ostentantes
1442 5393 1803 5459 tolerantiam,
1835 5405 1890 5449 et
1917 5410 2027 5450 non

461 5480 516 5531 in
558 5479 772 5532 vivente
826 5495 1053 5548 corpore
1098 5490 1152 5537 et
1200 5482 1443 5538 dolorem
1491 5487 1787 5551 sentiente,
1823 5487 1917 5541 sed
1974 5486 2025 5541 in

532 5654 549 5686 ⁸
588 5651 725 5707 Psal.
753 5668 932 5717 xxxiv,
954 5654 1044 5708 2'2.

2134 4489 2320 4542 λαϐεῖν
2348 4487 2509 4541 αὐτὸν
2539 4489 2665 4550 τοὺς
2693 4486 2970 4558 παρόντας
3019 4486 3332 4540 ἀποθανεῖν.
3362 4483 3475 4539 Εἶτ’
3504 4487 3706 4553 ἀνανή-

2135 4581 2243 4652 ψας
2299 4579 2461 4633 πάλιν
2510 4581 2605 4631 καὶ
2649 4578 2842 4632 ἑαυτοῦ
2896 4580 3208 4649 γενόμενος,
3259 4579 3307 4631 εί
3345 4581 3439 4633 καὶ
3490 4578 3565 4649 μὴ
3610 4579 3705 4631 τοῦ

2137 4673 2507 4742 προσήκοντος
2554 4672 2650 4723 καὶ
2703 4671 2800 4740 τῆς
2849 4669 3129 4740 ἀληθείας,
3177 4670 3296 4724 δέον
3325 4672 3391 4724 ἐκ
3434 4670 3537 4740 τῆς
3565 4669 3705 4737 ὑπὲρ

2138 4764 2425 4832 ἄνθρωπον
2479 4762 2588 4815 τῶν
2649 4760 2901 4831 ἀθλητῶν
2990 4762 3290 4833 καρτερίας
3373 4762 3703 4832 όδηγηθῆναι

2137 4856 2338 4925 μᾶλλον
2385 4854 2520 4924 πρὸς
2550 4852 2648 4923 τὴν
2695 4853 2999 4906 εὐσέὸειαν.
3041 4853 3100 4906 '0
3127 4853 3183 4906 δὲ
3214 4854 3309 4908 καὶ
3337 4854 3499 4907 πλέον
3527 4855 3701 4924 ἐφάνη

2132 4944 2211 5014 τῷ
2263 4944 2420 5012 θυμῷ
2468 4944 2768 5012 νικώμενος
2798 4942 2892 4995 καὶ
2926 4943 3140 4996 κελεύει
3182 4945 3438 5013 σχοινίοις
3483 4947 3564 5007 είς
3612 4944 3702 4997 τὸν

2136 5034 2276 5100 ἀέρα
2322 5032 2641 5102 διαταθῆναι
2677 5033 2803 5095 τοὺς
2838 5034 3146 5105 μάρτυρας,
3194 5036 3306 5105 πῦρ
3353 5053 3411 5088 τε
3459 5035 3705 5089 κάτωθεν

2137 5127 2321 5188 αὐτοῖς
2352 5126 2712 5179 ύποκαίεσθαι
2741 5139 2754 5155 ·
2791 5123 2865 5188 ὡς
2897 5126 2961 5178 ἂν
2987 5126 3063 5195 τῷ
3099 5126 3261 5196 διττῷ
3292 5127 3391 5198 τῆς
3439 5127 3701 5195 βασάνου,

2135 5218 2322 5288 τάχιον
2369 5217 2722 5289 ἀπορῤἡξωσι
2773 5217 2872 5281 τὰς
2915 5218 3111 5288 ψυχάς.
3147 5220 3209 5271 Οί
3254 5220 3311 5272 δὲ
3358 5220 3450 5272 καὶ
3485 5217 3735 5288 σιδήρου

2137 5307 2336 5369 παντὸς
2393 5308 2487 5359 καὶ
2542 5305 2851 5374 ἀδάμαντος
2910 5307 3269 5377 ἰσχυρότεροι,
3324 5305 3515 5376 ὥσπερ
3568 5306 3701 5372 πρός

2137 5398 2461 5467 καινοτέραν
2510 5395 2763 5465 βάσανον,
2798 5397 3114 5465 καινοτέραν
3143 5396 3579 5468 ὲπ;δεικνύμενοι
3608 5400 3703 5451 καὶ

2134 5493 2235 5560 τὴν
2264 5488 2578 5560 καρτερίαν,
2606 5488 2702 5542 καὶ
2730 5486 2828 5539 οὐκ
2854 5488 2911 5540 ὲν
2941 5486 3151 5558 σώματι
3191 5488 3352 5554 ζῶντι
3387 5489 3479 5545 καὶ
3510 5490 3701 5555 ὀδύνης
