4060 6374
315 309 384 372 13
1173 297 1649 359 MARTYRIUM
1691 296 1752 353 S.
1796 289 2155 353 ACINDYNI
2194 290 2291 349 ET
2329 288 2747 350 SOCIORUM.
3500 290 3568 353 14

311 415 724 488 αίσθανομένῳ’
762 416 878 469 ἀλλ’
910 414 966 466 ἕν
996 432 1102 468 τινι
1134 414 1239 467 τῶν
1274 413 1501 482 ἀψύχων
1538 413 1637 480 τὴν
1674 408 1896 461 κόλασιν

2014 404 2234 473 ιιιοὼιιιι
2291 405 2534 458 inanimo
2586 405 2915 474 supplicmm
2982 406 3337 469 sustinentes.
3389 409 3567 478 ipsum

309 512 703 582 ὑπομένοντες,
729 561 732 564 ,
762 507 931 576 αὐτῆς
987 507 1085 576 μὲν
1136 505 1399 575 ὴμέλουν,
1463 502 1601 571 πρὸς
1634 499 1798 570 εὐχὴν
1831 499 1886 551 δὲ

308 604 405 658 καὶ
454 601 715 670 γλῶσσαν
765 599 995 665 ἔτρεπον
1047 597 1143 649 καὶ
1198 596 1469 649 διάνοιανο
1526 595 1581 646 ’0
1614 590 1892 660 φωτισμὸς

307 697 488 768 ἡμῶν,
521 694 799 761 λέγοντες,
842 691 1045 758 Χριστὲ
1075 687 1103 739 ὁ
1136 687 1270 751 Θεὸς
1304 686 1503 757 ἡμῶν]·
1534 686 1562 737 ὁ
1594 684 1781 763 ὕϐρεις
1825 679 1892 734 δι’

309 790 462 857 ημᾶς
500 783 763 852 ἐνεγκὼν,
797 784 858 835 ὲν
893 781 1035 851 ξύλῳ
1066 797 1122 833 τε
1148 777 1458 842 τανυσθεὶς,
1494 777 1588 830 καὶ
1620 776 1759 845 ὑπὲρ
1785 774 1894 828 τῶν

311 876 686 949 ἀναιρούντων
722 891 782 926 σε
819 868 1287 943 προσευξάμενος,
1331 863 1724 938 μακρυθυμίας
1763 864 1896 933 ἡμῖν

312 971 411 1023 καὶ
454 967 656 1037 ἀνοχῆς
702 966 863 1035 ὅρους
912 960 1209 1026 ὑποτιθεὶς,
1262 958 1414 1012 ἔπιδε
1465 958 1559 1009 ἐπὶ
1598 955 1695 1024 τὴν
1734 953 1896 1025 ἡμῶν

313 1057 645 1113 ταπείνωσίν
688 1071 749 1106 τε
790 1055 887 1106 καὶ
923 1053 1188 1115 κάκωσιν,
1242 1049 1339 1103 καὶ
1389 1045 1572 1112 ἐξελοῦ
1604 1048 1755 1115 ἡμᾶς
1786 1043 1897 1097 τῶν

314 1149 570 1204 ἐπινοιῶν
600 1149 697 1215 τῆς
758 1145 1092 1213 κακοτέχνου
1123 1142 1327 1210 ταύτης
1357 1141 1454 1193 τοῦ
1489 1138 1751 1210 τυράννου
1792 1137 1893 1205 ψυ-

313 1242 437 1312 χῆς.
470 1238 778 1293 Γνώτωσαν
801 1237 1022 1299 πάντες,
1051 1236 1132 1287 ὅτι
1166 1249 1226 1284 σε
1255 1232 1452 1302 ἔχομεν
1484 1229 1618 1281 Θεὸν
1649 1229 1706 1280 ἐν
1733 1228 1791 1279 ού
1804 1242 1899 1296 ρα-

312 1334 425 1395 vei;
458 1331 639 1384 πάντα
668 1327 992 1396 δυνάμενον,
1024 1324 1118 1378 καὶ
1148 1324 1236 1376 τὸν
1264 1320 1503 1392 ἀναρχόν
1535 1337 1628 1372 σου
1661 1317 1894 1387 πατέρα,

312 1427 411 1478 καὶ
456 1423 520 1475 τὺ
564 1419 940 1492 προσκυνητδν
973 1417 1066 1470 καὶ
1114 1414 1385 1482 πανάγιον
1420 1411 1648 1479 Πνεῦμά
1677 1425 1768 1461 σου
1814 1409 1894 1469 εἰς

312 1518 441 1578 τοὺς
476 1514 702 1575 αἰῶνας.
751 1510 946 1580 Ἀμήν,

388 1607 465 1660 Δ’.
493 1605 682 1658 Ταῦτα
712 1603 892 1664 αὐτοῖς
922 1600 1267 1669 εὐξαμένοις,
1298 1599 1326 1649 ὁ
1357 1596 1565 1662 Κύριος
1591 1596 1646 1647 ἐν
1676 1591 1751 1662 τῷ
1778 1589 1897 1644 καθ’

314 1702 467 1772 ἡμᾶς
500 1698 633 1751 εἴδει
663 1695 966 1763 ἐπιφανεὶς,
991 1690 1111 1744 λύει
1148 1690 1247 1759 μὲν
1281 1688 1347 1741 τά
1381 1685 1588 1756 δεσμά·
1613 1685 1677 1737 τὸ
1703 1684 1758 1737 δε
1786 1682 1897 1752 πῦρ

1998 495 2215 564 quidem
2273 495 2618 566 negligebant
2658 497 2771 551 :ad
2820 512 3007 567 preces
3053 514 3179 554 vero
3232 501 3470 571 linguam
3515 514 3570 556 ct

2000 595 2235 641 mentem
2277 588 2685 650 convertebant,
2726 587 3014 642 dicentes:
3052 587 3153 655 Qui
3191 606 3251 645 es
3298 591 3569 645 illumina—

1998 680 2074 735 tio
2107 689 2313 745 nostra,
2363 678 2582 733 Christe
2635 682 2775 733 Deus
2811 692 3017 743 noster,
3049 682 3142 750 qui
3190 692 3415 753 prepter
3463 700 3568 739 nos

2002 785 2193 841 passus
2231 785 2291 824 es
2337 770 2590 839 injurias,
2632 778 2688 824 et
2726 770 2779 822 in
2829 771 2976 839 ligno
3022 772 3167 826 luisti
3205 783 3484 836 extensus,
3518 787 3572 830 et

2002 870 2256 932 precatus
2278 876 2337 915 es
2363 876 2463 930 pro
2493 861 2578 925 iis,
2612 861 2702 930 qui
2751 870 2803 915 te
2858 862 3262 928 iuterimebant,
3298 866 3574 933 patientia:

2004 965 2059 1009 ct
2114 954 2414 1009 tolerantiae
2443 954 2660 1009 decreta
2711 953 2873 1009 nobis
2924 969 3258 1025 proponens,
3296 958 3479 1026 aspice
3507 961 3574 1015 ad

2005 1045 2372 1101 humilitatem
2404 1058 2642 1101 neStram
2701 1054 2759 1099 et
2788 1045 3156 1114 amictioncm,
3190 1057 3244 1103 et
3274 1049 3443 1105 libera
3476 1066 3576 1105 nos

2005 1137 2507 1194 machinationibus
2567 1140 2815 1194 scelerati
2872 1141 3038 1194 animi
3110 1140 3274 1211 hujus
3339 1145 3575 1214 tyranni.

2007 1229 2194 1284 Sciant
2209 1245 2398 1284 omnes
2422 1245 2519 1283 nos
2536 1241 2587 1283 te
2613 1230 2811 1285 habere
2832 1230 2996 1285 Deum
3022 1232 3075 1285 in
3099 1234 3269 1298 ctrlis,
3289 1237 3380 1302 qui
3405 1244 3580 1304 potest

2005 1322 2211 1382 omnia.
2256 1332 2310 1376 et
2348 1322 2440 1391 qui
2475 1332 2558 1377 est
2590 1323 2709 1376 sine
2735 1323 3024 1392 principio,
3058 1332 3210 1378 tuum
3254 1324 3495 1391 Patrem,
3523 1338 3578 1382 et

2005 1414 2346 1468 adorandum
2381 1423 2531 1468 tuum
2558 1422 2614 1468 et
2643 1415 3050 1470 sanctissimum
3092 1415 3357 1486 Spiritum
3391 1417 3449 1471 in
3477 1433 3580 1472 sae-

2005 1505 2148 1559 cula.
2183 1507 2381 1559 Amen.

2077 1599 2165 1659 ιγ.
2200 1599 2332 1652 Cum
2364 1598 2444 1654 sic
2474 1608 2659 1655 essent
2701 1603 2927 1670 precati,
2959 1601 3012 1654 in
3046 1610 3234 1656 nostra
3266 1602 3440 1659 forma
3478 1618 3577 1674 ap-

2008 1706 2205 1762 parens
2232 1692 2516 1758 Dominus,
2552 1691 2711 1748 solvit
2742 1692 2963 1763 quidem
2992 1692 3206 1749 vincula
3232 1713 3245 1749 ;
3273 1695 3454 1765 ignem
3486 1712 3581 1751 au-

309 1768 580 1859 δροσὶξει,
608 1786 797 1855 ὥσπερ
832 1783 963 1836 ποτὲ
1029 1783 1141 1843 τοῖς
1177 1781 1233 1832 ὲν
1274 1777 1539 1847 Ἀσσυρίᾳ
1569 1773 1730 1827 παισί
1759 1789 1774 1804 ο
1806 1772 1899 1825 καὶ

2014 1792 2116 1839 tem
2142 1784 2362 1847 irrorat,
2387 1784 2663 1855 quomodo
2689 1784 2874 1855 pueris
2900 1785 3026 1839 olim
3060 1786 3116 1840 in
3147 1786 3367 1858 Assyria
3387 1804 3403 1854 ;
3420 1799 3476 1844 et
3500 1790 3581 1846 sic

323 1882 497 1943 οὓτως
525 1880 573 1931 οἱ
599 1879 747 1945 ἅγιοι
775 1875 1005 1937 ἀπαθεῖς
1039 1874 1134 1927 καὶ
1165 1870 1316 1935 σῶοι,
1346 1870 1469 1923 κατ’
1492 1868 1615 1938 ὄψιν
1642 1866 1721 1937 τῷ
1748 1865 1901 1937 βασι-

320 1974 410 2026 λεῖ
452 1969 825 2039 παρέστησαν.
872 1966 931 2019 ’0
969 1965 1026 2017 δὲ
1062 1963 1239 2033 παχὺς
1282 1960 1359 2014 ὢν
1384 1960 1577 2031 κομιδῆ
1607 1958 1705 2012 καὶ
1732 1955 1902 2011 ἀσύν·

323 2080 469 2129 ετος,
526 2059 649 2114 οὔτε
676 2059 754 2130 τῷ
785 2056 1065 2128 παραδόξῳ
1091 2053 1462 2121 καταπλαγεὶς
1490 2048 1583 2104 τοῦ
1608 2049 1900 2120 Οεάματος,

318 2155 451 2208 οὔτε
476 2153 583 2205 τῶν
617 2148 910 2221 μαρτύρων
936 2147 1036 2218 τὴν
1066 2146 1280 2216 ἄμαχον
1313 2142 1615 2214 καρτερίαν
1645 2141 1904 2209 δυσωπη-

323 2246 440 2309 θείς
467 2259 480 2274 °
513 2245 578 2297 Τί
612 2245 764 2312 ὑμῖν,
802 2241 928 2311 ἔφη,
955 2240 1123 2301 δοκεῖ,
1153 2235 1288 2306 πρὸς
1324 2234 1496 2303 ὄνομα
1547 2230 1771 2292 τούτους
1802 2244 1903 2281 κα-

325 2339 488 2399 ὶέσας
520 2352 535 2400 ;
566 2330 655 2404 ἆρ’
686 2334 913 2386 ἔπεισαν
939 2330 1083 2400 ὑμᾶς
1118 2328 1174 2380 αί
1212 2324 1409 2395 μικραὶ
1449 2317 1610 2377 αὗται
1652 2319 1904 2390 βάσανοι,

326 2425 632 2498 α’ποστῆναι
676 2427 777 2495 μὲν
802 2427 899 2494 τῆς
924 2419 1279 2489 πανωλέθρου
1315 2416 1525 2485 πλάνης
1555 2413 1731 2482 ὑμῶν,
1765 2407 1904 2476 εἶξαι

322 2525 383 2575 δὲ
438 2523 551 2583 τοῖς
602 2519 891 2590 ἡμετέροις
951 2512 1359 2584 θεσπίσμασινς
1394 2509 1464 2560 Ἢ
1514 2508 1594 2562 ἔτι
1643 2505 1903 2576 ἐμμένειν

328 2614 588 2667 εούλεσθε
610 2615 677 2683 τῇ
708 2611 915 2680 άπξάτῃ,
945 2610 1067 2671 ταῖς
1097 2606 1253 2677 ὑμῶν
1284 2602 1563 2673 γοητείαις
1585 2598 1907 2670 ἐπιθαρρεῖν

326 2709 548 2776 ἔχοντες
577 2722 594 2771 ;
631 2704 692 2757 ⁸0
741 2702 1010 2773 μακάριος
1044 2697 1354 2759 Ἀκίνδυνος
1388 2693 1744 2764 ἀπεκρίνατο,
1774 2690 1908 2759 Γοη-

326 2799 487 2859 τείας
543 2796 640 2867 μὲν
688 2792 808 2847 οῦτε
872 2794 1053 2861 ίσμεν,
1119 2788 1240 2843 οὔτε
1293 2786 1424 2841 ποτὲ
1478 2783 1903 2855 μεμαθήκαμεν,

336 2888 473 2942 οὔτε
512 2888 858 2956 φενακισμοῖς
890 2882 1152 2944 τοιούτοις
1182 2882 1344 2950 ἡμεῖς
1373 2875 1747 2951 ἐχρησάμεθα.
1767 2869 1905 2923 Ἀλλ’

326 2984 456 3034 ἐπεὶ
487 2979 587 3051 τὴν
628 2976 1040 3049 ἀνυπέρϐλητον
1077 2972 1172 3026 τοῦ
1213 2970 1347 3025 Θεοῦ
1379 2971 1633 3038 δύναμιν,
1682 2967 1778 3018 καὶ
1806 2962 1907 3025 τάς

329 3071 475 3141 ὑπὲρ
508 3070 670 3137 φύσιν
705 3065 1056 3137 ὓεοσημείας,
1109 3063 1367 3133 γοητείαν
1401 3055 1542 3113 εἶναι
1583 3054 1907 3126 ὑπολαμϐά-

332 3178 469 3224 νεις,
500 3159 776 3229 φαντασίᾳ
807 3174 890 3222 τε,
921 3158 1016 3209 καὶ
1064 3156 1164 3209 οὐκ
1193 3152 1422 3225 ἀληοεία
1453 3151 1555 3205 ταῦ
1570 3168 1627 3202 ια
1658 3148 1905 3210 ὑπονοεῖς
1933 3126 1981 3189 c

333 3252 607 3320 γίνεσθαι,
646 3250 845 3313 ἄλαλος
879 3247 941 3301 τὸ
988 3246 1174 3299 λοιπὸν
1210 3244 1332 3316 ἔσῃ,
1377 3244 1468 3296 καὶ
1503 3241 1601 3312 τὴν
1658 3239 1907 3307 γλῶτταν

333 3343 735 3413 πεπεδημένος,
772 3341 840 3395 ἶν’
865 3340 1075 3393 οἴκοθεν
1097 3339 1158 3392 τὸ
1192 3338 1491 3408 μαρτύριον
1524 3334 1654 3404 ἔχῃς
1682 3336 1783 3401 τῆς
1812 3330 1907 3384 τοῦ

333 3434 474 3490 Θεοῦ
507 3434 817 3505 δυνάμεως.
845 3433 1017 3503 Εἴπερ
1050 3430 1143 3484 οὖν
1181 3428 1363 3497 λέγειν
1392 3425 1676 3494 δεδύνησαι
1706 3465 1721 3492 ,
1764 3423 1906 3489 εἰπὲ,

334 3530 510 3592 ποίοις
530 3529 682 3599 ἡμᾶς
711 3525 956 3588 κελεύεις
983 3523 1145 3578 Θῦσαι
1170 3523 1351 3587 θεοῖςς
1390 3522 1499 3574 Καὶ
1526 3519 1626 3572 οὐκ
1658 3513 1727 3590 ἦν
1759 3514 1910 3588 φωνὴ

338 3622 433 3675 καὶ
464 3621 564 3673 οὐκ
595 3615 664 3691 ἦν
693 3617 978 3689 ἀκρόασις
1010 3613 1126 3668 ἀλλ’
1159 3612 1356 3681 ἐπίσης
1389 3612 1503 3673 τοῖς
1543 3607 1711 3663 αὑτοῦ
1744 3608 1909 3669 θεοῖς,

335 3718 554 3784 ἄερωνος
589 3711 833 3777 διετέλει,
868 3708 1095 3778 νεύματι
1146 3706 1294 3775 μόνῳ
1345 3703 1406 3756 τὸ
1448 3703 1545 3773 τῆς
1586 3701 1763 3771 ψυχῆς
1794 3699 1914 3770 βού-

337 3808 491 3877 λημα
542 3801 929 3872 παραφαίνων.
977 3791 1053 3851 Ob
1099 3797 1198 3866 τὴν
1227 3795 1412 3850 ἄνοιαν
1455 3792 1505 3845 οἱ
1544 3790 1639 3844 τοῦ
1673 3787 1933 3858 Χριστοῦ

339 3894 658 3966 ἐλέγχοντές
711 3908 770 3944 τε
824 3890 917 3944 καὶ
954 3886 1393 3958 διαχλευάζοντες
1454 3882 1689 3951 ἔφασαν,
1748 3877 1913 3930 Ἀπο-

344 3988 629 4062 χωροῦμεν
653 4003 666 4015 ·
702 3985 865 4046 αὐτὸς
893 3982 949 4035 δὲ
974 3981 1125 4034 οὐδὲν
1147 3976 1256 4032 οὐδ’
1280 3976 1416 4039 ὅλως
1440 3973 1619 4045 λέγεις
1651 3972 1804 4040 ἡμῖν.

408 4060 489 4134 E’.
542 4072 1076 4149 Προσποεησαμένων
1102 4070 1157 4123 δὲ
1207 4068 1316 4147 τῶν
1350 4065 1521 4135 ἁγίων
1561 4064 1660 4134 τὴν
1704 4060 1916 4132 ἀναχώ-

340 4188 525 4242 ρησιν.
565 4173 779 4237 ἄφωνος
826 4161 894 4237 ἦν
945 4163 1144 4234 ὁμοίως
1185 4160 1214 4212 ὁ
1263 4156 1519 4229 βασιλεύς
1546 4172 1561 4187 ο
1621 4153 1768 4225 θαμὰ
1804 4156 1914 4215 τοῖς

343 4260 712 4333 περιεστῶσιν
735 4254 1077 4320 ὲνατενίζων,
1108 4251 1203 4305 καὶ
1235 4249 1584 4320 νεύμασιτὴν
1614 4246 1722 4301 τῶν
1748 4245 1915 4313 ἁγίων

346 4354 611 4424 σύλληψιν
666 4348 1133 4419 διακελευόμενος.
1196 4339 1331 4398 Εἶτα
1386 4342 1497 4395 τῶν
1546 4339 1834 4410 ὑπηρετῶν
1889 4336 1917 4388 ὃ

342 4448 597 4518 βούλεται
640 4445 878 4497 συνεῖναι
930 4440 1006 4512 μὴ
1035 4436 1369 4508 δυναμένων,
1408 4433 1688 4506 ἡμιμανὴς
1725 4430 1914 4501 ὥσπερ
1952 4472 1994 4526 D

345 4540 440 4594 ὑπ’
471 4537 710 4607 ἀπορίας
737 4535 831 4589 καὶ
871 4531 1042 4602 θυμοῦ
1085 4531 1392 4601 γενόμενος,
1436 4531 1535 4597 τὴν
1565 4525 1815 4597 χλαμύδα
1856 4540 1915 4575 τε

347 4628 713 4703 περιέρρηξε,
766 4625 862 4679 καὶ
920 4624 948 4677 ὃ
986 4621 1204 4691 λέγεται
1270 4619 1627 4693 βιϐλατώριον
1685 4620 1766 4680 είς
1820 4617 1922 4686 γῆν

350 4721 652 4793 ἀπέρριψε,
686 4718 779 4770 καὶ
811 4715 954 4768 οὕτω
998 4714 1126 4776 τοὺς
1158 4712 1435 4781 παρόντας
1481 4712 1561 4773 είς
1592 4705 1774 4763 οἶκτον
1805 4707 1924 4772 ἐξε-

350 4815 593 4868 καλεῖτο.
640 4811 704 4863 υἱ
749 4809 807 4860 δὲ
834 4806 927 4860 τοῦ
958 4803 1196 4877 Χριστοῦ
1247 4804 1601 4873 στρατιῶται,
1634 4800 1832 4863 αὐτούς
1863 4815 1922 4850 τε

348 4908 443 4958 καὶ
476 4902 571 4955 τὸν
595 4899 861 4969 τύραννον
876 4899 975 4967 τῆς
1007 4894 1191 4958 ἀνοίας
1208 4894 1706 4962 κατοικτισάμενοι,
1722 4894 1789 4946 ’Ὢ
1816 4909 1923 4962 uno

350 4996 577 5067 ρώσεως
608 4990 931 5063 ἀνθρώπων,
963 4989 1194 5059 ἔφησαν·
1223 4989 1304 5040 ὅτι
1326 4988 1541 5049 ἑκόντες
1568 4987 1697 5049 τοὺς
1725 4985 1927 5054 ὀφθαλ-

347 5089 490 5158 μοὺς
530 5083 928 5153 καταμύοντες,
982 5081 1043 5134 ού
1100 5078 1380 5149 βούλονται
1431 5080 1567 5150 πρὸς
1604 5078 1674 5131 τὸ.
1718 5078 1924 5147 φέγγος

342 5179 603 5234 ἀτενίσαι
647 5175 747 5246 τῆς
777 5173 1050 5245 ἀληθείας.
1094 5171 1261 5225 Ἀλλά
1297 5170 1583 5237 διάνοιξον,
1613 5170 1807 5241 Κύριε,
1860 5166 1926 5220 τὰ

337 5271 578 5341 ὄμματα
631 5269 732 5335 τῆς
785 5264 1013 5335 καρδίας
1067 5264 1268 5329 αὐτῶν,
1315 5262 1458 5316 ὥστε
1496 5264 1633 5332 φωτὶ
1674 5262 1775 5331 τῆς
1828 5260 1927 5329 σῆς

338 5362 611 5430 γνώσεως
663 5355 1162 5429 περιαυγασθῆναι,
1204 5357 1300 5409 καὶ
1351 5354 1682 5423 κατανοῆσαι
1735 5353 1804 5405 τὰ
1859 5350 1929 5404 σὰ

336 5452 683 5525 Βαυμάσια,
737 5450 835 5504 καὶ
886 5450 947 5501 τὸ
998 5446 1376 5519 προσκύνητόν
1413 5463 1508 5498 σου
1563 5444 1785 5512 δοξάσαι
1832 5442 1928 5497 καὶ

334 5548 626 5609 πανάγιον
648 5541 844 5611 δνομα.
864 5538 1053 5592 Ταῦτα
1080 5538 1137 5591 δὲ
1176 5536 1355 5590 αὐτῶν
1382 5533 1723 5606 εὐξαμένων,
1760 5549 1927 5603 στραο

334 5638 446 5698 τὸς
492 5636 679 5697 αὐτοῖς
706 5631 995 5701 ἀγγελικδς
1025 5628 1394 5698 ἐπιφαίνεται,
1427 5619 1502 5680 ὧν
1530 5626 1631 5695 τὴν
1677 5622 1927 5694 λαμπρό-

330 5745 501 5799 τητα
554 5727 605 5780 οἱ
653 5726 752 5789 τὰς
788 5723 955 5794 κόρας
1001 5723 1099 5793 τῆς
1154 5720 1329 5791 ψυχῆς
1367 5717 1818 5797 ἀμδλυῶτῖοντες
1854 5715 1928 5786 μὴ

2006 1878 2181 1931 sancti
2214 1876 2363 1931 illmsi
2395 1886 2452 1932 et
2489 1877 2625 1932 salvi
2673 1878 2921 1947 producti
2972 1888 3101 1934 sunt
3134 1880 3189 1934 in
3227 1889 3579 1951 conspectum

2006 1969 2171 2038 regis.
2207 1969 2299 2024 llle
2330 1978 2517 2023 autem
2546 1984 2672 2025 cum
2722 1977 2871 2025 esset
2898 1970 3057 2025 valde
3085 1986 3303 2027 crassus
3347 1982 3405 2028 et
3446 1974 3582 2029 insi-

2006 2062 2185 2130 piens,
2214 2077 2396 2132 neque
2442 2062 2746 2117 admirabili
2793 2064 3106 2133 spectaculo
3148 2065 3599 2134 obstupefactus,

2008 2164 2185 2220 neque
2238 2160 2533 2218 martyrum
2594 2151 2795 2207 invicta
2850 2161 3030 2207 motus
3084 2156 3577 2223 patientia:Quid.

2010 2241 2208 2311 inquit,
2243 2242 2399 2299 vobis
2445 2243 2746 2308 videretur,
2782 2258 2878 2298 eos
2907 2244 3190 2314 appellans
3232 2246 3580 2306 nominatim.
3660 2226 3683 2247 κ

2012 2348 2143 2386 num
2178 2332 2291 2388 hrce
2325 2334 2483 2387 vobis
2514 2349 2679 2402 parva
2712 2342 3103 2402 persuaserunt
3152 2343 3420 2391 tormenta
3459 2345 3518 2391 ut
3552 2354 3582 2392 a

2008 2423 2250 2492 pretioso
2284 2423 2506 2490 quidem
2539 2434 2737 2495 vestro
2786 2438 2975 2478 errore
3026 2424 3347 2494 discedatis,
3380 2428 3585 2483 nostris

2011 2527 2194 2573 autem
2227 2518 2419 2573 edictis
2454 2520 2706 2574 cedatis?
2739 2534 2809 2573 an
2837 2518 3017 2575 adhuc
3070 2520 3234 2576 vultis
3262 2536 3585 2591 permanere

2012 2611 2066 2663 in
2096 2626 2300 2673 errore,
2343 2611 2538 2665 vestris
2574 2610 2699 2665 freti
2729 2610 3058 2682 praestigiis?
3110 2611 3412 2682 Respondit
3454 2612 3585 2667 bea-

2014 2709 2100 2755 tus
2145 2700 2460 2771 Acindynus
2497 2713 2511 2753 :
2552 2698 2855 2770 Praestigias
2902 2700 3121 2769 quidem
3152 2716 3331 2770 neque
3358 2702 3584 2768 scimus,

2009 2803 2190 2857 neque
2238 2802 2480 2858 unquam
2549 2788 2865 2852 didicimus,
2927 2802 3109 2857 neque
3167 2805 3408 2860 unquam
3468 2792 3587 2847 tali-

2011 2883 2114 2936 bus
2183 2882 2268 2936 usi
2338 2896 2530 2936 sumus
2595 2881 2931 2951 imposturis.
3004 2881 3113 2937 Sed
3179 2884 3436 2951 quoniam
3495 2884 3586 2941 Dei

2011 2974 2156 3029 vires
2190 2973 2606 3043 insuperabiles.
2660 2981 2717 3026 et
2765 2988 2885 3042 qua:
2951 2982 3079 3028 sunt
3119 2988 3285 3044 supra
3336 2985 3585 3032 naturam

2013 3064 2164 3136 signa
2215 3064 2421 3128 divina,
2461 3072 2621 3134 putas
2656 3079 2777 3125 esse
2818 3064 3138 3136 praestigias,
3168 3065 3488 3138 visioneque
3533 3079 3589 3123 et

2014 3173 2125 3212 non
2156 3171 2348 3214 revera
2368 3157 2483 3212 haec
2506 3158 2622 3213 ﬁeri
2651 3157 2965 3227 suspicaris,
2982 3158 3091 3213 eris
3123 3157 3382 3229 deinceps
3405 3167 3589 3216 mutus

2013 3258 2068 3303 et
2097 3248 2279 3320 lingua
2312 3248 2628 3319 impeditus,
2662 3256 2722 3302 ut
2754 3264 2823 3302 ex
2854 3248 3030 3318 teipse
3056 3248 3427 3304 testimonium
3448 3248 3591 3305 feras

2014 3341 2109 3396 Dei
2148 3340 2389 3396 virtutis.
2423 3339 2480 3394 Si
2535 3348 2693 3410 potes
2720 3354 2851 3409 ergo
2876 3340 3085 3403 dicere,
3119 3341 3228 3405 die,
3260 3340 3588 3410 quibusnam

2013 3430 2117 3488 diis
2164 3446 2262 3487 nos
2312 3431 2470 3500 jubes
2527 3430 2875 3485 sacriﬁcare?
2908 3431 3029 3486 Non
3076 3441 3194 3486 erat
3234 3441 3419 3487 autem
3466 3448 3587 3496 vox,

2015 3537 2188 3597 neque
2220 3526 2448 3589 auditio,
2484 3526 2580 3581 sed
2607 3532 2726 3579 erat
2755 3532 2958 3591 mutus,
2987 3538 3097 3579 non
3127 3539 3288 3580 secus
3325 3533 3488 3595 atque
3514 3524 3589 3579 dii

2014 3622 2153 3690 eius,
2185 3620 2304 3675 solo
2334 3628 2470 3673 nutu
2524 3617 2778 3673 indicans
2810 3617 2981 3671 animi
3022 3617 3387 3673 voluntatem.
3419 3617 3592 3686 Cuius

2015 3711 2311 3766 amentiam
2339 3708 2544 3766 Christi
2576 3709 2719 3766 servi
2750 3706 3049 3779 arguentes
3079 3718 3134 3765 et
3162 3709 3475 3775 irridentes,
3503 3709 3591 3765 di—

2016 3804 2215 3856 cebant
2242 3818 2255 3855 :
2286 3798 2635 3867 Recedimus,
2692 3811 2747 3856 tu
2777 3809 2958 3856 autem
2989 3800 3123 3856 nihil
3155 3802 3313 3857 nobis
3360 3801 3586 3858 omnino

2014 3893 2170 3948 dicis.

2084 4046 2149 4103 V.
2185 4047 2319 4102 Cum
2352 4057 2534 4104 autem
2565 4046 2852 4101 ﬁnxissent
2877 4047 3053 4101 sancti
3083 4062 3142 4101 se
3175 4047 3452 4113 recedere,
3474 4059 3591 4103 erat

2020 4153 2113 4191 rex
2150 4148 2336 4192 mutus
2362 4137 2632 4198 similiter.
2666 4138 2861 4191 crebro
2894 4135 3135 4208 deﬁgens
3164 4138 3352 4193 oculos
3381 4139 3436 4193 in
3472 4154 3589 4206 eos,

2020 4230 2111 4300 qui
2135 4226 2632 4293 circumsistebant,
2668 4236 2722 4281 et
2753 4236 2888 4282 nutu
2916 4228 3140 4298 jubens,
3172 4238 3231 4285 ut
3256 4240 3594 4286 sanettcom-
3680 4262 3689 4269 ~

2022 4319 2517 4392 prehenderentur.
2544 4320 2749 4374 Deinde
2772 4335 2896 4374 cum
2926 4320 3159 4376 ministri
3179 4322 3325 4392 quod
3353 4323 3591 4385 volebat.

2021 4428 2130 4468 non
2161 4421 2386 4483 possent
2406 4411 2727 4483 intelligere,
2769 4427 2880 4483 prae
2908 4413 2984 4466 ira
3008 4421 3063 4467 et
3096 4413 3431 4471 dubitatione
3461 4416 3597 4472 eiic-

2021 4515 2142 4559 ctus
2187 4505 2577 4569 semiinsanus,
2628 4504 2776 4574 rupit
2822 4503 3184 4576 chlamydem,
3242 4514 3299 4562 et
3352 4507 3405 4563 id
3451 4509 3593 4577 quod

2020 4598 2386 4654 ﬁbulatorium
2431 4597 2655 4661 dicitur,
2686 4599 2838 4653 humi
2884 4600 3119 4669 disjecit,
3155 4609 3209 4656 et
3252 4601 3331 4658 sic
3359 4617 3476 4668 eos,
3504 4602 3595 4672 qui

2018 4693 2267 4758 aderant,
2327 4692 2555 4747 vocabat
2584 4692 2652 4747 ad
2699 4693 3147 4750 misericordiam.
3183 4694 3386 4752 Christi
3417 4704 3598 4751 autem

2020 4785 2225 4840 milites
2288 4792 2344 4839 et
2416 4784 2563 4852 ipsos
2609 4794 2665 4839 et
2719 4792 3009 4855 tyrannum
3083 4786 3329 4842 miserati
3377 4796 3600 4858 propter

2024 4876 2343 4940 amentiam,
2372 4874 2415 4928 0
2442 4874 2725 4929 hominum
2772 4876 3102 4931 caecitatem!
3153 4878 3426 4947 dixerunt,
3453 4880 3600 4950 quod

2028 4980 2126 5019 sua
2155 4974 2349 5035 sponte
2378 4963 2698 5019 claudentes
2720 4965 2933 5035 oculos,
2966 4966 3167 5022 intueri
3199 4970 3391 5025 nolunt
3421 4970 3599 5025 lucem

2029 5058 2294 5115 veritatis.
2332 5056 2439 5113 Sed
2472 5058 2642 5128 aperi,
2677 5058 2925 5124 Domine,
2953 5058 3143 5114 oculos
3177 5059 3358 5115 cordis
3388 5075 3597 5124 eorum,

2029 5162 2090 5207 ut
2119 5152 2497 5207 illuminentur
2527 5152 2649 5207 luce
2687 5151 2779 5206 Dei
2814 5151 3168 5222 cOgnitionis,
3204 5158 3261 5204 et
3300 5160 3392 5205 tua
3420 5152 3601 5206 consi-

2031 5248 2224 5303 derent.
2269 5245 2552 5311 miracula,
2599 5252 2655 5299 et
2688 5244 3027 5300 adorandum
3060 5253 3114 5298 et
3147 5249 3396 5297 sanctum
3446 5250 3600 5299 tuum

2026 5358 2230 5399 nomen
2260 5343 2589 5414 signiﬁcent.
2619 5340 2755 5397 Cum
2800 5340 2916 5396 haec
2938 5349 3121 5395 autem
3151 5348 3340 5394 essent
3368 5339 3597 5410 precati,

2028 5440 2107 5495 eis
2130 5446 2357 5509 apparet
2385 5436 2659 5491 exercitus
2695 5433 3036 5505 angelorum,
3066 5446 3299 5502 quorum
3352 5432 3605 5505 splendo-

2028 5543 2142 5582 rem
2176 5525 2320 5581 ferre
2348 5539 2458 5579 non
2500 5522 2765 5587 valentes,
2796 5520 2887 5591 qui
2944 5520 3119 5577 oculis
3171 5521 3366 5579 animae
3402 5524 3603 5594 caliga.

2035 5620 2188 5685 bant,
2220 5616 2369 5673 humi
2401 5615 2738 5670 ceciderunt.
2783 5612 2967 5670 Sancti
3000 5629 3131 5672 vero
3155 5630 3281 5671 eum
3332 5616 3427 5670 Dei
3470 5631 3605 5671 con-

2038 5719 2255 5769 suetum
2316 5708 2617 5767 sensissent
2669 5706 2955 5779 auxilium,
3004 5709 3055 5767 ei
3112 5708 3431 5768 obtulerunt
3485 5722 3601 5778 gra-
