4060 6374
358 281 425 343 17
1208 277 1677 340 MARTYRIUM
1720 278 1782 338 S.
1828 277 2177 340 AClNDlNl
2225 282 2319 341 ΕΤ
2356 282 2771 343 SOCIORUM.
3542 286 3606 349 IS

355 395 521 446 πόθον
554 393 651 457 τὰς
686 393 865 465 ψυχὰς
894 393 975 457 είς
1019 393 1249 449 θάνατον
1288 393 1647 464 παραδόντες,
1675 392 1930 459 θάνατον,
1957 395 1979 454 Λ

2080 411 2143 449 em
2168 396 2485 462 tradidistis,
2518 407 2770 466 mortem,
2796 414 2916 468 qua:
2944 399 3104 452 vitant
3135 406 3389 453 reternam
3429 398 3623 451 conci-

352 485 502 557 ζωὴν
534 485 760 539 αἰώνιον
813 486 1272 557 μνηστευόμενον.
1308 485 1457 558 Πλὴν
1488 486 1624 540 ἀλλά
1668 488 1764 541 καὶ
1799 488 1933 558 ἡμῖν

2081 495 2156 542 at.
2188 487 2459 543 Caeterum
2495 498 2555 543 ut
2586 488 2742 543 nobis
2767 505 2987 560 quoque
3027 503 3241 544 manum
3276 488 3531 559 praebeat,
3565 493 3622 541 et

354 580 515 647 χεῖρα
554 577 767 658 ὀρέξαι,
802 580 896 632 καὶ
924 577 1022 631 τοῦ
1051 578 1155 649 τῆς
1187 578 1466 642 ἀπωλείας
1512 577 1807 632 ἀνελκῦσαι
1839 577 1936 645 βυ-

2080 578 2433 633 os'extrabat
2481 594 2549 634 ex
2601 579 2874 649 profundo
2927 580 3200 646 interitus,
3248 594 3373 634 eum
3414 587 3620 649 rogate.

358 669 454 723 θοῦ
487 669 909 741 παρακλήθητεέ
944 671 1010 723 Οἱ
1046 671 1327 742 μάρτυρες
1350 669 1408 724 δὲ
1438 671 1597 738 λόγον
1627 670 1813 725 αὐτῶν
1838 671 1935 741 τῆς

2080 667 2306 741 lartyres
2336 677 2519 723 autem
2558 684 2679 723 cum
2733 684 2919 724 eorum
2966 686 3185 740 precum
3216 670 3496 725 duxissent
3535 683 3623 723 ra-

359 761 601 831 δεήσεως
632 759 1026 830 ποιησάμενοι,
1057 761 1152 814 καὶ
1175 761 1331 831 ὄμμα
1360 763 1440 824 είς
1467 762 1735 832 οὐρανοὺς
1764 762 1939 834 ἄραν-

2080 760 2273 824 onem,
2303 768 2360 814 et
2390 759 2578 814 oculos
2612 758 2664 813 in
2700 759 2897 815 emtum
2931 761 3322 815 sustulissent:
3347 759 3625 814 Altissime

357 870 477 916 τες·
507 854 534 905 ὁ
560 850 695 924 Θεὸς
719 852 748 902 ό
779 850 1024 919 ὕψιστος,
1053 846 1229 915 εἷπον,
1256 853 1350 905 ἐπὶ
1379 854 1506 917 τοὺς
1528 854 1753 917 δούλους
1786 854 1938 908 ἔπιδε

2080 856 2208 913 leus,
2242 848 2524 914 dixerunt,
2555 849 2736 919 aspice
2780 849 2846 902 ad
2897 863 3085 904 servos
3131 858 3271 915 tuos,
3303 850 3394 919 qui
3420 864 3620 904 nomen

363 945 490 1003 τοὺς
524 941 998 1009 ἐπικαλουμένους
1046 940 1106 993 τὺ
1135 941 1311 1011 δνομά
1341 959 1437 996 σου
1467 943 1529 996 ὲν
1555 943 1790 1016 ἀληθείᾳ
1845 944 1941 997 καὶ

2080 955 2197 995 sum
2244 940 2499 995 invocant
2545 941 2598 993 in
2640 941 2889 1005 veritate,
2925 949 2982 994 et
3028 940 3390 995 voluntarium
3435 940 3629 1012 irriga-

366 1034 568 1105 βροχὴν
624 1032 875 1086 ἑκούσιον
905 1033 1169 1103 ἀφόρισον
1205 1036 1271 1105 τῇ
1304 1034 1402 1106 νέᾳ
1432 1035 1789 1107 κληρονομίᾳ
1824 1052 1942 1099 σου,

2080 1032 2253 1087 ionem
2287 1032 2527 1087 attribue
2560 1046 2715 1087 novae
2744 1040 2852 1088 tua:
2884 1032 3214 1097 liaereditati,
3255 1031 3343 1095 iis,
3380 1031 3625 1099 inquam,

362 1124 511 1184 ὅπως
548 1120 637 1187 εἴη
670 1121 856 1183 αὐτοῖς
893 1122 927 1190 ἡ
954 1121 1107 1191 παρὰ
1135 1120 1228 1175 σοῦ
1256 1122 1466 1192 δρόσος,
1501 1123 1641 1192 ῐαμα
1686 1124 1747 1176 τὸ
1780 1123 1947 1177 νοσῶ-

2080 1124 2142 1193 ;υἰ
2171 1114 2320 1177 nunc
2361 1110 2718 1178 crediderunt
2771 1124 2825 1176 in
2872 1138 3074 1178 nomen
3118 1131 3291 1188 tuum,
3325 1129 3384 1176 ut
3436 1123 3507 1176 sit
3551 1122 3631 1177 eis

363 1213 452 1275 δες
488 1213 589 1282 τῆς
622 1211 901 1281 ἁμαρτίας
936 1210 1405 1281 ἀποκαθαίρουσα,
1449 1213 1545 1266 καὶ
1580 1213 1766 1267 εῖδωσι
1797 1213 1938 1268 πάν-

2080 1214 2323 1271 nedicina
2355 1229 2469 1281 ros,
2499 1215 2591 1285 qui
2631 1231 2661 1269 a
2689 1223 2740 1269 te
2765 1214 3154 1284 proﬁciscitur,
3187 1215 3237 1270 id
3262 1213 3405 1283 quod
3428 1214 3631 1284 peccati

341 1325 478 1369 τες,
512 1308 597 1359 ὅτι
627 1305 695 1359 σὺ
728 1300 778 1357 εἴ
813 1304 979 1373 μόνος
1009 1304 1163 1371 Θεὸς,
1197 1306 1288 1358 καὶ
1321 1305 1400 1376 τῷ
1436 1306 1515 1377 σῷ
1544 1306 1737 1375 κράτει
1770 1305 1949 1361 πάντα

2080 1319 2157 1374 :st,
2185 1290 2498 1363 morbosum
2542 1322 2874 1379 expurgans,
2904 1314 2960 1361 et
3008 1306 3182 1362 sciant
3214 1315 3265 1361 te
3301 1306 3477 1361 solum
3509 1321 3634 1362 esse

366 1398 638 1464 πείθεται,
691 1393 942 1470 βασιλεῦ.
975 1394 1126 1464 Ἀμα
1184 1395 1243 1449 δὲ
1269 1394 1350 1465 τῷ
1377 1395 1522 1449 τέλει
1567 1396 1668 1465 τῆς
1702 1400 1951 1466 ’προσευ-

2080 1401 2245 1465 leum,
2268 1409 2321 1454 et
2345 1394 2549 1465 omnia,
2580 1413 2613 1452 ο
2633 1398 2767 1463 Rex,
2795 1409 2898 1452 tua:
2914 1397 3134 1453 obedire
3162 1398 3438 1468 potentiae.
3463 1395 3633 1452 Simul

366 1491 490 1560 χῆς,
522 1487 811 1558 ἀστραπαί
845 1504 907 1541 τε
935 1485 1149 1558 ἁθρόως
1202 1487 1549 1557 ἐκτρίϐονται
1580 1488 1678 1541 καὶ
1729 1487 1953 1558 βρονταὶ

2080 1498 2234 1546 intem
2258 1506 2380 1547 cum
2401 1490 2507 1546 fine
2533 1489 2799 1546 orationis
2829 1497 2883 1544 et
2908 1498 3130 1559 repente
3143 1488 3380 1545 emicant
3400 1489 3633 1559 fulgura,

371 1582 886 1653 καταρῥήγνυνται,
928 1578 1025 1633 καὶ
1065 1578 1325 1649 ῥαγδαῖος
1352 1579 1559 1650 ὄμϐρος
1590 1580 1855 1649 ἐκχεῖται,
1879 1579 1952 1644 ὡς

2080 1591 2112 1637 et
2138 1593 2436 1649 erumpunt
2480 1582 2741 1650 fulmina,
2778 1593 2834 1639 et
2885 1583 3182 1637 vehemens
3232 1580 3378 1637 cadit
3428 1581 3634 1651 pluvia,

373 1673 748 1742 συσχεθέντας
814 1670 962 1740 φόϐῳ
1018 1672 1145 1733 τοὺς
1199 1669 1500 1733 ἐναντίους,
1552 1669 1681 1740 τῇδε
1729 1670 1954 1724 κάκεῖσε

2080 1676 2198 1731 ideo
2245 1684 2302 1730 ιιι
2337 1684 2486 1730 metu
2521 1677 2758 1743 correpti
2811 1672 3132 1739 adversarii,
3168 1674 3273 1728 liuc
3305 1681 3358 1727 et
3384 1673 3511 1729 illuc
3549 1673 3637 1729 di-

369 1764 879 1826 διασκεδάννυσθαι,
906 1762 1015 1816 τῶν
1046 1761 1492 1815 πεπιστευκότων
1516 1760 1740 1833 Χριστῷ
1771 1760 1953 1831 μόνον,

2080 1776 2468 1839 spargerentur,
2517 1767 2585 1822 iis
2635 1766 2787 1829 solis,
2839 1766 2930 1834 qui
2982 1763 3203 1820 Christo
3271 1765 3635 1828 crediderant,

372 1860 487 1921 τοῖς
532 1857 713 1923 ἁγίοις
758 1855 999 1924 μάρτυσι
1034 1853 1632 1924 συμπεριλειφθέντων.
1666 1851 1810 1924 Πρὸς
1863 1851 1958 1916 οὓς

374 1947 429 2000 οἱ
458 1949 604 2016 ’ἅγιοι
625 1961 642 1976 ·
667 1946 760 2015 Μὴ
788 1945 1066 2013 φοϐεῖσθε,
1094 1941 1268 2008 εἶπον,
1292 1945 1473 2014 ὑμεῖς,
1507 1947 1559 1998 οἱ
1589 1943 1808 2017 Χριστῷ
1828 1938 1956 1999 suo?

375 2039 503 2101 τοὺς
532 2036 880 2106 ἀναθέμενοι,
911 2036 1035 2089 ἐπεὶ
1065 2038 1157 2089 καὶ
1180 2035 1250 2089 δι’
1281 2036 1424 2104 ὑμᾶς
1456 2034 1627 2089 ταῦτα
1657 2035 1865 2104 γέγονε.

452 2124 537 2204 μ’.
586 2118 890 2197 Σύμφὼνον
923 2125 1019 2178 οὖν
1056 2124 1136 2195 τῷ
1184 2123 1306 2194 Θεῷ
1335 2124 1434 2196 τὴν
1474 2124 1786 2192 δοξολογίαν
1830 2126 1961 2179 ἀνα-

381 2219 737 2290 πεμπόντων,
758 2215 1010 2285 ἀγγέλων
1041 2217 1248 2289 ἐπέστη
1280 2216 1513 2287 πληθὺς,
1539 2214 1961 2280 λευκάςαύτοὺς

378 2310 729 2381 ἀμφωννῦσα
792 2308 1011 2374 στολὰς,
1070 2308 1132 2362 τὸ
1185 2308 1604 2381 κεκαθαρμένον
1656 2306 1799 2376 τάχα
1861 2307 1961 2378 τῆς

378 2396 559 2467 ψυχῆς
587 2395 1109 2466 παρεμφαινούσας,
1144 2399 1217 2468 τῇ
1244 2396 1424 2449 πίστει
1451 2413 1512 2449 τε
1550 2396 1646 2450 καὶ
1676 2395 1752 2465 τῷ
1780 2394 1958 2450 ὕδατι.

395 2489 458 2541 ὐ
500 2488 558 2542 δὲ
585 2487 685 2557 τὴν
721 2488 919 2558 μανίαν
946 2489 1174 2559 ἄσχετος
1210 2487 1469 2558 βασιλεὺς
1497 2486 1571 2551 ὡς
1607 2487 1805 2552 ἔοικεν,
1839 2482 1962 2541 εἷπε

385 2580 528 2650 πρὸς
556 2581 681 2642 τοὺς
715 2580 906 2648 ἀγίους
933 2580 1009 2633 Τὸ
1036 2580 1318 2649 φείδεσθαί
1348 2598 1417 2650 με
1460 2579 1560 2650 τῆς
1590 2579 1744 2650 ὑμῶν
1773 2579 1964 2650 νεότη-

384 2690 476 2735 τος
526 2674 623 2726 καὶ
652 2672 750 2744 τῆς
779 2671 931 2743 ὥρας
965 2672 1382 2743 καταφρονῆσαί
1427 2687 1529 2742 μου
1576 2671 1672 2726 τοῦ
1727 2671 1966 2743 κράτους

387 2767 719 2838 πεποίηκεν.
756 2766 917 2820 Ἀλλά
962 2766 1051 2820 διὰ
1098 2765 1208 2819 τῶν
1256 2765 1433 2837 ἔργων
1466 2763 1683 2818 εἴσεσθε
1717 2765 1958 2829 πάντως,

388 2859 689 2927 ἀλυσιτελῆ
730 2861 821 2911 καὶ
869 2856 1170 2928 ἀσύμφορα
1217 2858 1431 2920 ἑαυτοῖς
1482 2856 1790 2923 ποιοῦντες,
1825 2856 1966 2927 πλὴν

385 2951 622 3021 ιπείπερ
668 2950 769 3021 οὐχ
813 2944 979 3021 ἦττον
1023 2947 1424 3002 τυῦδύνασθαι
1468 2948 1564 3003 καὶ
1597 2947 1660 3001 τὺ
1696 2948 1971 3019 μακροθυ-

393 3045 520 3113 μεῖν
550 3045 686 3113 ἡμῖν
719 3043 1016 3113 πρόσεστιν
1044 3040 1368 3112 ἀνεχόμενοι
1399 3041 1496 3094 καὶ
1538 3039 1621 3095 ἔτι
1667 3041 1768 3112 τῆς
1798 3041 1970 3111 ἀφρο-

392 3108 784 3205 σύνης-ὐμῶν
844 3108 1294 3203 συμϐουλεύομεν
1351 3131 1669 3201 πεισθῆναι,
1723 3108 2041 3184 καὶπδνα

389 3227 598 3294 γλυκὺν
646 3225 839 3279 τοῦτον
871 3223 1136 3295 κερδῆσαι
1173 3222 1349 3294 ἥλιον,
1401 3222 1492 3274 καὶ
1523 3221 1600 3292 μὴ
1636 3219 1887 3291 πρόωρόν
1914 3236 1975 3274 τε

393 3321 493 3371 uel.
544 3316 748 3388 πικρὸν
795 3317 1209 3369 ἐπισπάσασθαι
1243 3314 1508 3369 θάνατον·
1565 3312 1706 3368 ἀλλά
1742 3314 1974 3382 προσελο

393 3410 611 3473 θόντας,
640 3409 809 3462 θῦσαι
841 3409 955 3470 τοῖς
981 3406 1275 3468 δεσπόταις
1318 3404 1481 3468 θεοῖς.
1524 3405 1589 3458 '0
1628 3402 1977 3472 ἂγιοςἊκίν-

394 3502 550 3564 δυνος
573 3517 587 3533 υ
633 3500 852 3569 ⁹ιΙμεῖς,
890 3494 1071 3563 εἶπεν,
1107 3497 1206 3551 ἕνα
1237 3496 1368 3549 Θεὸν
1407 3496 1632 3566 οἴδαμεν
1658 3494 1750 3548 τὸν
1780 3496 1840 3548 ὲν
1889 3494 1978 3548 οὑ-

397 3595 607 3663 ρανοῖς,
640 3592 737 3646 καὶ
781 3589 935 3660 αὐτῷ
974 3589 1122 3660 μόνῳ
1152 3586 1514 3658 λατρεύομεν,
1566 3585 1647 3657 τῷ
1689 3585 1977 3657 δυναμένῳ

398 3683 564 3754 σῶμά
588 3699 646 3737 τε
678 3684 774 3735 καὶ⁵
796 3681 979 3752 ψυχὴν
1029 3680 1237 3750 αίωνίῳ
1268 3679 1404 3750 πυρὶ
1439 3681 1792 3749 κατακρῖναι.
1832 3678 1978 3748 Πρὸς

398 3775 573 3829 ταῦτα
616 3776 647 3828 ὁ
700 3773 988 3844 βασιλεύς⁶
1031 3772 1141 3827 Καὶ
1183 3771 1349 3835 αὐτὸς
1402 3769 1534 3840 ἐγὼ,
1561 3770 1687 3839 ἔφη,
1716 3769 1799 3825 ἑνὶ
1846 3770 1968 3840 Θεῷ

400 3868 733 3938 προσκυνεῖν
763 3866 911 3934 ὑμᾶς
938 3863 1224 3935 βούλομαι.
1263 3862 1373 3916 Καὶ
1420 3862 1537 3926 πῶς
1570 3861 1770 3932 τούτῳ,
1823 3856 1978 3916 εἷπεν

399 3963 429 4013 ὁ
485 3959 721 4029 μάρτυς,
777 3956 928 4011 θύειν
977 3955 1266 4019 κελεύειςς
1315 3955 1474 4026 Ἐμοὶ
1531 3953 1978 4021 ἀκολουθοῦντες,

401 4051 593 4118 φησὶν,
618 4048 756 4118 ὅπερ
785 4047 852 4113 ἀν
883 4045 983 4116 ἐμὲ
1015 4046 1161 4115 ίδητε
1197 4041 1481 4109 ποιοῦντα,
1537 4041 1633 4095 καὶ
1663 4040 1828 4111 ὑμεῖς
1860 4057 1983 4095 ποι·

401 4140 535 4192 εῖτε.
577 4137 743 4190 Ἀλλά
802 4136 868 4190 σὺ
922 4136 1056 4206 μὲν,
1100 4136 1151 4188 oi
1196 4134 1470 4207 μάρτυρες
1525 4131 1757 4203 ἔφησαν,
1790 4131 1981 4204 ὥσπερ

402 4224 701 4283 ἐπίστασαι
742 4228 838 4281 καὶ
868 4228 1121 4299 ποιήσεις
1149 4243 1166 4259 ·
1194 4228 1356 4297 ἡμεῖς
1382 4224 1428 4279 δ’
1465 4219 1531 4279 αὖ
1563 4222 1729 4287 πᾶιν
1759 4223 1837 4288 ὡς
1876 4223 1985 4279 ἐδι-

400 4318 704 4389 δάχθημεν,
731 4318 1044 4382 ἀκολούθως
1072 4317 1367 4388 δράσομεν.

477 4412 553 4466 Θι.
590 4410 816 4473 Τούτοις
863 4411 1049 4481 ἡσθεὶς
1080 4411 1121 4462 ’ὁ
1170 4409 1458 4479 βασιλεύςο
1504 4409 1613 4464 Καὶ
1641 4410 1812 4474 διατί,
1847 4410 1976 4480 ἔφη,
2015 4438 2057 4494 D

408 4501 488 4570 μὴ
513 4502 620 4572 πρὸ
643 4499 846 4555 πολλοῦ
880 4499 1042 4554 τοῦτο
1067 4500 1433 4569 πεποιήκατε,
1487 4499 1622 4553 ἀλλά
1652 4517 1722 4569 με
1755 4501 1890 4571 πρὸς
1922 4499 1984 4552 τὸ

408 4594 560 4662 παρά
596 4592 763 4662 φύσιν
796 4590 1170 4656 έξεϐιάσασθε,
1214 4589 1356 4644 ὥστε
1389 4592 1819 4661 προσενεχθῆναι
1872 4593 1985 4656 τοῖς

407 4685 691 4752 φιλτάτοις
719 4684 848 4753 ὑμῖν
872 4682 946 4745 ὡς
980 4682 1057 4753 μὴ
1088 4682 1231 4749 ἔδεις
1276 4684 1426 4755 ὅμως
1454 4681 1531 4745 ὦς
1563 4699 1623 4734 τε
1652 4683 1820 4752 ιιιατρλ⁵
1855 4680 1990 4750 σύγ-

406 4790 616 4843 γνωτε,
673 4775 764 4830 διὰ
818 4776 1068 4839 παιδείας
1119 4776 1263 4843 ὑμᾶς
1324 4775 1676 4845 ἐπιπρέψαι,
1706 4774 1800 4828 καὶ
1833 4774 1989 4845 παρὰ

408 4868 642 4940 γνώμην
675 4869 1099 4938 ἀναγκασθέντι.
1136 4867 1326 4922 Ταῦτα
1377 4866 1550 4920 είπὼν
1587 4866 1682 4920 τοῦ
1713 4867 1990 4938 ὀχήματος

408 4961 612 5029 ἐπέϐη,
659 4961 758 5014 καὶ
802 4960 1177 5031 συνεδριάζειν
1224 4959 1370 5028 αὐτῷ
1410 4958 1538 5021 τοὺς
1584 4957 1772 5026 ἁγίους
1810 4974 1985 5027 προσ-

408 5050 792 5123 εκαλεῖτοονοί
831 5050 909 5115 δὲ,
956 5050 1050 5121 Μὴ
1088 5050 1302 5119 γένοιτο
1348 5049 1501 5118 ἡμῖν,
1532 5041 1578 5101 ὧ
1619 5046 1864 5117 βασιλεῦ,
1906 5048 1989 5109 είς

406 5144 573 5196 τοῦτο
606 5143 899 5213 παροινίας
930 5144 1121 5197 ἐλάσαι
1166 5143 1241 5206 ὡς
1293 5140 1585 5209 συνέδρους
1621 5155 1703 5191 σοι
1734 5138 1987 5207 γενέσθαι

411 5234 856 5305 κατατολμῆσαι,
888 5234 985 5288 καὶ
1013 5233 1074 5287 τὸ
1113 5233 1205 5287 σὺν
1236 5231 1436 5303 κράτος
1463 5228 1606 5282 οὕτω
1636 5226 1988 5297 καθυϐρίσαι.

426 5327 570 5379 Ἀλλ’
602 5326 749 5393 ἐμοὶ,
784 5327 952 5395 φησὶν
995 5327 1023 5376 ό
1078 5323 1355 5395 βασιλεὺς,
1387 5323 1422 5392 ὴ
1459 5319 1589 5390 παρ’
1626 5318 1780 5389 ὑμῶν
1809 5316 1987 5388 ὕϐρις,

412 5419 523 5486 τῆς
568 5417 677 5474 τῶν
725 5417 903 5471 ἄλλων
954 5415 1208 5487 ὑπηκόων
1236 5411 1577 5484 αἱρετωτέρα
1603 5408 1792 5479 τιμῆς.
1838 5409 1992 5463 Ἐπεὶ

415 5511 471 5562 δὲ
529 5509 667 5577 πρὸς
714 5509 795 5579 τῷ
838 5508 952 5578 ναῷ
995 5503 1158 5578 ἦσαν,
1195 5506 1311 5567 ἐνὸς
1338 5502 1449 5557 τῶν
1478 5500 1647 5570 ἁγίων
1694 5496 1992 5568 λαϐόμενος

488 5696 514 5728 δ
541 5694 730 5750 Matth.
765 5709 817 5760 κ,
857 5693 947 5747 es.

2064 1861 2270 1916 relictis
2300 1859 2430 1913 solis
2453 1873 2576 1913 cum
2622 1858 2827 1914 sanctis
2865 1856 3211 1927 martyribus,
3259 1855 3325 1909 ad
3353 1871 3489 1925 quos
3511 1870 3636 1908 san-

2065 1953 2134 2005 cti
2166 1969 2179 2005 :
2211 1948 2289 2005 Ne
2312 1949 2570 2012 timeatis,
2618 1948 2896 2011 dixerunt,
2924 1948 3017 2017 qui
3045 1962 3142 2002 vos
3171 1946 3387 2002 Christo
3418 1946 3635 2001 dedica-

2066 2042 2183 2105 stis,
2223 2056 2345 2095 nam
2375 2040 2488 2095 haec
2515 2048 2737 2109 propter
2768 2054 2864 2094 vos
2892 2038 3245 2094 exstiterunt.

2137 2129 2277 2185 Vlll.
2310 2129 2447 2185 Cum
2471 2146 2600 2201 ergo
2629 2145 2735 2184 una
2768 2144 2904 2185 voce
2939 2116 3060 2184 Deo
3094 2128 3409 2185 emitterent
3441 2128 3641 2197 glorifi-

2067 2222 2361 2289 cationem,
2403 2224 2632 2279 accessit
2679 2222 2973 2278 multitudo
3009 2222 3350 2292 angelorum,
3397 2222 3642 2277 candidis

2067 2332 2163 2373 eos
2192 2317 2425 2372 induens
2455 2315 2719 2379 vestibus,
2747 2328 2868 2386 qua:
2896 2313 3034 2369 forte
3064 2313 3419 2369 ostendebant
3445 2327 3644 2384 purga-

2071 2419 2181 2464 tam
2216 2423 2337 2465 esse
2381 2409 2617 2463 animam
2658 2407 2763 2461 ﬁde
2794 2416 2849 2462 et
2886 2420 3046 2476 aqua.
3085 2404 3199 2459 Rex
3252 2412 3458 2468 autem,
3492 2403 3646 2473 cujus

2069 2497 2314 2552 cohiberi
2349 2512 2456 2550 non
2480 2504 2694 2567 poterat
2718 2496 2949 2563 insania,
2981 2504 3039 2549 ut
3067 2510 3166 2565 par
3186 2505 3325 2560 erat,
3354 2493 3488 2549 dixit
3516 2508 3644 2549 san-

2070 2587 2174 2643 ctis
2208 2603 2222 2642 :
2253 2586 2412 2653 Quod
2434 2578 2629 2642 vestra:
2656 2586 2933 2656 juventuti
2958 2599 3240 2657 parcerem
3268 2593 3322 2640 et
3346 2583 3565 2655 speciei,
3595 2584 3647 2639 id

2071 2693 2168 2733 vos
2198 2677 2330 2734 fecit
2376 2693 2552 2737 meam
2586 2687 2939 2733 contemnere
2979 2676 3298 2749 potentiam,
3332 2678 3430 2733 sed
3476 2675 3645 2746 reipsa

2073 2773 2297 2827 omnino
2321 2771 2506 2827 scietis
2546 2786 2643 2827 vos
2675 2785 2739 2825 ea
2760 2770 2962 2834 facere,
2995 2785 3117 2838 quae
3176 2778 3299 2824 sunt
3329 2769 3543 2825 inutilia
3595 2779 3649 2824 et

2072 2865 2228 2921 vobis
2260 2880 2368 2920 non
2406 2864 2725 2934 expediunt.
2757 2862 2862 2919 Sed
2889 2863 3142 2933 quoniam
3172 2879 3281 2919 non
3310 2865 3457 2920 inest
3495 2865 3650 2920 nobis

2076 2956 2258 3011 minor
2285 2956 2566 3025 patientia,
2595 2970 2760 3026 quam
2790 2955 3054 3026 potentia,
3085 2954 3264 3009 adhuc
3296 2968 3531 3010 vestram
3568 2964 3653 3010 to-

2075 3047 2320 3103 lerantes
2353 3046 2663 3113 stultitiam,
2693 3047 3031 3104 consulimus
3057 3056 3114 3102 ut
3143 3047 3399 3116 pareatis,
3423 3057 3477 3102 et
3508 3047 3653 3101 [tunc

2074 3140 2286 3196 dulcem
2314 3140 2482 3195 solem
2534 3141 2911 3208 lucrifaciatis,
2937 3150 2993 3196 et
3031 3156 3139 3196 non
3171 3148 3399 3195 mortem
3423 3154 3653 3210 praema-

2075 3242 2251 3289 turam
2282 3240 2337 3286 et
2374 3231 2626 3286 acerbam
2680 3233 2991 3298 attrahatis,
3048 3233 3144 3287 sed
3188 3232 3516 3287 accedentes
3560 3230 3656 3283 do-

2075 3323 2242 3379 minis
2275 3322 2378 3377 diis
2404 3321 2743 3376 sacrificetis.
2776 3322 3011 3377 Sanctus
3051 3331 3232 3378 autem
3263 3322 3396 3377 dicit
3424 3321 3655 3391 Acindy—

2077 3429 2183 3470 nus
2216 3432 2231 3469 :
2264 3410 2374 3468 Nos
2420 3428 2588 3467 unum
2639 3414 2891 3467 novimus
2916 3413 3112 3478 Deum,
3142 3413 3234 3483 qui
3271 3422 3356 3468 est
3390 3411 3445 3467 in
3478 3411 3652 3472 caelis.

2079 3514 2134 3560 et
2160 3504 2209 3560 ei
2261 3503 2364 3559 soli
2397 3503 2689 3566 servimus.
2719 3504 2812 3573 qui
2857 3512 3039 3573 potest
3069 3518 3266 3574 corpus
3317 3513 3372 3559 et
3415 3503 3653 3557 animant

2079 3595 2341 3649 damnare
2374 3593 2500 3662 igne
2527 3592 2791 3648 teterno‘.
2824 3592 2905 3648 Ad
2962 3593 3078 3649 hate
3109 3609 3204 3647 rex
3230 3609 3243 3647 :
3274 3593 3387 3663 Ego
3418 3605 3654 3661 quoque,

2079 3686 2278 3756 inquit,
2307 3686 2432 3742 volo
2466 3699 2564 3741 vos
2614 3700 2785 3740 unum
2846 3684 3021 3741 solum
3078 3684 3247 3739 Deum
3299 3684 3549 3739 adorare.
3592 3683 3657 3736 Et

2079 3778 2373 3849 quomodo,
2410 3777 2665 3833 dixerunt
2700 3786 2985 3850 martyres,
3021 3791 3119 3832 nos
3157 3776 3318 3847 jubes
3353 3775 3403 3829 ei
3450 3775 3655 3830 sacrifi-

2081 3870 2246 3926 care?
2284 3869 2390 3933 Me,
2438 3868 2638 3939 inquit,
2698 3877 2990 3939 sequentes
3036 3865 3218 3927 facile,
3255 3863 3530 3934 quomodo
3571 3877 3657 3916 me

2080 3958 2327 4015 videritis
2365 3958 2679 4013 facientem.
2707 3956 2811 4012 Sed
2838 3966 2894 4010 tu
2931 3955 3173 4026 quidem,
3205 3952 3462 4007 dixerunt
3511 3964 3654 4001 mar-

2084 4058 2255 4122 tyres,
2303 4048 2471 4105 facies
2522 4049 2665 4104 sicut
2710 4049 2817 4101 scis
2854 4061 2868 4097 :
2900 4059 3006 4099 nos
3030 4050 3210 4097 autem
3242 4056 3433 4099 rursus
3459 4054 3655 4101 consc-

2083 4150 2316 4211 quenter
2340 4139 2623 4206 faciemus,
2664 4144 2725 4193 ut
2745 4135 3058 4193 didicimus.

2153 4407 2246 4464 IX.
2280 4406 2373 4461 llis
2392 4406 2605 4461 laetatus
2638 4419 2731 4460 rex
2762 4420 2777 4459 :
2807 4402 2876 4459 Et
2908 4417 3008 4459 cur
3034 4403 3159 4466 hoc,
3190 4401 3388 4471 inquit,
3418 4415 3527 4454 non
3563 4399 3655 4453 ditt

2086 4506 2214 4552 ante
2265 4495 2494 4555 fecistis,
2525 4494 2621 4548 sed
2674 4507 2761 4547 me
2798 4491 3054 4563 coegistis
3098 4491 3163 4545 ad
3220 4490 3348 4554 hoc,
3377 4489 3521 4559 quod
3577 4498 3660 4541 est

2084 4597 2284 4661 prmter
2348 4595 2619 4649 naturam,
2653 4593 2714 4639 ut
2766 4585 2821 4639 in
2866 4599 2963 4639 vos
3011 4583 3321 4646 inveltcrer,
3380 4584 3471 4650 q’ui
3527 4580 3661 4635 estis

2087 4679 2221 4735 mihi
2264 4672 2611 4733 charissimi?
2641 4675 2784 4744 quod
2829 4674 3041 4728 utinam
3088 4688 3196 4726 non
3230 4672 3517 4745 fecissent!
3554 4668 3663 4722 \‘os

2090 4779 2272 4825 tamen
2307 4776 2562 4837 tanquam
2609 4767 2742 4835 patri
2792 4766 2885 4820 lilii
2918 4766 3204 4836 ignoscite,
3235 4762 3328 4833 qui
3372 4777 3469 4817 vos
3500 4762 3664 4816 casti.

2091 4862 2270 4932 gando
2307 4868 2630 4914 convertere
2673 4866 2895 4912 coactus
2921 4873 3043 4911 sum
3088 4856 3253 4910 etiam
3300 4863 3499 4924 praeter
3541 4868 3667 4909 sett-

2097 4952 2345 5008 tentiam.
2378 4950 2471 5005 llis
2500 4950 2677 5014 dictis,
2719 4964 2935 5003 currum
2982 4947 3303 5003 conscendit
3335 4964 3349 5000 :
3385 4956 3440 5000 et
3478 4944 3669 4998 accer-‘

2095 5045 2221 5100 sivit
2251 5053 2490 5108 sanctos,
2529 5053 2588 5097 ut
2614 5057 2736 5097 cum
2783 5042 2901 5112 ipso
2939 5041 3309 5095 considerent.
3335 5038 3413 5091 llli
3456 5045 3672 5099 autem,

2094 5136 2283 5190 Absit!
2316 5136 2588 5199 dixerunt,
2621 5149 2655 5189 ο
2684 5151 2798 5198 rex,
2838 5141 2896 5188 ut
2931 5149 3031 5187 nos
3061 5148 3127 5187 eo
3172 5133 3531 5201 procedamus
3568 5128 3664 5184 de-

2096 5226 2332 5290 mentiae,
2386 5234 2445 5280 ut
2493 5235 2669 5279 tecum
2716 5225 3014 5280 audeamus
3057 5221 3363 5285 considere,
3418 5227 3473 5273 et
3518 5227 3662 5272 tuam

2097 5317 2396 5389 potentiam
2429 5325 2577 5372 tanta
2608 5315 2825 5371 allicere
2858 5312 3208 5369 contumelia.
3245 5310 3352 5365 Sed
3382 5325 3486 5380 qna
3512 5323 3543 5364 a
3574 5322 3667 5363 vo-

2098 5411 2203 5475 bis,
2242 5408 2439 5478 inquit,
2482 5408 2685 5463 aﬂlcior
2727 5404 3095 5463 contumelia?
3129 5418 3192 5458 ea
3226 5411 3313 5458 est
3356 5401 3489 5459 mihi
3517 5407 3671 5469 opta-

2100 5501 2258 5556 bilior
2286 5508 2339 5555 et
2371 5498 2542 5570 pluris
2577 5497 2844 5563 facienda,
2866 5511 3026 5566 quam
3059 5497 3233 5551 honor
3261 5494 3488 5550 aliorum
3529 5491 3665 5548 Cum
