4060 6374
446 343 511 406 19
1058 358 1117 399 .-‘

1694 335 1983 397 MENSIS
2016 332 2461 397 NOVEMBER.
3613 334 3681 397 20

443 463 623 513 autem
682 451 912 509 fuissent
962 452 1015 506 in
1075 453 1294 523 templo,
1323 469 1433 519 uno
1479 468 1543 508 cx
1596 452 1801 507 sanctis
1851 466 2013 506 manu

2121 450 2217 520 τῆς
2248 450 2454 522 χειρὸς,
2488 448 2779 520 συνεισῄει.
2825 448 2962 502 ’Υπδ
3004 447 3203 518 πολλῆς
3238 447 3295 503 δὲ
3324 446 3423 517 τῆς
3455 465 3683 521 περιχα-

443 548 808 621 apprehenso,
842 546 1003 600 simul
1034 562 1155 600 cum
1188 562 1254 602 eo
1288 558 1371 604 est
1402 549 1700 620 ingressus.
1732 547 1864 615 Ejus
1888 558 2019 599 vero

441 639 621 693 animo
652 652 839 707 magna
864 633 1063 690 diﬂ‘uso
1089 636 1269 692 lmtitia
1294 656 1307 692 :
1332 636 1521 709 Magna
1550 648 1629 693 est
1651 638 1798 694 Jovis
1823 621 2015 693 invicti

447 729 710 802 potentia,
743 728 887 782 clara
916 743 1049 783 voce
1074 728 1416 784 exclamavit.
1453 730 1658 785 Deinde
1681 730 1748 785 ad
1797 738 2017 787 sanctos

446 835 789 876 conversus:
833 819 995 886 Quid,
1033 820 1229 889 inquit,
1264 820 1418 876 vobis
1445 821 1685 885 videtur,
1722 836 1790 875 an
1821 828 1877 876 ut
1916 819 2016 889 ipsi

447 911 606 981 primi
644 911 964 966 inchoemus
992 910 1317 966 sacriﬁcium
1344 928 1358 965 :
1384 928 1451 966 an
1487 927 1589 966 nos
1623 911 1677 966 id
1710 911 1862 966 vobis
1883 925 2015 965 con-

444 999 703 1054 cedamus
737 998 958 1054 l'acere?
981 998 1266 1065 Quomodo
1294 1009 1475 1056 vestra
1502 1001 2012 1072 volueritpotentia,

445 1090 618 1146 sancti
670 1091 1089 1160 responderunt.
1123 1091 1238 1146 Rex
1268 1101 1451 1148 autem
1499 1094 1770 1164 permittit
1814 1094 2016 1150 sanctis

445 1184 679 1254 prirnum
712 1183 945 1253 precari.
979 1183 1114 1239 Cum
1140 1183 1242 1255 ipsi
1276 1199 1405 1256 ergo
1433 1200 1605 1257 genua
1637 1185 2012 1252 inclinassent,

444 1278 497 1324 et
521 1284 708 1339 preces
746 1270 852 1325 Deo
878 1269 1361 1339 oﬂ'crrent,,totum
1393 1276 1652 1343 templum
1697 1274 1802 1331 fuit
1830 1283 2017 1331 terra:-

448 1371 596 1415 motu
629 1377 978 1430 concussum,
1009 1373 1062 1418 et
1087 1379 1207 1433 qua:
1242 1365 1298 1420 in
1334 1381 1399 1421 eo
1435 1375 1555 1421 erat
1585 1376 1784 1433 statua,
1816 1368 2016 1423 cadens

447 1449 548 1504 fuit
582 1449 882 1509 confracta.
925 1452 1038 1507 Rex
1082 1456 1263 1525 itaque
1308 1455 1551 1522 territus,
1584 1471 1615 1510 e
1650 1457 1852 1528 templo
1875 1457 2017 1512 exsi-

448 1538 551 1593 liit.
598 1539 803 1595 Deinde
833 1557 955 1596 cum
991 1546 1357 1601 surrexissent
1380 1546 1552 1601 sancti
1577 1547 1646 1602 ab
1665 1547 1929 1612 oratione,
1960 1557 2016 1603 et

446 1630 668 1702 vestigia
716 1632 1080 1703 lacrymarum
1128 1636 1308 1693 adhuc
1354 1646 1677 1707 apparerent
1730 1639 1787 1693 in
1824 1652 2014 1693 eorum

447 1722 689 1776 vultibus
720 1739 733 1776 ε
760 1724 883 1779 llaec
939 1735 1067 1780 sunt
1114 1737 1297 1784 vestra
1336 1729 1449 1784 Deo
1487 1730 1660 1786 invisa
1709 1730 2015 1801 promissa?

447 1813 583 1867 dixit
613 1829 731 1882 rex,
780 1816 952 1871 hacne
1002 1832 1098 1885 spe
1141 1834 1241 1875 vos
1285 1820 1485 1876 adduxi
1516 1821 1571 1875 in
1604 1822 1863 1893 templum
1893 1822 2015 1878 deo-

449 1905 605 1958 rum?
644 1904 825 1961 Sancti
851 1916 1030 1962 autem
1066 1908 1235 1976 :Nos,
1266 1911 1540 1977 dixerunt,
1578 1913 1635 1968 in
1687 1914 1835 1969 nullo
1864 1929 2018 1971 men-

449 1994 607 2050 dacio
656 1993 1085 2065 deprehendisti,
1116 2014 1148 2053 o
1182 2015 1297 2067 rex,
1332 2002 1425 2056 sed
1468 2003 1612 2071 quod
1653 2003 1877 2074 polliciti
1914 2003 2019 2061 fui-

448 2099 591 2145 mus.
632 2085 737 2141 hoc
782 2084 1032 2143 fecimus.
1063 2087 1157 2143 llle
1202 2105 1378 2145 vero:
1414 2091 1473 2147 Si
1505 2092 1573 2148 ad
1621 2094 1783 2148 talem
1822 2093 2018 2150 deduci

454 2178 612 2234 linem
643 2187 842 2244 vestra,
869 2188 932 2234 ut
960 2195 1058 2236 vos
1106 2181 1307 2247 dicitis,
1335 2184 1603 2253 promissa
1650 2193 2017 2255 putassemus,

450 2284 553 2325 nec
579 2271 808 2326 omnino
834 2273 1054 2342 quidem
1096 2274 1517 2329 attendissemus
1544 2291 1630 2339 ea,
1660 2291 1781 2345 quae
1808 2291 1839 2330 a
1868 2277 2022 2335 vobis

448 2362 789 2417 dicebantur.
835 2363 1023 2418 Restat
1057 2379 1209 2436 ergo,
1243 2374 1303 2421 ut
1336 2380 1432 2421 vos
1464 2382 1564 2436 pro
1599 2368 1811 2423 meritis
1848 2368 2021 2427 facto-

449 2467 567 2506 rum
605 2467 1036 2509 remuneremur.

525 2638 591 2692 X.
624 2638 789 2704 Dixit,
826 2648 880 2694 et
917 2640 1097 2694 statim
1129 2640 1291 2710 jussit
1336 2648 1446 2696 tres
1493 2639 1672 2697 afferri
1703 2641 1930 2706 lebetes,
1970 2651 2024 2697 et

458 2729 511 2781 in
547 2744 645 2783 eos
694 2728 843 2798 injici
899 2729 1204 2798 plumbum,
1235 2741 1289 2785 et
1319 2731 1616 2785 maximum
1644 2730 1821 2802 ignem
1857 2731 1909 2785 in
1944 2731 2023 2786 cis

452 2820 675 2875 accendi
708 2838 723 2874 :
754 2835 820 2875 ex
872 2830 1098 2891 utraque
1146 2832 1326 2875 autem
1369 2830 1521 2887 parte
1579 2821 1815 2876 lebetum
1859 2822 2025 2892 stylos

456 2912 623 2984 inﬁgi,
642 2912 733 2982 qui
768 2912 876 2968 duo
902 2913 1079 2982 capita
1110 2922 1165 2967 et
1194 2912 1443 2968 eadivisa
1469 2913 1742 2969 habebant
1765 2928 2022 2983 superne,

455 3017 550 3070 per
607 3018 727 3071 quae
785 3002 1026 3059 dimissis
1075 3002 1304 3068 catenis,
1358 3012 1412 3058 ct
1461 3003 1665 3058 lumbis
1710 3012 2022 3058 sanctorum

2041 1780 2090 1841 Β

2124 544 2273 613 ρείας
2297 542 2572 613 διαχυθεὶς
2600 543 2701 613 τὴν
2730 541 2910 613 ψυχὴν
2944 542 3158 611 μεγάλη
3197 542 3231 612 ἡ
3263 541 3355 594 τοῦ
3386 539 3527 595 Θεοῦ
3558 544 3681 607 Διὸς

2119 633 2384 703 ἀήττητος
2406 632 2635 703 δύναμις
2664 630 3032 701 γεγονώτερον
3058 626 3519 710 ὲξεϐόησεν.Εξῖτα
3546 632 3681 702 πρὸς

2117 727 2241 788 τοὺς
2279 725 2467 795 ἁγίους
2500 725 2890 795 ἐπιστραφείς·
2941 722 3062 787 Πῶς
3106 723 3238 793 ὑμῖν
3269 723 3448 789 δοκεῖς
3486 725 3681 789 αὐτοὺς

2068 817 2369 889 .πρώτους
2422 817 2693 889 κατάρξαι
2759 818 2856 888 τῆς
2911 817 3140 884 θυσίας;
3203 817 3237 887 ἢ
3296 817 3430 886 ἡμῖν
3477 818 3681 885 ταύτης

2119 911 2519 981 παραχωρῆσαι
2539 927 2555 975 ;
2583 910 2771 972 Ὅπως
2789 910 2854 961 ἂν
2881 908 3126 979 βούλοιτο
3147 908 3206 961 τὸ
3225 908 3421 976 κράτος
3436 906 3611 977 ὑμῶν,
3630 909 3681 959 οἱ

2117 999 2265 1068 ἆγιοι
2313 1000 2702 1069 ἀπεκρίναντο,
2759 998 2853 1052 καὶ
2908 1000 2938 1051 ὁ
2996 997 3270 1067 βασιλεὺς,
3307 999 3437 1061 τοὺς
3491 998 3680 1066 ἁγίους

2117 1091 2369 1161 πρώτους
2403 1088 2781 1162 κατάρξασθαι
2840 1088 2941 1158 τῆς
2976 1087 3143 1157 εὐχῆς
3191 1088 3495 1158 ἐπιτρέπει.
3551 1089 3681 1142 Klt-

2116 1184 2326 1239 νάντων
2359 1183 2540 1237 τοίνυν
2588 1181 2774 1235 αὐτῶν
2818 1178 2888 1234 τά
2924 1180 3150 1248 γόνατα,
3184 1179 3280 1232 καὶ
3307 1179 3387 1249 τῷ
3424 1179 3546 1252 Θεῷ
3582 1180 3685 1251 τὴν
3762 1217 3773 1228 .

2114 1278 2279 1348 εὐχὴν
2313 1276 2753 1347 προσςερόντων,
2788 1274 2994 1344 σεισμῷ
3021 1274 3082 1327 τὸ
3112 1273 3339 1343 τέμενος
3390 1272 3536 1326 ἁπαν
3574 1271 3683 1324 διε-

2115 1367 2374 1429 κλονεϊτο,
2409 1365 2504 1419 καὶ
2544 1364 2606 1417 τὸ
2649 1364 2705 1417 ὲν
2736 1361 2886 1429 αύτῷ
2917 1362 3110 1428 ξόανον
3165 1359 3456 1422 πεπτωκὸς
3487 1361 3683 1431 κατερ-

2116 1460 2280 1532 ράγη.
2336 1456 2613 1513 Ἐντεῦθεν
2663 1458 2692 1509 ὁ
2745 1455 2999 1526 βασιλεὺς
3057 1453 3365 1521 κατάφοϐος
3416 1451 3675 1520 γεγονὼς,

2114 1550 2342 1620 ἐξήλατο
2376 1550 2469 1603 τοῦ
2498 1550 2649 1603 ναοῦ·
2681 1543 2802 1602 εἷτα
2834 1548 2943 1601 τῶν
2976 1548 3147 1615 ἁγίων
3177 1545 3530 1599 ἀναστάντων
3582 1544 3677 1612 τῆς

2115 1639 2445 1711 προσευχῆς,
2485 1639 2566 1694 ἔτι
2604 1657 2662 1693 τε
2689 1639 2767 1711 τῷ
2813 1639 3090 1710 προσώπῳ
3135 1638 3254 1707 ίχνη
3281 1635 3534 1707 δακρύων
3577 1635 3678 1688 αὐ-

2114 1735 2226 1795 τοῖς
2250 1733 2719 1803 ὑποφαινομένων·
2754 1727 2924 1786 Abeat
2952 1731 3107 1802 ὑμῶν
3138 1731 3195 1785 αἰ
3219 1731 3492 1800 θεομισεῖς
3513 1730 3681 1794 ἑπαγ-

2116 1823 2334 1895 γελίαι;
2392 1826 2421 1878 ὁ
2472 1824 2725 1895 βασιλεὺς
2778 1825 2998 1894 εἴρηκεν
3027 1838 3045 1854 ·
3079 1823 3171 1876 ἐπὶ
3218 1820 3497 1885 τοιαύταις
3535 1822 3679 1890 ὑμᾶς

2116 1914 2235 1975 ταῖς
2286 1910 2465 1965 ἐλπίσι
2512 1910 2589 1981 τῷ
2621 1912 2727 1965 τῶν
2757 1911 2896 1965 θεῶν
2933 1911 3158 1981 τεμένει
3193 1912 3579 1982 προσήγαγον;
3615 1909 3677 1962 οῑ

2116 2003 2173 2058 δὲ
2198 2004 2343 2071 ἅγιοι
2368 2018 2382 2033 ⁸
2411 2003 2576 2056 Οὐδὲν
2595 2004 2753 2074 ’ἡμᾶς
2779 2004 3159 2074 ψευσαμένους
3191 2000 3547 2073 πεφώρακας,
3597 1996 3677 2053 εί-

2119 2111 2241 2163 πον,
2290 2087 2336 2147 ὧ
2393 2092 2631 2163 βασιλεῦ,
2689 2093 2804 2147 ἀλλ’
2830 2095 2969 2165 ὅπερ
3019 2090 3161 2164 ἦμεν
3203 2092 3676 2162 ἐπαγγειλάμενοι,

2120 2189 2215 2242 καὶ
2263 2187 2665 2255 πεποιήκαμεν.
2710 2186 2769 2239 '0
2821 2185 2916 2237 δέ·
2956 2186 3017 2237 El
3054 2183 3194 2255 πρὸς
3229 2184 3470 2236 τοιοῦτον
3509 2184 3684 2253 πέρας

2119 2278 2346 2347 ἐκϐῆναι
2370 2276 2469 2339 τὰς
2497 2276 2741 2346 ἀληθεῖς,
2778 2275 2852 2337 ώς
2881 2275 3039 2345 ὑμεῖς
3073 2291 3235 2343 φατε,
3267 2274 3683 2343 προσεδοκῶμεν

2120 2369 2477 2437 ἐπαγγελίας,
2508 2368 2619 2421 οὐδ’
2647 2367 2714 2422 ἂν
2738 2368 2836 2437 τὴν
2864 2368 3040 2437 ἀρχὴν
3070 2367 3208 2429 ὅλως
3237 2370 3351 2429 τοῖς
3373 2366 3686 2435 λεγομένοις

2122 2461 2254 2532 παρ’
2283 2459 2437 2529 ὑμῶν
2467 2458 2863 2529 προσέσχομεν.
2894 2457 3158 2511 Λείπεται
3188 2457 3322 2524 γοῦν
3351 2456 3506 2521 ἀξίοις
3558 2457 3685 2526 ὑμῖν

2122 2554 2230 2607 τῶν
2266 2552 2443 2623 ἔργων
2468 2550 2568 2610 τὰς
2598 2549 2836 2621 ἀμοιϐὰς
2866 2548 3179 2603 ἀποδοῦναι.

2193 2645 2252 2701 ι’.
2277 2641 2433 2706 Eine,
2463 2644 2558 2698 καὶ
2588 2642 2925 2712 παραχρῆμα
2960 2642 3174 2696 κελεύει
3219 2643 3367 2711 τρεῖς
3400 2642 3685 2711 ἐνεχθῆναι

2123 2735 2379 2805 λέϐητας,
2416 2737 2478 2787 ὲν
2510 2728 2593 2795 οἷς
2634 2731 2880 2801 μόλιϐδον
2919 2731 3285 2802 ἐμϐληθῆναι,
3316 2733 3409 2784 καὶ
3462 2731 3574 2801 πῦρ
3601 2733 3684 2784 ὅτι

2128 2826 2320 2897 συχνὸν
2366 2827 2550 2887 αὐτοῖς
2611 2822 2970 2876 ὑποκαίεσθαῑ
2995 2840 3008 2853 °
3051 2821 3272 2885 στύλους
3300 2821 3360 2875 δὲ
3390 2820 3520 2889 παρ’
3550 2821 3682 2873 ἑκά-

2123 2937 2257 2990 τερα
2301 2916 2409 2972 τῶν
2456 2915 2699 2986 λεϐήτων
2753 2913 3153 2982 ἑγκαταπῆξαι,
3209 2914 3392 2975 διττὰς
3438 2912 3551 2964 ἄνω
3588 2911 3686 2974 τάς

2126 3009 2366 3080 κεφαλάς
2416 3009 2659 3079 ἔχοντας,
2714 3007 2808 3059 καὶ
2852 3004 3055 3067 ταύτας
3098 3002 3433 3074 διῃρημένας
3458 3018 3474 3035 ο
3508 3001 3578 3054 δι’
3612 2998 3688 3055 ὧν

453 3093 887 3163 comprehensis,
930 3109 1027 3148 eos
1060 3094 1114 3147 in
1150 3094 1356 3149 lebetes
1400 3093 1708 3164 demittere,
1736 3104 1789 3150 et
1825 3110 2015 3151 rursus

2121 3103 2332 3165 ἁλύσεις
2362 3099 2647 3161 καθέντας,
2683 3098 2777 3155 καὶ
2805 3097 2904 3158 τὰς
2937 3096 3045 3149 τῶν
3089 3096 3265 3162 ἁγίων
3298 3093 3686 3164 περιλαϐόντες

453 3198 669 3238 sursum
708 3184 951 3238 trahere.
986 3183 1101 3238 lloc
1133 3200 1263 3257 ergo
1290 3185 1547 3241 horribile
1579 3187 1903 3258 supplicium
1931 3204 2022 3243 su-

455 3274 704 3338 beuntes,
738 3273 1011 3326 canticum
1038 3274 1267 3328 canebat
1297 3274 1668 3346 unusquisque
1703 3286 1945 3339 sanctus,
1969 3286 2023 3332 et

453 3381 553 3419 suo
584 3366 795 3420 nomini
830 3373 885 3420 et
918 3379 1093 3436 ρατηερ
1123 3367 1475 3423 conveniens.
1514 3368 1644 3423 Nam
1680 3370 1871 3425 beatus
1902 3371 2024 3441 qni-

453 3457 575 3511 dem
608 3455 863 3527 Pegasius
902 3475 915 3511 :
953 3476 973 3509 ι
1006 3455 1273 3524 Quoniam
1304 3459 1370 3513 ad
1400 3470 1452 3515 te
1481 3470 1565 3515 est
1607 3460 1731 3516 fons
1762 3461 1902 3527 vitae,
1938 3463 2024 3516 di-

454 3548 649 3603 cebat:
687 3547 740 3602 ln
764 3548 972 3602 lumine
1003 3556 1098 3604 tuo
1130 3550 1432 3606 videbimus
1474 3551 1656 3607 lumen
1674 3554 1748 3607 ⁸.»
1788 3554 2023 3623 Insignis

454 3646 632 3693 autem
662 3638 1125 3709 Anempodistus:
1160 3660 1178 3693 ι
1215 3639 1386 3698 Pedes
1417 3644 1521 3697 mei
1553 3653 1825 3699 steterunt
1865 3646 2025 3700 recti-
2062 3699 2067 3704 .

458 3730 665 3792 tudine.
703 3739 758 3785 et
809 3731 1033 3787 lucerna
1066 3733 1293 3803 pedibus
1321 3734 1459 3790 meis
1487 3735 1569 3790 lex
1616 3743 1728 3802 tua,
1758 3748 1813 3792 et
1841 3736 2023 3792 lumen

454 3822 660 3877 semitis
694 3823 919 3878 meis'.»
945 3824 1164 3880 Diviuus
1194 3841 1320 3881 vero
1341 3827 1687 3899 Acindynus:
1719 3847 1738 3879 ι
1766 3829 2029 3900 Compre-

457 3915 761 3970 henderunt
795 3929 909 3985 nos,
941 3916 1156 3971 dolores
1186 3918 1396 3981 mortis,
1427 3920 1669 3988 pericula
1702 3920 1901 3976 inferni
1940 3922 2026 3977 in-

457 4015 724 4062 venerunt
770 4023 894 4073 nos,
931 4026 950 4059 ›
998 4008 1093 4063 sed
1136 4008 1348 4066 etiamsi
1397 4026 1496 4080 per
1546 4011 1725 4084 ignem
1775 4014 2027 4069 transivi-

456 4110 610 4162 mus,
650 4097 792 4168 ipse,
819 4095 1069 4164 Domine,
1109 4098 1308 4175 educes
1336 4114 1436 4154 nos
1467 4100 1523 4154 in
1560 4100 1953 4171 refrigerium'.
2002 4121 2022 4153 ι

455 4190 556 4255 Qui
591 4198 710 4245 erat
759 4199 939 4244 autem
995 4191 1174 4246 anima
1202 4192 1509 4248 obcaecatus
1554 4195 1865 4264 imperator,
1902 4210 2026 4250 cum

457 4282 589 4337 vidit
611 4292 826 4337 sanctos
866 4297 896 4335 a
936 4282 1157 4351 plumbo
1211 4284 1348 4338 nihil
1388 4286 1518 4354 pati,
1552 4287 1775 4355 propius
1809 4288 1876 4340 ad
1913 4288 2028 4341 illos

455 4375 721 4429 accedens
748 4393 761 4429 :
784 4372 942 4439 Novi,
990 4374 1190 4444 inquit.
1226 4385 1433 4430 vestras
1460 4378 1781 4445 praestigias,
1817 4389 1873 4433 et
1903 4394 2026 4431 cum

2122 3194 2317 3263 ὀσφῦς,
2344 3193 2513 3262 χαλᾷν
2541 3207 2599 3242 τε
2628 3190 2822 3250 αὐτοὺς
2850 3190 2931 3249 εἰς
2959 3188 3084 3249 τοὺς
3132 3186 3367 3255 λέϐητας
3400 3186 3495 3238 καὶ
3525 3186 3687 3238 πάλιν

2122 3284 2393 3340 ἀνέλκειν.
2432 3280 2541 3350 Τὴν
2590 3279 2682 3332 οὖν
2729 3274 2974 3346 φρικώδη
3011 3274 3215 3346 ταύτην
3259 3276 3491 3345 βάσανον
3524 3273 3688 3327 ὑπελ-

2125 3376 2329 3439 θόντες,
2374 3371 2517 3443 ᾠδὴν
2558 3371 2792 3431 ἕκαστος
2840 3368 2948 3419 τῶν
2988 3367 3158 3434 ἁγίων
3190 3368 3254 3435 τῇ
3281 3365 3473 3435 κλήσει
3500 3381 3558 3415 τε
3593 3364 3686 3415 καὶ

2123 3464 2190 3531 τῇ
2223 3459 2446 3516 κολάσει
2486 3455 2819 3525 κατάλληλον
2846 3451 2991 3528 ᾖδεν.
3037 3457 3093 3506 'U
3128 3453 3225 3521 μὲν
3273 3454 3382 3522 γὰρ
3417 3451 3687 3522 μακάριος

2124 3553 2400 3621 Πηγάσιος
2428 3564 2441 3578 °
2484 3549 2606 3602 Ὅτι
2640 3549 2788 3618 ποιρά
2839 3547 2921 3599 σοὶ
2952 3546 3101 3618 πηγὴ
3149 3545 3315 3616 ζωῆς,
3350 3546 3533 3613 ἔλεγεν
3562 3582 3577 3607 ,
3626 3546 3687 3595 ὲν

2125 3642 2201 3713 τῷ
2242 3642 2384 3713 φωτί
2427 3657 2545 3705 σου,
2583 3639 2777 3709 Κύριε,
2809 3637 3051 3708 ὀψόμεθα
3094 3638 3227 3706 φῶς.
3273 3636 3331 3689 '0
3358 3634 3601 3703 ἀοίδιμος
3628 3634 3689 3687 δὶ

2137 3733 2578 3804 Ἀνεμπόδιστος,
2610 3732 2672 3785 0!
2703 3730 2862 3793 πόδες
2898 3746 3000 3799 μου
3036 3732 3093 3781 ὲν
3145 3727 3399 3795 εὐθύτητι
3429 3726 3685 3796 ἔστησαν,

2126 3825 2222 3879 καὶ
2247 3802 2436 3894 λύχνος
2465 3824 2578 3884 τοῖς
2608 3822 2732 3874 ποσί
2758 3837 2858 3890 μου
2888 3821 2916 3873 ό
2953 3819 3116 3887 νόμος
3143 3832 3257 3882 σου,
3289 3817 3379 3870 καὶ
3414 3816 3532 3884 φῶς
3554 3802 3686 3878 ταῖς

2126 3916 2335 3989 τρίϐοις
2387 3931 2508 3984 μου.
2546 3912 2856 3972 Ἀκίνδυνος
2883 3910 2942 3963 δὲ
2984 3911 3013 3962 ὁ
3045 3909 3185 3973 θεῖος
3217 3908 3513 3979 Περιέσχον
3543 3907 3690 3977 ἡμᾶς

2127 4007 2313 4068 ώδῖνες
2344 4003 2604 4068 θανάτου,
2650 4003 2887 4056 κίνδυνοι
2919 4000 3046 4071 ᾇδου
3080 3998 3311 4065 εὖροσαν
3344 3999 3489 4067 ἡμᾶς
3511 4012 3523 4026 ⁸
3552 3995 3691 4051 ἀλλά

2128 4101 2233 4156 κᾶν
2281 4097 2367 4152 διὰ
2418 4096 2586 4166 πυρὸς
2622 4094 2896 4165 ἤλθομεν,
2949 4092 3135 4155 αὐτος,
3163 4091 3361 4159 Κύριε,
3418 4088 3688 4157 ἐξήγαγες

2129 4194 2274 4265 ἡμᾶς
2301 4192 2379 4253 είς
2413 4186 2720 4257 ἀναψυχήν.
2764 4186 2823 4237 ὐ
2848 4185 2904 4238 δέ
2934 4202 2996 4252 γε
3027 4182 3434 4253 πεπωρωμένος
3460 4182 3558 4251 τὴν
3584 4182 3689 4251 ψυ-

2130 4287 2231 4357 Χὴν
2262 4283 2517 4355 βασιλεὺς
2541 4282 2617 4343 ὼς
2638 4280 2788 4333 οὐδὲν
2815 4278 2984 4331 δεινὸν
3018 4277 3125 4329 ὑπὸ
3152 4275 3244 4329 τοῦ
3285 4275 3534 4346 μολίϐδου
3566 4273 3692 4335 τοὺς

2131 4377 2321 4445 ἁγίους
2358 4374 2507 4443 ἐώρα
2554 4372 2883 4440 πάσχοντας,
2928 4367 3225 4435 ἐγγύτερον
3284 4365 3467 4426 αὐτοῖς
3513 4379 3692 4431 παρα-

454 4476 671 4521 catenas
699 4466 816 4520 suis
850 4465 1121 4535 tetigisset
1164 4466 1433 4531 manibus,
1471 4467 1688 4522 demisit
1723 4478 1942 4523 sanctos
1975 4471 2021 4522 in

2137 4469 2290 4530 στὰς,
2324 4466 2557 4532 Ἕγνων,
2591 4461 2715 4532 ἔφη,
2746 4460 2844 4522 τάς
2870 4456 3125 4527 γοητείας
3151 4454 3324 4524 ὑμῶν,
3354 4454 3447 4506 καὶ
3479 4453 3541 4521 δὴ
3572 4457 3691 4515 ταῖς

454 4556 657 4610 lebetes
716 4570 886 4623 usque
951 4556 1019 4610 ad
1077 4555 1298 4610 collum.
1353 4556 1594 4623 Quorum
1649 4560 2026 4615 submersiune

456 4646 738 4716 plumbum
775 4645 1005 4701 ell‘usuut
1041 4662 1204 4717 supra
1229 4647 1454 4715 lebetes,
1481 4665 1576 4704 eos
1612 4666 1779 4721 prope
1810 4651 2029 4721 reliquit

456 4751 678 4792 vacuos.
709 4735 905 4792 Statim
953 4753 1081 4810 ergo
1113 4738 1368 4794 dixerunt
1418 4741 1592 4796 sancti
1634 4749 1908 4811 tyranno:
1943 4742 2026 4797 Tu

455 4827 677 4898 quidem
711 4843 834 4883 cum
863 4837 953 4883 tua
980 4844 1142 4883 manu
1171 4831 1335 4887 velles
1367 4830 1526 4886 nobis
1552 4841 1780 4887 mortem
1809 4834 2027 4898 afferre,

455 4935 486 4969 ιι
524 4931 690 4986 scopo
719 4916 1003 4984 excidisti,
1038 4918 1151 4973 Deo
1187 4934 1290 4974 nos
1339 4920 1562 4975 omnino
1610 4933 1973 4978 conservante
2008 4937 2021 4975 :

457 5007 609 5062 labor
658 5017 840 5062 autem
886 5017 1010 5064 tuus
1061 5009 1116 5064 in
1171 5019 1335 5080 caput
1368 5021 1517 5066 tuum
1566 5022 1933 5075 convertetur,
1970 5022 2025 5066 et

455 5101 672 5173 colliges
715 5101 926 5157 fructus
974 5103 1164 5176 dignos
1210 5106 1316 5161 tuis
1368 5106 1645 5175 operibus.
1692 5105 1787 5161 llis
1839 5114 2021 5160 autem

456 5193 571 5247 haec
622 5192 953 5260 dicentibus,
999 5194 1315 5251 ceciderunt
1366 5197 1581 5266 quidem
1635 5204 1691 5252 et
1748 5197 2023 5251 dissoluta:

455 5293 581 5339 sunt
604 5296 829 5342 catenas.

524 5547 618 5601 x1.
653 5546 801 5602 Unus
845 5559 1023 5606 autem
1072 5568 1137 5607 ex
1188 5555 1469 5621 tntnistris,
1507 5558 1806 5613 admirabili
1834 5559 2026 5615 obstu-

531 5738 551 5768 '
586 5736 907 5800 Psal.xxxv,
940 5735 1026 5792 {0.
1102 5739 1121 5771 ⁸
1148 5740 1286 5795 Psal.
1314 5756 1469 5807 xvm,
1498 5743 1617 5797 105.
1698 5747 1716 5777 ⁷
1746 5746 1888 5801 l’sal.
1924 5762 2056 5811 εγω,
2079 5743 2131 5809 5,
2166 5743 2193 5794 ’ἱ
2230 5760 2242 5809 ;

2129 4554 2325 4613 ἑαυτοῦ
2359 4553 2517 4625 χερσὶ
2550 4551 2660 4604 τῶν
2708 4548 2953 4605 ἁλύσεων
2997 4545 3405 4615 καθαψάμενος,
3447 4541 3691 4611 καθῆκεν

2130 4653 2211 4713 είς
2257 4649 2383 4710 τοὺς
2424 4644 2659 4713 λέϐητας
2686 4644 2812 4705 τοὺς
2841 4641 3029 4709 ἁγίους
3072 4640 3203 4709 ἄχρι
3233 4638 3329 4692 καὶ
3359 4635 3453 4690 τοῦ
3487 4637 3693 4707 τραχή-

2110 4732 2347 4814 .λου.⁷Ων
2374 4738 2441 4806 τῇ
2476 4732 2765 4788 καταδύσει
2788 4729 2896 4784 τῶν
2920 4729 3164 4799 λεϐήτων
3192 4730 3220 4780 ὁ
3240 4726 3486 4798 μόλιϐδος
3514 4726 3691 4793 ὑπερ-

2130 4829 2403 4900 εκχυθεὶς,
2455 4824 2645 4887 κενοὺς
2705 4822 2886 4889 ὀλίγον
2919 4819 3146 4883 τούτους
3176 4819 3463 4872 ἀπέλιπεν.
3519 4817 3694 4878 Εὐθὺς

2132 4919 2223 4976 οὖν
2270 4921 2318 4973 οἱ
2351 4918 2497 4987 ἆγιοι
2529 4916 2609 4986 τῷ
2638 4914 2913 4983 τυράννῳ·
2948 4912 3019 4964 Συ
3054 4912 3153 4980 μὲν
3203 4911 3484 4982 αὐτόχειρ,
3516 4904 3690 4971 εἶπον,

2130 5011 2222 5066 τοῦ
2255 5008 2378 5063 καθ’
2407 5004 2565 5077 ἡμῶν
2601 5004 2834 5058 θανάτου
2873 5002 3133 5070 γενέσθαι
3185 5000 3536 5071 βουλόμενος,
3582 5000 3697 5068 διή-

2134 5119 2337 5174 μαρτες
2361 5099 2454 5153 τοῦ
2486 5096 2690 5152 σκοποῦ
2723 5096 2817 5150 τοῦ
2844 5095 2980 5149 Θεοῦ
3015 5095 3237 5158 πάντως
3270 5095 3417 5165 ἡμᾶς
3468 5092 3700 5164 περισώ-

2131 5206 2341 5256 σαντος·
2370 5193 2397 5243 ὁ
2429 5189 2486 5242 δὲ
2532 5189 2693 5253 πόνος
2724 5205 2817 5241 σου
2849 5189 2929 5249 είς
2963 5185 3209 5256 κεφαλήν
3235 5202 3329 5237 σου
3357 5184 3696 5251 ἐπιστραφή-

2127 5299 2300 5345 σεται,
2356 5283 2449 5334 καὶ
2499 5278 2686 5345 ἀξίους
2718 5278 2828 5331 τῶν
2880 5277 3057 5346 ἔργων
3105 5291 3198 5327 σου
3271 5273 3399 5335 τοὺς
3446 5272 3695 5341 καρποὺς

2125 5374 2443 5446 τρυγήσεις.
2474 5368 2661 5423 Ταῦτα
2703 5368 2760 5421 δὲ
2796 5367 2975 5422 αὐτῶν
3004 5365 3297 5433 λεγόντων,
3325 5363 3380 5415 αἱ
3418 5362 3518 5432 μὲν
3564 5361 3695 5417 ἀλύ-

2127 5482 2242 5527 σεις
2275 5462 2562 5528 ἐξέπιπτόν
2596 5477 2655 5513 τε
2683 5460 2776 5514 καὶ
2803 5457 3097 5512 διελύοντο.

2205 5554 2306 5608 lA’.
2338 5550 2430 5615 Εἷς
2461 5553 2516 5606 δὲ
2540 5553 2648 5607 τῶν
2675 5550 2985 5623 ὑπηρετῶν,
3014 5549 3093 5620 τῷ
3124 5548 3416 5622 παραδόξῳ
3444 5551 3539 5607 τοῦ
3567 5551 3694 5608 θεά-

2286 5757 2407 5795 va.
2459 5739 2537 5793 l2.
