4060 6374
386 304 458 367 ‘Zl
1244 312 1715 374 MARTYRIUM
1755 314 1816 374 S.
1859 313 2228 374 ACINDYNI
2270 317 2365 377 ET
2405 316 2811 378 SOCIORUM.
3569 315 3644 377 2:2

393 433 563 485 ματος
601 417 920 488 ἐκπλαγεὶς,
954 420 1143 490 Μέγας
1171 424 1200 475 ό
1248 422 1383 487 Θεὸς
1429 426 1538 479 τῶν
1586 426 1951 495 Χριστιανῶν,

2068 426 2312 493 peractus
2346 431 2678 498 spectaculo,
2712 428 3037 485 exclamavit
3072 446 3085 483 :
3129 428 3354 501 Magnus
3389 437 3475 485 est
3498 428 3639 486 Deus

389 509 692 579 ἀνεϐόησε·
734 513 1062 581 Χριστιανόν
1107 530 1168 566 τε
1224 515 1419 569 ἑαυτὸν
1475 517 1805 587 ἀνεκήρυξε,
1866 521 1962 574 καὶ

391 600 529 671 πρὸς
574 604 669 654 τδν
712 602 1013 673 τύραννονσ
1055 603 1342 673 Ὦμότατε,
1395 608 1639 679 εἴρηκεν,
1678 608 1782 673 ἕως
1816 610 1963 675 τίνος

388 692 502 754 τοῖς
540 692 930 764 προστάγμασί
959 712 1054 748 σου
1079 697 1445 769 κατατρύχεις
1471 700 1642 770 ημᾶς,
1675 701 1960 771 ἀνηνύτοις

389 784 691 853 ἐπιχειρεῖν
715 783 1206 855 διακελευόμενος;
1247 787 1427 858 Ἠμᾶς
1454 789 1561 859 γὰρ
1596 791 1800 860 μᾶλλον
1838 795 1963 858 τοὺς

395 871 483 925 σοὶ
510 872 756 935 είκοντας
785 873 817 944 ἢ
846 876 974 939 τοὺς
1003 877 1098 930 τοῦ
1130 879 1368 949 Χριστοῦ
1406 880 1693 953 μάρτυρας
1719 883 1962 954 πάσχονο

394 980 490 1027 τας
520 964 763 1033 ὁρῶμεν.
802 966 862 1020 ’0
889 967 946 1020 δὲ
974 968 1240 1037 τύραννος
1273 970 1353 1041 τῷ
1385 971 1569 1043 ἀθρόῳ
1596 973 1692 1043 τῆς
1726 976 1962 1044 μεταδο-

392 1052 490 1125 λῇς
528 1054 697 1108 αὐτοῦ
752 1055 1159 1130 διαταραχθεὶς,
1198 1061 1434 1134 κρύπτει
1478 1064 1580 1133 μὲν
1617 1067 1746 1137 παρ’
1783 1067 1964 1138 ἐαυτῷ

390 1145 489 1212 τὴν
526 1145 698 1216 ὀργήν
730 1162 753 1217 ’ν
801 1151 1086 1220 πραότητα.
1134 1152 1193 1206 δὲ
1254 1153 1582 1226 ὑποκριθείς
1610 1195 1625 1221 ,
1683 1159 1820 1229 πρὸς
1867 1159 1964 1213 τὸν

403 1239 688 1307 ’Λφθόνιον
733 1240 913 1312 (τοῦτο
951 1244 1062 1314 γάρ
1100 1240 1169 1316 ἦν
1207 1246 1380 1316 ὄνομα
1424 1248 1505 1319 τῷ
1548 1249 1960 1322 πιστεύσαντι)⁸

387 1332 645 1402 Φὼνησον
676 1335 897 1400 αὐτοὺς,
935 1335 1061 1406 ἔφη,
1091 1338 1279 1408 τάχιον
1308 1339 1418 1392 τῶν
1450 1341 1698 1411 λεῦήτων
1738 1344 1965 1410 ὑπεξελ-

390 1424 527 1476 θεῖν.
556 1424 620 1478 Οί
649 1424 708 1478 δὲ
739 1426 870 1480 σῶοι
912 1427 1168 1499 καθάπερ
1193 1433 1259 1484 ὲκ
1289 1430 1519 1501 χωνείας
1547 1434 1747 1503 χρυσὸς
1802 1436 1963 1502 εὐθὺς

389 1514 706 1581 ἀναδύντες,
742 1518 822 1589 τῷ
855 1518 1067 1589 βασιλεῖ
1101 1522 1474 1594 παρέστησαν.
1517 1524 1576 1577 '0
1628 1526 1812 1595 μέντοι
1841 1543 1965 1595 γεν-

390 1609 537 1670 ναῖος
588 1607 895 1676 ’Δᾳθόνιοω
947 1611 1010 1664 τὸ
1066 1614 1194 1684 περὶ
1242 1614 1340 1685 τὴν
1386 1612 1645 1670 ἀσέϐειαν
1695 1620 1964 1687 νεοπαγὲς

384 1695 580 1768 ὥσπερ
631 1700 1014 1769 ὲπικρατύνων
1040 1716 1055 1733 ³
1100 1704 1349 1760 Γνωστὸν
1402 1705 1544 1760 ἔστω
1578 1724 1681 1773 σοι,
1716 1709 1961 1778 βασιλεῦ.

384 1788 617 1858 ἔργμὸτι
651 1789 744 1842 τὸν
769 1790 902 1845 Θεὸν
930 1791 989 1844 ὃν
1017 1794 1337 1864 Χριστιανοὶ
1374 1796 1616 1861 σέϐουσι,
1650 1800 1963 1869 προσκυνῶ,
1993 1785 2040 1846 Β

388 1878 479 1929 καὶ
508 1876 660 1947 αὐτῷ
693 1879 840 1948 μόνῳ
871 1878 1140 1952 λατρεύω,
1160 1886 1255 1937 καὶ
1279 1886 1491 1949 τούτοις
1522 1888 1761 1956 ἐμαυτὸν
1790 1904 1964 1959 προσ-

387 1967 579 2040 τίθημι
625 1972 743 2032 τοῖς
776 1971 976 2037 ἁγίοις.
1018 1973 1074 2029 Ὀ
1114 1975 1171 2028 δὲ
1219 1976 1282 2030 τὸ
1328 1977 1447 2033 λίαν
1494 1978 1754 2050 εὔτολμον
1798 1982 1962 2036 αὐτοῦ

388 2062 482 2113 καὶ
514 2064 1084 2135 πεπαρῤησιασμένον
1120 2071 1516 2139 καταπλαγεὶς,
1552 2072 1820 2145 θεραπείᾳ
1871 2078 1966 2129 καὶ

386 2153 563 2221 τιμῶν
591 2155 951 2226 ὑποσχέσεσιν
984 2161 1362 2229 ἐπαγαγέσθαι
1391 2165 1596 2232 μᾶλλον
1623 2165 1786 2218 αὑτὸν
1814 2168 1966 2218 ἐπει-

386 2245 542 2313 piso,
589 2244 731 2313 Ἐγὼ
783 2263 892 2313 σοι,
946 2248 1144 2318 λέγων,
1199 2253 1298 2323 τῆς
1344 2254 1604 2324 τοιαύτης
1660 2258 1965 2331 μεταϐολῆς

387 2336 655 2408 κατέστην
698 2338 897 2403 αἴτιος,
936 2341 1029 2395 ἐπὶ
1075 2343 1244 2397 πολὺν
1303 2346 1404 2417 ἠδη
1454 2348 1547 2400 τὸν
1583 2350 1773 2418 χρόνον
1812 2353 1871 2404 ὲν

384 2427 604 2493 τέταξαι
655 2430 956 2503 στρατείᾳ,
1027 2436 1366 2503 καταλιπὼν,
1408 2441 1504 2492 καὶ
1571 2439 1645 2510 μὴ
1701 2442 1964 2511 μειζόνων

386 2520 630 2586 ἀξιώσας
662 2524 841 2594 τιμῶν
862 2540 876 2555 ο
925 2525 1041 2578 ἀλλ’
1068 2528 1125 2579 εῖ
1154 2545 1204 2581 τι
1232 2531 1327 2582 καὶ
1362 2531 1525 2602 μέχρι
1555 2532 1649 2586 τοῦ
1690 2535 1787 2587 νῦν
1815 2535 1965 2589 ἐλλε-

387 2612 680 2684 λοίπαμεν,
711 2616 1110 2688 ἀναπληρῶσαι
1165 2620 1563 2689 σπουδάσομεν.
1599 2623 1785 2693 Μηδὲν
1834 2624 1963 2691 γοῦν

385 2704 848 2775 ὑποστειλάμενος
876 2745 892 2770 ,
938 2708 1059 2760 εἰπὲ
1089 2708 1234 2772 τίνος
1261 2711 1372 2764 τῶν
1403 2709 1732 2783 ἀξιωμάτων
1770 2716 1963 2787 ὀρέγῃ,

388 2796 547 2849 οὐδὲν
584 2797 694 2866 γὰρ
720 2797 779 2849 τὸ
813 2798 1080 2869 παράπαν
1110 2802 1246 2873 πρδς
1272 2803 1372 2870 τὴν
1399 2803 1616 2874 αἴτησιν
1668 2808 1963 2861 ἀνανεύσο-

390 2903 517 2953 μεν.
569 2886 626 2940 Ὀ
675 2888 731 2940 δὲ
780 2889 875 2942 τοῦ
934 2891 1172 2961 Χριστοῦ
1237 2894 1520 2958 νεόλεκτος
1598 2898 1960 2969 στρατιώτης,

400 2978 555 3046 Ἐμοὶ
603 2979 790 3044 πόθος,
835 2976 1016 3045 εἶπεν,
1046 2975 1091 3036 ὦ
1124 2982 1366 3052 βασιλεῦ,
1410 2987 1703 3056 στρατείαν
1756 2988 1961 3056 λαϐεῖν,

386 3071 455 3139 ἦν
506 3072 607 3123 οὐκ
653 3072 820 3135 αὐτὸς
854 3069 904 3125 εἷ
937 3074 1163 3137 δυνατὸς
1205 3080 1539 3146 παρασχεῖν,
1584 3079 1700 3132 ἀλλ’
1737 3081 1765 3131 ὁ
1803 3080 1963 3149 μόνος
1989 3125 2031 3182 c

384 3162 657 3227 ἀθάνατος
690 3161 973 3233 βασιλεὺς,
1006 3166 1063 3230 ὃς
1093 3168 1398 3233 ἀθανάτους
1456 3167 1563 3223 οἶδε
1594 3173 1689 3225 καὶ
1726 3172 1824 3235 τὰς
1861 3172 1963 3225 δω-

389 3256 523 3324 ρεάς
570 3258 912 3327 χαρίζεσθαι.
960 3260 1316 3329 Καταμαθὼν
1363 3257 1455 3314 οὖν
1494 3264 1589 3333 τῆς
1620 3264 1788 3318 αὑτοῦ
1824 3264 1964 3333 γνὼ·

390 3364 524 3417 μης,
569 3349 632 3401 τὸ
676 3351 920 3421 ἀρῥαγές
965 3368 1025 3404 τε
1073 3353 1167 3405 καὶ
1226 3354 1584 3424 ἀμετάθετον,
1617 3355 1779 3420 εὐθὺς
1814 3357 1964 3429 αύτῷ

385 3442 481 3493 τὸν
512 3441 604 3495 διὰ
635 3442 828 3510 ξίφους
865 3444 1258 3514 ὲπιψηιρίζεται
1296 3446 1546 3512 θάνατον,
1578 3450 1636 3502 ὲν
1694 3452 1965 3518 τιμωρίας

389 3532 553 3601 μέρει
594 3571 610 3594 ,
664 3535 733 3585 τὰ
780 3533 1141 3588 εὐκταιότατα
1186 3536 1570 3607 χαρισάμενς.
1646 3541 1740 3601 ’ος
1797 3540 1966 3609 ἡδέως

388 3621 599 3693 σφόδρα
649 3623 945 3694 δεξάμενος
983 3625 1083 3695 τὴν
1120 3626 1395 3696 ἀπόφασιν
1420 3645 1432 3660 ’
1475 3631 1801 3701 Εὐχαριστῶ
1857 3650 1960 3697 σοι,

387 3710 570 3779 εἶπεν,
606 3716 799 3787 Κύριε,
832 3718 914 3770 ὅτι
964 3718 1183 3784 ἀνάξιον
1215 3721 1344 3775 ὅντα
1398 3722 1591 3788 σώζεις
1638 3742 1729 3794 με,
1774 3724 1860 3777 διὰ
1906 3724 1966 3778 τὸ

386 3809 527 3863 πολύ
591 3827 689 3863 σου
730 3814 825 3867 καὶ
884 3813 1182 3885 ἀδιήγητον
1229 3817 1396 3883 ἕλεος.

387 3903 572 3971 ἅγιον,
599 3905 697 3958 νῦν
723 3908 821 3960 καὶ
855 3909 934 3971 είς
964 3912 1054 3962 τὸν
1081 3908 1275 3963 ἔπειτα
1301 3910 1492 3975 αἰῶνα.
1536 3913 1729 3982 ’Λμήν.

460 4000 566 4054 lB’.
597 4000 735 4055 Εἶτα
783 4002 918 4072 πρὸς
974 4006 1099 4068 τοὺς
1142 4006 1335 4073 ἁγίους
1385 4008 1771 4077 ἐπιστραφεὶς,
1826 4010 1967 4079 Ἐγὼ

390 4093 493 4162 μὲν
526 4092 648 4163 ἤδη.
678 4094 860 4165 κύριοί
894 4112 996 4166 μου
1029 4096 1352 4169 ποθούμενοι
1382 4101 1479 4153 καὶ
1526 4100 1807 4167 δεσπόται,
1859 4119 1964 4172 φη-

281 4194 303 4209 ·
389 4186 500 4249 σἰν,
539 4186 641 4257 τὴν
692 4189 1062 4260 προκειμένην
1118 4190 1358 4246 ὁδεᾶσων
1392 4194 1609 4263 ἄπειμι.
1660 4195 1866 4265 Δέομαι
1909 4195 1966 4248 δὲ

386 4277 493 4345 τῆς
523 4280 845 4348 συμπαθοῦς
877 4281 1030 4352 ὑμῶν
1067 4285 1160 4338 καὶ
1207 4284 1594 4355 φιλανθρώπου
1622 4284 1828 4356 ψυχῆς,
1887 4288 1963 4357 μὴ

392 4372 809 4442 μνησιγακῆσαί
846 4391 960 4444 μοι,
993 4368 1069 4429 ὧν
1098 4378 1180 4438 είς
1208 4377 1355 4447 ὑμᾶς
1404 4377 1617 4448 ἔπραξα
1667 4380 1961 4449 κελευόμεν

2067 514 2526 571 Christianorum.
2560 520 2627 572 Et
2672 526 2903 589 tyranno
2951 519 3192 575 dixit:0
3239 520 3638 575 crudelissimeo

2069 622 2351 677 quousque
2384 607 2490 663 tuis
2515 609 2684 677 jussis
2717 624 2815 663 nos
2847 625 3026 672 vexas,
3058 609 3254 680 iubens
3296 624 3399 664 nos
3424 610 3640 681 aggredi

2068 714 2154 763 ea,
2186 714 2306 768 quae
2322 707 2450 753 sunt
2474 699 2723 754 inutilia?
2754 698 2862 753 Nos
2905 702 3072 765 enim,
3111 702 3203 771 qui
3234 702 3334 757 tibi
3364 702 3633 764 cedimus.

2068 792 2317 849 videmus
2346 791 2454 861 pati
2484 790 2688 861 potius,
2714 806 2872 858 quam
2893 792 3094 847 Christi
3127 803 3406 864 martyres.
3431 794 3642 863 Tyran-

2071 900 2172 940 nus
2208 895 2391 939 autem
2443 883 2799 938 conturbatus
2836 884 3117 951 repentina
3152 885 3270 955 ejus
3314 886 3636 949 mutatione,

2069 975 2203 1031 iram
2248 975 2466 1045 quidem
2519 976 2663 1045 apud
2711 990 2771 1031 se
2824 976 2982 1038 celat,
3018 976 3112 1031 sed
3159 978 3633 1032 mansuetudinem

2070 1069 2333 1124 simulans
2367 1066 2513 1137 apud
2539 1067 2914 1137 Aphthonium
2945 1066 3073 1139 (hoc
3106 1068 3250 1122 enim
3286 1075 3404 1122 erat
3439 1082 3638 1122 nomen

2068 1158 2142 1220 ei.
2170 1159 2261 1228 qui
2291 1158 2616 1228 crediderat)
2640 1175 2655 1211 :
2686 1156 2826 1213 ane
2849 1173 2967 1222 eos,
2996 1157 3195 1228 inquit,
3222 1157 3332 1212 cito
3359 1158 3541 1229 egredi
3575 1173 3637 1212 ex

2070 1250 2359 1305 lebetibus.
2397 1249 2477 1303 llli
2497 1263 2625 1303 vrro
2649 1249 2802 1314 salvi,
2834 1264 2946 1303 non
2976 1262 3134 1303 secus
3163 1257 3327 1317 atque
3350 1263 3544 1301 aurum
3574 1264 3637 1301 cx

2068 1340 2311 1413 fornace,
2340 1348 2564 1408 repente
2603 1347 2942 1407 emergentes
2983 1348 3335 1393 accesserunt
3370 1338 3434 1391 ad
3465 1336 3640 1405 impe-

2073 1439 2332 1486 ratorem.
2391 1430 2656 1501 Egregius
2718 1438 2900 1485 autem
2959 1430 3322 1499 Aphthonius,
3392 1438 3641 1483 recenter

2068 1535 2411 1597 compactam
2459 1524 2618 1579 ﬁdem
2670 1524 2834 1579 veluti
2887 1522 3219 1577 confirmans
3250 1540 3263 1576 :
3296 1520 3494 1575 Notum
3545 1520 3640 1574 tibi

2069 1618 2162 1682 sit.
2198 1617 2400 1687 inquit,
2431 1633 2464 1671 ο
2492 1632 2612 1677 rex,
2642 1615 2786 1685 quod
2819 1615 2989 1669 Deum
3039 1613 3228 1677 adoro,
3265 1628 3428 1683 quem
3458 1611 3640 1666 colunt

2072 1709 2388 1778 Christiani,
2419 1718 2476 1764 et
2506 1710 2559 1764 ei
2597 1708 2696 1763 soli
2733 1707 2933 1771 servio,
2969 1715 3023 1761 et
3063 1720 3151 1761 me
3182 1707 3266 1760 his
3316 1704 3522 1758 sanctis
3547 1703 3640 1757 ad-

2064 1805 2252 1875 jungo.
2277 1802 2371 1858 ille
2399 1811 2582 1857 autem
2616 1817 2809 1873 magna
2833 1802 2951 1873 ejus
2983 1799 3209 1855 audacia
3236 1806 3290 1853 et
3319 1797 3513 1851 ﬁducia
3543 1796 3640 1850 ob-

2069 1895 2423 1966 stupefactus,
2471 1895 2628 1951 bonis
2679 1894 2862 1950 verbis
2921 1901 2978 1948 et
3037 1892 3303 1946 honorum
3358 1888 3639 1959 promissis

2066 2002 2191 2042 eum
2242 1987 2543 2042 conabatur
2589 1984 2768 2054 potius
2809 1984 3088 2048 inducere,
3131 1982 3365 2037 dicens:
3407 1979 3514 2047 Ego
3543 1975 3637 2029 tibi

2066 2093 2227 2134 causa
2258 2076 2331 2131 fui
2358 2077 2522 2147 hujus
2550 2075 2889 2141 mutationis,
2916 2073 3009 2144 qui
3037 2082 3088 2128 te
3121 2072 3324 2127 tamdiu
3360 2069 3550 2137 reliqui
3585 2068 3636 2121 in

2065 2185 2151 2234 ea,
2180 2170 2235 2223 in
2276 2183 2381 2238 qua
2423 2167 2571 2222 luisti
2616 2168 2935 2231 collocatus,
2963 2164 3174 2230 militia,
3203 2173 3258 2217 et
3287 2178 3393 2217 non
3436 2175 3555 2215 sum
3585 2168 3638 2213 te

2064 2260 2362 2330 majoribus
2413 2258 2668 2329 dignatus
2717 2256 3047 2321 honoribus;
3083 2255 3176 2308 sed
3204 2253 3247 2307 si
3277 2252 3405 2320 quid
3434 2252 3637 2303 hucus-

2064 2368 2170 2423 que
2201 2349 2526 2416 defecimus,
2571 2348 2624 2403 id
2651 2348 2764 2419 jam
2812 2346 3039 2416 implere
3083 2343 3445 2400 studebimus.
3490 2338 3637 2393 Nihil

2064 2458 2193 2515 ergo
2227 2442 2454 2506 veritus,
2480 2440 2569 2497 die
2598 2440 2788 2503 libere,
2805 2451 3071 2509 quasnam
3104 2435 3295 2506 cupias
3323 2432 3634 2505 dignitates,

2064 2545 2214 2589 tuam
2242 2535 2387 2590 enim
2419 2532 2740 2603 petitionem
2790 2544 3132 2600 nequaquam
3181 2526 3404 2582 omnino
3438 2538 3637 2578 renue~

2065 2642 2206 2681 mus.
2243 2625 2287 2679 A
2311 2624 2529 2679 Christo
2560 2631 2741 2678 autem
2800 2636 2993 2676 recens
3040 2620 3245 2675 electus
3277 2616 3455 2679 miles,
3489 2614 3636 2668 Desi—

2064 2716 2215 2780 dcro,
2256 2714 2458 2783 inquit,
2494 2728 2528 2767 ο
2573 2728 2685 2774 rex,
2720 2726 2839 2765 eam
2873 2710 3123 2778 accipere
3170 2708 3439 2770 militiam,
3474 2718 3634 2773 quam

2066 2809 2182 2877 ipse
2204 2820 2315 2860 non
2345 2814 2502 2874 potes
2535 2802 2778 2870 praebere
2804 2819 2818 2855 ε
2848 2801 2941 2853 sed
2976 2800 3123 2854 solus
3155 2813 3247 2852 rex
3284 2794 3633 2855 immortalis.

2064 2898 2155 2969 qui
2193 2898 2295 2953 scit
2334 2897 2499 2952 etiam
2530 2896 2671 2949 dona
2722 2893 2906 2963 largiri
2951 2887 3303 2944 immortalia.
3327 2887 3463 2941 Cum
3504 2901 3633 2955 ergo

2064 2992 2185 3061 ejus
2215 2993 2423 3047 ﬁrmam
2455 2999 2511 3045 et
2538 2988 2789 3045 stabilem
2822 2985 3099 3041 didicisset
3129 2981 3479 3045 sententiam,
3508 2992 3629 3033 eum

2064 3083 2244 3138 statim
2302 3081 2630 3136 condemnat
2661 3090 2720 3133 ut
2750 3078 2800 3133 ei
2836 3086 3002 3147 caput
3040 3075 3270 3130 feriatur
3291 3072 3489 3143 gladio,
3533 3085 3630 3140 pro

2066 3175 2336 3246 supplicio
2373 3189 2436 3228 ea
2465 3172 2710 3244 largitus,
2746 3186 2866 3241 qua:
2907 3178 3063 3225 erant
3106 3167 3156 3223 ei
3189 3165 3418 3220 maxime
3442 3173 3635 3232 optan-

2066 3270 2151 3322 da.
2186 3266 2292 3333 Qui
2325 3281 2446 3320 cum
2491 3266 2742 3319 lubenter
2780 3246 2901 3316 eam
2934 3259 3230 3329 accepisset
3261 3255 3587 3312 sententiam
3617 3270 3629 3304 :

2064 3361 2180 3431 Ago
2214 3358 2307 3413 tibi
2352 3358 2578 3426 gratias,
2610 3355 2807 3424 inquit,
2843 3351 3091 3415 Domine,
3117 3349 3261 3420 quod
3302 3362 3390 3401 me
3426 3358 3630 3407 servas,

2065 3452 2159 3521 qui
2195 3467 2315 3506 sum
2339 3449 2615 3517 indignus,
2652 3456 2876 3517 propter
2905 3458 3152 3514 magnam
3188 3451 3333 3496 tuam
3362 3450 3416 3493 et
3449 3436 3636 3492 inelIa—

2067 3544 2229 3599 bilem
2264 3542 2708 3598 misericordiam.
2737 3540 3027 3609 i'r0ptcrea
3068 3534 3246 3589 anima
3280 3547 3398 3586 mea
3429 3539 3479 3585 te
3517 3530 3636 3582 lau—

2070 3634 2242 3700 dabit,
2271 3645 2325 3689 et
2364 3651 2564 3690 nomen
2612 3643 2860 3689 sanctum
2912 3639 3064 3685 tuum
3113 3625 3457 3698 gloriﬁcabit,
3489 3637 3640 3676 nunc

2073 3736 2128 3781 et
2164 3726 2219 3781 in
2244 3728 2466 3783 saecula.
2498 3729 2690 3783 Amen.

1484 3820 1584 3873 Διά
1653 3819 1809 3873 τοῦτο
1832 3821 1952 3891 ,καὶ
2004 3822 2037 3891 ἡ
2079 3822 2222 3896 ψυχή
2266 3840 2366 3894 μου
2410 3825 2613 3877 αἰνέσει
2646 3839 2727 3890 σε,
2763 3823 2856 3877 καὶ
2890 3822 2949 3875 τὸ
2978 3820 3149 3889 ὄνομά
3180 3834 3275 3871 σου
3306 3815 3521 3879 δοξάσει
3574 3812 3634 3864 τὸ

2140 4012 2255 4067 XII.
2298 4010 2503 4066 Deinde
2533 4008 2599 4063 ad
2625 4015 2842 4061 sanctos
2874 4017 3173 4060 conversus
3200 4020 3212 4055 :
3249 4001 3361 4070 Ego
3386 3998 3629 4068 quidem,

2068 4103 2266 4171 inquit,
2307 4116 2341 4156 ο
2379 4100 2583 4155 domini
2618 4099 2720 4151 mei
2748 4096 2958 4157 dilecti,
2990 4094 3268 4163 ingredior
3299 4092 3461 4145 vitam
3493 4090 3627 4144 mihi

2068 4193 2421 4264 propositam.
2459 4191 2609 4260 Rogo
2641 4198 2822 4242 autem
2853 4196 3089 4241 vestram
3122 4185 3413 4254 benignam
3447 4192 3502 4239 et
3530 4184 3633 4237 mi-

2067 4284 2399 4341 sericordem
2457 4283 2716 4344 animant,
2768 4295 2837 4333 ne
2866 4276 3231 4332 recordemini
3279 4290 3470 4331 eorum
3513 4290 3634 4344 quae

2060 4380 2247 4449 jussus
2292 4377 2346 4430 in
2400 4390 2496 4429 vos
2541 4375 2641 4428 feci
2677 4389 2690 4424 :
2742 4372 2925 4442 potius
2971 4386 3100 4424 vero
3160 4372 3261 4438 'pro
3302 4383 3390 4422 me
3432 4367 3634 4435 rogetis

389 4479 503 4524 νος,
532 4463 793 4534 δεηθῆναι
822 4468 881 4519 δὲ
915 4469 1118 4538 μᾶλλον
1148 4468 1288 4541 ὑπὲρ
1327 4471 1461 4539 ἐμοῦ
1516 4470 1611 4524 τοῦ
1664 4472 1844 4525 κοινοῦ
1876 4473 1960 4525 δε-

2069 4485 2413 4527 communem
2445 4467 2759 4530 Dominum,
2794 4473 2853 4519 ιιι
2886 4467 2957 4520 sit
2985 4465 3114 4519 mihi
3144 4464 3385 4518 clemens
3410 4473 3466 4518 et
3503 4478 3633 4532 pro-

392 4556 616 4623 σπότου,
658 4558 910 4626 εὐμενῶς
943 4578 1032 4630 μοι
1068 4561 1166 4614 καὶ
1217 4564 1372 4626 ίλέως
1422 4565 1707 4633 προσχεῖν,
1751 4564 1849 4617 καὶ
1891 4564 1965 4635 μὴ

388 4648 624 4718 χωρίσαι
680 4666 748 4719 με
799 4651 898 4721 τῆς
942 4653 1098 4722 ὑμῶν
1143 4655 1380 4726 μερίδος.
1432 4656 1573 4725 Πρὸς
1621 4655 1679 4708 ὃν
1720 4655 1771 4708 oi
1820 4655 1966 4723 ἃγιοι

392 4740 698 4810 μάρτυρες,
738 4743 1030 4812 Εύθυμῶν,
1063 4739 1245 4807 εἷπον,
1277 4744 1496 4811 ἀδελφὲ,
1532 4744 1632 4814 τὴν
1689 4743 1968 4814 μακαρίαν

387 4829 511 4882 ὁδὸν
547 4833 789 4901 πορεύου
816 4846 832 4863 ’
888 4832 1161 4902 μακάριος
1218 4831 1330 4902 γὰρ
1377 4827 1430 4884 εί
1474 4832 1576 4901 τῆς
1631 4831 1964 4902 ἀποδημίας,

387 4914 603 4973 ἀνθ’ὦν
634 4920 731 4973 καὶ
755 4921 971 4991 πρῶτος
998 4922 1157 4992 ἡμῶν
1198 4924 1264 4992 τῇ
1293 4921 1605 4992 ποθουμένη
1640 4922 1969 4994 παραστήσῃ

387 5012 608 5081 Τριάδι,
639 5014 737 5068 καὶ
775 5013 874 5068 τοῦ
929 5012 1024 5068 σοῦ
1073 5015 1321 5083 καμάτου
1367 5013 1513 5085 λήψῃ
1562 5014 1660 5076 τὰς
1706 5011 1967 5083 ἀμοιϐὰς,

389 5105 575 5170 φωτὸς
625 5104 848 5160 αίωνίου
903 5106 998 5159 καὶ
1062 5106 1233 5159 ἀϊδίου
1296 5103 1457 5174 δόξης
1513 5102 1964 5176 καταξιούμενος.

390 5194 562 5248 Ὅθεν
607 5195 775 5259 αὐτὸς
824 5196 1025 5267 μᾶλλον
1072 5198 1322 5267 μέμνησο
1377 5198 1485 5251 τῶν
1542 5198 1841 5261 συνάθλων,
1876 5198 1970 5251 καὶ

386 5287 705 5359 ύπερεύχου
754 5286 818 5340 τὸ
876 5288 1062 5342 λεῖπον
1114 5289 1210 5343 τοῦ
1280 5289 1494 5360 ἀγῶνος
1555 5291 1969 5359 ἀνεμποδίστως

386 5381 544 5451 ἡμᾶς
568 5380 905 5446 ἀνύσαντας,
941 5379 1051 5434 τῶν
1078 5381 1257 5436 αὐτῶν
1291 5398 1374 5435 σοι
1411 5380 1705 5453 βραΰείων,
1744 5380 1838 5434 καὶ
1870 5381 1969 5450 τῆς

381 5472 519 5539 τσης
548 5470 855 5540 ἀξιωθῆναι
884 5469 1112 5539 λήξεως.
1145 5470 1330 5526 Ταῦτα
1358 5472 1469 5526 τῶν
1499 5472 1669 5539 ἁγίων
1707 5473 1971 5526 εἰπόντων

378 5561 715 5630 περιχυθεὶς
740 5564 926 5622 αὐτοῖς
961 5565 987 5614 ὁ
1023 5562 1166 5625 θεῖος
1202 5564 1501 5631 meum;
1533 5566 1626 5616 καὶ
1656 5567 1766 5628 τοῖς
1791 5563 1973 5616 αὐτῶν

383 5652 703 5723 τραχήλοις
758 5654 821 5708 τὸ
849 5653 943 5707 τοῦ
978 5654 1140 5707 πόθου
1174 5655 1407 5726 δακρύοι
1447 5657 1768 5719 ἐπιστάξας,
1802 5654 1969 5723 ἡδέως

372 5750 463 5803 ’τὰ
493 5749 719 5804 ἐκείνων
753 5752 892 5822 μέλη
930 5752 1439 5822 κατασπασάμενος,
1485 5755 1581 5824 τὴν
1619 5753 1707 5804 ἐπ”.
1738 5751 1967 5803 θάνατον

2070 4562 2259 4633 pitius,
2299 4570 2354 4615 et
2406 4576 2475 4615 ne
2523 4575 2610 4614 me
2656 4567 2868 4627 separet
2908 4574 2937 4611 a
2984 4565 3162 4611 vestra
3206 4556 3480 4625 portione.
3534 4552 3633 4609 Cui

2068 4648 2240 4702 sancti
2285 4657 2591 4718 martyres:
2626 4646 2775 4699 Bono
2807 4645 3013 4710 animo,
3049 4644 3325 4709 dixerunt,
3368 4660 3403 4698 ο
3443 4643 3633 4703 frater.

2072 4740 2285 4795 beatam
2328 4740 2493 4793 vitam
2541 4738 2848 4809 ingredere.
2887 4737 3085 4792 Beatus
3132 4736 3279 4791 enim
3308 4751 3369 4790 es
3415 4744 3637 4803 propter

2074 4841 2226 4887 tuum
2254 4832 2562 4892 decessum,
2604 4830 2746 4901 quod
2791 4831 3000 4899 primus
3028 4839 3274 4883 nostrum
3307 4827 3519 4882 sisteris
3547 4841 3638 4880 co-

2071 4940 2187 4979 ram
2212 4933 2399 4992 optata
2430 4924 2717 4988 Trinitate,
2746 4932 2800 4976 et
2832 4922 2909 4975 tui
2944 4922 3149 4975 laboris
3174 4920 3410 4990 accipies
3455 4935 3637 4974 remu-

2070 5015 2400 5079 nerationes,
2461 5022 2717 5070 teter-naut
2788 5013 2964 5067 lucem
3034 5028 3371 5083 consequens
3422 5020 3477 5066 et
3522 5012 3639 5080 glo-

2072 5110 2209 5164 riam
2258 5108 2669 5180 sempiternam.
2713 5107 2975 5173 Qttocirca
3031 5115 3086 5159 tu
3137 5106 3317 5173 potius
3363 5113 3636 5157 memento

2075 5213 2292 5257 tuorum
2342 5202 2641 5266 sociorum,
2695 5211 2749 5253 ct
2798 5215 3047 5268 precare,
3086 5206 3144 5250 ut
3191 5211 3311 5249 cum
3359 5195 3504 5262 quod
3543 5211 3637 5249 su-

2072 5300 2256 5363 perest
2281 5289 2602 5346 certaminis
2627 5289 3039 5359 perfeceritnus,
3074 5286 3283 5352 absque
3320 5284 3430 5336 ullo
3462 5283 3637 5351 impc-

2073 5384 2318 5440 dimento
2347 5383 2555 5447 eadem,
2589 5396 2710 5450 quas
2753 5387 2832 5437 tu.
2874 5377 3094 5446 praemia
3137 5386 3194 5429 et
3236 5375 3482 5430 eamdem
3526 5375 3640 5430 adi.

2072 5476 2347 5544 piscamur
2377 5472 2768 5527 hmreditatem.
2816 5468 2937 5522 Ilrec
2962 5484 3086 5523 cum
3123 5468 3295 5523 sancti
3344 5467 3633 5527 dixissent,

2073 5554 2153 5622 eis
2198 5567 2418 5620 divinus
2473 5559 2838 5616 circumfusus
2909 5560 3232 5638 Aptltouitts,
3297 5575 3421 5614 cum
3472 5572 3528 5615 et
3584 5560 3637 5611 in

2074 5674 2263 5713 eorum
2318 5654 2455 5710 colla
2513 5650 2771 5706 desiderii
2832 5651 3155 5707 elfundissct
3230 5652 3521 5723 lacrymas,
3584 5661 3641 5705 et

2072 5747 2311 5819 jucunde
2347 5746 2565 5801 illorum
2597 5743 2840 5797 membra
2868 5759 3009 5799 esset
3045 5761 3150 5813 am;
3173 5745 3345 5809 lcxus,
3395 5743 3633 5797 duceba-
