4066 6372
467 304 546 368 Ξ3
1738 309 2018 370 MENSIS
2055 311 2488 376 NOVEMBEB.
3637 320 3710 385 2“

463 427 560 472 tnr
585 419 660 474 ad
693 428 951 476 mortem.
982 420 1190 476 Deinde
1221 436 1347 476 cum
1383 421 1451 477 ad
1479 422 1662 477 locum
1690 423 2017 493 pervenisset

2133 427 2319 498 ἧγετο.
2371 423 2505 481 Εἶτα
2543 426 2633 481 τὸν
2674 426 2982 496 ὡρισμένον
3017 426 3185 480 τόπον
3225 425 3570 492 καταλαϐὼν,
3611 430 3711 501 τὴν

461 507 773 576 definitum,
820 511 1040 564 beatum
1087 519 1253 580 caput
1303 511 1351 566 ei
1408 522 1746 583 amputatur,
1777 523 1832 568 et
1883 513 2028 583 apud

458 599 632 654 Deum
670 600 882 654 beatam
916 600 1144 670 deponit
1197 601 1458 657 animam.
1503 603 1607 669 Qui
1657 613 1838 658 autem
1893 603 2035 658 forte

461 689 688 743 aderant
733 689 1059 758 Christiani,
1112 709 1236 746 eum
1268 693 1437 747 veluti
1487 692 1552 746 ad
1587 695 1874 763 quemdam
1916 694 2033 749 the-

459 797 684 847 saurum
719 785 1108 850 accurrissent,
1153 795 1206 842 et
1232 787 1450 841 mundis
1482 788 1810 845 sindonibus
1828 790 2034 860 pretio-

458 888 547 928 sas
579 875 700 944 ejus
732 875 992 945 reliquias
1042 875 1423 944 involvissent,
1464 879 1518 933 in
1552 879 1734 935 loculo
1760 881 2031 949 deposue-

459 974 611 1029 runt,
661 969 1187 1024 consummationem
1224 970 1500 1025 sociorum
1545 972 1664 1042 ejus
1702 972 1884 1028 adhuc
1942 988 2034 1028 ex-

457 1066 805 1126 spectantes,
879 1066 940 1114 ιιι
985 1061 1219 1133 majores
1264 1062 1481 1118 divitias
1555 1064 1635 1120 sic
1697 1063 1802 1120 sibi
1841 1079 2033 1122 recon-

457 1147 673 1204 derent.

527 1241 671 1295 Xlll.
710 1243 838 1299 Post
858 1244 976 1300 haec
995 1247 1202 1303 sanctis
1229 1247 1365 1303 dicit
1395 1263 1488 1304 rex
1525 1267 1538 1305 :
1568 1251 1647 1308 Ne
1678 1252 2025 1320 existimetis,

456 1336 657 1406 inquit,
701 1353 788 1393 me
823 1340 978 1396 vobis
1011 1357 1166 1412 aeque
1215 1343 1391 1399 levem
1425 1360 1489 1400 ac
1527 1345 1740 1402 facilem
1793 1359 2027 1404 mortem

455 1427 773 1496 allaturum,
810 1440 974 1501 atque
1008 1435 1149 1490 male
1184 1436 1467 1505 perdendo
1501 1439 1842 1509 Aphthonio.
1886 1442 2024 1496 Nam

455 1517 718 1585 paulatim
779 1521 1152 1577 acerbissimis
1221 1525 1508 1580 tormentis
1565 1541 1760 1581 carnes
1814 1536 2026 1582 vestras

455 1624 808 1675 consumens,
863 1613 1233 1669 miserabilem
1283 1614 1443 1675 vobis
1493 1627 1727 1672 mortem
1773 1617 2022 1672 aﬂ‘eram.

455 1699 582 1756 llaec
624 1717 750 1758 cum
797 1703 1044 1765 dixisset,
1107 1703 1345 1760 bubulos
1383 1706 1542 1777 jubet
1572 1708 1756 1762 aﬂ‘erri
1813 1709 2021 1773 culeos,

450 1800 506 1846 et
534 1804 752 1848 sanctos
777 1793 832 1848 in
863 1811 958 1850 eos
986 1795 1131 1866 injici
1161 1807 1447 1869 martyres,
1485 1799 1678 1854 deinde
1724 1800 1779 1853 in
1829 1815 2022 1869 aqu-am

452 1885 696 1941 immitti.
739 1887 851 1941 lloe
883 1897 1063 1942 autem
1100 1905 1222 1944 cum
1253 1891 1455 1946 factum
1497 1899 1646 1946 esset
1670 1894 1901 1944 maxima
1930 1906 2023 1946 ce-

447 1977 686 2041 leritate,
719 1979 797 2032 eis
824 1978 1016 2034 beatus
1049 1991 1278 2050 apparet
1315 1983 1667 2050 Aphthonius
1695 1983 1857 2038 simul
1899 1998 2023 2037 cum

450 2071 650 2136 tribus,
689 2072 897 2128 indutis
943 2075 1192 2130 candidis
1246 2077 1508 2142 vestibus,
1555 2092 1790 2148 quorum
1841 2077 2024 2132 divina

445 2163 648 2218 virtute
685 2164 1110 2236 disrumpuntur
1141 2167 1303 2234 culei,
1362 2178 1418 2225 et
1485 2178 1645 2224 terrae
1696 2169 1852 2225 illaesi
1899 2168 2026 2224 red-

449 2252 656 2308 duntur
687 2253 756 2309 ab
807 2255 890 2309 eis
918 2265 1203 2322 martyres.
1236 2256 1373 2310 Cum
1427 2258 1506 2313 sic
1558 2272 1691 2327 ergo
1742 2257 2022 2328 conspecti

449 2344 681 2400 fuissent
720 2361 757 2400 at
799 2355 1048 2417 tyranno,
1099 2347 1376 2422 arbitrans
1412 2348 1502 2402 ille
1566 2363 1677 2403 non
1719 2348 1889 2404 fuisse
1947 2348 2021 2403 la-

447 2434 624 2502 etum,
649 2437 804 2507 quod
827 2437 944 2507 ipse
967 2439 1230 2508 iusserat,
1253 2439 1445 2494 statim
1484 2440 1726 2495 surrexit
1773 2439 1846 2494 ad
1888 2455 2021 2510 sup-

447 2527 1030 2599 plicium-sumendum
1056 2529 1126 2584 de
1160 2528 1470 2592 lictoribus,
1514 2537 1572 2584 et
1628 2528 1814 2584 statim
1855 2529 2022 2599 jussit

446 2638 644 2678 eorum.
667 2637 862 2678 manus
904 2623 1173 2694 amputari
1198 2623 1420 2694 gladio;
1471 2632 1628 2677 erant
1668 2630 1848 2678 autem
1881 2638 2021 2693 qua-

449 2723 576 2770 tuor
607 2729 860 2769 numero.
907 2714 1119 2770 Deinde
1167 2729 1264 2770 eos
1301 2713 1381 2769 sic
1409 2697 1510 2785 pro
1553 2714 1762 2770 sanctis
1797 2714 2018 2770 immitti

443 2804 499 2858 in
535 2803 872 2874 profundum
910 2805 1098 2861 maris.
1139 2805 1296 2873 Quod
1330 2804 1554 2876 quidem
1588 2821 1716 2860 cum
1750 2804 1928 2871 ﬁeret,
1959 2815 2019 2862 et

443 2896 584 2950 mari
615 2896 991 2964 traderentur,
1038 2897 1462 2954 exclamabant:
1513 2897 1766 2964 Domine,
1820 2898 2016 2968 excipe

445 2996 670 3043 nostros
699 2989 950 3059 spiritus,
999 2998 1056 3045 et
1108 3005 1232 3046 cum
1269 2989 1478 3045 sanctis
1522 2989 1633 3046 tuis
1677 2992 2018 3062 martyribus

2140 519 2422 590 μακαρίαν
2457 518 2831 589 ἀποτέμνεται
2890 516 3156 588 κεφαλὴν,
3199 519 3296 572 καὶ
3333 519 3410 588 τῷ
3449 519 3572 590 Θεῷ
3610 521 3709 591 τὴν

2138 611 2318 683 ψυχὴν
2351 611 2738 681 παρατίθησιν.
2773 608 2840 662 Οἱ
2871 608 2928 662 δὲ
2953 608 3366 679 παρατυχόντες
3396 609 3715 680 Χριστιανοὶ

2139 701 2392 773 καθάπερ
2413 701 2521 755 τινὶ
2551 699 2810 772 θησαυρῷ
2832 699 3301 770 προσδραμόντες,
3327 700 3422 754 καὶ
3447 699 3712 770 καθαραῖς

2141 792 2340 846 σινδόσι
2389 792 2451 845 τὸ
2500 790 2688 861 τίμιον
2715 789 2885 844 αὐτοῦ
2927 789 3187 859 λείψανον
3213 789 3616 860 ἐνειλήσαντες,
3656 793 3713 845 ὲν

2136 876 2508 953 γλωσσοκόμῳ
2537 882 2849 948 κατέθεντο,
2874 882 2954 936 ἔτι
2985 883 3079 936 καὶ
3101 881 3200 954 τὴν
3229 883 3338 936 τῶν
3363 883 3711 955 συναθλητῶν

2136 974 2302 1028 αὐτοῦ
2330 975 2614 1028 τελείωσιν
2644 975 3016 1047 ἐκδεχόμενοι,
3048 975 3135 1028 ἵνα
3179 974 3404 1046 μείζονα
3427 975 3520 1031 τὸν
3542 976 3708 1031 πλοῠο

2133 1083 2224 1121 τον
2250 1066 2425 1132 οὕτως
2456 1067 2665 1130 ἑαυτοῖς
2697 1067 3095 1139 θησαυρίσωσι.

2203 1249 2302 1302 ll".
2339 1248 2725 1313 Μετὰ-ταῦτα,
2769 1248 2908 1320 πρὸς
2957 1248 3085 1311 τοὺς
3114 1247 3307 1317 ἁγίους
3333 1249 3362 1302 ὁ
3421 1247 3699 1319 βασιλεὺς

2133 1339 2224 1408 Μὴ
2258 1340 2556 1412 νομίσητε,
2610 1342 2796 1412 φησὶν,
2837 1342 2920 1394 ὅτι
2969 1342 3064 1396 καλ⁵
3100 1342 3230 1410 ὑμῖν
3253 1339 3398 1395 οὕτω
3443 1343 3708 1412 σχεδιάσω

2129 1434 2221 1488 τὸν
2252 1433 2506 1497 θάνατον,
2529 1429 2619 1486 οἷα
2652 1433 2717 1504 δὴ
2749 1433 2844 1486 καὶ
2871 1433 2952 1504 τῷ
2977 1434 3165 1496 κακῶς
3194 1433 3518 1504 ἀπολομένῳ
3549 1435 3709 1506 γέγο-

2129 1525 2524 1598 νενἋφθονίῳ⁹
2546 1527 2669 1580 κατ’
2692 1526 2875 1596 ὀλίγον
2896 1529 3012 1598 ¹γὰρ
3040 1527 3298 1598 βασάνοις
3329 1528 3703 1598 πικροτάταις,

2128 1618 2229 1681 τὰς
2280 1617 2434 1688 ὑμῶν
2485 1617 2772 1682 ἀναλώσας
2832 1619 3070 1690 σάρκας,
3122 1618 3266 1672 οὕτω
3302 1618 3392 1672 τδν
3435 1619 3706 1672 οἴκτιστον

2130 1709 2260 1779 ὑμῖν
2289 1709 2493 1762 ὲποίσω
2521 1710 2771 1764 θάνατον.
2795 1708 2983 1764 Ταῦτα
3007 1709 3198 1774 είπὼν,
3227 1710 3441 1764 κελεύει
3494 1711 3704 1781 βοείους

2128 1801 2416 1871 ἐνεχθῆναι
2448 1801 2740 1868 θυλάκους,
2771 1803 2828 1854 ὲν
2885 1803 3074 1864 αὐτοῖς
3126 1819 3184 1855 τε
3217 1802 3347 1864 τοὺς
3380 1802 3569 1870 ἁγίους
3597 1803 3698 1871 Ep;-

2127 1893 2394 1964 ϐληθῆναι
2428 1891 2736 1964 μάρτυρας,
2773 1889 2893 1946 εἶτα
2926 1893 3007 1963 τῷ
3043 1893 3194 1946 ’ύδατι
3235 1893 3530 1962 ἀφεθῆναι.
3560 1893 3700 1946 Τούι

2127 2001 2223 2037 του
2271 1985 2432 2054 τάχει
2480 1983 2662 2054 πολλῷ
2715 1984 3045 2053 γενομένου,¹
3091 1986 3120 2036 ὁ
3176 1984 3448 2055 μακάριος
3511 1983 3700 2046 αὐτοῖς

2138 2075 2422 2145 Ἀφθόνιος
2452 2076 2568 2144 ἅμα
2608 2075 3056 2145 λευχειμονοῢσιν
3112 2074 3296 2146 τρισὶν
3325 2075 3698 2144 ἐπιφαίνεται,

2123 2159 2198 2219 ὧν
2228 2166 2324 2219 καὶ
2348 2165 2576 2234 δυνάμει
2623 2165 2746 2236 θείᾳ
2796 2167 2847 2219 oi
2888 2164 3114 2220 θύλακοι
3157 2165 3609 2236 διαρῤήγνυνται,
3632 2166 3698 2234 τῇ

2123 2258 2302 2328 χέρσῳ
2321 2273 2382 2309 τε
2409 2255 2504 2309 ὑπ’
2532 2255 2717 2310 αὐτῶν
2735 2255 2992 2320 ἀϐλαϐεῖς
3017 2257 3066 2311 οἱ
3117 2256 3262 2325 ὅιγιοι
3288 2255 3695 2326 παραδίδονται.

2135 2348 2290 2401 Ἐπεὶ
2317 2345 2410 2400 οὖν
2437 2346 2610 2410 οὕτως
2644 2345 2910 2416 ὤφθησαν
2939 2346 3018 2418 τῷ
3048 2344 3326 2416 τυράννῳ,
3362 2345 3518 2414 δόξας
3552 2345 3699 2398 έκεῖ-

2124 2455 2212 2500 νος
2244 2437 2376 2491 αὐτὸ
2404 2437 2835 2508 κεκελευσμένον
2854 2436 2945 2490 ὑπ’
2976 2437 3146 2491 αὐτοῦ
3178 2436 3516 2506 τελεσθῆναι,
3557 2435 3696 2507 πρὸς

2121 2528 2223 2598 τὴν
2253 2527 2396 2581 κστά
2427 2527 2536 2581 τῶν
2567 2527 2781 2597 δημίων
2812 2526 2975 2590 εὐθὺς
3005 2525 3265 2580 ἀνίστατο
3287 2526 3579 2596 τιμωρίαν,
3601 2525 3694 2578 καὶ

2123 2621 2269 2688 ξίφει
2316 2619 2416 2683 τὰς
2465 2621 2659 2690 χεῖρας
2705 2619 3229 2688 αύτῶνὲκκοπῆναι
3275 2618 3691 2672 διεκελεύσατοο

2119 2715 2384 2784 τέσσαρες
2419 2713 2475 2766 δὲ
2510 2714 2602 2767 τὸν
2636 2711 2872 2783 ἀριθμὸν
2901 2706 3063 2781 ἦσαν.
3104 2708 3216 2763 Εἶθ’
3236 2709 3408 2773 οὓτως
3439 2709 3560 2762 ἀντὶ⁵
3585 2708 3697 2761 τῶν

2121 2807 2292 2875 ἁγίων
2322 2804 2521 2868 αὐτοὺς
2553 2803 2632 2875 τῷ
2669 2801 2817 2874 βυθῷ
2847 2802 2946 2874 τῆς
3003 2801 3282 2871 θαλάσσης
3335 2799 3693 2869 ὲναφεθῆναι.

2120 2895 2193 2955 Οὖ
2228 2899 2293 2971 δὴ
2324 2897 2618 2969 γενομένου
2657 2898 2723 2968 τῇ
2751 2894 2995 2970 θαλάσσῃ
3018 2893 3458 2965 παραδιδόμενοι,
3493 2891 3691 2962 Κύριε,

2116 2993 2186 3048 τά
2233 2991 2526 3061 πνεύματα
2579 2989 2736 3061 ἡμῶν
2792 2987 3107 3059 πρόσδεξαι,
3141 2986 3404 3050 ἀνεϐόων,
3456 2985 3692 3044 καὶτοῖς

442 3095 564 3143 nos,
614 3081 724 3136 etsi-
769 3080 946 3135 simus
996 3080 1231 3152 indigni,
1281 3086 1653 3138 eonnumera.‘
1687 3084 1798 3140 Deo
1829 3093 2010 3140 autem

2120 3086 2289 3156 ἁγίοις
2336 3101 2430 3138 σου
2461 3082 2700 3154 μάρτυσι
2732 3081 2826 3134 καὶ
2857 3078 3116 3145 ἀναξίους
3160 3078 3322 3140 ὄντας
3353 3078 3502 3148 ἡμᾶς
3525 3093 3686 3128 συνα-

443 3172 655 3228 invisus
712 3182 769 3228 et
816 3174 976 3244 plane
1035 3173 1248 3229 daamon
1297 3173 1596 3246 Saporius,
1657 3191 1781 3232 cum
1833 3177 2015 3232 statim

443 3265 637 3320 beatos
663 3265 834 3331 viros,
859 3265 1227 3338 Aeindynum,
1261 3267 1506 3338 inquam,
1541 3277 1595 3323 et
1623 3268 1930 3339 Pegasium,
1960 3279 2017 3324 et

439 3358 895 3428 Anempodistum
949 3358 1438 3429 jussissetineludi
1498 3359 1552 3415 in
1605 3375 1850 3426 carcere,
1900 3359 2015 3428 ipse

440 3449 679 3518 seipsum
712 3449 1031 3520 gravissime
1055 3449 1358 3516 cruciabat,
1407 3451 1607 3508 anxius
1655 3460 1881 3522 propter
1927 3467 2017 3507 res

443 3551 765 3611 prasentes,
811 3549 867 3597 et
919 3542 1132 3615 magnis
1174 3542 1344 3597 animi
1395 3541 1653 3598 ﬂuctibus
1680 3544 1917 3614 agitatus
1959 3551 2016 3599 et

439 3649 540 3689 nec
574 3633 756 3690 cibum
804 3634 1028 3705 quidem
1057 3635 1281 3692 omnino
1333 3649 1550 3692 sumere
1576 3635 1873 3691 sustinens.

509 3814 649 3871 XIV.
699 3815 770 3871 lis
802 3831 954 3888 ergo,
990 3817 1085 3888 qui
1117 3817 1322 3888 primas
1351 3826 1535 3889 partes
1561 3817 1705 3888 apud
1733 3830 1860 3871 eum
1913 3815 2014 3871 ob-

439 3908 709 3976 tinebant,
739 3911 1056 3965 convocatis
1083 3927 1098 3964 :
1136 3908 1248 3964 Cur
1276 3925 1362 3964 me
1392 3909 1594 3974 solum,
1627 3909 1827 3978 inquit,
1878 3907 2008 3962 reli—

443 4001 639 4070 quistis
679 4002 736 4056 in
769 4002 877 4067 his,
907 4018 1031 4072 quat
1080 4011 1210 4057 sunt
1235 4001 1541 4072 proposita,
1578 4000 1871 4056 laborare:
1908 4000 2010 4070 ipsi

441 4103 621 4148 autem
684 4095 919 4150 otiosum
967 4094 1268 4164 delegistis
1317 4094 1619 4159 silentium,
1667 4108 1771 4148 nec
1818 4093 2006 4157 verbo,

439 4201 543 4240 nec
603 4185 747 4240 facto
805 4186 968 4246 ullam
1009 4180 1191 4255 j'opem
1259 4186 1402 4240 mihi.
1451 4185 1738 4240 ferentes?
1807 4184 1924 4241 Sed.
1964 4185 2007 4240 si

438 4277 656 4348 aliquid:
675 4277 898 4348 quidem
933 4279 1058 4332 novi
1085 4287 1141 4334 et
1171 4278 1375 4333 insoliti
1423 4279 1588 4333 velim
1627 4277 1850 4342 alferre,
1911 4292 2008 4333 vos

438 4371 619 4424 statim
649 4370 823 4425 habeo
862 4370 1184 4426 resistentes
1225 4379 1280 4425 et
1327 4370 1677 4426 reluctantes.
1715 4370 1874 4425 Nunc
1908 4385 2004 4424 au-

435 4467 546 4514 tem
571 4475 694 4514 cum
719 4460 856 4515 nihil
887 4461 1016 4515 novi
1043 4461 1440 4526 introducatur,
1467 4460 1563 4516 sed
1614 4462 1852 4531 patrium
1907 4476 2006 4515 no-
2035 4437 2086 4497 D

437 4562 611 4608 strum
674 4553 869 4624 dogma
921 4553 1253 4624 despiciatur
1294 4563 1350 4608 et
1394 4570 1462 4609 ne
1513 4554 1673 4609 cadat
1718 4555 1902 4609 veniat
1955 4555 2007 4607 in

436 4645 765 4714 periculum.
810 4653 866 4700 et
895 4645 1031 4699 nulli
1061 4654 1305 4700 vestrum
1338 4645 1519 4699 veniat
1553 4645 1608 4699 in
1635 4656 1898 4709 mentem,
1929 4661 2005 4700 ne

434 4738 587 4792 vultu
617 4738 839 4808 quidem
865 4737 1112 4792 dolorem
1143 4753 1258 4807 pra:
1288 4753 1346 4792 se
1372 4737 1539 4802 ferre,
1577 4737 1646 4792 de
1684 4753 1897 4793 summa
1930 4738 2006 4792 rei

435 4830 595 4897 plane
627 4831 787 4884 venio
822 4829 880 4883 in
908 4829 1156 4892 dubium.
1184 4839 1240 4884 et
1261 4844 1496 4884 maerore
1523 4845 1745 4885 enecor.
1779 4829 1859 4883 Ad
1891 4829 2007 4884 haec

436 4920 858 4989 Elpidephorus,
906 4922 1000 4990 qui
1047 4930 1177 4975 tunc
1228 4931 1347 4976 erat
1386 4921 1597 4990 primus
1649 4931 1894 4986 senatus,
1952 4929 2008 4976 et

434 5012 559 5066 ﬁdei
607 5012 809 5066 Christi
837 5012 1043 5068 ardens,
1088 5023 1318 5080 amator,
1353 5022 1409 5068 et
1449 5014 1516 5068 ad
1566 5028 1833 5068 summam
1883 5013 2006 5083 qui-

433 5101 558 5156 dam
589 5101 939 5166 Nicodemus,
969 5111 1024 5157 et
1042 5101 1245 5157 Christi
1282 5103 1533 5158 occultus
1557 5102 1862 5173 discipulus
1894 5119 1906 5154 :
1940 5101 2007 5156 Et

432 5211 594 5263 quam
633 5195 751 5256 tibi,
781 5195 981 5265 inquit,
1017 5209 1052 5248 o
1090 5210 1205 5258 rex,
1256 5195 1359 5249 hae
1408 5195 1464 5250 in
1523 5211 1584 5250 re
1645 5210 1805 5265 opem
1859 5193 2004 5250 ferre

432 5287 767 5356 possumus?
812 5289 1001 5358 Neque
1050 5287 1198 5342 enim
1242 5289 1488 5357 potentia
1548 5299 1640 5342 tua
1701 5287 1862 5342 nobis
1916 5287 2002 5341 in-

432 5378 601 5448 diget,
637 5395 759 5448 qua:
800 5396 982 5436 rerum
1013 5381 1350 5451 experientia
1385 5380 1644 5435 omnibus
1700 5379 2000 5446 antecellit,

431 5479 488 5524 et
563 5469 734 5525 habes
808 5482 1133 5542 potestatem
1193 5473 1458 5528 voluntati
1549 5481 1998 5542 consequentem.

432 5559 602 5630 Copia
633 5569 814 5616 autem
847 5563 1360 5633 instrumentorum,
1417 5581 1540 5636 quae
1600 5573 1731 5620 sunt
1781 5581 2000 5634 compa-

435 5660 550 5706 rata
582 5651 650 5707 ad
692 5655 1085 5723 torquendum,
1143 5672 1335 5712 eorum
1383 5674 1504 5728 quze
1553 5669 1680 5713 sunt
1733 5657 1999 5724 facienda,

434 5753 623 5814 aperte
654 5745 895 5819 suggerit
925 5748 1019 5804 tibi
1073 5749 1547 5807 deliberationem.
1596 5752 1807 5808 liursus
1858 5751 1998 5806 dicit

2123 3177 2405 3250 ρίθμησον.
2451 3177 2511 3229 '0
2542 3173 2727 3246 μέντοι
2763 3173 3047 3243 θεομισὴς,
3093 3171 3191 3224 καὶ
3226 3169 3550 3240 αὐτόχρημα
3578 3166 3696 3219 δαί·

2123 3289 2240 3342 μων
2266 3270 2572 3340 Σαπώριος,
2602 3271 2729 3332 τοὺς
2768 3265 3072 3338 μακαρίους
3114 3265 3335 3335 ἄνδρας,
3381 3261 3694 3316 Ἀκίνδυνον

2118 3363 2284 3435 φημὶ,
2321 3364 2594 3434 Πηγάσιον
2649 3361 2743 3414 καὶ
2772 3360 2865 3413 τὸν
2911 3358 3343 3428 Ἀνεμπόδιστον-
3373 3353 3452 3425 τῷ
3479 3353 3691 3420 δεσμω-

2118 3457 2297 3528 τηρίῳ
2336 3453 2802 3523 κατακλεισθῆναι
2833 3450 3120 3515 κελεύσας,
3154 3447 3319 3510 αὐτὸς
3369 3443 3570 3499 ἑαυτοῦ
3601 3461 3695 3496 κον

2117 3546 2320 3619 λαστὴς
2349 3543 2418 3618 ἦν
2452 3546 2780 3617 βαρύτατος,
2815 3542 2997 3597 ἀλύων
3029 3541 3122 3595 ἐπὶ
3152 3541 3266 3603 τοῖς
3311 3535 3551 3608 παροῦσι
3596 3535 3696 3588 καὶ
3759 3602 3768 3607 _

2117 3639 2300 3710 πολλῷ
2329 3639 2554 3710 ταράχῳ
2583 3637 2682 3708 τὴν
2734 3635 2913 3706 ψυχὴν
2941 3632 3366 3705 κυμαινόμενος,
3398 3631 3494 3684 καὶ
3551 3627 3691 3698 μηδὲ

2115 3730 2324 3801 τροφῆς
2351 3729 2488 3790 ὅλως
2523 3728 2823 3796 μετασχεῖν
2842 3725 3196 3796 ἀνεχόμενος.
3638 3796 3640 3798 τ

2185 3820 2282 3875 ις.
2311 3820 2447 3882 Τοὺς
2479 3815 2572 3873 οὖν
2606 3818 2698 3871 ύπῗ
2729 3817 2925 3887 ἐκείνῳ
2947 3817 3018 3870 τὰ
3049 3815 3242 3886 πρῶτα
3270 3813 3539 3884 φέροντας
3559 3828 3690 3880 συγ-

2115 3911 2372 3977 καλέσας,
2431 3910 2586 3963 Διατί
2657 3925 2724 3980 με
2785 3908 2969 3978 μόνον,
3031 3900 3152 3960 εἷπε
3177 3947 3193 3973 ,
3254 3903 3686 3959 καταλελοίπατε

2114 4005 2344 4074 κάμνειν
2367 4002 2458 4056 ἐπὶ
2482 4003 2596 4064 τοῖς
2618 4000 3043 4070 προσκειμένοις
3066 4015 3082 4062 ;
3115 3997 3269 4052 αὐτοὶ
3293 3997 3350 4051 δὲ
3379 3997 3479 4067 τὴν
3509 3995 3689 4063 ἀπρα-

2113 4114 2241 4151 κτον
2271 4095 2504 4166 ἡσυχίαν
2535 4093 2744 4158 ἕλεσθε,
2781 4093 2946 4164 μηδὲν
2984 4093 3123 4164 μήτε
3165 4091 3309 4163 λόγῳ
3358 4092 3498 4161 μήτε
3539 4090 3686 4159 ἔργῳ

2116 4207 2208 4260 μοι
2250 4189 2666 4260 συναιρόμεινοις
2703 4185 2849 4239 Ἀλλ’
2886 4186 2934 4238 εί
2971 4185 3073 4254 μὲν
3107 4185 3296 4238 καινόν
3330 4201 3382 4237 τι
3434 4185 3530 4237 καὶ¹
3564 4181 3688 4234 ἀσύ-

2112 4281 2275 4351 νηθες
2292 4280 2627 4347 εἰσενεγκεῖν
2651 4279 2993 4349 βουληθείην,
3026 4277 3192 4348 εὐθὺς
3219 4277 3364 4346 ὑμᾶς
3387 4290 3689 4346 προσιστα-.-

2116 4374 2312 4443 μένους
2335 4371 2443 4441 ἔχω
2473 4371 2565 4424 καὶ
2597 4371 3044 4434 ἀντιπίπτοντας.
3079 4369 3218 4423 Νυνὶ
3253 4368 3310 4420 δὲ
3339 4368 3462 4438 οὐχὶ
3492 4365 3681 4420 καινοῦ

2111 4481 2254 4526 τινος
2305 4448 2819 4532 (παρεισαγομένου,
2872 4461 3010 4515 ἀλλά
3052 4459 3148 4514 τοῦ
3207 4457 3464 4530 πατρῴου
3524 4458 3684 4528 ἡμῶν

2111 4557 2382 4624 δόγματος
2445 4552 2950 4624 περιφρονουμένου
3007 4552 3100 4604 καὶ
3153 4551 3435 4605 διαπεσεῖν
3502 4550 3668 4603 κινδυ.

2111 4644 2380 4707 νεύοντος.
2421 4644 2516 4696 καὶ
2577 4642 2767 4714 μηδενὶ
2831 4640 2985 4712 ὑμῶν
3023 4640 3158 4711 μηδὲ
3188 4639 3354 4710 μέχρι
3403 4640 3680 4708 σχήματος

2111 4740 2299 4807 ἀλγεῖν
2332 4737 2598 4800 ἐπιόντος.
2633 4734 2829 4806 ἀπορῶ
2866 4736 2983 4796 τοῖς
3044 4734 3188 4797 ὅλοις
3245 4732 3339 4786 καὶ
3390 4729 3663 4797 ἀποπνίγο

2115 4848 2235 4902 μαι.
2273 4831 2415 4901 Πρδς
2445 4829 2620 4882 ταῦτα
2675 4826 3050 4897 Ἐλπιὸιφόρος
3081 4826 3298 4896 πρῶτος
3327 4823 3404 4877 ὣν
3429 4823 3549 4876 τότε
3578 4823 3678 4890 τῆς

2112 4923 2418 4992 συγκλήτου
2451 4921 2670 4990 βουλῆς,
2711 4921 2804 4973 καὶ
2837 4919 2934 4988 τῆς
2979 4916 3167 4988 Ἰησοῦ.
3201 4917 3439 4977 πίστεως
3482 4911 3675 4966 διάπυ·

2114 5035 2204 5089 ρος
2256 5015 2512 5086 ἐραστὴς,
2543 5013 2637 5067 καὶ
2668 5012 2728 5066 τδ
2755 5011 2875 5065 ὅλον
2910 5009 3221 5079 Νικόδημός
3259 5025 3342 5070 τις
3377 5006 3470 5060 καὶ
3507 5003 3684 5073 μαθη-

2108 5111 2206 5180 τὴς
2233 5108 2481 5180 Χριστοῦ.
2511 5105 2894 5176 κεκρυμμένος
2923 5103 3032 5156 Καὶ
3066 5102 3138 5165 τί,
3173 5101 3326 5170 φησὶ,
3376 5099 3538 5169 ἡμεῖς
3585 5098 3678 5149 ἐπὶ·

2105 5204 2333 5265 τούτους
2394 5201 2759 5270 συναράσσειν
2811 5215 2892 5250 σοι
2945 5193 3245 5264 δυνάμεθα,
3299 5189 3560 5260 βασιλεῦς
3615 5189 3679 5240 οὐ

2107 5295 2214 5364 γάρ
2242 5292 2410 5346 δεῖταί
2445 5308 2537 5344 σου
2570 5291 2630 5343 τὸ
2663 5288 2861 5360 κράτος
2883 5285 3062 5356 ἡμῶν,
3092 5285 3256 5354 πείρᾳ
3301 5298 3356 5353 τε
3401 5280 3511 5332 τῶν
3546 5278 3674 5330 ’πάνυ

2105 5402 2212 5439 των
2265 5383 2546 5454 διαφέρον,
2594 5384 2690 5436 καὶ
2734 5384 2802 5450 τῇ
2835 5379 3085 5450 βουλήσει
3136 5375 3234 5445 τὴν
3277 5373 3508 5441 δύναμιν
3547 5372 3671 5424 ἀκό-

2104 5475 2293 5530 λουθον
2341 5475 2485 5544 ἔχον.
2554 5474 2627 5526 ’Ῐδ
2689 5472 2749 5526 δὲ
2798 5470 2906 5524 τῶν
2959 5456 3357 5538 τιμωρητικῶν
3425 5464 3662 5534 όργάνωι

2105 5568 2446 5637 εὐπόριστον,
2493 5565 2722 5635 ἑτοίμην
2760 5579 2843 5616 σοι
2897 5561 2992 5613 καί
3056 5559 3154 5627 τὴν
3201 5555 3331 5626 περὶ
3382 5554 3492 5607 τῶν
3531 5570 3647 5624 πρα

2106 5661 2280 5713 κτέων
2306 5659 2504 5729 σκῆψιν
2533 5658 2720 5727 σαφῶς
2751 5652 3094 5723 ὑποτίθησιν.
3133 5650 3192 5706 Ὀ
3225 5651 3491 5720 τύραννος
3517 5645 3669 5703 αὖθις

2108 5753 2263 5824 φησὶ,
2298 5752 2363 5807 Τί
2402 5753 2488 5805 δαὶ
2524 5751 2615 5805 καὶ
2659 5748 2819 5819 μόνος
2872 5747 2984 5817 ἐγὼ
3012 5747 3142 5819 ,τῶν
3181 5745 3411 5802 ἀνοσίων
3465 5738 3673 5797 τούτωΊ
