4060 6374
343 360 420 422 g5
891 413 901 423 ,
1169 353 1642 418 MARTYRIUM
1684 358 1746 418 S.
1788 357 2156 422 AClNDYNl
2198 363 2294 424 ET
2340 365 2754 429 SOCIORUM.
3527 379 3597 440 2'6

346 479 710 534 καθυλακτεῖν
740 475 1017 546 δύναμαις
1053 475 1162 529 Καὶ
1192 476 1221 529 ό
1244 476 1401 544 ἅγιος
1435 477 1604 549 Εἴπερ
1635 472 1728 532 οὖν
1758 477 1918 550 ἐργῶ.

2029 484 2506 551 tyrannuszQuid
2556 490 2741 544 vero?
2793 491 2978 562 Egone
3035 491 3186 548 solus
3239 507 3459 563 possum
3515 496 3588 550 la-

341 573 435 636 et;
495 589 582 626 σοι
639 571 800 626 τοῦτο
855 572 1022 635 δοκεῖ,
1068 567 1427 639 ἀπεκρίνατο,
1480 569 1544 623 ἔα
1597 571 1925 640 πορεύεσθαι

341 663 594 726 τούτους,
651 665 728 732 τῷ
763 663 1033 734 θελήματι
1082 663 1162 733 τῷ
1191 663 1400 732 οἰκείῳ.
1437 660 1498 713 '0
1550 661 1606 714 δέ
1637 680 1700 730 γε
1749 663 1926 717 πάντα

341 757 520 819 δεινὸς
576 755 898 825 Σαπὼριος’
958 755 1102 809 Ἀλλ’
1148 757 1273 810 ὅσον
1325 757 1391 808 ὲκ
1443 753 1552 806 τῶν
1591 753 1766 821 λόγων
1811 756 1922 809 τῶν

347 849 462 903 σῶν
497 851 746 902 ὑπονοεῖν
778 848 958 911 δίδως,
992 849 1184 917 φησὶν,
1221 849 1457 911 ἐκείνοις
1504 846 1706 917 μᾶλλον
1741 846 1922 915 φαίνει

347 941 764 1014 προσκείμενος,
823 941 968 1012 ήπερ
1029 942 1184 1010 ἡμῖν.
1247 942 1417 1011 Κοινῇ
1471 941 1580 1010 γάρ
1638 955 1728 1008 μοι
1785 937 1923 1008 πρὸς

346 1039 554 1100 πάντας
597 1043 904 1105 ποιουμένῳ
937 1035 1063 1094 τοὺς
1101 1033 1318 1099 λόγους,
1354 1034 1521 1094 αὐτὸς
1548 1032 1707 1102 μόνος
1733 1030 1923 1084 ἀποδί-

341 1134 452 1195 δως
482 1132 580 1194 τὰς
611 1129 959 1198 ἀποκρίσεις,
989 1127 1085 1180 καὶ
1120 1125 1506 1197 ἀτιμωρήτους
1536 1125 1758 1194 ἀφιέναι
1796 1123 1922 1188 τοὺς

343 1220 596 1283 ἀνοσίους
629 1220 907 1288 ὑποτίθης.

417 1315 518 1367 1Ε’.
542 1313 760 1366 Τούτων
807 1311 982 1375 οὕτως
1038 1311 1161 1382 μεθ’
1199 1312 1458 1374 ὑπονοίας
1513 1309 1786 1383 ῥηθέντων
1841 1307 1920 1378 τῷ

340 1403 637 1475 Σαπωρίῳ,
661 1407 686 1457 ό
724 1402 992 1473 μακάριος
1048 1403 1460 1474 Ἐλπιδεφόρος,
1499 1403 1719 1473 Ἐπειδὴ
1770 1402 1921 1472 πρῶ-

339 1496 436 1558 τός
472 1495 590 1563 εἰμι
640 1495 738 1564 τῆς
792 1492 1100 1562 συγκλήτου
1151 1491 1370 1562 βουλῆς,
1407 1493 1534 1561 ἔφη,
1565 1490 1790 1552 είκότως
1825 1506 1918 1559 μοι

340 1587 570 1640 καὶτῶν
599 1585 946 1655 ἀποκρίσεων
979 1578 1124 1637 οὗτοι
1157 1583 1571 1655 παραχωροῦσι.
1613 1581 1758 1651 Πλὴν
1786 1580 1920 1634 ἀλλά

341 1681 442 1732 καὶ
483 1679 639 1732 αὐτοὶ
674 1677 985 1744 λεγέτωσαν
1017 1678 1156 1746 ὅπερ
1203 1676 1267 1729 ἂν
1315 1677 1531 1743 ἑκάστῳ
1568 1674 1915 1745 παριστάμε-

341 1790 433 1823 νον
464 1766 522 1844 ᾖ,
562 1770 684 1823 ἐπεὶ
711 1768 807 1822 καὶ
836 1770 882 1821 τ’
918 1768 1095 1838 ἀληθῆ
1131 1766 1308 1837 βούλει
1351 1768 1568 1829 παντως
1595 1764 1842 1834 ἀκούειν,
1873 1759 1918 1818 ὦ

345 1862 592 1933 βασιλεῦ.
636 1857 730 1924 Εἷς
758 1862 814 1914 δέ
845 1877 928 1922 τις
955 1859 1065 1911 τῶν
1115 1857 1523 1928 συγκλητικῶν,
1561 1857 1683 1927 θείᾳ.
1730 1857 1917 1927 χάριτι

341 1955 445 2022 τὴν
502 1953 682 2024 ψυχὴν
733 1949 1141 2019 διαφωτισθεὶς,
1182 1949 1293 2002 Καὶ
1356 1951 1408 2000 τί
1461 1951 1582 2012 ταῖς
1634 1948 1918 2018 ἀληθείαις

345 2045 685 2114 θαυμαστὲν,
713 2040 890 2102 εἶπεν,
927 2035 971 2094 ὦ
1003 2039 1246 2110 βασιλεῦ,
1276 2041 1322 2092 εἰ
1360 2041 1453 2092 καὶ
1480 2040 1579 2108 τῆς
1611 2038 1917 2109 συγκλήτου

343 2135 682 2206 πρωτεύοντι
714 2133 794 2203 τῷ
830 2131 1218 2200 Ἐλπιδιφόρῳ,
1262 2123 1354 2182 καὶ
1388 2129 1512 2199 μηδ’
1552 2129 1812 2182 ἀσύνετόν
1841 2146 1914 2192 τι,

349 2225 482 2297 μηδ’
514 2223 762 2293 ἀπρεπὲς
818 2222 1238 2292 ἀποκρινομένῳ
1277 2221 1371 2273 τεῦ
1426 2221 1608 2288 λέγειν
1655 2237 1920 2291 παραχω-

345 2317 546 2389 ροῦμεν
572 2317 766 2386 ήμεῐς;
815 2314 876 2367 '0
925 2315 982 2367 δὲ
1035 2312 1290 2381 βασιλεὺς
1353 2313 1619 2382 φωράσας
1665 2313 1726 2364 τὺ
1781 2310 1920 2382 πρὸς

340 2409 596 2480 ἄλήθειαν
628 2407 710 2469 ὃν,
755 2407 869 2459 Οὔκ
922 2403 1101 2472 ὀρθῶς
1137 2404 1387 2475 ἔχουσαν,
1427 2399 1570 2466 εἷπε,
1615 2403 1712 2472 τὴν
1764 2402 1918 2472 ὑμῶν

340 2502 604 2562 διάνοιαν,
637 2499 769 2568 περὶ
813 2498 874 2550 τὸ
900 2498 1174 2568 ἡμέτερον
1211 2496 1414 2566 κράτος
1461 2495 1593 2567 όρῶ.
1632 2494 1919 2560 Φιλόλογος

341 2591 410 2645 δι
433 2609 516 2654 τις
543 2591 735 2658 ὄνομα,
771 2587 872 2657 τὴν
903 2587 1122 2658 ἡλικίαν
1154 2587 1443 2656 νεώτερος,
1494 2586 1588 2638 τὸν
1625 2584 1751 2638 νοῦν
1799 2584 1920 2648 όξύο

339 2699 528 2747 τατος,
562 2682 661 2733 τδν
687 2681 850 2750 ζῆλον
898 2679 1234 2750 θερμότατος
1254 2695 1269 2710 ⁶
1300 2675 1372 2730 Ὦ
1404 2677 1650 2748 βασιλεύ,
1686 2678 1914 2748 ἔφησεν,

341 2778 380 2844 ἡ
418 2776 596 2846 μάτην
619 2772 940 2843 ἐνσκήψασα
984 2772 1198 2842 πονηρὰ
1243 2771 1365 2824 καθ’
1398 2771 1556 2842 ήμῶν
1590 2770 1817 2822 ὑπόνοια
1847 2771 1917 2838 τῇ

341 2865 498 2937 ψυχῇ
533 2880 650 2927 σου,
697 2865 793 2916 οὐκ
829 2863 908 2926 είς
955 2861 1163 2929 ἀγαθὸν
1211 2864 1345 2932 ἡμῖν
1378 2861 1673 2932 καταλήξει
1716 2861 1915 2931 πέρας.

338 2959 571 3028 Πλήρης
607 2957 712 3026 γὰρ
745 2955 977 3025 ὑποψίας
1005 2951 1055 3008 εἴ
1084 2953 1364 3007 ἀπώλειαν
1405 2956 1750 3022 καταγνῶναι
1776 2955 1916 3008 πάιν⁹

335 3065 450 3103 των
515 3048 913 3118 διανοούμενος.
963 3046 1020 3101 '0
1068 3047 1123 3100 δὲ
1176 3047 1441 3117 τύραννος
1489 3045 1580 3098 ἐπὶ
1623 3047 1689 3114 τῇ
1743 3045 1918 3117 ἁθρόα

2029 580 2175 627 trarc
2205 575 2466 630 adversus
2495 577 2595 632 hos
2629 578 2872 650 impios?
2903 582 3140 638 Sanctus
3171 598 3304 638 vero
3360 599 3592 653 respon-

2027 663 2142 736 dit:
2178 665 2234 720 Si
2265 665 2370 722 hoc
2398 667 2496 722 tibi
2521 669 2739 725 videtur
2768 689 3058 742 operosum
3089 691 3153 731 ac
3175 674 3416 742 difﬁcile,
3447 676 3592 741 sine,

2026 755 2222 826 inquit,
2271 773 2364 812 eos
2419 775 2518 815 sua
2555 762 2708 818 abire
2780 765 3078 822 voluntate.
3153 767 3592 822 lmmanissimus

2025 865 2157 904 vero
2202 849 2476 920 Sapores:
2525 852 2629 907 Sed
2664 863 2950 923 quantum,
2993 856 3191 925 inquit,
3235 857 3332 910 das
3379 871 3444 910 ex
3487 857 3597 910 tuis

2023 941 2207 996 verbis
2241 943 2670 1012 conjiciendum,
2703 945 2908 1001 videris
2931 946 3037 1000 illis
3061 947 3266 1016 potius,
3298 963 3462 1016 quam
3490 962 3588 1000 no-

2022 1034 2129 1100 bis,
2162 1034 2461 1091 adhzerere.
2517 1036 2654 1091 Nam
2701 1037 2834 1091 mihi
2884 1039 3051 1092 verba
3103 1039 3468 1092 communiter
3523 1038 3591 1092 ad

2024 1143 2215 1183 omnes
2250 1127 2490 1192 facienti,
2520 1129 2635 1199 ipse
2669 1131 2819 1185 solus
2848 1130 2946 1184 das
2994 1144 3253 1198 responsa
3287 1169 3301 1194 ,
3356 1138 3412 1183 et
3461 1144 3592 1197 sug-

2023 1221 2188 1290 geris,
2235 1231 2296 1274 ut
2329 1219 2525 1291 impios
2572 1221 2877 1290 relinquam
2914 1221 3234 1290 impunitos.

2095 1312 2210 1370 XV.
2249 1313 2345 1368 llis
2395 1314 2474 1368 sic
2504 1329 2533 1367 a
2563 1314 2794 1384 Saporio
2853 1315 3017 1370 dictis
3070 1329 3196 1369 cum
3250 1311 3585 1382 suspicione,

2024 1407 2216 1463 beatus
2245 1407 2679 1476 Elpidephorus:
2715 1406 2987 1473 Quoniam
3024 1421 3166 1471 sum,
3209 1405 3595 1474 inquit,’prin-
3666 1394 3674 1408 ’

2024 1516 2153 1569 ceps
2213 1508 2456 1564 senatus,
2493 1500 2548 1553 hi
2581 1499 2715 1552 mihi
2751 1498 2957 1552 merito
3006 1497 3318 1552 concedunt
3353 1497 3594 1565 primum

2028 1592 2246 1647 dicendi
2272 1592 2474 1647 locum.
2504 1591 2611 1647 Sed
2640 1593 2675 1645 ii
2708 1607 2929 1660 quoque
2954 1589 3161 1652 dicant,
3187 1588 3334 1658 quod
3374 1587 3592 1642 videtur

1997 1685 2356 1755 unicuique,
2402 1684 2660 1755 quoniam
2717 1684 2823 1748 vis,
2872 1701 2903 1739 ο
2945 1700 3062 1746 rex,
3123 1682 3348 1737 omnino
3401 1697 3592 1735 verum

2023 1778 2236 1832 audire.
2283 1777 2515 1842 Quidam
2569 1787 2750 1830 autem
2779 1791 2923 1830 unus
2951 1791 3018 1829 ex
3071 1774 3442 1838 senatoribus,
3495 1773 3595 1826 ha-

2022 1872 2158 1925 bens
2218 1870 2452 1924 animam
2507 1868 2692 1922 divina
2751 1868 2924 1938 gratia
2985 1866 3387 1921 illuminatam:
3447 1864 3589 1929 Quid

2021 1979 2209 2020 revera
2269 1962 2468 2016 mirum
2530 1972 2637 2028 est,
2674 1961 2872 2031 inquit,
2902 1976 2934 2014 o
2965 1977 3077 2025 rex,
3116 1959 3160 2013 si
3190 1957 3588 2028 Elpidephoro,

2021 2057 2115 2126 qui
2164 2064 2251 2110 est
2294 2055 2548 2124 princeps
2603 2062 2850 2114 senatus,
2887 2062 2943 2106 et
2988 2052 3126 2105 nihil
3184 2051 3458 2120 insipiens
3502 2065 3590 2103 rc—

2021 2147 2254 2217 spondet
2297 2155 2391 2200 aut
2425 2145 2768 2207 indecorum,
2804 2157 2904 2197 nos
2945 2141 3159 2196 discere
3190 2139 3590 2195 concedimus?

2022 2238 2136 2292 Rex
2168 2244 2349 2290 autem
2391 2250 2513 2288 cum
2561 2235 2635 2300 id,
2679 2233 2824 2303 quod
2861 2242 3000 2296 erat,
3055 2246 3247 2285 revera
3279 2229 3590 2299 deprchen-

2021 2329 2228 2384 disset:
2273 2327 2467 2394 Video,
2499 2326 2700 2396 inquit,
2741 2336 2979 2380 vestram
3014 2332 3253 2379 mentem
3306 2339 3416 2378 non
3441 2331 3589 2376 recte

2020 2419 2271 2474 affectam
2314 2419 2368 2472 in
2432 2427 2673 2474 nostram
2730 2416 3057 2487 potentiam.
3112 2414 3346 2480 Quidam
3419 2426 3573 2471 vero,

2020 2511 2245 2565 nomine
2286 2510 2622 2581 Philologus,
2675 2517 2834 2563 aztate
2872 2509 3081 2578 junior,
3123 2505 3343 2576 ingenio
3391 2503 3594 2559 acutis-

2021 2603 2188 2668 simo,
2233 2603 2350 2657 zelo
2379 2599 2843 2657 ardentissimus:
2900 2598 2944 2655 Ο
2989 2615 3105 2662 rex,
3160 2598 3362 2667 inquit,
3424 2594 3585 2655 mala,

2021 2711 2142 2766 quae
2176 2704 2328 2749 tuum
2377 2695 2620 2747 animum
2661 2691 2729 2747 de
2781 2690 2944 2746 nobis
2996 2689 3217 2750 invasit,
3274 2688 3592 2757 conjectura

2022 2803 2132 2843 non
2157 2786 2318 2841 nobis
2355 2786 2408 2839 in
2437 2785 2640 2839 bonum
2671 2783 2882 2837 exitum
2910 2783 3147 2836 desinet.
3185 2781 3258 2834 Es
3290 2779 3434 2833 enim
3473 2777 3591 2846 ple-

2031 2867 2499 2946 nus‘suspicione,
2562 2885 2624 2930 ut
2655 2873 2748 2944 qui
2779 2874 2986 2945 cogites
3019 2871 3277 2927 omnibus
3323 2879 3414 2922 tua
3460 2883 3594 2922 con-

2023 2970 2376 3027 damnatione
2401 2966 2598 3022 aﬂ‘erre
2630 2965 2883 3020 exitium.
2916 2964 3204 3035 Tyrannus
3259 2968 3445 3014 autem
3507 2958 3588 3011 ira

2023 3063 2263 3133 repletus
2312 3072 2536 3132 propter
2594 3058 2935 3129 repentinam
2991 3053 3255 3124 Philologi
3327 3051 3589 3121 loquendi

338 3138 436 3192 τοῦ
462 3138 749 3206 Φιλολόγου
782 3138 1067 3210 παρρησίᾳ
1119 3137 1292 3208 θυμοῦ
1324 3137 1421 3208 τὴν
1470 3137 1648 3207 ψυχὴν
1676 3135 1918 3205 ἀναπλη-

2027 3155 2337 3209 libertatem
2374 3170 2386 3206 :
2441 3151 2599 3217 Quis,
2635 3151 2836 3220 inquit,
2869 3160 2919 3203 te
2949 3148 3151 3216 delegit
3181 3154 3242 3201 ut
3288 3146 3447 3200 dares
3486 3157 3593 3198 tam

340 3231 524 3294 σθείς·
557 3230 655 3293 Τίς
691 3231 800 3300 γάρ
826 3247 883 3283 σε
922 3231 1017 3283 καὶ
1051 3231 1238 3300 ἤρετο,
1268 3230 1451 3300 φησὶν,
1491 3228 1557 3280 ἶν’
1590 3228 1762 3291 οὕτως
1782 3228 1919 3281 ἀπό-

335 3340 510 3392 τομον
563 3322 664 3393 τὴν
708 3322 1003 3391 ἀπόκρισιν
1045 3320 1186 3390 δῷς;
1221 3321 1364 3392 Πρὶς
1396 3318 1570 3372 ταῦτα
1593 3318 1620 3370 ό
1651 3319 1919 3387 γεννάδας

339 3418 550 3479 Etsi-:0;
573 3456 589 3480 ,
635 3415 712 3485 μὴ
753 3413 845 3467 τὸν
897 3413 990 3465 τοῦ
1017 3413 1282 3482 τυράννου
1307 3410 1478 3480 θυμὸν
1511 3409 1920 3477 ὑπολογισάμε-

337 3526 453 3571 νος,
493 3508 568 3578 μὴ
605 3508 705 3575 τῆς
737 3505 981 3570 ἐξουσίας
1009 3503 1266 3574 φροντίδα
1295 3502 1545 3572 θέμενος·
1584 3501 1649 3554 Τί
1673 3501 1730 3554 δὲ
1756 3500 1920 3570 ἡνίκα

337 3601 389 3652 τ’
424 3599 622 3668 ἀληθὲς
646 3599 851 3664 ἐξείποι
877 3615 984 3659 τις,
1013 3595 1259 3666 βασιλεῦ,
1282 3596 1493 3666 εἴρηκε,
1524 3594 1618 3648 καὶ⁵
1647 3594 1707 3647 σὲ
1734 3585 1918 3664 δεήσει

339 3693 660 3763 παραυτίκα
692 3691 854 3762 χολᾷν
885 3708 900 3758 ;
938 3686 1071 3744 Εἶτα
1103 3690 1198 3742 καὶ
1231 3689 1370 3759 πρὸς
1418 3690 1546 3750 τοὺς
1579 3684 1921 3758 παρεστηκό-

337 3802 440 3848 τας
503 3785 903 3853 συγκλητικοὺς
933 3781 1164 3845 ἀπιδὼν,
1197 3781 1290 3835 Μὰ
1317 3780 1415 3851 τὴν
1448 3778 1746 3848 σωτηρίαν,
1787 3775 1916 3846 ἔφη,

343 3879 567 3935 πάντων
623 3876 798 3946 ὑμῶν,
837 3876 992 3928 οὐδὲν
1024 3875 1106 3928 δεῖ
1132 3874 1363 3943 τοιούτῳ
1415 3871 1569 3941 ἀνδρὶ
1622 3871 1919 3940 ἀποκρίνε-

344 3971 494 4024 σθαι.
538 3968 650 4021 Ποῦ
681 3967 792 4038 γὰρ
819 3967 885 4020 ἂν
928 3968 1021 4020 καὶ
1070 3965 1250 4036 ἀληθῆ
1281 3965 1439 4032 λόγον
1476 3963 1678 4034 μανίας
1705 3961 1920 4026 δέξαιτο

341 4059 751 4131 πεπληρωμένη
784 4059 929 4128 ψυχή
957 4075 971 4122 ;
1011 4059 1135 4110 Ἐπί
1163 4057 1375 4118 τούτοις
1404 4057 1432 4108 ὁ
1464 4055 1724 4125 τύραννος
1747 4051 1918 4124 θυμοῦ

340 4155 480 4207 κατὰ
499 4153 598 4220 τὴν
619 4151 901 4221 ὁμοίωσιν,
929 4149 1004 4214 ὡς
1021 4149 1184 4202 Δαυῒδ
1206 4150 1232 4200 ὁ
1254 4149 1395 4210 θεῖος
1423 4148 1580 4218 φησὶ,
1606 4136 1916 4214 τούνδφεως,

342 4244 691 4314 στρατιώτας
728 4244 921 4311 στῆναι
986 4243 1094 4311 πρὸ
1145 4241 1254 4294 τῶν
1308 4239 1486 4310 θυρῶν
1537 4239 1915 4306 ἐγκελεύεται,

335 4336 478 4390 ὥστε
509 4337 635 4397 τοὺς
674 4333 1050 4401 ἀντιλέγοντας
1074 4331 1241 4402 αὐτῷ,
1277 4330 1372 4384 καὶ
1413 4329 1631 4400 πρῶτόν
1671 4345 1735 4396 γε
1774 4329 1916 4381 πᾶν·

335 4425 840 4495 τωνἘλπιδιφόρον
901 4424 1044 4492 ξίφει
1097 4421 1548 4492 διαχειρίσασθαι.
1583 4421 1922 4489 Καλλίστρα-

2025 3247 2217 3301 duram
2249 3253 2306 3300 et
2362 3259 2610 3314 asperam
2668 3240 3037 3300 sententiam?
3079 3239 3159 3294 Ad
3211 3239 3326 3294 hcec
3359 3239 3442 3292 vir
3503 3238 3594 3291 ille

2021 3338 2295 3409 egregius,
2344 3351 2454 3390 non
2484 3335 2620 3389 iram
2655 3334 2871 3406 tyranni
2907 3332 3197 3395 reveritus,
3241 3346 3341 3386 nec
3381 3330 3447 3385 de
3477 3331 3596 3401 ejus

2020 3437 2290 3500 potestate
2351 3428 2661 3482 sollicitus:
2723 3424 2865 3492 Quid
2923 3439 3076 3491 vero,
3129 3423 3348 3493 quando
3399 3437 3590 3476 verum

2020 3517 2221 3574 dixerit
2267 3519 2586 3588 quispiam,
2648 3533 2681 3571 ο
2750 3532 2869 3580 rex,
2930 3525 3059 3568 tene
3122 3513 3400 3583 Oportebit
3448 3513 3594 3566 illico

2019 3611 2228 3668 irasci?
2280 3610 2488 3666 Deinde
2517 3610 2680 3664 etiam
2735 3608 2957 3662 intuens
2985 3607 3052 3661 ad
3094 3621 3305 3661 omnes.
3340 3606 3432 3676 qui
3462 3606 3594 3659 ade-

2009 3712 2164 3779 rant,
2230 3715 2549 3758 senatores:
2600 3702 2704 3756 Per
2759 3701 3014 3763 salutem,
3081 3698 3282 3767 inquit,
3343 3707 3587 3752 vestrum

2018 3795 2286 3872 omnium,
2323 3794 2415 3848 tali
2463 3794 2581 3847 viro
2604 3793 2740 3846 nihil
2772 3801 2987 3861 oportet
3041 3789 3394 3860 respondere.
3440 3788 3590 3853 Quo-

2019 3889 2185 3944 modo
2237 3889 2385 3944 enim
2419 3902 2606 3942 veram
2645 3885 2820 3940 acciet
2872 3882 3202 3947 orationem,
3238 3897 3358 3950 quae
3403 3880 3590 3934 furore

2019 3983 2229 4053 repleta
2254 3989 2362 4045 est,
2417 3979 2637 4034 anima?
2666 3979 2899 4047 Propter
2943 3977 3059 4030 haec
3106 3987 3372 4046 tyrannus
3403 3973 3480 4026 ira
3511 3987 3598 4024 re-

2018 4075 2222 4150 pletus,
2277 4073 2378 4137 ira,
2413 4071 2658 4140 inquam,
2712 4069 2778 4121 ad
2826 4064 3244 4121 similitudinem
3292 4063 3589 4132 serpentis,

2022 4172 2081 4217 ut
2119 4163 2253 4216 dicit
2317 4162 2541 4216 divinus
2591 4158 2781 4220 David,
2837 4156 3043 4210 milites
3079 4155 3241 4224 jubet
3294 4162 3440 4208 stare
3490 4169 3591 4222 pro

2019 4253 2253 4316 foribus,
2295 4259 2354 4306 ut
2397 4265 2514 4312 eos,
2571 4248 2666 4317 qui
2707 4248 2759 4301 ei
2808 4245 3209 4315 repugnabant,
3252 4253 3307 4298 et
3353 4243 3590 4312 primum

2019 4317 2264 4400 omnium
2303 4341 2754 4411 Elpidephorum,
2795 4351 2927 4412 ense
2957 4335 3312 4390 conficerent.
3357 4333 3590 4400 Quidam

2022 4445 2203 4490 autem
2246 4419 2618 4495 Callistratus,
2662 4445 2788 4484 cum
2850 4436 2996 4482 esset
3048 4427 3162 4496 regi
3205 4426 3590 4487 amicissimus,

340 4535 436 4581 τος
485 4519 540 4570 δέ
571 4534 657 4577 τις
704 4518 855 4585 φίλος
909 4515 984 4568 ῶν
1017 4515 1095 4584 τῷ
1125 4515 1336 4584 βασιλεῖ
1361 4515 1417 4576 ἐς
1452 4514 1523 4566 τα
1575 4513 1812 4583 μάλιστα
1839 4511 1915 4580 τῷ

2023 4546 2147 4586 eum
2185 4530 2327 4584 collo
2360 4527 2664 4596 amplexus,
2713 4523 2907 4578 orabat
2959 4532 3020 4575 ut
3070 4522 3204 4575 iram
3244 4521 3589 4588 reprimeret.

338 4609 491 4678 αὕτῷ
530 4610 766 4678 περιφὺς
797 4607 1078 4678 τραχήλῳ,
1120 4607 1218 4677 τὴν
1249 4607 1418 4677 ὀργὴν
1454 4606 1696 4674 ἐπισχεῖν
1729 4603 1918 4656 ὲλιπάο

341 4719 450 4772 ρει,
486 4702 585 4754 καὶ
625 4700 941 4768 σύμπαντες
977 4699 1032 4750 δὲ
1081 4697 1598 4768 παρῤησιασάμενοι
1628 4711 1642 4727 ο
1687 4685 1916 4764 Ἀθλιώὲ

334 4810 467 4847 τατε
525 4791 816 4860 βασιλέων,
870 4786 1048 4853 εἷπον,
1103 4789 1224 4858 εἴσῃ
1259 4787 1353 4840 νῦν
1385 4784 1763 4857 ἀκριϐῶς,’ὠς
1817 4784 1917 4853 οὐχ

334 4883 503 4950 ὃμοιά
553 4898 634 4932 σοι
689 4879 1000 4949 φρονοῦμεν
1055 4879 1218 4947 ἡμεῖς
1257 4877 1380 4928 οὐδὲ
1415 4875 1670 4937 ἀσεϐείας
1720 4869 1916 4942 ἐπίσης

332 4969 802 5038 ἀντιποιούμεθα·
844 4971 935 5021 καὶ
986 4967 1161 5021 ταῦτα
1211 4966 1458 5029 εἰπόντες
1491 4965 1719 5036 ἐξῄεσαν
1771 4961 1916 5016 οὕτω

333 5062 732 5125 καταλιπόντες
785 5061 971 5115 αὐτόν.
1023 5059 1164 5112 Ἀλλ’
1207 5061 1414 5122 ἐκεῖνος
1457 5055 1555 5121 νὺξ
1600 5055 1676 5109 ὣν
1711 5055 1808 5108 καὶ
1855 5054 1917 5107 τὸ

333 5156 563 5225 σύμπαν
601 5153 826 5217 σκότους
857 5155 972 5218 uio;
1002 5154 1100 5226 τὴν
1137 5153 1308 5206 νύκτα
1335 5153 1458 5222 ἔσχε
1486 5150 1621 5220 πρὸς
1655 5148 1722 5203 τὰ
1752 5145 1918 5219 πονηὲ

336 5250 543 5318 ρότατα
594 5246 988 5316 συνεργοῦσαν,
1046 5247 1146 5298 καὶ
1170 5247 1288 5314 ἅμα
1339 5244 1501 5313 φωτὶ,
1539 5242 1776 5306 καθίσας
1825 5242 1917 5294 ἐπὶ

331 5340 428 5394 τοῦ
485 5341 754 5410 βήματος,
811 5340 960 5404 τρεῖς
990 5338 1212 5392 κελεύει
1270 5336 1500 5406 βόθρους
1549 5334 1912 5405 διορυγῆναι,

335 5431 502 5503 θηρία
536 5448 594 5483 τε
629 5432 726 5484 καὶ
774 5430 984 5500 ἑρπετά
1012 5429 1225 5492 τούτοις
1268 5426 1627 5496 ἐναφεθῆναι,
1660 5425 1915 5498 καὶτοὺς

329 5538 402 5572 πε
415 5524 465 5591 ρί
489 5525 582 5574 τὸν
616 5521 774 5589 ἅγιον
801 5519 1113 5573 Ἀκίνδυνον
1143 5518 1508 5589 ἐμϐληθῆναι.

407 5611 525 5680 tq'.
558 5613 717 5666 Ἐπεὶ
761 5609 855 5667 οὖν
913 5617 1092 5667 ἐκεῖσε
1139 5613 1266 5676 τοὺς
1301 5613 1493 5680 ἁγίους
1551 5611 1828 5682 καθῆκαν,
1885 5610 1913 5660 ό

329 5703 490 5765 Θεὸς,
516 5705 694 5767 ό.Θεδς
726 5706 885 5775 ήμῶν
911 5707 959 5758 οί
993 5705 1270 5775 μάρτυρες
1308 5706 1444 5775 πρός
1473 5722 1531 5757 σε
1561 5705 1910 5775 όρθρίζομεν,

330 5797 561 5869 ἔψαλλον
586 5813 599 5827 ο
642 5798 863 5868 ἐδίψησέ
911 5815 965 5851 τε
995 5800 1026 5868 ή
1057 5798 1202 5869 ψυχὴ
1248 5797 1426 5870 ήμῶν,
1472 5796 1690 5868 ἐδίψησέ
1730 5815 1786 5851 σε
1821 5797 1911 5852 τόν

2017 4622 2219 4678 Omnes
2252 4634 2382 4674 vero
2410 4618 2570 4672 simul
2601 4617 2773 4669 libere
2804 4615 3092 4683 loquentes
3125 4629 3138 4664 :
3165 4610 3467 4664 Miserrime
3500 4623 3588 4662 re-

2017 4726 2167 4780 gum,
2203 4691 2477 4770 dicebant,
2521 4705 2749 4784 pulchre
2781 4704 2920 4756 scies
2959 4717 3058 4756 nos
3081 4715 3190 4754 non
3229 4699 3442 4763 eadem,
3467 4714 3588 4766 quae

2019 4811 2099 4863 tu,
2126 4801 2355 4860 sentire,
2399 4811 2577 4865 neque
2633 4793 2888 4848 similiter
2942 4792 3084 4847 tueri
3136 4791 3494 4859 impietatem.
3530 4789 3596 4842 Et

2017 4892 2131 4948 [nec
2160 4905 2283 4946 cum
2313 4888 2598 4953 dixissent,
2646 4887 2902 4940 exierunt
2954 4898 3022 4938 eo
3073 4883 3154 4937 sic
3216 4881 3429 4935 relicto.
3486 4877 3594 4933 Sed

2017 4981 2128 5044 ille,
2161 4995 2282 5034 cum
2313 4987 2458 5032 esset
2490 4992 2621 5039 nox,
2649 4983 2704 5029 ct
2733 4974 2800 5028 ad
2827 4988 3094 5027 summam
3150 4969 3296 5026 [ilius
3340 4969 3595 5024 tenebra-

2018 5088 2160 5137 rum,
2203 5069 2394 5125 hahuit
2455 5076 2671 5122 noctem
2717 5080 2877 5135 opem
2930 5063 3200 5118 ferentem
3255 5061 3420 5116 rebus
3473 5074 3596 5126 pes-

2016 5165 2190 5227 simis,
2223 5173 2280 5218 et
2309 5178 2431 5217 cum
2465 5160 2704 5230 primum
2759 5155 3051 5217 illuxisset,
3104 5153 3304 5208 sedens
3337 5165 3436 5219 pro
3493 5148 3594 5200 tri-

2016 5261 2200 5315 bunali
2225 5259 2382 5332 jubet
2419 5267 2530 5312 tres
2565 5257 2739 5310 fossas
2781 5253 2972 5316 eﬂodi,
3006 5259 3062 5306 et
3111 5251 3167 5303 in
3227 5262 3320 5301 eas
3373 5244 3594 5299 immitti

2017 5353 2221 5408 bestias
2250 5363 2304 5409 et
2352 5359 2656 5422 serpentes,
2690 5358 2746 5404 et
2775 5357 3026 5404 sanctum
3084 5341 3429 5411 Acindynum
3463 5355 3590 5396 cum

2019 5445 2134 5500 suis
2159 5444 2212 5498 in
2261 5460 2352 5500 eas
2384 5444 2564 5515 injici.

2083 5621 2222 5674 XVI.
2274 5620 2566 5681 Postquam
2620 5631 2749 5687 ergo
2802 5623 3022 5671 sanctos
3082 5629 3150 5669 eo
3208 5612 3584 5669 immisissent:

2026 5730 2042 5760 ι
2087 5709 2250 5768 Deus,
2281 5707 2424 5760 Deus
2447 5707 2738 5768 noster,all
2771 5716 2821 5763 te
2852 5707 2920 5762 de
2945 5706 3067 5761 luce
3097 5705 3408 5774 vigilamus,
3439 5699 3590 5766 psal~

2021 5798 2197 5852 Iebant
2240 5805 2522 5865 martyres.
2579 5796 2764 5852 Sitivit
2819 5805 2867 5854 te
2921 5797 3098 5852 anima
3137 5804 3347 5857 nostra,
3408 5788 3597 5844 sitivia.
