4060 6374
469 345 540 408 27
1725 337 2018 402 MENSIS
2057 335 2495 398 NOVEMBER.
3630 334 3709 398 98

468 464 638 518 Deum
708 460 895 516 vivum
976 465 1032 512 et
1075 457 1294 513 fortem.
1357 457 1463 513 Sed
1513 466 1569 513 tu
1617 457 1702 512 fac
1750 455 2039 511 nobiseum

2147 446 2280 500 Θεὸν
2309 447 2485 512 ζῶντα
2532 448 2625 504 καὶ
2681 447 2922 520 ἰσχυρόν.
2982 446 3145 501 Ἀλλά
3201 448 3266 500 σὺ
3312 445 3538 517 ποίησον
3591 448 3712 516 μεθ’

467 549 861 608 convenienter
917 552 1024 601 tua:
1076 545 1512 611 mansuetudini,
1548 557 1604 601 et
1647 546 1788 601 educ
1820 560 1923 600 nos
1975 544 2042 598 de

468 641 588 695 lacu
638 637 888 692 miseriae.
943 634 1210 702 Quoniam
1262 636 1496 705 benigna
1529 645 1614 692 est
1663 635 2039 691 misericorda

468 742 581 795 tua,
614 740 669 783 et
698 728 913 782 bonitas
940 744 1063 797 qua:
1092 745 1201 782 non
1230 738 1408 799 potest
1440 730 1670 797 exprimi
1697 732 1772 782 ⁸.»
1813 728 2041 783 Interim

466 828 650 874 autem
701 818 833 872 dum
887 828 1285 888 precarentur,
1357 820 1627 887 splendidi
1691 828 2043 876 accesserunt

472 909 672 977 angeli,
743 911 910 962 veluti
970 909 1299 978 quibusdam
1354 910 1526 982 virgis
1584 911 1780 966 ferreis
1836 911 2043 967 bestias

469 1001 777 1070 abigentes,
810 1008 865 1054 et
896 982 1348 1070 unumquemque
1383 1017 1411 1055 e
1439 1003 1644 1057 sanctis
1690 1018 1853 1057 manu
1890 1004 2041 1058 acci-

475 1090 709 1158 pientes,
741 1105 836 1143 eos
883 1089 1079 1143 illaesos
1124 1106 1154 1144 e
1197 1090 1359 1146 fossis
1398 1091 1731 1148 eduxerunt.
1783 1094 1889 1149 Sed
1946 1110 2042 1149 rex

472 1194 597 1232 cum
667 1189 949 1247 oporteret
998 1196 1188 1235 rursus
1231 1180 1436 1236 Christi
1503 1182 1804 1254 intelligere
1846 1193 2045 1255 poten-

486 1268 639 1330 tiam,
674 1276 730 1321 et
760 1284 977 1322 cessare
1009 1270 1301 1338 aliquando
1329 1272 1573 1341 aggredi,
1603 1288 1724 1343 quae
1758 1289 1867 1328 non
1911 1289 2040 1344 pos-

471 1365 602 1410 sunt
648 1358 811 1419 eIIici,
867 1359 957 1412 ille
1015 1359 1181 1429 jussit
1234 1371 1452 1416 sanctos
1508 1377 1701 1416 rursus
1746 1378 2068 1433 suspensos.

475 1447 631 1503 cazdi.
675 1449 810 1502 Cum
855 1460 1038 1503 autem
1087 1450 1312 1507 vidisset
1366 1467 1558 1507 eorum
1612 1469 1806 1509 carnes
1857 1454 2043 1509 multis

473 1537 628 1591 horis
660 1537 967 1603 conscindi,
997 1539 1234 1609 fortique
1280 1550 1335 1595 et
1364 1558 1633 1612 generoso
1672 1543 1857 1599 animo
1900 1545 2042 1600 resi-

472 1639 619 1684 stere
648 1620 1062 1694 certaminibus,
1101 1633 1259 1703 jubet
1291 1649 1387 1689 eos
1426 1649 1456 1688 e
1506 1635 1670 1704 lignis
1715 1636 1941 1706 deponi,
1985 1646 2042 1692 et

471 1721 552 1776 eis
580 1710 759 1791 capita
785 1722 1079 1793 amputari.
1106 1725 1226 1794 Ipse
1254 1726 1401 1779 enim
1437 1726 1609 1797 magis
1648 1737 1767 1782 erat
1794 1727 2042 1783 defessus

473 1811 751 1867 intentans
809 1784 1076 1882 supplicia
1108 1784 1147 1879 ,.
1168 1830 1334 1885 quam
1375 1784 1643 1895 martj'rcs
1692 1817 2034 1873 sustinentes
2069 1784 2116 1845 Β

471 1916 559 1964 ca,
593 1917 713 1971 quae
742 1903 1198 1958 intentabantur:
1232 1913 1289 1959 et
1335 1920 1547 1959 summa
1595 1906 1921 1962 fortitudine
1963 1907 2044 1960 vi-

471 2003 668 2065 cerunt
710 1994 786 2048 illi
822 1995 1094 2049 infinitam
1123 1996 1528 2052 crudelitatem.
1557 1996 1693 2051 Cum
1716 1998 1828 2067 jam
1855 2007 2040 2055 aulem

471 2085 540 2139 ad
603 2094 834 2140 mortem
892 2087 1323 2151 abducerentur,
1374 2089 1467 2160 qui
1514 2090 1582 2145 ab
1632 2090 1713 2144 eis
1753 2091 2043 2146 illuminati

398 2176 413 2185 ’
472 2177 697 2233 fuerant
734 2180 797 2231 ad
830 2179 1108 2249 pietatem,
1143 2180 1304 2234 simul
1352 2196 1475 2235 cum
1503 2189 1733 2235 senatu:
1762 2181 2045 2235 Dimittitis

472 2281 593 2334 nos,
619 2266 906 2335 dicebant,
940 2284 972 2321 ο
998 2269 1249 2323 doctores
1278 2269 1516 2336 pietatis,
1543 2285 1708 2337 super
1727 2269 2043 2322 cathedram

471 2358 819 2424 pestilentize,
857 2357 913 2410 in
942 2357 1121 2410 medio
1160 2356 1414 2410 Ecclesia:
1441 2357 1880 2426 malignantium,
1908 2372 2035 2411 cum

472 2446 539 2501 ad
588 2461 901 2499 mensuram
927 2447 1102 2500 aetatis
1130 2446 1184 2499 in
1234 2445 1453 2501 Christo
1489 2447 1733 2501 nondum
1769 2462 2041 2517 pervene-

474 2537 667 2591 rimus.
708 2536 856 2590 Beati
886 2545 1068 2591 autem
1098 2537 1173 2591 illi
1214 2539 1296 2592 eis
1323 2539 1763 2607 responderunt:
1807 2538 1910 2605 Qui
1945 2539 2044 2594 do-

475 2634 562 2679 cet
588 2626 863 2681 hominem
894 2626 1178 2682 seientiam
1219 2628 1475 2685 Christus
1521 2630 1663 2686 Deus
1701 2641 1911 2698 noster,
1948 2633 2041 2703 qui

473 2724 557 2768 est
602 2716 928 2771 illuminatio
966 2718 1273 2772 animarum
1309 2728 1647 2783 nostrarum,
1696 2721 1810 2791 ipse
1843 2736 1941 2778 vos
1979 2723 2044 2778 il-

474 2806 767 2861 lumioabit
796 2816 850 2862 et
884 2808 1076 2863 reddet
1108 2809 1497 2880 intelligentes,
1536 2811 1830 2883 ﬁrmosque
1877 2814 2043 2869 faciet

471 2903 526 2949 et
554 2896 773 2951 stabilcs
803 2897 1157 2955 fundamento
1190 2915 1301 2955 sua:
1335 2901 1482 2956 ﬂdei.
1714 2908 1718 2913 ’

548 2986 711 3043 XVII.
749 2987 932 3043 Ilelata
991 3001 1120 3045 sunt
1164 2992 1282 3046 ham
1339 2994 1493 3064 regi:
1541 3003 1596 3050 et
1648 2994 1796 3065 quod
1845 3014 2039 3070 magna

2147 543 2179 610 ή
2191 540 2306 610 μῶν
2337 541 2477 593 κατὰ
2502 541 2600 610 τὴν
2634 542 2734 598 σὴν
2784 539 3114 604 ἐπιείκειαν,
3146 540 3241 591 καὶ
3287 537 3529 607 ἀνάγαγε
3561 540 3710 610 ἡμᾶς

2145 635 2210 687 ἐκ
2237 634 2440 687 λάκκου
2475 633 2854 701 ταλαιπωρίας
2874 649 2889 665 ·
2918 634 3002 686 ὅτι
3043 631 3106 685 τὸ
3157 629 3306 693 ἔλεός
3335 647 3429 684 σου
3454 632 3710 701 χρηστὸν,

2145 723 2239 777 καὶ
2271 725 2305 794 ή
2341 722 2615 793 ἀγαθὸτης
2648 722 2990 784 ἁνείκαστος.
3017 710 3169 790 Ἅμα
3205 720 3262 773 δὲ
3287 722 3351 791 τῇ
3386 721 3542 791 εὐχῇ,
3572 722 3712 791 λαμ-

2147 814 2548 884 προφοροῦντες
2585 813 2897 883 ἐπέστησαν
2926 811 3169 878 ἄγγελοι,
3205 805 3295 864 οἷά
3323 827 3434 864 τισι
3465 811 3713 881 σιδηραῖς

2146 903 2365 973 ῥάϐδοις
2387 904 2515 965 τοὺς
2556 902 2730 972 θῆρας
2770 901 3194 967 ἀποσοϐοῦντες,
3223 900 3457 955 ἑκάστου
3502 919 3563 956 τε
3601 903 3712 960 τῶν

2143 1000 2317 1068 ἁγίων
2356 997 2648 1067 λαϐόμενοι
2691 997 2793 1065 τῆς
2824 994 3026 1065 χειρὸς,
3068 993 3329 1056 ἀϐλαϐεῖς
3361 993 3469 1049 τῶν
3503 993 3714 1063 βόθρων

2144 1090 2359 1163 ἐξῆγον.
2406 1087 2548 1143 Ἀλλ’
2589 1090 2617 1141 ὁ
2652 1087 2926 1158 βασιλεὺς,
2974 1085 3096 1139 δέον
3130 1076 3311 1140 πάλιν
3335 1085 3573 1139 συνεῖναι
3614 1083 3713 1157 τὴν

2143 1178 2389 1251 Χριστοῦ
2437 1178 2667 1249 δύναμιν
2712 1179 2806 1231 καὶ
2858 1174 3171 1230 παύσασθαί
3234 1192 3363 1229 ποτε
3430 1176 3713 1243 ἀνηνύτοις

2144 1272 2465 1344 ἐπιχειρεῖν,
2495 1271 2525 1324 ό
2575 1271 2633 1324 δὲ
2670 1269 2925 1324 ἐκέλευσε
2984 1269 3109 1331 τοὺς
3151 1268 3338 1333 ἁγίους
3390 1262 3547 1329 αὖθις
3579 1284 3710 1339 κρε-

2118 1428 2123 1431 _
2149 1364 2459 1434 μασθέντας
2510 1361 2747 1430 ξέεσθαι.
2788 1362 2876 1425 Ὠς
2900 1361 2959 1415 δὲ
2989 1359 3084 1413 ἐπὶ
3120 1359 3342 1421 πολλαῖς
3369 1361 3489 1421 ταῖς
3539 1357 3710 1430 ὥραις

2143 1456 2242 1520 τὰς
2276 1458 2484 1528 σάρκας
2533 1455 2870 1526 τεμνομένας
2912 1455 3081 1524 ἑώρα,
3119 1453 3214 1507 καὶ
3276 1451 3423 1522 ψυχῇ
3481 1454 3709 1525 γενναίᾳ

2144 1546 2282 1616 πρὸς
2318 1547 2443 1607 τοὺς
2493 1546 2710 1616 ἀγῶνας
2741 1545 3090 1616 ἀντέχοντας,
3156 1542 3549 1613 καθαιρεθῆναι
3599 1542 3706 1595 τῶν

2145 1634 2318 1701 ξύλων
2334 1636 2564 1699 κελεύει,
2579 1636 2675 1689 καὶ
2698 1636 2795 1697 τὰς
2810 1634 3050 1703 κεφαλὰς
3070 1634 3433 1707 ἐκτμηθῆναι.
3463 1634 3708 1703 Ἕκαμνε

2143 1730 2251 1801 γὰρ
2282 1728 2447 1792 αὐτὸς
2484 1727 2688 1796 μᾶλλον
2721 1726 2943 1795 ἐπάγων
2979 1726 3078 1789 τὰς
3102 1726 3396 1806 τιμωρίας.
3431 1724 3464 1794 ἢ
3490 1725 3541 1778 οἱ
3572 1723 3711 1794 μάρ-

2142 1838 2307 1890 τυρες
2349 1820 2643 1890 ὑπομένειν
2682 1817 2751 1872 τὰ
2784 1817 3123 1888 ἑπαγόμενα.
3158 1817 3253 1871 καὶ
3284 1815 3567 1884 νενίκηκεν
3608 1816 3714 1867 ὑπ-

2144 1913 2341 1984 ερϐολῇ
2374 1911 2759 1982 γενναιότητος
2787 1950 2801 1973 ,
2826 1909 3111 1980 ὠμότητος
3151 1909 3438 1979 ἀμετρίαν.
3480 1909 3713 1975 Ἀπαγο-

2146 2008 2323 2078 μένων
2351 2005 2409 2060 δὲ
2438 2006 2546 2076 ἤδη
2578 2006 2679 2076 τὴν
2732 2004 2826 2058 ἐπὶ
2861 2005 3091 2059 θάνατον
3119 2004 3168 2057 οἱ
3224 2002 3355 2071 παρ’
3389 2002 3571 2055 αὐτῶν
3599 2018 3713 2070 φω-

2142 2097 2418 2161 τισθέντες
2441 2097 2522 2159 είς
2555 2095 2869 2149 θεοσέϐειαν
2900 2097 2995 2149 σὺν
3027 2095 3143 2165 ἅμα
3167 2095 3262 2148 καί⁵
3289 2096 3356 2165 τῇ
3395 2093 3710 2163 συγκλήτῳ,

2156 2190 2369 2257 ’Λφίετε
2396 2189 2567 2258 ἡμᾶς,
2607 2187 2812 2254 ἔλεγον,
2843 2188 2892 2238 oi
2928 2188 3027 2255 τῆς
3061 2184 3342 2248 εὐσεῦείας
3372 2184 3711 2248 διδάσκαλοι,

2143 2279 2236 2331 ἐπὶ
2269 2278 2507 2348 καθέδρᾳ
2531 2276 2739 2345 λοιμῶν
2774 2278 2830 2328 ὲν
2861 2275 3012 2344 μέσῳ
3049 2274 3377 2343 Ἐκκλνησίας
3416 2291 3715 2343 πονηρευο-

2145 2368 2345 2436 μένων,
2382 2368 2549 2437 μήπω
2579 2366 2715 2435 πρὸς
2749 2365 2947 2436 μέτρον
2981 2365 3081 2434 τῆς
3112 2366 3170 2417 ἐν
3201 2365 3426 2435 Χριστῷ
3469 2365 3714 2434 φθάσαν-

2143 2476 2242 2522 τας
2274 2458 2512 2529 ἡλικίας.
2555 2459 2619 2511 Ol
2650 2459 2709 2512 δὲ
2746 2461 3005 2529 μακάριοι
3041 2458 3179 2527 πρὸς
3226 2457 3425 2521 αὐτοὺς
3479 2458 3716 2527 ἁπεκρί-

2132 2567 2321 2615 ,ναντο,
2340 2552 2398 2605 '0
2426 2550 2691 2604 διδάσκων
2717 2551 3000 2621 ἄνθρωπον
3022 2551 3225 2618 γνῶσιν
3256 2549 3488 2620 Χριστὸς
3517 2552 3545 2601 ὁ
3580 2549 3715 2611 Θεὸς

2143 2642 2302 2710 ήμῶν
2359 2644 2387 2694 ὁ
2452 2643 2734 2711 φωτισμδς
2794 2643 2903 2695 τῶν
2953 2642 3237 2712 ἡμετέρων
3278 2642 3488 2711 ψυχῶν,
3552 2642 3711 2700 αὐτὸς

2144 2734 2289 2803 ὑμᾶς
2320 2735 2512 2802 φωτιεῖ
2543 2750 2604 2785 τε
2646 2733 2739 2785 καὶ
2773 2736 3028 2796 συνετιεῖ,
3056 2733 3150 2786 καὶ
3184 2730 3262 2801 τῷ
3295 2731 3526 2802 θεμελίῳ
3555 2730 3713 2800 ἑδρά-

2144 2841 2226 2879 σει
2255 2824 2355 2895 τῆς
2385 2823 2549 2879 αὐτοῦ
2577 2824 2841 2889 πίστεω;;

2225 3006 2521 3075 Ἀνηνέχθη
2556 3006 2729 3057 ταῦτα
2753 3004 2827 3074 τῷ
2852 3004 3087 3074 βασιλεῖ,
3126 3006 3217 3059 καὶ
3251 3005 3325 3068 ὡς
3349 3004 3502 3075 ὔχλος
3526 3005 3712 3079 ἱκανδς

472 3079 770 3135 multitudo
808 3093 1136 3151 sequeretur
1171 3094 1409 3148 sanctos,
1446 3102 1638 3140 eorum
1689 3088 1864 3145 caades
1914 3107 2039 3160 pro-

2147 3098 2333 3151 ἕποιτο
2366 3099 2478 3160 τοῖς
2514 3098 2691 3165 ἁγίοις
2722 3099 3003 3166 ἁπείργων
3033 3096 3210 3151 αὐτῶν
3244 3098 3342 3169 τὴν
3375 3098 3614 3169 σφαγήν.
3650 3099 3708 3153 ’0

472 3170 690 3226 bibens.
730 3172 821 3226 Ille
855 3181 1035 3227 autem
1073 3176 1255 3230 statim
1304 3177 1509 3232 emittit
1561 3190 1836 3236 catervam
1892 3184 2040 3238 mili-

2143 3189 2199 3242 δὲ
2244 3190 2431 3256 στῖφος
2503 3188 2851 3258 στρατιωτῶν
2892 3189 3144 3257 ἐξαυτῆς,
3180 3187 3321 3242 κατά
3355 3187 3464 3240 τῶν
3510 3189 3709 3258 ἑπομέ-

472 3270 585 3315 tum
616 3263 670 3317 in
707 3278 823 3327 eos,
869 3265 962 3335 qui
1007 3266 1382 3335 sequebantur
1428 3281 1665 3336 sanctos,
1711 3274 1795 3329 cui
1823 3276 2039 3345 jussmn

471 3353 651 3409 fuerat
690 3363 751 3409 ut
776 3370 872 3410 eos
912 3358 1230 3426 expelleret,
1284 3362 1378 3415 sed
1431 3363 1635 3434 egregii
1674 3364 1750 3419 illi
1788 3366 1912 3434 viri,
1946 3369 2039 3438 qui

471 3442 536 3496 ad
574 3441 736 3497 finem
766 3442 938 3514 uque
988 3453 1292 3510 statuerant
1342 3451 1597 3506 resistere
1640 3463 1886 3522 peccato,
1938 3456 2042 3512 hoc

471 3532 609 3586 nihil
634 3533 925 3603 facientes,
954 3540 1267 3598 maluerunt
1328 3546 1512 3615 potius
1558 3549 1696 3601 mori
1738 3566 1862 3604 cum
1912 3568 2041 3606 san-

471 3622 588 3676 ctis.
656 3623 902 3690 Quorum
947 3634 1309 3688 constantiam
1352 3652 1474 3691 cum
1532 3649 1798 3710 tyrannus
1847 3658 2041 3698 rursus

474 3711 853 3781 intellexisset,
899 3717 1067 3787 jussit
1116 3736 1310 3779 omnes
1347 3725 1507 3780 simul
1547 3743 1672 3783 cum
1721 3732 1929 3787 sanctis
1956 3734 2041 3787 in-

473 3801 668 3889 terfici,
731 3820 844 3860 suae
893 3808 1178 3866 ocCidendi
1240 3815 1491 3873 homines
1542 3819 1858 3890 cupiditatis
1911 3839 2039 3893 prae-

473 3901 679 3948 textum
732 3896 1013 3968 accipiens
1070 3917 1262 3960 eorum
1304 3901 1548 3964 amorem
1602 3912 1846 3982 pietatis.
1899 3915 2037 3971 Cum

470 3993 653 4038 autem
688 3987 738 4041 ei
772 3992 1174 4074 suggessissent
1219 3999 1463 4067 quidam,
1497 4016 1731 4071 quorum
1777 4015 1896 4061 erat
1921 4022 2038 4061 ma-

470 4089 610 4143 gnus
633 4077 785 4135 zelus
809 4080 862 4135 in
896 4083 1210 4150 simulacra,
1241 4091 1383 4159 quod
1409 4090 1599 4148 fuisset
1628 4105 1850 4151 senatus
1877 4112 2037 4153 causa

472 4165 669 4259 horum
736 4172 1030 4240 malorum,
1074 4176 1232 4247 jubet
1291 4179 1512 4237 beatum
1573 4184 1772 4242 adduci
1816 4188 2039 4259 Elpide-

466 4257 727 4333 phorum,
774 4271 834 4315 ut
872 4266 966 4333 qui
1000 4269 1143 4336 apud
1175 4284 1301 4325 eum
1329 4272 1500 4329 ferret
1530 4279 1738 4346 primos
1765 4257 2025 4340 honores.

470 4347 565 4402 Ille
622 4360 806 4407 autem
863 4361 1171 4415 conversus
1219 4363 1288 4416 ad
1337 4365 1574 4423 invictos
1614 4383 1905 4443 martyres,
1938 4379 2031 4446 qui

468 4440 711 4538 nondum
744 4457 900 4503 erant
929 4455 1288 4509 consummati
1317 4472 1331 4511 :
1358 4456 1582 4528 Rogate,
1611 4440 1773 4531 dixit,
1798 4483 1897 4536 pro
1927 4440 2032 4538 me,

466 4527 655 4587 Patres
683 4534 735 4588 in
774 4537 992 4606 spiritu,
1049 4540 1218 4599 duces
1269 4560 1404 4601 meae
1450 4527 1505 4603 in
1553 4527 1838 4610 Christum
1881 4527 2031 4626 ﬁdei;

468 4627 532 4674 ut
560 4636 661 4692 ego
709 4628 928 4697 quoque
961 4645 991 4684 a
1024 4641 1206 4689 vestro
1235 4647 1381 4693 ccetu
1446 4656 1558 4696 non
1608 4646 1877 4703 excidam.
1931 4649 2031 4706 Cui

467 4711 641 4804 sancti
668 4729 683 4765 :
735 4713 863 4771 Esto
891 4716 1037 4774 bono
1079 4722 1283 4789 animo,
1318 4727 1595 4795 dixerunt,
1623 4747 1655 4786 ο
1687 4733 1880 4804 frater,
1913 4752 2031 4795 esto

466 4798 613 4855 bono
657 4804 871 4873 animo,
895 4817 951 4863 et
979 4826 1048 4866 ne
1098 4813 1174 4868 sis
1223 4817 1406 4873 animo
1452 4823 1680 4889 anxius,
1728 4844 1826 4883 nos
1884 4831 2031 4885 enim

466 4892 770 4980 praecedes,
802 4898 936 4966 prim
948 4910 1010 4955 us
1034 4901 1309 4962 sistendus
1330 4924 1516 4966 coram
1546 4915 1754 4972 caelesti
1780 4919 2031 4980 Domino.

465 4979 602 5035 Cum
632 4994 727 5040 eos
756 4998 890 5059 ergo
939 5004 1088 5050 esset
1123 4999 1439 5071 amplexus,
1488 5005 1793 5065 ducebatur
1838 5014 1905 5068 ad
1947 5025 2032 5086 ty-

462 5085 702 5175 rannum
735 5094 749 5131 :
804 5094 929 5175 eum
961 5094 1144 5141 autem
1182 5098 1295 5147 tres
1330 5110 1551 5167 quoque
1588 5100 1681 5156 alii
1729 5085 2030 5175 conseque-

465 5160 689 5231 bantur,
737 5169 832 5239 qui
860 5184 1019 5232 erant
1045 5179 1294 5250 ejusdem
1321 5160 1490 5241 animi
1515 5196 1571 5244 et
1597 5191 1857 5250 instituti.

534 5253 722 5356 XXIII.
779 5260 1064 5335 Tyrannus
1100 5281 1284 5328 autem
1320 5293 1333 5330 :
1366 5274 1510 5333 Ouid
1574 5282 1754 5349 vobis,
1807 5285 1983 5356 inquit
2010 5327 2025 5352 ,

464 5347 950 5444 ac_eidit,ostulti,
1008 5369 1068 5415 ut
1117 5363 1344 5420 deorum
1393 5369 1614 5437 quidem
1666 5347 1899 5444 patriam
1943 5347 2030 5435 di;

466 5437 761 5498 mitteretis
812 5448 1155 5520 religionem,
1213 5456 1574 5517 adhaereretis
1604 5437 1735 5521 vero
1791 5467 1878 5523 his
1927 5472 2030 5525 im-

464 5533 813 5596 postoribus?
864 5540 969 5595 Sed
1005 5544 1107 5596 nisi
1138 5548 1246 5601 cito
1283 5549 1692 5621 resipiscentes,
1721 5558 1785 5613 ad
1846 5561 2026 5629 priora

573 5715 593 5743 "
626 5714 768 5770 [δεδι.
803 5733 932 5782 LXII,
964 5717 1016 5785 2,
1046 5737 1167 5791 sqq.

2144 3299 2271 3347 νων,
2322 3283 2435 3343 τοῖς
2494 3280 2673 3348 ἁγίοις
2730 3280 3030 3349 ἐκπέμπει,
3082 3280 3424 3349 ἀποσοϐῆσαι
3486 3281 3710 3343 τούτους

2132 3368 2591 3435 κεκελευσμένον.
2637 3368 2777 3422 Ἀλλ’
2819 3369 2870 3421 οί
2895 3368 3134 3437 γενναῖοι
3180 3369 3379 3422 ἐκεῖνοι
3415 3370 3510 3421 καὶ
3544 3370 3733 3438 μέχρῖ

2140 3460 2331 3523 τέλους
2362 3460 2500 3528 πρὸς
2528 3459 2627 3530 τὴν
2664 3460 2940 3531 ἁμαρτίαν
2982 3462 3281 3530 ἐγνωκότες
3328 3459 3712 3514 ιίιντικοιθίστα⁴

2147 3552 2292 3615 σθαι,
2329 3553 2460 3622 παρ’
2491 3552 2644 3605 οὐδὲν
2676 3551 2833 3605 τοῦτο
2883 3551 3121 3621 θέμενοι,
3152 3555 3264 3615 τοῖς
3301 3551 3474 3619 ἁγίοις
3508 3552 3710 3619 μᾶλλον

2143 3641 2349 3696 εἴλοντο
2390 3642 2799 3698 συναποθανεῖν.
2836 3635 2936 3694 Ὧν
2968 3643 3064 3711 τὴν
3086 3641 3337 3694 ἔνστασιν
3396 3644 3423 3695 ό
3449 3642 3709 3710 τύραννος

2142 3730 2299 3797 αὖθις
2360 3734 2696 3802 ἀναμαθὼν,
2758 3734 3011 3787 ἐκέλευσε
3061 3735 3173 3796 τοῖς
3231 3731 3406 3801 ἁγίοις
3466 3732 3709 3794 ἅπαντας

2146 3826 2697 3894 συγκατασφαγῆναι,
2755 3826 3030 3894 πρόφασιν
3077 3825 3174 3893 τῆς
3204 3824 3344 3894 πρὸς
3374 3823 3434 3875 τὸ
3464 3824 3709 3893 ἀναιρεῖν

2143 3917 2469 3987 ἀνθρώπους
2497 3917 2816 3985 ἐπιθυμίας,
2868 3917 2929 3969 τὸ
2967 3914 3288 3984 φιλευσεεὲς
3339 3916 3517 3968 αὐτῶν
3546 3931 3709 3985 ποιη-

2132 3990 2396 4078 σάμενος.
2442 4007 2801 4078 ’Υποδληθεὶς
2833 4007 2889 4061 δὲ
2935 4007 3038 4061 ὑπό
3074 4024 3232 4060 τινων
3261 4002 3342 4071 οἷς
3378 4008 3537 4077 ζῆλος
3582 4010 3709 4077 περὶ

2140 4101 2209 4153 τὰ
2240 4099 2435 4153 εἴδωλα
2466 4095 2556 4171 ἦν,
2598 4100 2673 4162 ὡς
2727 4101 2761 4170 ἡ
2807 4088 3115 4168 σύγκλητος
3165 4098 3316 4153 αἰτία
3356 4100 3567 4166 γένοιτο
3600 4099 3707 4154 τῶν

2140 4191 2412 4246 τοσούτων
2437 4190 2643 4257 κακῶν,
2670 4190 2760 4243 τὸν
2788 4189 3058 4261 μακάριον
3075 4189 3450 4260 Ἑλπιδιφόρον
3473 4190 3707 4262 ἀχθῆναι

2142 4282 2473 4353 προστάττει
2520 4281 2614 4334 ἅτε
2654 4281 2753 4342 τὰς
2790 4281 3011 4353 πρώτας
3061 4282 3301 4352 φέροντα
3355 4280 3501 4350 παρὰ
3534 4282 3709 4352 ταύτῃ

2140 4374 2327 4442 τιμάς.
2371 4373 2430 4425 ’0
2497 4373 2555 4426 δὲ
2616 4373 2753 4442 πρὸς
2811 4374 2934 4435 τοὺς
2988 4373 3287 4443 ἀηττήτους
3345 4372 3705 4440 ἐπιστραφεὶς

2071 4442 2450 4537 θῆμάρτυρας,
2483 4465 2636 4520 οὔπω
2661 4466 3066 4529 τελειωθέντας,
3092 4464 3335 4529 Εὕξασθε
3381 4461 3533 4519 εἶπεν
3564 4467 3704 4537 ὑπὲρ

2143 4559 2278 4629 ἐμοῦ
2304 4560 2542 4629 Πατέρες
2574 4561 2633 4611 ὲν
2674 4557 2976 4625 πνεύματι,
3015 4558 3064 4611 οἱ
3092 4558 3215 4628 ἐμοὶ
3235 4559 3332 4627 τῆς
3361 4559 3439 4622 είς
3465 4558 3702 4637 Χριστὸν

2141 4654 2380 4719 πίστεως
2413 4650 2598 4721 ὁδηγοὶ
2641 4649 2783 4703 ῶστε
2828 4649 2976 4721 κάμὲ
3023 4650 3120 4721 τῆς
3156 4648 3311 4720 ὑμῶν
3340 4650 3587 4713 συνοδίας
3626 4652 3704 4721 μὴ

2138 4744 2411 4799 ἐκπεσεῖν.
2445 4742 2587 4813 Πρὸς
2619 4742 2746 4811 ὂνξοί.
2770 4741 2935 4810 ἅγιοι·
2963 4741 3187 4811 Θάρσει,
3219 4739 3449 4811 ἔφησαν,
3476 4741 3693 4808 ἁδελφὲ,

2142 4837 2356 4908 θάρσει,
2386 4838 2480 4890 καὶ¹
2516 4835 2593 4907 μὴ
2645 4834 2848 4904 ἀθύμει
2870 4851 2883 4865 ο
2918 4835 3210 4907 προηγήσῃ
3238 4832 3344 4904 γὰρ
3372 4833 3527 4904 ἡμῶν
3552 4834 3705 4903 πρῶ..

2139 4945 2231 4991 τος
2252 4922 2327 4996 τῷ
2347 4927 2581 4998 οὐρανίῳ
2604 4925 2849 4997 Δεσπότῃ
2882 4924 3395 4996 παραστησάμενος.
3428 4923 3703 4979 ’Δσπασά-

2139 5036 2301 5090 μενος
2329 5013 2424 5072 οὖν
2453 5017 2671 5080 αὐτοὺς,
2708 5016 2843 5088 πρὸς
2877 5016 2966 5070 τὸν
2997 5017 3262 5087 τύραννον
3300 5015 3489 5085 ἥγετο,
3525 5017 3703 5068 συνεί-

2142 5127 2303 5164 ποντο
2331 5108 2389 5162 δὲ
2415 5106 2563 5179 αύτῷ
2600 5106 2693 5160 καὶ
2723 5106 2902 5176 ἕτεροι
2935 5108 3086 5176 τρεῖς
3108 5106 3206 5175 τῆς
3237 5104 3412 5174 αὐτῆς
3451 5104 3700 5175 ἐχόμενοι

2141 5201 2367 5272 γνώμης
2395 5199 2491 5253 καὶ
2527 5198 2924 5271 προαιρέσεως.

2213 5292 2320 5349 ιη’.
2357 5292 2417 5347 '0
2443 5291 2499 5345 δὲ
2512 5290 2775 5362 τύραννος
2799 5290 2864 5342 Τί
2899 5290 3227 5354 πεπόνθατε,
3255 5289 3437 5361 φησ“;ν,
3458 5289 3695 5357 ἀνόητοι,

2138 5389 2237 5457 τῆς
2281 5386 2378 5456 μὲν
2435 5382 2696 5455 πατρῴας
2751 5381 2860 5436 τῶν
2908 5380 3046 5434 θεῶν
3087 5382 3388 5452 θρησκείας
3435 5382 3698 5451 ἀφέμενοι

2133 5480 2245 5540 τοῖς
2274 5476 2552 5532 ἀπατεῶσι
2588 5474 2644 5529 δὲ
2681 5472 2894 5535 τούτοις
2933 5471 3431 5542 προσκολληθέντες
3457 5491 3472 5538 ;
3504 5472 3619 5526 ἀλλ’
3645 5474 3697 5527 εἰ

2140 5567 2211 5637 μὴ
2249 5567 2434 5638 τάχιον
2464 5564 2837 5635 ἀνανήψαντες
2864 5561 3207 5616 ἐπιλάϐοιοθε
3246 5562 3353 5616 τῶν
3389 5564 3689 5636 προτέρων,
