  <div class='ocr_page' id='page_1' title='image "/cluster/home/n/w/nwhite01/storage/ocr_20150623/116/hvd.32044073502221/020.png"; bbox 0 0 4060 6374; ppageno 0'>
   <div class='ocr_carea' id='block_1_1' title="bbox 337 310 3596 437">
    <p class='ocr_par' dir='ltr' id='par_1_1' title="bbox 337 310 3596 437">
     <span class='ocr_line' id='line_1_1' title="bbox 337 310 3596 437; baseline 0.02 -65"><span class='ocrx_word' id='word_1_1' title='bbox 337 310 413 375; x_wconf 76' lang='lat'><strong>29</strong></span> <span class='ocrx_word' id='word_1_2' title='bbox 1160 329 1631 395; x_wconf 78' lang='lat' dir='ltr'><strong>MARTYRIUM</strong></span> <span class='ocrx_word' id='word_1_3' title='bbox 1666 338 1731 397; x_wconf 92' lang='lat' dir='ltr'><strong>S.</strong></span> <span class='ocrx_word' id='word_1_4' title='bbox 1778 340 2151 407; x_wconf 78' lang='lat' dir='ltr'><strong>ACINDYNI</strong></span> <span class='ocrx_word' id='word_1_5' title='bbox 2188 347 2282 411; x_wconf 86' lang='lat' dir='ltr'><strong>ET</strong></span> <span class='ocrx_word' id='word_1_6' title='bbox 2323 347 2736 421; x_wconf 79' lang='lat' dir='ltr'><strong>SOCIORUM.</strong></span> <span class='ocrx_word' id='word_1_7' title='bbox 3520 373 3596 437; x_wconf 76' lang='lat'><strong>30</strong></span> 
     </span>
    </p>
   </div>
   <div class='ocr_carea' id='block_1_2' title="bbox 336 427 1899 551">
    <p class='ocr_par' dir='ltr' id='par_1_2' title="bbox 336 427 1899 551">
     <span class='ocr_line' id='line_1_2' title="bbox 336 427 1899 519; baseline 0.004 -24"><span class='ocrx_word' id='word_1_8' title='bbox 336 433 535 500; x_wconf 71' lang='grc' dir='ltr'>πικρὸν</span> <span class='ocrx_word' id='word_1_9' title='bbox 557 427 704 499; x_wconf 77' lang='grc' dir='ltr'>ὑμᾶς</span> <span class='ocrx_word' id='word_1_10' title='bbox 733 431 794 486; x_wconf 80' lang='grc' dir='ltr'>τὸ</span> <span class='ocrx_word' id='word_1_11' title='bbox 824 433 924 503; x_wconf 84' lang='grc' dir='ltr'>τῆς</span> <span class='ocrx_word' id='word_1_12' title='bbox 949 434 1095 506; x_wconf 74' lang='grc' dir='ltr'>ζωῆς</span> <span class='ocrx_word' id='word_1_13' title='bbox 1127 438 1406 509; x_wconf 71' lang='grc' dir='ltr'>ἐκδέξεται</span> <span class='ocrx_word' id='word_1_14' title='bbox 1432 445 1633 514; x_wconf 83' lang='grc' dir='ltr'>πέρας.</span> <span class='ocrx_word' id='word_1_15' title='bbox 1672 448 1819 519; x_wconf 78' lang='grc' dir='ltr'>Πρὸς</span> <span class='ocrx_word' id='word_1_16' title='bbox 1856 449 1899 505; x_wconf 57' lang='grc' dir='ltr'>δη</span> 
     </span>
     <span class='ocr_line' id='line_1_3' title="bbox 345 520 1794 551; baseline 0 0"><span class='ocrx_word' id='word_1_17' title='bbox 345 520 728 551; x_wconf 56' lang='grc' dir='ltr'><strong>’ΠἹ-Δ...Ᾱ---</strong></span> <span class='ocrx_word' id='word_1_18' title='bbox 767 528 991 551; x_wconf 62' lang='lat' dir='ltr'><strong>A__-_l__</strong></span> <span class='ocrx_word' id='word_1_19' title='bbox 1084 549 1111 551; x_wconf 69' lang='lat'><strong>__</strong></span> <span class='ocrx_word' id='word_1_20' title='bbox 1136 550 1173 551; x_wconf 43' lang='grc' dir='ltr'>η</span> <span class='ocrx_word' id='word_1_21' title='bbox 1230 534 1243 551; x_wconf 71' lang='grc' dir='ltr'><strong>ρ</strong></span> <span class='ocrx_word' id='word_1_22' title='bbox 1479 539 1517 551; x_wconf 71' lang='grc' dir='ltr'><strong>π</strong></span> <span class='ocrx_word' id='word_1_23' title='bbox 1672 540 1685 551; x_wconf 79' lang='grc' dir='ltr'>ι</span> <span class='ocrx_word' id='word_1_24' title='bbox 1771 542 1794 551; x_wconf 90' lang='grc'><strong>..</strong></span> 
     </span>
    </p>
   </div>
   <div class='ocr_carea' id='block_1_3' title="bbox 1998 427 3592 551">
    <p class='ocr_par' dir='ltr' id='par_1_3' title="bbox 2019 456 3592 551">
     <span class='ocr_line' id='line_1_4' title="bbox 2019 456 3592 551; baseline 0.017 -41"><span class='ocrx_word' id='word_1_25' title='bbox 2019 456 2314 551; x_wconf 72' lang='lat' dir='ltr'><strong>redieritis,</strong></span> <span class='ocrx_word' id='word_1_26' title='bbox 2340 478 2440 519; x_wconf 79' lang='lat' dir='ltr'><strong>vos</strong></span> <span class='ocrx_word' id='word_1_27' title='bbox 2465 467 2699 537; x_wconf 79' lang='lat' dir='ltr'><strong>excipiet</strong></span> <span class='ocrx_word' id='word_1_28' title='bbox 2732 470 2968 529; x_wconf 86' lang='lat' dir='ltr'><strong>acerbus</strong></span> <span class='ocrx_word' id='word_1_29' title='bbox 2991 474 3116 531; x_wconf 65' lang='lat' dir='ltr'><strong>vitae</strong></span> <span class='ocrx_word' id='word_1_30' title='bbox 3143 475 3288 533; x_wconf 80' lang='lat' dir='ltr'><strong>ﬂuis.</strong></span> <span class='ocrx_word' id='word_1_31' title='bbox 3313 478 3414 535; x_wconf 88' lang='lat' dir='ltr'><strong>Cui</strong></span> <span class='ocrx_word' id='word_1_32' title='bbox 3442 480 3592 551; x_wconf 84' lang='lat' dir='ltr'><strong>Elpi-</strong></span> 
     </span>
    </p>
   </div>
   <div class='ocr_carea' id='block_1_4' title="bbox 345 520 1915 605">
    <p class='ocr_par' dir='ltr' id='par_1_4' title="bbox 345 520 1915 605">
     <span class='ocr_line' id='line_1_5' title="bbox 345 520 1915 605; baseline 0.015 -32"><span class='ocrx_word' id='word_1_33' title='bbox 345 520 728 594; x_wconf 71' lang='grc' dir='ltr'>Ἐλπτδιφόρος</span> <span class='ocrx_word' id='word_1_34' title='bbox 763 528 1023 600; x_wconf 75' lang='grc' dir='ltr'>ἁπτοήτῳ</span> <span class='ocrx_word' id='word_1_35' title='bbox 1079 534 1415 605; x_wconf 70' lang='grc' dir='ltr'>φρονήματι,</span> <span class='ocrx_word' id='word_1_36' title='bbox 1478 539 1729 594; x_wconf 76' lang='grc' dir='ltr'><strong>Γνωστὸν</strong></span> <span class='ocrx_word' id='word_1_37' title='bbox 1768 542 1915 597; x_wconf 78' lang='grc' dir='ltr'>ἔστω</span> 
     </span>
    </p>
   </div>
   <div class='ocr_carea' id='block_1_5' title="bbox 335 612 1916 697">
    <p class='ocr_par' dir='ltr' id='par_1_5' title="bbox 335 612 1916 697">
     <span class='ocr_line' id='line_1_6' title="bbox 335 612 1916 697; baseline 0.016 -34"><span class='ocrx_word' id='word_1_38' title='bbox 335 629 441 677; x_wconf 89' lang='grc' dir='ltr'>σοι,</span> <span class='ocrx_word' id='word_1_39' title='bbox 480 612 731 683; x_wconf 78' lang='grc' dir='ltr'>βασιλεῦ,</span> <span class='ocrx_word' id='word_1_40' title='bbox 767 616 895 688; x_wconf 78' lang='grc' dir='ltr'>ἔφη,</span> <span class='ocrx_word' id='word_1_41' title='bbox 946 621 1031 675; x_wconf 86' lang='grc' dir='ltr'><strong>δτι</strong></span> <span class='ocrx_word' id='word_1_42' title='bbox 1087 626 1201 687; x_wconf 84' lang='grc' dir='ltr'>τοῖς</span> <span class='ocrx_word' id='word_1_43' title='bbox 1238 626 1313 697; x_wconf 77' lang='grc' dir='ltr'>μὴ</span> <span class='ocrx_word' id='word_1_44' title='bbox 1357 622 1478 683; x_wconf 79' lang='grc' dir='ltr'>οὖσι</span> <span class='ocrx_word' id='word_1_45' title='bbox 1536 630 1678 696; x_wconf 80' lang='grc' dir='ltr'><strong>θεοῖς</strong></span> <span class='ocrx_word' id='word_1_46' title='bbox 1711 633 1772 686; x_wconf 86' lang='grc' dir='ltr'><strong>ού</strong></span> <span class='ocrx_word' id='word_1_47' title='bbox 1819 634 1916 688; x_wconf 91' lang='grc' dir='ltr'>λα-</span> 
     </span>
    </p>
   </div>
   <div class='ocr_carea' id='block_1_6' title="bbox 325 702 1913 795">
    <p class='ocr_par' dir='ltr' id='par_1_6' title="bbox 325 702 1913 795">
     <span class='ocr_line' id='line_1_7' title="bbox 325 702 1913 795; baseline 0.016 -41"><span class='ocrx_word' id='word_1_48' title='bbox 325 702 617 795; x_wconf 69' lang='grc' dir='ltr'>τρεύομεν,</span> <span class='ocrx_word' id='word_1_49' title='bbox 649 706 741 759; x_wconf 83' lang='grc' dir='ltr'>καὶ</span> <span class='ocrx_word' id='word_1_50' title='bbox 770 707 848 778; x_wconf 84' lang='grc' dir='ltr'>τῷ</span> <span class='ocrx_word' id='word_1_51' title='bbox 870 708 1101 781; x_wconf 87' lang='grc' dir='ltr'>δόγματί</span> <span class='ocrx_word' id='word_1_52' title='bbox 1127 732 1219 769; x_wconf 88' lang='grc' dir='ltr'><strong>σου</strong></span> <span class='ocrx_word' id='word_1_53' title='bbox 1248 718 1683 789; x_wconf 77' lang='grc' dir='ltr'><strong>ἀντιτασσόμεθα</strong></span> <span class='ocrx_word' id='word_1_54' title='bbox 1707 738 1723 754; x_wconf 76' lang='grc' dir='ltr'><strong>ο</strong></span> <span class='ocrx_word' id='word_1_55' title='bbox 1774 725 1913 795; x_wconf 84' lang='grc' dir='ltr'>ὅπερ</span> 
     </span>
    </p>
   </div>
   <div class='ocr_carea' id='block_1_7' title="bbox 330 791 1911 885">
    <p class='ocr_par' dir='ltr' id='par_1_7' title="bbox 330 791 1911 885">
     <span class='ocr_line' id='line_1_8' title="bbox 330 791 1911 885; baseline 0.013 -37"><span class='ocrx_word' id='word_1_56' title='bbox 330 791 430 848; x_wconf 76' lang='grc' dir='ltr'>οὖν</span> <span class='ocrx_word' id='word_1_57' title='bbox 460 813 539 850; x_wconf 90' lang='grc' dir='ltr'><strong>σοι</strong></span> <span class='ocrx_word' id='word_1_58' title='bbox 564 797 777 864; x_wconf 78' lang='grc' dir='ltr'>δοκοῦν,</span> <span class='ocrx_word' id='word_1_59' title='bbox 808 802 1070 859; x_wconf 77' lang='grc' dir='ltr'>ἐπιτέλει.</span> <span class='ocrx_word' id='word_1_60' title='bbox 1112 806 1269 862; x_wconf 78' lang='grc' dir='ltr'>Ἐπεὶ</span> <span class='ocrx_word' id='word_1_61' title='bbox 1307 810 1464 865; x_wconf 82' lang='grc' dir='ltr'>τοῦτο</span> <span class='ocrx_word' id='word_1_62' title='bbox 1498 813 1733 884; x_wconf 79' lang='grc' dir='ltr'><strong>ἀρέσκον</strong></span> <span class='ocrx_word' id='word_1_63' title='bbox 1759 816 1911 885; x_wconf 82' lang='grc' dir='ltr'>ύμῖν,</span> 
     </span>
    </p>
   </div>
   <div class='ocr_carea' id='block_1_8' title="bbox 331 890 1911 979">
    <p class='ocr_par' dir='ltr' id='par_1_8' title="bbox 331 890 1911 979">
     <span class='ocr_line' id='line_1_9' title="bbox 331 890 1911 979; baseline 0.014 -38"><span class='ocrx_word' id='word_1_64' title='bbox 331 891 363 941; x_wconf 79' lang='grc' dir='ltr'><strong>ὁ</strong></span> <span class='ocrx_word' id='word_1_65' title='bbox 386 890 646 958; x_wconf 82' lang='grc' dir='ltr'>τύραννος</span> <span class='ocrx_word' id='word_1_66' title='bbox 688 892 911 963; x_wconf 46' lang='grc' dir='ltr'>ἔφητὸ</span> <span class='ocrx_word' id='word_1_67' title='bbox 943 900 1054 958; x_wconf 84' lang='grc' dir='ltr'>τοῖς</span> <span class='ocrx_word' id='word_1_68' title='bbox 1087 900 1312 955; x_wconf 78' lang='grc' dir='ltr'>ἀσεϐέσι</span> <span class='ocrx_word' id='word_1_69' title='bbox 1350 904 1566 971; x_wconf 83' lang='grc' dir='ltr'><strong>τούτοις</strong></span> <span class='ocrx_word' id='word_1_70' title='bbox 1599 909 1911 979; x_wconf 79' lang='grc' dir='ltr'>ἑπομένους</span> 
     </span>
    </p>
   </div>
   <div class='ocr_carea' id='block_1_9' title="bbox 330 981 1910 1071">
    <p class='ocr_par' dir='ltr' id='par_1_9' title="bbox 330 981 1910 1071">
     <span class='ocr_line' id='line_1_10' title="bbox 330 981 1910 1071; baseline 0.013 -37"><span class='ocrx_word' id='word_1_71' title='bbox 330 981 431 1035; x_wconf 83' lang='grc' dir='ltr'>τοῦ</span> <span class='ocrx_word' id='word_1_72' title='bbox 462 984 575 1037; x_wconf 75' lang='grc' dir='ltr'>[σου</span> <span class='ocrx_word' id='word_1_73' title='bbox 606 987 934 1058; x_wconf 81' lang='grc' dir='ltr'>κοινωνῆσαι</span> <span class='ocrx_word' id='word_1_74' title='bbox 983 990 1196 1059; x_wconf 80' lang='grc' dir='ltr'><strong>τέλους,</strong></span> <span class='ocrx_word' id='word_1_75' title='bbox 1232 993 1429 1051; x_wconf 77' lang='grc' dir='ltr'>οὔκουν</span> <span class='ocrx_word' id='word_1_76' title='bbox 1458 999 1910 1071; x_wconf 80' lang='grc' dir='ltr'><strong>ἀποστερήσομεν</strong></span> 
     </span>
    </p>
   </div>
   <div class='ocr_carea' id='block_1_10' title="bbox 332 1072 1909 1164">
    <p class='ocr_par' dir='ltr' id='par_1_10' title="bbox 332 1072 1909 1164">
     <span class='ocr_line' id='line_1_11' title="bbox 332 1072 1909 1164; baseline 0.014 -40"><span class='ocrx_word' id='word_1_77' title='bbox 332 1072 480 1140; x_wconf 74' lang='grc' dir='ltr'>ὑμᾶς</span> <span class='ocrx_word' id='word_1_78' title='bbox 510 1076 607 1144; x_wconf 77' lang='grc' dir='ltr'>τῆς</span> <span class='ocrx_word' id='word_1_79' title='bbox 636 1078 902 1144; x_wconf 72' lang='grc' dir='ltr'>ἐφέσεως,</span> <span class='ocrx_word' id='word_1_80' title='bbox 934 1082 1073 1135; x_wconf 85' lang='grc' dir='ltr'><strong>ἀλλά</strong></span> <span class='ocrx_word' id='word_1_81' title='bbox 1115 1087 1206 1139; x_wconf 60' lang='grc' dir='ltr'><strong>καὶ⁵</strong></span> <span class='ocrx_word' id='word_1_82' title='bbox 1244 1088 1345 1151; x_wconf 79' lang='grc' dir='ltr'><strong>τὰς</strong></span> <span class='ocrx_word' id='word_1_83' title='bbox 1376 1089 1532 1159; x_wconf 82' lang='grc' dir='ltr'>ὑμῶν</span> <span class='ocrx_word' id='word_1_84' title='bbox 1562 1091 1705 1160; x_wconf 81' lang='grc' dir='ltr'>ξίφει</span> <span class='ocrx_word' id='word_1_85' title='bbox 1740 1111 1909 1164; x_wconf 84' lang='grc' dir='ltr'>κεφα-</span> 
     </span>
    </p>
   </div>
   <div class='ocr_carea' id='block_1_11' title="bbox 330 1164 1908 1254">
    <p class='ocr_par' dir='ltr' id='par_1_11' title="bbox 330 1164 1908 1254">
     <span class='ocr_line' id='line_1_12' title="bbox 330 1164 1908 1254; baseline 0.015 -38"><span class='ocrx_word' id='word_1_86' title='bbox 330 1164 434 1228; x_wconf 80' lang='grc' dir='ltr'><strong>λάς</strong></span> <span class='ocrx_word' id='word_1_87' title='bbox 463 1169 769 1238; x_wconf 79' lang='grc' dir='ltr'><strong>ἐκκοπῆναι</strong></span> <span class='ocrx_word' id='word_1_88' title='bbox 799 1173 1029 1231; x_wconf 81' lang='grc' dir='ltr'><strong>κελεύω.</strong></span> <span class='ocrx_word' id='word_1_89' title='bbox 1080 1176 1167 1240; x_wconf 80' lang='grc' dir='ltr'>Ὠς</span> <span class='ocrx_word' id='word_1_90' title='bbox 1195 1179 1253 1234; x_wconf 82' lang='grc' dir='ltr'>δὲ</span> <span class='ocrx_word' id='word_1_91' title='bbox 1287 1182 1492 1253; x_wconf 89' lang='grc' dir='ltr'>ταύτης</span> <span class='ocrx_word' id='word_1_92' title='bbox 1533 1186 1583 1238; x_wconf 84' lang='lat' dir='ltr'><strong>oi</strong></span> <span class='ocrx_word' id='word_1_93' title='bbox 1618 1184 1766 1253; x_wconf 78' lang='grc' dir='ltr'>ἅγιοι</span> <span class='ocrx_word' id='word_1_94' title='bbox 1806 1185 1908 1254; x_wconf 79' lang='grc' dir='ltr'>τῆς</span> 
     </span>
    </p>
   </div>
   <div class='ocr_carea' id='block_1_12' title="bbox 327 1258 1907 1347">
    <p class='ocr_par' dir='ltr' id='par_1_12' title="bbox 327 1258 1907 1347">
     <span class='ocr_line' id='line_1_13' title="bbox 327 1258 1907 1347; baseline 0.013 -37"><span class='ocrx_word' id='word_1_95' title='bbox 327 1258 661 1327; x_wconf 70' lang='grc' dir='ltr'><strong>ἀποφάσεως</strong></span> <span class='ocrx_word' id='word_1_96' title='bbox 699 1264 963 1331; x_wconf 68' lang='grc' dir='ltr'>ἤκουσαν,</span> <span class='ocrx_word' id='word_1_97' title='bbox 996 1269 1285 1340; x_wconf 83' lang='grc' dir='ltr'>χαίροντές</span> <span class='ocrx_word' id='word_1_98' title='bbox 1330 1291 1388 1326; x_wconf 86' lang='grc' dir='ltr'><strong>τε</strong></span> <span class='ocrx_word' id='word_1_99' title='bbox 1418 1276 1511 1328; x_wconf 72' lang='grc' dir='ltr'><strong>καὶ</strong></span> <span class='ocrx_word' id='word_1_100' title='bbox 1543 1276 1907 1347; x_wconf 74' lang='grc' dir='ltr'><strong>ἀγαλλόμενοι</strong></span> 
     </span>
    </p>
   </div>
   <div class='ocr_carea' id='block_1_13' title="bbox 331 1350 1908 1432">
    <p class='ocr_par' dir='ltr' id='par_1_13' title="bbox 331 1350 1908 1432">
     <span class='ocr_line' id='line_1_14' title="bbox 331 1350 1908 1432; baseline 0.012 -31"><span class='ocrx_word' id='word_1_101' title='bbox 331 1350 472 1419; x_wconf 69' lang='grc' dir='ltr'>πρὸς</span> <span class='ocrx_word' id='word_1_102' title='bbox 504 1352 600 1404; x_wconf 82' lang='grc' dir='ltr'>τὸν</span> <span class='ocrx_word' id='word_1_103' title='bbox 650 1352 882 1410; x_wconf 80' lang='grc' dir='ltr'>θάνατον</span> <span class='ocrx_word' id='word_1_104' title='bbox 914 1357 1116 1428; x_wconf 73' lang='grc' dir='ltr'>ἤγοντο</span> <span class='ocrx_word' id='word_1_105' title='bbox 1158 1366 1543 1430; x_wconf 83' lang='grc' dir='ltr'>συνεπομένων</span> <span class='ocrx_word' id='word_1_106' title='bbox 1587 1367 1770 1432; x_wconf 88' lang='grc' dir='ltr'>αὐτοῖς</span> <span class='ocrx_word' id='word_1_107' title='bbox 1814 1369 1908 1428; x_wconf 74' lang='grc' dir='ltr'>καὶ</span> 
     </span>
    </p>
   </div>
   <div class='ocr_carea' id='block_1_14' title="bbox 326 1444 1906 1531">
    <p class='ocr_par' dir='ltr' id='par_1_14' title="bbox 326 1444 1906 1531">
     <span class='ocr_line' id='line_1_15' title="bbox 326 1444 1906 1531; baseline 0.013 -36"><span class='ocrx_word' id='word_1_108' title='bbox 326 1444 440 1495; x_wconf 85' lang='grc' dir='ltr'><strong>τῶν</strong></span> <span class='ocrx_word' id='word_1_109' title='bbox 492 1448 881 1515; x_wconf 82' lang='grc' dir='ltr'>στρατιωτῶν,</span> <span class='ocrx_word' id='word_1_110' title='bbox 936 1455 1018 1517; x_wconf 87' lang='grc' dir='ltr'><strong>είς</strong></span> <span class='ocrx_word' id='word_1_111' title='bbox 1071 1456 1418 1523; x_wconf 80' lang='grc' dir='ltr'>τριακοσίους</span> <span class='ocrx_word' id='word_1_112' title='bbox 1459 1457 1906 1531; x_wconf 78' lang='grc' dir='ltr'>ἀριθμουμένων,</span> 
     </span>
    </p>
   </div>
   <div class='ocr_carea' id='block_1_15' title="bbox 326 1534 1907 1623">
    <p class='ocr_par' dir='ltr' id='par_1_15' title="bbox 326 1534 1907 1623">
     <span class='ocr_line' id='line_1_16' title="bbox 326 1534 1907 1623; baseline 0.015 -37"><span class='ocrx_word' id='word_1_113' title='bbox 326 1534 381 1587; x_wconf 82' lang='grc' dir='ltr'>οἶ</span> <span class='ocrx_word' id='word_1_114' title='bbox 407 1535 503 1589; x_wconf 72' lang='grc' dir='ltr'><strong>σὺν</strong></span> <span class='ocrx_word' id='word_1_115' title='bbox 533 1536 615 1608; x_wconf 84' lang='grc' dir='ltr'><strong>τῷ</strong></span> <span class='ocrx_word' id='word_1_116' title='bbox 644 1538 774 1609; x_wconf 86' lang='grc' dir='ltr'>θείῳ</span> <span class='ocrx_word' id='word_1_117' title='bbox 823 1543 968 1613; x_wconf 73' lang='grc' dir='ltr'>φημὶ</span> <span class='ocrx_word' id='word_1_118' title='bbox 1007 1544 1304 1619; x_wconf 80' lang='grc' dir='ltr'>’Δκινδύνῳ</span> <span class='ocrx_word' id='word_1_119' title='bbox 1347 1550 1438 1602; x_wconf 81' lang='grc' dir='ltr'>καὶ</span> <span class='ocrx_word' id='word_1_120' title='bbox 1469 1553 1583 1615; x_wconf 86' lang='grc' dir='ltr'>τοῖς</span> <span class='ocrx_word' id='word_1_121' title='bbox 1630 1553 1729 1606; x_wconf 80' lang='grc' dir='ltr'>σὺν</span> <span class='ocrx_word' id='word_1_122' title='bbox 1758 1555 1907 1623; x_wconf 82' lang='grc' dir='ltr'>αὐτῷ</span> 
     </span>
    </p>
   </div>
   <div class='ocr_carea' id='block_1_16' title="bbox 329 1624 1906 1714">
    <p class='ocr_par' dir='ltr' id='par_1_16' title="bbox 329 1624 1906 1714">
     <span class='ocr_line' id='line_1_17' title="bbox 329 1624 1906 1714; baseline 0.015 -37"><span class='ocrx_word' id='word_1_123' title='bbox 329 1624 515 1681; x_wconf 82' lang='grc' dir='ltr'>θανεῖν</span> <span class='ocrx_word' id='word_1_124' title='bbox 557 1631 973 1702; x_wconf 76' lang='grc' dir='ltr'>ἀγαπήσαντες,</span> <span class='ocrx_word' id='word_1_125' title='bbox 1034 1639 1129 1690; x_wconf 71' lang='grc' dir='ltr'>καὶ</span> <span class='ocrx_word' id='word_1_126' title='bbox 1175 1638 1318 1692; x_wconf 81' lang='grc' dir='ltr'>οὕτω</span> <span class='ocrx_word' id='word_1_127' title='bbox 1353 1641 1490 1708; x_wconf 71' lang='grc' dir='ltr'>πρὸς</span> <span class='ocrx_word' id='word_1_128' title='bbox 1553 1644 1793 1714; x_wconf 82' lang='grc' dir='ltr'>Χριστὸν</span> <span class='ocrx_word' id='word_1_129' title='bbox 1843 1640 1906 1700; x_wconf 71' lang='grc' dir='ltr'><strong>οὗ</strong></span> 
     </span>
    </p>
   </div>
   <div class='ocr_carea' id='block_1_17' title="bbox 329 1717 1905 1798">
    <p class='ocr_par' dir='ltr' id='par_1_17' title="bbox 329 1717 1905 1798">
     <span class='ocr_line' id='line_1_18' title="bbox 329 1717 1905 1798; baseline 0.011 -33"><span class='ocrx_word' id='word_1_130' title='bbox 329 1717 581 1784; x_wconf 73' lang='grc' dir='ltr'>κρεῖττον</span> <span class='ocrx_word' id='word_1_131' title='bbox 623 1718 765 1789; x_wconf 77' lang='grc' dir='ltr'><strong>ὑπὲρ</strong></span> <span class='ocrx_word' id='word_1_132' title='bbox 798 1720 942 1786; x_wconf 76' lang='grc' dir='ltr'>ζωὰς</span> <span class='ocrx_word' id='word_1_133' title='bbox 971 1724 1031 1777; x_wconf 77' lang='grc' dir='ltr'>τὸ</span> <span class='ocrx_word' id='word_1_134' title='bbox 1064 1724 1215 1787; x_wconf 82' lang='grc' dir='ltr'>ἔλεος</span> <span class='ocrx_word' id='word_1_135' title='bbox 1260 1726 1537 1791; x_wconf 84' lang='grc' dir='ltr'>ἀπελθεῖν,</span> <span class='ocrx_word' id='word_1_136' title='bbox 1569 1729 1661 1782; x_wconf 83' lang='grc' dir='ltr'>τὸν</span> <span class='ocrx_word' id='word_1_137' title='bbox 1692 1728 1779 1784; x_wconf 74' lang='grc' dir='ltr'>διὰ</span> <span class='ocrx_word' id='word_1_138' title='bbox 1832 1730 1905 1798; x_wconf 82' lang='grc' dir='ltr'><strong>ξί-</strong></span> 
     </span>
    </p>
   </div>
   <div class='ocr_carea' id='block_1_18' title="bbox 2018 547 3586 626">
    <p class='ocr_par' dir='ltr' id='par_1_18' title="bbox 2018 547 3586 626">
     <span class='ocr_line' id='line_1_19' title="bbox 2018 547 3586 626; baseline 0.015 -24"><span class='ocrx_word' id='word_1_139' title='bbox 2018 547 2306 619; x_wconf 90' lang='lat' dir='ltr'><strong>dephorus</strong></span> <span class='ocrx_word' id='word_1_140' title='bbox 2329 554 2589 613; x_wconf 87' lang='lat' dir='ltr'><strong>interrito</strong></span> <span class='ocrx_word' id='word_1_141' title='bbox 2617 568 2674 615; x_wconf 90' lang='lat' dir='ltr'><strong>et</strong></span> <span class='ocrx_word' id='word_1_142' title='bbox 2700 565 2975 620; x_wconf 89' lang='lat' dir='ltr'><strong>constanti</strong></span> <span class='ocrx_word' id='word_1_143' title='bbox 3003 568 3188 623; x_wconf 86' lang='lat' dir='ltr'><strong>animo</strong></span> <span class='ocrx_word' id='word_1_144' title='bbox 3218 586 3231 622; x_wconf 92' lang='lat'>:</span> <span class='ocrx_word' id='word_1_145' title='bbox 3259 569 3462 626; x_wconf 88' lang='lat' dir='ltr'><strong>Notum</strong></span> <span class='ocrx_word' id='word_1_146' title='bbox 3488 547 3586 626; x_wconf 72' lang='lat' dir='ltr'><strong>tibi</strong></span> 
     </span>
    </p>
   </div>
   <div class='ocr_carea' id='block_1_19' title="bbox 2015 639 3591 727">
    <p class='ocr_par' dir='ltr' id='par_1_19' title="bbox 2015 639 3591 727">
     <span class='ocr_line' id='line_1_20' title="bbox 2015 639 3591 727; baseline 0.015 -33"><span class='ocrx_word' id='word_1_147' title='bbox 2015 639 2109 703; x_wconf 87' lang='lat' dir='ltr'><strong>sit,</strong></span> <span class='ocrx_word' id='word_1_148' title='bbox 2136 640 2337 712; x_wconf 83' lang='lat' dir='ltr'><strong>inquit,</strong></span> <span class='ocrx_word' id='word_1_149' title='bbox 2370 660 2403 701; x_wconf 94' lang='grc' dir='ltr'><strong>ο</strong></span> <span class='ocrx_word' id='word_1_150' title='bbox 2434 662 2551 714; x_wconf 81' lang='lat' dir='ltr'><strong>rex,</strong></span> <span class='ocrx_word' id='word_1_151' title='bbox 2589 652 2733 719; x_wconf 89' lang='lat' dir='ltr'><strong>quod</strong></span> <span class='ocrx_word' id='word_1_152' title='bbox 2783 654 2938 721; x_wconf 90' lang='lat' dir='ltr'><strong>deos,</strong></span> <span class='ocrx_word' id='word_1_153' title='bbox 2983 657 3081 727; x_wconf 86' lang='lat' dir='ltr'><strong>qui</strong></span> <span class='ocrx_word' id='word_1_154' title='bbox 3113 674 3223 714; x_wconf 91' lang='lat' dir='ltr'><strong>non</strong></span> <span class='ocrx_word' id='word_1_155' title='bbox 3269 670 3421 725; x_wconf 87' lang='lat' dir='ltr'><strong>sunt,</strong></span> <span class='ocrx_word' id='word_1_156' title='bbox 3470 656 3591 717; x_wconf 68' lang='lat' dir='ltr'><strong>non&#39;</strong></span> 
     </span>
    </p>
   </div>
   <div class='ocr_carea' id='block_1_20' title="bbox 2013 731 3580 822">
    <p class='ocr_par' dir='ltr' id='par_1_20' title="bbox 2013 731 3580 822">
     <span class='ocr_line' id='line_1_21' title="bbox 2013 731 3580 822; baseline 0.015 -37"><span class='ocrx_word' id='word_1_157' title='bbox 2013 731 2270 796; x_wconf 77' lang='lat' dir='ltr'><strong>colimus.</strong></span> <span class='ocrx_word' id='word_1_158' title='bbox 2324 743 2380 790; x_wconf 87' lang='lat' dir='ltr'><strong>et</strong></span> <span class='ocrx_word' id='word_1_159' title='bbox 2414 744 2510 791; x_wconf 93' lang='lat' dir='ltr'><strong>tuo</strong></span> <span class='ocrx_word' id='word_1_160' title='bbox 2538 740 2774 811; x_wconf 78' lang='lat' dir='ltr'><strong>dogmati</strong></span> <span class='ocrx_word' id='word_1_161' title='bbox 2798 760 3187 816; x_wconf 74' lang='lat' dir='ltr'><strong>repugnamus.</strong></span> <span class='ocrx_word' id='word_1_162' title='bbox 3216 750 3323 806; x_wconf 90' lang='lat' dir='ltr'><strong>Fac</strong></span> <span class='ocrx_word' id='word_1_163' title='bbox 3348 767 3477 822; x_wconf 82' lang='lat' dir='ltr'><strong>ergo</strong></span> <span class='ocrx_word' id='word_1_164' title='bbox 3504 754 3580 817; x_wconf 91' lang='lat' dir='ltr'><strong>id,</strong></span> 
     </span>
    </p>
   </div>
   <div class='ocr_carea' id='block_1_21' title="bbox 2013 821 3582 910">
    <p class='ocr_par' dir='ltr' id='par_1_21' title="bbox 2013 821 3582 910">
     <span class='ocr_line' id='line_1_22' title="bbox 2013 821 3582 910; baseline 0.015 -37"><span class='ocrx_word' id='word_1_165' title='bbox 2013 821 2158 890; x_wconf 90' lang='lat' dir='ltr'><strong>quod</strong></span> <span class='ocrx_word' id='word_1_166' title='bbox 2189 822 2288 877; x_wconf 84' lang='lat' dir='ltr'><strong>tibi</strong></span> <span class='ocrx_word' id='word_1_167' title='bbox 2336 825 2574 882; x_wconf 77' lang='lat' dir='ltr'><strong>videtur.</strong></span> <span class='ocrx_word' id='word_1_168' title='bbox 2601 829 2870 895; x_wconf 86' lang='lat' dir='ltr'><strong>Quoniam</strong></span> <span class='ocrx_word' id='word_1_169' title='bbox 2903 835 3012 890; x_wconf 87' lang='lat' dir='ltr'><strong>hoc</strong></span> <span class='ocrx_word' id='word_1_170' title='bbox 3060 837 3219 894; x_wconf 85' lang='lat' dir='ltr'><strong>vobis</strong></span> <span class='ocrx_word' id='word_1_171' title='bbox 3253 821 3453 910; x_wconf 84' lang='lat' dir='ltr'><strong>placet,</strong></span> <span class='ocrx_word' id='word_1_172' title='bbox 3499 843 3582 896; x_wconf 88' lang='lat' dir='ltr'><strong>iu-</strong></span> 
     </span>
    </p>
   </div>
   <div class='ocr_carea' id='block_1_22' title="bbox 2011 914 3577 1003">
    <p class='ocr_par' dir='ltr' id='par_1_22' title="bbox 2011 914 3577 1003">
     <span class='ocr_line' id='line_1_23' title="bbox 2011 914 3577 1003; baseline 0.015 -37"><span class='ocrx_word' id='word_1_173' title='bbox 2011 914 2129 983; x_wconf 87' lang='lat' dir='ltr'><strong>quit</strong></span> <span class='ocrx_word' id='word_1_174' title='bbox 2180 923 2461 985; x_wconf 81' lang='lat' dir='ltr'><strong>tyrannus,</strong></span> <span class='ocrx_word' id='word_1_175' title='bbox 2547 924 2832 991; x_wconf 88' lang='lat' dir='ltr'><strong>sequendo</strong></span> <span class='ocrx_word' id='word_1_176' title='bbox 2894 926 2995 982; x_wconf 90' lang='lat' dir='ltr'><strong>hos</strong></span> <span class='ocrx_word' id='word_1_177' title='bbox 3059 928 3255 999; x_wconf 87' lang='lat' dir='ltr'><strong>impios</strong></span> <span class='ocrx_word' id='word_1_178' title='bbox 3333 935 3577 1003; x_wconf 85' lang='lat' dir='ltr'><strong>ejusdem</strong></span> 
     </span>
    </p>
   </div>
   <div class='ocr_carea' id='block_1_23' title="bbox 2004 1008 3577 1088">
    <p class='ocr_par' dir='ltr' id='par_1_23' title="bbox 2004 1008 3577 1088">
     <span class='ocr_line' id='line_1_24' title="bbox 2004 1008 3577 1088; baseline 0.015 -31"><span class='ocrx_word' id='word_1_179' title='bbox 2004 1019 2229 1074; x_wconf 82' lang='lat' dir='ltr'><strong>quoque</strong></span> <span class='ocrx_word' id='word_1_180' title='bbox 2271 1022 2393 1063; x_wconf 91' lang='lat' dir='ltr'><strong>esse</strong></span> <span class='ocrx_word' id='word_1_181' title='bbox 2441 1008 2567 1068; x_wconf 76' lang='lat' dir='ltr'><strong>finis</strong></span> <span class='ocrx_word' id='word_1_182' title='bbox 2620 1014 2821 1080; x_wconf 90' lang='lat' dir='ltr'><strong>socios,</strong></span> <span class='ocrx_word' id='word_1_183' title='bbox 2873 1032 3052 1088; x_wconf 88' lang='lat' dir='ltr'><strong>neque</strong></span> <span class='ocrx_word' id='word_1_184' title='bbox 3104 1035 3207 1076; x_wconf 87' lang='lat' dir='ltr'><strong>nos</strong></span> <span class='ocrx_word' id='word_1_185' title='bbox 3250 1037 3347 1077; x_wconf 85' lang='lat' dir='ltr'><strong>vos</strong></span> <span class='ocrx_word' id='word_1_186' title='bbox 3391 1036 3577 1079; x_wconf 83' lang='lat' dir='ltr'><strong>vestro</strong></span> 
     </span>
    </p>
   </div>
   <div class='ocr_carea' id='block_1_24' title="bbox 2009 1094 3573 1184">
    <p class='ocr_par' dir='ltr' id='par_1_24' title="bbox 2009 1094 3573 1184">
     <span class='ocr_line' id='line_1_25' title="bbox 2009 1094 3573 1184; baseline 0.015 -36"><span class='ocrx_word' id='word_1_187' title='bbox 2009 1094 2398 1156; x_wconf 83' lang='lat' dir='ltr'><strong>frustrabimus</strong></span> <span class='ocrx_word' id='word_1_188' title='bbox 2451 1102 2750 1175; x_wconf 87' lang='lat' dir='ltr'><strong>desiderio,</strong></span> <span class='ocrx_word' id='word_1_189' title='bbox 2783 1108 2878 1163; x_wconf 89' lang='lat' dir='ltr'><strong>sed</strong></span> <span class='ocrx_word' id='word_1_190' title='bbox 2932 1118 3114 1166; x_wconf 88' lang='lat' dir='ltr'><strong>vestra</strong></span> <span class='ocrx_word' id='word_1_191' title='bbox 3172 1114 3353 1183; x_wconf 83' lang='lat' dir='ltr'><strong>capita</strong></span> <span class='ocrx_word' id='word_1_192' title='bbox 3405 1117 3573 1184; x_wconf 86' lang='lat' dir='ltr'><strong>jubeu</strong></span> 
     </span>
    </p>
   </div>
   <div class='ocr_carea' id='block_1_25' title="bbox 2007 1187 3577 1263">
    <p class='ocr_par' dir='ltr' id='par_1_25' title="bbox 2007 1187 3577 1263">
     <span class='ocr_line' id='line_1_26' title="bbox 2007 1187 3577 1263; baseline 0.014 -23"><span class='ocrx_word' id='word_1_193' title='bbox 2007 1187 2187 1257; x_wconf 89' lang='lat' dir='ltr'><strong>gladio</strong></span> <span class='ocrx_word' id='word_1_194' title='bbox 2220 1194 2515 1261; x_wconf 86' lang='lat' dir='ltr'><strong>amputari.</strong></span> <span class='ocrx_word' id='word_1_195' title='bbox 2549 1194 2686 1251; x_wconf 91' lang='lat' dir='ltr'><strong>Cum</strong></span> <span class='ocrx_word' id='word_1_196' title='bbox 2718 1208 2903 1255; x_wconf 88' lang='lat' dir='ltr'><strong>autem</strong></span> <span class='ocrx_word' id='word_1_197' title='bbox 2938 1204 3115 1257; x_wconf 84' lang='lat' dir='ltr'><strong>sancti</strong></span> <span class='ocrx_word' id='word_1_198' title='bbox 3156 1204 3300 1259; x_wconf 90' lang='lat' dir='ltr'><strong>hanc</strong></span> <span class='ocrx_word' id='word_1_199' title='bbox 3329 1207 3577 1263; x_wconf 87' lang='lat' dir='ltr'><strong>audivis-</strong></span> 
     </span>
    </p>
   </div>
   <div class='ocr_carea' id='block_1_26' title="bbox 2006 1284 3576 1360">
    <p class='ocr_par' dir='ltr' id='par_1_26' title="bbox 2006 1284 3576 1360">
     <span class='ocr_line' id='line_1_27' title="bbox 2006 1284 3576 1360; baseline 0.012 -26"><span class='ocrx_word' id='word_1_200' title='bbox 2006 1289 2129 1336; x_wconf 87' lang='lat' dir='ltr'><strong>sent</strong></span> <span class='ocrx_word' id='word_1_201' title='bbox 2160 1284 2511 1353; x_wconf 86' lang='lat' dir='ltr'><strong>sententiam,</strong></span> <span class='ocrx_word' id='word_1_202' title='bbox 2544 1288 2764 1360; x_wconf 64' lang='lat' dir='ltr'><strong>laetique</strong></span> <span class='ocrx_word' id='word_1_203' title='bbox 2794 1300 2851 1347; x_wconf 90' lang='lat' dir='ltr'><strong>et</strong></span> <span class='ocrx_word' id='word_1_204' title='bbox 2876 1293 3214 1350; x_wconf 82' lang='lat' dir='ltr'><strong>exsultantes</strong></span> <span class='ocrx_word' id='word_1_205' title='bbox 3241 1296 3576 1353; x_wconf 89' lang='lat' dir='ltr'><strong>ducerentur</strong></span> 
     </span>
    </p>
   </div>
   <div class='ocr_carea' id='block_1_27' title="bbox 2006 1371 3571 1456">
    <p class='ocr_par' dir='ltr' id='par_1_27' title="bbox 2006 1371 3571 1456">
     <span class='ocr_line' id='line_1_28' title="bbox 2006 1371 3571 1456; baseline 0.013 -32"><span class='ocrx_word' id='word_1_206' title='bbox 2006 1371 2073 1426; x_wconf 88' lang='lat' dir='ltr'><strong>ad</strong></span> <span class='ocrx_word' id='word_1_207' title='bbox 2110 1383 2361 1443; x_wconf 88' lang='lat' dir='ltr'><strong>mortem,</strong></span> <span class='ocrx_word' id='word_1_208' title='bbox 2396 1392 2493 1432; x_wconf 90' lang='lat' dir='ltr'><strong>eos</strong></span> <span class='ocrx_word' id='word_1_209' title='bbox 2517 1395 2737 1450; x_wconf 89' lang='lat' dir='ltr'><strong>quoque</strong></span> <span class='ocrx_word' id='word_1_210' title='bbox 2777 1386 3246 1454; x_wconf 86' lang='lat' dir='ltr'><strong>consequentibus</strong></span> <span class='ocrx_word' id='word_1_211' title='bbox 3283 1389 3571 1456; x_wconf 81' lang='lat' dir='ltr'><strong>militibus,</strong></span> 
     </span>
    </p>
   </div>
   <div class='ocr_carea' id='block_1_28' title="bbox 2005 1463 3574 1549">
    <p class='ocr_par' dir='ltr' id='par_1_28' title="bbox 2005 1463 3574 1549">
     <span class='ocr_line' id='line_1_29' title="bbox 2005 1463 3574 1549; baseline 0.012 -32"><span class='ocrx_word' id='word_1_212' title='bbox 2005 1463 2099 1532; x_wconf 91' lang='lat' dir='ltr'><strong>qui</strong></span> <span class='ocrx_word' id='word_1_213' title='bbox 2130 1475 2287 1522; x_wconf 89' lang='lat' dir='ltr'><strong>erant</strong></span> <span class='ocrx_word' id='word_1_214' title='bbox 2318 1483 2550 1525; x_wconf 85' lang='lat' dir='ltr'><strong>numero</strong></span> <span class='ocrx_word' id='word_1_215' title='bbox 2594 1472 2818 1529; x_wconf 89' lang='lat' dir='ltr'><strong>circiter</strong></span> <span class='ocrx_word' id='word_1_216' title='bbox 2864 1477 3118 1543; x_wconf 87' lang='lat' dir='ltr'><strong>trecenti,</strong></span> <span class='ocrx_word' id='word_1_217' title='bbox 3170 1478 3263 1549; x_wconf 90' lang='lat' dir='ltr'><strong>qui</strong></span> <span class='ocrx_word' id='word_1_218' title='bbox 3314 1495 3437 1535; x_wconf 91' lang='lat' dir='ltr'><strong>cum</strong></span> <span class='ocrx_word' id='word_1_219' title='bbox 3488 1482 3574 1536; x_wconf 85' lang='lat' dir='ltr'><strong>di-</strong></span> 
     </span>
    </p>
   </div>
   <div class='ocr_carea' id='block_1_29' title="bbox 2006 1554 3570 1637">
    <p class='ocr_par' dir='ltr' id='par_1_29' title="bbox 2006 1554 3570 1637">
     <span class='ocr_line' id='line_1_30' title="bbox 2006 1554 3570 1637; baseline 0.013 -29"><span class='ocrx_word' id='word_1_220' title='bbox 2006 1554 2155 1620; x_wconf 88' lang='lat' dir='ltr'><strong>vino,</strong></span> <span class='ocrx_word' id='word_1_221' title='bbox 2196 1557 2446 1629; x_wconf 82' lang='lat' dir='ltr'><strong>inquam,</strong></span> <span class='ocrx_word' id='word_1_222' title='bbox 2481 1562 2765 1635; x_wconf 81' lang='lat' dir='ltr'><strong>Acindyno</strong></span> <span class='ocrx_word' id='word_1_223' title='bbox 2801 1578 2855 1621; x_wconf 86' lang='lat' dir='ltr'><strong>et</strong></span> <span class='ocrx_word' id='word_1_224' title='bbox 2906 1569 3027 1637; x_wconf 84' lang='lat' dir='ltr'><strong>ejus</strong></span> <span class='ocrx_word' id='word_1_225' title='bbox 3065 1570 3232 1625; x_wconf 83' lang='lat' dir='ltr'><strong>sociis</strong></span> <span class='ocrx_word' id='word_1_226' title='bbox 3263 1573 3401 1626; x_wconf 91' lang='lat' dir='ltr'><strong>mori</strong></span> <span class='ocrx_word' id='word_1_227' title='bbox 3452 1589 3570 1627; x_wconf 82' lang='lat' dir='ltr'><strong>ma-</strong></span> 
     </span>
    </p>
   </div>
   <div class='ocr_carea' id='block_1_30' title="bbox 2003 1642 3567 1730">
    <p class='ocr_par' dir='ltr' id='par_1_30' title="bbox 2003 1642 3567 1730">
     <span class='ocr_line' id='line_1_31' title="bbox 2003 1642 3567 1730; baseline 0.013 -34"><span class='ocrx_word' id='word_1_228' title='bbox 2003 1642 2249 1711; x_wconf 92' lang='lat' dir='ltr'><strong>luerunt,</strong></span> <span class='ocrx_word' id='word_1_229' title='bbox 2297 1656 2353 1702; x_wconf 90' lang='lat' dir='ltr'><strong>et</strong></span> <span class='ocrx_word' id='word_1_230' title='bbox 2384 1650 2466 1705; x_wconf 91' lang='lat' dir='ltr'><strong>sic</strong></span> <span class='ocrx_word' id='word_1_231' title='bbox 2494 1653 2685 1708; x_wconf 84' lang='lat' dir='ltr'><strong>venire</strong></span> <span class='ocrx_word' id='word_1_232' title='bbox 2721 1654 2789 1709; x_wconf 90' lang='lat' dir='ltr'><strong>ad</strong></span> <span class='ocrx_word' id='word_1_233' title='bbox 2818 1654 3123 1722; x_wconf 89' lang='lat' dir='ltr'><strong>Christum,</strong></span> <span class='ocrx_word' id='word_1_234' title='bbox 3160 1660 3317 1730; x_wconf 90' lang='lat' dir='ltr'><strong>cujus</strong></span> <span class='ocrx_word' id='word_1_235' title='bbox 3352 1661 3567 1716; x_wconf 77' lang='lat' dir='ltr'><strong>miseri-</strong></span> 
     </span>
    </p>
   </div>
   <div class='ocr_carea' id='block_1_31' title="bbox 1975 1734 3568 1816">
    <p class='ocr_par' dir='ltr' id='par_1_31' title="bbox 1975 1734 3568 1816">
     <span class='ocr_line' id='line_1_32' title="bbox 1975 1734 3568 1816; baseline 0.009 -30"><span class='ocrx_word' id='word_1_236' title='bbox 1975 1734 2191 1790; x_wconf 90' lang='lat' dir='ltr'><strong>.eordia</strong></span> <span class='ocrx_word' id='word_1_237' title='bbox 2220 1745 2304 1791; x_wconf 90' lang='lat' dir='ltr'><strong>est</strong></span> <span class='ocrx_word' id='word_1_238' title='bbox 2335 1753 2500 1808; x_wconf 87' lang='lat' dir='ltr'><strong>supra</strong></span> <span class='ocrx_word' id='word_1_239' title='bbox 2531 1741 2691 1804; x_wconf 88' lang='lat' dir='ltr'><strong>vitas,</strong></span> <span class='ocrx_word' id='word_1_240' title='bbox 2742 1753 2976 1797; x_wconf 88' lang='lat' dir='ltr'><strong>mortem</strong></span> <span class='ocrx_word' id='word_1_241' title='bbox 3041 1744 3221 1814; x_wconf 89' lang='lat' dir='ltr'><strong>gladio</strong></span> <span class='ocrx_word' id='word_1_242' title='bbox 3270 1747 3568 1816; x_wconf 88' lang='lat' dir='ltr'><strong>accipiunt,</strong></span> 
     </span>
    </p>
   </div>
   <div class='ocr_carea' id='block_1_32' title="bbox 324 1808 1899 1908">
    <p class='ocr_par' dir='ltr' id='par_1_32' title="bbox 324 1808 1899 1892">
     <span class='ocr_line' id='line_1_33' title="bbox 324 1808 1899 1892; baseline 0.013 -36"><span class='ocrx_word' id='word_1_243' title='bbox 324 1822 463 1871; x_wconf 77' lang='grc' dir='ltr'>φους</span> <span class='ocrx_word' id='word_1_244' title='bbox 486 1808 739 1878; x_wconf 79' lang='grc' dir='ltr'>δέχονται</span> <span class='ocrx_word' id='word_1_245' title='bbox 775 1811 1032 1877; x_wconf 78' lang='grc' dir='ltr'>θάνατον,</span> <span class='ocrx_word' id='word_1_246' title='bbox 1065 1817 1268 1886; x_wconf 70' lang='grc' dir='ltr'>πολλὴν</span> <span class='ocrx_word' id='word_1_247' title='bbox 1291 1822 1383 1872; x_wconf 82' lang='grc' dir='ltr'><strong>τοῦ</strong></span> <span class='ocrx_word' id='word_1_248' title='bbox 1414 1822 1687 1892; x_wconf 82' lang='grc' dir='ltr'>μακαρίου</span> <span class='ocrx_word' id='word_1_249' title='bbox 1718 1823 1899 1877; x_wconf 81' lang='grc' dir='ltr'>Ἀκιν-</span> 
     </span>
    </p>
   </div>
   <div class='ocr_carea' id='block_1_33' title="bbox 1998 1808 3567 1908">
    <p class='ocr_par' dir='ltr' id='par_1_33' title="bbox 2001 1808 3567 1908">
     <span class='ocr_line' id='line_1_34' title="bbox 2001 1808 3567 1908; baseline 0.011 -31"><span class='ocrx_word' id='word_1_250' title='bbox 2001 1839 2249 1895; x_wconf 84' lang='lat' dir='ltr'><strong>magnam</strong></span> <span class='ocrx_word' id='word_1_251' title='bbox 2280 1828 2447 1883; x_wconf 88' lang='lat' dir='ltr'><strong>animi</strong></span> <span class='ocrx_word' id='word_1_252' title='bbox 2474 1830 2818 1887; x_wconf 85' lang='lat' dir='ltr'><strong>alacritatem</strong></span> <span class='ocrx_word' id='word_1_253' title='bbox 2849 1835 2929 1888; x_wconf 88' lang='lat' dir='ltr'><strong>eis</strong></span> <span class='ocrx_word' id='word_1_254' title='bbox 2956 1808 3221 1891; x_wconf 72' lang='lat' dir='ltr'><strong>afferente</strong></span> <span class='ocrx_word' id='word_1_255' title='bbox 3262 1808 3567 1908; x_wconf 45' lang='lat' dir='ltr'><strong>Acin-dyno,</strong></span> 
     </span>
    </p>
   </div>
   <div class='ocr_carea' id='block_1_34' title="bbox 324 1896 1899 1988">
    <p class='ocr_par' dir='ltr' id='par_1_34' title="bbox 324 1896 1899 1988">
     <span class='ocr_line' id='line_1_35' title="bbox 324 1896 1899 1988; baseline 0.015 -39"><span class='ocrx_word' id='word_1_256' title='bbox 324 1896 483 1951; x_wconf 82' lang='grc' dir='ltr'>δύνου</span> <span class='ocrx_word' id='word_1_257' title='bbox 516 1901 618 1968; x_wconf 59' lang='grc' dir='ltr'>τῆν</span> <span class='ocrx_word' id='word_1_258' title='bbox 644 1904 957 1974; x_wconf 74' lang='grc' dir='ltr'>προθυμίαν</span> <span class='ocrx_word' id='word_1_259' title='bbox 986 1908 1168 1974; x_wconf 80' lang='grc' dir='ltr'>αὐτοῖς</span> <span class='ocrx_word' id='word_1_260' title='bbox 1208 1901 1585 1980; x_wconf 70' lang='grc' dir='ltr'>ὲμποιοίἷντος,</span> <span class='ocrx_word' id='word_1_261' title='bbox 1628 1918 1723 1970; x_wconf 67' lang='grc' dir='ltr'>καὶ</span> <span class='ocrx_word' id='word_1_262' title='bbox 1757 1917 1899 1988; x_wconf 65' lang='grc' dir='ltr'>πρὶς</span> 
     </span>
    </p>
   </div>
   <div class='ocr_carea' id='block_1_35' title="bbox 325 1989 1160 2065">
    <p class='ocr_par' dir='ltr' id='par_1_35' title="bbox 325 1989 1160 2065">
     <span class='ocr_line' id='line_1_36' title="bbox 325 1989 1160 2065; baseline 0.017 -25"><span class='ocrx_word' id='word_1_263' title='bbox 325 1989 391 2040; x_wconf 83' lang='grc' dir='ltr'>τὸ</span> <span class='ocrx_word' id='word_1_264' title='bbox 422 1992 724 2062; x_wconf 83' lang='grc' dir='ltr'>μαρτύριον</span> <span class='ocrx_word' id='word_1_265' title='bbox 750 1995 1160 2065; x_wconf 72' lang='grc' dir='ltr'>ύπαλείφοντος.</span> 
     </span>
    </p>
   </div>
   <div class='ocr_carea' id='block_1_36' title="bbox 399 2081 1901 2169">
    <p class='ocr_par' dir='ltr' id='par_1_36' title="bbox 399 2081 1901 2169">
     <span class='ocr_line' id='line_1_37' title="bbox 399 2081 1901 2169; baseline 0.011 -35"><span class='ocrx_word' id='word_1_266' title='bbox 399 2081 504 2138; x_wconf 86' lang='grc' dir='ltr'><strong>ῙΘ¹.</strong></span> <span class='ocrx_word' id='word_1_267' title='bbox 562 2085 985 2156; x_wconf 84' lang='grc' dir='ltr'>Ἀναιρεθέντων</span> <span class='ocrx_word' id='word_1_268' title='bbox 1032 2091 1091 2144; x_wconf 84' lang='grc' dir='ltr'>δὲ</span> <span class='ocrx_word' id='word_1_269' title='bbox 1137 2094 1248 2146; x_wconf 86' lang='grc' dir='ltr'><strong>τῶν</strong></span> <span class='ocrx_word' id='word_1_270' title='bbox 1283 2096 1632 2165; x_wconf 83' lang='grc' dir='ltr'>στρατιωτῶν</span> <span class='ocrx_word' id='word_1_271' title='bbox 1663 2098 1764 2169; x_wconf 65' lang='grc' dir='ltr'>ἤδη</span> <span class='ocrx_word' id='word_1_272' title='bbox 1804 2100 1901 2153; x_wconf 73' lang='grc' dir='ltr'>καὶ</span> 
     </span>
    </p>
   </div>
   <div class='ocr_carea' id='block_1_37' title="bbox 324 2170 1901 2259">
    <p class='ocr_par' dir='ltr' id='par_1_37' title="bbox 324 2170 1901 2259">
     <span class='ocr_line' id='line_1_38' title="bbox 324 2170 1901 2259; baseline 0.012 -35"><span class='ocrx_word' id='word_1_273' title='bbox 324 2170 440 2225; x_wconf 85' lang='grc' dir='ltr'><strong>τῶν</strong></span> <span class='ocrx_word' id='word_1_274' title='bbox 492 2176 912 2246; x_wconf 76' lang='grc' dir='ltr'>συγκλητικῶν,</span> <span class='ocrx_word' id='word_1_275' title='bbox 978 2184 1407 2254; x_wconf 69' lang='grc' dir='ltr'>μεταπέμπεται</span> <span class='ocrx_word' id='word_1_276' title='bbox 1466 2186 1554 2240; x_wconf 82' lang='grc' dir='ltr'>διὰ</span> <span class='ocrx_word' id='word_1_277' title='bbox 1608 2188 1901 2259; x_wconf 44' lang='grc' dir='ltr'>ταχέωνηὸ</span> 
     </span>
    </p>
   </div>
   <div class='ocr_carea' id='block_1_38' title="bbox 326 2261 1901 2349">
    <p class='ocr_par' dir='ltr' id='par_1_38' title="bbox 326 2261 1901 2349">
     <span class='ocr_line' id='line_1_39' title="bbox 326 2261 1901 2349; baseline 0.013 -36"><span class='ocrx_word' id='word_1_278' title='bbox 326 2261 706 2334; x_wconf 76' lang='grc' dir='ltr'>τύραννος-τὸν</span> <span class='ocrx_word' id='word_1_279' title='bbox 737 2270 1010 2345; x_wconf 83' lang='grc' dir='ltr'>μακάριον</span> <span class='ocrx_word' id='word_1_280' title='bbox 1050 2273 1384 2339; x_wconf 77' lang='grc' dir='ltr'>’Δκίνδυνον,</span> <span class='ocrx_word' id='word_1_281' title='bbox 1416 2276 1699 2349; x_wconf 79' lang='grc' dir='ltr'>Πηγάσιόν</span> <span class='ocrx_word' id='word_1_282' title='bbox 1723 2297 1781 2333; x_wconf 89' lang='grc' dir='ltr'><strong>τε</strong></span> <span class='ocrx_word' id='word_1_283' title='bbox 1807 2279 1901 2333; x_wconf 78' lang='grc' dir='ltr'>καὶ</span> 
     </span>
    </p>
   </div>
   <div class='ocr_carea' id='block_1_39' title="bbox 339 2357 1899 2437">
    <p class='ocr_par' dir='ltr' id='par_1_39' title="bbox 339 2357 1899 2437">
     <span class='ocr_line' id='line_1_40' title="bbox 339 2357 1899 2437; baseline 0.01 -29"><span class='ocrx_word' id='word_1_284' title='bbox 339 2357 766 2427; x_wconf 82' lang='grc' dir='ltr'>’Δνεμπόδιστον</span> <span class='ocrx_word' id='word_1_285' title='bbox 796 2377 811 2391; x_wconf 76' lang='grc' dir='ltr'><strong>ο</strong></span> <span class='ocrx_word' id='word_1_286' title='bbox 871 2360 994 2428; x_wconf 78' lang='grc' dir='ltr'>εἶτα</span> <span class='ocrx_word' id='word_1_287' title='bbox 1044 2365 1143 2434; x_wconf 80' lang='grc' dir='ltr'>τὴν</span> <span class='ocrx_word' id='word_1_288' title='bbox 1203 2365 1494 2437; x_wconf 73' lang='grc' dir='ltr'>ἀλωπεκῆν</span> <span class='ocrx_word' id='word_1_289' title='bbox 1549 2370 1751 2435; x_wconf 68' lang='grc' dir='ltr'>ὑπτίους</span> <span class='ocrx_word' id='word_1_290' title='bbox 1809 2371 1899 2425; x_wconf 74' lang='grc' dir='ltr'><strong>τὸν</strong></span> 
     </span>
    </p>
   </div>
   <div class='ocr_carea' id='block_1_40' title="bbox 324 2447 1899 2527">
    <p class='ocr_par' dir='ltr' id='par_1_40' title="bbox 324 2447 1899 2527">
     <span class='ocr_line' id='line_1_41' title="bbox 324 2447 1899 2527; baseline 0.011 -28"><span class='ocrx_word' id='word_1_291' title='bbox 324 2447 535 2518; x_wconf 80' lang='grc' dir='ltr'>ἥμερόν</span> <span class='ocrx_word' id='word_1_292' title='bbox 575 2467 635 2503; x_wconf 89' lang='grc' dir='ltr'><strong>τε</strong></span> <span class='ocrx_word' id='word_1_293' title='bbox 667 2453 763 2505; x_wconf 77' lang='grc' dir='ltr'>καὶ</span> <span class='ocrx_word' id='word_1_294' title='bbox 794 2456 972 2524; x_wconf 77' lang='grc' dir='ltr'>πρᾶον</span> <span class='ocrx_word' id='word_1_295' title='bbox 1016 2456 1336 2527; x_wconf 80' lang='grc' dir='ltr'>ύποκριθεὶς</span> <span class='ocrx_word' id='word_1_296' title='bbox 1366 2460 1715 2515; x_wconf 76' lang='grc' dir='ltr'>σκολιώτατα</span> <span class='ocrx_word' id='word_1_297' title='bbox 1748 2477 1762 2492; x_wconf 72' lang='grc' dir='ltr'><strong>ο</strong></span> <span class='ocrx_word' id='word_1_298' title='bbox 1806 2462 1899 2526; x_wconf 76' lang='grc' dir='ltr'>Τίς</span> 
     </span>
    </p>
   </div>
   <div class='ocr_carea' id='block_1_41' title="bbox 323 2541 1902 2625">
    <p class='ocr_par' dir='ltr' id='par_1_41' title="bbox 323 2541 1902 2625">
     <span class='ocr_line' id='line_1_42' title="bbox 323 2541 1902 2625; baseline 0.011 -34"><span class='ocrx_word' id='word_1_299' title='bbox 323 2541 361 2607; x_wconf 79' lang='grc' dir='ltr'><strong>ἡ</strong></span> <span class='ocrx_word' id='word_1_300' title='bbox 392 2542 615 2612; x_wconf 77' lang='grc' dir='ltr'>τοιαύτη</span> <span class='ocrx_word' id='word_1_301' title='bbox 640 2543 797 2613; x_wconf 83' lang='grc' dir='ltr'>ὑμῶν</span> <span class='ocrx_word' id='word_1_302' title='bbox 839 2545 1111 2613; x_wconf 79' lang='grc' dir='ltr'>ἔνστασις,</span> <span class='ocrx_word' id='word_1_303' title='bbox 1130 2548 1341 2619; x_wconf 74' lang='grc' dir='ltr'>ἔλεγεν,</span> <span class='ocrx_word' id='word_1_304' title='bbox 1372 2550 1449 2615; x_wconf 80' lang='grc' dir='ltr'>ὡς</span> <span class='ocrx_word' id='word_1_305' title='bbox 1488 2552 1587 2622; x_wconf 82' lang='grc' dir='ltr'><strong>τῆς</strong></span> <span class='ocrx_word' id='word_1_306' title='bbox 1620 2554 1902 2625; x_wconf 76' lang='grc' dir='ltr'>παρούσης</span> 
     </span>
    </p>
   </div>
   <div class='ocr_carea' id='block_1_42' title="bbox 323 2632 1899 2714">
    <p class='ocr_par' dir='ltr' id='par_1_42' title="bbox 323 2632 1899 2714">
     <span class='ocr_line' id='line_1_43' title="bbox 323 2632 1899 2714; baseline 0.01 -30"><span class='ocrx_word' id='word_1_307' title='bbox 323 2632 622 2703; x_wconf 75' lang='grc' dir='ltr'>ἀφειδῆσαι</span> <span class='ocrx_word' id='word_1_308' title='bbox 676 2632 843 2707; x_wconf 78' lang='grc' dir='ltr'>ζωῆς,</span> <span class='ocrx_word' id='word_1_309' title='bbox 899 2640 992 2703; x_wconf 76' lang='grc' dir='ltr'>καὶ</span> <span class='ocrx_word' id='word_1_310' title='bbox 1040 2640 1272 2699; x_wconf 86' lang='grc' dir='ltr'>θάνατον</span> <span class='ocrx_word' id='word_1_311' title='bbox 1315 2636 1517 2714; x_wconf 78' lang='grc' dir='ltr'>μᾶλλον</span> <span class='ocrx_word' id='word_1_312' title='bbox 1568 2645 1899 2712; x_wconf 78' lang='grc' dir='ltr'>ἀλλάξασθαι</span> 
     </span>
    </p>
   </div>
   <div class='ocr_carea' id='block_1_43' title="bbox 323 2721 1900 2803">
    <p class='ocr_par' dir='ltr' id='par_1_43' title="bbox 323 2721 1900 2803">
     <span class='ocr_line' id='line_1_44' title="bbox 323 2721 1900 2803; baseline 0.01 -30"><span class='ocrx_word' id='word_1_313' title='bbox 323 2721 530 2792; x_wconf 81' lang='grc' dir='ltr'>ταύτης</span> <span class='ocrx_word' id='word_1_314' title='bbox 556 2740 573 2790; x_wconf 89' lang='grc'><strong>;</strong></span> <span class='ocrx_word' id='word_1_315' title='bbox 600 2725 829 2797; x_wconf 82' lang='grc' dir='ltr'>Μάρτυς</span> <span class='ocrx_word' id='word_1_316' title='bbox 876 2744 979 2799; x_wconf 90' lang='grc' dir='ltr'><strong>μου</strong></span> <span class='ocrx_word' id='word_1_317' title='bbox 1006 2729 1035 2782; x_wconf 84' lang='grc' dir='ltr'><strong><em>ὁ</em></strong></span> <span class='ocrx_word' id='word_1_318' title='bbox 1090 2730 1229 2800; x_wconf 79' lang='grc' dir='ltr'>ἡδὺς</span> <span class='ocrx_word' id='word_1_319' title='bbox 1279 2733 1444 2785; x_wconf 76' lang='grc' dir='ltr'>πᾶσιν</span> <span class='ocrx_word' id='word_1_320' title='bbox 1488 2733 1664 2803; x_wconf 80' lang='grc' dir='ltr'>ἥλιος,</span> <span class='ocrx_word' id='word_1_321' title='bbox 1715 2736 1795 2789; x_wconf 77' lang='grc' dir='ltr'>ὅτι</span> <span class='ocrx_word' id='word_1_322' title='bbox 1829 2736 1900 2789; x_wconf 73' lang='grc' dir='ltr'><strong>τὰ</strong></span> 
     </span>
    </p>
   </div>
   <div class='ocr_carea' id='block_1_44' title="bbox 327 2814 1898 2896">
    <p class='ocr_par' dir='ltr' id='par_1_44' title="bbox 327 2814 1898 2896">
     <span class='ocr_line' id='line_1_45' title="bbox 327 2814 1898 2896; baseline 0.01 -32"><span class='ocrx_word' id='word_1_323' title='bbox 327 2814 618 2887; x_wconf 82' lang='grc' dir='ltr'>σπλάγχνα</span> <span class='ocrx_word' id='word_1_324' title='bbox 646 2817 741 2873; x_wconf 80' lang='grc' dir='ltr'>καὶ</span> <span class='ocrx_word' id='word_1_325' title='bbox 772 2819 872 2890; x_wconf 82' lang='grc' dir='ltr'>τὴν</span> <span class='ocrx_word' id='word_1_326' title='bbox 901 2819 1102 2893; x_wconf 74' lang='grc' dir='ltr'>ψυχὴν,</span> <span class='ocrx_word' id='word_1_327' title='bbox 1134 2824 1227 2878; x_wconf 71' lang='grc' dir='ltr'><strong>ἐπὶ</strong></span> <span class='ocrx_word' id='word_1_328' title='bbox 1252 2824 1328 2894; x_wconf 83' lang='grc' dir='ltr'>τῷ</span> <span class='ocrx_word' id='word_1_329' title='bbox 1352 2825 1507 2895; x_wconf 81' lang='grc' dir='ltr'>ὑμῶν</span> <span class='ocrx_word' id='word_1_330' title='bbox 1532 2826 1898 2896; x_wconf 79' lang='grc' dir='ltr'>διακόπτομαι</span> 
     </span>
    </p>
   </div>
   <div class='ocr_carea' id='block_1_45' title="bbox 326 2906 1900 2990">
    <p class='ocr_par' dir='ltr' id='par_1_45' title="bbox 326 2906 1900 2990">
     <span class='ocr_line' id='line_1_46' title="bbox 326 2906 1900 2990; baseline 0.006 -31"><span class='ocrx_word' id='word_1_331' title='bbox 326 2906 552 2979; x_wconf 77' lang='grc' dir='ltr'>θανάτῳ</span> <span class='ocrx_word' id='word_1_332' title='bbox 577 2925 591 2939; x_wconf 90' lang='grc'><strong>·</strong></span> <span class='ocrx_word' id='word_1_333' title='bbox 625 2911 879 2983; x_wconf 87' lang='grc' dir='ltr'>οίκτείρω</span> <span class='ocrx_word' id='word_1_334' title='bbox 924 2914 1033 2984; x_wconf 88' lang='grc' dir='ltr'><strong>γάρ</strong></span> <span class='ocrx_word' id='word_1_335' title='bbox 1087 2916 1233 2985; x_wconf 83' lang='grc' dir='ltr'>ὑμᾶς</span> <span class='ocrx_word' id='word_1_336' title='bbox 1288 2918 1381 2970; x_wconf 77' lang='grc' dir='ltr'>καὶ</span> <span class='ocrx_word' id='word_1_337' title='bbox 1433 2920 1533 2986; x_wconf 79' lang='grc' dir='ltr'>τῆς</span> <span class='ocrx_word' id='word_1_338' title='bbox 1558 2918 1774 2990; x_wconf 73' lang='grc' dir='ltr'>ἡλικίας</span> <span class='ocrx_word' id='word_1_339' title='bbox 1804 2918 1900 2974; x_wconf 72' lang='grc' dir='ltr'>καὶ</span> 
     </span>
    </p>
   </div>
   <div class='ocr_carea' id='block_1_46' title="bbox 320 3000 1899 3083">
    <p class='ocr_par' dir='ltr' id='par_1_46' title="bbox 320 3000 1899 3083">
     <span class='ocr_line' id='line_1_47' title="bbox 320 3000 1899 3083; baseline 0.01 -33"><span class='ocrx_word' id='word_1_340' title='bbox 320 3000 427 3068; x_wconf 78' lang='grc' dir='ltr'>τῆς</span> <span class='ocrx_word' id='word_1_341' title='bbox 459 3001 732 3072; x_wconf 84' lang='grc' dir='ltr'>νεότητος,</span> <span class='ocrx_word' id='word_1_342' title='bbox 773 3009 909 3074; x_wconf 74' lang='grc' dir='ltr'>πρὸς</span> <span class='ocrx_word' id='word_1_343' title='bbox 945 3007 1003 3060; x_wconf 85' lang='grc' dir='ltr'>δὲ</span> <span class='ocrx_word' id='word_1_344' title='bbox 1042 3009 1137 3061; x_wconf 71' lang='grc' dir='ltr'>καὶ</span> <span class='ocrx_word' id='word_1_345' title='bbox 1177 3009 1277 3078; x_wconf 83' lang='grc' dir='ltr'>τῆς</span> <span class='ocrx_word' id='word_1_346' title='bbox 1297 3010 1392 3064; x_wconf 80' lang='grc' dir='ltr'><strong>τοῦ</strong></span> <span class='ocrx_word' id='word_1_347' title='bbox 1442 3010 1698 3081; x_wconf 85' lang='grc' dir='ltr'>σώματος</span> <span class='ocrx_word' id='word_1_348' title='bbox 1728 3012 1899 3083; x_wconf 71' lang='grc' dir='ltr'>ῶραῖ,</span> 
     </span>
    </p>
   </div>
   <div class='ocr_carea' id='block_1_47' title="bbox 320 3086 1895 3175">
    <p class='ocr_par' dir='ltr' id='par_1_47' title="bbox 320 3086 1895 3175">
     <span class='ocr_line' id='line_1_48' title="bbox 320 3086 1895 3175; baseline 0.008 -29"><span class='ocrx_word' id='word_1_349' title='bbox 320 3086 391 3163; x_wconf 79' lang='grc' dir='ltr'>ἧς</span> <span class='ocrx_word' id='word_1_350' title='bbox 422 3094 517 3148; x_wconf 77' lang='grc' dir='ltr'><strong>καὶ</strong></span> <span class='ocrx_word' id='word_1_351' title='bbox 547 3094 741 3167; x_wconf 86' lang='grc' dir='ltr'>θηρίον</span> <span class='ocrx_word' id='word_1_352' title='bbox 769 3098 1028 3168; x_wconf 82' lang='grc' dir='ltr'>ἠλέησεν,</span> <span class='ocrx_word' id='word_1_353' title='bbox 1059 3100 1127 3155; x_wconf 84' lang='grc' dir='ltr'><strong>ἂν</strong></span> <span class='ocrx_word' id='word_1_354' title='bbox 1176 3105 1270 3156; x_wconf 82' lang='grc' dir='ltr'><strong>καὶ</strong></span> <span class='ocrx_word' id='word_1_355' title='bbox 1316 3103 1596 3172; x_wconf 77' lang='grc' dir='ltr'>ἐφείσατο.</span> <span class='ocrx_word' id='word_1_356' title='bbox 1628 3106 1895 3175; x_wconf 83' lang='grc' dir='ltr'>Πείσθητε</span> 
     </span>
    </p>
   </div>
   <div class='ocr_carea' id='block_1_48' title="bbox 318 3180 1897 3268">
    <p class='ocr_par' dir='ltr' id='par_1_48' title="bbox 318 3180 1897 3268">
     <span class='ocr_line' id='line_1_49' title="bbox 318 3180 1897 3268; baseline 0.009 -31"><span class='ocrx_word' id='word_1_357' title='bbox 318 3180 416 3238; x_wconf 74' lang='grc' dir='ltr'>οὖν</span> <span class='ocrx_word' id='word_1_358' title='bbox 445 3203 533 3255; x_wconf 88' lang='grc' dir='ltr'><strong>μοι</strong></span> <span class='ocrx_word' id='word_1_359' title='bbox 562 3186 684 3243; x_wconf 87' lang='grc' dir='ltr'>λίαν</span> <span class='ocrx_word' id='word_1_360' title='bbox 709 3189 867 3260; x_wconf 76' lang='grc' dir='ltr'>ὑμῶν</span> <span class='ocrx_word' id='word_1_361' title='bbox 908 3193 1195 3264; x_wconf 79' lang='grc' dir='ltr'>κηδομένῳ</span> <span class='ocrx_word' id='word_1_362' title='bbox 1228 3196 1321 3248; x_wconf 74' lang='grc' dir='ltr'>καὶ</span> <span class='ocrx_word' id='word_1_363' title='bbox 1358 3196 1425 3248; x_wconf 84' lang='grc' dir='ltr'>τὰ</span> <span class='ocrx_word' id='word_1_364' title='bbox 1470 3196 1722 3268; x_wconf 81' lang='grc' dir='ltr'>λυσιτελῆ</span> <span class='ocrx_word' id='word_1_365' title='bbox 1757 3214 1897 3268; x_wconf 79' lang='grc' dir='ltr'>συμ-</span> 
     </span>
    </p>
   </div>
   <div class='ocr_carea' id='block_1_49' title="bbox 318 3278 1899 3360">
    <p class='ocr_par' dir='ltr' id='par_1_49' title="bbox 318 3278 1899 3360">
     <span class='ocr_line' id='line_1_50' title="bbox 318 3278 1899 3360; baseline 0.009 -31"><span class='ocrx_word' id='word_1_366' title='bbox 318 3278 665 3334; x_wconf 72' lang='grc' dir='ltr'>δουλεύοντιο</span> <span class='ocrx_word' id='word_1_367' title='bbox 722 3285 884 3353; x_wconf 77' lang='grc' dir='ltr'>ὁρᾶτε</span> <span class='ocrx_word' id='word_1_368' title='bbox 927 3285 1035 3357; x_wconf 78' lang='grc' dir='ltr'>γὰρ</span> <span class='ocrx_word' id='word_1_369' title='bbox 1075 3286 1149 3350; x_wconf 78' lang='grc' dir='ltr'>ὠς</span> <span class='ocrx_word' id='word_1_370' title='bbox 1194 3287 1305 3340; x_wconf 87' lang='grc' dir='ltr'><strong>τῶν</strong></span> <span class='ocrx_word' id='word_1_371' title='bbox 1366 3289 1753 3360; x_wconf 76' lang='grc' dir='ltr'>συγκλητικῶν</span> <span class='ocrx_word' id='word_1_372' title='bbox 1807 3292 1899 3344; x_wconf 87' lang='grc' dir='ltr'>ού-</span> 
     </span>
    </p>
   </div>
   <div class='ocr_carea' id='block_1_50' title="bbox 319 3368 1897 3449">
    <p class='ocr_par' dir='ltr' id='par_1_50' title="bbox 319 3368 1897 3449">
     <span class='ocr_line' id='line_1_51' title="bbox 319 3368 1897 3449; baseline 0.008 -28"><span class='ocrx_word' id='word_1_373' title='bbox 319 3368 473 3432; x_wconf 80' lang='grc' dir='ltr'>δενδς</span> <span class='ocrx_word' id='word_1_374' title='bbox 514 3370 547 3441; x_wconf 79' lang='grc' dir='ltr'>ἢ</span> <span class='ocrx_word' id='word_1_375' title='bbox 585 3372 700 3425; x_wconf 90' lang='grc' dir='ltr'><strong>τῶν</strong></span> <span class='ocrx_word' id='word_1_376' title='bbox 736 3376 1089 3445; x_wconf 79' lang='grc' dir='ltr'>στρατιωτῶν</span> <span class='ocrx_word' id='word_1_377' title='bbox 1123 3377 1454 3447; x_wconf 78' lang='grc' dir='ltr'>ἐφεισάμην.</span> <span class='ocrx_word' id='word_1_378' title='bbox 1498 3379 1684 3449; x_wconf 79' lang='grc' dir='ltr'>’Υμῶν</span> <span class='ocrx_word' id='word_1_379' title='bbox 1708 3381 1764 3433; x_wconf 82' lang='grc' dir='ltr'>δὲ</span> <span class='ocrx_word' id='word_1_380' title='bbox 1794 3398 1897 3432; x_wconf 83' lang='grc' dir='ltr'><strong>πα-</strong></span> 
     </span>
    </p>
   </div>
   <div class='ocr_carea' id='block_1_51' title="bbox 322 3461 1897 3539">
    <p class='ocr_par' dir='ltr' id='par_1_51' title="bbox 322 3461 1897 3539">
     <span class='ocr_line' id='line_1_52' title="bbox 322 3461 1897 3539; baseline 0.008 -26"><span class='ocrx_word' id='word_1_381' title='bbox 322 3461 526 3530; x_wconf 81' lang='grc' dir='ltr'>τρικῶς</span> <span class='ocrx_word' id='word_1_382' title='bbox 549 3462 785 3533; x_wconf 85' lang='grc' dir='ltr'>κήδομαί</span> <span class='ocrx_word' id='word_1_383' title='bbox 812 3482 871 3517; x_wconf 88' lang='grc' dir='ltr'><strong>τε</strong></span> <span class='ocrx_word' id='word_1_384' title='bbox 920 3466 1015 3529; x_wconf 76' lang='grc' dir='ltr'>καὶ</span> <span class='ocrx_word' id='word_1_385' title='bbox 1061 3467 1408 3538; x_wconf 84' lang='grc' dir='ltr'>περιέχομαι,</span> <span class='ocrx_word' id='word_1_386' title='bbox 1451 3469 1686 3539; x_wconf 82' lang='grc' dir='ltr'>μάλιστα</span> <span class='ocrx_word' id='word_1_387' title='bbox 1714 3470 1773 3523; x_wconf 80' lang='grc' dir='ltr'>τὸ</span> <span class='ocrx_word' id='word_1_388' title='bbox 1802 3472 1897 3525; x_wconf 89' lang='grc' dir='ltr'>ἀν-</span> 
     </span>
    </p>
   </div>
   <div class='ocr_carea' id='block_1_52' title="bbox 318 3552 1898 3632">
    <p class='ocr_par' dir='ltr' id='par_1_52' title="bbox 318 3552 1898 3632">
     <span class='ocr_line' id='line_1_53' title="bbox 318 3552 1898 3632; baseline 0.008 -27"><span class='ocrx_word' id='word_1_389' title='bbox 318 3552 522 3623; x_wconf 68' lang='grc' dir='ltr'>δρῶδες</span> <span class='ocrx_word' id='word_1_390' title='bbox 551 3554 705 3625; x_wconf 82' lang='grc' dir='ltr'>ὑμῶν</span> <span class='ocrx_word' id='word_1_391' title='bbox 736 3556 829 3609; x_wconf 74' lang='grc' dir='ltr'><strong>λαὶ</strong></span> <span class='ocrx_word' id='word_1_392' title='bbox 858 3560 1126 3624; x_wconf 70' lang='grc' dir='ltr'>γειναῖον,</span> <span class='ocrx_word' id='word_1_393' title='bbox 1148 3559 1212 3612; x_wconf 82' lang='grc' dir='ltr'>ὲκ</span> <span class='ocrx_word' id='word_1_394' title='bbox 1232 3559 1326 3613; x_wconf 82' lang='grc' dir='ltr'>τοῦ</span> <span class='ocrx_word' id='word_1_395' title='bbox 1350 3560 1477 3631; x_wconf 77' lang='grc' dir='ltr'>περὶ</span> <span class='ocrx_word' id='word_1_396' title='bbox 1498 3563 1599 3625; x_wconf 85' lang='grc' dir='ltr'>τὰς</span> <span class='ocrx_word' id='word_1_397' title='bbox 1632 3563 1898 3632; x_wconf 72' lang='grc' dir='ltr'>βασάνους</span> 
     </span>
    </p>
   </div>
   <div class='ocr_carea' id='block_1_53' title="bbox 320 3645 1897 3725">
    <p class='ocr_par' dir='ltr' id='par_1_53' title="bbox 320 3645 1897 3725">
     <span class='ocr_line' id='line_1_54' title="bbox 320 3645 1897 3725; baseline 0.008 -29"><span class='ocrx_word' id='word_1_398' title='bbox 320 3645 604 3699; x_wconf 67' lang='grc' dir='ltr'>ἀνενδότου</span> <span class='ocrx_word' id='word_1_399' title='bbox 637 3649 991 3718; x_wconf 83' lang='grc' dir='ltr'>καταμαθών.</span> <span class='ocrx_word' id='word_1_400' title='bbox 1025 3650 1087 3702; x_wconf 78' lang='lat' dir='ltr'><strong>El</strong></span> <span class='ocrx_word' id='word_1_401' title='bbox 1116 3652 1226 3722; x_wconf 73' lang='grc' dir='ltr'><strong>γὰρ</strong></span> <span class='ocrx_word' id='word_1_402' title='bbox 1259 3652 1575 3723; x_wconf 86' lang='grc' dir='ltr'>πεισθείητέ</span> <span class='ocrx_word' id='word_1_403' title='bbox 1631 3671 1755 3725; x_wconf 86' lang='grc' dir='ltr'>μου,</span> <span class='ocrx_word' id='word_1_404' title='bbox 1786 3655 1897 3710; x_wconf 90' lang='grc' dir='ltr'><strong>τῶν</strong></span> 
     </span>
    </p>
   </div>
   <div class='ocr_carea' id='block_1_54' title="bbox 319 3734 1895 3817">
    <p class='ocr_par' dir='ltr' id='par_1_54' title="bbox 319 3734 1895 3817">
     <span class='ocr_line' id='line_1_55' title="bbox 319 3734 1895 3817; baseline 0.01 -33"><span class='ocrx_word' id='word_1_405' title='bbox 319 3734 555 3804; x_wconf 79' lang='grc' dir='ltr'>πρώτων</span> <span class='ocrx_word' id='word_1_406' title='bbox 600 3736 745 3806; x_wconf 79' lang='grc' dir='ltr'>ὑμᾶς</span> <span class='ocrx_word' id='word_1_407' title='bbox 780 3737 1003 3802; x_wconf 83' lang='grc' dir='ltr'>ἀξιώσω</span> <span class='ocrx_word' id='word_1_408' title='bbox 1024 3742 1240 3809; x_wconf 83' lang='grc' dir='ltr'>τιμῶν,</span> <span class='ocrx_word' id='word_1_409' title='bbox 1268 3743 1366 3795; x_wconf 82' lang='grc' dir='ltr'>καὶ</span> <span class='ocrx_word' id='word_1_410' title='bbox 1408 3743 1561 3814; x_wconf 86' lang='grc' dir='ltr'>δῶρα</span> <span class='ocrx_word' id='word_1_411' title='bbox 1596 3744 1895 3817; x_wconf 80' lang='grc' dir='ltr'>χαριοῦμαι</span> 
     </span>
    </p>
   </div>
   <div class='ocr_carea' id='block_1_55' title="bbox 317 3827 1897 3909">
    <p class='ocr_par' dir='ltr' id='par_1_55' title="bbox 317 3827 1897 3909">
     <span class='ocr_line' id='line_1_56' title="bbox 317 3827 1897 3909; baseline 0.009 -31"><span class='ocrx_word' id='word_1_412' title='bbox 317 3827 417 3896; x_wconf 79' lang='grc' dir='ltr'>τῆς</span> <span class='ocrx_word' id='word_1_413' title='bbox 442 3828 600 3898; x_wconf 80' lang='grc' dir='ltr'>ὑμῶν</span> <span class='ocrx_word' id='word_1_414' title='bbox 638 3830 841 3901; x_wconf 81' lang='grc' dir='ltr'>ἀρετῆς</span> <span class='ocrx_word' id='word_1_415' title='bbox 872 3830 1022 3896; x_wconf 81' lang='grc' dir='ltr'>ἄξια.</span> <span class='ocrx_word' id='word_1_416' title='bbox 1067 3835 1131 3886; x_wconf 80' lang='lat' dir='ltr'><strong>Oi</strong></span> <span class='ocrx_word' id='word_1_417' title='bbox 1163 3833 1219 3887; x_wconf 84' lang='grc' dir='ltr'>δὲ</span> <span class='ocrx_word' id='word_1_418' title='bbox 1253 3834 1435 3902; x_wconf 76' lang='grc' dir='ltr'>ἅγιοι·</span> <span class='ocrx_word' id='word_1_419' title='bbox 1481 3837 1637 3907; x_wconf 84' lang='grc' dir='ltr'>Μήτε</span> <span class='ocrx_word' id='word_1_420' title='bbox 1685 3838 1897 3909; x_wconf 79' lang='grc' dir='ltr'>σεαυτῷ</span> 
     </span>
    </p>
   </div>
   <div class='ocr_carea' id='block_1_56' title="bbox 318 3920 1893 3999">
    <p class='ocr_par' dir='ltr' id='par_1_56' title="bbox 318 3920 1893 3999">
     <span class='ocr_line' id='line_1_57' title="bbox 318 3920 1893 3999; baseline 0.008 -27"><span class='ocrx_word' id='word_1_421' title='bbox 318 3920 544 3984; x_wconf 80' lang='grc' dir='ltr'>κόπους,</span> <span class='ocrx_word' id='word_1_422' title='bbox 605 3921 838 3992; x_wconf 68' lang='grc' dir='ltr'>ἔφησαν,</span> <span class='ocrx_word' id='word_1_423' title='bbox 897 3925 1037 3993; x_wconf 84' lang='grc' dir='ltr'>μήτε</span> <span class='ocrx_word' id='word_1_424' title='bbox 1081 3924 1414 3998; x_wconf 76' lang='grc' dir='ltr'>ἡμῶνέίκῆ</span> <span class='ocrx_word' id='word_1_425' title='bbox 1446 3926 1569 3981; x_wconf 84' lang='grc' dir='ltr'>θέλε</span> <span class='ocrx_word' id='word_1_426' title='bbox 1614 3931 1893 3999; x_wconf 83' lang='grc' dir='ltr'>παρέχειν,</span> 
     </span>
    </p>
   </div>
   <div class='ocr_carea' id='block_1_57' title="bbox 321 4011 1889 4091">
    <p class='ocr_par' dir='ltr' id='par_1_57' title="bbox 321 4011 1889 4091">
     <span class='ocr_line' id='line_1_58' title="bbox 321 4011 1889 4091; baseline 0.007 -27"><span class='ocrx_word' id='word_1_427' title='bbox 321 4011 456 4065; x_wconf 72' lang='grc' dir='ltr'><strong>ἀλλά</strong></span> <span class='ocrx_word' id='word_1_428' title='bbox 489 4013 627 4083; x_wconf 73' lang='grc' dir='ltr'>μηδὲ</span> <span class='ocrx_word' id='word_1_429' title='bbox 653 4015 852 4082; x_wconf 86' lang='grc' dir='ltr'>φειδὼς</span> <span class='ocrx_word' id='word_1_430' title='bbox 886 4017 945 4069; x_wconf 81' lang='grc' dir='ltr'>σέ</span> <span class='ocrx_word' id='word_1_431' title='bbox 994 4018 1132 4088; x_wconf 73' lang='grc' dir='ltr'>τιςῆ</span> <span class='ocrx_word' id='word_1_432' title='bbox 1174 4017 1327 4084; x_wconf 79' lang='grc' dir='ltr'>ἔλεος</span> <span class='ocrx_word' id='word_1_433' title='bbox 1352 4020 1513 4090; x_wconf 78' lang='grc' dir='ltr'>ἡμῶν</span> <span class='ocrx_word' id='word_1_434' title='bbox 1537 4020 1889 4091; x_wconf 76' lang='grc' dir='ltr'>λαμϐανέτω,</span> 
     </span>
    </p>
   </div>
   <div class='ocr_carea' id='block_1_58' title="bbox 320 4104 1893 4183">
    <p class='ocr_par' dir='ltr' id='par_1_58' title="bbox 320 4104 1893 4183">
     <span class='ocr_line' id='line_1_59' title="bbox 320 4104 1893 4183; baseline 0.007 -27"><span class='ocrx_word' id='word_1_435' title='bbox 320 4104 566 4174; x_wconf 72' lang='grc' dir='ltr'>κάμψεις</span> <span class='ocrx_word' id='word_1_436' title='bbox 624 4108 733 4176; x_wconf 78' lang='grc' dir='ltr'>γὰρ</span> <span class='ocrx_word' id='word_1_437' title='bbox 786 4108 1046 4162; x_wconf 77' lang='grc' dir='ltr'>οὐδέποτε</span> <span class='ocrx_word' id='word_1_438' title='bbox 1086 4111 1178 4163; x_wconf 72' lang='grc' dir='ltr'><strong>τὸν</strong></span> <span class='ocrx_word' id='word_1_439' title='bbox 1221 4111 1493 4181; x_wconf 73' lang='grc' dir='ltr'>ἡμέτερον</span> <span class='ocrx_word' id='word_1_440' title='bbox 1530 4111 1810 4182; x_wconf 79' lang='grc' dir='ltr'>λογισμὸν,</span> <span class='ocrx_word' id='word_1_441' title='bbox 1861 4114 1893 4183; x_wconf 79' lang='grc' dir='ltr'>ἢ</span> 
     </span>
    </p>
   </div>
   <div class='ocr_carea' id='block_1_59' title="bbox 317 4196 1893 4272">
    <p class='ocr_par' dir='ltr' id='par_1_59' title="bbox 317 4196 1893 4272">
     <span class='ocr_line' id='line_1_60' title="bbox 317 4196 1893 4272; baseline 0.001 -19"><span class='ocrx_word' id='word_1_442' title='bbox 317 4196 544 4264; x_wconf 82' lang='grc' dir='ltr'>ἀγαθῶν</span> <span class='ocrx_word' id='word_1_443' title='bbox 576 4199 931 4267; x_wconf 79' lang='grc' dir='ltr'>ἐπαγγελίαις</span> <span class='ocrx_word' id='word_1_444' title='bbox 978 4201 1012 4271; x_wconf 84' lang='grc' dir='ltr'>ἢ</span> <span class='ocrx_word' id='word_1_445' title='bbox 1062 4202 1249 4256; x_wconf 87' lang='grc' dir='ltr'>κακῶν</span> <span class='ocrx_word' id='word_1_446' title='bbox 1272 4202 1547 4269; x_wconf 84' lang='grc' dir='ltr'>ἀπειλαῖς,</span> <span class='ocrx_word' id='word_1_447' title='bbox 1594 4203 1626 4272; x_wconf 80' lang='grc' dir='ltr'>ἦ</span> <span class='ocrx_word' id='word_1_448' title='bbox 1664 4203 1893 4258; x_wconf 82' lang='grc' dir='ltr'>θανάτου</span> 
     </span>
    </p>
   </div>
   <div class='ocr_carea' id='block_1_60' title="bbox 321 4286 1896 4366">
    <p class='ocr_par' dir='ltr' id='par_1_60' title="bbox 321 4286 1896 4366">
     <span class='ocr_line' id='line_1_61' title="bbox 321 4286 1896 4366; baseline 0.006 -27"><span class='ocrx_word' id='word_1_449' title='bbox 321 4286 450 4350; x_wconf 85' lang='grc' dir='ltr'>δέει,</span> <span class='ocrx_word' id='word_1_450' title='bbox 481 4287 574 4341; x_wconf 85' lang='grc' dir='ltr'><strong>τού</strong></span> <span class='ocrx_word' id='word_1_451' title='bbox 618 4291 705 4351; x_wconf 79' lang='grc' dir='ltr'>σοὶ</span> <span class='ocrx_word' id='word_1_452' title='bbox 743 4291 1002 4360; x_wconf 76' lang='grc' dir='ltr'>φοόερού.</span> <span class='ocrx_word' id='word_1_453' title='bbox 1036 4292 1159 4356; x_wconf 88' lang='grc' dir='ltr'>Πῶς</span> <span class='ocrx_word' id='word_1_454' title='bbox 1183 4293 1294 4364; x_wconf 82' lang='grc' dir='ltr'><strong>γὰρ</strong></span> <span class='ocrx_word' id='word_1_455' title='bbox 1334 4294 1400 4348; x_wconf 84' lang='grc' dir='ltr'><strong>ἂν</strong></span> <span class='ocrx_word' id='word_1_456' title='bbox 1454 4293 1682 4348; x_wconf 84' lang='grc' dir='ltr'>θάνατον</span> <span class='ocrx_word' id='word_1_457' title='bbox 1727 4296 1896 4366; x_wconf 57' lang='lat' dir='ltr'><strong>c061;-</strong></span> 
     </span>
    </p>
   </div>
   <div class='ocr_carea' id='block_1_61' title="bbox 320 4377 1891 4459">
    <p class='ocr_par' dir='ltr' id='par_1_61' title="bbox 320 4377 1891 4459">
     <span class='ocr_line' id='line_1_62' title="bbox 320 4377 1891 4459; baseline 0.008 -30"><span class='ocrx_word' id='word_1_458' title='bbox 320 4377 483 4441; x_wconf 81' lang='grc' dir='ltr'>θεῖεν,</span> <span class='ocrx_word' id='word_1_459' title='bbox 512 4377 611 4442; x_wconf 83' lang='grc' dir='ltr'>οὓς</span> <span class='ocrx_word' id='word_1_460' title='bbox 658 4380 820 4434; x_wconf 77' lang='grc' dir='ltr'>τοῦτο</span> <span class='ocrx_word' id='word_1_461' title='bbox 866 4382 1071 4452; x_wconf 78' lang='grc' dir='ltr'>μᾶλλον</span> <span class='ocrx_word' id='word_1_462' title='bbox 1119 4383 1300 4447; x_wconf 84' lang='grc' dir='ltr'>λυπεῖ,</span> <span class='ocrx_word' id='word_1_463' title='bbox 1338 4384 1400 4438; x_wconf 78' lang='grc' dir='ltr'>τὸ</span> <span class='ocrx_word' id='word_1_464' title='bbox 1453 4384 1625 4450; x_wconf 76' lang='grc' dir='ltr'>ἅπαξ,</span> <span class='ocrx_word' id='word_1_465' title='bbox 1677 4389 1771 4441; x_wconf 76' lang='grc' dir='ltr'><strong>καὶ</strong></span> <span class='ocrx_word' id='word_1_466' title='bbox 1817 4389 1891 4459; x_wconf 81' lang='grc' dir='ltr'>μὴ</span> 
     </span>
    </p>
   </div>
   <div class='ocr_carea' id='block_1_62' title="bbox 1923 3150 1971 3212">
    <p class='ocr_par' dir='ltr' id='par_1_62' title="bbox 1923 3150 1971 3212">
     <span class='ocr_line' id='line_1_63' title="bbox 1923 3150 1971 3212; baseline 0 0"><span class='ocrx_word' id='word_1_467' title='bbox 1923 3150 1971 3212; x_wconf 86' lang='lat' dir='ltr'><strong>C</strong></span> 
     </span>
    </p>
   </div>
   <div class='ocr_carea' id='block_1_63' title="bbox 2000 1917 3566 1999">
    <p class='ocr_par' dir='ltr' id='par_1_63' title="bbox 2000 1917 3566 1999">
     <span class='ocr_line' id='line_1_64' title="bbox 2000 1917 3566 1999; baseline 0.006 -26"><span class='ocrx_word' id='word_1_468' title='bbox 2000 1923 2057 1973; x_wconf 91' lang='lat' dir='ltr'><strong>et</strong></span> <span class='ocrx_word' id='word_1_469' title='bbox 2098 1917 2394 1987; x_wconf 76' lang='lat' dir='ltr'><strong>excitante,</strong></span> <span class='ocrx_word' id='word_1_470' title='bbox 2449 1920 2768 1994; x_wconf 82' lang='lat' dir='ltr'><strong>animosque</strong></span> <span class='ocrx_word' id='word_1_471' title='bbox 2816 1924 3055 1982; x_wconf 87' lang='lat' dir='ltr'><strong>addente</strong></span> <span class='ocrx_word' id='word_1_472' title='bbox 3102 1925 3174 1982; x_wconf 90' lang='lat' dir='ltr'><strong>ad</strong></span> <span class='ocrx_word' id='word_1_473' title='bbox 3217 1929 3566 1999; x_wconf 79' lang='lat' dir='ltr'><strong>martyrium.</strong></span> 
     </span>
    </p>
   </div>
   <div class='ocr_carea' id='block_1_64' title="bbox 2071 2094 3571 2157">
    <p class='ocr_par' dir='ltr' id='par_1_64' title="bbox 2071 2094 3571 2157">
     <span class='ocr_line' id='line_1_65' title="bbox 2071 2094 3571 2157; baseline 0.003 -6"><span class='ocrx_word' id='word_1_474' title='bbox 2071 2094 2215 2151; x_wconf 82' lang='lat' dir='ltr'><strong>XIX.</strong></span> <span class='ocrx_word' id='word_1_475' title='bbox 2248 2096 2368 2153; x_wconf 77' lang='lat' dir='ltr'><strong>lam</strong></span> <span class='ocrx_word' id='word_1_476' title='bbox 2404 2105 2585 2153; x_wconf 88' lang='lat' dir='ltr'><strong>autem</strong></span> <span class='ocrx_word' id='word_1_477' title='bbox 2642 2099 2947 2155; x_wconf 80' lang='lat' dir='ltr'><strong>interfectis</strong></span> <span class='ocrx_word' id='word_1_478' title='bbox 2991 2100 3263 2157; x_wconf 85' lang='lat' dir='ltr'><strong>militibus</strong></span> <span class='ocrx_word' id='word_1_479' title='bbox 3310 2109 3365 2157; x_wconf 90' lang='lat' dir='ltr'><strong>et</strong></span> <span class='ocrx_word' id='word_1_480' title='bbox 3405 2116 3571 2157; x_wconf 89' lang='lat' dir='ltr'><strong>sena-</strong></span> 
     </span>
    </p>
   </div>
   <div class='ocr_carea' id='block_1_65' title="bbox 2002 2187 3562 2264">
    <p class='ocr_par' dir='ltr' id='par_1_65' title="bbox 2002 2187 3562 2264">
     <span class='ocr_line' id='line_1_66' title="bbox 2002 2187 3562 2264; baseline 0.006 -23"><span class='ocrx_word' id='word_1_481' title='bbox 2002 2187 2231 2254; x_wconf 88' lang='lat' dir='ltr'><strong>toribus,</strong></span> <span class='ocrx_word' id='word_1_482' title='bbox 2276 2190 2681 2258; x_wconf 87' lang='lat' dir='ltr'><strong>quamprimum</strong></span> <span class='ocrx_word' id='word_1_483' title='bbox 2725 2192 2960 2247; x_wconf 90' lang='lat' dir='ltr'><strong>accersit</strong></span> <span class='ocrx_word' id='word_1_484' title='bbox 3019 2202 3284 2264; x_wconf 88' lang='lat' dir='ltr'><strong>tyrannus</strong></span> <span class='ocrx_word' id='word_1_485' title='bbox 3338 2194 3562 2250; x_wconf 89' lang='lat' dir='ltr'><strong>beatum</strong></span> 
     </span>
    </p>
   </div>
   <div class='ocr_carea' id='block_1_66' title="bbox 2000 2278 3575 2354">
    <p class='ocr_par' dir='ltr' id='par_1_66' title="bbox 2000 2278 3575 2354">
     <span class='ocr_line' id='line_1_67' title="bbox 2000 2278 3575 2354; baseline 0.006 -21"><span class='ocrx_word' id='word_1_486' title='bbox 2000 2278 2367 2349; x_wconf 84' lang='lat' dir='ltr'><strong>Acindynum,</strong></span> <span class='ocrx_word' id='word_1_487' title='bbox 2397 2280 2794 2351; x_wconf 80' lang='lat' dir='ltr'><strong>Pegasiumque</strong></span> <span class='ocrx_word' id='word_1_488' title='bbox 2846 2292 2901 2339; x_wconf 90' lang='lat' dir='ltr'><strong>et</strong></span> <span class='ocrx_word' id='word_1_489' title='bbox 2934 2284 3416 2354; x_wconf 77' lang='lat' dir='ltr'><strong>Anempodtstum.</strong></span> <span class='ocrx_word' id='word_1_490' title='bbox 3467 2289 3575 2342; x_wconf 88' lang='lat' dir='ltr'><strong>De-</strong></span> 
     </span>
    </p>
   </div>
   <div class='ocr_carea' id='block_1_67' title="bbox 2001 2369 3569 2447">
    <p class='ocr_par' dir='ltr' id='par_1_67' title="bbox 2001 2369 3569 2447">
     <span class='ocr_line' id='line_1_68' title="bbox 2001 2369 3569 2447; baseline 0.007 -24"><span class='ocrx_word' id='word_1_491' title='bbox 2001 2369 2129 2424; x_wconf 86' lang='lat' dir='ltr'><strong>inde</strong></span> <span class='ocrx_word' id='word_1_492' title='bbox 2159 2370 2379 2439; x_wconf 89' lang='lat' dir='ltr'><strong>vulpina</strong></span> <span class='ocrx_word' id='word_1_493' title='bbox 2408 2371 2551 2441; x_wconf 88' lang='lat' dir='ltr'><strong>pelle</strong></span> <span class='ocrx_word' id='word_1_494' title='bbox 2581 2372 2827 2441; x_wconf 91' lang='lat' dir='ltr'><strong>indutus,</strong></span> <span class='ocrx_word' id='word_1_495' title='bbox 2852 2376 3311 2447; x_wconf 87' lang='lat' dir='ltr'><strong>clementiamque</strong></span> <span class='ocrx_word' id='word_1_496' title='bbox 3329 2387 3385 2433; x_wconf 92' lang='lat' dir='ltr'><strong>et</strong></span> <span class='ocrx_word' id='word_1_497' title='bbox 3411 2394 3569 2434; x_wconf 87' lang='lat' dir='ltr'><strong>man-</strong></span> 
     </span>
    </p>
   </div>
   <div class='ocr_carea' id='block_1_68' title="bbox 2000 2458 3563 2535">
    <p class='ocr_par' dir='ltr' id='par_1_68' title="bbox 2000 2458 3563 2535">
     <span class='ocr_line' id='line_1_69' title="bbox 2000 2458 3563 2535; baseline 0.008 -23"><span class='ocrx_word' id='word_1_498' title='bbox 2000 2458 2346 2517; x_wconf 88' lang='lat' dir='ltr'><strong>suetudinem</strong></span> <span class='ocrx_word' id='word_1_499' title='bbox 2379 2461 2644 2518; x_wconf 88' lang='lat' dir='ltr'><strong>simulans</strong></span> <span class='ocrx_word' id='word_1_500' title='bbox 2672 2465 3105 2533; x_wconf 85' lang='lat' dir='ltr'><strong>perversissime,</strong></span> <span class='ocrx_word' id='word_1_501' title='bbox 3161 2465 3423 2533; x_wconf 68' lang='lat' dir='ltr'><strong>Quaenam</strong></span> <span class='ocrx_word' id='word_1_502' title='bbox 3456 2479 3563 2535; x_wconf 88' lang='lat' dir='ltr'><strong>est,</strong></span> 
     </span>
    </p>
   </div>
   <div class='ocr_carea' id='block_1_69' title="bbox 2000 2550 3566 2629">
    <p class='ocr_par' dir='ltr' id='par_1_69' title="bbox 2000 2550 3566 2629">
     <span class='ocr_line' id='line_1_70' title="bbox 2000 2550 3566 2629; baseline 0.005 -23"><span class='ocrx_word' id='word_1_503' title='bbox 2000 2550 2242 2614; x_wconf 85' lang='lat' dir='ltr'><strong>dicebat,</strong></span> <span class='ocrx_word' id='word_1_504' title='bbox 2274 2552 2396 2607; x_wconf 86' lang='lat' dir='ltr'><strong>talis</strong></span> <span class='ocrx_word' id='word_1_505' title='bbox 2430 2562 2615 2609; x_wconf 88' lang='lat' dir='ltr'><strong>vestra</strong></span> <span class='ocrx_word' id='word_1_506' title='bbox 2661 2557 2998 2623; x_wconf 89' lang='lat' dir='ltr'><strong>constantia,</strong></span> <span class='ocrx_word' id='word_1_507' title='bbox 3032 2566 3094 2613; x_wconf 90' lang='lat' dir='ltr'><strong>ut</strong></span> <span class='ocrx_word' id='word_1_508' title='bbox 3122 2557 3249 2613; x_wconf 85' lang='lat' dir='ltr'><strong>vitae</strong></span> <span class='ocrx_word' id='word_1_509' title='bbox 3279 2560 3566 2629; x_wconf 63' lang='lat' dir='ltr'><strong>praesentis</strong></span> 
     </span>
    </p>
   </div>
   <div class='ocr_carea' id='block_1_70' title="bbox 2002 2640 3566 2713">
    <p class='ocr_par' dir='ltr' id='par_1_70' title="bbox 2002 2640 3566 2713">
     <span class='ocr_line' id='line_1_71' title="bbox 2002 2640 3566 2713; baseline 0.006 -15"><span class='ocrx_word' id='word_1_510' title='bbox 2002 2640 2122 2698; x_wconf 90' lang='lat' dir='ltr'><strong>sitis</strong></span> <span class='ocrx_word' id='word_1_511' title='bbox 2165 2642 2405 2713; x_wconf 79' lang='lat' dir='ltr'><strong>prodigi,</strong></span> <span class='ocrx_word' id='word_1_512' title='bbox 2437 2654 2495 2699; x_wconf 89' lang='lat' dir='ltr'><strong>et</strong></span> <span class='ocrx_word' id='word_1_513' title='bbox 2538 2659 2662 2702; x_wconf 88' lang='lat' dir='ltr'><strong>eam</strong></span> <span class='ocrx_word' id='word_1_514' title='bbox 2711 2656 2890 2704; x_wconf 87' lang='lat' dir='ltr'><strong>morte</strong></span> <span class='ocrx_word' id='word_1_515' title='bbox 2937 2651 3330 2706; x_wconf 81' lang='lat' dir='ltr'><strong>commutetis?</strong></span> <span class='ocrx_word' id='word_1_516' title='bbox 3379 2651 3566 2707; x_wconf 85' lang='lat' dir='ltr'><strong>Testis</strong></span> 
     </span>
    </p>
   </div>
   <div class='ocr_carea' id='block_1_71' title="bbox 2001 2731 3570 2812">
    <p class='ocr_par' dir='ltr' id='par_1_71' title="bbox 2001 2731 3570 2812">
     <span class='ocr_line' id='line_1_72' title="bbox 2001 2731 3570 2812; baseline 0.008 -27"><span class='ocrx_word' id='word_1_517' title='bbox 2001 2731 2073 2786; x_wconf 91' lang='lat' dir='ltr'><strong>sit</strong></span> <span class='ocrx_word' id='word_1_518' title='bbox 2129 2732 2265 2786; x_wconf 84' lang='lat' dir='ltr'><strong>mihi</strong></span> <span class='ocrx_word' id='word_1_519' title='bbox 2334 2734 2437 2798; x_wconf 92' lang='lat' dir='ltr'><strong>sol,</strong></span> <span class='ocrx_word' id='word_1_520' title='bbox 2492 2735 2585 2805; x_wconf 89' lang='lat' dir='ltr'><strong>qui</strong></span> <span class='ocrx_word' id='word_1_521' title='bbox 2641 2747 2727 2792; x_wconf 89' lang='lat' dir='ltr'><strong>est</strong></span> <span class='ocrx_word' id='word_1_522' title='bbox 2767 2738 3050 2809; x_wconf 89' lang='lat' dir='ltr'><strong>jucundus</strong></span> <span class='ocrx_word' id='word_1_523' title='bbox 3107 2742 3384 2807; x_wconf 80' lang='lat' dir='ltr'><strong>Omnibus,</strong></span> <span class='ocrx_word' id='word_1_524' title='bbox 3420 2742 3570 2812; x_wconf 80' lang='lat' dir='ltr'><strong>quod</strong></span> 
     </span>
    </p>
   </div>
   <div class='ocr_carea' id='block_1_72' title="bbox 2001 2829 3565 2890">
    <p class='ocr_par' dir='ltr' id='par_1_72' title="bbox 2001 2829 3565 2890">
     <span class='ocr_line' id='line_1_73' title="bbox 2001 2829 3565 2890; baseline 0.008 -17"><span class='ocrx_word' id='word_1_525' title='bbox 2001 2829 2225 2890; x_wconf 89' lang='lat' dir='ltr'><strong>propter</strong></span> <span class='ocrx_word' id='word_1_526' title='bbox 2255 2831 2495 2877; x_wconf 77' lang='lat' dir='ltr'><strong>vestram</strong></span> <span class='ocrx_word' id='word_1_527' title='bbox 2528 2833 2763 2881; x_wconf 87' lang='lat' dir='ltr'><strong>mortem</strong></span> <span class='ocrx_word' id='word_1_528' title='bbox 2791 2829 2927 2883; x_wconf 86' lang='lat' dir='ltr'><strong>mihi</strong></span> <span class='ocrx_word' id='word_1_529' title='bbox 2979 2830 3311 2886; x_wconf 88' lang='lat' dir='ltr'><strong>scinduntur</strong></span> <span class='ocrx_word' id='word_1_530' title='bbox 3354 2835 3565 2887; x_wconf 80' lang='lat' dir='ltr'><strong>viscera</strong></span> 
     </span>
    </p>
   </div>
   <div class='ocr_carea' id='block_1_73' title="bbox 2000 2913 3563 2994">
    <p class='ocr_par' dir='ltr' id='par_1_73' title="bbox 2000 2913 3563 2994">
     <span class='ocr_line' id='line_1_74' title="bbox 2000 2913 3563 2994; baseline 0.007 -28"><span class='ocrx_word' id='word_1_531' title='bbox 2000 2921 2055 2967; x_wconf 91' lang='lat' dir='ltr'><strong>et</strong></span> <span class='ocrx_word' id='word_1_532' title='bbox 2091 2913 2294 2967; x_wconf 90' lang='lat' dir='ltr'><strong>anima.</strong></span> <span class='ocrx_word' id='word_1_533' title='bbox 2324 2914 2583 2971; x_wconf 84' lang='lat' dir='ltr'><strong>Misereor</strong></span> <span class='ocrx_word' id='word_1_534' title='bbox 2637 2919 2784 2973; x_wconf 91' lang='lat' dir='ltr'><strong>enim</strong></span> <span class='ocrx_word' id='word_1_535' title='bbox 2817 2928 3012 2975; x_wconf 73' lang='lat' dir='ltr'><strong>vestrae</strong></span> <span class='ocrx_word' id='word_1_536' title='bbox 3059 2922 3235 2978; x_wconf 61' lang='lat' dir='ltr'><strong>aetatis</strong></span> <span class='ocrx_word' id='word_1_537' title='bbox 3281 2931 3338 2978; x_wconf 89' lang='lat' dir='ltr'><strong>et</strong></span> <span class='ocrx_word' id='word_1_538' title='bbox 3364 2924 3563 2994; x_wconf 89' lang='lat' dir='ltr'><strong>juven-</strong></span> 
     </span>
    </p>
   </div>
   <div class='ocr_carea' id='block_1_74' title="bbox 1978 3007 3565 3087">
    <p class='ocr_par' dir='ltr' id='par_1_74' title="bbox 1978 3007 3565 3087">
     <span class='ocr_line' id='line_1_75' title="bbox 1978 3007 3565 3087; baseline 0.006 -28"><span class='ocrx_word' id='word_1_539' title='bbox 1978 3007 2155 3083; x_wconf 70' lang='grc' dir='ltr'><strong>⁸ιυιὶε,</strong></span> <span class='ocrx_word' id='word_1_540' title='bbox 2212 3017 2268 3062; x_wconf 92' lang='lat' dir='ltr'><strong>et</strong></span> <span class='ocrx_word' id='word_1_541' title='bbox 2321 3010 2574 3079; x_wconf 88' lang='lat' dir='ltr'><strong>corporis</strong></span> <span class='ocrx_word' id='word_1_542' title='bbox 2628 3027 2848 3082; x_wconf 85' lang='lat' dir='ltr'><strong>quoque</strong></span> <span class='ocrx_word' id='word_1_543' title='bbox 2905 3014 3358 3082; x_wconf 89' lang='lat' dir='ltr'><strong>pulchritudinis,</strong></span> <span class='ocrx_word' id='word_1_544' title='bbox 3406 3016 3565 3087; x_wconf 85' lang='lat' dir='ltr'><strong>cujus</strong></span> 
     </span>
    </p>
   </div>
   <div class='ocr_carea' id='block_1_75' title="bbox 2000 3099 3565 3175">
    <p class='ocr_par' dir='ltr' id='par_1_75' title="bbox 2000 3099 3565 3175">
     <span class='ocr_line' id='line_1_76' title="bbox 2000 3099 3565 3175; baseline 0.006 -22"><span class='ocrx_word' id='word_1_545' title='bbox 2000 3099 2088 3154; x_wconf 86' lang='lat' dir='ltr'><strong>vel</strong></span> <span class='ocrx_word' id='word_1_546' title='bbox 2142 3100 2498 3156; x_wconf 86' lang='lat' dir='ltr'><strong>misereretur</strong></span> <span class='ocrx_word' id='word_1_547' title='bbox 2546 3101 2741 3168; x_wconf 86' lang='lat' dir='ltr'><strong>bestia,</strong></span> <span class='ocrx_word' id='word_1_548' title='bbox 2791 3111 2847 3159; x_wconf 90' lang='lat' dir='ltr'><strong>et</strong></span> <span class='ocrx_word' id='word_1_549' title='bbox 2890 3104 2940 3159; x_wconf 88' lang='lat' dir='ltr'><strong>ei</strong></span> <span class='ocrx_word' id='word_1_550' title='bbox 2999 3115 3272 3175; x_wconf 89' lang='lat' dir='ltr'><strong>parceret.</strong></span> <span class='ocrx_word' id='word_1_551' title='bbox 3343 3106 3565 3163; x_wconf 85' lang='lat' dir='ltr'><strong>Credite</strong></span> 
     </span>
    </p>
   </div>
   <div class='ocr_carea' id='block_1_76' title="bbox 1998 3191 3569 3268">
    <p class='ocr_par' dir='ltr' id='par_1_76' title="bbox 1998 3191 3569 3268">
     <span class='ocr_line' id='line_1_77' title="bbox 1998 3191 3569 3268; baseline 0.005 -24"><span class='ocrx_word' id='word_1_552' title='bbox 1998 3206 2129 3261; x_wconf 87' lang='lat' dir='ltr'><strong>ergo</strong></span> <span class='ocrx_word' id='word_1_553' title='bbox 2160 3191 2315 3255; x_wconf 89' lang='lat' dir='ltr'><strong>mihi,</strong></span> <span class='ocrx_word' id='word_1_554' title='bbox 2352 3191 2446 3261; x_wconf 86' lang='lat' dir='ltr'><strong>qui</strong></span> <span class='ocrx_word' id='word_1_555' title='bbox 2474 3194 2641 3248; x_wconf 84' lang='lat' dir='ltr'><strong>vestri</strong></span> <span class='ocrx_word' id='word_1_556' title='bbox 2685 3209 2933 3264; x_wconf 84' lang='lat' dir='ltr'><strong>magnam</strong></span> <span class='ocrx_word' id='word_1_557' title='bbox 2961 3211 3144 3251; x_wconf 89' lang='lat' dir='ltr'><strong>curam</strong></span> <span class='ocrx_word' id='word_1_558' title='bbox 3177 3213 3325 3268; x_wconf 83' lang='lat' dir='ltr'><strong>gero,</strong></span> <span class='ocrx_word' id='word_1_559' title='bbox 3355 3206 3411 3252; x_wconf 91' lang='lat' dir='ltr'><strong>et</strong></span> <span class='ocrx_word' id='word_1_560' title='bbox 3435 3213 3569 3252; x_wconf 90' lang='lat' dir='ltr'><strong>cou-</strong></span> 
     </span>
    </p>
   </div>
   <div class='ocr_carea' id='block_1_77' title="bbox 1998 3284 3573 3361">
    <p class='ocr_par' dir='ltr' id='par_1_77' title="bbox 1998 3284 3573 3361">
     <span class='ocr_line' id='line_1_78' title="bbox 1998 3284 3573 3361; baseline 0.004 -22"><span class='ocrx_word' id='word_1_561' title='bbox 1998 3284 2118 3340; x_wconf 91' lang='lat' dir='ltr'><strong>sulo</strong></span> <span class='ocrx_word' id='word_1_562' title='bbox 2151 3299 2272 3353; x_wconf 73' lang='lat' dir='ltr'><strong>quae</strong></span> <span class='ocrx_word' id='word_1_563' title='bbox 2306 3292 2436 3345; x_wconf 87' lang='lat' dir='ltr'><strong>sunt</strong></span> <span class='ocrx_word' id='word_1_564' title='bbox 2476 3285 2652 3340; x_wconf 89' lang='lat' dir='ltr'><strong>utilia.</strong></span> <span class='ocrx_word' id='word_1_565' title='bbox 2685 3286 2896 3343; x_wconf 78' lang='lat' dir='ltr'><strong>Videtis</strong></span> <span class='ocrx_word' id='word_1_566' title='bbox 2924 3288 3095 3354; x_wconf 90' lang='lat' dir='ltr'><strong>enim,</strong></span> <span class='ocrx_word' id='word_1_567' title='bbox 3130 3291 3404 3361; x_wconf 90' lang='lat' dir='ltr'><strong>quomodo</strong></span> <span class='ocrx_word' id='word_1_568' title='bbox 3434 3293 3573 3346; x_wconf 84' lang='lat' dir='ltr'><strong>nulli</strong></span> 
     </span>
    </p>
   </div>
   <div class='ocr_carea' id='block_1_78' title="bbox 1998 3377 3573 3452">
    <p class='ocr_par' dir='ltr' id='par_1_78' title="bbox 1998 3377 3573 3452">
     <span class='ocr_line' id='line_1_79' title="bbox 1998 3377 3573 3452; baseline 0.004 -22"><span class='ocrx_word' id='word_1_569' title='bbox 1998 3377 2340 3447; x_wconf 87' lang='lat' dir='ltr'><strong>pepercerim</strong></span> <span class='ocrx_word' id='word_1_570' title='bbox 2371 3377 2632 3443; x_wconf 89' lang='lat' dir='ltr'><strong>senatori,</strong></span> <span class='ocrx_word' id='word_1_571' title='bbox 2664 3393 2766 3435; x_wconf 88' lang='lat' dir='ltr'><strong>nec</strong></span> <span class='ocrx_word' id='word_1_572' title='bbox 2803 3380 2983 3434; x_wconf 89' lang='lat' dir='ltr'><strong>militi.</strong></span> <span class='ocrx_word' id='word_1_573' title='bbox 3016 3381 3197 3437; x_wconf 86' lang='lat' dir='ltr'><strong>Vestri</strong></span> <span class='ocrx_word' id='word_1_574' title='bbox 3237 3392 3418 3437; x_wconf 85' lang='lat' dir='ltr'><strong>autem</strong></span> <span class='ocrx_word' id='word_1_575' title='bbox 3466 3400 3573 3452; x_wconf 76' lang='lat' dir='ltr'><strong>pa-</strong></span> 
     </span>
    </p>
   </div>
   <div class='ocr_carea' id='block_1_79' title="bbox 1981 3472 3566 3544">
    <p class='ocr_par' dir='ltr' id='par_1_79' title="bbox 1981 3472 3566 3544">
     <span class='ocr_line' id='line_1_80' title="bbox 1981 3472 3566 3544; baseline 0.005 -22"><span class='ocrx_word' id='word_1_576' title='bbox 1981 3476 2155 3539; x_wconf 33' lang='lat' dir='ltr'><strong>.terne</strong></span> <span class='ocrx_word' id='word_1_577' title='bbox 2185 3484 2371 3524; x_wconf 91' lang='lat' dir='ltr'><strong>curam</strong></span> <span class='ocrx_word' id='word_1_578' title='bbox 2397 3484 2547 3539; x_wconf 82' lang='lat' dir='ltr'><strong>gero,</strong></span> <span class='ocrx_word' id='word_1_579' title='bbox 2576 3478 2633 3524; x_wconf 91' lang='lat' dir='ltr'><strong>et</strong></span> <span class='ocrx_word' id='word_1_580' title='bbox 2659 3486 2756 3524; x_wconf 89' lang='lat' dir='ltr'><strong>vos</strong></span> <span class='ocrx_word' id='word_1_581' title='bbox 2786 3472 3106 3542; x_wconf 88' lang='lat' dir='ltr'><strong>amplector,</strong></span> <span class='ocrx_word' id='word_1_582' title='bbox 3135 3476 3304 3544; x_wconf 90' lang='lat' dir='ltr'><strong>utqui</strong></span> <span class='ocrx_word' id='word_1_583' title='bbox 3334 3484 3566 3530; x_wconf 86' lang='lat' dir='ltr'><strong>vestram</strong></span> 
     </span>
    </p>
   </div>
   <div class='ocr_carea' id='block_1_80' title="bbox 1980 3559 3567 3631">
    <p class='ocr_par' dir='ltr' id='par_1_80' title="bbox 1980 3559 3567 3631">
     <span class='ocr_line' id='line_1_81' title="bbox 1980 3559 3567 3631; baseline 0.004 -17"><span class='ocrx_word' id='word_1_584' title='bbox 1980 3559 2291 3631; x_wconf 74' lang='lat' dir='ltr'><strong>didicerim</strong></span> <span class='ocrx_word' id='word_1_585' title='bbox 2337 3562 2597 3617; x_wconf 88' lang='lat' dir='ltr'><strong>virtutem</strong></span> <span class='ocrx_word' id='word_1_586' title='bbox 2633 3580 2687 3616; x_wconf 83' lang='lat' dir='ltr'><strong>et</strong></span> <span class='ocrx_word' id='word_1_587' title='bbox 2715 3562 3097 3618; x_wconf 77' lang='lat' dir='ltr'><strong>fortitudinem</strong></span> <span class='ocrx_word' id='word_1_588' title='bbox 3151 3581 3218 3619; x_wconf 80' lang='lat' dir='ltr'><strong>ex</strong></span> <span class='ocrx_word' id='word_1_589' title='bbox 3257 3567 3567 3621; x_wconf 81' lang='lat' dir='ltr'><strong>constantia</strong></span> 
     </span>
    </p>
   </div>
   <div class='ocr_carea' id='block_1_81' title="bbox 2000 3652 3568 3727">
    <p class='ocr_par' dir='ltr' id='par_1_81' title="bbox 2000 3652 3568 3727">
     <span class='ocr_line' id='line_1_82' title="bbox 2000 3652 3568 3727; baseline 0.004 -22"><span class='ocrx_word' id='word_1_590' title='bbox 2000 3652 2057 3705; x_wconf 91' lang='lat' dir='ltr'><strong>in</strong></span> <span class='ocrx_word' id='word_1_591' title='bbox 2106 3652 2419 3707; x_wconf 82' lang='lat' dir='ltr'><strong>tormentis.</strong></span> <span class='ocrx_word' id='word_1_592' title='bbox 2459 3653 2515 3705; x_wconf 86' lang='lat' dir='ltr'><strong>Si</strong></span> <span class='ocrx_word' id='word_1_593' title='bbox 2552 3653 2699 3707; x_wconf 89' lang='lat' dir='ltr'><strong>enim</strong></span> <span class='ocrx_word' id='word_1_594' title='bbox 2737 3654 2867 3707; x_wconf 90' lang='lat' dir='ltr'><strong>mihi</strong></span> <span class='ocrx_word' id='word_1_595' title='bbox 2902 3656 3215 3724; x_wconf 87' lang='lat' dir='ltr'><strong>parueritis,</strong></span> <span class='ocrx_word' id='word_1_596' title='bbox 3249 3671 3346 3712; x_wconf 87' lang='lat' dir='ltr'><strong>vos</strong></span> <span class='ocrx_word' id='word_1_597' title='bbox 3376 3658 3568 3727; x_wconf 89' lang='lat' dir='ltr'><strong>primis</strong></span> 
     </span>
    </p>
   </div>
   <div class='ocr_carea' id='block_1_82' title="bbox 1998 3742 3564 3819">
    <p class='ocr_par' dir='ltr' id='par_1_82' title="bbox 1998 3742 3564 3819">
     <span class='ocr_line' id='line_1_83' title="bbox 1998 3742 3564 3819; baseline 0.003 -23"><span class='ocrx_word' id='word_1_598' title='bbox 1998 3742 2266 3813; x_wconf 78' lang='lat' dir='ltr'><strong>dignabor</strong></span> <span class='ocrx_word' id='word_1_599' title='bbox 2336 3742 2661 3809; x_wconf 88' lang='lat' dir='ltr'><strong>honoribus,</strong></span> <span class='ocrx_word' id='word_1_600' title='bbox 2729 3752 2786 3798; x_wconf 89' lang='lat' dir='ltr'><strong>et</strong></span> <span class='ocrx_word' id='word_1_601' title='bbox 2849 3747 3142 3800; x_wconf 88' lang='lat' dir='ltr'><strong>concedam</strong></span> <span class='ocrx_word' id='word_1_602' title='bbox 3204 3748 3345 3803; x_wconf 83' lang='lat' dir='ltr'><strong>dona</strong></span> <span class='ocrx_word' id='word_1_603' title='bbox 3404 3750 3564 3819; x_wconf 76' lang='lat' dir='ltr'><strong>digna</strong></span> 
     </span>
    </p>
   </div>
   <div class='ocr_carea' id='block_1_83' title="bbox 1997 3834 3563 3905">
    <p class='ocr_par' dir='ltr' id='par_1_83' title="bbox 1997 3834 3563 3905">
     <span class='ocr_line' id='line_1_84' title="bbox 1997 3834 3563 3905; baseline 0.001 -15"><span class='ocrx_word' id='word_1_604' title='bbox 1997 3846 2179 3890; x_wconf 87' lang='lat' dir='ltr'><strong>vestra</strong></span> <span class='ocrx_word' id='word_1_605' title='bbox 2208 3834 2432 3894; x_wconf 87' lang='lat' dir='ltr'><strong>virtute.</strong></span> <span class='ocrx_word' id='word_1_606' title='bbox 2468 3834 2655 3890; x_wconf 90' lang='lat' dir='ltr'><strong>Sancti</strong></span> <span class='ocrx_word' id='word_1_607' title='bbox 2689 3844 2897 3891; x_wconf 85' lang='lat' dir='ltr'><strong>autem:</strong></span> <span class='ocrx_word' id='word_1_608' title='bbox 2932 3837 3043 3892; x_wconf 86' lang='lat' dir='ltr'><strong>Nec</strong></span> <span class='ocrx_word' id='word_1_609' title='bbox 3100 3838 3221 3901; x_wconf 85' lang='lat' dir='ltr'><strong>tibi,</strong></span> <span class='ocrx_word' id='word_1_610' title='bbox 3282 3839 3563 3905; x_wconf 78' lang='lat' dir='ltr'><strong>dixerunt,</strong></span> 
     </span>
    </p>
   </div>
   <div class='ocr_carea' id='block_1_84' title="bbox 1978 3926 3564 3986">
    <p class='ocr_par' dir='ltr' id='par_1_84' title="bbox 1978 3926 3564 3986">
     <span class='ocr_line' id='line_1_85' title="bbox 1978 3926 3564 3986; baseline -0.001 -1"><span class='ocrx_word' id='word_1_611' title='bbox 1978 3944 2099 3985; x_wconf 78' lang='lat' dir='ltr'><strong>-nec</strong></span> <span class='ocrx_word' id='word_1_612' title='bbox 2123 3928 2284 3984; x_wconf 89' lang='lat' dir='ltr'><strong>nobis</strong></span> <span class='ocrx_word' id='word_1_613' title='bbox 2314 3926 2520 3982; x_wconf 80' lang='lat' dir='ltr'><strong>frustra</strong></span> <span class='ocrx_word' id='word_1_614' title='bbox 2553 3928 2772 3984; x_wconf 86' lang='lat' dir='ltr'><strong>labores</strong></span> <span class='ocrx_word' id='word_1_615' title='bbox 2799 3930 3018 3985; x_wconf 83' lang='lat' dir='ltr'><strong>exhibe.</strong></span> <span class='ocrx_word' id='word_1_616' title='bbox 3057 3930 3164 3985; x_wconf 87' lang='lat' dir='ltr'><strong>Sed</strong></span> <span class='ocrx_word' id='word_1_617' title='bbox 3197 3947 3300 3986; x_wconf 90' lang='lat' dir='ltr'><strong>nec</strong></span> <span class='ocrx_word' id='word_1_618' title='bbox 3358 3940 3414 3985; x_wconf 94' lang='lat' dir='ltr'><strong>tu</strong></span> <span class='ocrx_word' id='word_1_619' title='bbox 3464 3945 3564 3984; x_wconf 87' lang='lat' dir='ltr'><strong>no-</strong></span> 
     </span>
    </p>
   </div>
   <div class='ocr_carea' id='block_1_85' title="bbox 1996 4020 3563 4090">
    <p class='ocr_par' dir='ltr' id='par_1_85' title="bbox 1996 4020 3563 4090">
     <span class='ocr_line' id='line_1_86' title="bbox 1996 4020 3563 4090; baseline 0.001 -16"><span class='ocrx_word' id='word_1_620' title='bbox 1996 4020 2081 4075; x_wconf 90' lang='lat' dir='ltr'><strong>bis</strong></span> <span class='ocrx_word' id='word_1_621' title='bbox 2110 4034 2324 4090; x_wconf 87' lang='lat' dir='ltr'><strong>parcas,</strong></span> <span class='ocrx_word' id='word_1_622' title='bbox 2352 4034 2455 4074; x_wconf 90' lang='lat' dir='ltr'><strong>nec</strong></span> <span class='ocrx_word' id='word_1_623' title='bbox 2482 4027 2537 4075; x_wconf 87' lang='lat' dir='ltr'><strong>te</strong></span> <span class='ocrx_word' id='word_1_624' title='bbox 2572 4021 2744 4078; x_wconf 86' lang='lat' dir='ltr'><strong>nostri</strong></span> <span class='ocrx_word' id='word_1_625' title='bbox 2774 4021 2883 4083; x_wconf 81' lang='lat' dir='ltr'><strong>ulla</strong></span> <span class='ocrx_word' id='word_1_626' title='bbox 2911 4030 3126 4077; x_wconf 88' lang='lat' dir='ltr'><strong>moveat</strong></span> <span class='ocrx_word' id='word_1_627' title='bbox 3159 4021 3563 4086; x_wconf 82' lang='lat' dir='ltr'><strong>misericordia,</strong></span> 
     </span>
    </p>
   </div>
   <div class='ocr_carea' id='block_1_86' title="bbox 1997 4114 3566 4183">
    <p class='ocr_par' dir='ltr' id='par_1_86' title="bbox 1997 4114 3566 4183">
     <span class='ocr_line' id='line_1_87' title="bbox 1997 4114 3566 4183; baseline -0.001 -13"><span class='ocrx_word' id='word_1_628' title='bbox 1997 4124 2235 4170; x_wconf 81' lang='lat' dir='ltr'><strong>tuentem</strong></span> <span class='ocrx_word' id='word_1_629' title='bbox 2270 4115 2419 4171; x_wconf 88' lang='lat' dir='ltr'><strong>enim</strong></span> <span class='ocrx_word' id='word_1_630' title='bbox 2463 4122 2708 4169; x_wconf 87' lang='lat' dir='ltr'><strong>nostram</strong></span> <span class='ocrx_word' id='word_1_631' title='bbox 2742 4130 3022 4183; x_wconf 91' lang='lat' dir='ltr'><strong>nunquam</strong></span> <span class='ocrx_word' id='word_1_632' title='bbox 3056 4115 3270 4177; x_wconf 86' lang='lat' dir='ltr'><strong>ﬂectes,</strong></span> <span class='ocrx_word' id='word_1_633' title='bbox 3317 4124 3411 4168; x_wconf 92' lang='lat' dir='ltr'><strong>aut</strong></span> <span class='ocrx_word' id='word_1_634' title='bbox 3463 4114 3566 4169; x_wconf 90' lang='lat' dir='ltr'><strong>bo-</strong></span> 
     </span>
    </p>
   </div>
   <div class='ocr_carea' id='block_1_87' title="bbox 1995 4204 3559 4275">
    <p class='ocr_par' dir='ltr' id='par_1_87' title="bbox 1995 4204 3559 4275">
     <span class='ocr_line' id='line_1_88' title="bbox 1995 4204 3559 4275; baseline 0 -15"><span class='ocrx_word' id='word_1_635' title='bbox 1995 4222 2190 4263; x_wconf 88' lang='lat' dir='ltr'><strong>norum</strong></span> <span class='ocrx_word' id='word_1_636' title='bbox 2223 4204 2529 4275; x_wconf 85' lang='lat' dir='ltr'><strong>promissis,</strong></span> <span class='ocrx_word' id='word_1_637' title='bbox 2570 4214 2666 4260; x_wconf 92' lang='lat' dir='ltr'><strong>aut</strong></span> <span class='ocrx_word' id='word_1_638' title='bbox 2713 4205 2881 4260; x_wconf 85' lang='lat' dir='ltr'><strong>minis</strong></span> <span class='ocrx_word' id='word_1_639' title='bbox 2942 4205 3210 4260; x_wconf 88' lang='lat' dir='ltr'><strong>malorum</strong></span> <span class='ocrx_word' id='word_1_640' title='bbox 3256 4205 3559 4271; x_wconf 79' lang='lat' dir='ltr'><strong>intentatis,</strong></span> 
     </span>
    </p>
   </div>
   <div class='ocr_carea' id='block_1_88' title="bbox 1984 4296 3563 4366">
    <p class='ocr_par' dir='ltr' id='par_1_88' title="bbox 1984 4296 3563 4366">
     <span class='ocr_line' id='line_1_89' title="bbox 1984 4296 3563 4366; baseline 0.002 -16"><span class='ocrx_word' id='word_1_641' title='bbox 1984 4304 2089 4363; x_wconf 81' lang='lat' dir='ltr'><strong>aut</strong></span> <span class='ocrx_word' id='word_1_642' title='bbox 2114 4304 2263 4351; x_wconf 90' lang='lat' dir='ltr'><strong>metu</strong></span> <span class='ocrx_word' id='word_1_643' title='bbox 2303 4296 2518 4360; x_wconf 89' lang='lat' dir='ltr'><strong>mortis,</strong></span> <span class='ocrx_word' id='word_1_644' title='bbox 2550 4311 2671 4366; x_wconf 67' lang='lat' dir='ltr'><strong>quae</strong></span> <span class='ocrx_word' id='word_1_645' title='bbox 2700 4304 2787 4351; x_wconf 88' lang='lat' dir='ltr'><strong>est</strong></span> <span class='ocrx_word' id='word_1_646' title='bbox 2815 4296 2913 4352; x_wconf 89' lang='lat' dir='ltr'><strong>tibi</strong></span> <span class='ocrx_word' id='word_1_647' title='bbox 2961 4297 3243 4352; x_wconf 87' lang='lat' dir='ltr'><strong>terribilis.</strong></span> <span class='ocrx_word' id='word_1_648' title='bbox 3278 4299 3563 4365; x_wconf 85' lang='lat' dir='ltr'><strong>Quomodo</strong></span> 
     </span>
    </p>
   </div>
   <div class='ocr_carea' id='block_1_89' title="bbox 1994 4387 3565 4460">
    <p class='ocr_par' dir='ltr' id='par_1_89' title="bbox 1994 4387 3565 4460">
     <span class='ocr_line' id='line_1_90' title="bbox 1994 4387 3565 4460; baseline 0.002 -19"><span class='ocrx_word' id='word_1_649' title='bbox 1994 4387 2141 4442; x_wconf 81' lang='lat' dir='ltr'><strong>enim</strong></span> <span class='ocrx_word' id='word_1_650' title='bbox 2198 4397 2430 4443; x_wconf 88' lang='lat' dir='ltr'><strong>mortem</strong></span> <span class='ocrx_word' id='word_1_651' title='bbox 2484 4388 2794 4454; x_wconf 88' lang='lat' dir='ltr'><strong>timuerint,</strong></span> <span class='ocrx_word' id='word_1_652' title='bbox 2838 4403 2979 4458; x_wconf 89' lang='lat' dir='ltr'><strong>quos</strong></span> <span class='ocrx_word' id='word_1_653' title='bbox 3017 4389 3123 4445; x_wconf 90' lang='lat' dir='ltr'><strong>hoc</strong></span> <span class='ocrx_word' id='word_1_654' title='bbox 3172 4391 3347 4460; x_wconf 83' lang='lat' dir='ltr'><strong>magis</strong></span> <span class='ocrx_word' id='word_1_655' title='bbox 3398 4390 3565 4447; x_wconf 81' lang='lat' dir='ltr'><strong>allicit</strong></span> 
     </span>
    </p>
   </div>
   <div class='ocr_carea' id='block_1_90' title="bbox 320 4470 1899 4552">
    <p class='ocr_par' dir='ltr' id='par_1_90' title="bbox 320 4470 1893 4552">
     <span class='ocr_line' id='line_1_91' title="bbox 320 4470 1893 4552; baseline 0.008 -31"><span class='ocrx_word' id='word_1_656' title='bbox 320 4470 581 4539; x_wconf 78' lang='grc' dir='ltr'>μυριάκις</span> <span class='ocrx_word' id='word_1_657' title='bbox 608 4470 872 4526; x_wconf 86' lang='grc' dir='ltr'>δύνασθαι</span> <span class='ocrx_word' id='word_1_658' title='bbox 900 4475 1154 4546; x_wconf 78' lang='grc' dir='ltr'>θνήσκειν</span> <span class='ocrx_word' id='word_1_659' title='bbox 1188 4475 1328 4547; x_wconf 72' lang='grc' dir='ltr'><strong>ὑπὲρ</strong></span> <span class='ocrx_word' id='word_1_660' title='bbox 1379 4477 1618 4548; x_wconf 81' lang='grc' dir='ltr'>Χριστοῦ</span> <span class='ocrx_word' id='word_1_661' title='bbox 1649 4497 1665 4546; x_wconf 89' lang='lat'><strong>;</strong></span> <span class='ocrx_word' id='word_1_662' title='bbox 1697 4482 1893 4552; x_wconf 84' lang='grc' dir='ltr'>Τάχιον</span> 
     </span>
    </p>
   </div>
   <div class='ocr_carea' id='block_1_91' title="bbox 1998 4470 3564 4552">
    <p class='ocr_par' dir='ltr' id='par_1_91' title="bbox 1998 4479 3564 4551">
     <span class='ocr_line' id='line_1_92' title="bbox 1998 4479 3564 4551; baseline 0.001 -16"><span class='ocrx_word' id='word_1_663' title='bbox 1998 4480 2245 4543; x_wconf 84' lang='lat' dir='ltr'><strong>molestia</strong></span> <span class='ocrx_word' id='word_1_664' title='bbox 2276 4479 2421 4549; x_wconf 90' lang='lat' dir='ltr'><strong>quod</strong></span> <span class='ocrx_word' id='word_1_665' title='bbox 2456 4480 2621 4534; x_wconf 90' lang='lat' dir='ltr'><strong>semel</strong></span> <span class='ocrx_word' id='word_1_666' title='bbox 2662 4489 2719 4535; x_wconf 89' lang='lat' dir='ltr'><strong>et</strong></span> <span class='ocrx_word' id='word_1_667' title='bbox 2764 4495 2875 4535; x_wconf 84' lang='lat' dir='ltr'><strong>non</strong></span> <span class='ocrx_word' id='word_1_668' title='bbox 2924 4481 3128 4536; x_wconf 91' lang='lat' dir='ltr'><strong>millies</strong></span> <span class='ocrx_word' id='word_1_669' title='bbox 3161 4484 3374 4551; x_wconf 77' lang='lat' dir='ltr'><strong>possint</strong></span> <span class='ocrx_word' id='word_1_670' title='bbox 3421 4483 3564 4537; x_wconf 90' lang='lat' dir='ltr'><strong>mori</strong></span> 
     </span>
    </p>
   </div>
   <div class='ocr_carea' id='block_1_92' title="bbox 319 4555 1892 4640">
    <p class='ocr_par' dir='ltr' id='par_1_92' title="bbox 319 4555 1892 4640">
     <span class='ocr_line' id='line_1_93' title="bbox 319 4555 1892 4640; baseline 0.009 -29"><span class='ocrx_word' id='word_1_671' title='bbox 319 4555 417 4613; x_wconf 75' lang='grc' dir='ltr'>οὖν</span> <span class='ocrx_word' id='word_1_672' title='bbox 442 4560 500 4613; x_wconf 68' lang='grc' dir='ltr'><strong>τὸ</strong></span> <span class='ocrx_word' id='word_1_673' title='bbox 515 4562 620 4631; x_wconf 70' lang='grc' dir='ltr'>ήδη</span> <span class='ocrx_word' id='word_1_674' title='bbox 642 4578 725 4615; x_wconf 90' lang='grc' dir='ltr'><strong>σοι</strong></span> <span class='ocrx_word' id='word_1_675' title='bbox 747 4562 937 4632; x_wconf 84' lang='grc' dir='ltr'>κριθὲν</span> <span class='ocrx_word' id='word_1_676' title='bbox 960 4564 1202 4634; x_wconf 89' lang='grc' dir='ltr'>ποίησον.</span> <span class='ocrx_word' id='word_1_677' title='bbox 1268 4565 1579 4638; x_wconf 73' lang='grc' dir='ltr'>Ἐκδέχεται</span> <span class='ocrx_word' id='word_1_678' title='bbox 1608 4570 1717 4640; x_wconf 75' lang='grc' dir='ltr'><strong>γὰρ</strong></span> <span class='ocrx_word' id='word_1_679' title='bbox 1746 4572 1892 4640; x_wconf 78' lang='grc' dir='ltr'>ἡμᾶς</span> 
     </span>
    </p>
   </div>
   <div class='ocr_carea' id='block_1_93' title="bbox 319 4650 1895 4735">
    <p class='ocr_par' dir='ltr' id='par_1_93' title="bbox 319 4650 1895 4735">
     <span class='ocr_line' id='line_1_94' title="bbox 319 4650 1895 4735; baseline 0.011 -33"><span class='ocrx_word' id='word_1_680' title='bbox 319 4653 350 4702; x_wconf 81' lang='grc' dir='ltr'>ὁ</span> <span class='ocrx_word' id='word_1_681' title='bbox 381 4650 491 4705; x_wconf 88' lang='grc' dir='ltr'><strong>τῶν</strong></span> <span class='ocrx_word' id='word_1_682' title='bbox 521 4652 696 4720; x_wconf 86' lang='grc' dir='ltr'>ἀγίων</span> <span class='ocrx_word' id='word_1_683' title='bbox 740 4655 921 4723; x_wconf 80' lang='grc' dir='ltr'>χορὸς,</span> <span class='ocrx_word' id='word_1_684' title='bbox 956 4655 1043 4707; x_wconf 78' lang='grc' dir='ltr'>ἵνα</span> <span class='ocrx_word' id='word_1_685' title='bbox 1070 4673 1156 4711; x_wconf 85' lang='grc' dir='ltr'><strong>σοι</strong></span> <span class='ocrx_word' id='word_1_686' title='bbox 1183 4658 1276 4710; x_wconf 79' lang='grc' dir='ltr'>καὶ</span> <span class='ocrx_word' id='word_1_687' title='bbox 1302 4657 1534 4728; x_wconf 83' lang='grc' dir='ltr'>χάριτας</span> <span class='ocrx_word' id='word_1_688' title='bbox 1564 4662 1767 4730; x_wconf 82' lang='grc' dir='ltr'>μᾶλλον</span> <span class='ocrx_word' id='word_1_689' title='bbox 1796 4666 1895 4735; x_wconf 85' lang='grc' dir='ltr'>τῆς</span> 
     </span>
    </p>
   </div>
   <div class='ocr_carea' id='block_1_94' title="bbox 317 4743 1401 4815">
    <p class='ocr_par' dir='ltr' id='par_1_94' title="bbox 317 4743 1401 4815">
     <span class='ocr_line' id='line_1_95' title="bbox 317 4743 1401 4815; baseline 0.006 -20"><span class='ocrx_word' id='word_1_690' title='bbox 317 4743 539 4813; x_wconf 85' lang='grc' dir='ltr'>ταχείας</span> <span class='ocrx_word' id='word_1_691' title='bbox 560 4743 1003 4815; x_wconf 83' lang='grc' dir='ltr'>ὁμολογήσαιμεν</span> <span class='ocrx_word' id='word_1_692' title='bbox 1046 4747 1401 4812; x_wconf 84' lang='grc' dir='ltr'>τελειώσεως.</span> 
     </span>
    </p>
   </div>
   <div class='ocr_carea' id='block_1_95' title="bbox 391 4922 1894 5002">
    <p class='ocr_par' dir='ltr' id='par_1_95' title="bbox 391 4922 1894 5002">
     <span class='ocr_line' id='line_1_96' title="bbox 391 4922 1894 5002; baseline 0.007 -25"><span class='ocrx_word' id='word_1_693' title='bbox 391 4925 477 4980; x_wconf 73' lang='grc' dir='ltr'>κ’.</span> <span class='ocrx_word' id='word_1_694' title='bbox 511 4922 572 4977; x_wconf 85' lang='grc' dir='ltr'>Ὀ</span> <span class='ocrx_word' id='word_1_695' title='bbox 594 4924 651 4977; x_wconf 75' lang='grc' dir='ltr'>δὲ</span> <span class='ocrx_word' id='word_1_696' title='bbox 685 4923 788 4995; x_wconf 78' lang='grc' dir='ltr'>τὴν</span> <span class='ocrx_word' id='word_1_697' title='bbox 818 4924 1025 4995; x_wconf 82' lang='grc' dir='ltr'>σκηνὴν</span> <span class='ocrx_word' id='word_1_698' title='bbox 1052 4926 1244 4992; x_wconf 88' lang='grc' dir='ltr'>λύσας,</span> <span class='ocrx_word' id='word_1_699' title='bbox 1277 4928 1372 4982; x_wconf 75' lang='grc' dir='ltr'>καὶ</span> <span class='ocrx_word' id='word_1_700' title='bbox 1396 4930 1495 5000; x_wconf 75' lang='grc' dir='ltr'>τὴν</span> <span class='ocrx_word' id='word_1_701' title='bbox 1522 4932 1894 5002; x_wconf 83' lang='grc' dir='ltr'>προσποίητον</span> 
     </span>
    </p>
   </div>
   <div class='ocr_carea' id='block_1_96' title="bbox 316 5016 1894 5086">
    <p class='ocr_par' dir='ltr' id='par_1_96' title="bbox 316 5016 1894 5086">
     <span class='ocr_line' id='line_1_97' title="bbox 316 5016 1894 5086; baseline 0.008 -19"><span class='ocrx_word' id='word_1_702' title='bbox 316 5018 657 5086; x_wconf 74' lang='grc' dir='ltr'>ἡμερότητα,</span> <span class='ocrx_word' id='word_1_703' title='bbox 682 5017 779 5070; x_wconf 72' lang='grc' dir='ltr'><strong>Μὰ</strong></span> <span class='ocrx_word' id='word_1_704' title='bbox 808 5020 937 5082; x_wconf 72' lang='grc' dir='ltr'>τοὺς</span> <span class='ocrx_word' id='word_1_705' title='bbox 965 5018 1145 5084; x_wconf 83' lang='grc' dir='ltr'>θεοὺς,</span> <span class='ocrx_word' id='word_1_706' title='bbox 1175 5016 1352 5085; x_wconf 77' lang='grc' dir='ltr'>εἶπεν,</span> <span class='ocrx_word' id='word_1_707' title='bbox 1385 5022 1498 5078; x_wconf 77' lang='grc' dir='ltr'>ἀλλ’</span> <span class='ocrx_word' id='word_1_708' title='bbox 1532 5025 1633 5077; x_wconf 74' lang='grc' dir='ltr'>οὐκ</span> <span class='ocrx_word' id='word_1_709' title='bbox 1681 5025 1748 5079; x_wconf 83' lang='grc' dir='ltr'>ἂν</span> <span class='ocrx_word' id='word_1_710' title='bbox 1776 5027 1894 5079; x_wconf 76' lang='grc' dir='ltr'><strong>ἑπι-</strong></span> 
     </span>
    </p>
   </div>
   <div class='ocr_carea' id='block_1_97' title="bbox 314 5109 1887 5189">
    <p class='ocr_par' dir='ltr' id='par_1_97' title="bbox 314 5109 1887 5189">
     <span class='ocr_line' id='line_1_98' title="bbox 314 5109 1887 5189; baseline 0.006 -27"><span class='ocrx_word' id='word_1_711' title='bbox 314 5109 582 5181; x_wconf 80' lang='grc' dir='ltr'>τεύξησθε</span> <span class='ocrx_word' id='word_1_712' title='bbox 612 5109 715 5180; x_wconf 86' lang='grc' dir='ltr'>τῆς</span> <span class='ocrx_word' id='word_1_713' title='bbox 748 5110 1067 5181; x_wconf 78' lang='grc' dir='ltr'>ἐπιθυμίας.</span> <span class='ocrx_word' id='word_1_714' title='bbox 1113 5114 1342 5168; x_wconf 83' lang='grc' dir='ltr'>Κελεύει</span> <span class='ocrx_word' id='word_1_715' title='bbox 1385 5117 1565 5171; x_wconf 88' lang='grc' dir='ltr'>τοίνυν</span> <span class='ocrx_word' id='word_1_716' title='bbox 1613 5118 1887 5189; x_wconf 81' lang='grc' dir='ltr'>σιδηροδέ-</span> 
     </span>
    </p>
   </div>
   <div class='ocr_carea' id='block_1_98' title="bbox 313 5201 1891 5280">
    <p class='ocr_par' dir='ltr' id='par_1_98' title="bbox 313 5201 1891 5280">
     <span class='ocr_line' id='line_1_99' title="bbox 313 5201 1891 5280; baseline 0.006 -27"><span class='ocrx_word' id='word_1_717' title='bbox 313 5218 443 5264; x_wconf 78' lang='grc' dir='ltr'>τους</span> <span class='ocrx_word' id='word_1_718' title='bbox 470 5201 676 5280; x_wconf 67' lang='grc' dir='ltr'>αρτοὺς</span> <span class='ocrx_word' id='word_1_719' title='bbox 702 5204 1054 5273; x_wconf 84' lang='grc' dir='ltr'>γενομένους,</span> <span class='ocrx_word' id='word_1_720' title='bbox 1086 5205 1146 5257; x_wconf 79' lang='grc' dir='ltr'><strong>ὲν</strong></span> <span class='ocrx_word' id='word_1_721' title='bbox 1168 5206 1553 5278; x_wconf 73' lang='grc' dir='ltr'>ἀσφαλεστάτη</span> <span class='ocrx_word' id='word_1_722' title='bbox 1583 5210 1649 5277; x_wconf 79' lang='grc' dir='ltr'><strong>τῇ</strong></span> <span class='ocrx_word' id='word_1_723' title='bbox 1676 5211 1891 5280; x_wconf 81' lang='grc' dir='ltr'>φρουρᾷ</span> 
     </span>
    </p>
   </div>
   <div class='ocr_carea' id='block_1_99' title="bbox 317 5264 1893 5371">
    <p class='ocr_par' dir='ltr' id='par_1_99' title="bbox 317 5264 1893 5371">
     <span class='ocr_line' id='line_1_100' title="bbox 317 5264 1893 5371; baseline 0.006 -27"><span class='ocrx_word' id='word_1_724' title='bbox 317 5264 629 5362; x_wconf 58' lang='grc' dir='ltr'>τηρεΐέθαι.</span> <span class='ocrx_word' id='word_1_725' title='bbox 663 5264 926 5356; x_wconf 42' lang='lat' dir='ltr'><strong>Adusta-6s</strong></span> <span class='ocrx_word' id='word_1_726' title='bbox 970 5264 1103 5366; x_wconf 71' lang='grc' dir='ltr'>παρ’</span> <span class='ocrx_word' id='word_1_727' title='bbox 1144 5264 1276 5367; x_wconf 80' lang='grc' dir='ltr'>ὃλην</span> <span class='ocrx_word' id='word_1_728' title='bbox 1320 5264 1759 5368; x_wconf 51' lang='grc' dir='ltr'>διασκεῷάμεύος</span> <span class='ocrx_word' id='word_1_729' title='bbox 1793 5264 1893 5371; x_wconf 62' lang='grc' dir='ltr'>τ’ὴῦ</span> 
     </span>
    </p>
   </div>
   <div class='ocr_carea' id='block_1_100' title="bbox 318 5381 1889 5464">
    <p class='ocr_par' dir='ltr' id='par_1_100' title="bbox 318 5381 1889 5464">
     <span class='ocr_line' id='line_1_101' title="bbox 318 5381 1889 5464; baseline 0.006 -29"><span class='ocrx_word' id='word_1_730' title='bbox 318 5381 511 5450; x_wconf 68' lang='grc' dir='ltr'>νύκτα,</span> <span class='ocrx_word' id='word_1_731' title='bbox 540 5385 682 5456; x_wconf 84' lang='grc' dir='ltr'>ποίῳ</span> <span class='ocrx_word' id='word_1_732' title='bbox 706 5386 772 5439; x_wconf 82' lang='grc' dir='ltr'><strong>ἂν</strong></span> <span class='ocrx_word' id='word_1_733' title='bbox 799 5386 999 5450; x_wconf 74' lang='grc' dir='ltr'>αὐτοὺς</span> <span class='ocrx_word' id='word_1_734' title='bbox 1028 5387 1242 5462; x_wconf 77' lang='grc' dir='ltr'>διολέσῃ</span> <span class='ocrx_word' id='word_1_735' title='bbox 1270 5390 1508 5459; x_wconf 76' lang='grc' dir='ltr'>θανάτῳ,</span> <span class='ocrx_word' id='word_1_736' title='bbox 1534 5393 1751 5461; x_wconf 82' lang='grc' dir='ltr'>πρωῖας</span> <span class='ocrx_word' id='word_1_737' title='bbox 1788 5392 1889 5464; x_wconf 76' lang='grc' dir='ltr'>ἤδη</span> 
     </span>
    </p>
   </div>
   <div class='ocr_carea' id='block_1_101' title="bbox 316 5475 1893 5556">
    <p class='ocr_par' dir='ltr' id='par_1_101' title="bbox 316 5475 1893 5556">
     <span class='ocr_line' id='line_1_102' title="bbox 316 5475 1893 5556; baseline 0.007 -31"><span class='ocrx_word' id='word_1_738' title='bbox 316 5475 638 5546; x_wconf 78' lang='grc' dir='ltr'>γενομένης,</span> <span class='ocrx_word' id='word_1_739' title='bbox 672 5477 887 5531; x_wconf 85' lang='grc' dir='ltr'>κελεύει</span> <span class='ocrx_word' id='word_1_740' title='bbox 930 5477 1163 5547; x_wconf 82' lang='grc' dir='ltr'>κάμινον</span> <span class='ocrx_word' id='word_1_741' title='bbox 1216 5479 1548 5549; x_wconf 78' lang='grc' dir='ltr'>ὲξαφθείσαν</span> <span class='ocrx_word' id='word_1_742' title='bbox 1577 5482 1657 5536; x_wconf 85' lang='grc' dir='ltr'>ὅτι</span> <span class='ocrx_word' id='word_1_743' title='bbox 1692 5484 1893 5556; x_wconf 79' lang='grc' dir='ltr'>πολλὴν</span> 
     </span>
    </p>
   </div>
   <div class='ocr_carea' id='block_1_102' title="bbox 317 5565 1891 5643">
    <p class='ocr_par' dir='ltr' id='par_1_102' title="bbox 317 5565 1891 5643">
     <span class='ocr_line' id='line_1_103' title="bbox 317 5565 1891 5643; baseline 0.008 -26"><span class='ocrx_word' id='word_1_744' title='bbox 317 5566 445 5627; x_wconf 80' lang='grc' dir='ltr'>τοὺς</span> <span class='ocrx_word' id='word_1_745' title='bbox 473 5565 655 5631; x_wconf 72' lang='grc' dir='ltr'>θείους</span> <span class='ocrx_word' id='word_1_746' title='bbox 693 5567 988 5623; x_wconf 78' lang='grc' dir='ltr'>ὑπολαϐεῖν</span> <span class='ocrx_word' id='word_1_747' title='bbox 1036 5570 1340 5641; x_wconf 80' lang='grc' dir='ltr'>μάρτυρας,</span> <span class='ocrx_word' id='word_1_748' title='bbox 1401 5570 1541 5626; x_wconf 83' lang='grc' dir='ltr'>ὥστε</span> <span class='ocrx_word' id='word_1_749' title='bbox 1581 5573 1691 5628; x_wconf 88' lang='grc' dir='ltr'><strong>τῶν</strong></span> <span class='ocrx_word' id='word_1_750' title='bbox 1721 5574 1891 5643; x_wconf 85' lang='grc' dir='ltr'>ἁγίων</span> 
     </span>
    </p>
   </div>
   <div class='ocr_carea' id='block_1_103' title="bbox 318 5656 1889 5736">
    <p class='ocr_par' dir='ltr' id='par_1_103' title="bbox 318 5656 1889 5736">
     <span class='ocr_line' id='line_1_104' title="bbox 318 5656 1889 5736; baseline 0.005 -28"><span class='ocrx_word' id='word_1_751' title='bbox 318 5656 505 5709; x_wconf 86' lang='grc' dir='ltr'>αὐτῶν</span> <span class='ocrx_word' id='word_1_752' title='bbox 532 5661 806 5728; x_wconf 74' lang='grc' dir='ltr'>σωμάτων</span> <span class='ocrx_word' id='word_1_753' title='bbox 827 5661 1012 5715; x_wconf 87' lang='grc' dir='ltr'>τέλεον</span> <span class='ocrx_word' id='word_1_754' title='bbox 1046 5661 1559 5732; x_wconf 77' lang='grc' dir='ltr'>ἐκδαπανηθέντων,</span> <span class='ocrx_word' id='word_1_755' title='bbox 1596 5665 1729 5736; x_wconf 81' lang='grc' dir='ltr'>μηδὲ</span> <span class='ocrx_word' id='word_1_756' title='bbox 1760 5666 1889 5735; x_wconf 82' lang='grc' dir='ltr'>χοῦν</span> 
     </span>
    </p>
   </div>
   <div class='ocr_carea' id='block_1_104' title="bbox 322 5747 1888 5826">
    <p class='ocr_par' dir='ltr' id='par_1_104' title="bbox 322 5747 1888 5826">
     <span class='ocr_line' id='line_1_105' title="bbox 322 5747 1888 5826; baseline 0.006 -24"><span class='ocrx_word' id='word_1_757' title='bbox 322 5747 720 5819; x_wconf 70' lang='grc' dir='ltr'>ὑπολειφθῆναι</span> <span class='ocrx_word' id='word_1_758' title='bbox 758 5754 1123 5822; x_wconf 72' lang='grc' dir='ltr'>Χριστιανοῖς,</span> <span class='ocrx_word' id='word_1_759' title='bbox 1163 5755 1328 5808; x_wconf 73' lang='grc' dir='ltr'>πόθου</span> <span class='ocrx_word' id='word_1_760' title='bbox 1374 5757 1470 5810; x_wconf 80' lang='grc' dir='ltr'>τοῦ</span> <span class='ocrx_word' id='word_1_761' title='bbox 1514 5757 1648 5826; x_wconf 67' lang='grc' dir='ltr'>πρδς</span> <span class='ocrx_word' id='word_1_762' title='bbox 1693 5759 1888 5822; x_wconf 75' lang='grc' dir='ltr'>αὐτοὺς</span> 
     </span>
    </p>
   </div>
   <div class='ocr_carea' id='block_1_105' title="bbox 1995 4571 3557 4645">
    <p class='ocr_par' dir='ltr' id='par_1_105' title="bbox 1995 4571 3557 4645">
     <span class='ocr_line' id='line_1_106' title="bbox 1995 4571 3557 4645; baseline 0.002 -20"><span class='ocrx_word' id='word_1_763' title='bbox 1995 4586 2098 4641; x_wconf 88' lang='lat' dir='ltr'><strong>pro</strong></span> <span class='ocrx_word' id='word_1_764' title='bbox 2151 4571 2416 4626; x_wconf 87' lang='lat' dir='ltr'><strong>Christo?</strong></span> <span class='ocrx_word' id='word_1_765' title='bbox 2462 4571 2567 4627; x_wconf 87' lang='lat' dir='ltr'><strong>Fac</strong></span> <span class='ocrx_word' id='word_1_766' title='bbox 2607 4587 2739 4642; x_wconf 87' lang='lat' dir='ltr'><strong>ergo</strong></span> <span class='ocrx_word' id='word_1_767' title='bbox 2799 4572 2909 4626; x_wconf 88' lang='lat' dir='ltr'><strong>cito</strong></span> <span class='ocrx_word' id='word_1_768' title='bbox 2954 4572 3029 4638; x_wconf 92' lang='lat' dir='ltr'><strong>id,</strong></span> <span class='ocrx_word' id='word_1_769' title='bbox 3094 4573 3241 4642; x_wconf 89' lang='lat' dir='ltr'><strong>quod</strong></span> <span class='ocrx_word' id='word_1_770' title='bbox 3271 4581 3388 4629; x_wconf 90' lang='lat' dir='ltr'><strong>ate</strong></span> <span class='ocrx_word' id='word_1_771' title='bbox 3445 4574 3557 4645; x_wconf 90' lang='lat' dir='ltr'><strong>jam</strong></span> 
     </span>
    </p>
   </div>
   <div class='ocr_carea' id='block_1_106' title="bbox 1995 4661 3561 4733">
    <p class='ocr_par' dir='ltr' id='par_1_106' title="bbox 1995 4661 3561 4733">
     <span class='ocr_line' id='line_1_107' title="bbox 1995 4661 3561 4733; baseline 0.002 -17"><span class='ocrx_word' id='word_1_772' title='bbox 1995 4661 2424 4733; x_wconf 88' lang='lat' dir='ltr'><strong>estjudicatum.</strong></span> <span class='ocrx_word' id='word_1_773' title='bbox 2481 4662 2593 4717; x_wconf 87' lang='lat' dir='ltr'><strong>Nos</strong></span> <span class='ocrx_word' id='word_1_774' title='bbox 2646 4662 2793 4717; x_wconf 90' lang='lat' dir='ltr'><strong>enim</strong></span> <span class='ocrx_word' id='word_1_775' title='bbox 2840 4672 3122 4732; x_wconf 77' lang='lat' dir='ltr'><strong>exspectat</strong></span> <span class='ocrx_word' id='word_1_776' title='bbox 3175 4664 3379 4720; x_wconf 88' lang='lat' dir='ltr'><strong>chorus</strong></span> <span class='ocrx_word' id='word_1_777' title='bbox 3434 4680 3561 4721; x_wconf 87' lang='lat' dir='ltr'><strong>san-</strong></span> 
     </span>
    </p>
   </div>
   <div class='ocr_carea' id='block_1_107' title="bbox 1996 4752 3562 4827">
    <p class='ocr_par' dir='ltr' id='par_1_107' title="bbox 1996 4752 3562 4827">
     <span class='ocr_line' id='line_1_108' title="bbox 1996 4752 3562 4827; baseline 0.002 -19"><span class='ocrx_word' id='word_1_778' title='bbox 1996 4762 2207 4808; x_wconf 89' lang='lat' dir='ltr'><strong>ctorum</strong></span> <span class='ocrx_word' id='word_1_779' title='bbox 2237 4772 2250 4809; x_wconf 92' lang='lat'><strong>:</strong></span> <span class='ocrx_word' id='word_1_780' title='bbox 2292 4761 2355 4806; x_wconf 88' lang='lat' dir='ltr'><strong>ut</strong></span> <span class='ocrx_word' id='word_1_781' title='bbox 2390 4752 2555 4809; x_wconf 89' lang='lat' dir='ltr'><strong>etiam</strong></span> <span class='ocrx_word' id='word_1_782' title='bbox 2596 4753 2769 4824; x_wconf 89' lang='lat' dir='ltr'><strong>magis</strong></span> <span class='ocrx_word' id='word_1_783' title='bbox 2800 4755 2899 4810; x_wconf 90' lang='lat' dir='ltr'><strong>tibi</strong></span> <span class='ocrx_word' id='word_1_784' title='bbox 2934 4771 3163 4826; x_wconf 87' lang='lat' dir='ltr'><strong>agamus</strong></span> <span class='ocrx_word' id='word_1_785' title='bbox 3197 4756 3403 4826; x_wconf 79' lang='lat' dir='ltr'><strong>gratias</strong></span> <span class='ocrx_word' id='word_1_786' title='bbox 3433 4773 3562 4827; x_wconf 84' lang='lat' dir='ltr'><strong>pro-</strong></span> 
     </span>
    </p>
   </div>
   <div class='ocr_carea' id='block_1_108' title="bbox 1993 4844 3052 4914">
    <p class='ocr_par' dir='ltr' id='par_1_108' title="bbox 1993 4844 3052 4914">
     <span class='ocr_line' id='line_1_109' title="bbox 1993 4844 3052 4914; baseline 0 -16"><span class='ocrx_word' id='word_1_787' title='bbox 1993 4854 2119 4914; x_wconf 90' lang='lat' dir='ltr'><strong>pter</strong></span> <span class='ocrx_word' id='word_1_788' title='bbox 2146 4844 2382 4900; x_wconf 89' lang='lat' dir='ltr'><strong>celerem</strong></span> <span class='ocrx_word' id='word_1_789' title='bbox 2413 4855 2971 4902; x_wconf 83' lang='lat' dir='ltr'><strong>consummattonem.</strong></span> <span class='ocrx_word' id='word_1_790' title='bbox 3048 4890 3052 4898; x_wconf 46' lang='grc' dir='ltr'>λ</span> 
     </span>
    </p>
   </div>
   <div class='ocr_carea' id='block_1_109' title="bbox 2069 4934 3562 5007">
    <p class='ocr_par' dir='ltr' id='par_1_109' title="bbox 2069 4934 3562 5007">
     <span class='ocr_line' id='line_1_110' title="bbox 2069 4934 3562 5007; baseline 0.005 -19"><span class='ocrx_word' id='word_1_791' title='bbox 2069 4934 2184 4988; x_wconf 83' lang='lat' dir='ltr'><strong>XX.</strong></span> <span class='ocrx_word' id='word_1_792' title='bbox 2215 4934 2311 4988; x_wconf 91' lang='lat' dir='ltr'><strong>llle</strong></span> <span class='ocrx_word' id='word_1_793' title='bbox 2340 4943 2520 4989; x_wconf 89' lang='lat' dir='ltr'><strong>autem</strong></span> <span class='ocrx_word' id='word_1_794' title='bbox 2561 4934 2811 5005; x_wconf 86' lang='lat' dir='ltr'><strong>deposita</strong></span> <span class='ocrx_word' id='word_1_795' title='bbox 2842 4946 3096 5007; x_wconf 88' lang='lat' dir='ltr'><strong>persona,</strong></span> <span class='ocrx_word' id='word_1_796' title='bbox 3150 4947 3205 4993; x_wconf 90' lang='lat' dir='ltr'><strong>et</strong></span> <span class='ocrx_word' id='word_1_797' title='bbox 3239 4940 3359 4994; x_wconf 83' lang='lat' dir='ltr'><strong>ﬁcta</strong></span> <span class='ocrx_word' id='word_1_798' title='bbox 3386 4941 3562 4996; x_wconf 89' lang='lat' dir='ltr'><strong>ablata</strong></span> 
     </span>
    </p>
   </div>
   <div class='ocr_carea' id='block_1_110' title="bbox 1994 5025 3563 5103">
    <p class='ocr_par' dir='ltr' id='par_1_110' title="bbox 1994 5025 3563 5103">
     <span class='ocr_line' id='line_1_111' title="bbox 1994 5025 3563 5103; baseline 0.004 -23"><span class='ocrx_word' id='word_1_799' title='bbox 1994 5025 2461 5082; x_wconf 88' lang='lat' dir='ltr'><strong>mansuetudine:</strong></span> <span class='ocrx_word' id='word_1_800' title='bbox 2496 5026 2614 5081; x_wconf 90' lang='lat' dir='ltr'><strong>Non</strong></span> <span class='ocrx_word' id='word_1_801' title='bbox 2665 5043 2763 5097; x_wconf 87' lang='lat' dir='ltr'><strong>per</strong></span> <span class='ocrx_word' id='word_1_802' title='bbox 2803 5029 2957 5097; x_wconf 89' lang='lat' dir='ltr'><strong>deos,</strong></span> <span class='ocrx_word' id='word_1_803' title='bbox 3006 5030 3207 5103; x_wconf 89' lang='lat' dir='ltr'><strong>inquit,</strong></span> <span class='ocrx_word' id='word_1_804' title='bbox 3261 5041 3373 5087; x_wconf 82' lang='lat' dir='ltr'><strong>non‘</strong></span> <span class='ocrx_word' id='word_1_805' title='bbox 3414 5048 3563 5087; x_wconf 86' lang='lat' dir='ltr'><strong>asse-</strong></span> 
     </span>
    </p>
   </div>
   <div class='ocr_carea' id='block_1_111' title="bbox 1994 5115 3562 5195">
    <p class='ocr_par' dir='ltr' id='par_1_111' title="bbox 1994 5115 3562 5195">
     <span class='ocr_line' id='line_1_112' title="bbox 1994 5115 3562 5195; baseline 0.001 -22"><span class='ocrx_word' id='word_1_806' title='bbox 1994 5116 2239 5188; x_wconf 87' lang='lat' dir='ltr'><strong>quemini</strong></span> <span class='ocrx_word' id='word_1_807' title='bbox 2276 5115 2353 5184; x_wconf 92' lang='lat' dir='ltr'><strong>id,</strong></span> <span class='ocrx_word' id='word_1_808' title='bbox 2388 5117 2532 5187; x_wconf 91' lang='lat' dir='ltr'><strong>quod</strong></span> <span class='ocrx_word' id='word_1_809' title='bbox 2565 5116 2910 5177; x_wconf 84' lang='lat' dir='ltr'><strong>desideratis.</strong></span> <span class='ocrx_word' id='word_1_810' title='bbox 2938 5121 3104 5179; x_wconf 89' lang='lat' dir='ltr'><strong>Jubet</strong></span> <span class='ocrx_word' id='word_1_811' title='bbox 3134 5139 3264 5195; x_wconf 84' lang='lat' dir='ltr'><strong>ergo</strong></span> <span class='ocrx_word' id='word_1_812' title='bbox 3292 5132 3410 5189; x_wconf 80' lang='lat' dir='ltr'><strong>eos,</strong></span> <span class='ocrx_word' id='word_1_813' title='bbox 3438 5138 3562 5176; x_wconf 90' lang='lat' dir='ltr'><strong>cum</strong></span> 
     </span>
    </p>
   </div>
   <div class='ocr_carea' id='block_1_112' title="bbox 1993 5206 3559 5276">
    <p class='ocr_par' dir='ltr' id='par_1_112' title="bbox 1993 5206 3559 5276">
     <span class='ocr_line' id='line_1_113' title="bbox 1993 5206 3559 5276; baseline 0.005 -14"><span class='ocrx_word' id='word_1_814' title='bbox 1993 5207 2200 5263; x_wconf 76' lang='lat' dir='ltr'><strong>iuerint</strong></span> <span class='ocrx_word' id='word_1_815' title='bbox 2222 5206 2375 5267; x_wconf 77' lang='lat' dir='ltr'><strong>ferro.</strong></span> <span class='ocrx_word' id='word_1_816' title='bbox 2404 5209 2595 5276; x_wconf 90' lang='lat' dir='ltr'><strong>vincti,</strong></span> <span class='ocrx_word' id='word_1_817' title='bbox 2632 5210 2688 5266; x_wconf 89' lang='lat' dir='ltr'><strong>in</strong></span> <span class='ocrx_word' id='word_1_818' title='bbox 2744 5213 3019 5268; x_wconf 89' lang='lat' dir='ltr'><strong>tutissima</strong></span> <span class='ocrx_word' id='word_1_819' title='bbox 3054 5216 3262 5270; x_wconf 85' lang='lat' dir='ltr'><strong>servari</strong></span> <span class='ocrx_word' id='word_1_820' title='bbox 3290 5216 3559 5271; x_wconf 86' lang='lat' dir='ltr'><strong>custodia.</strong></span> 
     </span>
    </p>
   </div>
   <div class='ocr_carea' id='block_1_113' title="bbox 1992 5302 3563 5379">
    <p class='ocr_par' dir='ltr' id='par_1_113' title="bbox 1992 5302 3563 5379">
     <span class='ocr_line' id='line_1_114' title="bbox 1992 5302 3563 5379; baseline 0.006 -23"><span class='ocrx_word' id='word_1_821' title='bbox 1992 5302 2114 5372; x_wconf 90' lang='lat' dir='ltr'><strong>lpse</strong></span> <span class='ocrx_word' id='word_1_822' title='bbox 2139 5311 2324 5358; x_wconf 90' lang='lat' dir='ltr'><strong>autem</strong></span> <span class='ocrx_word' id='word_1_823' title='bbox 2358 5317 2482 5358; x_wconf 91' lang='lat' dir='ltr'><strong>cum</strong></span> <span class='ocrx_word' id='word_1_824' title='bbox 2515 5312 2626 5360; x_wconf 89' lang='lat' dir='ltr'><strong>tota</strong></span> <span class='ocrx_word' id='word_1_825' title='bbox 2655 5314 2817 5362; x_wconf 90' lang='lat' dir='ltr'><strong>nocte</strong></span> <span class='ocrx_word' id='word_1_826' title='bbox 2854 5307 3281 5373; x_wconf 67' lang='lat' dir='ltr'><strong>Considerasset,</strong></span> <span class='ocrx_word' id='word_1_827' title='bbox 3327 5324 3563 5379; x_wconf 88' lang='lat' dir='ltr'><strong>quanam</strong></span> 
     </span>
    </p>
   </div>
   <div class='ocr_carea' id='block_1_114' title="bbox 1993 5392 3566 5471">
    <p class='ocr_par' dir='ltr' id='par_1_114' title="bbox 1993 5392 3566 5471">
     <span class='ocr_line' id='line_1_115' title="bbox 1993 5392 3566 5471; baseline 0.007 -25"><span class='ocrx_word' id='word_1_828' title='bbox 1993 5400 2170 5448; x_wconf 88' lang='lat' dir='ltr'><strong>morte</strong></span> <span class='ocrx_word' id='word_1_829' title='bbox 2202 5407 2300 5448; x_wconf 88' lang='lat' dir='ltr'><strong>eos</strong></span> <span class='ocrx_word' id='word_1_830' title='bbox 2332 5392 2594 5459; x_wconf 67' lang='lat' dir='ltr'><strong>adiceret,</strong></span> <span class='ocrx_word' id='word_1_831' title='bbox 2631 5409 2792 5451; x_wconf 91' lang='lat' dir='ltr'><strong>mane</strong></span> <span class='ocrx_word' id='word_1_832' title='bbox 2820 5394 2977 5467; x_wconf 86' lang='lat' dir='ltr'><strong>jubet</strong></span> <span class='ocrx_word' id='word_1_833' title='bbox 3006 5397 3061 5452; x_wconf 91' lang='lat' dir='ltr'><strong>iu</strong></span> <span class='ocrx_word' id='word_1_834' title='bbox 3101 5397 3385 5453; x_wconf 81' lang='lat' dir='ltr'><strong>fornacem</strong></span> <span class='ocrx_word' id='word_1_835' title='bbox 3421 5400 3566 5471; x_wconf 83' lang='lat' dir='ltr'><strong>ignis</strong></span> 
     </span>
    </p>
   </div>
   <div class='ocr_carea' id='block_1_115' title="bbox 1992 5482 3563 5556">
    <p class='ocr_par' dir='ltr' id='par_1_115' title="bbox 1992 5482 3563 5556">
     <span class='ocr_line' id='line_1_116' title="bbox 1992 5482 3563 5556; baseline 0.004 -18"><span class='ocrx_word' id='word_1_836' title='bbox 1992 5482 2277 5538; x_wconf 91' lang='lat' dir='ltr'><strong>ardentem</strong></span> <span class='ocrx_word' id='word_1_837' title='bbox 2310 5482 2527 5540; x_wconf 87' lang='lat' dir='ltr'><strong>divinos</strong></span> <span class='ocrx_word' id='word_1_838' title='bbox 2550 5485 2733 5553; x_wconf 88' lang='lat' dir='ltr'><strong>jacere</strong></span> <span class='ocrx_word' id='word_1_839' title='bbox 2766 5495 3054 5556; x_wconf 88' lang='lat' dir='ltr'><strong>martyres,</strong></span> <span class='ocrx_word' id='word_1_840' title='bbox 3085 5498 3144 5542; x_wconf 89' lang='lat' dir='ltr'><strong>ut</strong></span> <span class='ocrx_word' id='word_1_841' title='bbox 3174 5490 3403 5545; x_wconf 90' lang='lat' dir='ltr'><strong>omnino</strong></span> <span class='ocrx_word' id='word_1_842' title='bbox 3430 5506 3563 5545; x_wconf 90' lang='lat' dir='ltr'><strong>cou-</strong></span> 
     </span>
    </p>
   </div>
   <div class='ocr_carea' id='block_1_116' title="bbox 1993 5576 3566 5653">
    <p class='ocr_par' dir='ltr' id='par_1_116' title="bbox 1993 5576 3566 5653">
     <span class='ocr_line' id='line_1_117' title="bbox 1993 5576 3566 5653; baseline 0.003 -22"><span class='ocrx_word' id='word_1_843' title='bbox 1993 5576 2225 5645; x_wconf 90' lang='lat' dir='ltr'><strong>sumptis</strong></span> <span class='ocrx_word' id='word_1_844' title='bbox 2252 5577 2457 5631; x_wconf 88' lang='lat' dir='ltr'><strong>sanctis</strong></span> <span class='ocrx_word' id='word_1_845' title='bbox 2485 5591 2675 5631; x_wconf 87' lang='lat' dir='ltr'><strong>eorum</strong></span> <span class='ocrx_word' id='word_1_846' title='bbox 2733 5578 3078 5647; x_wconf 85' lang='lat' dir='ltr'><strong>corporibus,</strong></span> <span class='ocrx_word' id='word_1_847' title='bbox 3135 5596 3201 5636; x_wconf 91' lang='lat' dir='ltr'><strong>ne</strong></span> <span class='ocrx_word' id='word_1_848' title='bbox 3252 5583 3392 5637; x_wconf 87' lang='lat' dir='ltr'><strong>ciuis</strong></span> <span class='ocrx_word' id='word_1_849' title='bbox 3444 5584 3566 5653; x_wconf 89' lang='lat' dir='ltr'><strong>qui-</strong></span> 
     </span>
    </p>
   </div>
   <div class='ocr_carea' id='block_1_117' title="bbox 1993 5666 3573 5735">
    <p class='ocr_par' dir='ltr' id='par_1_117' title="bbox 1993 5666 3573 5735">
     <span class='ocr_line' id='line_1_118' title="bbox 1993 5666 3573 5735; baseline 0.006 -14"><span class='ocrx_word' id='word_1_850' title='bbox 1993 5668 2116 5722; x_wconf 89' lang='lat' dir='ltr'><strong>dem</strong></span> <span class='ocrx_word' id='word_1_851' title='bbox 2172 5666 2576 5735; x_wconf 89' lang='lat' dir='ltr'><strong>relinqueretur</strong></span> <span class='ocrx_word' id='word_1_852' title='bbox 2623 5666 2951 5724; x_wconf 84' lang='lat' dir='ltr'><strong>Christianis</strong></span> <span class='ocrx_word' id='word_1_853' title='bbox 2982 5672 3236 5726; x_wconf 88' lang='lat' dir='ltr'><strong>dcsiderii</strong></span> <span class='ocrx_word' id='word_1_854' title='bbox 3286 5674 3368 5727; x_wconf 88' lang='lat' dir='ltr'><strong>sui</strong></span> <span class='ocrx_word' id='word_1_855' title='bbox 3420 5675 3573 5730; x_wconf 78' lang='lat' dir='ltr'><strong>sola-</strong></span> 
     </span>
    </p>
   </div>
   <div class='ocr_carea' id='block_1_118' title="bbox 1996 5756 3581 5833">
    <p class='ocr_par' dir='ltr' id='par_1_118' title="bbox 1996 5756 3581 5833">
     <span class='ocr_line' id='line_1_119' title="bbox 1996 5756 3581 5833; baseline 0.009 -22"><span class='ocrx_word' id='word_1_856' title='bbox 1996 5759 2149 5812; x_wconf 86' lang='lat' dir='ltr'><strong>tium.</strong></span> <span class='ocrx_word' id='word_1_857' title='bbox 2185 5756 2286 5821; x_wconf 88' lang='lat' dir='ltr'><strong>Qui</strong></span> <span class='ocrx_word' id='word_1_858' title='bbox 2344 5773 2467 5811; x_wconf 90' lang='lat' dir='ltr'><strong>cum</strong></span> <span class='ocrx_word' id='word_1_859' title='bbox 2501 5772 2621 5811; x_wconf 76' lang='lat' dir='ltr'><strong>mox</strong></span> <span class='ocrx_word' id='word_1_860' title='bbox 2679 5759 2861 5815; x_wconf 82' lang='lat' dir='ltr'><strong>eduCti</strong></span> <span class='ocrx_word' id='word_1_861' title='bbox 2913 5763 3137 5819; x_wconf 77' lang='lat' dir='ltr'><strong>fuissent</strong></span> <span class='ocrx_word' id='word_1_862' title='bbox 3202 5782 3229 5820; x_wconf 87' lang='lat' dir='ltr'><strong>e</strong></span> <span class='ocrx_word' id='word_1_863' title='bbox 3286 5767 3581 5833; x_wconf 45' lang='lat' dir='ltr'><strong>custodias.</strong></span> 
     </span>
    </p>
   </div>
  </div>
