4066 6372
509 345 576 410 31
1767 332 2051 394 MENSIS
2090 333 2528 395 NOVEMBER.
3608 398 3612 403 ,
3682 336 3756 398 32

511 464 596 520 eis
630 475 827 532 magna
861 470 991 512 voce
1037 450 1360 510 acclamavit
1394 458 1696 522 tyrannus:
1748 449 1888 504 Ecce
1945 462 2082 518 pra:-

2189 445 2562 516 παραμύθιον.
2598 439 2696 501 Ὧν
2748 448 2888 502 κατὰ
2937 448 3100 518 τάχος
3155 447 3488 518 ἐνεχθέντων
3517 449 3624 503 ἀπὸ
3662 453 3762 521 τῆς

513 554 623 609 mia
660 561 852 606 vestra:
888 543 1296 609 inobedientize,
1349 541 1646 598 ostendens
1676 556 1842 595 manu
1893 539 2078 594 forna-

513 657 655 702 cem,
691 653 852 708 quam
883 635 1066 688 nullus
1093 633 1257 693 alius.
1285 633 1382 687 sed
1414 647 1512 686 vos
1545 632 1702 686 vobis
1726 631 1858 700 ipsis
1889 643 2084 684 accen—

513 729 690 784 distis.
717 727 1035 796 Acindynus
1067 739 1202 793 ergo
1234 724 1428 777 beatus
1469 721 1676 776 Christi
1716 729 1922 790 martyr
1955 735 2080 774 cum

515 818 898 876 intellexisset,
929 831 1093 885 quam
1145 823 1296 870 esset
1328 813 1636 868 malitiosus
1669 820 1722 866 et
1778 810 2083 880 versipellis

516 919 819 981 tyrannus:
886 909 1070 970 Forte,
1112 907 1310 976 inquit,
1367 904 1684 974 prophetico
1724 903 1823 956 tibi
1875 916 2076 956 nomen

516 1001 778 1071 imposuit
836 1011 1028 1064 mater,
1081 997 1134 1052 id
1183 996 1330 1052 enim
1365 1005 1572 1065 patrem
1631 995 1942 1048 dzcmonum
2005 993 2082 1049 si-

515 1093 758 1163 gniﬁcat.
784 1091 863 1144 Tu
894 1099 1075 1143 autem
1128 1104 1236 1142 non
1296 1099 1451 1157 pater
1490 1087 1820 1150 dmmonum,
1876 1085 1970 1140 sed
2025 1101 2084 1140 es

515 1191 703 1251 aperte
743 1181 885 1235 ﬁlius
926 1182 1064 1252 ejus,
1121 1180 1213 1249 qui
1255 1179 1358 1233 fuit
1407 1177 1679 1231 homicida
1737 1178 1806 1232 ab
1871 1177 2080 1231 initio:

516 1273 772 1341 quoniam
816 1271 932 1340 ejus
979 1285 1146 1339 opera
1218 1269 1471 1340 imitaris,
1519 1278 1578 1322 ut
1648 1269 1739 1338 qui
1800 1268 2084 1323 hominum

518 1362 804 1430 sanguine,
835 1362 976 1414 sicut
1031 1361 1167 1429 ipse,
1228 1360 1538 1415 delecteris.
1594 1360 1696 1422 Ille,
1739 1377 1891 1426 vero,
1927 1375 2084 1416 ‘cum

519 1451 670 1503 verbi
712 1449 1014 1504 acccrbitas
1043 1451 1161 1519 ejus
1224 1451 1469 1504 animum
1520 1452 1924 1516 momordisset,
1969 1468 2086 1506 ma-

518 1553 600 1596 tre
639 1558 736 1595 sua
780 1543 1043 1597 accersita
1085 1561 1096 1596 :
1131 1543 1272 1609 Quid
1333 1545 1488 1609 mihi,
1535 1546 1742 1615 inquit,
1794 1561 1827 1599 ο
1884 1555 2080 1611 mater,

522 1643 718 1681 nomen
749 1627 852 1681 sibi
889 1629 1048 1682 vult?
1100 1630 1194 1682 Illa
1247 1641 1428 1685 autem
1464 1651 1476 1686 :
1532 1633 1678 1696 Scio,
1714 1634 1912 1704 inquit,
1979 1634 2086 1689 hoc

518 1732 639 1770 esse
709 1718 803 1771 tibi
843 1727 1154 1787 paternum.
1189 1721 1458 1787 Quidnam
1489 1739 1620 1778 vero
1671 1727 1844 1794 possit
1873 1727 2080 1795 signiﬁ-

519 1822 665 1868 care,
702 1809 904 1861 nescio.
947 1807 1180 1878 Sapores
1214 1820 1395 1867 autem
1428 1833 1440 1866 :
1476 1814 1582 1870 Sed
1624 1815 1733 1878 isti,
1767 1817 1964 1886 inquit,
1993 1833 2084 1872 ca-

519 1899 860 1952 codmmones
898 1899 1089 1962 dicunt
1117 1903 1220 1956 hoc
1257 1904 1563 1974 signiﬁcare
1621 1917 1826 1974 patrem
1883 1906 2083 1961 daemo-

517 2004 670 2042 num.
716 1991 870 2056 Quod
921 1993 963 2046 si
1009 1994 1248 2049 habeant
1300 1999 1580 2050 veritatem
1612 1997 1667 2050 in
1702 1997 1804 2050 hoc
1830 1998 1932 2052 sibi
1973 1999 2085 2052 suf-

518 2081 840 2153 l‘ragantem,
887 2100 995 2138 non
1044 2086 1182 2150 illos,
1229 2087 1322 2141 sed
1377 2098 1426 2142 te
1467 2089 1618 2157 prius
1656 2091 1865 2144 tradam
1921 2079 2084 2146 morti

517 2174 747 2228 acerbae.
805 2175 898 2228 llla
935 2191 1066 2230 vero
1136 2178 1482 2235 subridens:
1540 2179 1821 2246 Omnino,
1883 2183 2082 2252 inquit,

518 2264 620 2318 nisi
651 2265 754 2319 hoc
799 2276 986 2333 aperte
1027 2278 1271 2332 nossent,
1319 2286 1427 2324 non
1475 2271 1549 2325 ita
1608 2272 1875 2327 auderent
1929 2274 2082 2343 loqui

518 2356 704 2410 multis
758 2359 1136 2426 praesentibus.
1169 2359 1305 2414 Hinc
1329 2361 1530 2416 factum
1589 2373 1672 2418 est
1722 2371 1782 2418 ut
1820 2366 1920 2430 ira,
1962 2381 2084 2435 qua:

516 2449 760 2502 cohiberi
789 2465 894 2503 non
927 2459 1159 2519 poterat,
1189 2453 1468 2509 invaderet
1502 2455 1647 2512 hunc
1667 2461 2080 2526 exsecrandum,

515 2539 810 2608 statimque
862 2554 984 2594 cum
1039 2542 1202 2596 simul
1251 2558 1376 2597 cum
1431 2545 1542 2600 Deo
1591 2561 1938 2604 communem
1989 2551 2087 2604 ab-

515 2641 769 2699 negasset
815 2641 1086 2698 naturam,
1123 2643 1178 2688 et
1209 2650 1311 2690 nec
1347 2637 1521 2705 ipsum
1557 2640 1813 2696 omnibus
1856 2643 2082 2698 charum

514 2736 714 2776 nomen
785 2724 973 2779 matris
1039 2735 1185 2780 esset
1252 2729 1541 2795 reveritus,
1609 2732 1755 2800 quod
1802 2733 1885 2786 vel
1952 2735 2086 2803 ipsis

514 2810 648 2866 feris
677 2821 732 2868 et
763 2815 1096 2870 animalibus
1137 2817 1368 2873 rationis
1396 2821 1712 2890 expertibus
1769 2822 1928 2878 aﬁ'ert
1991 2839 2080 2880 reo

514 2905 841 2969 verentiam,
876 2907 926 2960 ei
961 2923 1156 2964 manus
1203 2909 1397 2980 injicit,
1451 2927 1645 2966 manus
1673 2928 1706 2967 ο
1743 2912 1965 2983 (divina
1995 2915 2082 2985 ju-

511 2995 657 3050 stitia
681 2997 736 3066 ι)
771 2997 935 3052 homo
965 3001 1019 3052 in
1053 3009 1304 3068 matrem,
1326 3012 1382 3058 et
1415 3012 1644 3059 matrem
1670 3005 1779 3074 jam
1821 3007 2080 3074 vetulam,

2185 537 2452 608 φυλακῆς,
2483 538 2751 606 ἐπεφώνει
2797 539 3009 602 τούτοις
3068 541 3096 592 ὁ
3145 538 3428 611 τύραννος,
3494 541 3628 596 Ἰδοὺ
3659 543 3762 612 τῆς

2182 629 2468 692 ἀπειθείας
2490 630 2645 700 ὑμῶν
2695 632 2764 684 τά
2807 632 3085 702 ἐπίχειρα.
3117 631 3216 702 τὴν
3247 633 3478 702 κάμινον
3510 637 3574 704 τῇ
3613 635 3761 704 χειρὶ

2183 721 2419 785 δεικνὺς,
2451 723 2516 792 ἢν
2553 723 2726 786 οὐδεὶς
2771 724 2981 793 ἕτερος,
3019 725 3138 781 ἀλλ’
3199 725 3359 794 ὑμεῖς
3399 726 3614 790 ἑαυτοῖς
3645 726 3761 793 ἐξε-

2184 811 2447 866 καύσατε.
2513 812 2822 875 Ἀκίνδυνος
2855 813 3002 866 οὓνὸ
3053 814 3326 882 μακάριος
3377 815 3469 867 τοῦ
3517 815 3758 886 Χριστοῦ

2187 904 2417 972 μάρτυς.
2468 902 2528 956 τὸ
2573 902 2667 955 τοῦ
2700 905 2965 974 τυράννου
3010 905 3338 974 κακότεχνον
3383 905 3477 958 καὶ
3515 907 3758 962 ποικίλον

2188 992 2542 1063 καταμαθὼν,
2586 995 2739 1064 Τάχα
2783 995 3143 1065 προφητικῶς
3182 1012 3288 1060 σοι,
3325 998 3477 1065 φησὶ,
3519 997 3760 1068 τοῦνομα

2183 1085 2429 1138 τέθεικεν
2483 1087 2514 1155 ὴ
2573 1085 2834 1152 τεκοῦσα,
2861 1086 3075 1152 πατέρα
3108 1086 3212 1158 γὰρ
3268 1077 3544 1158 δαιμόνων
3601 1091 3763 1144 τοῦτο

2183 1177 2334 1244 δηλοῖ
2361 1193 2375 1208 ο
2408 1177 2471 1231 σὺ
2503 1177 2557 1230 δέ
2587 1177 2646 1230 οὐ
2677 1177 2861 1247 πατὴρ
2883 1177 3176 1246 δαιμόνων,
3203 1178 3318 1231 ἀλλ’
3349 1179 3464 1242 υἱὸς
3499 1179 3759 1251 ἄντικρυς

2181 1265 2253 1332 ei,
2285 1268 2377 1322 τοῦ
2409 1271 2644 1340 ἑξαρχῆς
2685 1269 3163 1340 άνθρωποκτὸνου,
3224 1271 3347 1323 ἐπεὶ
3396 1273 3493 1325 καλ⁵
3525 1273 3594 1324 τὰ
3624 1273 3762 1343 ἔργα

2154 1352 2375 1414 ⁵τούτου
2433 1360 2617 1429 ζηλοῖς
2673 1361 2903 1428 αἱμασιν
2960 1359 3264 1429 ἀνθρώπων
3309 1361 3517 1432 χαίρων
3569 1363 3763 1434 ῶσπερ

2185 1449 2368 1512 αὐτός.
2434 1449 2492 1502 Ὀ
2529 1449 2584 1503 δέ
2625 1448 2702 1519 τῷ
2749 1449 2933 1520 πικρῷ
2965 1449 3058 1502 τοῦ
3098 1451 3344 1520 ῥήματος
3396 1452 3613 1522 δηχθεὶς
3663 1454 3765 1524 τὴν

2183 1536 2380 1611 ψυχὴν,
2412 1541 2511 1612 τὴν
2535 1541 2727 1594 ἐαυτοῦ
2765 1540 2977 1612 μητέρα
3009 1542 3535 1612 μεταπεμψάμενος,
3575 1546 3639 1596 Τί
3670 1563 3760 1614 μοι

2186 1635 2342 1702 φησὶ,
2376 1633 2573 1701 μῆτερ,
2601 1633 2663 1684 τὸ
2701 1630 2871 1700 ὄνομα
2909 1631 3101 1699 δηλοῦν
3133 1631 3413 1701 βούλεται;
3458 1634 3520 1685 ’11
3560 1634 3615 1687 δὲ
3657 1653 3765 1688 πα-

2185 1722 2360 1793 τρῷον
2417 1723 2516 1792 μὲν
2554 1719 2670 1775 οῐδσι
2709 1719 2869 1774 τοῦτό
2915 1739 2997 1774 σοι
3027 1725 3316 1791 τυγχάνον,
3348 1723 3376 1776 ὃ
3426 1724 3482 1776 δὲ
3537 1725 3766 1780 δύναται

2193 1815 2479 1883 σημαίνειν
2500 1813 3077 1894 ἐπίσταμαιοῦδαμῶς.
3107 1817 3215 1869 Καὶ
3236 1819 3262 1868 ὁ
3302 1817 3602 1886 Σαπεῦριος,
3625 1818 3763 1870 Ἀλλ’

2190 1906 2238 1956 oi
2275 1889 2670 1973 κακοδαίμονες
2697 1896 2863 1970 οὗτοι,
2895 1907 3051 1974 φησὶ,
3085 1907 3294 1974 πατέρα
3329 1907 3547 1974 λέγουσι
3571 1909 3763 1976 δαιμό-

2191 2013 2296 2050 νων
2319 1995 2479 2049 τοῦτο
2516 1995 2729 2064 δηλοῦν,
2760 1996 2854 2048 καὶ
2886 1997 2951 2066 νὴ
2976 1996 3075 2067 τὴν
3109 1999 3250 2068 ἐμὴν
3279 1999 3578 2068 σωτηρίαν,
3615 2001 3667 2052 ετ
3700 2017 3763 2068 γε

2191 2086 2284 2138 καὶ
2310 2087 2408 2155 τὴν
2433 2086 2688 2155 ἀλήθειαν
2709 2087 2766 2138 ἐν
2791 2085 2964 2153 τούτῳ
2989 2086 3485 2158 συμφθεγγομένην
3519 2089 3762 2159 ἔχουσιν.

2190 2175 2290 2230 οὐκ
2321 2176 2588 2240 ἐκείνους,
2641 2176 2778 2230 ἀλλὰ
2827 2175 2886 2229 σὲ
2943 2178 3208 2248 πρότερον
3240 2179 3423 2250 πικρῷ
3452 2180 3762 2252 παραδώσω

2191 2263 2424 2334 θανάτῳ.
2457 2263 2521 2317 ’11
2554 2265 2608 2318 δέ
2634 2265 3090 2334 ὑπομειδιάσασα,
3132 2268 3356 2333 Πάντως
3381 2271 3431 2323 εί
3471 2272 3546 2341 μη
3585 2272 3764 2338 τοῦτο,

2190 2353 2319 2424 ἐφη,
2361 2356 2547 2423 σαφῶς
2593 2355 2808 2426 ᾔδεσαν,
2855 2357 2958 2409 οὐκ
3009 2357 3078 2411 ἂν
3115 2357 3290 2422 οὕτως
3345 2360 3614 2432 ἐθάρρουν
3660 2363 3765 2416 ὑπὸ

2192 2444 2408 2509 πολλοῖς
2443 2448 2555 2507 τοῖς
2586 2445 2901 2516 παρεστῶσι
2933 2447 3135 2501 λαλεῖν.
3170 2449 3352 2519 Θυμδς
3405 2451 3636 2523 ἄσχετος
3676 2455 3762 2517 ἐν·

2188 2535 2380 2588 τεῦθεν
2442 2535 2712 2617 λαμϐάνει
2760 2537 2850 2591 τὸν
2903 2537 3201 2608 βδελυρὸν,
3265 2545 3360 2594 καί
3418 2549 3764 2616 παραχρῆμα

2194 2625 2336 2693 μετὰ
2359 2624 2496 2678 Θεοῦ
2527 2629 2620 2680 καὶ
2649 2626 2747 2697 τὴν
2769 2627 2956 2698 κοινὴν
2976 2628 3144 2698 φύσιν
3175 2631 3639 2702 ἐξαρνησάμενος,
3671 2637 3768 2691 καὶ

2195 2717 2328 2788 μηδὲ
2377 2718 2511 2772 αὐτὸ
2539 2719 2602 2772 τὸ
2635 2721 2789 2788 φίλον
2841 2723 2977 2775 πᾶσι
3020 2722 3122 2792 τῆς
3172 2726 3378 2794 μητρὸς
3424 2725 3766 2798 δυσωπηθεῖς

2190 2810 2382 2880 δνομα,
2419 2809 2448 2863 ὃ
2488 2811 2582 2864 καὶ
2628 2813 2819 2883 θηρσὶν
2860 2813 2995 2868 αἰδῶ
3030 2816 3210 2884 φέρει,
3246 2815 3342 2868 καὶ
3381 2819 3492 2879 τοῖς
3527 2817 3764 2886 ἀλόγοις,

2191 2903 2380 2973 χεῖρας
2409 2902 2687 2956 ἐπιϐάλλει
2714 2903 2908 2976 ταύτῃ,
2933 2907 3141 2975 χεῖρας,
3187 2906 3232 2959 ὦ
3261 2906 3380 2960 θεία
3411 2906 3561 2978 δίκη,
3615 2911 3761 2962 κατὰ

2193 2997 2403 3066 μητρὸς
2465 2996 2752 3064 ἄνθρωπος
2797 2998 2894 3050 καὶ
2945 2998 3155 3068 μητρὸς
3197 3001 3436 3070 γηραιᾶς
3492 3001 3614 3072 ἥδη,
3669 3002 3766 3055 καὶ

511 3093 568 3139 et
594 3085 736 3142 ﬁlius
754 3090 912 3144 matri
940 3089 1190 3161 impingit
1208 3092 1440 3162 alapam,
1479 3095 1750 3165 egregiam
1769 3097 1819 3150 ei
1842 3097 2076 3154 reddens

2192 3085 2298 3152 πὺξ
2335 3085 2506 3157 αὐτὴν
2535 3088 2676 3140 κατὰ
2723 3087 2932 3159 κόρρης
2970 3090 3148 3153 παίει,
3188 3090 3332 3143 καλά
3372 3108 3436 3160 γε
3483 3093 3765 3155 ἀποδιδοὺς

512 3179 826 3234 mercedem
851 3182 1194 3247 nutritionis,
1223 3192 1320 3238 aut
1351 3185 1536 3254 potius
1563 3185 1820 3244 lubenter
1849 3188 2078 3257 dixeris,

512 3269 606 3339 qui
656 3271 921 3340 majorem
957 3273 1080 3342 jure
1115 3283 1235 3329 erat
1258 3275 1597 3343 redditurus,
1645 3279 1793 3348 quod
1836 3280 1924 3336 illa
1975 3283 2082 3338 tale

512 3360 716 3415 malum
783 3361 836 3416 in
893 3363 1070 3418 lucem
1109 3364 1366 3420 ediderit.
1423 3367 1518 3423 Illa
1556 3379 1739 3424 autem
1788 3371 2084 3439 procidens

511 3451 579 3505 ad
613 3451 781 3520 pedes
814 3461 1152 3514 sanctorum:
1200 3455 1428 3512 Servate
1480 3474 1654 3514 meam
1711 3471 2080 3532 senectutem,

511 3543 650 3597 dixit
679 3557 805 3598 cum
837 3545 1026 3600 multis
1060 3545 1342 3618 lacrymis.
1380 3549 1565 3619 ipsum
1595 3550 1766 3616 enim,
1809 3562 1869 3608 ut
1895 3554 2079 3622 video,

513 3633 795 3700 Satanam,
825 3635 977 3690 illum
1003 3638 1182 3708 ipsum
1212 3654 1314 3710 ego
1343 3641 1532 3712 genui.

583 3725 728 3781 XXI.
768 3729 864 3784 llle
895 3740 1080 3785 autem
1133 3732 1282 3786 illam
1329 3733 1745 3805 nibilipendens
1801 3744 1856 3792 et
1899 3739 2082 3808 repel-

513 3816 656 3880 lens.
719 3821 941 3877 intuens
984 3823 1053 3878 ad
1112 3834 1425 3896 martyres:
1500 3827 1711 3896 Vestra,
1765 3831 1963 3901 inquit,
2025 3831 2081 3886 in

517 3910 674 3965 malis
709 3915 1116 3982 perseverantia
1173 3915 1339 3971 elIicit
1383 3926 1442 3972 ut
1475 3918 1634 3974 vobis
1666 3920 1856 3976 fornax
1889 3937 2085 3978 accen-

515 4003 676 4056 datur
707 4005 963 4074 amplius.
998 4006 1082 4060 llli
1111 4023 1262 4077 vero,
1310 3991 1424 4065 Tua
1480 4019 1654 4066 mater
1678 4019 1700 4076 ,'
1754 4012 1928 4078 aiunt,
1991 4029 2088 4068 cu-

514 4110 588 4148 ra:
622 4095 717 4150 tibi
750 4097 823 4151 sit
853 4096 906 4150 in
959 4099 1271 4167 praesentia.
1301 4099 1440 4166 Quid
1471 4102 1617 4157 enim
1669 4103 1837 4158 animi
1883 4103 2084 4159 habea-

517 4201 662 4251 mus,
715 4189 824 4258 jam
872 4191 1006 4245 satis
1064 4206 1123 4245 es
1170 4201 1447 4262 expertus.
1511 4195 1800 4266 Tyrannus
1875 4206 2080 4252 autem:

515 4277 656 4344 Quid
707 4294 792 4341 ea,
829 4279 1025 4348 inquit,
1068 4282 1140 4334 sit
1172 4283 1306 4336 mihi
1340 4286 1527 4338 curae?
1556 4285 1613 4340 Si
1651 4287 1771 4353 tibi,
1805 4288 2082 4357 inquiunt,

519 4370 834 4425 remittetur
869 4372 1072 4435 scelus,
1136 4373 1229 4440 qui
1277 4373 1507 4443 injustas
1567 4391 1762 4430 manus
1797 4377 1852 4431 in
1883 4379 2081 4447 gipsam

2163 3178 2326 3248 αὐτῇ
2357 3177 2424 3231 τὰ
2461 3180 2712 3250 τροφεῖα,
2743 3181 2775 3251 ἢ
2819 3181 3024 3250 μᾶλλον
3062 3179 3219 3236 εἶπεν
3247 3183 3312 3237 ἄν
3339 3201 3422 3248 τις
3449 3184 3640 3255 ἡδέως.
3670 3187 3765 3239 καὶ

2187 3268 2367 3340 πολλῷ
2425 3268 2650 3339 μείζονα
2710 3270 2920 3333 δίκαιος
2969 3270 3045 3324 ῶν
3088 3273 3406 3338 ἀποδοῦναι,
3460 3275 3543 3328 δτι
3593 3275 3762 3326 κακὸν

2183 3359 2366 3430 ἐκείνη
2412 3360 2654 3414 τοιοῦτον
2694 3363 2772 3424 είς
2829 3363 2945 3430 φῶς
2986 3364 3242 3434 ἤνεγκεν.
3298 3363 3364 3417 ’11
3412 3365 3469 3417 δὲ
3513 3367 3625 3427 τοῖς
3655 3366 3763 3417 τῶν

2184 3452 2358 3519 ἁγίων
2401 3454 2530 3507 ποσὶ
2577 3453 3028 3525 προσδραμοῦσα,
3063 3455 3288 3509 Σώσατέ
3338 3474 3439 3524 μου
3476 3457 3534 3509 τὸ
3561 3457 3759 3527 γῆρας,

2185 3542 2313 3614 ἔφη,
2347 3543 2444 3597 σὺν
2477 3544 2689 3608 πολλοῖς
2713 3548 2826 3608 τοῖς
2849 3545 3112 3616 δάκρυσιν
3138 3564 3152 3578 ο
3184 3547 3351 3599 αὑτὸν
3385 3549 3494 3618 γάρ
3523 3549 3598 3610 ὡς
3627 3549 3762 3619 ὁρᾷν

2185 3636 2295 3705 ἐχω
2321 3636 2414 3690 τὸν
2446 3636 2714 3702 Σατανᾶν,
2753 3637 2918 3691 αὐτὸν
2950 3640 3161 3691 ἐκεῖνον
3209 3637 3319 3705 ἐγὼ
3356 3639 3688 3708 γεγέννηκα.

2257 3728 2388 3782 KA'.
2426 3726 2486 3781 '0
2517 3728 2574 3781 δὲ
2608 3729 2824 3799 ἐκείνην
2857 3729 3153 3794 ἐξουθενῶν
3187 3746 3243 3782 τε
3275 3732 3368 3782 καὶ
3403 3729 3763 3798 διωθούμενος

2185 3821 2392 3874 ἀπιδὼν
2442 3819 2582 3891 πρὸς
2629 3821 2754 3884 τοὺς
2789 3821 3094 3892 μάρτυρας,
3127 3823 3199 3874 Τὸ
3229 3823 3366 3893 πρδς
3412 3822 3511 3892 τὴν
3565 3823 3762 3875 κακίαν

2187 3914 2362 3982 ὑμῶν,
2395 3913 2525 3984 ἔφη,
2552 3914 2902 3984 παράμονον,
2933 3915 3029 3966 καὶ
3059 3914 3159 3983 τὴν
3183 3913 3416 3984 κάμινον
3447 3913 3542 3966 ἐπὶ
3576 3913 3763 3965 πλεῖον

2187 4007 2318 4077 ἡμῖν
2343 4005 2718 4076 ἐκπυροῦσθαι
2747 4006 3174 4074 παρεσκευάζει.
3193 4007 3255 4059 Οἱ
3287 4005 3366 4071 δὲ,
3388 4005 3468 4058 Τὰ
3504 4005 3629 4074 περὶ
3661 4003 3760 4072 τῆς

2191 4096 2419 4168 μητρὸς,
2455 4092 2634 4162 εἵπον,
2661 4099 2756 4167 τῆς
2782 4096 2877 4166 σῆς
2904 4096 2964 4149 τό
2993 4113 3054 4164 γε
3083 4097 3179 4150 νῦν
3211 4097 3373 4167 ἔχων,
3406 4095 3616 4166 μελέτω
3651 4110 3757 4154 σοι,

2186 4189 2341 4258 ἡμῶν
2375 4189 2471 4260 ήδη
2510 4189 2609 4260 τὴν
2637 4187 2863 4258 γνώμην
2893 4189 3041 4252 ὅπως
3070 4188 3207 4259 ἔχει,
3247 4189 3335 4243 διὰ
3376 4188 3572 4257 πείρας
3601 4187 3764 4256 άκρι-

2187 4273 2314 4337 ϐοῦς
2344 4274 2606 4344 ἔσχηκας.
2645 4277 2756 4329 Καὶ
2787 4279 2814 4328 ὁ
2846 4275 3109 4343 τύραννος
3134 4292 3150 4309 ⁸
3197 4277 3262 4328 Τί
3299 4276 3344 4328 δ’
3377 4278 3443 4331 ἄν
3491 4293 3582 4346 μοι
3612 4276 3763 4344 μέλοι

2186 4366 2314 4436 περὶ
2341 4367 2538 4436 αὐτῆςς
2568 4367 2629 4418 Εἰ
2657 4365 2992 4435 ἀφεθήσεταί
3027 4385 3129 4430 σοι,
3173 4361 3350 4432 εἷπον,
3399 4367 3458 4420 τὸ
3498 4367 3586 4420 ἐπ’
3625 4368 3761 4437 αὐτῇ

521 4469 748 4516 matrem
793 4463 1051 4516 intulisti.
1106 4461 1212 4518 Sed
1244 4464 1288 4517 si
1320 4480 1420 4532 pro
1475 4465 1609 4530 ﬁlio,
1661 4467 1861 4537 inquit,
1907 4482 2082 4524 mater

2190 4461 2450 4530 άνόμημα
2475 4459 2642 4528 μητρὶ
2695 4462 2882 4528 χεῖρας
2921 4457 3138 4522 ἀδίκους
3188 4458 3558 4514 ὲπιόαλλὸντι.
3618 4459 3762 4514 Ἀλλ’

518 4563 737 4625 precata
771 4554 955 4617 fuerit,
988 4555 1064 4608 dii
1096 4557 1201 4610 mei
1235 4556 1540 4627 ignoscent.
1567 4558 1657 4613 llla
1682 4569 1863 4614 autem
1897 4563 2086 4616 oculos

517 4647 701 4701 statim
740 4645 795 4699 in
827 4646 998 4700 altum
1035 4649 1252 4706 tollens:
1287 4649 1507 4704 Christe
1541 4650 1843 4720 unigenite,
1884 4652 2081 4721 inquit,

521 4737 612 4792 Dei
663 4737 808 4801 Filii,
858 4737 971 4793 ﬁlio
1001 4755 1125 4794 meo
1156 4755 1224 4795 ne
1255 4743 1523 4805 remittas,
1552 4757 1730 4810 neque
1765 4741 1818 4795 in
1854 4742 1956 4795 hoc
1980 4758 2084 4796 saa-

518 4829 666 4892 eulo,
698 4844 877 4900 neque
913 4829 968 4884 in
1010 4830 1218 4887 futuro.
1249 4832 1343 4887 Ille
1373 4840 1556 4886 autem
1611 4848 1802 4888 rursus
1838 4832 2082 4903 iniquus:

519 4917 723 4988 Longa,
754 4921 951 4992 inquit,
998 4932 1059 4976 ut
1091 4923 1328 4988 videtur,
1371 4933 1428 4980 et
1463 4925 1756 4980 multorum
1812 4940 2083 4980 annorum

519 5021 776 5067 senectus
823 5022 969 5068 tuam
1013 5021 1245 5070 mutavit
1299 5025 1353 5070 et
1400 5017 1646 5086 corrupit
1692 5011 1969 5082 mentem;
2030 5027 2087 5072 et

521 5102 646 5157 ideo
685 5113 793 5158 tam
825 5104 984 5159 facile
1019 5105 1298 5160 induceris
1346 5115 1406 5160 ut
1429 5107 1589 5161 nobis
1625 5108 1764 5162 male
1817 5109 2080 5178 preceris.

520 5189 603 5243 Ad
636 5190 749 5247 haec
779 5206 915 5246 anus
941 5191 1034 5246 illa
1069 5193 1326 5262 sapiens:
1368 5195 1472 5250 Sed
1502 5195 1546 5251 si
1577 5211 1702 5267 ego,
1733 5197 1932 5267 inquit,
1963 5213 2086 5268 qua:

524 5288 576 5334 te
605 5284 767 5352 genui
799 5299 918 5338 sum
954 5285 1112 5354 ineps
1146 5285 1367 5350 m'entis,
1405 5297 1461 5342 tu
1493 5289 1585 5358 qui
1618 5289 1686 5343 ab
1713 5302 1790 5345 ea‘
1826 5306 1886 5345 es
1928 5291 2087 5361 geni-

524 5376 633 5430 tus,
679 5371 952 5438 quomodo
1003 5372 1208 5428 salvam
1239 5383 1503 5442 mentem
1562 5376 1762 5432 habere
1808 5377 2087 5433 existima-

524 5459 720 5514 bcris?
763 5462 880 5516 Non
933 5481 1086 5535 ergo,
1131 5466 1309 5538 inquit
1358 5471 1642 5538 tyrannus,
1693 5467 1762 5522 ab
1803 5484 1890 5532 eo,
1941 5470 2086 5539 quod

524 5547 682 5604 decet
735 5550 1020 5608 aberravi:
1075 5556 1168 5626 qui
1220 5557 1340 5620 tibi,
1397 5573 1519 5628 qua:
1551 5571 1613 5614 es
1667 5557 1956 5627 ejusmodi.
2008 5568 2089 5612 ta-

522 5641 632 5691 lem
683 5639 842 5694 intuli
905 5643 1001 5697 tibi
1030 5647 1264 5714 alapam,
1314 5647 1622 5717 impingens
1671 5647 2084 5702 contumeliam.

524 5734 618 5788 Illa
649 5743 850 5800 autem,
902 5735 1020 5792 Tibi
1057 5757 1067 5789 :
1110 5739 1307 5808 inquit,
1345 5739 1629 5803 testiﬁcor,
1668 5741 1812 5808 quod
1845 5741 1962 5804 Dei,
1995 5743 2084 5812 qui

2187 4551 2326 4620 ὑπὲρ
2358 4547 2500 4614 υἱοῦ,
2531 4547 2660 4616 ἔφη,
2696 4547 2904 4617 μητρὸς
2935 4545 3262 4619 εὐξαμένης,
3300 4550 3349 4601 οί
3379 4549 3491 4602 θεοί
3523 4565 3616 4620 μοι
3638 4566 3766 4620 συγο

2186 4639 2659 4710 γνωμονήσουσιν.
2685 4638 2752 4690 Ἠ
2780 4637 2836 4690 δέ
2865 4637 3030 4700 εὐθὺς
3057 4639 3308 4709 τδδμμα
3339 4639 3475 4710 ὑψοῦ
3499 4641 3759 4712 διάρασα,

2185 4733 2315 4803 ἔφη,
2354 4732 2490 4785 Θεοῦ
2535 4732 2655 4797 παῖ,
2687 4727 2765 4800 τῷ
2796 4729 2913 4799 ἐμῷ
2941 4730 3042 4799 υίῴ
3085 4733 3162 4802 μὴ
3203 4733 3373 4802 ἀφῇς,
3413 4733 3550 4803 μήτε
3593 4736 3652 4786 ἐν
3682 4735 3762 4804 τῷ

2188 4825 2284 4877 νῦν
2329 4825 2487 4877 αίῶνι
2537 4824 2678 4893 μήτε
2709 4823 2766 4874 ἐν
2797 4820 2874 4891 τῷ
2925 4821 3199 4890 μέλλοντι.
3233 4825 3342 4876 Καὶ
3379 4828 3406 4878 ὁ
3448 4825 3763 4896 παράνομος

2186 4913 2364 4980 αὖθις,
2402 4915 2474 4978 ὡς
2517 4915 2714 4978 ἔοικεν,
2767 4910 2908 4978 εἷπε,
2947 4913 3019 4966 Τὸ
3074 4914 3284 4984 μακρὸν
3324 4915 3417 4968 τοῦ
3448 4917 3634 4986 γήρως
3668 4917 3762 4971 καὶ

2188 5008 2564 5078 πολυχρόνιον,
2607 5005 2893 5060 ἀλλοίωσίν
2932 5023 3014 5059 σοι
3050 5006 3161 5059 τῶν
3206 5007 3417 5076 φρενῶν
3440 5009 3758 5076 εἰργάσατο,

2188 5103 2281 5155 καὶ
2307 5103 2396 5156 διὰ
2438 5095 2606 5154 τοῦτο
2643 5099 2737 5152 καὶ
2781 5099 2916 5170 πρὸς
2957 5099 3055 5162 τὰς
3093 5099 3214 5153 καθ’
3241 5100 3397 5170 ἡμῶν
3425 5103 3564 5170 ἀράς
3587 5099 3762 5165 οὕτως

2181 5191 2428 5263 ἐὐχερῶς
2483 5191 2799 5262 ἐξηνέχθης.
2831 5194 2974 5262 Πρὸς
3022 5190 3196 5244 ταῦτα
3251 5191 3283 5260 ἡ
3332 5191 3527 5259 συνετὴ
3584 5192 3759 5261 γραῦς

2189 5286 2395 5356 ἐκείνη,
2437 5284 2576 5338 Ἀλλ’
2628 5284 2787 5354 εἴπερ
2833 5282 2968 5352 ἐγὼ,
3027 5283 3216 5352 φησὶν,
3275 5283 3308 5352 ἡ
3377 5283 3757 5352 γεννησαμένη

2192 5377 2405 5448 φρενῶν
2428 5375 2629 5444 ἐνδεὴς,
2655 5377 2682 5428 ὁ
2707 5375 2859 5445 παρὰ
2883 5371 3140 5442 τοιαύτης
3170 5374 3232 5426 σὺ
3263 5370 3566 5440 γεννηθεὶς,
3595 5373 3756 5427 πόθεν

2193 5470 2338 5530 σὼας
2398 5465 2542 5538 εἶχεν
2595 5466 2693 5529 τὰς
2756 5467 2957 5535 φρένας
3015 5463 3420 5537 ὑποληφθήσῃ;
3466 5462 3673 5517 Οὔκουν
3729 5469 3756 5518 ι

2193 5559 2452 5628 τύραννος
2515 5556 2643 5626 ἔφη,
2695 5555 2787 5608 τοῦ
2845 5555 3216 5624 προσήκοντος
3269 5555 3610 5624 ἀπεσφάλην,
3644 5573 3755 5608 τοι·

2195 5649 2334 5718 αὐτῇ
2354 5647 2488 5717 οὔσῃ
2510 5664 2590 5700 σοι
2619 5646 2714 5717 τὴν
2743 5649 2819 5708 είς
2843 5646 2939 5707 τὰς
2968 5645 3197 5716 παρείας
3230 5645 3387 5717 ὓϐριν
3417 5647 3748 5714 ἐπενεγκών.

2205 5740 2266 5792 'll
2304 5740 2382 5804 δὲ,
2406 5736 2857 5807 Διαμαρτύρυμαί
2901 5753 3002 5804 σοι,
3041 5736 3224 5808 φησὶν,
3263 5737 3338 5801 ὡς
3380 5736 3472 5792 τοῦ
3501 5735 3634 5791 Θεοῦ
3657 5736 3750 5792 τὸν
