4066 6372
338 305 414 367 3Ί

1168 295 1635 359 MARTYRIUM
1679 300 1740 362 S.
1782 300 2145 363 ACINDYNI
2191 301 2286 361 ET
2328 301 2746 365 SOCIORUM.
3526 309 3597 373 34

344 418 528 467 πάντα
564 413 837 483 βλέποντα
872 412 1170 481 ὀφθαλμὸν,
1210 412 1303 464 καὶ
1353 412 1412 464 τὸ
1465 411 1673 464 ἔνδικον
1722 412 1916 466 ἐκείνοι

2035 413 2220 468 omnia
2250 414 2469 483 aspicit,
2525 416 2745 470 oculum
2794 424 2849 470 ct
2892 416 3099 487 justum
3151 420 3297 477 illius
3335 425 3602 495 judicium

343 510 526 578 κρῖμα
547 508 610 557 οὔ
650 504 937 575 διαφεύξῃ.

421 600 549 652 KB’.
599 597 790 659 Οὕτως
834 596 1006 663 αὐτῆς
1042 596 1513 666 ἀποκριναμένης,
1553 597 1768 664 ἀφωνία
1798 614 1929 649 κατ-

343 692 470 757 έσχε
502 689 595 740 τὸν
632 688 846 756 μιαρόν.
880 687 1008 749 Ὄζιὲ
1043 687 1137 739 καὶ
1189 686 1343 756 μόλις
1382 689 1496 748 τοῖς
1562 689 1929 757 παρεστῶσιν,

360 781 667 849 Ἀρθέντες,
714 775 894 839 εἶπεν,
924 778 1176 831 ἐντεῦθεν
1210 779 1263 830 oi.
1286 778 1590 841 δυσσεϐεῖς,
1626 782 1691 848 τῇ
1726 781 1930 832 ἑκκαυ·

346 874 502 943 θείση
559 870 777 939 καμίνῳ
829 869 1290 939 ὲμεληθήτωσαν,
1351 870 1474 921 ἐπεὶ
1531 870 1605 939 μὴ
1643 871 1930 939 πεισθῆναι

351 968 460 1025 τοῖς
509 963 801 1032 ἡμετέροις
849 960 1218 1030 φιλονεικοῦσι
1268 962 1681 1030 προστάγμασι·
1725 964 1930 1031 ταύτην

346 1055 404 1107 et
450 1053 511 1105 τὸ
564 1048 705 1105 εἶναι
757 1053 972 1121 μητέρα.
1016 1052 1153 1121 ἐμὴν
1189 1052 1623 1122 ὲξομοσαμένην,
1661 1055 1756 1105 καὶ
1804 1057 1930 1117 τοὺς

328 1144 617 1212 ,φυσικοὺς
649 1143 890 1212 θεσμοὺς
931 1144 1298 1213 ἀθετήσασαν,
1331 1143 1409 1213 τῷ
1448 1143 1562 1213 ἰδίῳ
1595 1145 1930 1214 πορεύεσθαι

346 1236 615 1304 θελήματι
636 1235 992 1290 καταλίπετε.
1022 1237 1086 1288 'il
1102 1235 1159 1289 δὲ
1187 1238 1453 1307 μακαρία,
1476 1238 1611 1292 Θεοῦ
1634 1241 1930 1310 ἐπόμνυμι,

348 1328 535 1393 φησὶν,
566 1324 599 1395 ἦ
636 1326 745 1395 μὴν
780 1329 847 1397 τῇ
880 1329 1191 1396 μαρτυρικῇ
1216 1326 1384 1398 ταύτῃ
1410 1328 1600 1399 Τριάδι
1631 1329 1934 1382 συναποθα-

345 1418 581 1480 νείσθαι,
614 1419 709 1470 καὶ
744 1419 881 1488 μήτε
928 1420 1036 1471 τινὶ
1076 1418 1222 1489 ἄλλῳ
1271 1420 1543 1489 μηδέποτε
1585 1421 1792 1492 ταύτης
1819 1421 1932 1474 δια-

343 1506 670 1577 ζευχθῆναι.
724 1508 783 1561 Ὀ
841 1507 899 1561 δὲ
943 1507 1206 1579 τύραννος
1261 1510 1323 1563 τὸ
1371 1513 1471 1581 τῆς
1542 1511 1759 1583 ἀγαθῆς
1827 1514 1931 1583 γῆς

342 1599 582 1669 πονηρὸν
610 1599 678 1651 ἐκ
700 1596 797 1652 τοῦ
829 1599 1134 1670 παραδόξου
1171 1599 1492 1670 βλάσφημα,
1531 1602 1605 1655 Οὐ
1639 1603 1804 1668 πολύς
1841 1621 1930 1673 μοι

341 1687 504 1755 λόγος
533 1688 712 1753 τοῦδε,
744 1690 901 1758 φησι,
939 1690 1149 1758 πρᾶττε
1186 1690 1328 1743 κατά
1355 1690 1416 1743 τὸ
1462 1689 1735 1762 βούλημα.
1776 1694 1929 1748 Ἐπεὶ

2031 518 2141 557 non
2175 503 2423 572 elTugies.

2100 592 2270 648 XXII.
2307 594 2444 649 Cum
2478 611 2540 651 ea
2590 599 2669 651 sic
2723 600 3120 668 respondisset,
3195 612 3380 657 mutus
3428 606 3604 660 evasit

2031 685 2349 750 sceleratus,
2384 688 2473 740 vix
2528 689 2745 743 tandem
2800 701 2982 744 autem
3014 693 3153 747 dixit
3202 695 3286 755 iis,
3347 696 3439 765 qui
3505 697 3602 752 ad-

2037 785 2195 829 erant
2225 794 2238 830 :
2265 776 2401 830 iiinc
2435 778 2693 831 tollantur
2723 781 2895 849 impii,
2923 792 2978 836 et
3010 783 3062 836 in
3096 786 3376 841 ardentem
3415 787 3600 842 forna-

2033 881 2151 919 cem
2201 867 2537 937 injiciantur,
2574 871 2834 940 quoniam
2865 876 3208 928 contendunt
3242 893 3350 931 non
3405 895 3600 947 parere

2031 958 2238 1011 nostris
2264 960 2455 1029 jussis.
2490 960 2640 1017 Hane
2677 976 2828 1026 vero,
2870 979 2990 1032 quas
3023 966 3290 1034 abjuravit
3336 984 3393 1022 se
3423 986 3597 1024 meam

2030 1061 2152 1102 esse
2215 1060 2465 1114 matrem,
2514 1061 2569 1105 et
2614 1052 2838 1106 violavit
2884 1054 2975 1123 jus
3028 1067 3253 1120 naturae,
3308 1046 3621 1128 rtlinquile'

2030 1155 2149 1193 eam
2204 1157 2302 1195 sua
2338 1142 2618 1196 voluntate
2658 1144 2960 1198 ambulare.
3012 1145 3106 1199 ilia
3162 1159 3343 1201 autem
3397 1149 3598 1205 beata:

2033 1228 2225 1294 Deum,
2256 1231 2452 1300 inquit,
2481 1233 2629 1302 juro,
2662 1249 2748 1287 me
2794 1249 2915 1290 esse
2961 1236 3281 1291 moritulam
3330 1255 3451 1294 cum
3499 1241 3602 1296 hac

2034 1321 2277 1377 trinitate
2314 1333 2639 1393 martyrum,
2677 1334 2733 1380 et
2771 1342 2950 1396 neque
3004 1340 3201 1391 morte,
3259 1347 3436 1400 neque
3493 1336 3601 1388 ulla

2034 1428 2093 1468 re
2127 1414 2232 1468 alia
2291 1431 2377 1469 me
2444 1432 2685 1485 unquam
2748 1419 2818 1472 ab
2874 1419 2962 1473 his
3013 1435 3133 1475 esse
3189 1423 3599 1493 sejungcndam.

2034 1500 2323 1572 Tyrannus
2353 1519 2505 1566 vero.
2554 1506 2709 1560 bonae
2741 1517 2895 1561 terrae
2923 1510 3122 1562 malum
3151 1524 3370 1578 germen
3401 1525 3602 1581 praeter

2036 1594 2541 1663 exspectationem:
2598 1595 2722 1651 liene
2778 1613 2888 1662 res,
2944 1600 3147 1670 inquit,
3183 1616 3297 1655 non
3335 1613 3421 1657 est
3466 1606 3601 1659 mibi

2032 1699 2240 1754 magna:
2268 1701 2415 1741 curse
2447 1704 2461 1741 :
2498 1686 2584 1742 fac
2613 1698 2670 1742 ut
2707 1696 2763 1742 tu
2804 1690 3070 1746 volueris.
3102 1690 3236 1746 Cum
3286 1709 3418 1764 ergo
3456 1711 3604 1749 mar-

340 1776 436 1832 οῧν
476 1780 527 1832 οί
556 1757 838 1851 μάρτυρες
869 1757 1254 1851 προσήγγισαν
1279 1784 1348 1853 τῇ
1399 1757 1649 1855 καμίνιρ,
1680 1784 1742 1838 τὸ
1773 1786 1916 1857 ὄμμα

2031 1786 2176 1846 tyres
2217 1778 2426 1833 fornaci
2462 1780 3020 1851 appropinquassent,
3079 1757 3447 1841 tollentes'in
3488 1803 3601 1842 caa-

340 1874 421 1934 εἱς
451 1873 685 1941 οὐρανὸν
721 1873 976 1944 ἄραντες,
1028 1872 1224 1941 Κύριε,
1260 1869 1440 1942 εἷπον,
1483 1872 1662 1944 Ἰησοῦ
1694 1878 1922 1949 Χριστὲ,

340 1967 400 2015 τὸ
425 1963 687 2033 ἀληθινὸν
713 1964 853 2034 φῶς,
885 1963 948 2016 τὸ
976 1964 1081 2036 πρὸ
1111 1963 1220 2018 τῶν
1260 1964 1475 2019 αἰώνων
1504 1965 1604 2035 τῆς
1648 1969 1924 2039 πατρικῆς

340 2054 499 2125 δόξης
528 2055 849 2125 ἐκλάμψαν,
885 2055 1321 2125 εὐχαριστοῦμεν
1372 2074 1478 2122 σοι,
1521 2058 1606 2112 ὅτι
1632 2059 1924 2130 ἐνίσχυσας

342 2148 484 2215 ἡμᾶς
517 2147 611 2200 τὸν
644 2148 791 2218 ὑπὲρ
823 2144 918 2200 σοῦ
958 2147 1145 2214 ἀγῶνα
1186 2147 1504 2216 διενεγκεῖν,
1539 2150 1632 2202 καὶ
1659 2152 1759 2205 οὐκ
1781 2153 1924 2222 ἀφῆ-

345 2256 445 2301 κας
460 2242 519 2292 έν
540 2243 608 2309 τῇ
637 2239 826 2307 παγίδι
852 2239 1233 2310 συλληφθῆναι
1260 2237 1371 2292 τῶν
1402 2239 1766 2309 θηρευόντων,
1802 2243 1921 2298 ἀλλ’

344 2331 424 2395 ὡς
462 2330 748 2401 στρουθίον
776 2332 878 2401 τὴν
918 2330 1096 2402 ψυχὴν
1142 2332 1299 2403 ἡμῶν
1340 2332 1406 2385 ἐκ
1434 2332 1641 2403 ταύτης
1680 2334 1919 2405 ὲρρύσω,

340 2424 432 2474 καὶ
459 2422 581 2487 νῦν,
612 2424 888 2487 Δέσποτα,
929 2424 1207 2496 νεύρωσον
1251 2423 1411 2495 ἡμῶν
1457 2426 1526 2477 τὰ
1570 2430 1918 2497 φρονήματα,

339 2514 433 2567 τοῦ
454 2516 750 2586 δυνηθῆναι
783 2515 1052 2584 γενναίως
1082 2516 1176 2568 τοῦ
1201 2517 1470 2586 παρόντος
1503 2519 1920 2587 κατατολμῆσαι

340 2606 531 2673 πυρός.
561 2604 884 2676 Παράστηοι
926 2605 984 2658 δὲ
1020 2605 1154 2675 ημῖν
1182 2606 1277 2659 καὶ
1310 2606 1370 2658 έν
1399 2605 1475 2675 τῷ
1508 2606 1685 2677 καιρῷ
1716 2607 1814 2677 τῆς
1855 2609 1919 2662 ὲκ

338 2694 432 2746 τοῦ
459 2695 716 2748 ταπεινοῦ
740 2694 994 2766 σώματος
1024 2695 1316 2766 ἐκδημίας,
1356 2697 1451 2749 καὶ
1495 2696 1767 2767 πρόστηθι
1808 2698 1918 2753 τῶν

339 2786 632 2855 ἡμετέρων
652 2786 860 2856 ψυχῶν.
894 2787 987 2839 Σοὶ
1020 2785 1130 2858 γὰρ
1168 2785 1263 2840 καὶ
1290 2789 1359 2858 τῇ
1404 2788 1471 2859 σῇ
1515 2788 1577 2841 δυ
1593 2787 1755 2842 νάιιει
1791 2791 1919 2862 eap-

342 2878 635 2946 βήσαντες,
666 2878 763 2946 τῆς
796 2876 996 2946 φλογὸς
1018 2877 1393 2948 ὲπιὸαίνομεν.

409 2963 533 3019 ΚΓ.
569 2967 688 3020 Τῶν
708 2966 801 3019 οὖν
831 2967 1185 3039 στρατιωτῶν
1214 2968 1380 3037 ἐγγύς
1412 2986 1518 3023 που
1554 2970 1684 3041 περὶ
1721 2969 1782 3023 τὸ
1816 2969 1917 3040 τῆς

335 3053 572 3127 καμίνου
598 3059 776 3128 στόμα
797 3060 1131 3131 γενομένων,
1155 3060 1248 3114 καὶ
1272 3062 1373 3128 τὴν
1393 3061 1722 3115 ἀνύποιστον
1744 3063 1916 3132 αὐτῆς
1942 3082 1986 3142 c

338 3149 654 3219 ἐκπύρωσιν
683 3149 902 3219 στέγειν
952 3150 1013 3204 οὐ
1060 3151 1394 3221 δυναμένων,
1450 3153 1499 3205 οἱ
1535 3150 1682 3222 ἅγιοι
1717 3170 1914 3225 πεφρι-

335 3240 492 3304 κότας
524 3242 729 3305 ἰδόντες
754 3243 975 3308 αὐτοὺς,
1021 3241 1086 3295 Τί
1147 3243 1415 3312 ἑστήκατε
1466 3242 1663 3311 οὕτως,
1702 3244 1909 3313 ἔλεγον,

333 3332 393 3383 το
419 3332 714 3385 κελευσθὲν
747 3334 826 3405 μὴ
860 3332 1185 3399 ποιοῦντες;
1222 3332 1286 3386 Et
1323 3333 1385 3387 τὸ
1434 3333 1724 3404 ὁμόδουλον
1754 3335 1912 3388 τοῦτο

335 3430 428 3475 καὶ
479 3424 821 3497 πρόσκαιρον
862 3424 977 3497 πῦρ
1028 3423 1174 3479 οὕτω
1213 3424 1446 3496 φοϐερὸν
1477 3425 1608 3493 ὑμῖν
1640 3426 1812 3493 ἔδοξε,
1850 3428 1911 3480 τὸ

333 3514 696 3586 ἀτελεύτητον
727 3517 905 3569 έκεῖνο
933 3516 1034 3585 τῆς
1078 3516 1307 3587 γεέννης
1354 3515 1451 3570 καὶ⁸
1481 3516 1743 3570 ἀστεκτον
1774 3518 1911 3589 ἀλη-

336 3604 440 3667 Θῶς
475 3606 589 3670 πῶς
618 3607 868 3659 ὑποίσετε
893 3623 909 3674 ;
942 3609 1003 3661 Oi
1027 3607 1106 3673 δὲ,
1138 3608 1250 3662 Καὶ
1276 3607 1395 3672 πῶς
1420 3608 1486 3661 ἂν
1520 3610 1730 3677 γένοιτο
1751 3610 1906 3680 ἡμῖν,

334 3694 507 3761 εἶπον,
537 3699 604 3768 ῆν
631 3699 791 3769 ὑμεῖς
816 3698 1003 3767 λέγετε
1032 3699 1255 3753 κόλασιν
1277 3701 1561 3769 ἐκφυγεῖη
1603 3700 1666 3753 El
1699 3702 1776 3771 μὴ
1809 3703 1909 3772 τὴν

333 3790 439 3841 τῶν
464 3789 703 3841 εἰδώλων
733 3789 1060 3861 ἀρνηθέντες
1082 3790 1401 3859 θρησκείαν,
1429 3791 1476 3843 oi
1497 3791 1641 3858 ἆγιοι
1673 3791 1907 3863 ἔφησαν,

334 3880 553 3950 Χριστῷ
574 3879 652 3950 τῷ
682 3880 876 3952 ἀληθεῖ
908 3879 1028 3951 Θεῷ
1052 3881 1151 3934 σὺν
1180 3880 1408 3952 ἀληθείᾳ
1435 3881 1782 3947 πιστεύσετε,
1813 3885 1911 3938 οὐκ

336 3974 401 4023 ἂν
428 3974 647 4027 δυνατοὶ
675 3973 921 4043 γένοισθε
946 3973 1044 4036 τὰς
1070 3973 1320 4036 κολάσεις
1350 3974 1566 4037 ὲκείνας
1596 3974 1906 4044 διαφυγεῖν.

338 4066 477 4134 Πρὸς
508 4065 684 4118 ταῦτα
729 4067 777 4117 oi
833 4064 1190 4135 στρατιῶται⁸
1223 4066 1352 4118 Ὅτε
1394 4067 1458 4135 τῇ
1493 4066 1586 4119 τοῦ
1622 4066 1908 4136 βασιλέως,

286 4154 305 4177 ⁸
337 4155 572 4225 ἔφησαν,
609 4155 1043 4226 ὑπηρετούμενοι
1100 4155 1417 4227 προστάξει,
1477 4157 1575 4219 τὰς
1640 4158 1909 4228 τιμωρίας

339 4247 471 4313 ύμῖν
504 4247 796 4316 ὲπήγομεν,
837 4244 1089 4317 ἔντρομοί
1123 4262 1268 4308 τινες
1301 4246 1394 4299 καὶ
1425 4247 1698 4317 ιπεριδεεί.⁸
1742 4243 1907 4318 ἦμεν,

334 4339 411 4398 ῶς
437 4355 490 4389 τι
520 4340 810 4392 πείσεσθαι
835 4339 1075 4410 χαλεπὸν
1103 4338 1451 4409 ἐκδεχόμενοι
1480 4355 1495 4370 ’
1536 4342 1651 4419 νυνὶ
1675 4336 1902 4393 δὲ’διδα-

2026 1868 2140 1923 lum
2176 1869 2385 1933 oculos,
2428 1870 2688 1927 dixerunt
2716 1890 2729 1927 :
2783 1873 3015 1928 Domine
3043 1874 3170 1931 Jesu
3203 1876 3440 1939 Christe,
3471 1894 3599 1933 vera

2024 1960 2141 2023 lux,
2189 1976 2311 2030 quae
2348 1974 2474 2018 ante
2526 1966 2725 2019 szecula
2764 1981 2796 2020 e
2855 1976 3080 2035 paterna
3137 1967 3348 2025 eﬂulsit
3400 1971 3598 2040 gloria,

2023 2052 2236 2121 agimus
2298 2053 2396 2108 tibi
2453 2055 2674 2124 gratias,
2723 2057 2868 2125 quod
2906 2072 3005 2112 nos
3062 2060 3473 2125 corroborasti,
3537 2071 3599 2117 ut

2022 2141 2291 2198 ferremus
2337 2159 2438 2214 pro
2489 2156 2541 2201 te
2585 2155 2884 2211 certamen,
2921 2158 2976 2203 et
3022 2164 3132 2204 non
3183 2152 3479 2219 permisisti
3535 2163 3597 2208 ut

2024 2235 2622 2304 comprehenderemur
2643 2253 2674 2292 a
2710 2238 2906 2308 laqueo
2934 2234 3299 2296 venantium":
3350 2244 3443 2299 sed
3478 2256 3598 2299 tan-

2021 2338 2185 2393 quam
2221 2341 2497 2395 passerem
2554 2328 2792 2382 animam
2837 2341 3083 2385 nostram
3131 2347 3198 2387 ex
3230 2348 3296 2387 eo
3323 2334 3590 2390 liberasti.

2021 2415 2089 2469 Et
2119 2431 2266 2471 nunc
2311 2418 2577 2473 conﬁrma
2636 2429 2857 2475 nostros
2913 2422 3149 2485 animos,
3208 2432 3268 2477 ut
3322 2426 3598 2494 possimus

2021 2504 2289 2564 adversus
2330 2508 2479 2564 hunc
2526 2510 2704 2581 ignem
2750 2526 2853 2566 nos
2903 2511 3123 2566 fortiter
3166 2530 3379 2584 gerere.
3426 2515 3598 2570 Nobis

2019 2611 2241 2667 quoque
2290 2597 2441 2655 adsis
2487 2601 2541 2655 in
2598 2609 2843 2671 tempore
2914 2618 3173 2659 excessus
3244 2620 3311 2659 cx
3350 2606 3455 2661 hoc
3502 2607 3597 2661 ab-

2015 2687 2167 2758 jecto
2229 2704 2485 2760 corpore,
2536 2701 2593 2747 et
2655 2693 2890 2749 defende
2963 2705 3182 2749 nostras
3233 2696 3468 2753 animas.
3517 2696 3596 2753 Te

2018 2780 2165 2833 enim
2201 2778 2331 2835 freti
2374 2789 2430 2836 et
2466 2791 2556 2836 tua
2613 2783 2836 2848 virtute,
2894 2785 3037 2840 hanc
3081 2787 3353 2842 ﬂammam
3405 2803 3598 2844 ascen-

2020 2868 2224 2925 dimus.

2090 2961 2279 3018 XXIII.
2314 2963 2452 3019 Cum
2506 2966 2692 3035 itaque
2740 2965 2976 3023 fuissent
3050 2967 3254 3025 milites
3301 2985 3470 3040 prope
3530 2987 3594 3027 os

2016 3053 2278 3121 fornacis,
2300 3062 2356 3110 et
2398 3054 2796 3111 intolerabilem
2821 3058 2942 3128 ejus
2965 3058 3215 3113 ardorem
3240 3076 3346 3114 non
3369 3073 3595 3131 possent

2016 3146 2309 3211 sustinere,
2354 3148 2528 3202 sancti
2575 3148 2668 3218 qui
2724 3164 2819 3203 eos
2873 3149 3122 3205 viderant
3153 3151 3373 3208 territos
3403 3169 3416 3204 :
3446 3152 3587 3220 Quid

2014 3236 2191 3302 statis,
2225 3235 2501 3302 dicebant,
2556 3237 2858 3308 quodjussi
2910 3240 3062 3301 estis,
3109 3254 3218 3294 non
3272 3240 3593 3297 facientes?

2015 3327 2072 3383 Si
2104 3328 2215 3390 hic,
2250 3328 2342 3397 qui
2378 3335 2463 3382 est
2491 3343 2789 3382 conservus
2817 3337 2981 3383 etest
3038 3330 3104 3383 ad
3155 3339 3370 3400 tempus
3421 3331 3587 3403 ignis,

2013 3420 2170 3475 vobis
2196 3420 2347 3475 visus
2380 3429 2461 3474 est
2497 3420 2755 3474 terribilis
2790 3437 2803 3473 :
2860 3420 3002 3489 ignis
3029 3420 3118 3475 ille
3149 3421 3435 3491 gehennae,
3490 3426 3587 3494 qui

2015 3527 2292 3581 nunquam
2320 3512 2547 3573 desinit,
2580 3522 2635 3565 et
2665 3524 2947 3578 nunquam
2973 3510 3365 3581 exstinguitur,
3397 3529 3591 3583 quem-

2012 3602 2302 3658 admodum
2327 3619 2356 3656 a
2385 3601 2542 3657 vobis
2597 3602 2961 3657 tolerabitur?
2992 3602 3061 3655 Et
3109 3603 3407 3671 quomodo,
3433 3605 3589 3660 dixe-

2013 3704 2142 3748 runt
2170 3694 2266 3756 illi,
2313 3692 2655 3762 potuerimus
2711 3691 2976 3763 effugere,
3034 3693 3181 3762 quod
3237 3710 3334 3749 vos
3376 3695 3588 3760 dicitis,

2011 3784 2339 3855 supplicium
2365 3782 2388 3834 'l
2417 3783 2528 3837 Nisi
2552 3784 2818 3853 abnegato
2846 3784 2997 3837 cultu
3032 3784 3591 3851 idolorum,dixeruct

2012 3878 2210 3939 sancti,
2266 3874 2487 3931 Christo
2540 3890 2670 3929 vero
2727 3875 2840 3929 Deo
2895 3891 3021 3930 vere
3067 3876 3438 3943 credideritis,
3476 3895 3586 3934 non

2013 3969 2263 4037 poteritis
2293 3968 2382 4023 illa
2414 3966 2656 4039 effugere
2704 3968 2995 4038 supplicia.
3057 3969 3137 4022 Ad
3188 3969 3303 4023 haec
3344 3971 3582 4025 milites:

1964 4078 1971 4081 ‘
2010 4062 2238 4128 Quando
2270 4101 2286 4124 ,
2322 4062 2598 4123 dixerunt,
2644 4060 2987 4130 regisjussui
3045 4061 3372 4124 servientes,
3425 4062 3584 4117 vobis

2012 4153 2380 4207 inferebamus
2440 4150 2729 4219 supplicia,
2780 4148 3341 4204 contremiscebamus
3411 4159 3467 4205 et
3517 4154 3585 4205 ti-

1982 4228 2164 4297 ἰιιοιθ
2213 4240 2608 4304 afﬁciebamur,
2681 4246 2740 4291 ut
2812 4239 2907 4307 qui
2966 4249 3414 4309 exspectaremus
3478 4257 3579 4297 nos

2010 4334 2221 4404 aliquid
2251 4346 2415 4403 grave
2437 4346 2558 4386 esse
2590 4345 2870 4401 passuros.
2897 4329 3055 4385 Nunc
3101 4341 3283 4385 autem
3342 4343 3577 4388 vestram

336 4428 564 4492 σκαλίας
600 4430 695 4482 καὶ
738 4431 1117 4499 παραινέσεως
1158 4433 1257 4499 τῆς
1295 4427 1449 4499 mp"
1495 4429 1648 4499 ὑμῶν
1673 4431 1910 4484 ἀπολαύ-

2016 4425 2293 4483 consecuti
2387 4423 2692 4479 doctrinam
2764 4432 2820 4477 et
2872 4422 3328 4490 admonitionem,
3389 4441 3583 4482 sumus

336 4538 527 4585 σαντες
548 4523 798 4592 γαλήνιοι
832 4522 1178 4592 κατέστημεν
1212 4521 1308 4583 τὰς
1336 4521 1535 4591 ψυχας,
1563 4523 1758 4576 ἐλπίδα
1783 4525 1906 4578 τινὰ

335 4616 607 4682 σωτηρίας
662 4614 743 4678 ὡς
802 4615 949 4678 είκδς
998 4613 1356 4683 ἀναμένοντες
1386 4653 1402 4678 ,
1454 4614 1615 4685 ὑμεῖς
1665 4615 1722 4668 δὲ
1772 4615 1908 4669 ἀλλά

335 4707 662 4775 ποιήσαντες
702 4707 783 4769 είς
830 4706 979 4775 ἡμᾶς
1023 4706 1127 4757 ὅσα
1157 4703 1258 4769 δεῖ,
1307 4702 1463 4774 καὶὴ
1512 4705 1697 4769 πίστις
1753 4704 1908 4774 ὑμῶν

335 4796 613 4863 βούλεται,
649 4795 730 4865 τῷ
783 4795 988 4865 αίωνίῳ
1036 4797 1343 4865 προσάγετε
1403 4794 1635 4865 βασιλεῖ’
1664 4794 1757 4848 τὸν
1792 4798 1905 4868 γὰρ

335 4892 572 4962 φθαρτὸν
619 4892 723 4961 ἤδη
773 4890 966 4945 τοῦτον
1020 4890 1421 4961 ἐδδελυξάμεοα
1443 4893 1807 4963 εὐφροσύνης.
1840 4892 1905 4945 Οί

339 4987 614 5055 μάρτυρες
668 4985 761 5038 ἐπὶ
804 4986 1018 5047 τούτοις
1078 4984 1542 5053 ὑποπλησοέντες,
1594 4986 1906 5053 Λὶνέσωμεν

338 5075 666 5144 συμφώνως,
702 5072 882 5139 εἷπον,
903 5078 996 5129 τὸν
1022 5076 1254 5145 Κύριον,
1272 5074 1607 5143 ὅτι-ἀγαθὸς,
1634 5076 1729 5129 καὶ
1749 5075 1907 5145 ἡδυν-

337 5168 453 5235 θείη
497 5170 672 5238 τούτῳ
700 5168 903 5238 μᾶλλον
932 5171 966 5237 ἡ
1011 5170 1239 5230 αἴνεσις,
1295 5166 1375 5236 τῷ
1410 5166 1780 5235 οἰκοδομοῦντι
1808 5166 1904 5229 τὰς

333 5258 508 5327 aula;
533 5258 645 5311 τῶν
670 5258 821 5328 αὺτῷ
854 5258 1036 5311 πίστει
1075 5259 1561 5328 προσερχομένων,
1597 5256 1692 5309 καὶ
1726 5259 1904 5325 χαρᾶς

337 5350 427 5401 επὶ
456 5352 523 5419 τῇ
553 5348 765 5403 ἑαυτῶν
817 5350 1062 5420 σωτηρίᾳ
1107 5348 1405 5420 πληροῦνςι
1454 5346 1524 5402 τὰ
1579 5349 1901 5415 ἐπουράνια,

337 5438 653 5507 Πρόσδεξαι,
668 5440 954 5506 Δέσποτα,
989 5441 1083 5501 οὓς
1125 5441 1255 5509 περὶ
1286 5440 1385 5510 τὴν
1414 5439 1705 5510 ἑνδεκάτην
1730 5438 1901 5511 ῶραν,

336 5531 414 5593 είς
442 5531 535 5586 τὸν
563 5530 662 5585 τοῦ
706 5534 1013 5603 μαρτυρίου
1061 5531 1367 5602 ἀμπελῶνα
1414 5529 1778 5599 συνεκαλέσω,
1808 5533 1904 5585 καὶ

335 5618 621 5687 δὺς-αὺτοῖς
642 5616 734 5675 τδν
764 5623 957 5693 μισθὸν
992 5624 1141 5687 ἀξιον
1169 5622 1267 5688 τῆς
1298 5624 1399 5692 σῆς
1430 5623 1765 5696 ἀγαθότητις
1789 5624 1902 5687 τοῖς

334 5711 669 5782 προλαϐοῦσί
702 5731 796 5769 σου
824 5714 1143 5784 ἀθλοτόροις
1175 5714 1544 5782 συναριθμῶν.

2012 4519 2322 4589 tranquillis
2365 4516 2583 4580 animis,
2613 4515 2853 4585 aliquam
2902 4531 3054 4585 spem
3107 4516 3318 4581 salutis,
3372 4526 3433 4571 ut
3483 4533 3583 4587 par

2007 4621 2112 4675 est,
2144 4617 2562 4679 exspectantes:
2591 4607 2686 4662 sed
2728 4622 2826 4662 vos
2871 4623 2995 4662 cum
3047 4608 3103 4661 in
3155 4623 3255 4662 nos
3312 4608 3580 4673 feceritis,

2008 4718 2130 4772 qua:
2155 4709 2373 4777 oportet
2403 4708 2458 4754 et
2490 4699 2606 4754 vult
2635 4707 2811 4754 vestra
2843 4698 3001 4764 fides,
3026 4702 3115 4774 .ad
3165 4700 3366 4769 Regem
3415 4710 3580 4755 σείει-ο

2006 4809 2139 4849 num
2168 4793 2443 4856 adducite,
2472 4791 2619 4845 bunc
2640 4790 2815 4865 enim,
2849 4790 3088 4860 in'qucm
3115 4791 3262 4846 cadit
3294 4791 3570 4856 interitus,

2004 4889 2115 4960 jam
2176 4900 2370 4941 sumus
2430 4883 2752 4938 abominati.
2817 4882 3236 4952 Propterdizec
3310 4891 3581 4952 martyres

2009 4980 2201 5049 repleti
2223 4976 2407 5031 laetitia
2433 4989 2447 5027 :
2474 4975 2788 5039 Dominum,
2822 4974 3103 5039 dixerunt,
3136 4988 3244 5028 una
3275 4987 3409 5031 voce
3453 4973 3577 5027 lau-

2008 5070 2221 5131 demus,
2265 5067 2523 5138 quoniam
2548 5067 2733 5133 bonus,
2777 5073 2834 5120 et
2865 5066 3050 5122 suavis
3079 5065 3275 5120 evadat
3307 5066 3357 5120 ei
3386 5072 3575 5118 nostra
3677 5093 3683 5099 -

2006 5162 2268 5225 laudatio,
2308 5159 2402 5230 qui
2425 5157 2658 5213 aedificat
2690 5158 2898 5212 animas
2919 5173 3129 5219 eorum,
3157 5157 3250 5226 qui
3283 5157 3351 5208 ad
3386 5156 3566 5224 ipsum

2008 5255 2115 5309 ﬁde
2181 5252 2469 5315 accedunt,
2542 5248 2740 5320 gaudio
2816 5256 3039 5319 propter
3092 5261 3283 5303 eorum
3337 5246 3570 5303 salutem

2007 5346 2197 5405 implet
2251 5344 2516 5400 cmleslia.
2550 5342 2774 5411 Excipe,
2817 5340 3061 5403 Domine,
3094 5352 3210 5403 eos,
3243 5353 3384 5407 quos
3435 5339 3571 5397 hora

2009 5419 2297 5492 undecima
2332 5433 2646 5490 convocasti
2678 5430 2749 5486 ad
2777 5431 2992 5484 vineam
3038 5428 3116 5482 tui
3159 5428 3433 5499 martyrii,
3512 5442 3570 5487 et

2004 5532 2073 5588 da
2089 5530 2171 5585 eis
2191 5526 2498 5583 mercedem
2530 5524 2749 5591 dignam
2783 5529 2873 5574 tua
2900 5519 3165 5585 bonitate,
3198 5533 3296 5575 eos
3323 5523 3569 5579 referens

2009 5625 2067 5680 in
2101 5635 2391 5683 numerum
2418 5618 2662 5692 priorum
2692 5622 2910 5671 tuorum
2936 5613 3365 5673 decertatorum.
