4060 6374
446 307 516 369 35
1709 295 2001 359 MENSIS
2044 297 2495 360 NOVEMBER.
3628 299 3696 362 3G

514 415 703 472 XXIV.
730 417 927 472 Milites
957 429 1087 483 ergo
1110 411 1280 466 veluti
1316 408 1647 482 quibusdam
1676 410 1843 465 armis
1869 410 2015 465 inex-

2195 411 2323 463 ΚΝ.
2359 411 2420 462 Oi
2446 409 2628 462 τοίνυν
2648 405 2987 478 στρατιῶται
3014 403 3269 476 καθάπερ
3301 404 3451 472 ὅπλῳ
3484 403 3594 458 τινὶ
3625 406 3703 475 τῷ

446 508 850 578 pugnabilibus,
890 502 1093 560 Christi
1132 501 1327 555 muniti
1352 501 1659 571 signaculo,
1696 501 1855 555 simul
1891 514 2017 554 cum

444 598 649 655 sanctis
672 595 977 664 Acindyno,
1011 591 1237 663 Pegasio
1288 600 1345 646 et
1390 591 1787 661 Anempodisto
1829 590 2019 644 forna-

444 706 561 745 cen'.
592 688 821 757 ingressi
851 696 999 750 sunt,
1035 701 1160 740 cum
1197 692 1385 740 essent
1412 697 1643 738 numero
1708 682 1901 753 viginti
1963 691 2021 738 et

444 791 590 846 octo,
652 794 721 834 ne
774 779 891 848 ipsa
942 776 1163 847 quidem
1220 776 1433 846 tyranni
1466 784 1640 829 matre
1666 774 1878 837 relicta,
1922 772 2020 828 sed

444 888 568 927 cum
624 872 707 926 eis
756 871 920 927 simul
973 870 1236 940 ingressa.
1303 865 1519 921 Chorus
1578 875 1761 921 autem
1798 866 2022 935 angelo-

445 979 567 1018 rum
589 964 734 1018 circa
786 962 1065 1017 fornacem
1097 969 1314 1017 sanctos
1347 942 1649 1014 videbatur.
1684 958 1991 1026 excipiens,

442 1066 647 1112 etcum
673 1057 755 1111 eis
785 1057 1047 1127 hymnum
1074 1070 1301 1110 canens.
1352 1053 1619 1124 Martyres
1674 1061 1856 1106 autem
1891 1062 2020 1105 cum

444 1163 627 1203 sacras
652 1148 864 1201 animas
910 1146 1055 1216 apud
1086 1146 1256 1200 Deum
1292 1161 1391 1215 per
1425 1144 1604 1214 ignem
1632 1142 2020 1213 deposuissent

442 1235 687 1291 secundo
714 1236 803 1289 die
841 1234 1188 1301 Novembris,
1226 1235 1406 1288 locum
1460 1234 1807 1302 repleverunt
1851 1230 2021 1285 odore

444 1327 730 1394 inell‘abili,
764 1326 903 1381 adeo
931 1335 990 1380 ut
1015 1328 1109 1396 qui
1149 1327 1258 1380 illic
1289 1326 1514 1380 aderant
1549 1323 1875 1387 Christiani,
1900 1336 2022 1392 quae.

444 1421 551 1475 dici
591 1436 700 1476 non
725 1429 927 1491 potest,
954 1421 1289 1488 voluptatem
1342 1418 1634 1480 senserint,
1666 1426 1722 1471 et
1747 1433 1874 1471 eum
1903 1417 2022 1471 lau-

442 1513 648 1579 darint,
690 1513 982 1581 quireipsa
1009 1512 1198 1581 implet
1226 1525 1345 1579 quae
1380 1510 1513 1564 dicit
1554 1508 1776 1562 divinus
1825 1506 2017 1574 David,

443 1615 499 1661 et
528 1606 582 1660 in
604 1607 811 1660 sanctis
840 1606 955 1660 suis
990 1620 1048 1659 se
1078 1603 1320 1659 ostendit
1370 1601 1705 1656 mirabilem.
1769 1599 2016 1667 Quorum

445 1713 610 1752 saera:
637 1707 693 1752 et
726 1699 977 1768 pretiosa:
1004 1697 1245 1767 reliquiae
1269 1695 1534 1766 depositae
1580 1702 1709 1749 sunt
1765 1693 1821 1747 in
1871 1694 2015 1759 loco,

2124 500 2290 553 πςιιντ)⁵
2319 498 2604 570 ἀχειρὼτῳ
2642 500 2707 569 τῇ
2744 497 3000 569 σφραγῖδι
3030 494 3270 567 Χριστοῦ
3298 495 3697 567 σφραξάμενοι,

2124 591 2341 662 σύναμα
2370 594 2480 654 τοῖς
2505 590 2705 659 ἁγίοις,
2727 590 3044 659 ’Δκινδύνῳ,
3071 589 3337 661 Πηγασίῳ
3366 589 3479 642 καὶ.
3507 590 3702 659 Ἀνεμ-

2124 684 2385 752 ποδίστῳ,
2420 682 2522 752 τὴν
2571 682 2804 752 κάμινον
2852 680 3205 749 ύπεισῆλθον,
3243 680 3391 735 ὀκτὼ
3420 681 3555 752 πρὸς
3589 682 3701 744 τοῖς

2123 775 2299 828 εἴκοσι
2343 776 2435 827 τὸν
2480 774 2718 843 ἀριθμὸν
2747 773 2925 837 ὄντες,
2964 772 3098 843 μηδὲ
3134 771 3307 841 αὐτῆς
3352 772 3700 842 ἀπολειφθεί-

2125 883 2226 936 σης
2254 867 2355 937 τῆς
2381 866 2475 920 τοῦ
2509 867 2780 938 τυράννου
2814 867 3042 937 μητρὸς,
3076 865 3214 918 ἀλλά
3245 865 3343 919 καὶ
3381 865 3554 936 αὐτῆς
3583 866 3697 937 ἅμα

2126 956 2672 1028 συνεπεισελθούσης.
2749 956 2924 1027 Χορὸς
2997 956 3056 1010 δὲ
3116 957 3362 1024 ἀγγέλων
3419 958 3548 1027 περὶ
3599 958 3701 1028 τὴν

2124 1049 2357 1117 κάμινον
2415 1050 2627 1121 ἑωρᾶτο
2678 1050 2806 1113 τοὺς
2866 1047 3057 1116 ἁγίους
3122 1047 3542 1118 ὑποδεχόμενος,
3605 1051 3701 1103 καὶ

2124 1137 2295 1210 ὕμνον
2327 1139 2425 1193 σὺν
2454 1141 2640 1205 αὐτοῖς
2696 1140 3052 1207 ἀναμέλπων.
3102 1140 3166 1195 Oi
3201 1139 3482 1211 μάρτυρες
3517 1140 3700 1209 μέντοι

2121 1231 2220 1292 τὰς
2276 1230 2428 1301 ἱερὰς
2486 1231 2667 1302 ψυχὰς
2719 1230 2797 1301 τῷ
2823 1230 2942 1301 6εῷ
2972 1229 3062 1283 διὰ
3107 1229 3280 1300 πυρὸς
3327 1231 3698 1300 παραθέμενοι

2126 1323 2271 1376 κατὰ
2296 1322 2394 1391 τὴν
2425 1322 2686 1394 δευτέραν
2709 1321 2805 1374 τοῦ
2865 1319 3181 1391 Νοεμϐρίου
3232 1320 3424 1390 μηνὸς,
3472 1319 3700 1383 εὐωδίας

2121 1414 2364 1485 ἀρρήτου
2395 1414 2489 1468 τὸν
2518 1414 2680 1467 τόπον
2704 1413 3058 1483 ἐπλήρωσαν,
3090 1413 3166 1475 ὠς
3188 1413 3314 1474 τοὺς
3337 1413 3515 1465 ἐκεῖσε
3552 1428 3697 1480 παρ-

2120 1507 2285 1570 ὄντας
2345 1507 2713 1577 Χριστιανοὺς
2739 1506 2950 1575 ’ἡδονῆς
2984 1505 3294 1568 αἰσθέσθαι,
3329 1504 3590 1575 λεχθῆναι
3622 1505 3696 1573 μὴ

2121 1598 2451 1676 δυναμένης,
2499 1600 2671 1653 αίνεῖν
2716 1614 2775 1651 τε
2817 1599 2910 1652 τὸν
2946 1598 3095 1669 ἔργῳ
3122 1595 3189 1651 τὰ
3217 1596 3311 1650 τοῦ
3346 1596 3490 1650 θείου
3536 1595 3698 1648 Δαυῒδ

2120 1689 2453 1762 πληροῦνται,
2494 1690 2590 1743 καὶ
2635 1689 2950 1760 θαυμαστὸν
3002 1692 3113 1752 τοῖς
3151 1688 3328 1757 ἁγίοις
3378 1685 3542 1741 αὑτοῦ
3586 1686 3699 1739 δει-

444 1790 540 1859 qui
575 1790 781 1845 dicitur
833 1790 1133 1851 lrenessus,
1188 1804 1255 1842 ex
1286 1788 1487 1858 quibus
1513 1794 1696 1841 manat
1722 1784 1895 1855 gratia
1950 1785 2015 1838 ad

2128 1778 2418 1848 κνύμενον.
2445 1772 2549 1832 Ὧν
2574 1777 2643 1832 τὰ
2677 1779 2800 1850 ιερὰ
2823 1779 2916 1832 καὶ
2933 1779 3089 1849 τίμια
3112 1777 3341 1847 λείψανα
3371 1780 3428 1831 ὲν
3444 1778 3510 1844 τῇ
3538 1778 3693 1844 εἰρη-

444 1896 558 1944 eos,
589 1881 683 1951 qui
710 1881 977 1936 accedunt
1006 1899 1019 1935 :
1053 1880 1116 1934 ad
1145 1880 1374 1948 gloriam
1422 1876 1636 1933 Domini
1666 1875 1841 1931 nostri
1889 1874 2019 1929 Jesu

444 1967 669 2033 Christi,
723 1983 886 2038 quem
911 1968 1067 2022 decet
1091 1968 1346 2038 maiestas
1375 1974 1432 2020 et
1455 1966 1700 2020 laudatio
1731 1978 1856 2020 cum
1899 1964 2056 2035 ejus.

445 2058 716 2127 principio
736 2067 958 2112 earente
993 2058 1174 2122 Patre,
1220 2064 1278 2111 et
1326 2055 1545 2111 viviﬁeo
1590 2054 1822 2125 Spiritu,
1873 2068 2022 2109 nunc

443 2158 496 2200 et
526 2164 762 2219 semper,
790 2149 915 2203 etin
946 2149 1140 2203 saecula
1168 2147 1517 2203 szeculorum.
1554 2146 1752 2202 Amen.

743 2221 784 2244 θ

2125 1872 2265 1943 μένῃ
2298 1870 2630 1942 Είρηνησσῷ
2664 1870 2957 1940 κατετέθη,
3002 1868 3205 1940 πολλὴν
3244 1868 3377 1938 δσην
3407 1867 3505 1936 τὴν
3535 1868 3696 1937 χάριν

2120 1967 2235 2027 τοῖς
2279 1963 2569 2033 προσιοῦσι
2619 1960 2963 2032 πηγάζονται
3015 1960 3098 2023 εἰς
3149 1958 3310 2026 δόξαν
3345 1956 3440 2011 τοῦ
3487 1956 3695 2026 Κυρίου

2120 2057 2281 2125 ἡμῶν
2327 2053 2501 2127 Ἰησοῦ
2551 2052 2813 2126 Χριστοῦ,
2856 2046 2899 2121 ᾧ
2950 2052 3152 2121 πρέπει
3204 2049 3567 2121 μεγαλωσύνη
3603 2053 3696 2102 καὶ

2123 2150 2335 2208 αἶνεπις
2374 2147 2473 2200 σὺν
2505 2146 2583 2215 τῷ
2616 2144 2840 2215 ὰνάρχῳ
2886 2141 3051 2196 αὑτοῦ
3092 2142 3267 2212 Πατρὶ
3312 2141 3406 2194 καὶ
3450 2140 3528 2209 τῷ
3560 2139 3695 2202 ζωο-

2125 2239 2263 2308 ποιῷ
2312 2237 2594 2307 Πνεύματι
2624 2276 2639 2301 ,
2671 2236 2897 2305 νῦντκαὶ
2928 2235 3014 2290 ἀεὶ
3069 2235 3163 2289 καὶ
3198 2235 3276 2298 είς
3320 2234 3445 2298 τοὺς
3498 2234 3698 2297 αἰῶνας

2121 2329 2228 2383 τῶν
2254 2347 2281 2383 ο
2293 2329 2483 2384 ίῶνων.
2541 2329 2584 2381 Δ
2592 2328 2718 2400 μήν.

1104 2630 1348 2715 ΒΙοΣ
1425 2633 1620 2715 ΚΑΙ
1695 2631 2245 2720 ΠΟΛΙΤΕΙΑ
2318 2635 2516 2721 ΚΑΙ
2593 2634 3032 2723 ΑΓΩΝΕΣ

1598 2812 1736 2869 Ter
1778 2812 1981 2868 OSIOY
2020 2786 2292 2871 Harpax
2328 2816 2526 2872 HMQN

1564 2977 2577 3181 ΙΩΑΝΝΙΚΙΟΥ

1171 3381 1421 3459 VITA
1477 3382 1663 3462 RES
1738 3383 2096 3467 GESTAE
2186 3389 2319 3468 ET
2377 3375 2988 3472 CERTAMINA'

1628 3566 1879 3626 SANCTI
1917 3540 2174 3629 Partus
2211 3550 2474 3630 NOSTRI
2648 3544 2653 3551 “

1124 3744 2011 3908 JOANNIGI

2201 3754 3015 3919 ABBATIS

1128 4018 1322 4082 (Latine
1356 4021 1485 4083 apud
1512 4020 1712 4073 Surium
1733 4021 1790 4070 ad
1819 4020 1954 4072 diem
1991 4023 2015 4074 ί

2121 4004 2187 4087 ά..
2221 4000 2478 4077 Graece:
2502 4008 2615 4093 cod,
2659 4042 2749 4079 ms.
2774 4004 2823 4078 n.
2852 4028 3012 4092 ιιεί.)
3120 4033 3123 4036 ’

508 4334 551 4389 1.
585 4334 741 4390 Viam
771 4348 893 4402 quze
939 4333 1095 4388 ducit
1135 4335 1202 4389 ad
1247 4336 1530 4402 virtutem,
1588 4341 1771 4394 sciunt
1830 4356 2015 4396 omnes

2197 4343 2278 4396 Αι,
2323 4338 2436 4414 Τὴν
2478 4343 2617 4412 πρὸς
2671 4343 2873 4415 ἀρετὴν
2922 4345 3041 4399 ὁδὸν
3084 4347 3377 4417 φέρουσαν,
3427 4359 3686 4424 τραχεῖαν

438 4440 566 4479 esse
616 4440 891 4494 asperam,
927 4425 1159 4481 arduam
1200 4426 1591 4490 etdillicilem,
1623 4429 2014 4500 idque'aperte

440 4513 559 4585 ipsa
591 4514 814 4569 discunt
858 4515 1216 4584 experientia.
1263 4518 1327 4570 Et
1389 4516 1512 4571 ideo
1547 4520 1735 4576 multis
1795 4526 2015 4591 quoque

442 4605 708 4676 indigent,
742 4620 864 4675 quae
898 4606 967 4660 ad
1000 4605 1172 4675 ipsam
1222 4607 1486 4676 excitent,
1538 4611 1737 4679 partim
1766 4611 2012 4681 quidem

442 4690 1178 4764 exhortationibus,‘partim
1233 4700 1416 4752 autem
1471 4700 1598 4754 vita:
1634 4702 1854 4771 quoque
1924 4700 2012 4757 hic

440 4786 608 4840 storia
639 4800 855 4851 eorum,
893 4785 986 4856 qui
1010 4786 1065 4840 in
1100 4787 1192 4841 illa
1232 4788 1387 4858 prius
1422 4798 1552 4845 sunt
1581 4793 1832 4863 ingressi,
1866 4795 2012 4865 quod

440 4876 605 4929 etiam
662 4876 834 4945 magis
870 4876 937 4931 ad
1007 4892 1127 4932 eam
1184 4878 1412 4934 attrahit
1460 4882 1580 4936 sine
1635 4885 1912 4952 molestia;
1958 4896 2015 4943 et

438 4965 607 5021 eilicit
635 4974 694 5020 ut
727 4981 837 5021 non
887 4967 1267 5038 despondeant
1316 4969 1556 5025 animum
1606 4984 1830 5044 propter
1874 4976 2016 5033 dim-

439 5059 701 5114 eultatem
741 5059 979 5116 itineris.
1015 5060 1079 5115 Ei
1124 5062 1299 5128 enim,
1334 5063 1427 5133 qui
1481 5064 1623 5119 riam
1669 5075 1756 5122 est
1802 5067 2012 5139 ingrcs-

441 5165 607 5207 surus
637 5167 885 5220 asperam
914 5161 977 5207 et
1012 5153 1314 5222 dillieilem,
1345 5156 1583 5213 suadens
1609 5168 1666 5214 et
1712 5160 2013 5217 adhortans

441 5242 716 5312 quispiam
786 5244 970 5300 minus
1043 5249 1398 5316 persuaserit,
1477 5250 1777 5306 ostendens
1830 5261 2011 5306 autem

442 5336 643 5390 multos
676 5351 797 5392 eam
828 5338 941 5408 jam
988 5339 1313 5406 confecisse,
1372 5350 1426 5396 et
1474 5342 1540 5396 ad
1590 5352 1834 5412 optatum
1886 5352 2009 5399 tan-

440 5425 566 5480 dem
625 5427 787 5481 tinem
840 5433 1178 5499 pervenisse,
1233 5432 1311 5488 sic
1350 5432 1521 5503 magis
1564 5434 1896 5502 persuaserit
1951 5442 2012 5488 ut

442 5526 695 5587 prompto
745 5531 804 5575 et
844 5522 1012 5576 alacri
1051 5525 1236 5579 animo
1269 5525 1375 5579 iter
1412 5524 1782 5596 aggrediatur.
1823 5525 2007 5582 Talem

437 5621 562 5665 esse
588 5608 844 5665 existimo
864 5615 1045 5683 magni
1075 5631 1295 5686 quoque
1318 5616 1495 5672 Patris
1524 5616 1794 5673 Joannicii
1818 5616 2005 5684 vitam,

438 5710 495 5759 et
546 5703 706 5773 longe
736 5703 1218 5775 iucundissimam,
1253 5716 1309 5765 et
1344 5709 1502 5780 longe
1539 5708 1908 5780 utilissimam,
1951 5720 2006 5767 et

2123 4430 2264 4486 εἶναι
2302 4433 2403 4487 καὶ
2443 4433 2647 4505 ἀνάντη
2698 4436 2793 4489 καὶ
2838 4435 3100 4506 δυσχερῆ,
3141 4439 3345 4496 πάντες
3380 4443 3552 4511 ίσασι,
3597 4450 3694 4503 καὶ

2122 4526 2189 4593 τῇ
2233 4525 2403 4594 πείρᾳ
2437 4525 2627 4595 σαφῶς
2661 4525 2995 4597 μανθάνουσι
3032 4539 3051 4559 ⁸
3078 4527 3165 4582 διὰ
3200 4530 3360 4585 τοῦτο
3413 4535 3509 4590 καὶ
3562 4540 3692 4592 πολ-

2121 4616 2231 4670 λῶν
2279 4616 2494 4671 δέονται
2553 4617 2665 4670 τῶν
2724 4617 2858 4688 πρὸς
2913 4619 3121 4690 ταύτην
3182 4623 3648 4694 παρακαλούντων
3674 4674 3688 4696 ,

2120 4705 2282 4760 τοῦτο
2315 4708 2414 4778 μὲν
2444 4707 2842 4779 παραινέσεων,
2879 4711 3037 4765 τοῦτο
3066 4712 3122 4766 δὲ
3158 4714 3253 4768 καὶ
3288 4714 3419 4785 βίων
3450 4720 3691 4794 ίστορίας

2123 4799 2232 4850 τῷν
2262 4798 2479 4867 ἐκείνην
2510 4799 2955 4869 προωδευκότων,
2988 4801 3016 4855 δ
3049 4803 3144 4856 καὶ
3169 4804 3369 4874 μᾶλλον
3398 4808 3692 4874 ἀκωλύτως

2120 4887 2411 4955 ἐφέλκεται
2436 4890 2572 4959 πρὸς
2604 4889 2775 4958 αὐτὴν
2817 4891 2911 4943 καὶ
2954 4894 3029 4962 μὴ
3071 4894 3473 4963 ἀπογινώσκειν
3503 4914 3688 4971 παρα·

2123 4976 2385 5041 σκευάζει
2445 4979 2544 5045 τῆς
2593 4978 2823 5047 πορείας
2867 4978 2927 5032 τὸ
2983 4978 3266 5049 δύσκολον,
3317 4983 3439 5036 ἐπεὶ
3466 4988 3562 5038 καὶ
3613 4987 3691 5056 τῷ

2126 5069 2377 5140 μέλλοντι
2434 5067 2672 5137 βαδίζειν
2730 5067 2850 5123 ὁδὸν
2904 5069 3174 5142 δύσπορον
3241 5074 3336 5126 καὶ
3405 5079 3688 5146 τραχεῖαν,

2103 5158 2415 5230 ’παραινῶν
2446 5174 2553 5224 τις,
2597 5158 2692 5212 καὶ
2727 5162 3194 5231 προτρεπόμενος,
3230 5160 3396 5235 ἧττον
3426 5168 3688 5234 πείσειεν,

2122 5246 2496 5303 ὑποδεικνύων
2566 5250 2624 5302 δὲ
2682 5249 2910 5315 πολλοὺς
2964 5252 3136 5325 αὐτὴν
3195 5254 3297 5327 ήδη
3359 5256 3687 5325 διελθόντας,

2115 5338 2238 5396 εἶτα
2284 5341 2383 5394 κᾶν
2451 5338 2530 5410 τῷ
2574 5340 2718 5394 τέλει
2792 5341 2975 5406 καλῶς
3021 5344 3473 5410 καταλύσαντας.
3540 5346 3690 5404 οὕτω

2123 5433 2304 5486 πείσει
2340 5431 2543 5502 μᾶλλον
2571 5436 2667 5488 καὶ
2695 5434 2859 5487 αὑτὸν
2890 5434 2956 5487 ἂν
2998 5434 3295 5505 προθύμως
3323 5437 3422 5502 τῆς
3461 5441 3689 5510 πορείας

2125 5525 2389 5595 ἅψασθαι.
2427 5526 2680 5580 Τοιοῦτον
2707 5523 2862 5596 οἶμαι
2892 5522 3035 5581 εἶναι
3078 5528 3170 5582 καὶ
3201 5528 3293 5582 τὸν
3318 5528 3413 5583 τοῦ
3442 5533 3681 5602 μεγάλου

2121 5608 2334 5690 Harpe;
2377 5619 2706 5673 Ἰωαννικίου
2769 5619 2922 5690 βίον,
2973 5621 3120 5690 μάλα
3166 5623 3265 5693 μὲν
3303 5626 3681 5696 χαριέστατον,

2118 5713 2266 5784 μάλα
2292 5714 2349 5769 δὲ
2389 5714 2818 5786 ὠφελιμώτατον
2846 5754 2861 5782 ,
2899 5714 2995 5769 καὶ
3022 5713 3320 5785 δυνάμενον
3357 5719 3557 5784 ἱκανῶς
3590 5718 3684 5773 καὶ
