4066 6372
320 277 386 334 Ii'l
1403 269 1577 328 ΠΤΛ
1611 268 1672 328 S.
1712 268 1894 327 JDAN

1999 267 2098 325 Cll
2139 269 2479 329 ABBATIS.
3489 277 3560 339 38

315 381 485 437 αὖτδν
517 379 608 430 τὶν
651 371 854 445 κομιεῆ
898 377 1138 448 ῥᾴθυμον
1166 376 1431 445 διεγεῖραι
1478 373 1614 444 πρὸς
1643 371 1743 444 τὴν
1783 373 1883 442 τῆς

1999 389 2108 444 qua:
2136 376 2250 446 ipsa
2294 394 2512 449 quoque
2543 385 2723 448 potest
2756 378 2841 433 vel
2890 377 3047 434 valde
3098 381 3382 437 socordem
3409 386 3562 439 exci-

317 473 526 545 ἀρετῆς
559 470 905 538 ἐπιμέλειαν.
943 468 1200 535 Λεγέσθω
1230 464 1523 536 τοιγαροῦν
1556 466 1625 518 τὰ
1667 465 1882 518 ἐκείνου

322 564 449 618 καθ’
483 563 612 615 δσσν
643 558 755 613 οἷόν
787 576 868 624 τε,
913 560 1005 611 καὶ
1058 561 1138 621 είς
1174 557 1338 627 μέσον
1374 558 1503 626 ὑμῖν
1546 555 1890 623 προτιθέσθω

316 657 428 718 τοῖς
448 652 741 721 φιλοθέοις,
761 650 883 704 ὅθεν
909 667 968 702 τε
995 649 1245 718 ἤρξαντο,
1281 648 1375 701 καὶ
1402 649 1482 712 είς
1510 641 1621 701 οἷον
1654 646 1762 717 ἄρα
1796 644 1891 699 καὶ

317 743 623 813 κατέληξαν
652 743 847 813 πέρας.
883 741 1037 811 Ἔχει
1063 742 1118 792 δὲ
1143 739 1318 803 οὕτως
1351 757 1365 771 ·

391 924 470 976 B’.
555 923 1155 992 Τεσσαρεσκαιοεκατῳ
1227 925 1338 973 ὲτει
1407 920 1505 989 τῆς
1571 918 1890 989 τυραννίδος

318 1017 554 1078 Λέοντος
613 1013 710 1068 τοῦ
768 1014 1187 1068 Κωνσταντίνου
1253 1012 1468 1077 παιδὸς,
1522 1012 1619 1066 τοῦ
1666 1012 1762 1066 καὶ
1821 1013 1882 1075 ἐξ

332 1106 598 1174 Ἰσαύρων
646 1105 899 1167 ἕλκοντος
937 1104 1036 1174 τὴν
1069 1104 1162 1156 τοῦ
1218 1102 1408 1169 γένους
1453 1102 1662 1170 σειρὰν,
1695 1103 1722 1154 6
1757 1100 1889 1153 θαυ-

323 1197 531 1267 μαστὸς
580 1195 911 1258 Ἰωαννίκιος
959 1194 1068 1247 τῶν
1124 1193 1415 1262 μητρικῶν
1458 1192 1715 1261 θαλάμων
1749 1209 1891 1263 προ-

316 1290 539 1357 έρχεται
572 1302 587 1316 °
625 1281 670 1354 ᾧ
717 1286 918 1355 πατρὶς
950 1286 1047 1355 μὲν
1080 1287 1113 1355 ή
1148 1284 1389 1337 Βιθυνῶν
1420 1283 1655 1353 ἐπαρχία
1679 1326 1694 1347 ,
1725 1283 1887 1355 κώμη

316 1379 373 1430 δὲ
408 1378 738 1447 Μαρυκάτου
796 1376 1107 1445 καλουμένη
1171 1375 1309 1445 πρὸς
1360 1376 1470 1437 τοῖς
1525 1374 1886 1445 βορειοτέροις

320 1468 861 1539 τῆςἈπολλωνιὰδος
890 1467 1137 1542 κειμένη,
1174 1467 1498 1536 γεννήτορες
1527 1466 1893 1536 ὲπαληθεύονυ

324 1577 416 1623 τες
446 1563 561 1622 τοῖς
597 1561 781 1630 ἔργοις
805 1560 905 1629 τὴν
936 1560 1127 1627 κλῆσιν
1153 1596 1168 1623 ,
1201 1558 1557 1629 Μυριτζίκιος
1599 1561 1691 1612 καὶ
1731 1560 1890 1612 Ἀνα-

320 1654 525 1706 στασώ.
558 1652 827 1720 Ἔμελλον
858 1652 970 1719 γὰρ
995 1646 1112 1703 οἷον
1145 1650 1336 1721 χάριεν
1376 1650 1528 1713 ῥόδον
1562 1649 1653 1703 τὸν
1680 1649 1888 1704 δίκαιον

319 1742 610 1795 ἀναδοῦναι
660 1744 723 1810 τῇ
771 1741 1046 1811 εὐσεϐείᾳ,
1097 1740 1203 1793 ἀπὸ
1246 1739 1393 1810 ζωῆς
1435 1742 1516 1803 είς
1563 1738 1710 1808 ζωὴν
1741 1742 1885 1795 κατά

321 1835 409 1887 τὸν
434 1835 576 1887 θεῖον
622 1833 971 1894 Ἀπόστολον,
1005 1835 1117 1896 τοῖς
1162 1833 1261 1901 τῆς
1309 1834 1511 1902 ἀρετῆς
1542 1832 1740 1902 μύροις
1790 1835 1885 1886 ὲκο

328 1926 663 1994 καλούμενον
710 1927 835 1987 τοὺς
890 1924 1121 1986 πολλοὺς
1169 1923 1265 1976 καὶ
1324 1922 1419 1976 τοῦ
1476 1925 1575 1994 τῆς
1608 1918 1905 1995 ἁμαρτίας

327 2015 618 2083 πτώματος
646 2015 979 2081 ἀνιστῶντα,
1015 2016 1109 2067 καὶ
1138 2015 1254 2067 ὁδὸν
1287 2015 1680 2069 ὑποδεικνύντα
1716 2017 1891 2086 σωτή-

326 2124 461 2174 ριον,
488 2105 564 2168 ὠς
596 2107 624 2157 ὁ
661 2105 817 2172 λόγος
858 2104 1113 2175 δηλώσει.
1151 2105 1326 2168 Εὐθὺς
1376 2107 1486 2176 γὰρ
1547 2108 1611 2160 ὲκ
1663 2108 1890 2178 πρώτης

326 2198 508 2267 τριχὸς
537 2196 822 2266 αἰσθητοῖς
854 2196 1113 2266 βρώμασι
1149 2196 1677 2267 παιδοτριὸούμενός
1704 2214 1765 2250 τε
1794 2198 1889 2250 καὶ

327 2284 683 2354 ἀναγόμενος,
716 2280 805 2338 οἷα
835 2289 985 2349 παῖς,
1013 2286 1071 2337 οὐ
1105 2286 1204 2354 τὴν
1233 2286 1524 2353 ἐγκύκλιον
1555 2286 1764 2355 ταύτην
1794 2288 1889 2341 καὶ

328 2378 598 2446 κοσμικὴν
630 2363 812 2431 εἵλετο
838 2377 1054 2446 σοφίαν,
1095 2378 1233 2431 ἀλλά
1263 2377 1363 2447 τὴν
1389 2380 1776 2449 προσάγουσάν
1828 2396 1890 2433 τε

328 2471 424 2522 καὶ
459 2470 770 2523 οἰκειοῦσαν
800 2470 943 2539 Θεῷ,
975 2470 1096 2539 ἥτις
1137 2471 1231 2523 καί¹
1280 2470 1423 2540 ἁρχὴ
1472 2471 1662 2538 σοφίας
1698 2470 1845 2523 ἐστίν
1873 2485 1888 2500 ·

330 2556 431 2610 εἷθ’
462 2563 488 2612 ὁ
516 2560 607 2612 τοῦ
635 2560 771 2613 Θεοῦ
811 2562 996 2628 φόϐος,
1031 2562 1126 2613 καὶ
1160 2561 1222 2613 τὸ
1268 2561 1388 2613 κατ’
1416 2562 1559 2631 ἴχνος
1589 2562 1754 2615 αὐτοῦ
1782 2562 1891 2616 τῶν

332 2652 561 2703 ἐντολῶν
602 2652 851 2705 ἔπεσθαι.
884 2653 1194 2721 Π;.οέκοπτε
1227 2654 1406 2704 τοίνυν
1436 2656 1523 2705 ἐπ’
1555 2656 1747 2723 ἀρετῇ,
1800 2654 1893 2706 καὶ

336 2744 459 2811 θεία
498 2744 739 2813 παιδεῖα,
766 2744 960 2796 ὁπόσαι
991 2744 1213 2813 ἡμέραι,
1249 2745 1344 2796 καὶ
1378 2744 1621 2797 ἐπεδίδου
1653 2746 1752 2816 τὴν
1793 2763 1894 2799 κα-

341 2832 441 2902 λὴν
477 2833 650 2895 ὅντως
680 2834 936 2888 ἐπίδοσιν.
988 2820 1052 2886 Τί
1107 2834 1165 2887 δὲ
1219 2836 1445 2905 ὁταχῦς
1496 2838 1577 2896 είς
1627 2836 1894 2889 ἀντίδοσιν

331 2922 444 2974 τῶν
475 2921 698 2988 ἀγαθῶν
725 2920 963 2989 Κύριοςς
1007 2919 1175 2974 Οὔπω
1218 2923 1317 2993 τὴν
1378 2922 1601 2990 πρώτην
1651 2925 1678 2976 ὁ
1723 2924 1894 2993 μέγας

1991 474 2108 521 tarc
2142 467 2209 520 ad
2245 469 2486 523 studium
2519 469 2763 528 virtutis.
2804 470 3067 525 Dicantur
3097 485 3230 540 ergo
3258 487 3350 527 res
3394 474 3560 539 illius,

1990 558 2168 627 quoad
2203 559 2323 628 ejus
2357 559 2472 614 fieri
2507 562 2728 630 poterit,
2759 570 2815 616 et
2847 560 3004 616 vobis
3039 562 3145 631 piis
3191 579 3255 619 ac
3289 566 3565 635 religiosis

1991 648 2045 701 in
2081 648 2319 702 medium
2360 650 2726 718 proferantur,
2774 653 2917 707 unde
2960 653 3169 708 scilicet
3206 655 3457 722 coeperit,
3509 666 3564 710 et

1991 738 2058 793 ad
2093 755 2254 809 quem
2288 740 2451 796 finem
2494 744 2712 797 tandem
2749 744 3082 813 pervenerit.
3119 744 3211 800 Sic
3248 755 3433 801 autem
3464 748 3561 801 ha-

1992 830 2106 887 bet:

2065 924 2132 980 Il.
2191 924 2615 991 Quartodecimo
2671 942 2814 982 anno
2870 929 3174 998 tyrannidis
3223 930 3423 986 Leonis
3467 932 3559 987 filii

1991 1014 2358 1080 Constantini,
2416 1016 2509 1086 qui
2543 1017 2703 1071 etiam
2755 1018 2971 1087 generis
3022 1019 3217 1073 seriem
3276 1022 3439 1075 traxit
3494 1038 3561 1076 ex

1991 1106 2219 1168 Isauria,
2248 1106 2584 1160 admirabilis
2614 1107 2934 1161 Joannicius
2974 1110 3239 1183 procedit
3265 1126 3332 1165 ex
3366 1120 3566 1165 mater-

1994 1196 2079 1249 nis
2130 1195 2402 1250 thalamis.
2461 1194 2563 1251 Cui
2601 1197 2777 1266 patria
2843 1198 3063 1267 quidem
3122 1198 3226 1253 fuit
3286 1198 3562 1265 provincia

1992 1286 2393 1356 Bithynorum:
2425 1288 2580 1341 vicus
2619 1296 2824 1353 autem,
2878 1290 2971 1358 qui
3009 1298 3235 1344 vocatur
3283 1290 3564 1360 Marycati.

1992 1376 2131 1432 situs
2168 1377 2232 1431 ad
2265 1379 2535 1432 borealem
2573 1388 2787 1448 partem
2825 1379 3201 1449 Apolloniadis
3242 1399 3257 1436 :
3289 1390 3562 1450 parentes,

1991 1467 2085 1535 qui
2132 1467 2293 1523 factis
2331 1468 2464 1537 ipsis
2525 1486 2709 1526 veram
2767 1472 3076 1526 reddebant
3114 1475 3564 1543 appellationem,

1992 1558 2325 1629 Myritzicius
2358 1571 2413 1615 et
2444 1561 2735 1617 Anastaso.
2771 1563 2943 1617 Erant
2967 1564 3113 1616 enim
3157 1573 3415 1633 tanquam
3445 1564 3568 1633 pul-

1994 1650 2180 1704 chram
2235 1654 2643 1722 rosamjustum
2702 1654 3046 1709 Joannicium
3104 1656 3307 1710 edituri
3350 1657 3565 1726 pietati,

1989 1742 2143 1809 quia
2178 1741 2286 1795 vita
2331 1742 2398 1796 ad
2429 1744 2620 1823 vitam,
2665 1755 2725 1799 ut
2772 1746 2905 1800 dicit
2943 1747 3254 1816 Apostolus,
3303 1749 3569 1803 evocabat

1989 1831 2193 1886 multos
2221 1843 2515 1905 unguento
2555 1836 2854 1905 pietatis,et
2883 1852 2911 1891 a
2938 1837 3094 1907 lapsu
3143 1838 3356 1906 peccati
3404 1837 3569 1892 facie-

1990 1922 2086 1978 bat
2110 1938 2354 1993 surgere,
2390 1934 2447 1979 et
2474 1925 2615 1978 viam
2639 1927 2966 1981 ostendebat
2990 1928 3311 1989 salutarem,
3349 1937 3409 1981 ut
3447 1928 3564 1999 jam

1990 2015 2245 2070 ostendet
2288 2016 2486 2073 oratio.
2543 2016 2739 2071 Statim
2791 2034 2923 2087 ergo
2981 2021 3049 2091 ab
3092 2019 3331 2089 ineunte
3384 2028 3565 2083 aetate,

1990 2123 2114 2163 cum
2173 2109 2470 2164 sensilibus
2520 2109 2660 2163 cibis
2713 2110 2955 2165 aleretur
3000 2117 3058 2165 et
3110 2111 3442 2165 educaretur
3504 2120 3567 2164 ut

1990 2214 2148 2269 puer,
2181 2215 2291 2253 non
2319 2199 2732 2269 disciplinarum
2760 2202 2951 2255 orbem
2980 2210 3036 2255 et
3066 2203 3398 2255 mundanam
3442 2202 3561 2256 ele-

1992 2288 2071 2358 git
2111 2289 2455 2357 sapientiam,
2483 2290 2576 2343 sed
2605 2304 2750 2353 eam,
2777 2306 2898 2359 qua:
2929 2294 2995 2345 ad
3032 2291 3207 2345 Deum
3240 2292 3485 2354 adducit,
3513 2301 3571 2346 et

1990 2379 2043 2433 ei
2092 2378 2272 2433 reddit
2315 2379 2661 2444 familiarem,
2693 2366 2815 2449 qua:
2861 2392 2944 2435 est
3000 2382 3216 2435 initium
3262 2382 3567 2451 sapientiae,

1992 2486 2189 2540 nempe
2228 2471 2323 2526 Dei
2369 2472 2699 2534 timorem‘,
2742 2482 2795 2526 et
2831 2473 2948 2542 ejus
2977 2474 3360 2528 mandatorum
3418 2472 3558 2526 insi-

1999 2566 2146 2614 stere
2175 2560 2396 2628 vigiliis.
2425 2559 2752 2615 Proficiebat
2779 2576 2912 2631 ergo
2941 2562 2997 2615 in
3030 2562 3148 2616 dies
3187 2563 3241 2615 in
3270 2561 3474 2615 virtute
3513 2568 3570 2613 rt

1993 2649 2175 2704 divina
2198 2642 2507 2719 disciplina,
2532 2661 2588 2705 et
2610 2652 2838 2720 pulchro
2877 2655 3175 2723 augebatur
3204 2653 3565 2706 incremento.

1993 2740 2132 2807 Quid
2170 2750 2351 2795 autem
2379 2742 2662 2804 Dominus,
2729 2743 2826 2812 qui
2870 2753 2956 2798 est
3011 2744 3169 2797 velox
3200 2743 3266 2797 ad
3299 2743 3567 2796 bonorum

1996 2832 2541 2888 remunerationem?
2590 2833 2848 2888 Nondum
2902 2846 3133 2903 magnus
3167 2832 3490 2887 Joannicius
3536 2847 3567 2884 e

1996 2923 2170 2992 prima
2204 2929 2366 2977 aetate
2410 2932 2738 2986 excesserat,
2779 2933 2834 2977 et
2862 2937 3062 2977 munus
3092 2922 3307 2985 obiens,
3340 2921 3485 2991 quod
3513 2920 3566 2974 ci

332 3012 565 3082 ἤμειϐεν
596 3012 820 3081 ἠλικίαν
847 3052 863 3077 ,
903 3014 999 3066 καὶ
1050 3013 1114 3081 ἣν
1140 3013 1292 3083 παρὰ
1326 3013 1434 3066 τῶν
1463 3014 1661 3082 γονέων
1694 3013 1896 3083 ἐτάχθη

2002 3013 2179 3070 fuerat
2209 3014 2524 3068 mandatum
2547 3030 2577 3068 a
2603 3014 2947 3083 parentibus,
2985 3016 3040 3068 in
3073 3022 3336 3068 consueta
3367 3027 3567 3080 pascua

327 3103 675 3175 λειτουργίαν
703 3103 879 3156 τελῶν
952 3104 1075 3165 ταῖς
1162 3101 1423 3172 συνήθεσι
1490 3106 1684 3172 νομαῖς
1740 3106 1895 3168 τοὺς

331 3198 544 3267 χοίρους
578 3196 863 3264 ἐπαφιεὶς,
894 3198 922 3248 6
951 3196 1049 3265 μὲν
1078 3193 1158 3267 τῷ
1189 3194 1283 3247 τοῦ
1308 3195 1548 3266 σταυροῦ
1586 3196 1744 3267 τύπῳ
1768 3196 1898 3249 τού-

329 3303 452 3348 τους
503 3286 858 3357 ἑσημειοῦτο,
899 3287 994 3340 καὶ
1037 3287 1136 3348 τὰς
1193 3285 1447 3355 συνήθεις
1502 3287 1663 3350 αὐτὸς
1731 3288 1896 3358 εὐχὰς

332 3375 584 3428 ἀπεδίδου
607 3375 730 3446 Θεῷ
764 3392 780 3406 ο
807 3378 854 3429 oi
880 3376 937 3428 δὲ
967 3377 1160 3447 έμενον
1186 3376 1546 3430 ἀδιάσπαστοι
1594 3376 1771 3446 λύμης
1802 3380 1899 3430 ἀν-

335 3463 567 3532 θρώπων
610 3465 750 3535 ὁμοῦ
803 3465 897 3518 καὶ
938 3464 1132 3536 θηρῶν
1185 3465 1475 3532 ἀνώτεροι,
1528 3464 1632 3527 ἓως
1658 3465 1754 3534 ὀψὲ
1802 3465 1900 3534 τῆς

338 3556 550 3625 ἡμέρας
592 3556 946 3626 ἀναστρέψας
975 3558 1001 3608 6
1028 3555 1183 3623 ἆγιος
1206 3594 1223 3621 ,
1270 3556 1363 3608 ἐπὶ
1391 3555 1492 3626 τήν
1521 3556 1703 3609 οίκξαν
1738 3555 1903 3611 πάλιν

338 3649 528 3711 αὐτοὺς
556 3649 919 3702 εἰσελάσειεν.

407 3737 480 3793 Γ.
518 3738 676 3791 Ἐπεὶ
705 3740 761 3792 δὲ
786 3742 814 3792 6
846 3741 945 3810 μὲν
974 3740 1065 3795 τὸν
1085 3740 1289 3810 ἔφηϐον
1318 3740 1538 3811 ήμειϐε,
1572 3739 1631 3794 τό
1656 3731 1715 3794 τε
1740 3739 1901 3810 σῶμα

339 3828 436 3883 οὒκ
492 3830 677 3897 ἀφυὴς
727 3829 806 3883 ῶν
861 3832 957 3884 καὶ
1010 3832 1110 3902 τήν
1157 3832 1280 3900 ὄψιν
1338 3832 1439 3884 οὐκ
1486 3832 1704 3900 ἀγεννεῖ
1748 3831 1904 3899 ἀνδρὶ

344 3921 532 3983 ἐοικώς
575 3936 589 3951 ⁸
630 3914 839 3991 ἐκλογῆ
899 3920 957 3974 δὲ
1015 3921 1154 3991 πρὸς
1211 3922 1499 3992 ἀκρίὸειαν
1558 3920 1904 3992 στρατιωτῶν

347 4009 640 4080 προστάξει
674 4011 771 4064 τοῦ
804 4011 1117 4081 τηνικαῦτα
1150 4010 1482 4083 κρατοῦντος
1510 4012 1725 4080 ἐγένετο
1754 4026 1768 4042 ο
1787 4015 1905 4065 τοτε

342 4099 406 4170 δὴ
441 4100 534 4153 καὶ
566 4101 595 4153 6
630 4101 945 4171 θαυμαστὸς
1003 4094 1158 4161 οὗτος
1214 4100 1292 4171 τῷ
1340 4101 1447 4154 τῶν
1512 4100 1906 4173 ὲξκουϋιτόρων

348 4194 790 4263 ἐναπογράφεται
816 4193 1083 4264 τάγματι.
1120 4191 1230 4246 Ἦν
1266 4188 1360 4247 οὖν
1397 4192 1647 4257 ποθεινὸς
1692 4193 1791 4262 μὲν
1836 4196 1903 4264 τῇ

350 4285 581 4354 στρατιᾷ
607 4284 673 4337 δι’
703 4284 1028 4348 ἐπιείκειαν,
1064 4283 1297 4354 φοϐερὸς
1345 4284 1400 4337 δὲ
1438 4285 1555 4346 τοῖς
1584 4284 1793 4353 ἐχθροῖς
1816 4282 1906 4336 διὰ

348 4375 726 4441 γενναιότητα,
761 4376 829 4429 τὰ
864 4375 1036 4429 πολλὰ
1064 4375 1285 4439 τούτους
1314 4375 1406 4429 καὶ
1450 4375 1591 4448 μόνῃ
1640 4374 1739 4446 θέᾳ
1784 4393 1907 4448 τρο.

349 4467 641 4534 ποῦμενος.
701 4466 859 4521 Οὕτω
904 4467 1197 4538 τοιγαροῦν
1247 4465 1411 4537 ἔχων,
1457 4467 1553 4519 καὶ¹
1599 4465 1741 4519 οῦτω
1777 4468 1906 4540 περὶ

349 4558 546 4610 πολλοῦ
575 4557 655 4627 τῷ
690 4558 1061 4629 στρατεύματι
1111 4558 1186 4611 ὢν
1226 4560 1356 4629 περὶ
1405 4557 1650 4623 πλείονος
1696 4559 1905 4630 ὑπῆρχε

350 4648 487 4718 Θεῷ,
522 4649 645 4704 καθ’
692 4648 723 4702 δ
771 4649 880 4703 τῶν
916 4651 1078 4704 αὐτοῦ
1113 4650 1346 4705 ἐντολῶν
1378 4650 1556 4720 φύλαξ
1584 4646 1651 4721 ἦν
1673 4650 1906 4721 ἀκριὸέ-

352 4757 565 4804 στατος.
619 4739 793 4795 Ταῦτ’
841 4742 935 4796 οῦν
978 4745 1007 4796 ὁ
1048 4742 1281 4813 πονηρὸς
1322 4742 1487 4812 ὀρῶν,
1529 4742 1623 4811 τῆς
1651 4759 1710 4794 τε
1745 4740 1908 4812 ἄλλης

351 4832 579 4901 ἀρετῆς,
620 4834 714 4886 καὶ
742 4832 809 4904 δὴ
836 4834 1057 4904 καὶτῆς
1099 4834 1237 4901 πρὸς
1284 4833 1346 4885 τὸ
1374 4832 1530 4885 Θετον
1568 4830 1801 4894 νεύσεώς
1848 4848 1908 4884 τε

350 4925 447 4976 καὶ
480 4926 811 4988 οἱκειὼσεως
845 4925 1156 4995 βασκαίνων
1186 4924 1354 4996 αὐτῷ,
1397 4924 1656 4995 ὲνήδρευέ
1684 4941 1742 4977 τε
1769 4926 1911 4992 ἁφα-

354 5015 485 5080 νῶς,
522 5017 615 5069 καὶ
646 5016 839 5085 λόχους
882 5016 1106 5080 ἐκάθιζε
1151 5018 1292 5071 κατὰ
1339 5016 1433 5070 τοῦ
1486 5015 1699 5086 ἀνδρός.
1745 5015 1908 5069 Ὅθεν

353 5109 445 5159 καὶ
510 5108 698 5178 κοινήν
768 5124 900 5159 ποτε
958 5106 1375 5170 κατασκεδάσας
1446 5105 1555 5159 τῶν
1610 5105 1916 5179 ἀνθρώπων

350 5199 540 5268 ἀχλὺν,
574 5199 650 5263 ὡς
680 5199 747 5252 ἄν
798 5199 873 5269 μὴ
921 5200 1051 5261 ταῖς
1094 5198 1272 5262 θείαις
1323 5198 1498 5251 είκὸσι
1538 5197 1598 5250 τὸ
1632 5199 1912 5269 προσῆκον

352 5292 679 5361 ἀπονέμοιεν
721 5290 909 5356 σέϐας,
943 5290 1137 5359 φθάνει
1171 5290 1267 5344 καὶ
1303 5290 1497 5361 μέχρις
1537 5289 1865 5344 ἰωαννικὶου
1894 5329 1910 5357 ,

353 5382 446 5436 καὶ
478 5383 667 5435 τοῦτον
698 5382 763 5453 δὴ
806 5381 898 5434 τὸν
926 5380 1090 5434 καλὸν
1121 5383 1178 5435 ἐν
1226 5382 1494 5452 ἀσκηταίς
1529 5380 1697 5451 ἄνδρα
1743 5383 1911 5451 αἱρεῖ,

356 5475 451 5526 καὶ
500 5475 635 5544 πρὸς
683 5476 786 5545 τήν
829 5472 1082 5543 ὀλεθρίαν
1132 5472 1340 5542 αἵρεσιν
1386 5473 1496 5527 τῶν
1530 5472 1912 5545 Εἰκονομάχων

461 5656 481 5689 ¹
517 5655 660 5713 Psal.
693 5669 779 5721 cx,
822 5655 916 5721 10;
962 5653 1119 5711 l‘rov.
1150 5673 1189 5723 ι,
1224 5650 1299 5721 ιι,
1337 5653 1417 5710 ιο.

2000 3119 2198 3173 porcos
2233 3104 2554 3167 immittens,
2590 3104 2681 3159 ille
2719 3104 2940 3173 quidem
2977 3118 3076 3159 eos
3111 3102 3568 3172 signabatiigura

1998 3194 2203 3259 crucis,
2262 3203 2321 3250 et
2367 3195 2484 3265 ipse
2527 3204 2819 3251 consuetas
2866 3210 3057 3265 preces
3107 3195 3220 3250 Deo
3281 3192 3568 3248 reddebat:

1999 3285 2082 3342 illi
2109 3295 2292 3341 autem
2327 3286 2722 3356 permanebant
2747 3286 3033 3357 indivulsi,
3073 3286 3227 3341 nullo
3254 3300 3356 3339 nec
3390 3283 3571 3337 homi-

1999 3392 2131 3431 num
2188 3392 2290 3433 nec
2323 3376 2623 3433 bestiarum
2655 3376 2855 3433 damno
2897 3379 3121 3432 omnino
3148 3376 3355 3440 affecti,
3382 3375 3563 3429 donec

1999 3485 2228 3539 vespere
2323 3486 2577 3531 reversus
2642 3479 2864 3527 sanctus
2926 3486 3023 3527 eos
3090 3470 3311 3525 domum
3379 3483 3573 3522 rursus

2002 3571 2205 3621 ageret.

2078 3741 2162 3796 lli.
2198 3740 2335 3796 Cum
2375 3752 2556 3796 autem
2585 3743 2674 3797 ille
2708 3741 2930 3811 quidem
2976 3742 3086 3812 jam
3127 3748 3453 3807 excessisset
3480 3754 3575 3793 ex.

2005 3827 2257 3896 ephebis,
2308 3839 2438 3883 tunc
2496 3845 2620 3884 cum
2659 3837 2806 3885 esset
2861 3839 2917 3884 et
2975 3844 3205 3899 corpore
3278 3830 3455 3899 agilis,
3519 3840 3574 3882 ct

2007 3929 2230 3989 aspectu
2265 3935 2374 3989 pra:
2403 3935 2461 3975 se
2489 3920 2659 3976 ferret
2689 3920 2926 3990 speciem
2959 3919 3198 3975 hominis
3225 3922 3334 3974 utin
3366 3919 3571 3989 ignavi,

2010 4011 2308 4068 haberetur
2337 4028 2465 4066 vero
2499 4021 2789 4068 accuratus
2835 4013 3068 4067 militum
3116 4011 3367 4066 delectus
3413 4011 3571 4079 jussu

2009 4102 2147 4170 ejus,
2182 4102 2277 4170 qui
2312 4112 2440 4155 tunc
2480 4116 2663 4155 rerum
2718 4101 3069 4170 potiebatur:
3119 4107 3251 4153 tunc
3298 4097 3400 4152 hic“
3435 4112 3574 4166 quo-

2009 4204 2115 4259 que
2169 4190 2254 4243 vir
2313 4187 2669 4242 admirandus
2751 4188 2956 4241 relatus
3003 4185 3107 4241 fuit
3159 4186 3217 4240 in
3278 4200 3571 4241 numerum

2009 4279 2415 4336 excubitorum.
2450 4278 2582 4333 Erat
2622 4288 2802 4334 autem
2835 4277 3100 4334 exercitui
3124 4277 3343 4348 quidem
3375 4278 3577 4347 jucun-

1936 4355 1984 4415 ο
2011 4377 2116 4432 dus
2136 4384 2361 4447 propter
2382 4374 2846 4430 moderationem:
2882 4374 3120 4429 inimicis
3149 4388 3279 4428 vero
3303 4372 3572 4428 terribilis

2015 4478 2242 4541 promer
2295 4467 2699 4531 fortitudinem,
2744 4475 2803 4519 ut
2862 4465 2954 4535 qui
2998 4480 3095 4520 eos
3137 4478 3280 4533 saepe
3331 4462 3419 4518 vel
3462 4463 3584 4518 solo

2015 4570 2239 4632 aspectu
2272 4560 2326 4626 in
2356 4560 2536 4628 fugam
2575 4566 2836 4613 verteret.
2887 4555 3023 4611 Cum
3068 4572 3127 4612 se
3172 4569 3305 4626 ergo
3349 4556 3431 4611 sic
3482 4571 3577 4625 ge-

2016 4664 2183 4716 reret,
2230 4662 2286 4707 et
2343 4652 2479 4705 tanti
2536 4650 2691 4704 ﬁeret
2742 4649 2811 4703 ab
2872 4648 3140 4711 exercitu,
3199 4646 3345 4717 apud
3408 4647 3578 4700 Deum

2017 4746 2199 4801 adhuc
2250 4742 2424 4812 pluris
2479 4740 2663 4805 (iebat,
2696 4746 2966 4808 quatenus
3009 4739 3129 4809 ejus
3189 4744 3458 4807 praecepta
3510 4736 3579 4789 ad

2021 4849 2257 4907 unguem
2297 4823 2643 4896 observabat,
2704 4830 2817 4885 lloc
2866 4845 3002 4900 ergo
3054 4829 3246 4883 videns
3284 4826 3580 4895 malignus,

2015 4938 2073 4986 et
2109 4942 2233 4985 cum
2281 4925 2445 4979 aliam
2471 4922 2750 4986 virtutem,
2795 4929 2911 4976 tum
2950 4922 3069 4991 ejus
3102 4934 3226 4974 cum
3263 4918 3372 4972 Deo
3417 4918 3580 4971 fami.

2021 5025 2316 5079 liaritatem
2364 5026 2421 5072 et
2452 5016 2892 5088 conjunctionem
2928 5013 2980 5069 ei
3011 5010 3307 5074 invideret,
3340 5010 3398 5064 in
3449 5023 3576 5062 eum

2020 5117 2256 5171 latenter
2309 5108 2662 5180 comparabat
2713 5105 2962 5161 insidias.
3028 5101 3396 5169 Quamobrem
3452 5112 3578 5152 cum

2018 5200 2313 5274 aliquando
2343 5198 2660 5255 hominibus
2700 5208 3045 5257 communem
3076 5190 3362 5246 oll‘udisset
3390 5187 3581 5256 caligi-

2021 5311 2168 5362 nem,
2199 5302 2261 5348 ut
2296 5308 2409 5348 non
2451 5289 2653 5347 divinis
2682 5286 3013 5358 imaginibus
3059 5297 3208 5340 eum.
3262 5293 3425 5349 quem
3481 5292 3579 5346 par

2021 5394 2163 5454 erat,
2214 5385 2480 5440 honorem
2530 5382 2854 5442 tribuerent,
2895 5374 3157 5446 pervenit,
3185 5370 3349 5431 etiam
3408 5381 3583 5437 usque

2024 5480 2092 5536 ad
2130 5474 2475 5533 Joannicium
2517 5472 2771 5543 capitque
2803 5478 2857 5525 et
2885 5474 3161 5539 expugnat
3208 5464 3355 5521 hunc
3401 5457 3593 5516 virum-
