4060 6374
433 305 504 366 39
1697 295 1981 357 MENSIS
2021 289 2456 353 NOVEMBEH.
3606 283 3678 346 40

436 416 764 483 prmclarum
802 417 947 471 inter
986 419 1397 480 exercitatores,
1435 424 1489 470 ct
1523 411 1730 467 inducit
1774 424 1899 465 eum
1940 406 2004 460 ad

2115 403 2400 469 ἐπάγεται.
2433 401 2506 453 Τὸ
2530 400 2624 452 ἀπ’
2648 399 2860 452 ἐκείνου
2904 399 3083 453 τοίνυν
3123 399 3240 462 ταῖς
3269 397 3444 462 θείαις
3473 395 3680 451 εἰκόσιν

440 507 806 574 perniciosam
834 519 1036 562 sectam
1063 509 1566 564 leonomachorum.
1594 505 1674 560 Ab
1701 504 1792 558 illo
1821 510 2002 556 autem

437 605 683 667 tempore
723 597 926 652 divinis
950 599 1284 668 imaginibus
1335 613 1442 651 non
1478 595 1640 650 modo
1688 607 1849 662 quem
1908 604 2004 658 par

435 697 576 752 erat,
605 689 760 742 multi
785 686 1046 743 honorem
1075 705 1183 743 non
1209 689 1538 745 tribuebant.
1573 684 1664 739 sed
1689 699 1789 738 nec
1818 696 2004 735 earum

439 780 656 848 quidem
689 779 1028 834 auditionem
1084 780 1312 834 auribus
1367 779 1591 832 omnino
1621 773 2002 829 admittebant.

443 871 596 925 Totis
625 885 754 925 vero
803 872 1199 941 quinquaginta
1259 879 1467 940 septem
1529 869 1706 932 annis,
1754 867 1923 935 ﬁgura
1977 879 2006 918 a

439 961 661 1015 Christo
701 972 966 1030 susceptae
1003 962 1381 1027 humanitatis,
1415 959 1635 1016 crimini
1677 957 1910 1011 dabatur
1953 963 2008 1009 et

440 1052 777 1119 contemptui
818 1051 1122 1106 habebatur
1163 1054 1230 1108 ab
1273 1052 1358 1116 iis,
1392 1051 1486 1120 qui
1541 1049 1854 1120 pugnabant
1907 1045 2006 1098 ad-

438 1156 631 1195 versus
663 1141 947 1210 imagines.
994 1143 1129 1196 Cum
1167 1142 1368 1211 quibus
1399 1142 1505 1195 fuit
1533 1139 1803 1194 abductus
1835 1143 1889 1190 et
1920 1151 2009 1190 ea-

443 1242 568 1300 ptus
595 1232 681 1288 hic
715 1249 933 1302 quoque
968 1235 1052 1288 vir
1085 1234 1462 1293 admirandus,
1494 1241 1550 1285 ct
1580 1231 1736 1300 pauci
1763 1229 2005 1293 fuerunt,

441 1322 533 1391 qui
566 1323 783 1392 maligni
819 1324 1074 1393 laqueum
1099 1324 1410 1394 eﬁ‘ugorint.
1441 1323 1615 1391 Atque
1644 1321 1758 1374 lucc
1787 1317 2009 1388 quidem

443 1414 524 1468 sic
557 1431 614 1469 se
661 1416 975 1472 habebant:
1011 1426 1066 1472 et
1103 1417 1306 1473 Christi
1342 1417 1510 1486 ﬁgura
1551 1424 1753 1469 nostrae
1792 1411 2005 1475 similis,

443 1505 580 1570 proh
613 1505 807 1560 dolori
847 1505 1270 1576 despiciebatur,
1304 1514 1358 1560 et
1395 1503 1530 1559 nihil
1579 1503 1802 1560 omnino
1856 1510 2012 1571 puta-

445 1595 628 1651 batur.
839 1593 887 1604 ⁸

515 1688 603 1741 lV.
651 1689 942 1759 Postquam
987 1701 1170 1746 autem
1226 1692 1390 1762 hujus
1423 1690 1647 1747 sceleris
1696 1697 2012 1760 operatores

2105 495 2203 565 οὐχ
2261 497 2344 548 ὅτι
2417 494 2512 564 μὴ,
2566 493 2640 555 ὼς
2698 495 3000 563 προσῆκεν,
3059 491 3336 560 ἀπένεμον
3388 493 3439 544 οἱ
3493 487 3679 542 πολλοὶ

2109 587 2296 649 σέϐας,
2338 585 2454 638 ἀλλ’
2495 584 2622 637 οὐδὲ
2672 585 2770 654 τὴν
2807 583 3000 636 τούτου
3048 583 3220 654 ἀκοὴν
3255 582 3392 644 ὅλως
3415 582 3534 642 ’τοῖς
3573 579 3679 632 ὠσὶ
3766 640 3769 641 ν

2107 681 2488 751 παρεδέχοντο.
2557 679 2645 731 Ἐν
2691 679 2833 732 ἑπτὰ
2879 678 2936 732 δὲ
2981 679 3074 731 καὶ
3129 677 3275 735 ὅλοις
3333 675 3678 743 πεντήκοντα

2107 773 2285 824 ἐτεσιν
2334 776 2360 823 ὁ
2399 771 2495 838 τῆς
2540 769 3013 839 ἐνανθρωπήσεως
3061 766 3154 821 τοῦ
3186 764 3426 838 Χριστοῦ
3466 765 3676 828 τύπος,

2107 863 2419 918 δεϐάλλετό
2493 880 2551 914 τε
2632 861 2786 931 παρὰ
2849 861 2959 913 τῶν
3014 857 3516 932 εἰκονομαχούντων
3583 860 3676 908 καὶ

2109 956 2417 1026 ἠτιμάζετο
2454 972 2467 986 ·
2502 950 2582 1017 οἷς
2633 954 2698 1024 δὴ
2731 955 2826 1006 καὶ
2883 956 2910 1007 6
2959 952 3262 1022 θαυμάσιος
3309 946 3465 1012 οὗτος
3515 967 3676 1003 συναδ

2111 1049 2300 1118 πήχθη
2332 1050 2426 1102 καὶ
2453 1047 2560 1101 τῶν
2591 1048 2828 1101 ἁλόντων
2852 1049 3076 1114 γέγονεν
3095 1087 3108 1109 ,
3159 1047 3358 1114 ὀλίγων
3392 1046 3542 1114 μόλις
3581 1043 3681 1115 τὴν

2111 1139 2296 1209 πάγην
2342 1139 2437 1192 τοῦ
2495 1138 2731 1208 πονηροῦ
2786 1139 3142 1206 διαδράντων.
3201 1134 3327 1206 Εἶχε
3380 1138 3479 1206 μὲν
3538 1136 3681 1189 οὕτω

2109 1231 2306 1294 ταῦτα,
2358 1229 2454 1283 καί
2495 1231 2523 1283 6
2580 1230 2704 1284 καθ’
2754 1231 2900 1298 ἡμᾶς
2951 1228 3044 1282 τοῦ
3090 1227 3330 1298 Χριστοῦ
3394 1227 3680 1298 χαρακτὴρ

2112 1324 2465 1391 παρεωρᾶτο,
2497 1322 2667 1392 οἴμοι,
2699 1320 2795 1374 καὶ
2818 1321 2874 1384 ἐν
2905 1321 3118 1384 οὐδενὸς
3147 1319 3305 1391 μέρει
3337 1319 3679 1373 παντάπασιν

2114 1413 2412 1480 ἐλογίζετο.

2186 1678 2260 1733 Δ’.
2313 1679 2470 1732 Ἐπεὶ
2519 1676 2577 1730 δέ
2615 1678 2666 1730 οἱ
2711 1677 2808 1746 τῆς
2857 1677 3054 1741 κακίας
3099 1677 3304 1748 ταύτης
3339 1677 3570 1747 ἐργάται
3614 1678 3679 1746 τῇ

445 1793 570 1832 cum
605 1779 883 1848 impietate
936 1781 1324 1838 miserabiliter
1377 1781 1682 1851 perierunt,
1723 1789 1780 1834 et
1808 1779 2004 1832 Roma-

2117 1767 2344 1839 ἀσεϐείᾳ
2397 1767 2651 1830 ἐλεεινῶς
2704 1767 3101 1830 συναπώλοντο,
3151 1767 3246 1820 καὶ
3289 1768 3321 1838 ἡ
3380 1766 3668 1838 Ῥωμαίων

443 1882 639 1921 norum
666 1869 956 1938 imperium
989 1873 1203 1926 transiit
1230 1871 1294 1925 ad
1322 1871 1608 1941 eonjugem
1633 1871 1752 1940 ejus
1768 1869 2007 1932 lrenem,

445 1972 567 2023 quae
596 1973 684 2012 res
713 1958 1149 2015 Christianorum
1181 1960 1433 2014 tuebatur
1462 1970 1516 2014 et
1551 1959 1788 2014 habebat
1820 1958 1875 2012 in
1908 1957 2009 2012 ho-

445 2061 600 2112 nore,
627 2050 868 2116 etiamsi,
905 2062 1127 2121 propter
1161 2061 1366 2106 metum
1407 2052 1624 2115 mariti,
1657 2066 1766 2106 non
1797 2059 2013 2120 poterat

441 2151 508 2190 eo
540 2141 832 2208 superstite
867 2141 1041 2195 libere
1071 2141 1257 2211 eloqui
1288 2157 1474 2195 veram
1501 2138 1848 2210 religionem.
1873 2137 2009 2193 Cum

439 2239 505 2281 ea
539 2243 670 2282 vero
713 2229 769 2282 in
822 2229 1052 2300 imperio
1107 2231 1300 2287 fuisset
1355 2231 1676 2292 constituta,
1717 2238 1846 2284 tunc
1895 2229 2012 2298 ipse

441 2334 660 2388 quoque
686 2321 959 2384 Christus,
990 2322 1084 2391 qui
1124 2331 1352 2392 propter
1409 2337 1510 2375 nos
1558 2335 1778 2374 carnem
1806 2318 2008 2384 induit,

443 2427 633 2466 rursus
669 2412 1042 2467 honorabatur
1073 2413 1281 2483 ﬁguris,
1306 2423 1363 2470 et
1388 2421 1659 2482 exoptata:
1687 2421 2008 2466 sanctorum

444 2501 740 2572 imagines,
769 2505 824 2558 in
865 2503 1148 2568 ecclesiis,
1195 2504 1250 2558 in
1285 2507 1438 2567 l'oro,
1477 2503 1530 2556 in
1571 2501 1775 2572 populo
1815 2515 2010 2556 cerne-

441 2590 664 2647 bantur.
700 2593 804 2648 Sed
846 2609 914 2649 ne
941 2595 1020 2649 sic
1063 2594 1286 2664 quidem
1325 2595 1480 2648 multi
1529 2595 1692 2665 hujus
1727 2594 2011 2649 leonoma—

442 2679 671 2734 chorum
724 2681 947 2736 haeresis
995 2682 1352 2736 acerbitatem
1403 2683 1754 2738 elueruntex
1789 2682 2009 2748 animis,

441 2770 536 2825 sed
571 2787 694 2826 cum
751 2775 1013 2842 temporis
1063 2773 1425 2828 diuturnitate
1468 2774 1533 2828 ad
1580 2773 1708 2827 mali
1763 2773 2010 2828 habitum

443 2862 852 2930 pervenissent,
903 2879 1046 2935 aegre
1097 2865 1354 2920 ferebant
1410 2880 1470 2920 se
1516 2865 1586 2920 ab
1635 2879 1702 2920 eo
1762 2864 2007 2918 liberari.

441 2951 686 3017 Quorum
728 2969 871 3009 unus
917 2966 1035 3010 erat
1065 2955 1154 3012 hic
1203 2971 1422 3026 quoque
1455 2956 1751 3026 praclarus
1781 2955 2010 3010 Joanni-

439 3044 560 3097 cius
582 3084 596 3107 ,
637 3045 728 3114 qui
761 3061 869 3100 non
906 3056 1024 3101 erat
1055 3057 1345 3117 promptus
1373 3062 1474 3102 nec
1507 3046 1667 3103 velox
1717 3047 1783 3101 ad
1835 3056 2011 3100 muta-

441 3133 643 3189 tionem
666 3176 680 3200 ,
713 3151 891 3204 neque
934 3137 1084 3191 omni
1120 3146 1286 3192 vento
1313 3137 1745 3192 convertebatur
1776 3147 1871 3192 aut
1899 3137 2010 3192 cir-

439 3227 882 3291 cumfereliatur,
928 3227 1023 3282 sed
1075 3243 1286 3283 morum
1324 3227 1622 3283 ostendens
1662 3228 2006 3298 gravitatem,

439 3317 542 3370 etsi
584 3316 638 3369 in
683 3331 743 3371 re
777 3332 884 3371 non
912 3317 1210 3382 laudabili,
1249 3319 1607 3388 permanebat
1650 3318 1703 3372 in
1751 3319 1858 3384 iis,
1889 3334 2011 3388 quas

443 3407 548 3460 sibi
583 3417 728 3462 recte
753 3409 967 3476 opinari
998 3409 1324 3475 videbatur,
1361 3419 1417 3466 et
1446 3409 1650 3465 divinis
1680 3410 2010 3480 imaginibus

441 3497 654 3551 nullum
706 3497 916 3553 cultum
967 3500 1262 3557 tribuebat.
1317 3502 1526 3557 Deinde
1558 3503 1688 3572 quid
1733 3504 1833 3557 ﬁt?
1871 3504 2008 3558 Eum

439 3597 672 3642 venatur
705 3591 957 3660 egregius
987 3592 1227 3662 agricola
1248 3630 1262 3657 ,
1285 3593 1380 3663 qui
1415 3595 1568 3648 novit
1601 3601 1804 3648 terram
1837 3593 2008 3648 animi

441 3679 890 3750 uniuscujusque,
942 3685 1070 3736 etis
1119 3683 1315 3754 accipit
1367 3685 1579 3741 semina
1633 3685 1759 3740 ﬁdei
1810 3683 2007 3739 ortho-

440 3771 610 3824 doxae.
649 3771 933 3838 Quomodo
961 3773 1186 3828 autem?

506 3949 571 4003 ν.
609 3948 840 4005 Mittitur
870 3951 938 4006 ab
993 3953 1319 4022 imperatore
1366 3955 1433 4008 ad
1466 3955 1819 4011 Occidentem
1879 3971 2005 4012 cum

437 4049 550 4094 toto
577 4043 840 4097 exercitu.
873 4044 1025 4097 Illinc
1059 4055 1240 4100 autem
1300 4057 1606 4108 revertens,
1643 4048 1859 4101 transiit
1900 4064 2000 4118 per

434 4137 723 4203 quamdam
755 4147 962 4206 partem
997 4139 1232 4210 Olympi,
1271 4149 1328 4195 et
1366 4151 1501 4196 nutu
1527 4143 1715 4198 divino
1741 4145 1846 4200 iter
1869 4145 2002 4201 fecit

434 4241 604 4295 prope
634 4229 922 4294 quemdam
964 4246 1028 4283 ex
1079 4233 1381 4297 monachis,
1437 4233 1530 4302 qui
1586 4234 1638 4287 in
1697 4251 1764 4290 eo
1817 4247 2004 4292 monte

433 4317 852 4370 exercebantur.
891 4320 1093 4372 Deinde
1125 4321 1213 4374 ille
1243 4339 1510 4390 apparens
1533 4339 1600 4378 ex
1630 4326 1764 4380 silva
1795 4345 1808 4380 :
1841 4327 1884 4380 Ο
1908 4328 2003 4395 ﬁli,

2113 1859 2263 1930 ἀρχὴ
2295 1858 2389 1912 ἐπὶ
2421 1856 2522 1929 τὴν
2565 1856 2658 1911 τοῦ
2709 1858 2944 1922 Λέοντος
2973 1859 3205 1928 σύζυγον
3241 1859 3480 1928 Εἰρήνην
3524 1858 3682 1928 μετέ-

2113 1967 2330 2011 πιπτεν,
2353 1950 2475 2020 ἥτις
2505 1949 2808 2020 ἐπρέσϐευέ
2837 1966 2896 2003 τε
2928 1951 2996 2004 τὰ
3025 1949 3392 2020 Χριστιανοὶν,
3419 1953 3513 2002 καὶ
3544 1949 3682 2000 ἐντί-

2116 2059 2234 2110 μως
2297 2036 2458 2112 ἦγεν,
2505 2042 2554 2093 εξ
2597 2041 2691 2093 καὶ
2735 2044 2799 2112 τῇ
2879 2042 3007 2112 περὶ
3039 2040 3128 2092 τὸν
3158 2040 3330 2111 ἄνδρα
3365 2040 3536 2108 φειδοῖ
3582 2040 3683 2092 οὐκ

2113 2126 2260 2202 εἶχεν
2314 2133 2463 2194 ὅπως
2512 2131 2721 2185 ἐκείνου
2774 2133 3058 2202 περιόντος
3103 2131 3184 2184 ἔτι
3243 2132 3682 2203 παρῤηστάςεται

2113 2223 2210 2294 τὴν
2245 2223 2555 2277 εὐσέϐειαν.
2601 2223 2690 2286 Ὠς
2732 2218 2824 2276 οὖν
2873 2225 2966 2275 ἐπὶ
3003 2224 3104 2293 τῆς
3151 2223 3326 2292 ἀρχῆς
3353 2223 3492 2292 αὑτὴ
3529 2222 3685 2274 κατέ-

2114 2331 2236 2383 στη,
2269 2314 2390 2366 τότε
2416 2313 2510 2366 καὶ
2546 2313 2784 2382 Χριστὸς
2814 2313 2974 2376 αὐτὸς
3003 2315 3030 2366 6
3064 2313 3167 2383 τὴν
3206 2313 3478 2384 ἡμετέραν
3507 2314 3683 2383 σάρκα

2113 2405 2180 2460 δι’
2240 2409 2392 2477 ἡμᾶς
2446 2407 2807 2478 ἐνδυσάμενος
2863 2407 3090 2478 ἐτιμᾶτο
3139 2408 3304 2462 πάλιν
3345 2410 3463 2472 τοῖς
3511 2425 3684 2479 χαρα-

2113 2499 2335 2570 κτῆρσι,
2373 2501 2467 2553 καὶ
2500 2501 2550 2552 οι
2605 2498 2966 2570 περιπόθητοι
3035 2499 3144 2553 τῶν
3196 2500 3367 2568 ἁγίων
3415 2499 3576 2554 τύποι
3626 2501 3685 2552 ἐν

2113 2595 2230 2656 ταῖς
2270 2592 2592 2664 ἐκκλησίαις
2620 2633 2634 2658 ,
2666 2595 2786 2656 ταῖς
2823 2594 3053 2664 ἀγοραῖς
3097 2594 3242 2647 κατὰ
3276 2593 3480 2663 πλῆθος
3531 2592 3684 2662 ἐφαί-

2113 2700 2285 2738 νοντο.
2331 2683 2479 2736 Ἀλλ’
2508 2684 2633 2737 οὺδέ
2664 2682 2838 2747 οὕτως
2872 2685 2924 2737 0i
2954 2684 3141 2738 πολλοὶ
3175 2685 3274 2756 τὴν
3325 2685 3550 2755 πικρίαν
3581 2684 3684 2753 τῆς

2112 2773 2368 2844 τοιαύτης
2413 2773 2522 2826 τῶν
2572 2775 2962 2845 Εἰκονομάχων
3012 2775 3303 2845 αἱρέσεως,
3357 2777 3468 2829 τῶν
3497 2774 3684 2844 ψυχῶν

2111 2861 2476 2932 ἀπενίψαντο,
2514 2863 2653 2917 ἀλλὰ
2685 2863 2764 2934 τῷ
2798 2863 2893 2916 τοῦ
2935 2864 3135 2935 χρόνου
3184 2866 3372 2935 μήκει,
3428 2864 3682 2934 καθάπερ

2112 2953 2170 3006 ἐν
2199 2953 2314 3018 ἐξει
2358 2953 2455 3008 τοῦ
2497 2954 2672 3010 κακοῦ
2701 2955 3008 3023 γεγονότες,
3047 2954 3184 3026 πρὸς
3225 2955 3323 3025 τὴν
3361 2955 3682 3025 ἀπαλλαγὴν

2112 3043 2496 3113 ἐδυσχέραινον
2529 3059 2544 3074 ο
2581 3037 2656 3098 ὧν
2710 3041 2792 3108 εἷς
2831 3047 2926 3099 καὶ
2974 3048 3002 3098 6
3050 3045 3356 3117 περιφανὴς
3383 3044 3682 3114 ἐτύγχανεν

2126 3131 2477 3198 Ἰωαννίκιος.
2523 3135 2658 3188 Οὐδὲ
2709 3137 2881 3205 ταχὺς
2917 3131 3071 3199 οὗτος
3118 3131 3185 3206 ἦν
3216 3137 3298 3200 εἰς
3351 3136 3677 3206 μεταϐολὴν,

2113 3221 2236 3275 οὑδέ
2268 3223 2582 3293 πρόχειρος,
2631 3224 2751 3278 ούδέ
2784 3226 2947 3277 παντὶ
2987 3226 3176 3296 ἀνέμῳ
3212 3225 3683 3298 περιτρεπόμενος

2112 3311 2144 3381 ἢ
2185 3313 2511 3383 φερόμενος,
2560 3313 2678 3367 ἀλλ’
2720 3315 2884 3385 ἤθους
2935 3316 3104 3388 βάρος
3132 3318 3352 3379 δεικνὺς
3385 3318 3434 3370 ει
3465 3318 3561 3371 καὶ
3602 3316 3680 3388 μὴ

2110 3401 2382 3471 ἐπαινετῷ
2420 3403 2729 3473 πράγματι,
2767 3405 2990 3474 ἐνέμενε
3047 3408 3160 3468 τοῖς
3204 3406 3278 3469 ὡς
3322 3403 3460 3476 ᾤετο
3497 3405 3681 3466 καλῶς

2112 3493 2264 3564 αύτῷ
2316 3493 2689 3564 δεδογμένοις,
2735 3496 2832 3550 καὶ
2880 3499 3002 3559 ταῖς
3054 3497 3229 3559 θείαις
3286 3496 3517 3560 εἰκόσιν,
3568 3495 3679 3550 οὐδ’

2110 3584 2290 3638 ὁτιοῦν
2323 3587 2488 3648 σέϐας
2532 3588 2826 3657 ἀπένεμεν.
2857 3583 2990 3640 Εἶτα
3039 3588 3092 3642 τι
3142 3587 3354 3656 γίνεται
3385 3604 3400 3654 ;
3433 3587 3682 3658 Θηρᾶται

2110 3682 2263 3748 παρὰ
2293 3679 2388 3732 τοῦ
2422 3677 2589 3732 καλοῦ
2632 3679 2670 3730 Γ
2673 3679 2881 3747 εωργοῦ
2913 3679 3005 3733 τοῦ
3030 3680 3128 3750 τὴν
3190 3680 3421 3734 ἑκάστου
3451 3678 3556 3748 γῆν
3581 3678 3682 3748 τῆς

2110 3769 2292 3841 ψυχῆς
2320 3770 2543 3834 εἰδότος,
2588 3773 2685 3823 καὶ
2714 3773 2781 3823 τὰ
2806 3772 2908 3841 τῆς
2929 3770 3214 3842 όρθοδόξον
3243 3773 3480 3835 πίστεως
3513 3771 3682 3841 σπέρ-

2047 3935 2050 3938 ι
2115 3879 2259 3930 ματα
2292 3861 2527 3930 δέχεται.
2562 3864 2670 3916 Καὶ
2699 3862 2726 3914 6
2753 3863 2974 3932 τρόπος,
2997 3865 3176 3931 ὄπως;

2182 3951 2256 4007 E'.
2296 3953 2583 4006 Στέλλεται
2617 3954 2720 4006 ὑπὸ
2749 3954 2842 4006 τοῦ
2874 3954 3199 4023 κρατοῦντος
3227 3955 3327 4008 σὺν
3352 3958 3418 4026 τῇ
3452 3957 3682 4026 στρατιᾷ

2111 4044 2262 4115 πάσῃ
2311 4045 2450 4095 κατᾶ
2493 4043 2594 4112 τὴν
2637 4042 2811 4113 Ἐᾠαν
2846 4060 2860 4075 ο
2892 4045 3112 4098 ἐκεῖθεν
3155 4045 3212 4098 δέ
3252 4047 3571 4118 ἐπανήκων,
3623 4046 3682 4099 ἐν

2109 4153 2217 4189 τινι
2267 4135 2377 4188 τῶν
2426 4135 2520 4188 τοῦ
2583 4135 2863 4206 Ὀλύμπου
2919 4137 3059 4209 διῄει
3115 4139 3318 4210 μερῶν,
3368 4139 3596 4208 πλησὶον
3622 4139 3680 4190 τέ

2109 4245 2256 4291 τινος
2290 4229 2398 4280 τῶν
2427 4227 2569 4281 κατὰ
2603 4228 2663 4280 τὸ
2693 4228 2935 4282 τοιοῦτον
2963 4230 3090 4300 ὅρος
3119 4232 3478 4300 ἀσκουμένων
3515 4248 3672 4300 μονα·

2111 4319 2242 4389 χῶν,
2277 4318 2457 4371 νεύσει
2495 4321 2604 4372 τινὶ
2639 4321 2924 4390 παρώδευε
2969 4321 3240 4392 θειοτέρα.
3285 4310 3517 4375 Ἔπειτα
3559 4321 3678 4376 διαο

435 4403 637 4471 inquit,
669 4405 936 4470 Joannici,
966 4409 1010 4461 si
1043 4425 1294 4476 maguum
1347 4411 1441 4464 tibi
1466 4423 1568 4475 est,
1620 4415 1815 4481 inquit,
1847 4415 2004 4470 Chri-

2113 4408 2301 4473 φανεὶς
2334 4409 2397 4460 ἐκ
2433 4408 2527 4460 τοῦ
2568 4410 2767 4472 ἄλσους
2814 4413 3044 4474 ἐκεῖνος,
3107 4407 3177 4462 *Ω
3222 4410 3409 4465 τέκνον
3435 4449 3452 4474 ,
3488 4406 3678 4476 εἶπεν,

432 4497 672 4550 stianum
703 4515 821 4553 esse
869 4511 923 4553 et
970 4503 1265 4567 nominari,
1321 4519 1420 4556 cur
1473 4504 1672 4558 CllriSli
1709 4508 1999 4578 imaginem

431 4587 757 4656 despiciens,
805 4590 974 4645 eﬁicis
1036 4604 1093 4645 ut
1135 4593 1290 4647 labor
1347 4596 1564 4650 virtutis
1609 4613 1639 4650 a
1694 4606 1745 4652 te
1797 4600 2000 4655 frustra

433 4679 810 4748 suscipiatur?
868 4682 990 4736 llazc
1022 4685 1232 4739 audivit
1267 4688 1349 4740 vir
1380 4687 1622 4753 divinus,
1668 4699 1724 4744 et
1771 4693 2003 4748 miratus

430 4781 536 4834 est,
570 4772 714 4839 quod
764 4773 813 4825 ei
864 4775 1272 4831 cvidentissime
1323 4779 1549 4834 dixisset
1599 4780 1666 4834 de
1724 4782 2000 4838 omnibus.

437 4857 596 4911 llumi
640 4870 820 4929 itaque
852 4866 1074 4928 cadens,
1097 4866 1253 4932 petiit
1285 4870 1520 4933 veniam,
1545 4871 1691 4938 quod
1729 4873 1817 4926 ille
1851 4872 2003 4942 igno-

436 4964 563 5002 rans
591 4950 786 5006 fuiSsct
819 4954 1060 5021 ingratus
1087 4956 1138 5008 in
1180 4957 1493 5025 Dominum,
1529 4971 1585 5014 et
1626 4961 1910 5018 aﬁirmavil
1943 4981 2000 5019 se

432 5039 694 5110 deinceps
725 5043 927 5098 Christi
962 5047 1250 5114 imaginem
1287 5058 1343 5102 et
1371 5054 1636 5117 omnium,
1673 5056 1766 5122 qui
1799 5055 1848 5107 ei
1883 5056 2000 5123 pla-

432 5145 687 5200 cuerunt,
744 5135 1140 5192 honoraturum
1173 5156 1296 5194 cum
1357 5146 1504 5196 omni
1567 5147 1866 5214 proposito.
1918 5146 1999 5200 Ab

431 5224 526 5278 illo
551 5241 680 5296 ergo
713 5237 977 5298 tempore,
1017 5232 1204 5285 beatus
1238 5234 1328 5288 ille
1380 5236 1627 5289 satellitis
1654 5237 1832 5291 oﬁicio
1873 5239 1998 5291 fun-

433 5329 568 5384 gens
592 5317 646 5371 in
684 5321 954 5375 vestibulo
984 5323 1168 5393 regia,
1216 5324 1517 5378 recubabat
1570 5325 1624 5378 in
1674 5329 1821 5378 nudo
1854 5329 1994 5390 Solo,

428 5415 659 5476 eratque
685 5413 920 5468 orationi
951 5412 1197 5470 intentus
1233 5416 1286 5470 in
1311 5418 1539 5488 jejunio.
1571 5418 1702 5471 Nam
1727 5422 1839 5475 etsi.
1860 5435 1994 5474 con-

427 5498 571 5551 vivia
594 5499 1077 5570 inibatcumaliis,
1114 5508 1298 5562 cibum
1351 5521 1532 5563 tamen
1585 5525 1692 5562 non
1748 5513 1997 5566 sumebat

431 5601 606 5655 usque
628 5589 692 5642 ad
725 5593 1053 5662 satietatem,
1081 5599 1177 5652 sed
1217 5610 1467 5664 eatenus,
1502 5610 1563 5655 ut
1613 5601 1718 5655 illis
1775 5602 1994 5670 quidem

425 5692 536 5734 non
570 5679 1153 5758 videreturjcjunare;
1184 5707 1383 5761 corpus
1416 5701 1595 5748 autem
1633 5695 1682 5748 ei
1724 5695 1987 5751 consiste-

2126 4496 2443 4563 Ἰωαννίκιε,
2491 4501 2537 4552 εἰ
2591 4500 2734 4568 μέγα
2787 4519 2868 4554 σοι
2918 4502 2977 4554 τὸ
3016 4500 3344 4572 Χριστιανὶν
3401 4502 3494 4554 καὶ
3541 4497 3682 4559 εἶναι

2114 4591 2209 4643 καὶ
2260 4590 2654 4660 ὀνομάζεσθαι,
2713 4593 2800 4644 ἵνα
2842 4592 2896 4644 τι
2944 4592 3043 4663 τὴν
3093 4594 3186 4645 τοῦ
3229 4593 3466 4662 Χριστοῦ
3498 4594 3674 4648 εἰκόνα

2116 4685 2492 4752 περιφρονῶν,
2560 4684 2744 4753 μάτην
2795 4701 2879 4736 σοι
2935 4685 3372 4756 διαπεπονῆσθαι
3437 4685 3529 4738 τὸν
3581 4687 3678 4756 τῆς

2112 4775 2313 4844 ἀρετῆς
2366 4776 2533 4828 κόπον
2597 4775 3086 4846 παρασκευάζεις;
3155 4779 3425 4830 Ἤκουσεν
3471 4781 3499 4830 6
3539 4779 3676 4840 θεῖος

2112 4868 2271 4936 ἀνὴρ,
2306 4869 2401 4921 καὶ
2467 4871 2614 4930 ὅπως
2651 4867 2798 4936 αὐτῷ
2833 4869 3264 4936 διειρατικώτατα
3305 4871 3431 4939 περὶ
3464 4870 3678 4923 πάντων

2111 4959 2323 5022 ἐξεῖπεν
2353 4961 2680 5030 ἐθαύμασεν.
2713 4961 2804 5021 Εἰς
2841 4960 3036 5030 ἔδαφος
3061 4957 3156 5015 οῦν
3191 4962 3392 5026 πεσὼν,
3432 4961 3674 5030 συγγνώ-

2113 5071 2222 5121 μην
2279 5053 2400 5122 ᾔτει
2448 5054 2576 5122 περὶ
2637 5045 2712 5104 ὧν
2767 5054 2977 5120 ἀγνοῶν
3045 5055 3252 5116 ἐκεῖνος
3306 5056 3384 5118 εἰς
3442 5053 3674 5124 Χριστὸν

2108 5145 2439 5212 ὴγνωμόνει,
2489 5145 2584 5197 καὶ
2633 5144 3025 5208 διεϐεϐαιοῦτο,
3065 5143 3233 5216 ἧμὴν
3270 5147 3328 5199 τὸ
3355 5147 3537 5198 λοιπὸν
3580 5146 3676 5216 τὴν

2109 5239 2292 5290 εἰκόνα
2327 5237 2565 5307 Χριστοῦ
2594 5240 2689 5290 καὶ
2733 5238 2843 5292 τῶν
2884 5240 3336 5309 εύηρεστηκότων
3365 5241 3511 5309 αὐτῷ
3543 5241 3676 5292 πάν-

2108 5345 2236 5392 των,
2271 5329 2364 5379 σὺν
2397 5329 2654 5397 προθέσει
2703 5332 2766 5398 τῇ
2820 5330 2969 5398 πάσῃ
3019 5331 3209 5400 τιμᾷν.
3261 5331 3333 5380 Τὸ
3383 5329 3675 5382 ἀπεκείνον

2108 5419 2200 5471 οὖν
2249 5420 2275 5470 ὁ
2331 5422 2602 5491 μακάριος
2651 5421 3143 5490 σωματοφυλακών
3178 5423 3256 5483 εἰς
3285 5420 3352 5472 τὰ
3387 5419 3493 5471 τῶν
3523 5419 3680 5490 βασι-

2107 5510 2266 5566 λείων
2307 5511 2575 5582 προαύλια
2598 5551 2612 5576 ,
2640 5513 2730 5563 ἐπὶ
2770 5513 2925 5580 ψιλοῦ
2960 5511 3050 5564 τοῦ
3081 5513 3306 5578 ἐδάφους
3327 5511 3681 5582 ἁνακλινόμε-

2107 5620 2193 5664 νος
2221 5599 2311 5673 ἦν,
2347 5606 2671 5673 προσέκειτο
2703 5604 2757 5657 δὲ
2797 5623 3071 5676 χαμευνιᾳ
3127 5607 3218 5658 καὶ
3264 5608 3541 5676 προσευχῇ
3585 5605 3681 5658 καὶ

2107 5696 2350 5765 νηστείᾳ.
2415 5696 2474 5747 Εἰ
2523 5697 2635 5767 γὰρ
2688 5699 2781 5752 καὶ
2833 5700 2942 5762 τοῖς
3009 5697 3241 5768 ἑταίραις
3313 5697 3667 5764 συνειστιᾶτο,
