4066 6372
306 285 368 358 ti
785 375 789 379 _
1401 298 1584 359 vna
1629 299 1690 359 ς.
1735 299 1868 359 JOA

1969 300 2122 360 ucn
2156 303 2495 364 seems.
3496 317 3567 393 ta

309 405 449 476 πλὴν
481 403 603 460 ἀλλ’
635 404 699 460 οὗ
733 405 897 479 μέχρι
928 407 1091 479 κὸρου
1121 408 1630 481 μεταλαμϐανὲ-’της
1657 411 1864 480 τροφῆς

1997 424 2100 481 ret,
2150 426 2208 471 et
2286 415 2354 472 ad
2425 427 2742 501 pernoctem
2815 420 2962 476 illam
3017 421 3311 483 inserviret
3373 427 3571 497 statio-

297 497 438 553 ἀλλὰ
486 497 771 566 τοσοῦτον,
832 499 941 570 ὅσῳ
1006 500 1122 565 τοῖς
1161 500 1262 570 μὲν
1315 500 1392 572 μὴ
1441 501 1735 572 φαίνεσθαι
1787 521 1880 573 νη-

299 591 526 657 στεύων,
551 590 614 646 τὸ
646 592 812 662 σῶμα
835 591 891 646 δὲ
921 591 1072 662 αὐτῷ
1109 593 1457 660 συνεστάναι,
1484 593 1580 648 καὶ
1612 592 1748 666 πρὸς
1781 595 1882 665 τὴν

302 686 580 756 πάννυχον
606 684 825 753 ἐκείνην
859 685 1049 752 στᾲσιν
1083 686 1404 757 ὑπηρετεῖν.

378 775 477 846 ις’.
555 777 646 838 Ἐν
692 775 902 840 τούτοις
959 774 1054 830 οὖν
1115 777 1326 835 ἐκείνου
1387 778 1740 848 σχολάζοντος
1794 779 1882 848 ἐφ’

293 870 444 934 ὅλοις
489 869 664 921 {tactv
695 866 775 932 ἒξ,
829 868 892 920 τὸ
935 868 1048 921 τῶν
1097 868 1438 941 Βουλγάρων
1485 870 1689 935 ἔξεισιν
1727 873 1881 938 ἔθνος

292 963 400 1031 τὴν
430 959 535 1014 τῶν
581 958 812 1031 Θρᾳκῶν
851 959 1196 1031 ληϊζόμενον.
1237 962 1882 1033 Ἀντιστρατοπεδεύεται

289 1052 476 1107 τοίνυν
508 1051 695 1115 αὐτοῖς
729 1053 757 1104 ὁ
781 1051 881 1121 τῆς
923 1053 1217 1121 Ῥωμαίων
1245 1055 1366 1107 τότε
1415 1056 1660 1126 κρατῶν,
1719 1059 1878 1128 χεῖρα

292 1143 503 1213 πολλὴν
532 1145 636 1196 καὶ
672 1143 914 1212 μάχιμον
947 1143 1333 1215 συναθροίσας,
1361 1140 1443 1208 οἷς
1469 1145 1642 1217 δήπου
1689 1149 1879 1228 συνεξ-

298 1235 532 1307 nsciis-to
563 1235 660 1288 καὶ
701 1237 730 1287 ὸ
773 1233 1027 1300 νεανικὸς
1051 1235 1150 1307 τὴν
1185 1235 1474 1291 εὐσέϐειαν
1497 1232 1654 1305 οὗτος
1679 1255 1693 1271 ο
1723 1240 1884 1293 πόλε-

296 1328 396 1396 μός
427 1342 485 1379 τε
527 1327 707 1394 μέγας
737 1326 929 1389 αὐτοῖς
955 1327 1312 1408 συνερρἁη,
1352 1331 1448 1393 καὶ
1486 1330 1633 1395 κατὰ
1669 1329 1878 1402 πλῆθος

289 1419 346 1470 αἱ
395 1417 684 1485 φάλαγγες
737 1417 1002 1480 πίπτουσι
1061 1419 1170 1471 τῶν
1239 1420 1552 1492 Ῥωμαίων.
1589 1422 1656 1475 Τί
1709 1422 1802 1476 οὖν
1849 1424 1879 1478 ὁ

293 1511 471 1578 μέγας
509 1509 569 1560 ἐν
614 1503 924 1578 ἀριστεῦσί,
967 1509 1062 1564 καὶ
1101 1509 1303 1580 μείζων
1341 1512 1399 1564 ὲν
1431 1513 1700 1581 ἀσκηταῖς
1723 1509 1876 1579 οὗτος

1986 521 2139 562 nem.

2055 774 2144 829 VI.
2175 775 2312 832 Cum
2345 778 2434 833 ille
2461 794 2594 849 ergo
2644 787 2787 835 totos
2813 796 2906 835 sex
2943 799 3120 841 annos
3182 787 3271 843 his
3319 802 3564 860 vacaret,

1982 863 2265 933 egreditur
2302 882 2436 938 gens
2469 868 2853 938 Bulgarorum,
2878 872 3166 942 Thraciam
3198 880 3562 950 depopulans.

1981 953 2263 1011 Adversus
2321 973 2420 1014 eos
2471 969 2656 1015 autem
2703 961 2858 1017 ducit
2913 965 3238 1035 exercitum,
3284 970 3378 1040 qui
3431 981 3564 1027 tunc

1979 1053 2102 1099 erat
2125 1046 2426 1117 imperator
2456 1049 2849 1121 Romanorum,
2876 1069 3071 1125 magna
3099 1065 3156 1112 et
3172 1058 3352 1117 valida
3384 1077 3551 1128 manu

1981 1145 2191 1202 coacta,
2219 1138 2272 1193 in
2293 1155 2528 1210 quorum
2547 1158 2779 1206 numero
2796 1153 2916 1200 erat
2939 1147 3031 1201 hic
3082 1164 3304 1221 quoque
3354 1152 3562 1223 pietate

1981 1229 2402 1309 planejuvenis.
2452 1234 2705 1306 Magnum
2749 1238 2934 1310 itaque
2973 1241 3224 1311 praelium
3272 1244 3379 1300 fuit
3421 1246 3566 1303 inter

1981 1332 2078 1374 eos
2117 1323 2499 1393 commissum,
2541 1334 2598 1382 et
2626 1343 2696 1383 ex
2726 1331 2974 1386 exercitu
3015 1333 3391 1392 Romanorum
3417 1339 3563 1394 cadit

1981 1429 2212 1485 magnus
2250 1433 2534 1474 numerus.
2573 1421 2716 1487 Quid
2750 1439 2881 1496 ergo
2923 1427 3015 1483 ille
3043 1429 3188 1484 inter
3211 1430 3362 1500 viros
3393 1432 3566 1494 fortes

1981 1521 2232 1577 magnus,
2262 1519 2319 1565 et
2343 1509 2489 1567 inter
2511 1513 2905 1572 exercitatores
2937 1519 3162 1589 pietatis
3191 1525 3368 1595 major
3396 1524 3562 1593 Joan-

303 1600 668 1666 ἰωαννίκιοςς
721 1596 830 1654 ,Οἷα
889 1599 1054 1662 Δαυῒδ
1105 1601 1265 1666 ἄλλος
1295 1599 1365 1674 ἦν
1409 1603 1724 1666 διακόπτων
1778 1608 1868 1685 μὲν

1979 1599 2200 1655 nicius?
2221 1602 2352 1656 Erat
2383 1613 2641 1676 tanquam
2671 1607 2813 1664 alius
2844 1611 3038 1677 David,
3073 1603 3412 1686 alienigenas
3436 1621 3562 1690 qui-

288 1693 423 1756 τοὺς
457 1692 796 1761 ἀλλοφύλους
850 1692 948 1749 σὺν
982 1693 1259 1766 μυριάσι,
1304 1697 1596 1773 πλείστους
1641 1699 1699 1754 δὲ
1749 1683 1868 1772 ρυό·

1979 1687 2104 1743 dem
2147 1705 2514 1764 perrumpens
2544 1711 2670 1752 cum
2716 1700 2908 1756 multis
2963 1683 3565 1777 m’illibus,—piurimos

295 1799 458 1852 μενος
486 1781 596 1836 τῶν
625 1784 935 1854 ὁμογενῶν,
977 1784 1124 1839 ῶστε
1160 1787 1258 1849 καί
1284 1803 1407 1842 τινα
1447 1788 1558 1843 τῶν
1590 1790 1868 1861 ἐπιφανῶν

1981 1791 2164 1838 autem
2189 1783 2532 1843 liberansex
2579 1789 2665 1854 iis,
2719 1793 2811 1866 qui
2849 1803 3008 1849 erant
3037 1796 3284 1867 ejusdem
3317 1803 3562 1874 generis,

295 1875 623 1944 Ῥωμαίων,
665 1879 886 1947 μηχανῇ
923 1877 1024 1956 μὲν
1060 1877 1165 1935 ὑπὸ
1194 1877 1303 1936 τῶν
1332 1880 1660 1952 Βουλγάρων
1707 1885 1868 1954 ἱμαν-

1976 1876 2116 1932 adeo
2146 1879 2454 1949 utquidam
2499 1897 2565 1936 ex
2617 1883 2930 1944 illustribus
2983 1888 3249 1946 Romanis
3307 1894 3562 1964 machina

288 1966 451 2018 τῶδει
474 1966 772 2039 ληφθῇ-θαι,
798 1968 894 2023 τὸν
916 1952 971 2022 δὲ
1001 1968 1208 2042 ταύτην
1232 1969 1308 2042 τῷ
1351 1971 1492 2040 ξίφει
1540 1952 1868 2044 διατεμόντα

1977 1965 2204 2034 quidem
2251 1983 2318 2021 ex
2348 1967 2482 2023 loris
2511 1979 2766 2027 contexta
2806 1986 3098 2046 caperetur
3132 1994 3161 2033 a
3212 1980 3482 2052 Bulgaris,
3516 1958 3563 2040 is

290 2057 392 2127 τῆς
418 2057 688 2127 πολεμίας
717 2059 904 2130 χειρὸς
932 2059 1024 2115 τδν
1057 2059 1346 2130 ἄνθρωπον
1379 2063 1864 2132 ῥύσασθαι.Ταῦτα

1975 2069 2108 2109 vero
2139 2071 2204 2111 ea
2235 2057 2417 2127 gladio
2440 2059 2699 2124 dissecta,
2737 2078 2766 2117 a
2803 2080 2968 2120 manu
3027 2067 3218 2126 hostili
3278 2073 3558 2132 hominem

293 2150 359 2216 δὴ
387 2148 512 2201 τότε
544 2150 642 2201 καὶ
680 2149 849 2210 αὐτὸς
883 2151 912 2202 ὁ
947 2148 1207 2218 βασιλεὺς
1255 2152 1631 2223 θεασάμενος,
1677 2156 1772 2209 καὶ
1811 2155 1868 2209 τὸ

1975 2146 2332 2204 liberaverit.
2362 2150 2488 2206 Hazc
2518 2167 2639 2207 cum
2675 2163 2805 2210 tunc
2830 2157 2945 2227 ipse
2986 2163 3290 2232 aspexisset
3320 2165 3561 2237 impera-

291 2242 536 2308 γενναῖον
582 2239 676 2293 τοῦ
723 2241 917 2311 ἀνδρὸς
967 2241 1288 2310 ἐκπλαγεὶς,
1340 2244 1440 2312 τὴν
1492 2243 1728 2315 πατρίδα
1779 2247 1868 2300 καὶ

1969 2244 2084 2305 tor,
2104 2249 2160 2295 et
2192 2242 2311 2314 ejus
2339 2254 2485 2300 esset
2510 2246 2769 2303 virtutem
2793 2249 3117 2323 admiratus,
3139 2258 3393 2328 cupiebat
3417 2261 3562 2316 scire

291 2330 391 2404 τὴν
416 2331 512 2386 τοῦ
539 2332 818 2403 ὀνόματος
847 2332 1045 2404 κλῆσιν
1075 2333 1258 2406 ἐζήτει
1289 2337 1506 2405 μαθεῖν.
1547 2338 1616 2396 "0
1647 2337 1703 2390 δὲ
1736 2339 1868 2411 πρὸς

1973 2333 2227 2402 patriam,
2263 2345 2320 2390 et
2342 2338 2485 2406 quod
2508 2349 2654 2394 esset
2691 2341 2741 2395 ei
2778 2358 3000 2401 nomen.
3035 2346 3129 2407 lile
3155 2359 3336 2406 autem
3362 2362 3566 2422 praeter

284 2425 501 2489 τούτοις
531 2425 630 2479 καί
661 2425 766 2496 τὴν
798 2427 898 2503 τῆς
936 2427 1230 2493 στρατείας
1266 2427 1516 2482 ἐδίδασκε
1545 2429 1721 2496 τάξιν.
1763 2430 1868 2484 Καὶ

1971 2421 2092 2480 haec
2119 2425 2491 2482 docuitetiam
2523 2430 2778 2486 ordinem
2823 2436 3053 2491 militias.
3085 2421 3391 2510 imperator
3426 2421 3560 2515 veru

283 2517 314 2568 ὁ
345 2514 604 2586 βασιλεὺς
641 2517 825 2574 πάντα
851 2501 1037 2583 εὐθὺς,
1069 2517 1146 2581 ὡς
1173 2517 1242 2571 ἂν
1282 2516 1357 2597 μὴ
1385 2520 1486 2590 τὴν
1515 2521 1740 2592 μνήμην
1774 2524 1868 2574 αὑ-

1976 2517 2158 2570 omnia
2185 2520 2390 2583 statim,
2420 2536 2488 2576 ne
2511 2524 2778 2580 memoria
2813 2528 3152 2597 exciderent,
3186 2535 3382 2591 scribae
3403 2537 3562 2611 jubet

287 2607 384 2662 τοῦ
416 2609 694 2678 δωςὺγοι,
727 2611 1060 2681 γράμμασιν
1089 2609 1408 2668 ἐκτίθεσθαι
1440 2613 1521 2684 τῷ
1561 2615 1868 2686 ὑπογραφεί

1978 2609 2242 2666 mandare
2272 2614 2514 2682 scriptis,
2582 2626 2639 2671 et
2697 2619 3100 2691 magniﬁcentia
3147 2607 3560 2684 remuneratio;

287 2700 528 2767 κελεύει,
563 2703 662 2754 καὶ
701 2704 769 2772 τῇ
804 2702 1096 2774 φιλοτιμίᾳ
1123 2702 1234 2756 τῶν
1265 2703 1592 2758 ἀντιδόσεων
1633 2707 1741 2777 τὴν
1774 2707 1868 2760 τοῦ

1977 2717 2134 2766 num,
2167 2705 2512 2760 confirmavit
2562 2709 2831 2777 defessam
2872 2729 3094 2781 manum
3138 2716 3306 2789 hujus
3353 2722 3560 2795 egregii

284 2791 457 2849 καλοῦ
493 2795 691 2852 τούτου
721 2798 1054 2866 στρατιώτου
1089 2798 1255 2870 χεῖρα
1282 2797 1570 2868 καμοῦσαν
1621 2799 1868 2870 ἐπέρρω-

1975 2796 2186 2850 militis.
2215 2796 2355 2857 Hinc
2381 2798 2552 2868 magis
2590 2801 2872 2868 incitatus,
2928 2821 3097 2860 unum
3143 2791 3436 2878 quemdam

286 2897 407 2940 σεν.
475 2883 761 2939 Ἐντεῦθεν
806 2885 899 2940 καὶ
946 2885 1158 2939 πλείονι
1207 2889 1275 2957 τῇ
1307 2888 1450 2958 ῥοπῇ
1499 2885 1870 2956 χρησάμενος,

279 2975 381 3030 ενα
467 2975 593 3032 τινὰ
668 2976 778 3030 τῶν
862 2978 1076 3048 ἐχθρῶν
1153 2980 1248 3032 ἐπὶ
1329 2982 1522 3050 στενῆς
1603 2981 1872 3050 ἐστηκῶτα

285 3065 428 3128 ιδοῦ,
484 3067 582 3121 καὶ
611 3067 844 3130 πολλοὺς
877 3067 1212 3139 ἀναιροῦντα
1248 3068 1539 3140 Ῥωμαίων
1566 3070 1593 3122 ὁ
1627 3073 1872 3139 γενναῖος

284 3152 437 3222 οὗτος
492 3158 866 3225 ἐπεισπεσὼν,
927 3159 1175 3230 κεφαλῆς
1218 3162 1437 3234 ἐστέρει
1498 3161 1593 3214 τὸν
1653 3161 1869 3218 πολλῶν

284 3248 487 3320 ἐτέρων
561 3249 804 3317 κεφαλὰς
854 3249 1208 3321 ἀφελόμενον.
1257 3250 1445 3314 Οὕτως
1482 3252 1537 3312 αί
1566 3247 1711 3315 iure
1761 3253 1870 3307 τῶν

282 3342 582 3412 ὁρωμένων
632 3341 847 3413 ἐχθρῶν
886 3344 1163 3413 ἁριστείαι
1215 3343 1486 3413 σύμϐολον
1529 3341 1669 3418 ἦσαν
1720 3345 1870 3415 αὺτῷ

284 3427 398 3482 τῶν
423 3427 729 3499 μελλόντων
762 3428 907 3482 κατά
944 3428 1051 3482 τῶν
1090 3429 1150 3483 οὐ
1191 3431 1536 3510 φαινομένων
1586 3431 1872 3504 δυσμενῶν

285 3521 597 3599 τροπαίων.

355 3612 429 3667 Ζ’.
460 3616 570 3668 Καὶ
593 3616 698 3691 δρα
721 3657 737 3678 .
771 3618 887 3682 πῶς
924 3617 1176 3680 ἐντεῦθεν
1205 3618 1300 3674 καὶ
1341 3617 1478 3690 πρὸς
1504 3617 1608 3689 τὴν
1638 3619 1871 3673 ἐκείνων

281 3705 518 3776 ἅμιλλαν
547 3707 836 3777 ὡδηγείτο,
884 3712 977 3764 καὶ
1015 3711 1117 3783 ἤδη
1145 3711 1320 3781 πάλης
1367 3711 1601 3782 ἥπτετο,
1640 3713 1737 3766 καὶ
1775 3712 1868 3767 τὸν

282 3799 508 3870 ὁπλίτην
566 3801 692 3857 νοῦν
725 3806 907 3876 ἀποχῇ
961 3805 1150 3858 σιτίων
1196 3806 1291 3858 καὶ
1347 3807 1625 3876 προσευχῇ
1680 3805 1866 3869 καλῶς

285 3890 516 3958 ὥπλιζε.
573 3894 686 3964 Τῆς
730 3894 844 3966 γὰρ
901 3895 1036 3966 πρὸς
1086 3896 1214 3959 τοὺς
1276 3896 1592 3967 ὁρωμένους
1639 3897 1866 3962 τούτους

282 3983 511 4056 ιχθροὶις
566 3985 748 4057 μάχης
801 3987 992 4058 ἠρέμα
1041 3989 1136 4043 καὶ
1185 3989 1330 4042 κατὰ
1383 3989 1560 4061 βραχὺ
1612 3990 1860 4055 διαστὰς,

283 4079 379 4130 καὶ
433 4079 492 4131 ἒν
542 4079 722 4149 ἐαυτῴ
758 4077 948 4132 λοιπὸν
997 4080 1257 4147 γεγονὼς,
1307 4079 1540 4155 ἔστρεφε
1578 4098 1637 4134 τε
1680 4082 1789 4135 τῶν
1828 4083 1864 4136 ἃ

279 4167 513 4237 δυνάμει
534 4167 666 4223 Θεοῦ
702 4170 848 4226 κατὰ
873 4170 983 4223 τῶν
1013 4171 1224 4242 ἐχθρῶν
1254 4173 1546 4242 ἠρίστευσε
1577 4175 1866 4243 γενναίως,

281 4259 382 4311 καὶ
412 4259 758 4335 ζημιωθῆναι
787 4261 998 4334 πικρὰν
1029 4246 1246 4334 ἐκείνην
1278 4263 1484 4333 ζημίαν
1515 4266 1608 4318 τὸν
1638 4265 1865 4324 ὖπισθεν

282 4350 435 4420 ῑλεγε
487 4354 704 4432 χρόνον,
761 4355 822 4407 ἐν
876 4354 986 4424 ὃσῳ
1024 4354 1100 4425 μὴ
1145 4354 1234 4407 διὰ
1267 4355 1440 4424 τιμῆς
1475 4355 1631 4426 αὐτῷ
1681 4359 1716 4428 η
1767 4357 1862 4410 τοῦ

1977 2885 2242 2954 inimicis,
2273 2890 2366 2958 qui
2423 2894 2737 2948 steteratin
2793 2895 2880 2950 via
2936 2907 3187 2968 angusta,
3239 2912 3296 2957 ct
3355 2905 3558 2972 multos

1976 2978 2263 3036 occidebat
2297 2998 2361 3037 ex
2392 2983 2676 3050 Romanis,
2701 2989 2786 3041 vir
2825 2988 2918 3045 ille
2957 3001 3238 3059 strenuus,
3294 2995 3441 3053 facto
3499 2999 3557 3054 in

1975 3087 2100 3126 eum
2136 3072 2366 3143 impetu,
2401 3075 2552 3132 illum
2586 3078 3051 3153 privavitcapite,
3085 3087 3178 3154 qui
3221 3088 3410 3162 multis
3435 3090 3558 3161 aliis

1971 3162 2150 3233 capita
2190 3165 2516 3224 abstulerat.
2556 3167 2648 3224 Sic
2689 3170 2956 3229 adversus
3009 3174 3196 3242 hostes
3231 3179 3324 3264 qui
3355 3180 3554 3237 viden-

1965 3259 2081 3316 tur,
2117 3254 2372 3322 praelata
2402 3255 2667 3318 facinora.
2718 3272 2878 3316 erant
2923 3263 3140 3335 signum
3194 3254 3551 3356 tropaeorum,

1971 3359 2092 3424 quae
2126 3357 2554 3405 eraterecturus
2607 3363 2797 3408 contra
2851 3355 3126 3429 inimicos,
3151 3365 3245 3434 qui
3279 3379 3390 3422 non
3451 3381 3553 3439 ap-

1973 3445 2187 3505 parcnt.

2037 3617 2154 3673 ΥΠ.
2183 3619 2318 3676 Vide
2353 3632 2537 3679 autem
2563 3626 2839 3696 quomodo
2866 3629 2995 3687 hinc
3026 3631 3131 3688 fuit
3178 3633 3450 3694 deductus
3479 3640 3551 3709 ad

1968 3712 2382 3782 suscipiendum
2441 3729 2631 3776 contra
2693 3722 2816 3779 illos
2876 3735 3203 3782 certamen:
3249 3736 3304 3784 et
3333 3729 3444 3802 jam
3480 3735 3548 3786 ad

1965 3804 2288 3863 luctandum
2337 3819 2427 3867 est
2497 3827 2814 3884 aggressus.
2871 3827 2927 3873 et
3003 3820 3184 3889 gravis
3257 3833 3550 3879 armatura:

1966 3909 2230 3969 mentem,
2259 3903 2596 3964 abstinentia
2647 3923 2676 3962 a
2709 3910 2854 3966 cibis
2901 3919 2957 3966 et
3005 3914 3258 3971 oratione
3309 3916 3547 3988 pulchre

1963 3993 2220 4051 armavit.
2247 3993 2380 4050 Nam
2413 4013 2538 4053 cum
2571 4014 2600 4053 a
2631 4017 2810 4072 pugna
2841 4004 3109 4060 adversus
3140 4021 3256 4072 eos,
3291 4007 3385 4075 qui
3421 4022 3546 4077 cer-

1965 4094 2197 4151 nuntur,
2226 4088 2414 4144 hostes
2441 4105 2500 4144 se
2525 4094 2730 4147 sensim
2799 4103 2851 4148 et
2902 4096 3166 4164 paulatim
3199 4098 3543 4172 dimovisset,

1965 4185 2022 4230 et
2056 4191 2116 4232 se
2150 4177 2414 4248 deinceps
2439 4181 2773 4251 collegisset,
2804 4185 3061 4256 versabat
3100 4189 3285 4259 animo
3314 4204 3378 4245 ea
3421 4206 3546 4262 qua:

1965 4267 2061 4323 Dei
2093 4268 2298 4325 virtute
2325 4271 2590 4329 adversus
2614 4274 2803 4331 hostes
2854 4276 3073 4333 fortiter
3100 4291 3366 4358 gesserat.
3390 4293 3448 4340 et
3474 4299 3538 4340 se

1965 4362 2262 4430 posteriori
2294 4374 2542 4434 tempore
2568 4366 2786 4423 dicebat
2814 4373 3075 4445 acerbum
3104 4373 3241 4429 illud
3281 4374 3541 4446 damnum

278 4438 520 4510 Χριστοῦ
571 4441 739 4494 είκὼν
793 4443 986 4513 ἧγετο,
1029 4445 1272 4505 καὶτοῖς
1321 4443 1423 4511 τῆς
1485 4446 1858 4521 μεταμελείας

1969 4455 2272 4526 accepisse,
2317 4473 2428 4527 quo
2457 4458 2664 4515 Christi
2706 4463 2790 4516 sui
2825 4438 3005 4535 imago
3030 4439 3084 4520 in
3111 4466 3324 4522 honore
3380 4469 3449 4524 ab
3478 4438 3546 4525 eo

285 4533 494 4600 βέλεσιν
534 4533 798 4594 ἐϐάλλετο
835 4535 936 4602 τὴν
980 4533 1185 4606 ψυχὴν,
1217 4535 1316 4587 καὶ
1348 4536 1593 4608 ὡσπερεὶ
1609 4537 1848 4591 ’τοιαῦτα

282 4625 418 4694 πρὸς
458 4625 653 4678 ἐαυτὸν
680 4625 979 4702 διελέγετο·
1003 4608 1246 4696 τοιούτῳ
1282 4642 1350 4702 με
1373 4627 1652 4680 δουλεύειν
1689 4647 1863 4700 προσ-

282 4716 384 4786 ῆκε
415 4718 693 4791 Δεσπὸτῃ,
728 4717 826 4770 καὶ
867 4720 942 4789 μὴ
980 4720 1125 4775 κατὰ
1154 4721 1264 4773 τῶν
1305 4721 1600 4790 ὁρωμένων
1653 4723 1861 4777 τούτων

287 4809 448 4878 μόνον
469 4809 708 4881 ἐχθρῶν,
740 4809 876 4864 ἀλλὰ
903 4811 960 4864 δὲ
995 4810 1092 4864 καὶ
1119 4810 1262 4866 κατὰ
1284 4811 1392 4864 τῶν
1420 4812 1672 4882 ἀοράτων
1703 4814 1859 4866 ὁπλί-

280 4900 514 4964 ζεσθαι’
567 4901 599 4954 ὃ
657 4902 756 4956 καὶ
821 4900 895 4956 δι’
939 4904 1106 4982 εὐχῆς
1161 4903 1275 4973 ἐγὼ
1327 4904 1567 4976 μάλιστα
1616 4908 1857 4979 τίθεμαι,

280 4991 500 5062 δοθῆναί
574 5011 668 5064 μοι
717 4994 952 5072 καιρὸν,
1006 4997 1130 5050 καθ’
1170 4998 1231 5052 ὃν
1283 4998 1440 5054 ἐσται
1490 5018 1581 5072 μοι
1628 5001 1861 5055 δυνατὸν

287 5085 559 5143 ὑποτάξαι
581 5087 685 5156 τὴν
713 5069 896 5160 σάρκα
923 5088 1006 5160 τῷ
1035 5090 1333 5162 πνεύματι,
1378 5069 1662 5165 καὶὴμόνῳ
1692 5110 1862 5164 προσ-

287 5177 509 5249 ανέχειν
549 5178 698 5252 Θεῷ.
765 5180 1053 5236 Ἐντεῦθεν
1093 5185 1192 5236 καὶ
1233 5184 1332 5254 τῆς
1389 5185 1663 5252 συνήθους
1720 5185 1859 5252 ὅλως

281 5269 501 5336 ἐγένετο
540 5272 855 5342 προσευχῆς
877 5311 893 5339 ,
950 5273 1138 5328 καὶτὸ
1176 5275 1578 5348 ὑπερκείμενον
1620 5280 1678 5333 ἐν
1711 5281 1862 5356 δεξιᾷ

278 5360 379 5429 τῆς
411 5361 671 5427 Βιθυνίας
711 5365 836 5435 ὅρος
862 5364 891 5417 ὃ
932 5365 1063 5437 παρ’
1089 5367 1226 5438 ἡμῖν
1257 5368 1542 5441 Ὄλυμπος
1582 5372 1856 5445 καλεῖται,

274 5451 514 5524 ﬁdimus
544 5454 637 5508 τὸν
663 5457 872 5528 ἥσυχον
891 5459 986 5510 καὶ
1018 5459 1328 5532 φιλέρημον
1363 5462 1501 5534 βίον.

353 5638 434 5692 il'.
491 5640 840 5710 Ἑνδημήσας
897 5639 992 5696 οὖν
1053 5645 1439 5720 βασιλευούσῃ,
1485 5648 1579 5702 καὶ
1635 5650 1750 5712 τοῖς
1801 5651 1860 5704 ἐν

281 5739 419 5807 alti“,
461 5735 778 5803 ιῦκτηρίοις
817 5737 1226 5810 συνταξάμενος
1256 5733 1429 5805 οἴκοις
1457 5782 1470 5806 ,
1503 5743 1600 5796 καὶ
1641 5743 1740 5814 τὴν
1768 5761 1854 5796 τε·

562 5833 830 5898 Ρλτιιοι..
865 5833 978 5909 Gn.
1013 5834 1210 5912 CXl’l.

1964 4563 2072 4602 non
2103 4547 2433 4616 habebatur,
2461 4561 2520 4606 et
2544 4551 2665 4606 telis
2685 4553 3024 4626 poenitentiae
3055 4559 3407 4615 sauciabatur
3426 4563 3546 4633 ejus

1963 4639 2204 4705 animus,
2250 4649 2308 4696 et
2358 4643 2413 4696 in
2469 4642 2618 4698 hunc
2673 4646 2895 4700 modum
2943 4663 3132 4703 secum
3185 4650 3541 4721 loquebatur:

1962 4731 2220 4802 Oportuit
2273 4749 2362 4790 me
2419 4735 2512 4805 tali
2571 4736 2803 4792 Domino
2861 4740 3092 4806 servire,
3123 4751 3179 4796 et
3215 4759 3323 4796 non
3365 4743 3542 4816 solum

1964 4824 2233 4880 adversus
2262 4825 2384 4892 hos,
2417 4827 2510 4897 qui
2561 4837 2887 4895 cernuntur,
2914 4829 3190 4898 inimicos,
3244 4833 3340 4903 sed
3375 4835 3542 4907 etiam

1963 4917 2169 4971 armari
2229 4918 2283 4989 in
2339 4933 2438 4974 eos
2496 4919 2591 4988 qui
2649 4935 2762 4974 non
2819 4921 3024 4978 cadunt
3080 4923 3184 4994 sub
3237 4937 3541 5004 aspectum.

1963 5005 2120 5074 Quod
2149 5007 2372 5077 quidem
2404 5023 2536 5080 ergo
2572 5009 2752 5065 habeo
2784 5013 3017 5085 maxime
3047 5016 3104 5085 in
3148 5016 3311 5082 votis,
3343 5031 3542 5087 nempe

1963 5097 2082 5166 dari
2116 5099 2250 5170 mihi
2286 5108 2520 5171 tempus,
2548 5101 2604 5156 in
2634 5118 2747 5172 quo
2766 5104 2967 5174 possim
2997 5120 3217 5177 carnem
3269 5107 3542 5179 subjicere

1963 5187 2205 5264 spiritui,
2233 5199 2289 5244 et
2313 5189 2413 5244 soli
2444 5190 2557 5245 Deo
2591 5193 2836 5246 animum
2865 5193 3153 5263 adhibere.
3182 5195 3322 5264 Hinc
3350 5186 3408 5251 se
3436 5195 3540 5252 de-

1962 5261 2043 5335 dit
2073 5289 2250 5335 totum
2271 5282 2443 5338 solita:
2472 5285 2730 5350 orationi,
2769 5261 2970 5340 etcum
3019 5261 3243 5342 vidisset
3270 5297 3535 5365 montem,

1963 5373 2057 5443 qui
2091 5375 2470 5444 supereminet
2495 5391 2524 5431 a
2551 5377 2775 5431 dextera
2809 5377 3100 5449 Bithyniae,
3143 5381 3236 5449 qui
3262 5381 3406 5452 apud
3435 5399 3537 5446 nos

1962 5453 2193 5520 vocatur
2223 5463 2506 5539 Olympus,
2539 5468 2791 5540 concepit
2838 5463 3022 5525 animo
3067 5471 3237 5527 vitam
3291 5474 3536 5550 quietam

1962 5568 2018 5612 et
2041 5568 2314 5626 amantem
2349 5559 2685 5629 solitudinis.

2039 5649 2172 5704 Vili.
2209 5650 2343 5705 Cum
2373 5652 2612 5723 venisset
2671 5668 2801 5723 ergo
2851 5655 2904 5709 in
2943 5656 3134 5712 urbem
3196 5659 3422 5731 regiam,
3475 5670 3530 5721 et

1964 5741 2418 5811 valcrcjussissct
2468 5757 2552 5807 ea,
2591 5760 2712 5814 qua:
2757 5756 2885 5804 sunt
2939 5749 2992 5801 in
3026 5750 3161 5819 ipsa,
3193 5755 3431 5824 oratoria
3477 5767 3528 5828 ct

3103 5844 3138 5906 2

3107 5908 3136 5923 ι.
