4060 6374
459 248 529 311 43
1716 244 2003 307 MENSIS

2124 242 2483 308 lVEMBER.
2574 279 2591 311 ,·
3636 249 3711 314 Η

457 359 841 445 emigrationis
877 369 1213 433 postremam
1262 357 1596 415 reddidisset
1637 357 2016 421 adorationem

2142 359 2407 413 λευταίαν
2462 362 2561 430 τῆς
2620 360 2935 432 ἀποδημίας
3003 365 3384 436 προσκύνησιν
3432 365 3710 438 ἀποδοὺς,

456 444 971 524 ἀθερὶεἰιἰιυῑὸοητ
1023 452 1222 508 referri
1284 450 1339 505 in
1390 466 1689 505 numerum
1742 465 2033 521 procerum

456 547 808 618 imperatoris
839 563 853 598 :
886 545 1120 614 despicit
1163 552 1348 599 autem
1402 542 1638 597 maxima
1688 543 1940 610 adipisci,
1979 549 2036 596 et

454 635 633 705 pluris
664 634 805 698 ﬁeri,
839 647 1002 703 quam
1034 632 1253 701 vulgus.
1290 630 1531 701 Despieit
1581 639 1862 699 paternam
1903 630 2037 684 aﬂ‘e—

455 727 715 793 etioncm,
746 724 1027 795 postponit
1053 724 1261 789 viscera
1305 723 1517 786 matris,
1548 729 1604 777 et
1652 737 1778 777 cum
1837 737 2031 791 parum

453 833 788 890 congressus
812 826 958 873 esset
1011 829 1135 871 cum
1176 814 1522 884 parentibus,
1555 812 1835 883 profectus
1857 820 1941 869 est
1964 811 2033 866 ad

448 911 750 983 jucundam
783 909 1024 979 quietem
1054 915 1109 962 et
1149 906 1455 971 silentium,
1487 919 1612 961 cum
1663 905 1811 959 solos
1862 906 2035 975 vigin—

457 1004 497 1058 ti
530 1012 769 1077 quatuor
789 1015 967 1057 annos
994 1014 1053 1054 se
1078 998 1309 1070 pulchre
1335 998 1601 1069 gessisset
1648 997 1705 1051 in
1734 997 1840 1051 hac
1893 997 2034 1071 inle-

456 1101 592 1156 riori
619 1108 674 1152 et
712 1096 990 1151 mundana
1039 1093 1262 1152 militia.
1320 1091 1383 1147 In
1437 1088 1673 1147 transitu
1718 1107 1852 1146 vero
1906 1105 2030 1147 cum

457 1191 784 1249 accessisset
805 1188 874 1242 ad
906 1188 1255 1259 Agaurorum
1306 1186 1726 1259 monasterium,
1754 1184 2033 1255 accipitur

434 1284 520 1339 .ab
545 1283 635 1351 iis,
667 1281 762 1352 qui
805 1279 920 1335 illic
966 1287 1150 1344 erant,
1206 1277 1496 1334 monachis
1552 1293 1568 1331 :
1613 1285 1671 1332 et
1709 1275 2032 1333 monasterii

453 1375 711 1447 praelecto
768 1374 916 1429 Patri
969 1371 1236 1441 Gregorio
1295 1370 1473 1440 aperit
1535 1384 1700 1424 suum
1760 1370 2028 1434 animum,

452 1467 599 1537 quod
622 1465 837 1521 scilicet
874 1472 1021 1518 amet
1049 1463 1222 1518 vitam
1269 1463 1539 1533 quietam,
1594 1474 1651 1519 et
1703 1464 1851 1533 quod
1902 1464 2031 1519 velit

452 1553 607 1615 solus
639 1557 741 1613 sub
776 1557 889 1611 Deo
945 1556 1156 1621 vivere,
1212 1570 1434 1611 omnem
1490 1555 1787 1609 humanam
1846 1555 2028 1611 vitans

450 1651 908 1707 consolationem.
928 1648 1027 1705 Ille
1054 1657 1241 1703 autem
1271 1648 1461 1707 laudat
1486 1648 1711 1718 quidem
1772 1649 2028 1718 preposi-

2140 452 2387 527 ὑπερορᾷ
2420 451 2524 524 μὲν
2555 451 2649 506 τοῦ
2692 453 2844 525 παρὰ
2866 453 3078 524 βασιλεῖ
3120 457 3433 524 τάττεσθαι,
3468 458 3714 531 ὑπερορᾷ

2136 543 2194 598 δὲ
2216 545 2312 598 τοῦ
2337 544 2450 599 τῶν
2473 544 2757 618 μεγίστων
2779 548 2875 601 καὶ
2912 549 3053 618 ὑπὲρ
3077 550 3208 611 τοὺς
3252 549 3485 613 πολλοὺς
3526 551 3712 617 ἀξιοῦ-

2138 637 2266 690 σθαι
2291 654 2306 669 ·
2336 641 2671 707 καταφρονεῖ
2696 638 2931 709 στοργῆς
2972 640 3271 708 πατρικῆς,
3302 643 3357 692 ὲν
3387 642 3626 717 δευτέρῳ

2138 726 2345 796 μητρὸς
2389 726 2602 782 τίθεται
2640 727 2946 798 σπλάγχνα,
2974 730 3200 792 καὶτοῖς
3242 730 3464 796 τεκοῦσι
3510 737 3710 805 μικρὸν

2138 818 2547 887 συγγενόμενος
2623 820 2718 873 ἐπὶ
2765 820 2864 893 τὴν
2924 820 3087 888 φίλην
3134 820 3412 899 Δὥρμησεν
3476 804 3709 894 ἡσυχίαν

2134 906 2232 978 τὴν
2294 906 2468 979 καλὴν
2522 908 2694 973 ὅντως
2749 909 3022 974 σύνοικον,
3057 911 3332 981 τέσσαρας
3365 914 3561 981 μόνους
3614 917 3708 969 ἐπὶ

2132 1002 2247 1062 τοῖς
2303 999 2479 1053 εἴκοσι
2519 1002 2747 1072 χρόνους
2792 1004 2859 1072 τῇ
2902 1003 3052 1057 κάτω
3097 1003 3269 1076 ταύτῃ
3323 1006 3418 1057 καὶ
3460 988 3705 1078 κοσμυῖῇ

2132 1088 2441 1158 διαπρέψας
2503 1089 2785 1160 στρατείᾳ.
2827 1090 2980 1142 Κατὰ
3022 1088 3153 1157 γοῦν
3192 1090 3295 1162 τὴν
3354 1091 3585 1160 πάροδον
3638 1096 3703 1162 τῇ

2132 1180 2241 1233 τῶν
2269 1181 2541 1251 Αὐγάρων
2580 1184 2719 1252 μονῇ
2747 1180 3189 1251 παραϐεϐληκὼς
3210 1222 3225 1247 ,
3254 1181 3361 1235 ὑπὸ
3391 1183 3496 1234 τῶν
3525 1186 3705 1251 ἐκεῖσε

2133 1272 2385 1342 μοναχῶν
2437 1272 2744 1339 δεξιοῦται,
2798 1273 2891 1326 καὶ
2928 1273 3006 1342 τῷ
3049 1269 3353 1343 τῆς’μονῆς
3396 1264 3706 1344 προεστῶτι

2131 1362 2308 1432 Πατρί
2350 1358 2639 1432 Γρηγορίῳ
2667 1362 2735 1415 τὰ.
2759 1362 2855 1433 τῆς
2888 1363 3082 1416 ἑαυτοῦ
3116 1362 3509 1433 γνώμηςδῆλα
3536 1369 3702 1430 ποιεῖ,

2128 1454 2213 1506 ὅτι
2237 1470 2298 1505 τε
2334 1453 2428 1507 τοῦ
2463 1453 2587 1505 καθ’
2611 1454 2845 1524 ἡσυχίαν
2877 1455 2979 1525 ἐρᾷ
3021 1454 3139 1523 βίου
3164 1494 3178 1519 ,
3207 1459 3302 1508 καὶ
3333 1456 3415 1508 ὅτι
3456 1456 3703 1526 βούλεται

2133 1544 2296 1613 μόνος
2342 1542 2447 1596 ὑπὸ
2493 1544 2612 1613 Θεῷ
2657 1544 2777 1615 ζῇν,
2823 1546 3178 1617 ἀνθρωπίνην
3212 1549 3393 1599 πᾶσαν
3425 1547 3705 1618 διαφυγὼν

2130 1636 2508 1705 παράκλησιν.
2546 1636 2604 1689 ’0
2634 1637 2691 1689 δὲ
2723 1638 2823 1707 τὴν
2850 1638 2950 1707 μὲν
2984 1641 3242 1710 πρόθεσιν
3273 1642 3490 1695 ἐπαινεῖ
3512 1683 3524 1703 .
3566 1642 3704 1694 ἀλλὰ

449 1753 593 1808 tum,
616 1743 712 1799 sed
743 1743 862 1798 haec
910 1741 1135 1797 dicebat
1185 1739 1484 1796 convenire
1529 1740 1618 1806 iis,
1669 1741 1764 1810 qui
1820 1740 2022 1796 versati

2132 1726 2309 1782 ταῦτά
2343 1743 2408 1797 γε
2447 1729 2748 1799 προσήκειν
2778 1728 2881 1799 ἔφη
2912 1731 3023 1795 τοῖς
3067 1732 3164 1802 τὴν
3209 1732 3445 1807 ἄςκησιν
3498 1735 3707 1803 χρονώ-

450 1842 578 1888 sunt
609 1831 667 1886 in
690 1829 1029 1887 diuturniori
1055 1826 1478 1895 exercitatione,
1509 1839 1567 1884 et
1611 1829 1680 1883 ad
1701 1829 1821 1898 ejus
1866 1828 2026 1882 habi-

447 1934 563 1979 tum
591 1921 1003 1995 quodammodo
1032 1929 1428 1992 pervenerunt.
1461 1920 1571 1989 Ego
1603 1933 1733 1974 vero
1763 1920 1861 1974 tibi
1891 1935 2025 1974 eon-

449 2015 740 2080 suluerim,
780 2030 893 2068 non
916 2028 1037 2069 eam
1066 2013 1245 2084 primo
1278 2013 1446 2071 vitam
1493 2012 1719 2082 eligere,
1780 2026 1902 2081 qua:
1933 2020 2028 2065 .est

448 2118 661 2163 remota
682 2107 750 2162 ab
792 2105 942 2160 omni
984 2104 1273 2160 hominum
1304 2104 1587 2167 societate,
1622 2103 1716 2157 sed
1745 2119 1868 2156 cum
1893 2103 2027 2157 viris

450 2200 556 2271 piis
583 2197 954 2255 etmonacbis
993 2206 1047 2252 te
1085 2197 1243 2266 prius
1295 2195 1648 2265 coniungere,
1700 2203 1758 2248 et
1812 2194 2025 2248 discere

453 2303 669 2362 tempus
698 2302 753 2345 et
786 2288 1038 2343 ordinem
1075 2286 1361 2343 orationis.
1394 2285 1602 2338 Deinde
1649 2283 2023 2339 obedientiam

450 2383 636 2437 doceri
668 2389 726 2435 et
767 2379 1112 2444 modestiam,
1169 2386 1249 2432 et.
1279 2378 1360 2431 sic
1411 2378 1478 2431 ad
1531 2381 1699 2431 vitam
1759 2375 2024 2430 accedere

451 2471 920 2534 anachoreticam,
952 2483 1043 2534 ne,
1077 2467 1123 2523 si
1151 2467 1218 2522 ad
1246 2482 1366 2520 eam
1399 2465 1664 2535 irruperis
1706 2465 2021 2535 priusquam

450 2558 731 2622 didiceris,
773 2572 899 2613 cum
933 2565 986 2613 te
1009 2565 1289 2626 oporteret
1316 2554 1506 2621 ferire,
1537 2555 1772 2622 feriaris,
1806 2564 1862 2608 et
1895 2570 2021 2610 eum

449 2648 1046 2729 superare,.supereris
1080 2646 1495 2702 miserabiliter.

520 2741 607 2809 IX.
637 2724 928 2817 ίῐρέρίὲέυῃι
956 2741 1046 2795 ille
1074 2740 1280 2794 monita
1324 2740 1647 2805 audivisset,
1700 2741 1850 2797 illine
1896 2758 2022 2813 qm-

447 2834 569 2889 dem
602 2820 869 2903 recessit;
896 2847 1020 2889 cum
1053 2832 1292 2903 venisset
1320 2841 1504 2886 autem
1556 2848 1803 2902 veSpera,
1830 2834 2020 2904 hospi-

451 2930 526 2983 tio
549 2912 820 2996 excipitur
847 2942 876 2979 a
898 2910 1132 2995 quodam
1181 2924 1302 2981 viro
1333 2924 1424 2992 pio
1453 2933 1506 2978 et
1534 2925 1810 2994 religioso,
1841 2938 1901 2984 ut
1925 2928 2017 2998 qui

446 3019 674 3090 pulchre
699 3025 1056 3086 cognosceret
1078 3004 1395 3085 Altujusmodi
1427 3016 1759 3084 habitacula,
1783 3029 1838 3074 et
1862 3035 2021 3075 cavc-
2043 3041 2088 3102 ρ

448 3119 551 3173 ret,
580 3123 648 3162 ne
682 3121 922 3175 unquam
963 3103 1340 3160 diversaretur
1386 3105 1441 3160 in
1492 3105 1706 3162 aedibus
1760 3108 2017 3179 alicujus,

447 3201 543 3272 qui
602 3206 750 3256 esset
797 3197 1026 3252 diversae
1081 3211 1113 3252 a
1160 3208 1307 3252 recta
1364 3199 1669 3255 sementim.
1739 3200 1841 3256 Cui
1894 3217 2018 3256 eum

446 3291 688 3347 animum
720 3287 1043 3359 aperuisset,
1066 3286 1327 3356 quoniam
1378 3300 1500 3342 erat
1561 3289 1743 3345 adhuc
1790 3291 2019 3346 omnino

447 3384 671 3453 ignarus
698 3379 1035 3443 litterarum,
1073 3378 1367 3433 abducitur
1416 3381 1485 3434 ab
1515 3395 1582 3435 eo
1633 3381 1688 3436 in
1741 3382 2018 3452 quoddam

443 3473 813 3544 prOpinquum
867 3472 1265 3525 monasterium
1311 3471 1457 3540 quod
1494 3472 1792 3527 vocabatur
1821 3474 2021 3530 Utote-

438 3568 561 3631 las:
599 3579 809 3622 etcum
856 3565 912 3619 in
951 3580 1019 3621 eo
1058 3566 1342 3621 didicisset
1391 3566 1562 3621 solam
1615 3567 2018 3625 elementorum

441 3660 870 3725 institutionem,
897 3673 1023 3714 cum
1054 3658 1414 3715 intellexisset
1460 3658 1568 3714 hoe
1619 3663 2016 3717 monasterium

440 3767 563 3807 esse
596 3751 832 3805 tumultu
856 3750 1102 3820 plenum,
1143 3749 1392 3806 ascendit
1421 3750 1488 3804 ad
1536 3750 1685 3806 aliud
1736 3762 2016 3807 monaste-

443 3844 609 3908 rium,
635 3841 782 3913 quod
816 3839 1256 3901 diciturAntidii
1294 3860 1306 3895 :
1343 3850 1400 3896 ct
1431 3858 1553 3896 eum
1615 3841 1765 3896 illius
1818 3843 2016 3912 praele-

439 3947 530 3991 eto
555 3948 716 3990 suum
748 3934 1080 3990 declarasset
1114 3933 1482 4004 propositum,
1513 3933 1744 3990 docetur
1804 3936 1874 3990 ab
1925 3949 2015 4003 eo,

439 4028 750 4099 cuiusmodi
775 4028 846 4082 sit
872 4027 1129 4098 palaestra
1157 4026 1211 4080 in
1232 4025 1437 4081 divinis
1466 4026 1886 4093 certaminibus,
1912 4025 2016 4097 de-

445 4122 684 4191 primere
720 4119 932 4176 scilicet
960 4118 1342 4191 cogitationes,
1394 4129 1453 4176 et
1507 4135 1728 4177 onmem
1774 4119 2019 4175 altitudi-

437 4229 584 4279 nem,
629 4226 749 4283 quu:
803 4212 1083 4266 extollitur
1134 4211 1398 4268 adversus
1460 4213 1555 4268 Dei
1609 4213 2004 4282 cognitionem.

434 4304 570 4358 Cum
605 4303 745 4357 duos
774 4310 960 4356 autem
1023 4318 1201 4357 annos
1257 4304 1311 4357 in
1362 4318 1428 4358 eo
1477 4313 1906 4374 perseverasset,
1959 4313 2017 4360 et

2130 1837 2295 1892 τερον
2336 1821 2699 1889 ὲκπονήσασι,
2736 1821 2834 1873 καὶ
2867 1820 3057 1895 ὥσπερ
3090 1828 3146 1877 ἐν
3179 1824 3290 1889 ἕξει
3318 1828 3520 1896 ταύτης
3548 1844 3705 1893 γενο-

2129 1917 2340 1986 μένοις.
2403 1915 2495 1967 Σοὶ
2533 1915 2591 1968 δὲ
2636 1915 3109 1989 συμϐουλεύσαιμι
3162 1919 3228 1973 ἂν
3258 1920 3455 1988 ἔγωγε,
3488 1921 3562 1990 μὴ
3613 1922 3704 1973 τὸν

2126 2011 2361 2081 ἄμικτον
2393 2012 2457 2064 ὲκ
2482 2009 2707 2080 πρώτης
2730 2009 2949 2062 ὀλέσθαι
2977 2010 3112 2079 βίον,
3139 2010 3254 2063 ἀλλ’
3288 2011 3542 2089 εύλαὸἐσι
3568 2013 3706 2082 πρό·

2128 2120 2292 2173 τερον
2333 2102 2565 2172 ἀνδράσι
2614 2103 2709 2155 xat
2753 2105 3009 2171 μοναχοῖς
3037 2103 3233 2155 ἑαυτὸν
3266 2105 3526 2174 συνάψαι,
3570 2122 3705 2156 κχισ-

2131 2195 2226 2266 ρόν
2263 2212 2322 2248 τε
2348 2194 2446 2247 καὶ
2488 2193 2642 2258 τάξιν
2689 2193 2887 2262 μαθεῖν
2925 2198 3238 2264 προσευχῆς
3264 2206 3280 2221 ⁸
3313 2190 3434 2247 εἶτα
3461 2194 3704 2262 ὑπακοὴν

2127 2289 2224 2341 καὶ
2250 2287 2311 2338 τὸ
2348 2287 2573 2355 μέτριον
2617 2286 2719 2352 ,τοῦ
2764 2287 3119 2355 φρονήματος
3173 2286 3560 2357 παιδευθῆναι,
3608 2291 3701 2343 καὶ

2123 2378 2269 2433 οιτω
2340 2382 2408 2450 τῇ
2485 2380 2879 2449 ἀναχωρητικῇ
2942 2378 3340 2448 προσχωρῆσαι
3403 2379 3699 2449 διαγωῖῇο

2124 2473 2325 2542 μήπως
2374 2471 2684 2534 ἀδιδάκτως
2736 2471 2989 2541 ὁρμήσας
3041 2472 3164 2525 ἀντὶ
3219 2470 3310 2524 τιῦ
3353 2468 3537 2540 βαλεῖν
3576 2470 3704 2543 βλη.

2124 2565 2245 2637 θῇς,
2276 2565 2373 2618 καὶ
2403 2566 2526 2618 ἀντὶ
2552 2562 2645 2617 νοῦ
2676 2564 2908 2634 ήττῆσαι
2936 2563 3285 2617 ἐλεεινότατα
3324 2563 3590 2634 sannae.

2204 2741 2284 2799 ϐ’.
2340 2739 2563 2793 Τούτων
2616 2739 2826 2801 ἐκεῖνος
2875 2737 2987 2789 τῶν
3048 2737 3392 2807 εἰσηγήσεων
3439 2730 3699 2801 ἀκούσας,

2121 2833 2437 2906 ἀνεχώρησε
2458 2832 2558 2904 μὲν
2582 2831 2812 2884 ἐκεῖθεν·
2837 2831 3076 2902 ἑσπέρας
3094 2828 3139 2880 δ’
3162 2829 3697 2900 ἐπικαταλαϐούσης,

2123 2924 2466 2993 ὲπιξενοῦταί
2498 2942 2604 2978 τινι
2626 2924 2736 2976 τῶν
2761 2923 3024 2990 θεοφιλῶν
3045 2963 3059 2987 ,
3102 2917 3215 2986 οἷος
3248 2924 3453 2985 ἐκεῖνος
3494 2918 3562 2993 ἦν
3600 2926 3700 2987 τὰς

2122 3018 2380 3079 τοιαύτας
2409 3016 2738 3084 καταγωγὰς
2779 3014 3067 3085 ἀκριϐοῦν,
3101 3014 3175 3077 ὡς
3203 3015 3278 3085 μὴ
3307 3016 3364 3067 ὲν
3386 3014 3697 3085 ἑτεροδόξου

2127 3108 2438 3164 καταλῦσαι
2477 3106 2775 3177 μηδέποτε.
2807 3103 2878 3176 ᾯ
2916 3107 3009 3157 καὶ
3048 3105 3120 3157 τὰ
3161 3106 3260 3175 τῆς
3283 3106 3521 3181 ’γνώμης
3565 3108 3701 3159 ἁνα-

2124 3202 2397 3271 καλύψας,
2425 3199 2658 3266 ἐπείπερ
2694 3197 2774 3251 ἔτι
2807 3199 3157 3273 γραμμάτων
3189 3198 3538 3251 παντάπασιν
3568 3201 3698 3251 ἀνο-

2125 3292 2354 3364 μίλητος
2382 3286 2473 3362 ἦν,
2509 3290 2566 3342 ἐν
2594 3307 2702 3343 τινι
2746 3289 2853 3341 τῶν
2881 3291 2996 3343 ἐκεῖ
3022 3289 3457 3360 φροντιστηρίων
3480 3289 3696 3357 ἀπάγε-

2121 3401 2214 3436 ται
2272 3382 2406 3449 παρ’
2439 3380 2632 3447 αὐτοῦ,
2662 3382 2718 3434 ὲν
2745 3382 3002 3449 γειτόνων
3036 3397 3098 3433 τε
3139 3380 3274 3446 ὄντι,
3307 3381 3402 3435 καὶ
3454 3382 3698 3435 Ούτωτε-

2122 3476 2240 3546 λὰῳ
2290 3474 2639 3543 καλουμένῳ,
2697 3473 2801 3525 κάν
2859 3470 3038 3540 τούτῳ
3098 3477 3199 3541 τὴν
3251 3472 3359 3524 τῶν
3417 3473 3697 3543 στοιχείων

2123 3568 2295 3638 μόνην
2318 3564 2637 3636 εἰσαγωγὴν
2663 3562 2974 3626 παιδευθεὶς
3001 3602 3016 3628 ,
3050 3562 3173 3615 ἐπεὶ
3204 3561 3436 3633 θορύϐου
3495 3563 3696 3633 μεστὸν

2119 3659 2180 3712 τὸ
2230 3659 2472 3723 τοςοῦτον
2515 3655 2789 3726 ἐμάνθανε
2829 3654 3295 3724 φροντιστήριον,
3353 3651 3441 3723 ἐφ’
3506 3652 3695 3725 ἕτερον

2121 3756 2374 3825 σεμνεῖον
2399 3752 2666 3806 Ἀντιδίου
2697 3752 2994 3821 λεγόμενον
3035 3749 3251 3815 ἄνεισι,
3301 3750 3399 3802 καὶ
3439 3748 3537 3819 τὴν
3568 3749 3698 3802 ἑαυ-

2117 3847 2213 3900 τοῦ
2250 3844 2514 3917 πρόθεσιν
2544 3845 2624 3915 τῷ
2651 3843 2959 3915 προεστῶτι
2991 3841 3185 3897 τούτου
3217 3841 3693 3913 παραγυμνῶσας,

2118 3940 2510 3995 ὲκπαιδεύεται
2575 3937 2709 4007 παρ’
2759 3933 2924 3989 αὑτοῦ
2982 3933 3082 4005 τὴν
3129 3935 3261 4004 περὶ
3309 3936 3439 3997 τοὺς
3501 3930 3687 3999 θείους

2117 4034 2344 4102 ἀγῶνας
2392 4029 2763 4100 παλαίστραν,
2808 4025 3100 4097 καθαιρεῖν
3130 4025 3435 4095 λογισμοὺς
3467 4023 3692 4094 δηλαδὴ,

2108 4132 2213 4203 ,καὶ
2263 4127 2372 4179 πᾶν
2424 4120 2630 4194 ὕψωμα
2683 4124 2825 4176 κατὰ
2880 4121 2979 4192 τῆς
3028 4119 3287 4189 γνώσεως
3329 4119 3695 4198 ἐπαιρόμενον

2117 4221 2215 4276 τοῦ
2250 4219 2413 4274 Θεοῦ.
2458 4214 2584 4271 Ἐπὶ
2624 4217 2836 4288 χρόνοις
2868 4217 2923 4271 δὲ
2956 4217 3079 4271 δυσὶ
3123 4218 3302 4287 τούτῳ
3346 4210 3694 4285 ἐγκαρτερή-

2120 4331 2242 4375 σας,
2293 4311 2531 4365 καὶτῶν
2575 4310 2671 4363 τοῦ
2713 4309 3053 4378 θεοπάτορος
3101 4307 3268 4361 Δαυῒδ
3311 4306 3499 4376 ὕμνων
3543 4302 3699 4373 τριά-

438 4395 531 4448 [δυί
560 4393 731 4464 patris
760 4392 925 4446 David
960 4394 1287 4464 hymnorum
1322 4393 1543 4463 triginta
1581 4396 1821 4463 psalmos
1867 4397 2011 4451 didi-

2124 4422 2291 4459 κοντα
2319 4403 2574 4473 ψαλμοὺς
2598 4399 2885 4470 ἐκμαθὼν,
2917 4401 3017 4452 οὐκ
3049 4400 3301 4466 ἀγεννεῖς
3330 4413 3391 4450 τε
3431 4398 3531 4457 τὰς
3568 4395 3697 4465 τού.

438 4491 678 4543 cissctet
716 4484 1201 4541 ostendissetsatis
1228 4485 1434 4539 validas
1471 4500 1593 4540 esse
1624 4502 1814 4539 eorum
1852 4504 2016 4544 ansas

443 4578 706 4632 adversus
731 4591 948 4631 omnem
999 4576 1263 4630 insultum
1316 4577 1641 4640 adversarii,
1687 4580 1848 4647 paulo
1894 4588 2017 4650 post

440 4669 667 4723 incessit
718 4682 843 4720 eum
904 4667 1239 4721 desiderium
1302 4670 1624 4724 transeundi
1656 4670 1722 4722 ad
1750 4680 2014 4738 montem,

438 4760 532 4831 qui
616 4756 1082 4828 supereminebat.
1166 4755 1333 4811 'l'otos
1409 4775 1537 4828 ergo
1607 4769 1816 4828 septem
1897 4760 2017 4817 dies

439 4867 643 4908 vacans
690 4849 948 4913 orationi,
976 4848 1195 4919 petebat
1221 4858 1279 4902 ut
1340 4850 1441 4902 sibi
1497 4860 1785 4920 appareret
1831 4862 2017 4905 certus

437 4949 546 4997 dux
604 4944 724 5006 viae,
778 4958 941 5013 quam
976 4941 1345 4996 desiderabat.
1375 4940 1618 5011 Septimo
1666 4956 1853 4998 autem
1903 4946 2013 5009 die,

445 5036 598 5091 audit
654 5036 741 5088 hic
789 5050 964 5088 novus
996 5043 1182 5087 noster
1231 5032 1407 5087 Mosls
1440 5048 1625 5088 vocem
1664 5035 2013 5104 desuper-ju-

435 5132 652 5183 bcntem
716 5136 775 5179 ut
824 5142 1014 5196 parum
1046 5122 1271 5180 accedat
1332 5123 1397 5177 ad
1457 5132 1722 5189 montem,
1780 5134 2015 5180 classe-

433 5231 633 5291 quatur
694 5218 746 5274 id
779 5219 925 5288 quod
953 5220 1251 5273 desiderat.

436 5304 441 5317 ³
508 5315 899 5378 .‘L.t,‘.umergo
932 5317 1021 5371 ille
1078 5316 1220 5370 hanc
1276 5313 1598 5387 audivisset,
1662 5314 1889 5368 accessit
1944 5314 2010 5368 ad

433 5417 695 5463 montem.
726 5419 781 5461 et
812 5423 1104 5476 quemnam
1134 5408 1317 5461 locum
1382 5405 1656 5459 inveniret
1715 5414 1902 5472 aptum
1943 5407 2009 5459 ad

431 5511 585 5549 suam
669 5500 1085 5565 habitationem,
1178 5497 1422 5568 undique
1508 5496 2008 5567 circumspiciebat.

436 5585 753 5642 Ascendens
778 5601 907 5661 ergo
942 5592 994 5645 in
1032 5576 1295 5657 montem,
1330 5589 1527 5644 incidit
1570 5590 1624 5644 in
1653 5587 1793 5643 duos
1818 5604 2010 5644 mona-

433 5680 588 5743 chos,
620 5682 819 5747 quibus
858 5686 1055 5739 tunicae
1124 5683 1349 5754 quidem
1400 5691 1563 5738 erant
1625 5681 1889 5738 conlectae
1940 5698 2007 5757 ex

2116 4515 2225 4551 των
2266 4494 2441 4556 λαϐὰς
2487 4493 2630 4545 κατὰ
2667 4491 2849 4560 πάσης
2899 4488 2993 4542 τοῦ
3027 4489 3422 4559 ἀντικειμένου
3459 4484 3695 4557 προσεο-

2110 4590 2213 4659 λῆς
2245 4586 2650 4656 ἐνδειξάμενος,
2711 4584 2878 4654 ὀλίγῳ
2919 4582 3153 4652 ὕστερον
3198 4579 3501 4648 ἐπιθυμίαν
3550 4580 3691 4647 ἴσχει

2119 4681 2257 4750 προς
2289 4680 2351 4732 τὸ
2386 4678 2787 4749 ὑπερκείμενον
2826 4675 3140 4745 μεταϐῆναι
3171 4672 3320 4744 ὅρος.
3386 4671 3508 4726 Ἐπὶ
3545 4667 3690 4721 ἑπτὰ
3714 4736 3725 4742 “

2117 4771 2211 4829 οὖν
2241 4773 2392 4837 ὅλαις
2422 4772 2663 4843 ἡμέραις
2697 4772 2828 4841 εὐχῇ
2875 4769 3231 4838 προσανέχων
3271 4764 3464 4835 ὁδηγὸν
3514 4762 3690 4818 ἀπλα-

2118 4867 2184 4935 νῆ
2212 4868 2451 4935 φανῆναι
2481 4864 2633 4933 αὐτῷ
2672 4863 2774 4933 τῆς
2835 4861 3283 4932 ἐπιθυμουμένης
3312 4859 3433 4913 όδοῦ
3484 4856 3684 4928 ἐξῄτει.

2117 4958 2276 5014 Κατὰ
2308 4958 2364 5011 δὲ
2401 4956 2503 5031 τὴν
2561 4956 2799 5025 ἑϐδόμην
2828 4954 3011 5026 φωνῆς
3055 4952 3263 5015 ἄνωθεν
3306 4947 3462 5015 οὗτος
3499 4953 3527 5004 ό
3563 4948 3687 5003 καθ’

2116 5052 2267 5121 ἡμᾶς
2313 5050 2434 5113 νέος
2479 5049 2686 5117 Μωσῆς
2727 5047 2938 5110 ἀκούει,
2981 5043 3437 5116 προσταττούσης
3474 5041 3687 5117 ⁷μικρὸν

2118 5142 2431 5214 προσϐῆναι
2460 5141 2542 5211 τῷ
2572 5139 2713 5211 ὄρει,
2742 5141 2845 5192 καὶ
2870 5138 2965 5193 τοῦ
2990 5128 3341 5208 ποθουμένου
3371 5139 3577 5205 τυχεῖν.

2188 5312 2246 5369 I'.
2289 5314 2509 5386 Ταύτης
2556 5315 2765 5389 ἐκεῖνος
2818 5316 2921 5384 τῆς
2971 5302 3155 5387 φωνῆς
3220 5314 3459 5375 ἀκούσας
3513 5328 3688 5389 προστ

2120 5403 2307 5459 ἐδαινὲ
2352 5423 2411 5459 τε
2467 5407 2544 5477 τῷ
2584 5407 2837 5477 (ipsumet
2882 5408 3001 5462 τίνα
3049 5411 3128 5472 είς
3174 5408 3454 5461 κατοικίαν
3487 5406 3683 5461 ἑαυτοῦ

2115 5498 2269 5569 εὖροι
2296 5500 2487 5562 τόπον,
2516 5501 2824 5569 πανταχόσε
2858 5502 3234 5571 περιεσκόπει.
3285 5498 3474 5552 ’Δνιὼν
3503 5499 3685 5552 τοίνιν

2114 5590 2261 5645 κατὰ
2316 5591 2376 5642 τὸ
2427 5591 2575 5662 ὅρος,
2636 5592 2760 5644 δυσὶ
2825 5595 3122 5662 μονασταῖς
3189 5594 3556 5662 ἐντυγχάνει,
3598 5588 3683 5656 οἷς

2111 5683 2339 5755 χιτῶνες
2365 5683 2461 5753 μὲν
2495 5684 2557 5738 ἐκ
2590 5684 2793 5754 τριχῶν
2828 5680 2970 5755 ἦσαν
2996 5688 3378 5757 πεποιημένοι,
3410 5685 3588 5740 δίαιτα
3623 5686 3681 5741 δὲ
