4066 6372
456 331 530 394 Ν

453 435 1058 518 perfectius-memoria
1097 437 1352 502 repetens
1385 445 1398 482 :
1441 424 1488 481 is
1518 432 1699 479 autem
1751 421 1801 474 ei
1860 413 2033 485 magis
2061 425 2108 481 Α

458 506 750 606 magisque
782 529 872 584 ille
933 539 1052 581 esse
1114 521 1426 576 videbatur.
1457 516 1754 583 Postquam
1802 523 1932 564 vero
1977 506 2034 560 in

455 597 584 682 eun;
607 597 788 678 oculis
841 612 1124 670 curiosius
1180 607 1472 680 conjectis,
1524 617 1718 658 revera
1775 597 2037 669 cognovit

456 720 606 774 hunc
635 714 946 770 illum'esse
973 706 1287 761 amicorum
1325 709 1382 756 et
1424 696 1778 755 familiarium
1812 688 2036 746 amicis-

457 811 656 866 simum
703 799 1075 861 ‘Joannicium,
1126 797 1246 867 ejus
1301 792 1487 849 statim
1543 788 1747 844 collum
1781 783 2038 838 circum-

457 901 592 958 dans
616 895 874 952 ardenter
903 887 1373 960 complectebatur
1400 903 1414 940 :
1464 893 1662 953 apeute'
1686 875 2038 939 ostendebat,

457 1001 518 1042 se
551 983 794 1056 pendere
825 980 894 1034 ab
921 979 1070 1034 illius
1102 976 1305 1038 anima,
1341 973 1390 1027 ei
1429 972 1683 1041 lacrymae
1707 964 2041 1021 distillabant

459 1094 571 1150 pra:
599 1075 822 1148 gaudio,
865 1082 921 1128 et
975 1073 1032 1125 in
1065 1069 1389 1124 memoriam
1439 1063 1740 1118 revocabat
1789 1067 2036 1113 veterem

461 1166 947 1226 consuetudinem.
987 1163 1198 1219 Deinde
1234 1161 1324 1214 ille
1350 1152 1880 1228 quidem‘excurrit,
1911 1145 2043 1202 reli-

463 1263 589 1333 quis
611 1259 776 1316 sociis
812 1273 928 1312 rem
961 1256 1151 1311 volens
1189 1250 1543 1323 signiﬁcare:
1580 1242 1916 1302 'Joannicius
1941 1255 2038 1293 au-

467 1368 576 1412 tem
607 1354 798 1408 volens
830 1349 1005 1419 magis
1032 1347 1228 1409 latere,
1262 1342 1501 1414 pervasit
1536 1339 1592 1393 in
1653 1344 1870 1391 montes
1901 1331 2045 1387 Con-

465 1447 646 1510 turi-.e,
671 1445 726 1498 in
761 1441 964 1512 quibus
1002 1436 1275 1510 degebant
1309 1433 1458 1498 ferae,
1496 1440 1745 1485 seorsum
1780 1422 2045 1479 cum‘Deo

468 1537 846 1610 congrediens.

537 1605 680 1686 Χίιι.
711 1628 847 1684 Cum
885 1637 1016 1681 tunc
1043 1631 1224 1678 autem
1276 1620 1415 1675 forte
1449 1617 1668 1672 fortuna
1701 1609 1942 1667 venisset
1987 1605 2042 1660 in

466 1726 640 1782 aedem
665 1720 983 1783 oratoriam,
1003 1715 1201 1770 incidit
1234 1714 1290 1768 in
1312 1711 1489 1765 virum
1519 1703 1808 1777 quemdam
1843 1709 1896 1755 et
1925 1715 2045 1753 mu-

469 1820 683 1882 liorem,
711 1815 805 1886 qui
837 1815 1215 1868 convenerant
1271 1815 1330 1860 ut
1385 1805 1584 1858 festum
1633 1796 1871 1869 patrium
1922 1808 2051 1863 per-

471 1917 717 1982 agerent.
747 1905 849 1974 Qui
897 1918 1022 1958 cum
1059 1909 1307 1956 sanctum
1332 1895 1624 1956 vidissent,
1655 1890 1711 1944 in
1755 1887 1930 1958 primo
1959 1898 2052 1938 oc-

471 1974 665 2064 cursu,
698 1999 791 2053 illo
821 1993 1046 2050 insolito
1087 1999 1142 2046 et
1177 1985 1413 2043 terribili
1443 1984 1563 2053 ejus
1613 1974 1925 2051 spectaculo
1951 1976 2054 2028 ob-

479 2088 793 2161 stupefacti,
838 2099 906 2140 ne
940 2087 1239 2154 potuerunt
1268 2075 1489 2147 quidem
1537 2073 1877 2138 interrogare
1903 2063 2054 2134 quis-

474 2199 603 2240 nam
631 2188 798 2242 esset,
826 2190 928 2230 nec
951 2173 1176 2228 omnino
1201 2183 1324 2223 cum
1355 2181 1423 2222 eo
1447 2162 1697 2220 conferre
1717 2169 2051 2214 sermonem.

476 2277 610 2332 Erat
649 2273 798 2329 enim
838 2269 923 2323 vir
953 2266 1085 2321 satis
1117 2261 1341 2333 quidem
1383 2259 1542 2328 iusta:
1609 2247 2052 2323 magnitudinis:

484 2366 683 2438 pannis
713 2371 895 2416 autem
939 2357 1172 2418 obsitus,
1203 2360 1259 2408 et
1289 2349 1454 2404 nudis
1489 2344 1751 2401 incedens
1787 2339 2052 2412 pedibus,

480 2429 535 2512 et
561 2465 708 2510 totus
747 2451 1060 2516 capillatus,
1089 2454 1146 2500 et
1164 2457 1321 2499 coma
1369 2438 1680 2495 mirandum
1735 2433 1792 2488 in
1831 2429 2054 2485 modum

479 2548 780 2622 promissa.
830 2542 914 2598 llli
972 2553 1108 2609 ergo
1156 2550 1282 2591 cum
1351 2537 1600 2593 sanctum
1669 2525 1748 2579 sic
1788 2520 2057 2576 vidissent

479 2609 761 2700 allectum,
784 2634 968 2691 allecti
1000 2639 1133 2687 sunt
1182 2631 1402 2685 timore.
1425 2621 1529 2688 .llle
1557 2628 1738 2673 autem
1769 2609 1980 2684 placida
2002 2615 2060 2664 et

480 2733 602 2790 miti
631 2743 764 2784 voce
810 2725 973 2798 jussit
1017 2736 1114 2777 eos
1158 2732 1279 2775 esse
1331 2716 1477 2771 bono
1514 2711 1721 2772 animo,
1770 2716 1826 2760 et
1864 2701 1932 2758 ab
1964 2700 2058 2755 illo

483 2826 679 2882 timore
703 2816 998 2874 recreavit.
1023 2811 1232 2868 Deinde
1259 2823 1355 2864 eos
1375 2803 1604 2876 rogavit,
1636 2811 1887 2872 quamam
1912 2799 2060 2849 esset

475 2919 596 2985 via,
631 2931 754 2987 qua:
778 2918 936 2967 recta
958 2901 1280 2964 ferret.'llli
1303 2913 1436 2956 vero
1465 2897 1722 2952 dixerunt
1776 2898 1903 2946 ante
1953 2887 2060 2941 llu-

483 3010 633 3064 vium
665 3008 856 3068 liuere,
880 3007 971 3069 qut
1025 3011 1133 3054 non
1166 3001 1286 3052 erat
1321 2996 1553 3047 transitu
1602 2989 1803 3050 facilis,
1853 2994 1908 3040 et
1935 2991 2071 3038 tunc

487 3095 753 3162 maxime,
796 3105 924 3148 cum
953 3097 1062 3143 tam
1109 3084 1266 3142 multi
1311 3081 1517 3138 imbres
1565 3076 1633 3135 ad
1670 3091 1792 3132 eum
1827 3072 2071 3130 allluxis-

493 3131 727 3156 ..ιεηιιιη
796 3131 920 3148 μυ...
956 3131 1062 3143 ......
1314 3131 1513 3138 ---ψη
1567 3131 1620 3135 _,

493 3199 634 3250 sent.
669 3132 825 3242 Tunc
859 3181 1002 3238 enim
1037 3177 1331 3241 acciderat,
1386 3183 1446 3229 ut
1478 3171 1834 3227 vehementer
1867 3131 2130 3236 plucrt'tc

498 3294 553 3341 et
578 3281 699 3337 ideo
747 3281 1092 3349 restagnaret
1133 3270 1356 3326 ﬂuvius.
1395 3267 1488 3322 Ille
1538 3272 1718 3319 autem
1762 3274 1884 3313 cum
1933 3256 2078 3311 circa

499 3375 736 3432 mediam
770 3381 984 3427 noctem
1041 3364 1368 3422 surrexisset
1417 3359 1502 3432 (0
1556 3356 1720 3427 pedes
1775 3349 2078 3422 speciosos.

485 3476 532 3524 ὀ
565 3469 872 3540 ingressum
924 3461 1076 3517 illum
1110 3451 1586 3520 admirabilem!)
1641 3460 1839 3516 aquam
1891 3453 2084 3498 ascen-

503 3562 586 3620 dit
615 3536 714 3616 nec
748 3556 848 3614 fuit
881 3551 1241 3616 madefactus,
1276 3560 1328 3605 et
1356 3543 1673 3602 transmittit
1699 3540 1756 3596 in
1800 3536 2084 3594 continen-

509 3663 617 3710 tem
675 3665 798 3722 qua:
823 3655 940 3707 erat
967 3661 1032 3703 ex
1060 3643 1306 3700 adverso.

567 3809 706 3866 XIV.
747 3810 900 3866 illinc
955 3817 1136 3863 autem
1195 3805 1346 3862 venit
1393 3810 1447 3861 In
1505 3803 1767 3874 templum
1819 3800 2078 3871 magistro

495 3907 718 3965 Christo
740 3904 922 3961 dilecti
953 3901 1226 3972 discipuli,
1253 3899 1398 3972 quod
1432 3906 1551 3956 erat
1602 3894 1804 3968 Ephesi
1832 3912 1847 3951 :
1885 3894 1930 3950 ei
1982 3909 2080 3947 au-

500 4011 611 4056 tem
644 3999 826 4057 statim
868 4012 967 4054 sua
1025 4003 1223 4068 sponte
1282 4002 1480 4062 apertze
1534 3999 1660 4048 sunt
1717 3999 1885 4060 porta:
1936 3986 2080 4042 illius

501 4091 712 4163 templi.
784 4089 880 4146 Ille
938 4103 1069 4145 vero
1132 4088 1434 4158 ingressus,
1493 4099 1617 4139 cum
1672 4081 1899 4138 Domino
1954 4091 2083 4134 suras

504 4199 696 4256 preces
733 4182 1079 4248 reddidisset,
1109 4195 1300 4236 rursus
1336 4175 1621 4250 egreditur
1649 4193 1662 4231 :
1697 4184 1749 4230 et
1781 4188 1906 4228 eum
1938 4176 2083 4225 esset

507 4291 786 4348 egressus,
846 4273 1096 4344 protinus
1150 4271 1482 4328 clauduntur
1534 4277 1724 4339 portae,
1781 4274 1834 4319 et
1895 4273 2086 4318 rursus

510 4368 848 4425 convertitur
900 4367 954 4420 in
989 4365 1332 4428 Conturiam,
1395 4369 1449 4416 et
1507 4358 1765 4415 convenit
1819 4351 2083 4424 quasdam

1651 304 1950 370 ‘MENSIS
1987 295 2426 363 NOVEMBER.

2130 1231 2360 1302 ’ἑταιρίᾳ
2412 1229 2747 1300 βουλόμενος
2799 1228 2870 1280 τὸ
2916 1226 3154 1296 πρᾶγμα
3210 1219 3450 1292 μηνῦσαι
3507 1235 3523 1248 ·

2129 1322 2426 1376 λανθάνειν
2485 1319 2689 1391 μᾶλλον
2735 1318 2959 1382 ἐθέλων,
2995 1315 3139 1386 διῄει
3179 1313 3272 1367 ἐπὶ
3306 1311 3376 1365 τὰ
3409 1307 3725 1381 θηροτρόφα

2134 1413 2243 1482 τῆς
2289 1410 2628 1481 Κοντουρίας
2673 1409 2798 1482 ὅρη,
2839 1408 3160 1478 καταμόνας
3217 1401 3612 1473 συγγινόμενος
3646 1398 3726 1471 τῷ

3641 281 3710 349 48

2137 409 2474 480 τελεώτερον
2513 403 2914 476 ἀναλαμϐάνων
2949 401 3014 470 τῇ
3050 397 3241 471 μνήμῃ
3265 397 3356 450 τὶν
3387 395 3578 470 ἄνδρα,
3618 399 3718 454 καὶ

2136 501 2234 556 ἐπὶ
2287 499 2451 552 πλέον
2504 493 2662 560 οὗτος
2706 496 2914 558 ἐκεῖνος
2954 487 3098 546 εἶναι
3153 488 3330 560 τούτῳ
3375 488 3572 542 ἐδόκει.
3625 489 3718 554 Ὠς

2136 595 2231 650 οῦν
2262 591 2691 665 περιεργοτέραν
2741 587 2890 658 αὐτῷ
2940 585 3041 654 τὴν
3084 583 3209 653 ὄψιν
3244 580 3544 647 ἐπιϐαλὼν,
3575 580 3720 650 ἔγνω

2137 690 2202 760 τῇ
2236 685 2470 757 ἀληθεία
2516 683 2709 737 τοῦτον
2740 681 2951 736 ἐκεῖνον
2980 672 3120 730 εἶναι
3148 675 3241 730 τὸν
3277 673 3537 742 φίλτατον
3567 671 3720 742 αὐτῷ

2136 779 2246 831 τῶν
2272 775 2508 845 ἑταίρων
2533 771 2890 836 ’Ῑωαννίκιον,
2928 767 3094 832 εὐθὺς
3125 763 3296 820 αὐτοῦ
3337 761 3418 833 τῷ
3456 761 3718 834 τραχήλῳ

2140 869 2400 940 περιφὺς,
2434 863 2895 937 περιεπτύσσετο,
2926 859 3149 933 θερμῶς
3177 855 3536 926 περιέϐαλλε,
3559 854 3721 924 δῆλος

2138 955 2208 1031 ἦν
2234 961 2336 1029 τῆς
2378 958 2594 1011 ἐκείνου
2641 955 2824 1026 ψυχῆς
2869 951 3289 1023 ἐκκρεμάμενος
3313 989 3328 1014 ,
3359 947 3600 1019 δάκρυον
3631 945 3720 998 ἐπ’

2141 1049 2292 1120 αύτῴ
2325 1050 2500 1119 χαρᾶς
2529 1046 2724 1111 ἔσταξε
2746 1082 2762 1109 ,
2798 1044 2902 1113 τῆς
2937 1041 3179 1103 παλαιᾶς
3212 1038 3380 1092 αὐτὸν
3416 1035 3723 1106 ἀνεμίμνη-

2139 1157 2238 1194 σκε
2267 1139 2583 1211 συνηθείας.
2615 1133 2750 1190 Εἶτα
2785 1137 2814 1188 6
2847 1134 2947 1206 μὲν
2974 1132 3291 1202 ἀποτρέχει,
3329 1129 3423 1182 καὶ
3455 1130 3523 1200 τῇ
3551 1127 3718 1197 λοιπῇ

3579 1219 3725 1272 ὁδέ

2142 1502 2284 1557 Θεῷ.

2224 1520 2246 1553 ιι
2270 1542 2284 1557 .

2224 1520 2324 1650 ἦν.
2369 1593 2458 1648 Ἐν
2488 1593 2766 1665 εὐκτηρίῳ
2788 1593 2862 1647 δὲ
2893 1592 3018 1647 τότε
3051 1593 3186 1663 οίκῳ
3221 1591 3365 1646 κατά
3397 1592 3575 1664 τύχην
3621 1610 3727 1646 πα-

2149 1687 2422 1758 ραλαϐὼν,
2479 1686 2805 1756 ἐντυγχάνει
2851 1685 3010 1756 ἀνδρί
3038 1684 3112 1754 {re
3151 1686 3252 1738 καὶ
3292 1687 3537 1754 γυναικὶ,
3583 1685 3728 1738 κατά

2082 1779 2124 1836 Β
2152 1777 2343 1851 χρείαν
2383 1777 2703 1832 συνελθοῦσι
2751 1777 2848 1830 τοῦ
2898 1777 3131 1848 πάτριον
3178 1775 3374 1848 ἑορτὴν
3418 1774 3724 1828 ἐκτελέσαι.

2155 1870 2332 1942 Οτπερ
2362 1870 2439 1934 ὡς
2466 1867 2609 1924 εἶδον
2645 1869 2736 1922 τὸν
2765 1869 2943 1937 ἅγιον,
2981 1869 3046 1920 ἐκ
3076 1867 3299 1939 πρώτης
3332 1864 3630 1930 ἐντεύξεως
3648 1863 3729 1935 τῷ

2152 1962 2416 2034 ἀσυνήθει
2451 1961 2548 2015 καὶ
2593 1960 2892 2031 καταφὸϐῳ
2923 1959 3117 2013 τούτου
3145 1959 3243 2029 τῆς
3276 1958 3403 2021 θέας
3443 1955 3729 2011 καταπλατ-

2151 2053 2380 2122 γέντες,
2421 2051 2544 2106 οὐδὲ
2593 2050 2864 2104 πυθέσθαι
2917 2051 3063 2114 ὄςτις
3113 2041 3267 2113 οὗτος
3313 2047 3436 2119 εἴη,
3471 2047 3609 2101 οὐδὲ
3646 2049 3726 2109 είς

2151 2145 2353 2214 λόγους
2381 2143 2518 2206 ὅλως
2549 2142 2699 2212 αὐτῷ
2729 2141 2906 2196 ἐλθεῖν
2941 2141 3190 2212 ἴσχυσαν.
3218 2136 3328 2194 Ἦν
3373 2141 3484 2211 γὰρ
3528 2141 3557 2194 ὁ
3586 2139 3725 2211 ἀνὴρ

2155 2237 2360 2299 ἱκανῶς
2396 2235 2497 2306 μὲν
2526 2233 2664 2306 ἔχων
2701 2233 2995 2304 μεγέθους,
3023 2233 3413 2305 περικείμενος
3463 2232 3521 2287 δὲ
3560 2233 3725 2304 ῥάκη,

2153 2329 2250 2384 καὶ
2296 2327 2696 2398 γυμνοποδῶν,
2752 2327 2890 2389 ὅλως
2935 2344 2995 2380 τε
3047 2327 3365 2398 κατάκομος
3401 2328 3520 2391 ταῖς
3559 2325 3727 2398 θριξὶ,

2146 2423 2282 2484 ’τοὺς
2319 2418 2656 2491 βοστρύχους
2688 2418 3061 2490 περιττότατα
3104 2418 3459 2488 καθειμένος.
3511 2420 3574 2471 Oi
3629 2419 3730 2490 μὲν

2155 2510 2249 2568 οῦν
2291 2510 2467 2574 οὕτως
2517 2511 2714 2580 έχοντα
2765 2509 2857 2566 τὸν
2899 2509 3056 2579 ἅγιον
3105 2509 3325 2573 ίθόντες,
3351 2509 3525 2581 δειλίᾳ
3552 2509 3732 2562 συνεί-

2155 2619 2333 2673 χοντο.
2378 2600 2438 2656 '0
2471 2601 2527 2655 δὲ
2579 2601 2785 2674 πραείᾳ
2816 2601 3044 2666 τούτους
3091 2601 3183 2655 καὶ
3235 2601 3428 2672 ἡμέρῳ
3483 2604 3548 2672 τῇ
3577 2603 3731 2672 φωνῇ

2160 2691 2386 2767 θαρρεῖν
2415 2693 2662 2760 ἐκέλευε,
2711 2694 2807 2748 καὶ
2852 2693 2955 2764 τῆς
2999 2692 3206 2756 δειλίας
3246 2693 3464 2764 ἐκείνης
3490 2692 3734 2762 ἀνελάμ-

2155 2787 2292 2841 ’ϐανέ
2323 2803 2382 2839 τε
2414 2787 2512 2839 καὶ
2539 2786 2830 2842 ἀνεκτᾶτο.
2857 2781 2991 2839 Εἶτα
3019 2786 3113 2840 καὶ
3136 2785 3266 2838 ποία
3289 2785 3399 2838 τών
3420 2785 3554 2838 ὁδῶν
3585 2789 3736 2839 ἐστιν

2157 2883 2192 2952 ὴ
2222 2881 2358 2952 πρὸς
2391 2879 2454 2933 τὸ
2494 2877 2635 2933 ἐὺθὺ
2678 2879 2928 2950 ,φέρουσα
2955 2917 2970 2944 ,
3004 2877 3270 2950 διηρώτα.
3301 2878 3364 2931 Οί
3394 2877 3451 2932 δὲ
3489 2881 3736 2949 ποταμὸν

2159 2971 2307 3043 αὐτῷ
2335 2973 2430 3025 ἐπὶ
2456 2971 2538 3025 τὰ
2571 2971 2763 3042 πρόσω
2787 2973 2914 3044 ῥεῖν
2948 2970 3192 3042 ἔφησαν,
3217 2971 3308 3042 ,μὴ
3358 2971 3564 3042 εύχερῆ
3600 2970 3737 3041 μηδὲ

2159 3065 2355 3137 ῥᾳδίαν
2399 3065 2598 3136 ἔχοντα
2645 3063 2749 3135 τὴν
2797 3064 3124 3134 περαίωσιν,
3166 3065 3262 3117 καὶ
3303 3064 3544 3134 μάλιστα
3576 3065 3637 3117 τό
3669 3081 3738 3135 γε

2162 3159 2260 3214 νῦν
2303 3159 2453 3231 ἕχον,
2513 3157 2739 3229 ὄμϐρων
2798 3155 2949 3228 αὐτῷ
2978 3155 3256 3211 τοσούτων
3303 3156 3683 3228 ἐπιρῤυέντων
3717 3174 3734 3190 ⁸

2161 3254 2322 3325 ιτυχε
2379 3253 2490 3324 γὰρ
2536 3251 2664 3306 κατ’
2699 3253 2881 3306 ἐκεῖνο
2913 3251 3016 3322 τῆς
3063 3249 3215 3322 ώρας
3257 3245 3387 3306 ὗσαι
3437 3251 3736 3324 ῥαγδαίως,

2161 3344 2462 3400 κάντεῦθεν
2505 3344 2917 3416 πλημμυρῆσαι
2961 3343 3055 3397 τὸν
3099 3343 3370 3416 ποταμόν.
3402 3343 3590 3399 Ταῦτα
3635 3343 3739 3416 μὲν

2162 3437 2255 3492 οὖν
2285 3438 2486 3491 ἐκεῖνοι
2509 3451 2522 3466 ο
2555 3438 2582 3490 ὁ
2613 3435 2670 3490 δὲ
2715 3433 3054 3507 περιμέσας
3088 3433 3290 3500 νύκτας
3329 3433 3619 3499 διαναστὰς
3671 3435 3740 3506 (ὣ

2165 3529 2342 3584 ποδῶν
2363 3530 2615 3600 ὡραίωνῑ
2644 3528 2688 3584 ὣ
2705 3530 3028 3602 θαυμαστῆς
3050 3527 3263 3600 ἐκείνης
3287 3527 3518 3600 πορείας
3543 3527 3585 3599 l)
3621 3529 3742 3583 ἐπι·

2165 3623 2347 3680 ϐαίνει
2374 3622 2623 3695 ἀϐρόχως
2659 3623 2738 3694 τῷ
2771 3622 2950 3690 ὕδατι,
2995 3623 3092 3679 καὶ⁸
3143 3621 3224 3686 είς
3276 3619 3378 3692 τὴν
3434 3621 3740 3692 ἀντιπέρας

2167 3714 2396 3786 ἧπειρον
2437 3712 2732 3768 διαϐαίνει.

2241 3806 2338 3860 1Δ’.
2387 3806 2632 3860 Ἐκεῖθεν
2682 3805 2739 3860 δὲ
2808 3808 2868 3859 ἐν
2942 3806 3151 3878 Ἐφέσῳ
3214 3806 3342 3863 ναὸν
3389 3805 3485 3864 τοῦ
3520 3807 3742 3878 ἀγαπη-

2168 3900 2262 3955 τοῦ
2298 3899 2376 3972 τῷ
2399 3899 2706 3972 διδασκάλῳ
2734 3897 2960 3972 Χριστῷ
2993 3901 3246 3972 μαθητοῦ
3304 3901 3743 3974 καταλαμϐάνει,

2169 3994 2266 4049 καὶ
2300 3993 2478 4063 τούτῳ
2507 3993 2836 4064 αὐτομάτως
2864 3995 2920 4046 ai
2951 3992 3046 4047 τοῦ
3082 3994 3187 4047 νεὼ
3208 3993 3523 4064 ἀνοίγονται
3554 3995 3745 4050 πύλαι.

2171 4088 2281 4141 Καὶ
2308 4086 2370 4150 ὃς
2415 4088 2550 4140 εἴσω
2597 4085 2918 4156 γενόμενος,
2981 4086 3076 4140 καὶ
3119 4087 3218 4150 τὰς
3249 4087 3416 4158 εὐχὰς
3454 4087 3622 4142 αὐτοῦ
3667 4085 3748 4156 τῷ

2171 4177 2364 4249 Κυρίῳ
2423 4176 2732 4243 ἀποδιδοὺς,
2797 4176 3001 4244 ἔξεισιν
3062 4170 3220 4240 αὖθις
3259 4193 3274 4208 ο
3322 4177 3418 4232 καὶ
3460 4175 3602 4248 μετά
3649 4177 3748 4248 τὴν

2173 4270 2475 4336 ἐξέλευσιν,
2508 4270 2564 4322 αἱ
2599 4268 2768 4322 πύλαι
2805 4268 2968 4334 εὐθὺς
3019 4268 3415 4336 ἐπικλείονται,
3467 4271 3564 4322 καὶ
3601 4267 3750 4323 οὕτω

2171 4365 2272 4432 τῆς
2303 4362 2397 4414 ἐπὶ
2429 4361 2771 4430 Κοντουρίαν
2799 4359 3030 4414 ἅπτεται
3066 4358 3230 4412 πάλιν
3256 4373 3271 4389 ⁸
3308 4359 3404 4411 καί
3441 4374 3549 4411 τισι
3582 4375 3751 4427 μοναν

512 4457 836 4525 monacbas,
866 4465 1117 4520 matrem,
1162 4454 1409 4524 inquam,
1466 4465 1586 4507 cum
1655 4447 1784 4502 lilia.
1845 4443 2068 4511 Quarun

2179 4451 2405 4514 ζούσαις
2431 4450 2776 4519 ἐντυγχάνει,
2815 4447 3005 4520 μητρὶ,
3036 4450 3211 4518 φημὶ,
3251 4445 3390 4518 μετά
3425 4446 3748 4516 θυγατρίου,

511 4554 622 4609 lilia
651 4551 871 4623 quidem
899 4550 1012 4621 jam
1042 4555 1161 4604 erat
1214 4543 1427 4602 defessa
1484 4541 1750 4600 libidine:
1789 4549 1960 4593 mater
1992 4551 2093 4592 au-

513 4655 620 4702 tem
651 4643 908 4701 studebat
970 4638 1433 4698 admonitionibus
1492 4643 1673 4691 motus
1727 4633 1847 4705 ejus
1915 4629 2097 4686 carnis

513 4735 898 4807 comprimere.
961 4733 1096 4790 Cum
1156 4734 1211 4787 in
1267 4745 1360 4787 eas
1408 4728 1691 4786 incidisset
1749 4731 1990 4786 sanctus,
2045 4729 2100 4778 et

504 4806 730 4891 propter
771 4815 970 4888 puellae
1021 4813 1220 4868 vitium
1263 4818 1412 4867 esset
1458 4809 1642 4863 animo
1699 4806 2078 4877 perturbatus,

506 4912 683 4982 puella
707 4909 775 4964 ad
807 4924 866 4965 se
897 4918 1109 4971 vocata,
1160 4905 1318 4976 jubet
1346 4917 1465 4958 eam
1507 4917 1727 4956 manum
1758 4914 1912 4956 suam
1941 4899 2082 4954 collo

505 5000 652 5056 illius
679 5000 984 5068 imponere.
1019 4996 1177 5063 Quod
1216 4994 1436 5065 quidem
1475 5007 1599 5047 cum
1627 4992 1848 5046 'l‘actum
1892 4989 2086 5046 luisset

509 5103 566 5148 nt
593 5096 856 5165 jusserat,
890 5087 1104 5159 rogavit
1163 5096 1224 5141 ut
1280 5085 1460 5157 puella
1497 5083 1717 5155 quidem
1757 5081 2084 5138 liberaretur

507 5203 537 5242 a
571 5186 736 5252 malo,
791 5182 938 5255 quod
977 5197 1097 5238 eam
1154 5179 1410 5243 vexabat,
1453 5178 1508 5233 in
1571 5192 1630 5232 se
1676 5183 1862 5230 autem
1920 5188 2084 5244 grave

510 5280 645 5335 illud
678 5280 883 5334 malum
913 5275 1205 5331 recideret.
1249 5272 1429 5342 Atque
1481 5271 1569 5324 illa
1593 5269 1813 5339 quidem
1857 5266 2087 5321 liberata

510 5369 712 5424 abello
735 5367 938 5430 carnis,
996 5363 1178 5419 ordini
1234 5360 1628 5416 monacharum
1663 5373 1742 5420 se,
1785 5365 1845 5411 ut
1909 5354 2085 5423 prius,

514 5461 777 5516 restituit.
808 5460 867 5516 In
930 5465 1182 5513 sanctum
1229 5463 1416 5509 autem
1477 5465 1639 5522 grave
1696 5447 1828 5503 illud
1875 5445 2086 5502 bellum

513 5552 876 5609 excitabatur.
906 5549 1044 5608 Cum
1085 5560 1268 5604 autem
1310 5543 1640 5613 intelligeret
1661 5550 1852 5608 turpes
1888 5537 2092 5608 cogita-

519 5644 699 5700 tiones
726 5658 852 5698 eum
885 5643 952 5697 ad
987 5643 1128 5697 facta
1163 5656 1274 5695 non
1319 5639 1547 5692 honesta
1591 5627 1894 5704 impellere,
1936 5631 2092 5686 inve-

519 5739 602 5793 nit
634 5738 924 5795 draconem
952 5735 1246 5809 quemdam
1287 5747 1353 5787 ex
1376 5729 1726 5800 serpentibus
1749 5731 1800 5780 in
1832 5725 2085 5797 quadam,

2177 4547 2243 4616 τῇ
2320 4543 2419 4613 μὲν
2481 4540 2820 4611 ἀπειρηκυίᾳ
2883 4539 2982 4611 ἤδη
3059 4539 3197 4610 πρὸς
3259 4539 3360 4602 τὰς
3414 4537 3749 4602 ἀκολάστους

2177 4632 2353 4704 ὁρμὰς
2376 4672 2393 4699 ,
2419 4632 2484 4701 τῇ
2521 4631 2690 4700 μητρὶ
2720 4628 2776 4681 δὲ
2823 4627 2910 4681 διὰ
2943 4627 3323 4698 παραινέσεως
3349 4624 3652 4695 σπευδούσῃ
3681 4624 3752 4677 τὰ

2179 4723 2280 4818 τῇς
2313 4724 2512 4818 σαρκὸς
2544 4720 2685 4790 αὐτῇ
2718 4719 2995 4818 κινήματα
3041 4717 3453 4784 καταστέλλειν.
3513 4713 3752 4777 Ταύταις
3781 4721 3791 4818 γ

2181 4807 2275 4865 οὖν
2306 4813 2332 4865 ὁ
2359 4810 2513 4879 ἀγιος
2547 4808 2815 4878 ἐντυχὼν,
2847 4808 2942 4862 καί
2969 4825 3020 4861 τι
3045 4809 3141 4860 καὶ.
3174 4808 3311 4880 πρὸς
3349 4806 3411 4860 τὸ
3444 4804 3616 4869 πάθος
3651 4805 3754 4876 τῆς

2184 4903 2356 4973 κόρης
2402 4876 2592 4954 παθὼν
2643 4876 2745 4972 την
2795 4899 2999 4971 ψυχὴν,
3046 4902 3148 4970 τὴν
3193 4876 3361 4952 παῖδα
3393 4898 3527 4970 πρὸς
3561 4876 3788 4951 ἐαυτὸν·

2185 4991 2446 5054 καλέσας,
2495 4988 2772 5043 ἐπιθεῖναι
2827 4987 2907 5059 τῷ
2954 4989 3167 5042 ἐκείνου
3227 4987 3416 5058 αὐχένι
3457 4986 3555 5059 τὴν
3586 4986 3756 5058 αὐτῆς

2186 5085 2560 5154 προτρέπεται
2589 5084 2777 5153 χεῖρα.
2817 5083 2882 5136 Ὃ
2909 5081 2974 5152 δὴ
3003 5083 3099 5135 καὶ
3125 5081 3201 5143 ώς
3226 5079 3480 5135 ἐκέλευσε
3509 5081 3757 5150 γεγονὸς,

2187 5173 2570 5244 ἀπαλλαγῆναι
2605 5173 2706 5244 μὲν
2740 5171 2942 5242 ηῦχετο
2964 5173 3063 5240 τὴν
3095 5170 3264 5242 κόρην
3285 5171 3379 5223 τοῦ
3409 5169 3760 5241 ἐνοχλοῦντος

2189 5265 2383 5330 κακοῦ,
2419 5265 2570 5335 αὐτῷ
2600 5265 2657 5318 δὲ
2685 5264 2746 5318 τὸ
2775 5262 2952 5317 δεινὸν
2983 5263 3164 5315 ἐκεῖνο
3193 5262 3505 5314 ἐπιπεσεῖν.
3552 5261 3620 5314 Ἥ
3649 5261 3752 5330 μὲν

2189 5356 2305 5422 οὖν,
2332 5355 2426 5409 τοῦ
2455 5357 2554 5426 τῆς
2593 5356 2796 5424 σαρκὸς
2836 5355 3075 5423 πολέμου
3111 5352 3517 5421 ἀπαλλαγεῖσα,
3548 5349 3626 5423 τῷ
3654 5352 3762 5407 τῶν

2194 5447 2546 5517 μοναζουσῶν
2577 5448 2844 5517 τάγματι,
2878 5445 3025 5501 καθά
3051 5446 3118 5517 δὴ
3155 5443 3251 5499 καὶ
3285 5444 3553 5517 πρότερον
3593 5439 3761 5516 εἶχεν,

2191 5538 2393 5608 ἑαυτὴν
2454 5538 2784 5593 ἀποδίδωσι⁹
2845 5537 2923 5608 τῷ
2979 5538 3123 5609 ἁγίῳ
3158 5537 3217 5590 δι
3272 5540 3300 5590 ὁ
3353 5536 3525 5601 δεινὸς
3557 5538 3764 5608 ἐκεῖνος

2192 5631 2523 5703 ἀνηγείρετο
2563 5630 2823 5700 πόλεμος.
2857 5629 3046 5694 Συνεὶς
3072 5629 3167 5685 οῦν
3193 5627 3494 5700 λογισμοὺς
3529 5629 3764 5696 ἀτόπους

2193 5721 2288 5774 ἐπὶ
2353 5717 2583 5791 πράξεις
2643 5717 2810 5774 αὑτὸν
2862 5718 2960 5783 τὰς
3000 5719 3060 5773 οὗ
3121 5717 3290 5783 καλὰς
3344 5715 3760 5781 συνωθοῦντας.
