4060 6374
317 385 394 450 49
1384 386 1566 450 νιΤΑ
1606 382 1671 450 s.
1710 374 2105 449 IOANNICII
2141 382 2486 446 ABBA'I‘IS.
3056 446 3079 471 κ
3529 370 3599 434 su

316 496 605 568 δρὰκοντά
637 512 760 549 τινα
794 494 902 549 τῶν
947 496 1304 567 ὲρπυστικῶν
1340 497 1398 551 ἓν
1429 517 1536 553 τινι
1565 498 1677 554 τῶν
1712 497 1894 552 ἐκεῖσε

2026 509 2122 564 [uae
2150 496 2262 551 illic
2296 506 2438 560 erat,
2470 495 2752 565 spelunca,
2781 502 2836 548 et
2868 491 3111 563 seipsum
3151 486 3333 545 statim
3386 488 3595 558 praebet

315 589 614 661 σπηλαίων
652 588 929 655 εὑρίσκει,
966 589 1063 643 καὶ
1100 588 1280 660 τούτῳ
1326 590 1673 662 κατάὅρωμα
1712 588 1909 644 ἑαυτὸν

323 682 496 746 εὐθὺς
544 680 881 752 ὲμπαρέχει,
942 683 1081 751 πρὸς
1137 679 1260 749 βίαν
1319 680 1764 752 παρασκευάζων
1817 679 1914 734 καὶ

315 776 524 830 ἄκοντα
572 772 667 825 τοῦ
696 771 967 843 σώματος,
990 769 1160 825 αὐτοῦ
1192 770 1459 841 ἅψασθαι.
1498 771 1769 827 Τεθνάναι
1797 771 1911 842 γὰρ

322 866 533 937 μᾶλλον
576 865 768 935 ᾑρεῖτο
812 863 846 934 ἢ
895 862 958 916 τδ
1002 863 1106 933 τῆς
1143 863 1328 934 ψυχῆς
1379 863 1608 932 εὐγενὲς
1659 864 1775 927 τοῖς
1812 862 1914 932 τῆς

326 956 534 1027 σαρκὸς
561 954 834 1025 θελήμασι
872 952 1238 1025 δουλωθῆναι.
1284 953 1345 1006 ’0
1381 954 1480 1023 μὲν
1519 951 1614 1008 οὖν
1667 952 1745 1024 τῷ
1787 953 1916 1025 δρά-

325 1066 477 1104 κοντι
514 1047 712 1101 ἑαυτὸν
745 1047 1118 1117 ἐμπαρεῖχεψ
1161 1047 1211 1099 oi
1248 1047 1481 1116 πονηροὶ
1529 1045 1585 1098 δὲ
1635 1046 1910 1115 λογισμοὶ,

323 1142 393 1194 τὲ
429 1139 528 1194 τοῦ
561 1139 756 1211 νοητοῦ
786 1138 1085 1209 δράκοντος
1116 1138 1441 1208 σπέρματα,
1469 1138 1635 1202 εὐθὺς
1659 1137 1913 1208 ἀπηλάτ-

320 1247 504 1293 τοντο,
538 1229 637 1283 καὶ
680 1231 790 1282 πᾶν
819 1227 873 1281 εί
900 1246 953 1282 τι
979 1228 1198 1299 θέλημα
1226 1227 1431 1298 σαρκὸς
1459 1227 1699 1298 ⁴ιγνὼχλει
1739 1224 1913 1293 αύτῷ,

320 1322 418 1374 καὶ
449 1318 609 1373 τοῦτο
642 1312 757 1372 οἷον
792 1316 1128 1388 ὲνμαραίνετό
1182 1333 1243 1369 τε
1288 1316 1382 1370 καὶ
1430 1315 1718 1387 ἐνεκροῦτο
1740 1332 1755 1351 ο
1789 1332 1911 1368 συν·

320 1407 695 1481 απεεκροῦτο
743 1407 800 1461 δὲ
835 1407 930 1461 καὶ
983 1407 1116 1460 αὐτὸ
1167 1407 1227 1461 τὸ
1282 1406 1422 1471 ζῶον
1460 1407 1684 1469 αὐτίκα,
1719 1409 1815 1459 καὶ
1849 1404 1908 1457 τὸ

329 1503 429 1553 ἀπ’
461 1502 680 1554 ἐκείνου
714 1501 747 1571 ή
781 1500 927 1553 κατὰ
965 1499 1243 1553 παντοίων
1273 1499 1460 1569 θηρῶν
1489 1499 1705 1570 ὁρατῶν
1740 1513 1796 1551 τε
1817 1498 1913 1551 καὶ

323 1593 574 1663 ἀοράτων
603 1590 843 1662 δύναμις
878 1590 1176 1661 παρείχετο
1205 1589 1284 1662 τῷ
1317 1593 1627 1665 ἀγωνιστῇ.

400 1767 498 1823 [Ε.
568 1768 793 1823 ’Δλλοτε
844 1766 995 1838 γὰρ’
1011 1772 1039 1824 ὁ
1091 1770 1193 1841 μὶν
1241 1772 1366 1836 τοὺς
1420 1770 1519 1825 ’τοῦ
1566 1769 1729 1826 Δαυῖὃ
1761 1772 1919 1845 ἐπῄει

2016 585 2086 642 ab
2119 601 2186 641 eo
2225 585 2596 650 exedendum,
2643 585 2729 639 vel
2782 600 2880 655 per
2930 582 3043 637 vim
3097 595 3299 650 cogens
3361 579 3597 634 invitum

2014 677 2136 748 ejus
2184 691 2387 746 corpus
2421 686 2667 747 tangere.
2722 675 2958 731 Malebat
3012 674 3162 729 enim
3213 671 3376 738 mori,
3429 687 3597 743 quam

2024 767 2193 823 animi
2228 767 2312 822 sui
2339 766 2683 823 nobilitatem
2712 765 2984 822 voluntati
3016 765 3198 821 carnis
3232 779 3353 820 esse
3391 764 3601 819 manci-

2017 872 2222 933 patam.
2268 862 2445 931 Atque
2502 860 2592 914 ille
2652 858 2877 931 quidem
2925 873 2984 913 se
3041 856 3280 928 prmbuit
3332 857 3598 912 draconi:

2017 953 2172 1007 malm
2208 963 2390 1007 autem
2412 951 2794 1021 cegitationes,
2823 965 2945 1020 qtne
2984 956 3117 1004 sunt
3169 951 3379 1004 semina
3411 948 3602 1003 draco-

2015 1044 2122 1108 nis,
2165 1042 2267 1112 qui
2296 1042 2443 1097 cadit
2472 1041 2529 1095 in
2564 1039 3010 1111 intelligentiam,
3061 1038 3314 1109 protinus
3360 1052 3604 1094 recesse-

2017 1145 2183 1191 runt:
2221 1144 2276 1190 et
2306 1136 2350 1190 si
2385 1151 2491 1205 qua
2525 1134 2777 1188 voluntas
2801 1132 2984 1188 carnis
3032 1131 3094 1186 ei'
3129 1129 3427 1186 exhibebat
3487 1143 3606 1184 rno-

2015 1225 2255 1290 lestiam,
2286 1242 2349 1281 ea
2377 1224 2787 1297 quodammodo
2822 1233 2933 1280 tota
2958 1224 3321 1281 ﬂaccescebat
3347 1230 3404 1278 et
3421 1234 3599 1276 morte

2016 1312 2380 1369 afficiebatur.
2417 1313 2594 1369 Simul
2623 1328 2805 1370 autem
2841 1324 3017 1370 morte
3069 1330 3292 1386 quoque
3343 1313 3604 1369 allectum

2020 1401 2125 1456 fuit
2149 1402 2335 1457 statim
2367 1402 2545 1473 ipsum
2575 1403 2777 1458 animal
2819 1412 2875 1458 et
2903 1404 3104 1460 exhinc
3144 1404 3412 1460 adversus
3442 1419 3605 1457 omne

2020 1510 2198 1566 genus
2268 1495 2433 1559 feras,
2479 1506 2591 1550 tam
2660 1511 2783 1566 qum
2856 1496 2959 1551 sub
3014 1504 3297 1568 aspectum
3375 1496 3602 1555 cadunt.

2020 1599 2184 1652 qnam
2221 1600 2342 1655 quae
2372 1600 2481 1640 non
2531 1583 2757 1653 cadunt,
2813 1585 2937 1641 data
2985 1594 3070 1642 est
3128 1596 3372 1659 potestas
3416 1586 3606 1643 decer-

2016 1674 2209 1729 tutori.

2096 1760 2212 1820 XV.
2248 1765 2558 1835 Aliquando
2593 1767 2739 1823 enim
2776 1767 2867 1823 ille
2910 1767 3132 1839 quidem
3182 1768 3402 1825 Davidis
3459 1770 3605 1839 psal—

325 1862 393 1930 τῇ
427 1861 619 1931 μνήμη
659 1837 931 1931 ψαλμούςέ
957 1837 1157 1932 σωρεία
1182 1863 1239 1918 δέ
1270 1880 1352 1927 τις
1378 1862 1546 1917 λίθων
1578 1837 1915 1931 ύπεκινεῖτίο,

2026 1871 2146 1911 mos
2181 1856 2400 1912 diccbat
2446 1859 2767 1914 memori'er
2804 1878 2817 1914 :
2886 1861 3212 1917 movebatur
3261 1870 3442 1917 autem
3484 1860 3608 1932 qui-

329 1950 423 2006 καὶ
449 1952 579 2017 τοὺς
608 1952 705 2006 τοῦ
739 1952 899 2021 ἁγίου
927 1954 1242 2025 ὀφθαλμοὺς
1274 1956 1361 2024 ἐφ’
1387 1956 1586 2029 ἑαυτὴν
1611 1958 1915 2012 ἐπεσπᾶτο.

208 2069 226 2090 ο
333 2041 497 2112 Ὄφιν
538 2032 651 2098 ὀὖν
706 2061 831 2098 τινα
886 2046 1223 2117 φοινικοειδῆ
1272 2047 1534 2118 μέγιστον
1596 2050 1662 2102 ἐκ
1708 2048 1916 2120 ταύτης

329 2134 773 2206 ὕποφαινύμενον
822 2136 972 2202 ἰδὼν,
1008 2138 1106 2191 καὶ
1219 2140 1362 2193 κατᾶ
1393 2141 1552 2210 χεῖρα
1580 2134 1697 2212 εἶχε
1730 2140 1916 2211 ῥάϐδῳ

336 2226 555 2295 πλήξας
591 2225 784 2290 αύτδν,
817 2226 1026 2281 ἄπνουν
1075 2227 1140 2294 ἐξ
1199 2228 1374 2300 αὐτῆς
1406 2229 1650 2285 δεικνύει
1696 2231 1914 2295 νεκρόν.

329 2311 471 2373 Εἶτα
525 2317 622 2370 καὶ
651 2312 809 2380 αὖθις
847 2316 1119 2389 χειμῶνος
1172 2318 1294 2391 ὥρᾳ
1337 2319 1366 2372 ὁ
1417 2320 1518 2391 μὲν
1561 2321 1816 2390 ύπόγειόν
1862 2339 1916 2375 τι

330 2408 604 2477 σπήλαιον
661 2408 966 2481 ὑπέρχεται
1024 2409 1122 2465 καὶ
1177 2412 1456 2466 σκοτεινόν
1499 2429 1514 2445 ο
1577 2412 1656 2483 τῷ
1691 2413 1748 2467 δὲ
1807 2414 1916 2486 ἄρα

332 2499 551 2571 δράκων
581 2500 805 2571 ἐνῴκει,
842 2503 946 2558 ὅσα
977 2504 1077 2558 καὶ
1105 2503 1301 2574 φωλεῷ
1347 2504 1428 2576 τῷ
1471 2506 1725 2577 σπηλαίῳ
1769 2507 1916 2579 χρώς

340 2608 523 2661 μενος.
586 2593 953 2665 ’Υπέλαμπον
982 2594 1076 2650 οὖν
1105 2598 1156 2649 οἱ
1189 2595 1283 2650 τοῦ
1302 2596 1598 2668 δράκοντος
1621 2598 1914 2669 ὀφθαλμοὶ,

339 2685 434 2737 καὶ
464 2682 546 2754 τῷ
584 2685 849 2756 μακαρίῳ
881 2686 1060 2749 τούτῳ
1104 2688 1285 2759 Πατρὶ
1346 2688 1458 2762 πῦρ
1514 2690 1691 2744 ἐδόκει
1728 2692 1863 2762 δρᾷν
1900 2709 1914 2725 ·

2022 1946 2145 2002 dam
2177 1963 2408 2005 acervus
2445 1949 2713 2019 lapidum,
2743 1961 2797 2006 et
2844 1953 3018 2007 sancti
3078 1952 3144 2008 ad
3187 1968 3246 2008 se
3295 1952 3609 2008 attrahebat

2019 2040 2230 2094 oculos.
2255 2039 2392 2096 Cum
2424 2056 2556 2112 ergo
2597 2043 2891 2114 quemdam
2953 2044 3251 2099 maximum
3292 2053 3607 2114 serpentem

2018 2131 2238 2201 punicei
2270 2131 2472 2187 coloris
2494 2147 2562 2188 ex
2586 2148 2653 2188 eo
2684 2134 2914 2207 vidisset
2943 2144 3331 2205 apparentem,
3358 2143 3414 2190 et
3442 2150 3607 2205 quam

2019 2224 2073 2279 in
2101 2239 2265 2280 manu
2292 2224 2552 2291 habebat,
2578 2227 2729 2299 virga
2755 2243 2882 2283 eum
2938 2228 3324 2298 percussisset,
3353 2244 3483 2284 eum
3514 2228 3603 2282 ni-

2019 2316 2094 2371 hil
2124 2316 2423 2388 spirantem
2483 2318 2748 2386 reddidit,
2798 2331 2854 2374 et
2908 2328 3088 2375 morte
3118 2319 3328 2377 aﬂecit.
3395 2318 3609 2376 Deinde

2017 2422 2207 2462 rursus
2267 2423 2489 2479 quoque
2583 2421 2829 2481 tempore
2913 2409 3150 2467 hiberno
3217 2409 3309 2466 ille
3384 2409 3609 2481 quidem

2016 2497 2435 2553 subterraneam
2528 2500 2827 2570 quamdam
2912 2509 2970 2557 et
3059 2501 3350 2557 obscuram
3455 2501 3610 2558 subit

2014 2589 2353 2658 spelunctm.
2407 2588 2462 2645 In
2511 2606 2575 2646 ea
2641 2601 2827 2647 autem
2910 2590 3198 2647 habitabat
3264 2590 3444 2648 .draco
3481 2634 3495 2658 ,
3530 2599 3591 2647 ut

2022 2679 2119 2747 qui
2163 2681 2426 2750 spelunca
2454 2689 2705 2737 uteretur
2727 2696 2827 2751 pro
2855 2696 3113 2738 caverna.
3159 2682 3444 2738 anebant
3470 2697 3604 2738 vero

333 2773 462 2827 οὐδὲ
492 2773 609 2845 γὰρ
637 2775 699 2827 ἂν
731 2790 868 2827 ποτε
905 2776 1013 2846 πρὸ
1043 2775 1145 2847 τῆς
1188 2778 1387 2849 πείρας
1439 2779 1593 2851 ᾠήθη
1640 2781 1918 2849 δράκοντα

2026 2772 2283 2827 draconis
2313 2772 2481 2840 oculi,
2533 2781 2591 2828 et
2646 2773 2937 2829 videbatur
2965 2773 3164 2830 beatus
3201 2773 3364 2829 Pater
3430 2774 3612 2844 ignem

330 2866 411 2934 τῷ
474 2865 726 2937 σπηλαίῳ
763 2867 991 2922 ἓνεῖναι.
1045 2868 1164 2940 Πῦρ
1196 2869 1384 2923 τοίνυν
1437 2871 1777 2926 ἀνάπτεσθαι
1822 2870 1919 2926 τοῦ

2026 2857 2254 2914 intueri.
2287 2859 2478 2930 Neque
2507 2860 2655 2916 enim
2687 2860 3006 2932 priusquam
3029 2869 3474 2932 etsetexpertus,
3511 2877 3616 2932 pu-

336 2957 612 3028 σπηλαίυυ
646 2958 844 3023 δοκῶν,
877 2959 1012 3027 ξύλα
1037 2978 1100 3015 τε
1133 2961 1482 3029 συνελέξατο,
1519 2963 1757 3029 καὶτοῖς
1789 2964 1920 3036 δράο

2026 2960 2197 3005 tasset
2225 2967 2466 3022 unquam
2504 2952 2802 3009 draconem
2852 2952 3032 3010 inesse
3059 2957 3112 3009 tn
3144 2953 3428 3025 spelunca.
3474 2952 3615 3010 Cum

336 3065 526 3113 κοντος
558 3050 748 3120 φέρων
770 3049 1074 3122 ὀφθαλμοῖς
1104 3053 1375 3120 ἐπετίθει,
1403 3053 1692 3125 ύπανὰψαι
1743 3054 1920 3109 ταῦτα

2026 3055 2157 3114 ergo
2181 3042 2362 3098 visum
2393 3042 2498 3099 sibi
2528 3052 2677 3100 esset
2702 3045 2882 3115 ignem
2904 3044 2958 3099 in
2987 3043 3249 3116 spelunca
3279 3044 3615 3113 accendere,

337 3140 540 3196 ἐθέλων
574 3141 665 3196 διὰ
698 3141 760 3196 τὸ
790 3143 890 3211 τῆς
918 3142 1069 3215 ὥρας
1092 3145 1401 3217 χειμέριον.
1456 3144 1566 3199 Τοῦ
1600 3146 1656 3199 δὲ
1687 3147 1919 3201 ἀποσει-

2026 3133 2168 3205 ligna
2198 3134 2441 3207 collegit,
2466 3144 2521 3191 et
2545 3135 2805 3192 draconis
2831 3137 3007 3193 oculis
3047 3137 3337 3209 imposuit,
3399 3153 3464 3194 ea
3518 3153 3616 3193 vo-

336 3234 580 3305 σαμένου
606 3234 679 3288 τὰ
703 3235 997 3289 ἐντεθέντα
1020 3279 1034 3304 ,
1092 3238 1274 3300 συνεὶς
1303 3239 1332 3291 ὁ
1378 3239 1570 3309 Πατὴρ
1603 3239 1686 3293 ὅτι
1723 3240 1918 3311 θηρίον

2028 3225 2150 3280 lens
2189 3230 2492 3284 accendere
2554 3238 2780 3300 propter
2816 3239 3033 3302 tempus
3058 3230 3376 3286 hibernum.
3408 3229 3545 3287 Cum
3570 3230 3617 3285 is

337 3324 447 3393 εἴη,
490 3325 650 3380 ούδὲν
710 3325 941 3395 φαῦλον,
999 3327 1155 3381 οὐδὲν
1207 3328 1462 3396 ἀγεννὲς,
1515 3328 1725 3392 δειλίας
1761 3327 1921 3382 οὐδὲν

340 3416 568 3481 ἔπαθεν,
612 3417 756 3472 ἀλλὰ
798 3417 976 3489 βραχύ
1018 3435 1078 3472 τι
1121 3419 1492 3490 παρεκκλίνας
1523 3421 1581 3472 ἐν
1611 3420 1766 3491 δεξιᾷ
1822 3418 1917 3473 τοῦ

337 3508 606 3580 σπηλαίιυ
636 3552 653 3578 .
714 3513 933 3583 ἀπαθὴς
994 3512 1191 3567 κακῶν
1250 3513 1327 3584 τῷ
1376 3513 1634 3585 δράκοντι
1697 3511 1921 3586 συνδιῃ-

338 3605 491 3662 τᾱτο.

409 3873 537 3942 ις’.
586 3873 751 3938 Ἔτος
794 3873 853 3928 δὲ
892 3873 997 3945 ἤδη
1048 3871 1361 3927 δωδέκατον
1392 3873 1496 3945 τῆς
1538 3874 1598 3929 ιν
1632 3877 1700 3947 τῇ
1729 3875 1926 3947 ἐρήμῳ

340 3963 630 4037 διατριϐῆς
689 3963 768 4035 τῷ
812 3963 911 4018 τοῦ
967 3964 1106 4019 θεοῦ
1164 3963 1447 4038 ἀνθρώπῳ
1508 3965 1706 4037 Ιιινύετο
1767 3981 1783 3999 ·
1830 3967 1928 4021 καὶ

342 4057 655 4129 πρόρρησις
676 4055 828 4126 αὐτῷ
850 4056 1059 4113 ἄνωθεν
1082 4058 1232 4129 ἥκει,
1253 4056 1469 4112 ἐκεῖθεν
1488 4056 1590 4128 μὲν
1607 4056 1928 4125 ἀναζεῦξαι,

343 4148 399 4203 ἐν
422 4149 478 4202 δὲ
504 4149 588 4218 τῷ
621 4148 847 4219 Ἑριστῇ
881 4148 1209 4222 καλουμένῳ
1235 4150 1567 4223 ἀσκητηρίῳ
1619 4150 1927 4219 σκηνῶσαι,

342 4239 435 4292 κιιί
458 4239 524 4292 τὸ
556 4238 671 4293 τῶν
697 4239 955 4311 μοναχιῐη
986 4239 1321 4296 ἐνδύσασθαι
1356 4241 1585 4313 σχῆμαο
1617 4240 1773 4296 οὔπω
1812 4241 1927 4313 γὰρ

340 4326 406 4401 ἦν
432 4332 460 4384 ὁ
486 4330 750 4396 τοσοῦτος
784 4334 884 4404 τὴν
926 4332 1134 4406 ἀρετὴν
1173 4333 1235 4386 τὸ
1273 4333 1383 4387 τῶν
1431 4331 1689 4405 μοναχῶν
1724 4333 1931 4405 ἔνδυμα

2024 3328 2209 3374 autem
2234 3321 2569 3377 excussisset
2597 3337 2684 3385 ea,
2710 3338 2832 3392 qua:
2865 3322 3082 3379 fuerant
3126 3323 3406 3394 imposita,
3454 3322 3619 3377 intel-

2024 3408 2204 3479 ligens
2233 3408 2394 3465 Pater
2418 3425 2538 3467 esse
2563 3411 2817 3478 bestiam,
2848 3427 2955 3467 non
2990 3411 3097 3468 fuit
3127 3412 3327 3484 ignavo
3384 3428 3485 3468 nec
3518 3412 3617 3467 ab-

2018 3504 2168 3574 jecto
2191 3502 2395 3568 animo,
2430 3518 2531 3559 nec
2560 3504 2673 3558 ullo
2716 3505 2912 3560 timore
2934 3514 3018 3560 est
3049 3505 3304 3570 allectus,
3333 3505 3428 3561 sed
3485 3520 3617 3575 pau-

2028 3594 2201 3649 lulum
2251 3593 2537 3651 declinans
2588 3594 2653 3651 ad
2706 3596 2988 3652 dexteram
3045 3597 3345 3667 speluncae,
3404 3598 3616 3654 nullum

2030 3685 2233 3741 malum
2300 3703 2515 3759 passus,
2571 3687 2895 3745 versabatur
2945 3688 3108 3746 simul
3177 3705 3302 3746 cum
3361 3689 3620 3746 daemone

2028 3777 2049 3850 ι
2071 3777 2109 3834 l'.
2149 3779 2444 3853 dracone].

2100 3871 2233 3927 XVI.
2267 3873 2544 3945 Agebatur
2567 3891 2697 3933 vero
2740 3877 2849 3950 iam
2906 3876 3272 3934 duodecimus
3314 3892 3513 3945 annus,
3550 3891 3625 3934 ex.

2030 3979 2143 4034 quo
2173 3967 2495 4023 morabatur
2519 3967 2574 4024 in
2598 3969 2905 4027 solitudine
2936 3971 3103 4026 homo
3141 3970 3239 4025 Dei
3273 3987 3289 4025 :
3342 3969 3494 4026 venit
3522 3983 3624 4024 au-

2032 4065 2141 4112 tem
2182 4058 2249 4113 ad
2285 4075 2413 4115 eum
2441 4076 2471 4114 a
2502 4061 2719 4131 superis
2765 4063 3075 4135 pradictio,
3105 4072 3169 4119 ut
3194 4061 3346 4118 illinc
3390 4060 3619 4133 quidem

2028 4150 2313 4221 migraret,
2337 4151 2612 4207 habitaret
2634 4161 2818 4209 autem
2858 4154 2914 4208 in
2944 4163 3307 4220 monasteno,
3337 4155 3488 4226 quod
3507 4168 3620 4211 vo.-

2031 4254 2191 4297 catur
2247 4243 2451 4310 Eriste,
2508 4255 2563 4300 et
2595 4244 2847 4302 habitum
2903 4246 3191 4303 induceret
3221 4247 3616 4305 monasticmn.

2029 4334 2166 4391 Nam
2198 4348 2323 4391 cum
2355 4345 2505 4392 tanta
2537 4345 2683 4394 esset
2713 4340 2936 4405 virtute,
2984 4337 3227 4395 nondum
3263 4350 3471 4397 vestem
3522 4341 3613 4397 in-

340 4421 727 4493 περιθέμινος,
761 4423 878 4477 ἀλλ’
902 4423 985 4479 ἔτι
1010 4425 1120 4478 τῶν
1149 4424 1407 4495 μεγάλων
1433 4424 1667 4495 ἀγώνων
1703 4420 1800 4479 τοῦ
1836 4442 1920 4494 μοι

2035 4428 2232 4485 duerat
2258 4431 2640 4496 monasticam,
2684 4433 2784 4488 sed
2821 4432 3006 4489 adhuc
3065 4449 3388 4506 magnorum
3429 4451 3625 4492 mona-

341 4513 569 4583 ναχικοῦ
600 4515 890 4586 σχήματος
914 4517 987 4570 τὰ
1017 4516 1292 4588 εἰρημένα
1314 4511 1384 4589 ἦν
1415 4517 1920 4590 προγυμνάσματα.

2035 4519 2157 4574 Stici
2180 4518 2401 4574 habitus
2432 4521 2797 4577 certaminum
2827 4532 2983 4579 erant
3020 4539 3105 4590 ea,
3126 4540 3262 4597 qua:
3283 4524 3434 4581 dicta
3464 4534 3618 4590 sunt,

347 4607 555 4680 Θὲρους
587 4610 773 4664 τοίνυν
821 4610 886 4664 τδ
915 4611 1237 4684 προρρηθὲν
1268 4612 1612 4683 ἀσκητήριον
1643 4613 1928 4684 καταλαμ-

345 4700 519 4770 Sciret,
550 4703 649 4757 καὶ
679 4702 751 4757 τὰ
773 4703 874 4774 τῆς
895 4704 1301 4784 ἀρτοκαλύψεως
1332 4705 1597 4777 Στεφάνῳ
1619 4705 1697 4776 τῷ
1722 4705 1830 4761 τῶν
1868 4707 1928 4759 έν

346 4791 494 4862 αύτῷ
546 4792 806 4862 μοναχῶν
859 4793 1239 4865 ἀφηγουμένῳ
1288 4792 1567 4847 πιστεύει.
1640 4791 1703 4846 Ὀ
1745 4792 1805 4847 δὲ
1856 4793 1928 4863 τῇ

342 4883 636 4957 ὑστεραίᾳ,
684 4885 855 4955 μηδεν
916 4885 1195 4958 μελλήσας
1220 4926 1236 4951 ,
1301 4886 1469 4957 εὐχάς
1533 4901 1597 4941 τε
1641 4884 1792 4956 αὐτῷ
1836 4888 1930 4939 καὶ

347 4974 660 5047 ἱερολογίας
686 4980 786 5041 τὰς
820 4978 1080 5049 συνήθεις
1125 4978 1393 5047 ἐπιλέγει,
1435 4979 1537 5032 καὶ
1580 4976 1779 5049 στολὴν.
1826 4978 1930 5049 τὴν

346 5067 652 5139 μοναχικὴν
690 5071 1046 5140 ἀμφιέννυσι.
1084 5070 1165 5123 Τὸ
1194 5068 1442 5124 τοιοῦτον
1472 5067 1774 5139 τοιγαροῦν
1821 5069 1932 5123 τῶν

345 5159 698 5226 μοναζόντων
734 5161 922 5233 σχῆμα
954 5162 1108 5226 ἐνδὺς
1152 5162 1183 5214 ὁ
1226 5162 1479 5232 μονάζων
1532 5162 1630 5215 καὶ
1682 5161 1788 5231 πρὸ
1835 5159 1930 5214 τοῦ

350 5251 637 5321 σχήματος
671 5251 705 5323 ἢ
737 5252 835 5305 καὶ
871 5253 1017 5323 ὑπὲρ
1066 5252 1410 5324 μονάζοντας
1454 5251 1555 5318 ὢν,
1606 5251 1683 5316 ὡς
1729 5250 1929 5317 εἰπεῖν,

347 5342 405 5408 ἑξ
432 5343 667 5411 ἀγώνων
716 5360 779 5397 τε
821 5344 961 5416 πρὸς
1000 5343 1222 5414 ἀγῶνας
1256 5344 1654 5415 ἀποδυ4μενος,
1712 5343 1807 5396 καὶ
1854 5344 1931 5405 είς

348 5432 551 5498 ’πόνους
592 5435 656 5487 ὲκ
693 5434 880 5488 πόνων
912 5434 1410 5507 προσισαζόμενος,
1440 5434 1501 5487 ὲν
1540 5430 1691 5502 τόπῳ
1721 5428 1932 5499 Κρίταο

351 5542 434 5596 μα
483 5525 816 5599 καλουμένῳ
848 5528 1048 5582 ἑαυτὸν
1100 5525 1481 5599 καθειργνύιι,
1536 5524 1633 5587 καὶ
1683 5522 1934 5586 ἁλύσεως

348 5618 548 5689 δεσμεῖ
579 5618 644 5684 ἒξ
670 5620 892 5692 ὸργυῶν
923 5618 1062 5693 οὔσῃ
1100 5620 1165 5675 τὸ
1197 5620 1398 5691 μῆκος.

420 5710 522 5766 ιιι.
583 5712 748 5776 Ἔτος
792 5709 890 5768 οὖν
946 5713 1094 5783 αὐτῷ
1135 5713 1321 5784 τρίτον
1379 5708 1449 5789 ἦν
1498 5713 1598 5783 τῆς
1648 5712 1709 5766 ιν
1757 5710 1936 5781 τούτῳ

354 5804 659 5876 διαγωγῆς,
716 5807 816 5862 καὶ
862 5806 1023 5875 δόξαν
1068 5805 1219 5879 αύτῷ
1276 5806 1370 5859 ἰπὶ
1441 5804 1704 5861 Χιλιδόνα
1761 5804 1930 5858 τόπον

2033 4626 2145 4682 prae
2169 4610 2620 4667 exercitationes.
2656 4612 2823 4669 Venit
2862 4613 3284 4686 itaqueaestate
3319 4614 3387 4670 ad
3416 4613 3623 4685 praedi-

2031 4713 2182 4759 ctum
2218 4703 2635 4770 monasterium,
2682 4713 2738 4760 et
2783 4704 3064 4781 Stephano
3125 4705 3390 4779 praefecto
3428 4720 3621 4761 mona—

2032 4797 2284 4861 chorum,
2308 4794 2402 4866 qui
2435 4796 2490 4850 in
2521 4811 2590 4851 eo
2617 4808 2797 4863 erant,
2827 4798 3003 4869 aperit
3050 4798 3470 4855 revelationem.
3521 4796 3619 4853 llle

2032 4898 2217 4944 autem
2244 4889 2510 4960 postridie
2535 4889 2672 4945 nihil
2698 4900 3011 4957 cunctatus,
3039 4891 3230 4947 solitas
3279 4888 3463 4965 fundit
3492 4905 3621 4959 pre-

2033 4996 2148 5047 ces,
2183 4990 2237 5037 et
2259 4995 2445 5039 sacras
2474 4981 2608 5038 dicit
2648 4983 2949 5047 orationes,
2987 4991 3044 5040 et
3075 5000 3205 5039 eum
3236 4994 3390 5040 veste
3438 4981 3622 5039 induit

2034 5074 2358 5130 monastica.
2406 5075 2523 5130 Tali
2570 5090 2703 5146 ergo
2769 5077 2961 5132 habitu
3012 5076 3318 5132 monastico
3369 5074 3618 5139 indutus,

2033 5165 2127 5235 qui
2156 5174 2277 5221 erat
2317 5166 2620 5222 monachus
2667 5167 2753 5222 vel
2814 5178 2941 5222 ante
2990 5167 3264 5232 habitum,
3312 5176 3407 5220 aut
3452 5163 3621 5220 etiam

2034 5272 2203 5327 supra
2244 5258 2569 5323 monachos,
2594 5267 2652 5313 et
2680 5273 2712 5313 a
2749 5256 3147 5314 certaminibus
3176 5272 3236 5312 se
3280 5254 3505 5326 parabat
3548 5250 3618 5309 ad

2036 5350 2362 5417 certamina,
2394 5358 2450 5408 et
2493 5366 2523 5406 a
2552 5350 2840 5407 laboribus
2870 5348 3204 5420 procedebat
3263 5347 3332 5403 ad
3374 5347 3618 5407 labores.

2034 5458 2097 5499 se
2131 5442 2363 5499 includit
2413 5442 2467 5498 in
2490 5443 2634 5508 loco,
2664 5442 2759 5513 q‘ni
2800 5452 3031 5497 vocatur
3074 5439 3343 5505 Critatna,
3372 5446 3429 5495 et
3463 5455 3522 5495 se
3550 5437 3621 5493 li-

2035 5542 2125 5605 gat
2153 5542 2369 5600 catena,
2402 5548 2524 5605 quae
2558 5541 2682 5588 erat
2706 5533 2868 5603 longa
2898 5546 2994 5588 sex
3032 5529 3212 5586 ulnas.

2274 5632 2313 5646 κ

2106 5711 2270 5767 XVII.
2303 5711 2424 5768 Jam
2470 5719 2655 5768 autem
2684 5720 2804 5768 erat
2841 5711 3041 5768 tertius
3086 5723 3285 5774 annus,
3323 5723 3387 5763 ex
3419 5720 3530 5780 quo
3562 5704 3618 5762 iu

2038 5817 2105 5860 eo
2126 5802 2376 5876 degebat,
2415 5812 2469 5859 et
2496 5818 2622 5860 cum
2643 5802 2695 5860 ei
2727 5803 2906 5859 visum
2932 5812 3081 5859 esset
3128 5801 3211 5858 ire
3266 5798 3336 5857 ad
3361 5798 3623 5857 Chelido-
