4060 6374
429 332 491 404 51
1640 334 1923 399 MENSIS
1963 336 2400 402 NOVEMBER.
3594 339 3669 403 δεῖ
3738 404 3747 413 .

430 466 578 519 nem,
615 460 672 506 ut
698 452 1017 507 conveniret
1058 450 1234 504 virum
1266 451 1558 521 quemdam
1606 451 1813 505 virtute
1868 452 1995 506 insi-

2104 450 2265 514 ίέναι,
2298 451 2443 507 ὥστε
2470 450 2580 505 τινὶ
2616 452 2871 521 ἐπιφανεῖ
2916 452 3016 519 τὴν
3050 449 3256 523 ἀρετὴν
3310 453 3468 524 ἀνδρὶ
3515 452 3672 506 ἐντυ-

428 558 587 614 gnem
624 544 762 601 (erat
792 550 973 595 autem
1010 539 1056 596 is
1107 557 1337 610 magnus
1382 540 1697 611 Georgius),
1758 543 1998 596 venisset

429 642 616 688 autem
649 632 715 686 ad
773 631 997 686 ﬂuvium
1044 630 1267 699 Coram,
1329 631 1523 687 incidit
1580 632 1632 685 in
1684 631 1995 695 draconun,

426 723 520 792 qui
571 721 864 777 cohibebat
922 737 1077 792 aqua:
1127 721 1416 786 ﬂuentum,
1492 731 1548 778 et
1606 722 1892 776 transitum
1946 722 1995 776 ei

426 813 790 881 irrumpebat.
820 813 889 869 Et
921 829 1046 869 eum
1094 813 1316 884 quidem
1380 814 1693 884 precatione
1744 822 1798 867 et
1843 813 1998 883 signo

424 907 607 960 crucis
646 914 926 960 mortuum
961 905 1144 960 statim
1182 905 1351 959 tradit
1382 907 1559 975 aquis.
1631 906 1769 959 Tres
1814 916 1997 959 autem

423 1012 599 1053 annos
629 1014 752 1054 cum
814 1014 1012 1070 magno
1055 1006 1306 1054 versatus
1356 994 1612 1068 Georgio,
1668 1015 1791 1052 cum
1832 997 1900 1052 ab
1933 1012 1998 1052 eo

426 1099 599 1145 totum
632 1083 917 1148 didicisset
951 1089 1299 1154 Psalterium,
1325 1091 1440 1145 abit
1477 1106 1670 1145 rursus
1715 1089 1781 1144 ad
1816 1098 1998 1159 pasto-

424 1194 544 1235 rem
590 1181 827 1248 Antidii,
880 1196 1005 1236 cum
1050 1178 1349 1235 Pachomio
1407 1179 1699 1250 discipulo.
1756 1179 1823 1233 Et
1872 1195 1997 1233 cum

423 1272 582 1328 illinc
603 1288 795 1329 rursus
818 1273 1061 1330 venisset
1093 1273 1147 1328 in
1188 1273 1583 1328 monasterium
1631 1272 1995 1342 Agaurorum,

422 1364 675 1421 ascendit
730 1380 858 1422 cum
910 1366 1034 1421 aliis
1091 1366 1375 1421 monachis
1431 1365 1486 1419 in
1534 1373 1775 1419 montem
1828 1378 1998 1434 prope

422 1456 612 1524 situm,
668 1467 728 1512 ut
777 1467 961 1514 essent
986 1467 1328 1529 spectatores
1381 1457 1603 1523 domus,
1655 1471 1778 1528 quae
1826 1457 1881 1512 in
1931 1472 1999 1512 eo

420 1550 820 1606 tediticabatur.
887 1549 1327 1631 Construebatur
1388 1552 1536 1606 enim
1595 1549 1649 1605 in
1697 1564 1766 1605 eo
1810 1559 1998 1604 monte

420 1641 699 1712 quoddam
728 1642 1104 1699 habitaculum
1141 1644 1225 1710 iis,
1259 1645 1356 1715 qui
1382 1652 1543 1700 erant
1571 1643 1623 1699 in
1640 1644 1996 1706 monasterio,

421 1733 569 1801 quod
591 1741 647 1788 et
677 1734 992 1793 volentibus
1044 1736 1311 1806 majorem
1365 1735 1698 1791 conciliabat
1752 1735 1994 1804 quietem

421 1834 479 1881 et
508 1824 811 1892 silentium,
834 1837 889 1883 et
908 1827 1293 1897 pertectiorem
1336 1843 1461 1883 cum
1494 1828 1608 1882 Deo
1656 1827 2003 1897 conjunctio-

421 1926 571 1974 nem.
595 1914 730 1974 Cum
766 1934 897 1990 ergo
929 1921 1209 1976 venissent
1231 1921 1285 1975 in
1336 1930 1601 1987 montem,
1631 1922 1822 1976 hircus
1862 1920 2002 1975 insi-

419 2010 542 2080 guis
591 2011 994 2083 magnitudine,
1065 2013 1318 2067 alicunde
1371 2029 1402 2069 e
1471 2029 1637 2086 grege
1719 2016 1997 2086 apparuit.

419 2094 608 2173 itaque
636 2105 888 2174 quicum
934 2105 1037 2160 hoc
1090 2104 1252 2160 beato
1299 2105 1461 2162 Patre
1509 2115 1666 2163 erant
1720 2108 1997 2175 monachi,

418 2209 546 2250 cum
585 2195 850 2251 vidissent
882 2196 1121 2261 hircum,
1159 2206 1215 2253 et
1248 2212 1344 2252 eos
1390 2198 1717 2254 invasissent
1745 2199 1999 2256 humana:

418 2284 669 2355 quaedam
705 2286 1088 2356 cogitationes,
1148 2286 1336 2341 animo
1383 2288 1696 2352 versabant,
1756 2305 1994 2360 quonam

402 2376 582 2447 modo
615 2391 741 2432 eum
765 2388 1050 2447 caperent,
1084 2390 1141 2432 et
1185 2388 1245 2434 ut
1278 2378 1425 2437 illius
1457 2380 1654 2449 pellem
1698 2384 1752 2435 in
1817 2392 1995 2439 utrem

419 2476 871 2533 transmutarent,
907 2470 1128 2525 maximi
1174 2469 1467 2526 faciebant.
1511 2471 1648 2527 Cum
1680 2473 1735 2527 in
1771 2488 1836 2529 eo
1866 2489 1995 2546 ergo

417 2559 764 2616 inhabitante
824 2561 1021 2631 spiritu
1080 2561 1427 2631 cognovisset
1471 2563 1632 2618 Pater
1691 2580 1794 2628 ea,
1872 2581 1995 2635 quae

404 2653 658 2733 .erantin
694 2662 879 2708 mente
934 2653 1353 2730 monachorum,
1408 2670 1579 2710 unum
1638 2671 1705 2710 ex
1762 2656 1851 2723 iis,
1904 2658 1994 2713 cui

416 2755 617 2798 nomen
650 2753 772 2799 erat
800 2743 993 2809 Sabas,
1031 2743 1099 2799 ad
1154 2760 1214 2800 se
1250 2746 1653 2815 vocans.jubet
1676 2746 1890 2802 hircum
1923 2748 1992 2803 ad

418 2849 477 2891 se
512 2834 808 2891 adducere.
846 2836 943 2891 lllo
970 2852 1101 2892 vero
1126 2836 1527 2910 interrogante,
1587 2838 1634 2893 si
1699 2840 1754 2893 in
1808 2842 1991 2910 fugam

416 2924 584 2979 fuerit
622 2940 942 2989 conversus.
969 2926 1247 2997 quomodo
1287 2944 1413 2983 cum
1451 2929 1943 2998 comprehenderet
1974 2948 1989 2985 :

417 3008 565 3073 Vade
588 3018 788 3085 solum,
814 3034 846 3073 ο
878 3019 1071 3085 frater,
1110 3020 1288 3089 inquit
1316 3020 1407 3074 ille
1442 3036 1671 3089 magnus
1698 3038 1713 3074 :
1743 3022 1831 3076 ille
1891 3038 1991 3075 au-

2102 540 2217 610 χεῖν
2272 539 2331 609 (ὀ
2373 538 2547 609 μέγας
2592 539 2649 594 δὲ
2692 534 2849 604 οὗτος
2896 540 3108 610 ὑπῆρχε
3155 540 3455 611 Γεώργιος)
3486 581 3501 606 ,
3547 541 3672 592 ἐπεὶ

2104 631 2245 684 κατὰ
2296 631 2390 685 τὸν
2441 630 2713 703 γοράντην
2748 632 2968 700 ἐγένετο
3000 632 3265 701 ποταμὸν,
3300 633 3555 702 δράκοντι
3581 632 3672 684 ὲν-

2102 723 2360 794 τυγχάνει
2396 724 2800 794 ἀναχαιτίζοντί
2844 741 2899 777 τε
2950 723 3010 777 τὸ
3056 724 3149 777 τοῦ
3184 725 3433 793 ποταμοῦ
3468 723 3671 794 ῥεῦμα,

2103 816 2197 870 καὶ
2230 816 2320 869 τὸν
2348 817 2513 887 πόρον
2546 815 2696 885 αὐτῷ
2740 816 3106 869 διακόπτοντι.
3146 815 3255 868 Καὶ
3282 814 3374 869 τὸν
3417 817 3539 885 μὲν,
3582 818 3673 870 si»

2102 910 2172 979 κῇ
2206 908 2298 961 καὶ
2335 906 2593 977 σφραγῖδι
2624 907 2816 975 νεκρὸν
2841 905 3042 960 αὐτίκα
3070 907 3182 968 τοῖς
3230 904 3386 959 ὕδασι
3436 909 3674 977 παραδί-

2102 1002 2234 1054 δωσι
2272 1016 2285 1031 ·
2330 999 2406 1071 τῷ
2466 1001 2689 1069 μεγάλῳ
2745 1000 2801 1052 δὲ
2856 998 2987 1069 παρ’
3053 999 3197 1062 ὅλοις
3248 1003 3395 1068 τρεῖς
3445 1001 3673 1070 χρόνους

2105 1091 2501 1160 συγγενόμενος
2528 1089 2807 1160 Γεωργίῳ,
2853 1090 2984 1159 παρ’
3024 1090 3190 1143 αὑτοῦ
3236 1091 3294 1143 δὲ
3340 1094 3432 1145 καὶ
3461 1093 3583 1145 ὅλον
3614 1093 3675 1146 τὸ

2103 1180 2726 1253 Ψαλτήριονοδιδαχθεὶς,
2752 1184 2936 1236 ἄπεισι
2971 1183 3136 1235 πάλιν
3171 1182 3321 1253 παρὰ
3351 1184 3444 1237 τὸν
3478 1184 3675 1252 ποιμέ-

2100 1290 2166 1327 να
2191 1274 2289 1340 τῆς
2335 1273 2596 1327 ’Δντιδίου
2649 1272 2767 1342 ἅμα
2799 1270 3081 1344 Παχωμίῳ
3127 1271 3204 1343 τῷ
3256 1272 3495 1343 μαθητῇ.
3558 1273 3673 1325 Ki-

2100 1367 2284 1422 κεῖθεν
2316 1368 2374 1420 ἐν
2402 1368 2467 1437 τῇ
2525 1369 2662 1437 μονῇ
2706 1366 2814 1419 τῶν
2859 1363 3143 1435 Ἀγαύρων
3184 1364 3478 1434 γενόμενος
3514 1359 3668 1429 αὖθις

2099 1460 2192 1512 ἐπὶ
2231 1457 2291 1513 τὸ
2326 1458 2735 1529 παρακείμενον
2779 1456 2920 1527 αὐτῇ
2975 1457 3111 1526 μετὰ
3160 1457 3256 1511 καὶ
3289 1455 3466 1508 ἄλλων
3503 1472 3671 1523 μονα-

2103 1553 2215 1623 χῶν
2243 1551 2449 1604 ἄνεισιν
2481 1550 2605 1620 ὅρος
2627 1587 2641 1612 ,
2679 1549 2752 1611 ὡς
2784 1548 2849 1601 ἂν
2882 1548 2982 1616 τῆς
3014 1549 3069 1601 ὲν
3099 1548 3245 1618 αὐτῷ
3278 1546 3671 1616 οἰκοδομουμὲ⁴

2101 1665 2199 1716 νης
2233 1648 2411 1707 οἰκίας
2440 1644 2633 1698 θεαταὶ
2673 1644 2938 1711 γένωνται
2980 1643 3438 1711 (κατεσκευάζετο
3473 1642 3580 1709 γάρ
3611 1652 3669 1692 τε

2104 1741 2239 1810 πρὸς
2279 1738 2358 1809 τῷ
2410 1737 2641 1807 τοιούτῳ
2694 1737 2810 1805 ὄρει
2864 1736 3073 1803 οἴκημα
3131 1736 3245 1796 τοῖς
3297 1735 3356 1786 ὲν
3399 1734 3464 1802 τῇ
3506 1734 3667 1800 μονῇ,

2104 1829 2352 1893 πλείονός
2381 1846 2442 1881 τε
2473 1830 2585 1890 τοῖς
2623 1825 2971 1895 βουλομένοις
3005 1825 3265 1896 πρόξενον
3294 1824 3546 1892 ἡσυχίας,
3576 1821 3673 1874 καὶ

2103 1924 2441 1990 τελεωτέρας
2506 1920 2643 1986 πρὸς
2673 1920 2764 1971 τὸν
2794 1918 2927 1969 Θεὸν
2967 1916 3338 1985 οίκειὼσεως).
3396 1916 3548 1967 Ἐπεὶ
3583 1912 3677 1966 οὖν

2102 2016 2236 2086 πρὸς
2267 2014 2345 2084 τῷ
2375 2013 2491 2084 ὄρει
2515 2012 2757 2080 γένοιντο
2785 2010 2907 2078 ἤδη,
2939 2008 3143 2079 τράγος
3174 2007 3335 2061 ποθὲν
3361 2007 3422 2058 τὸ
3447 2006 3678 2074 μέγεθος

2103 2107 2427 2178 ὑπερφυὴς,
2483 2104 2576 2158 τοῦ
2621 2103 2867 2156 αἰπολίου
2924 2103 3265 2171 ὑπερεφάνη.
3325 2102 3387 2153 Οἱ
3445 2102 3540 2152 σὺν
3597 2098 3677 2164 τῷ

2104 2196 2362 2268 μακαρίῳ
2395 2198 2575 2247 τοίνυν
2597 2191 2773 2260 τούτῳ
2814 2191 2990 2260 Πατρὶ
3038 2192 3284 2261 μοναχοῖ,
3340 2189 3432 2241 τὸν
3472 2189 3677 2258 τράγον

2103 2289 2305 2350 ίδόντες
2345 2287 2439 2341 καί
2487 2303 2631 2338 τισιν
2670 2283 3035 2350 ἀνθρωπίνοις
3080 2287 3408 2351 κατάσχετοι
3448 2280 3676 2349 γενόμε·

2098 2396 2181 2435 νοι
2225 2379 2530 2448 λογισμοῖς,
2568 2376 2716 2438 ὅπως
2763 2390 2820 2427 τε
2866 2372 3057 2426 τοῦτον
3108 2373 3456 2442 ζωγρήσειαν
3484 2409 3499 2430 ,
3535 2370 3675 2424 κατὰ

2095 2470 2219 2525 νοῦν
2283 2469 2569 2539 ἔστρεφον,
2645 2465 2742 2518 καὶ
2818 2467 2966 2526 ὅπως
3031 2464 3132 2533 τὴν
3226 2462 3437 2516 ἐκείνου
3512 2459 3675 2530 δορὰν

2099 2565 2177 2624 εἰς
2209 2560 2375 2616 ἀσκὸν
2408 2557 2881 2630 μετασκευάσειαν
2921 2554 3049 2625 περὶ
3097 2553 3337 2617 πλείονος
3369 2552 3676 2605 ἐποιοῦντο.

2099 2646 2377 2714 Γνοὺςοῦν
2421 2650 2499 2721 τῷ
2547 2646 2845 2704 ἐνοικοῦντι
2890 2645 3041 2715 αὑτῷ
3088 2644 3356 2713 πνεύματι
3406 2643 3476 2694 τὰ
3536 2639 3679 2694 κατὰ

2099 2744 2224 2799 νοῦν
2252 2744 2381 2797 ὄντα
2407 2744 2518 2804 τοῖς
2548 2740 2845 2813 μοναχοῖςὸ
2867 2737 3175 2808 Πατὴρ,ἓνα
3200 2735 3405 2788 τούτων
3430 2728 3471 2800 ᾧ
3492 2732 3675 2796 Σάϐας

2100 2839 2131 2906 ἡ
2167 2836 2355 2903 κλῆσις
2381 2830 2470 2905 ἦν,
2499 2834 2637 2903 πρὸς
2672 2832 2865 2885 ἑαυτὸν
2900 2830 3170 2893 καλέσας,
3218 2827 3291 2889 ὡς
3332 2827 3494 2879 αὑτὸν
3532 2826 3672 2893 ἀγα·

2098 2931 2215 2995 γεῖν
2264 2926 2356 2980 τὸν
2401 2926 2604 2996 τράγον
2634 2924 2866 2978 κελεύει.
2921 2922 3160 2976 Ἑκείνου
3206 2920 3265 2973 δὲ
3310 2919 3672 2991 διερωτῶντος

2098 3021 2197 3085 ὡς,
2237 3020 2398 3089 εῖπῖρ
2432 3021 2513 3081 είς
2554 3016 2731 3086 φυγὴν
2764 3014 3024 3085 τραπείη,
3062 3012 3179 3072 πῶς
3209 3012 3277 3066 ἂν
3313 3012 3476 3064 αὐτὸν
3505 3027 3675 3065 κατα-

420 3115 528 3165 tem
560 3110 738 3166 libens
784 3112 992 3175 veniet,
1024 3120 1081 3167 et
1110 3120 1160 3167 te
1195 3120 1479 3182 sequetur.
1522 3110 1838 3166 Conversus
1862 3129 1990 3167 vero

2100 3111 2277 3172 λάϐοι,
2302 3112 2612 3178 ’⁷Ορμησον,
2652 3106 2874 3175 ἀδελφὲ,
2911 3106 3094 3172 μόνον,
3134 3106 3162 3156 ὁ
3192 3105 3367 3176 μέγας
3401 3102 3528 3173 ἔφη,
3561 3104 3590 3156 ὁ
3619 3102 3677 3156 δὶ

419 3202 484 3257 nd
510 3203 646 3258 alios
684 3203 1004 3268 monachos,
1053 3204 1265 3274 rogavit
1316 3218 1384 3258 an
1438 3203 1577 3258 hirci
1638 3204 1796 3274 peliis
1848 3214 1994 3260 esset

419 3304 541 3363 apta
569 3294 636 3347 ad
667 3302 845 3348 utrem
880 3296 1344 3365 componendum.
1378 3295 1461 3351 llli
1496 3307 1701 3351 autem:
1738 3298 1990 3363 Maxime,

420 3388 677 3456 inquiunt
710 3406 722 3443 :
755 3397 813 3444 et
836 3397 1128 3458 antequam
1158 3388 1262 3443 hoc
1290 3389 1525 3449 diceres,
1561 3404 1662 3443 nos
1693 3390 1744 3442 i.l
1789 3390 1995 3461 cogita-

420 3478 635 3531 bamus.
668 3476 895 3532 lnterim
935 3487 1116 3533 autem
1149 3477 1347 3533 ductus
1367 3479 1467 3533 fuit
1494 3478 1682 3534 hircus
1737 3497 1767 3535 a
1804 3496 1996 3535 mona-

420 3569 527 3623 cho
547 3568 710 3633 Saba,
735 3580 790 3623 et
816 3568 976 3624 Pater
1001 3571 1088 3624 vel
1147 3570 1202 3625 in
1258 3570 1444 3625 verbis
1478 3571 1779 3626 ostendens
1836 3572 1992 3627 benic

419 3658 706 3729 gnitatem,
799 3661 1122 3720 transmittit
1196 3677 1390 3718 rursus
1452 3662 1719 3731 pecudem
1778 3661 1846 3716 ad
1896 3677 1995 3717 sua

420 3765 644 3818 pascua,
702 3767 811 3805 non
869 3752 1046 3804 solum
1099 3751 1229 3806 hinc
1288 3752 1846 3817 commiserationem,
1898 3751 1994 3806 sed

418 3841 586 3895 etiam
665 3841 1099 3912 amputationcm
1179 3840 1383 3897 docens
1481 3856 1704 3898 suarum
1795 3842 1991 3897 volun-

421 3944 614 3986 talum.

491 4108 680 4171 XVIII.
718 4117 774 4171 in
809 4114 911 4171 hoc
939 4128 1120 4172 autem
1153 4130 1335 4173 monte
1374 4133 1621 4182 versans,
1673 4117 1742 4173 iis
1796 4119 1990 4185 etiam,

420 4210 513 4277 qui
552 4225 751 4279 genere
788 4209 1096 4263 attinebant
1129 4209 1195 4263 ad
1255 4208 1642 4279 imperatorem
1694 4210 1989 4279 (Nicepho-

424 4316 518 4352 rns
547 4316 677 4353 vero
707 4309 837 4354 tunc
871 4299 1179 4354 Romanum
1211 4299 1635 4356 administrabat
1678 4301 1993 4373 imperium)

424 4387 668 4459 przedieit
698 4392 817 4462 ejus
843 4401 1072 4445 mortem
1121 4391 1286 4460 paulo
1343 4402 1463 4462 post
1510 4406 1631 4455 esse
1676 4401 1991 4448 venturam.

2097 3203 2189 3257 καὶ
2218 3200 2357 3256 ἑκὼν
2383 3201 2685 3255 ἐλεύσεται.
2709 3199 2851 3269 Πρὸς
2879 3197 2935 3251 δὲ
2956 3197 3081 3260 τοὺς
3103 3196 3296 3259 ἄλλους
3318 3196 3678 3265 ἐπιστραφεὶς

2099 3296 2369 3365 μοναχοὺς
2401 3294 2617 3366 ἠρώτα,
2650 3292 2700 3346 εί
2731 3293 2763 3363 ἡ
2798 3291 2894 3346 τοῦ
2935 3292 3143 3361 τράγου
3179 3290 3311 3360 δορὰ
3354 3289 3678 3360 ἐπιτηδείως

2095 3389 2206 3460 ἔχοι
2238 3390 2373 3460 πρὸς
2398 3388 2566 3455 ἀσκὸν
2600 3386 3134 3457 μετασκευασθῆναι.
3163 3386 3223 3437 Οἱ
3256 3385 3338 3449 δὲ,
3359 3385 3468 3436 Καὶ
3502 3383 3673 3452 μάλα.

2097 3484 2252 3552 φασὶ,
2289 3482 2384 3536 καὶ
2416 3480 2576 3535 τοῦτο
2605 3497 2669 3549 γε
2706 3480 2812 3550 πρὸ
2848 3479 2958 3533 τῶν
3004 3476 3111 3530 σῶν
3161 3477 3353 3545 λόγων,
3389 3477 3483 3527 καὶ
3518 3475 3673 3528 αὐτοὶ

2096 3576 2237 3629 κατὰ
2273 3574 2517 3628 διάνοιαν
2545 3573 2792 3640 εἴχομεν.
2831 3571 3011 3640 Ἤχθη
3047 3564 3142 3622 οὖν
3189 3571 3247 3621 ὲν
3284 3566 3521 3635 τοσούτῳ
3567 3566 3672 3618 ὑπὸ

2094 3666 2190 3721 τοῦ
2227 3664 2465 3737 μονοσχοῦ
2498 3664 2647 3717 Σάϐα
2678 3664 2705 3715 ὁ
2736 3663 2964 3731 τράγος,
2998 3662 3094 3713 καὶ
3134 3662 3161 3713 ὁ
3197 3659 3389 3729 Πατὴρ
3428 3658 3527 3711 κὰν
3560 3659 3675 3719 τοῖς

2095 3759 2310 3827 ἀλόγοις
2338 3758 2527 3824 ὥσπερ
2553 3754 2863 3817 ἐπιδεικνὺς
2884 3754 2942 3806 τὸ
2976 3750 3279 3822 φιλάγαθον
3301 3789 3315 3815 ,
3343 3751 3436 3801 ἐπὶ
3471 3750 3569 3804 τὰς
3597 3748 3678 3800 ob

2097 3850 2252 3911 κείας
2320 3846 2483 3901 πάλιν
2534 3847 2706 3915 νομὰς
2746 3845 2809 3898 τδ
2857 3844 3115 3914 βόσκημα
3174 3842 3562 3911 παραπέμπει,
3610 3840 3668 3891 οὗ

2098 3941 2443 4012 συμπάθειαν
2478 3940 2639 4009 μόνον
2670 3937 2949 4000 ἐντεῦθεν,
2973 3936 3108 3989 ἀλλὰ
3139 3936 3232 3988 καὶ
3258 3932 3502 4004 ἐκκοπὴν
3532 3931 3667 3984 διδά-

2098 4053 2242 4089 σκων
2278 4032 2384 4085 τῶν
2417 4031 2633 4084 οἰκείων
2662 4026 2963 4099 θελήσεων.

2173 4129 2274 4183 ιη’.
2321 4128 2409 4180 Ἐν
2463 4126 2637 4197 τούτῳ
2672 4125 2729 4179 δὲ
2774 4124 3090 4193 διατρίϐωνι
3142 4122 3220 4194 τῷ
3268 4122 3405 4189 opst,
3435 4122 3671 4184 καὶτοῖς

2094 4220 2189 4273 τοῦ
2220 4219 2413 4287 γένους
2467 4217 2782 4281 κοινωνοῦσι
2840 4217 2917 4288 τῷ
2975 4216 3185 4287 βασιλεῖ
3234 4214 3569 4286 (Νικηφόρος
3617 4213 3674 4267 δὲ

2095 4312 2217 4365 τότε
2246 4311 2344 4381 τὴν
2387 4311 2675 4377 Ῥωμαίων
2721 4310 2927 4363 διεῖπεν
2989 4306 3184 4376 ἀρχὴν)
3246 4307 3347 4371 τὴν
3386 4304 3551 4359 αὐτοῦ
3584 4322 3675 4356 τε-

2094 4404 2293 4474 λευτὴν
2325 4403 2509 4472 μικρῷ
2544 4402 2772 4471 ὕστερον
2822 4401 2974 4470 ἥξειν
3029 4396 3416 4467 προαγορεύει.
3463 4398 3674 4465 Ἐνάτῳ

423 4485 577 4537 Nono
605 4499 736 4554 ergo
769 4498 913 4537 anno
947 4485 1066 4555 ejus
1112 4482 1329 4553 imperii
1389 4491 1745 4555 erumpentes
1784 4486 1990 4552 llunni,

2100 4497 2281 4550 τοίνυν
2331 4493 2444 4548 ἔτει
2502 4495 2601 4562 τῆς
2633 4490 2800 4548 αὐτοῦ
2853 4489 3121 4561 ἁρχῆςντὸ
3152 4489 3410 4542 Οὑννικδν
3441 4488 3648 4558 ὲξορμῆ

420 4568 711 4631 Thraciam
742 4577 1164 4647 populabantur.
1186 4575 1333 4633 Satis
1353 4588 1538 4633 autem
1572 4594 1767 4650 magno
1796 4591 1991 4636 coacto

406 4656 690 4735 exercitu,
721 4670 1018 4741 imperator
1067 4670 1292 4740 quidem
1336 4686 1432 4727 eos
1460 4672 1613 4742 prius
1658 4673 1836 4729 vicit:
1870 4683 1992 4744 post

424 4765 539 4819 tunc
561 4779 716 4827 vero,
752 4762 963 4817 coactis
1002 4763 1200 4833 copiis,
1237 4762 1425 4819 Hunni
1466 4781 1731 4821 vexavere
1786 4767 1991 4821 Roma-

422 4868 540 4910 nos.
572 4853 697 4922 Quo
744 4864 988 4922 tempore
1020 4853 1137 4925 ipse
1166 4871 1386 4926 quoque
1426 4856 1724 4926 imperator
1780 4858 1995 4912 saucia-

421 4955 532 5012 tus,
600 4962 726 5001 cum
779 4946 1015 5016 imperio
1075 4947 1250 5018 ipsam
1297 4962 1520 5017 quoque
1581 4948 1702 5002 ﬁnit
1766 4949 1989 5004 vitam:

420 5047 767 5108 sceptrorum
802 5048 984 5093 autem
1032 5050 1089 5094 et
1122 5039 1340 5111 imperii
1378 5038 1654 5094 haeredem
1702 5041 1873 5094 lilium
1908 5055 1997 5094 reo

418 5128 621 5202 linquit
654 5129 1025 5187 Stauracium.
1050 5129 1186 5185 Cum
1214 5143 1361 5188 esset
1387 5148 1518 5202 ergo
1549 5131 1869 5188 Stauracius
1896 5133 1998 5186 im-

420 5224 572 5293 perio
588 5223 939 5285 constitutus,
969 5222 1028 5286 ii,
1089 5222 1290 5294 quibus
1342 5222 1410 5278 de
1446 5232 1621 5278 morte
1651 5222 1993 5292 imperatoris

422 5312 722 5384 Nicephori
779 5314 849 5370 ab
913 5313 1227 5369 admirabili
1275 5314 1565 5370 Joannicio
1616 5314 1774 5384 prius
1818 5314 1998 5371 fuerat

422 5405 807 5475 significatum,
835 5408 998 5477 paulo
1026 5416 1318 5477 postquam
1335 5409 1635 5479 imperator
1658 5407 1995 5475 decesserat,

425 5497 695 5553 recordati
729 5514 1088 5569 eorum,qu;e
1139 5500 1401 5569 prmdicta
1450 5498 1693 5563 fuerant,
1740 5514 1996 5555 accesse-

424 5601 552 5644 runt
580 5606 775 5646 rursus
804 5590 873 5645 ad
904 5593 1051 5646 hunc
1081 5608 1334 5662 magnum
1362 5593 1600 5656 Patrem,
1639 5602 1696 5647 et
1733 5602 2000 5663 rogarunt

423 5680 491 5737 de
523 5682 637 5739 lilio
666 5683 789 5755 ejus
822 5683 1132 5749 Stauracio,
1156 5701 1225 5740 an
1260 5687 1336 5742 sit
1385 5687 1552 5758 longo
1604 5696 1853 5757 tempore
1910 5688 1995 5741 vi-

425 5782 620 5832 cturus
662 5774 719 5834 in
777 5775 1031 5846 imperio.
1089 5778 1181 5834 ille
1232 5788 1417 5836 autem
1467 5780 1722 5852 przedixit
1776 5797 1996 5857 -rursus

2098 4605 2197 4644 σαν
2255 4585 2353 4657 τὴν
2406 4583 2640 4656 Θρᾳκῶν
2702 4580 2967 4651 ὲληῖζετο.
3014 4582 3343 4651 Στράτευμα
3372 4578 3465 4633 οὖν
3511 4580 3668 4648 λόγου

2135 4680 2246 4745 ξιον
2284 4680 2311 4731 ὁ
2336 4676 2555 4748 κρατῶν
2625 4674 2978 4746 συναγείρας,
3034 4674 3299 4765 πρότερον
3347 4671 3444 4742 μὲν
3472 4671 3668 4732 αὐτοὺς

2095 4775 2303 4845 ἥττησε
2324 4788 2338 4804 ⁸
2403 4772 2544 4841 μετὰ
2579 4769 2637 4824 δὲ
2669 4771 2846 4823 ταῦτα
2878 4766 3021 4820 κατὰ
3073 4763 3362 4829 συστάσεις
3393 4765 3442 4817 οἱ
3479 4763 3669 4816 Οὒννοι

2098 4867 2400 4936 γενόμενοι,
2438 4863 2627 4927 κακῶς
2680 4861 2899 4916 ἐποίουν
2935 4858 3261 4929 Ῥωμαίους,
3294 4858 3419 4909 ἔνθα
3460 4855 3524 4924 δὴ
3580 4854 3674 4908 καὶ

2098 4955 2263 5019 αὐτὸς
2288 4958 2316 5010 ὁ
2346 4955 2602 5024 βασιλεὺς
2632 4951 2977 5024 τραυματίας
2992 4952 3285 5020 γενόμενος
3315 4952 3410 5003 σὺν
3443 4951 3508 5015 τῇ
3532 4948 3672 5016 ἀρχῇ

2100 5049 2197 5106 καὶ
2228 5048 2390 5101 αὐτὸν
2421 5045 2686 5100 καταλύει
2713 5045 2805 5098 τὸν
2847 5044 2961 5113 βίον
2990 5059 3007 5077 ο
3039 5042 3376 5113 κληρονόμον
3407 5042 3465 5095 δὲ
3488 5041 3592 5094 τῶν
3613 5051 3673 5092 τε

2101 5143 2398 5212 σκήπτρων
2447 5140 2543 5195 καὶ
2599 5140 2700 5208 τῆς
2735 5137 2984 5203 ἐξουσίας
3043 5137 3136 5193 τὸν
3183 5136 3299 5188 υίδν
3333 5134 3673 5205 Σταυράκιον

2101 5234 2448 5295 καταλείπει.
2505 5230 2611 5286 Τοῦ
2668 5229 2802 5298 γοῦν
2849 5226 3190 5298 Σταυρακίου
3224 5225 3318 5279 ἐπὶ
3357 5227 3454 5293 τῆς
3502 5224 3671 5292 ἀρχῆς

2102 5322 2495 5385 καταστάντος,
2534 5316 2615 5382 οἷς
2651 5320 2723 5372 τὰ
2776 5319 2905 5388 περὶ
2953 5316 3053 5385 τῆς
3100 5314 3360 5383 τελευτῆς
3392 5313 3484 5366 τοῦ
3515 5314 3671 5364 αὐτου

2101 5416 2368 5487 κράτορος
2418 5412 2740 5482 Νικηφόρον
2778 5410 2931 5481 παρὰ
2959 5410 3054 5463 τοῦ
3082 5406 3396 5477 θαυμαστοῦ
3440 5404 3674 5459 Ἰωαννι·

2101 5509 2225 5561 κίου
2249 5505 2615 5576 προήγγελτο,
2670 5498 2840 5568 οὗτοι,
2867 5504 2943 5565 ὡς
2986 5501 3125 5570 μετὰ
3160 5500 3332 5568 βραχὺ
3368 5499 3398 5553 ὁ
3420 5496 3671 5566 βασιλεὺς

2103 5597 2491 5666 ἐτελεύτησεν,
2547 5599 2625 5657 εἰς
2677 5594 2901 5663 μνήμην
2953 5593 3065 5646 τῶν
3123 5588 3671 5660 προσαγορευθέντων

2102 5691 2374 5754 ὶλθόντες,
2406 5688 2485 5757 τῷ
2522 5688 2747 5756 μεγάλῳ
2785 5685 2959 5755 τούτῳ
2995 5686 3089 5739 καὶ
3121 5681 3277 5744 αὖθις
3311 5680 3488 5750 Harp!
3507 5692 3669 5745 προσ·

2104 5783 2286 5851 ἦλθον,
2350 5783 2441 5838 καὶ
2470 5782 2597 5849 περὶ
2631 5783 2722 5836 τοῦ
2759 5782 2947 5845 παιδὸς
2973 5780 3314 5845 Σταυρακίου
3371 5771 3669 5830 ἀνεπυνθά-
