4060 6374
346 355 438 422 .53
1438 369 1611 430 mu
1651 368 1710 432 s.
1757 371 2147 436 IOANNICII
2183 380 2527 451 ABBATIS.
3556 398 3624 471 ει

366 487 541 535 θοντο,
577 469 625 522 εί
650 469 821 524 πολύν
859 490 979 525 τινα
1039 472 1229 543 χρόνον
1267 478 1332 546 τῇ
1370 477 1514 550 ἀρχῇ
1544 482 1855 537 ὲπιϐιὼσει.

358 561 417 613 ιε
443 563 675 629 ταχεῖαν
720 561 939 617 ἔσεσοαι
974 565 1067 618 καὶ
1112 565 1272 619 πάλιν
1317 569 1417 639 τὴν
1453 572 1760 644 μεταϐολὴν
1814 592 1944 645 προ-

357 655 619 724 ηγόρευε,
673 655 765 709 καὶ
793 656 822 707 ὃ
856 673 1042 724 φασιν,
1084 660 1175 711 ἐπὶ
1210 659 1373 730 ξυροῦ
1409 663 1631 720 ἑστάναι
1667 670 1734 724 τὰ
1766 671 1947 738 πρᾶγ·

363 763 534 814 ματα.
570 747 755 819 Βραχὺ
795 751 857 803 τὸ
884 750 1114 819 μεταξὺ.
1151 754 1247 806 καὶ
1275 755 1374 825 τῆς
1398 757 1575 828 ἀρχῆς
1603 760 1696 814 ἐπὶ
1729 762 1947 832 Μιχαὴλ

360 840 455 891 τὸν
486 840 738 909 γαμϐρὸν
769 841 863 894 τοῦ
899 843 1165 912 βασιλέως
1226 851 1667 922 μεταπεσούσης,
1702 852 1945 918 ἐξέϐαινε

364 930 435 982 τὰ
486 933 929 1002 προηγγελμένα.
993 934 1051 988 '0
1108 937 1164 990 δὲ
1212 940 1435 1010 Μιχαὴλ
1494 936 1653 1006 οὗτος
1695 945 1803 1015 πρὸ
1838 947 1945 999 τῶν

366 1025 663 1094 σκήπτρων
714 1026 777 1079 τὸ
834 1027 927 1080 τοῦ
968 1031 1380 1099 κουροπαλάτου
1423 1030 1492 1104 ἦν
1522 1034 1746 1104 ἀξίωμα
1780 1037 1942 1106 ἔχων.

364 1116 440 1167 Οὐ
475 1115 655 1185 πολλῷ
701 1116 883 1170 τοίνυν
933 1118 1161 1189 ὓστερον
1211 1123 1308 1176 καὶ
1365 1120 1559 1179 Οὗννοι
1614 1128 1685 1181 τὰ
1710 1128 1944 1198 Θρᾳκῶν

360 1205 519 1272 αὖθις
581 1209 741 1261 πεδία
782 1212 1119 1284 κατέτρεχον
1143 1230 1160 1246 ο
1221 1217 1444 1284 φροντὶς
1472 1218 1529 1270 δὲ
1556 1218 1650 1273 τὸν
1721 1219 1944 1290 βασιλέα

356 1297 475 1370 εἶχε
540 1301 739 1370 πολλὴ,
795 1304 944 1367 ὅπως
967 1320 1026 1357 τε
1070 1306 1286 1369 τούτοις
1343 1308 1505 1379 βαρεῖ
1527 1310 1741 1364 ἐπέλθοι
1774 1329 1945 1382 στρα-

359 1393 461 1460 τῷ,
500 1393 595 1445 καὶ
619 1393 768 1455 ὅπως
792 1394 991 1457 αὐτοὺς
1023 1397 1211 1460 κακῶς
1238 1397 1476 1468 διαθείη.
1513 1400 1600 1453 Ἐν
1624 1402 1864 1471 τοσούτῳ
1885 1402 1943 1456 δὲ

358 1485 459 1536 καὶ
488 1485 692 1537 Λέοντα
718 1484 810 1536 τὸν
826 1485 1113 1555 Ἀρμένιον
1141 1489 1350 1552 ἐκεῖνος
1387 1489 1486 1559 μὲν
1510 1493 1622 1554 τοῖς
1645 1493 1745 1561 τῆς
1773 1492 1943 1562 Ἐᾠις

357 1578 639 1643 τάγμασ;ν
661 1578 904 1647 ἀρχηγὸν
931 1580 1126 1649 ἐφιστᾷ
1153 1596 1164 1609 ·
1205 1583 1234 1635 ὁ
1266 1580 1348 1647 δὲ,
1370 1583 1498 1652 περὶ
1524 1582 1623 1653 τὴν
1664 1583 1943 1652 βασιλείαν

363 1667 430 1719 ὲκ
460 1665 654 1721 πολλοῦ
700 1669 983 1736 ἐρωτικῶς
1043 1670 1225 1740 ἔχων,
1290 1671 1448 1741 μόνον
1488 1670 1651 1726 τοῦτο
1710 1671 1941 1744 ἔστρεφε

361 1758 508 1810 κατά
564 1757 712 1822 γοῦν,
770 1759 920 1820 ὅπως
957 1760 1231 1830 ἐγκρατὴς
1276 1759 1502 1829 γένηται
1565 1762 1791 1833 ταύτης,
1845 1764 1942 1817 καὶ

361 1850 474 1902 πᾶν
500 1848 533 1901 ὃ
561 1848 638 1918 μὴ
674 1848 811 1920 πρὸς
836 1848 996 1904 τοῦτο
1053 1850 1240 1920 ἔφερε,
1303 1851 1585 1922 πάρεργον
1643 1854 1938 1922 ἐλογίζετο.

432 1942 539 1994 19'.
597 1942 845 2011 Πολέμου
895 1941 1076 1996 τοίνυν
1156 1942 1295 2012 μετὰ
1340 1944 1452 1996 τῶν
1506 1944 1726 1999 Οΰννων
1757 1948 1942 2009 αὐτοῖς

362 2036 762 2106 συρραγέντος,
811 2034 935 2087 οὐδὲ
986 2033 1086 2102 τὴν
1119 2036 1344 2104 πρώτην
1373 2037 1403 2087 ὁ
1445 2036 1733 2106 ’Δρμένιος
1770 2055 1940 2106 προσο

358 2127 526 2197 ϐολὴν
552 2125 1014 2194 ὲνεγκὼν,ὲκοντὶ
1035 2125 1179 2179 νῶτα
1208 2126 1351 2189 δοὺς,
1384 2129 1616 2199 αίσχύνῃ
1646 2130 1939 2201 περιέϐαλε

361 2222 437 2275 τὰ
482 2222 787 2290 Ῥωμαίων,
845 2220 923 2282 ὡς
974 2220 1126 2275 ἂντὺ
1158 2221 1378 2291 Μιχαὴλ
1418 2220 1535 2290 ἅμα
1590 2221 1689 2291 μὲν
1750 2220 1942 2290 μῶμον

366 2313 705 2381 προστρίψῃ,
746 2313 863 2381 ἅμα
895 2312 953 2366 δὲ
1015 2313 1105 2366 καὶ
1141 2313 1351 2382 ἀθυμίᾳ
1407 2312 1595 2366 τοῦτον
1655 2312 1942 2383 περιϐάλοι

354 2404 532 2472 δεινῇ.
591 2402 777 2464 οὕτως
825 2403 916 2457 οὖν
976 2405 1071 2456 καὶ
1105 2403 1542 2473 βουλευσάμενος
1568 2403 1598 2456 ὀ
1638 2403 1814 2469 Λέων,
1848 2405 1942 2458 καὶ

356 2494 591 2564 δράσας,
622 2494 703 2562 τῷ
727 2511 788 2547 τε
815 2494 909 2548 τοῦ
963 2495 1127 2562 ἤθους
1178 2495 1398 2563 ὑπούλῳ
1430 2495 1528 2548 καὶ
1552 2495 1807 2566 -δολερῷ,
1842 2496 1942 2561 τὰς

360 2588 474 2641 τῶν
523 2586 874 2655 στρατιωτῶν
910 2586 1136 2655 γνώμας
1188 2586 1639 2656 οἰκειωσάμενος,
1697 2585 1845 2656 αὐτῷ
1882 2603 1942 2640 τε

362 2680 747 2750 προσανέχειν,
811 2680 906 2733 καὶ
967 2678 1115 2749 μόνῳ
1147 2678 1396 2732 σαλεύειν
1433 2678 1534 2742 τὰς
1569 2678 1791 2741 ἐλπίδας
1842 2679 1943 2747 τῆς

358 2772 643 2842 σωτηρίας
671 2774 1030 2840 παρέπεισεν,
1065 2765 1159 2824 οἷα
1191 2769 1322 2840 περὶ
1347 2769 1521 2823 ταῦτα
1560 2770 1944 2840 διακειμένους

354 2864 771 2933 ἀσκεπτότερον
841 2879 960 2925 πως
1018 2864 1110 2916 καὶ
1142 2862 1523 2931 ἁϐουλότερον,
1589 2864 1682 2916 καὶ
1742 2862 1851 2916 τῶν
1883 2865 1943 2916 ὲν

357 2957 558 3026 χερσὶν
624 2954 848 3021 ἀγαθῶν
900 2955 1143 3023 ἀνοήτως
1186 2953 1255 3006 τὰ
1294 2953 1727 3023 προσδοκώμενα
1755 2970 1944 3025 προτι-

1890 483 1947 536 ’0
1975 484 2022 544 Α
2051 505 2269 583 quoque
2300 499 2537 557 celerem
2560 507 2939 577 mutationem,
2970 518 3044 580 et,
3083 520 3143 569 ut
3168 506 3475 583 aiunt,'rem
3504 533 3625 574 esse

2049 581 2105 637 in
2133 587 2252 642 acie
2292 593 2591 651 novaculae.
2622 595 2796 654 Breve
2825 609 3041 673 tempus
3070 603 3403 673 intercessit,
3430 620 3482 665 ct
3517 612 3623 666 im~

2049 678 2208 745 perio
2235 683 2502 740 translato
2539 687 2607 741 ad
2637 689 2956 748 Michaelem
2997 710 3282 766 generum,
3316 708 3623 758 evenerunt

2046 782 2136 830 ea,
2161 786 2282 838 quae
2316 775 2576 842 praedicta
2618 780 2858 839 fuerant.
2889 783 2989 840 Hic
3014 798 3197 843 autem
3225 789 3457 848 Michael
3494 806 3621 850 ante

2049 873 2216 928 quam
2252 867 2569 932 perveniret
2594 870 2661 925 ad
2687 872 2998 943 imperium,
3026 877 3353 949 dignitatem
3384 883 3621 940 habebat

2049 957 2429 1020 procuratoris
2456 961 2663 1029 palatii.
2697 964 2817 1019 Non
2874 968 3048 1023 multo
3090 971 3274 1041 itaque
3321 984 3444 1044 post
3483 983 3622 1029 tem-

2046 1059 2181 1115 pore
2212 1048 2397 1104 Hunni
2427 1067 2619 1111 rursus
2655 1056 2712 1110 in
2765 1057 3054 1115 Thraciam
3105 1061 3379 1119 faciebant
3430 1064 3620 1121 incur-

2045 1138 2250 1195 siones.
2284 1142 2473 1213 itaque
2506 1147 2810 1217 imperator
2839 1161 2961 1207 erat
2986 1152 3141 1208 valde
3164 1153 3456 1218 sollicitus,
3483 1168 3621 1224 quo-

2046 1247 2173 1287 nam
2233 1237 2396 1291 modo
2452 1248 2505 1293 et
2560 1255 2660 1295 eos
2708 1244 2860 1312 gravi
2924 1245 3211 1300 invaderet
3264 1244 3532 1310 exercitu,
3564 1258 3619 1303 rt

2045 1325 2512 1391 quemadmodum
2542 1344 2637 1384 eos
2669 1332 2807 1386 male
2841 1333 3091 1389 haberet.
3153 1334 3378 1390 interim
3429 1342 3615 1393 autem

2045 1412 2136 1468 ille
2160 1415 2382 1484 quidem
2407 1418 2646 1475 Leonem
2677 1424 2997 1479 Armenium
3049 1425 3293 1495 praefecit
3358 1427 3565 1482 Orienti
3599 1447 3613 1483 :

2047 1503 2157 1560 Leo
2216 1523 2366 1572 vero,
2399 1512 2493 1579 qui
2545 1512 2655 1583 jam
2716 1515 2809 1569 diu
2836 1516 3073 1570 maximo
3094 1532 3283 1573 amore
3325 1519 3615 1573 tenebatur

2046 1597 2291 1668 imperii,
2316 1600 2421 1657 hoc
2452 1605 2634 1658 solum
2673 1606 2861 1661 animo
2912 1608 3187 1675 versabat,
3239 1612 3516 1680 quomodo
3548 1626 3618 1667 eo

2045 1691 2365 1760 potiretur:
2425 1704 2481 1750 et
2525 1696 2791 1765 quidquid
2855 1714 2967 1755 non
3027 1700 3094 1756 ad
3130 1702 3183 1756 id
3242 1702 3524 1771 tendebat,
3559 1704 3611 1759 id

2044 1793 2274 1848 parvum
2299 1783 2656 1840 exiStimabat
2684 1796 2739 1842 et
2768 1804 2877 1845 non
2902 1791 3085 1862 magni
3114 1794 3398 1847 momenti.

2113 1953 2257 2008 XIX.
2293 1955 2429 2010 Cum
2460 1972 2595 2029 ergo
2644 1977 2839 2017 rursus
2899 1964 3106 2019 bellum
3156 1976 3409 2021 exortum
3470 1978 3616 2024 esset

2041 2043 2309 2100 adversus
2337 2046 2588 2114 "unctos,
2622 2057 2681 2104 et
2720 2067 2820 2107 nec
2848 2054 3027 2124 primo
3077 2056 3303 2125 quidem
3356 2073 3479 2112 cum
3534 2059 3615 2114 eis

2043 2136 2378 2193 conﬂixisset
2428 2139 2740 2208 Armenius,
2798 2159 2898 2198 sua
2956 2159 3154 2215 sponte
3220 2149 3388 2218 tergis
3443 2150 3611 2217 datis,

2043 2228 2320 2286 Romanos
2349 2230 2533 2287 aﬂ‘ecit
2592 2233 2884 2301 dedecore,
2939 2246 3001 2292 ut
3052 2238 3214 2294 simul
3274 2240 3498 2310 quidem
3557 2254 3615 2297 et

2040 2319 2272 2376 Michael
2295 2323 2561 2378 maculam
2600 2325 2873 2391 inurerct,
2900 2336 2958 2383 et
2998 2343 3125 2384 eum
3154 2328 3309 2400 gravi
3370 2330 3616 2386 alliceret

2040 2412 2210 2466 animi
2240 2413 2589 2485 aegritudine.
2623 2416 2761 2472 Cum
2789 2433 2921 2490 ergo
2980 2418 3097 2475 Leo
3156 2421 3264 2477 hoc
3318 2423 3615 2492 consilium

2040 2504 2299 2571 cepisset,
2336 2515 2391 2561 et
2418 2507 2471 2560 id
2495 2507 2739 2571 iecisset,
2796 2508 3101 2580 fraudeque
3156 2519 3213 2566 et
3262 2512 3613 2568 simulatione

2041 2595 2390 2652 conciliasset
2412 2598 2625 2655 animos
2654 2598 2912 2665 militum,
2976 2602 3252 2670 persuasit
3291 2610 3496 2658 uleum
3523 2618 3614 2658 so-

2042 2683 2158 2738 lum
2189 2695 2531 2756 Spectarent,
2564 2697 2620 2743 et
2662 2688 2717 2742 in
2745 2705 2813 2745 eo
2848 2690 2967 2745 solo
2988 2706 3141 2761 spem
3162 2693 3358 2747 salutis
3381 2692 3615 2748 colloca—

2042 2780 2292 2841 rent,ut
2348 2778 2444 2845 qui
2499 2777 2905 2847 imprudentius
2955 2789 3013 2836 et
3067 2783 3533 2838 inconsideratius
3557 2782 3613 2838 iu

2042 2867 2131 2923 his
2154 2867 2319 2923 rebus
2339 2882 2398 2923 se
2427 2879 2711 2938 gererent,
2737 2879 2793 2926 et
2843 2871 3023 2937 bouis,
3068 2888 3192 2942 quae
3248 2872 3526 2928 habebant
3555 2874 3612 2929 in

2041 2958 2317 3024 manibus,
2355 2959 2525 3015 stulte
2552 2960 2877 3030 praferrent
2899 2978 2986 3029 ea,
3040 2977 3167 3033 qua
3221 2965 3613 3033 exspectabth

361 3048 605 3118 μῶντις.
663 3047 893 3107 Εὗνοίας
925 3042 1019 3100 οὖν
1045 3049 1075 3100 ὀ
1100 3046 1255 3101 Λέων
1295 3046 1393 3116 τῆς
1442 3047 1571 3117 περὶ
1596 3045 1689 3099 τὸν
1713 3045 1940 3115 βασιλέα

2044 3059 2156 3106 tur.
2177 3049 2289 3107 Leo
2325 3066 2456 3122 ergo
2485 3068 2610 3107 cum
2637 3053 2908 3109 induisset
2939 3068 3229 3122 personam
3274 3054 3610 3111 benevolens

357 3142 713 3212 προσωπεῖον
739 3137 1011 3201 ὑπελθὼν,
1044 3138 1175 3208 περὶ
1200 3137 1401 3201 παντός
1427 3154 1489 3190 τε
1554 3138 1823 3193 ποιεῖσθαι
1847 3138 1941 3192 καὶ

342 3232 693 3302 θεραπεύειν
753 3229 1083 3296 ὑπεκρίνετο
1113 3229 1327 3284 τοῦτον.
1358 3229 1519 3283 Μετὰ
1550 3228 1644 3282 οὖν
1681 3230 1780 3294 τὴν
1835 3230 1941 3283 ὑπ’

355 3324 527 3377 αὑτοῦ
548 3323 930 3391 γεγενημένην
958 3314 1131 3392 ἧτταν
1160 3319 1258 3390 τὴν
1304 3319 1636 3385 ἐθελούσιον,
1669 3320 1763 3372 τοῦ
1789 3319 1940 3389 βασι·

356 3414 501 3478 λέως
557 3415 781 3485 Μιχαὴλ
832 3415 971 3482 πρὸς
1021 3413 1082 3467 τὸ
1134 3412 1431 3473 Βυζάντιον
1475 3411 1938 3482 ὑποστρέψαντος.

353 3507 507 3565 τιτά
566 3506 759 3575 καιρὸν
795 3507 1004 3568 ἐκεῖνος
1037 3505 1137 3576 τὴν
1169 3504 1338 3557 ὠδῖνα
1364 3503 1464 3572 τῆς
1494 3503 1731 3573 καρδίας
1760 3504 1940 3573 ἐκφής

353 3617 481 3665 νας,
505 3602 601 3653 καὶ
629 3599 722 3652 τὸν
747 3599 899 3661 ἐντὸς
925 3596 1278 3661 ἀνακαλύψας
1298 3596 1524 3661 Λέοντα,
1549 3597 1675 3659 τοὺς
1702 3597 1771 3648 τὰ
1809 3594 1942 3649 Ῥωο

358 3695 544 3766 μαίων
587 3695 945 3765 ληῖζομένους
990 3695 1325 3757 καταλιπὼν,
1353 3692 1538 3756 εὐθὺς,
1570 3691 1645 3753 ὡς
1697 3687 1812 3761 εἶχε
1847 3690 1943 3743 τά-

353 3803 520 3858 χους,
546 3786 828 3849 ὁπλίζεται
851 3785 996 3839 κατὰ
1020 3786 1132 3838 τῶν
1159 3785 1400 3849 οἰκείων,
1428 3784 1524 3838 καὶ
1555 3782 1807 3853 βασιλεὺς
1835 3781 1942 3836 ὑπὸ

353 3878 470 3933 1ιιῖιν
530 3877 815 3946 παρόντων
850 3875 1268 3946 ἀναγορεύεται,
1321 3877 1416 3929 καὶ
1454 3876 1553 3945 τὴν
1594 3873 1941 3943 περιώνυμον

354 3969 471 4022 τῶν
494 3968 717 4025 ,πόλεων
761 3966 1197 4036 καταλαμϐάνει.
1243 3965 1302 4019 '0
1324 3962 1546 4035 Μιχαὴλ
1579 3963 1636 4016 δὲ
1669 3964 1767 4016 καὶ
1790 3961 1940 4015 ἄκων

356 4058 513 4127 αὐτῷ
540 4059 864 4128 παραχωρεῖ
887 4056 990 4126 τῆς
1034 4055 1337 4127 βασιλείας,
1384 4057 1568 4127 ὅρκοις
1602 4054 1818 4118 πολλοῖς
1848 4053 1941 4106 καὶ

356 4153 688 4220 ἀσφαλέσιν,
739 4153 817 4215 ὡς
879 4149 1037 4221 ᾤετο,
1074 4153 1317 4205 πίστεσιν
1366 4150 1577 4215 ἑαυτὸν,
1601 4144 1712 4203 οἷον
1742 4150 1937 4212 εἰπεῖν,

356 4242 693 4315 ιμπεδώσας
715 4244 813 4297 καὶ
840 4243 1076 4313 βεϐαίως
1114 4242 1575 4311 ἀσφαλισάμενος,
1604 4242 1689 4310 ἐφ’
1711 4235 1756 4308 ᾧ
1790 4257 1925 4307 συγο

357 4333 620 4406 χωρῆσαι
645 4332 835 4388 τοῦτον
867 4332 984 4404 ἃμα
1022 4335 1243 4400 γυναικὶ
1277 4331 1510 4394 καὶτοῖς
1531 4331 1744 4395 τέκνοις
1787 4330 1934 4384 ίδιω-

352 4429 530 4487 τικῶς
559 4428 683 4499 ζῇν.

359 4626 474 4680 mp
489 4612 568 4673 είς
598 4608 773 4678 λήθην
793 4609 1011 4663 πάντων
1039 4608 1231 4674 ἐλθὼν,
1261 4609 1354 4662 καὶ
1375 4607 1601 4677 μηδενὸς
1629 4606 1925 4677 φροντίσας

350 4694 433 4757 ὧν
466 4702 576 4754 ὑπὸ
622 4701 863 4772 μάρτυρι
898 4700 979 4771 τῷ
1030 4698 1148 4768 Θεῷ
1202 4698 1549 4769 ἐπωμόσατο,
1612 4699 1803 4766 πρῶτα
1840 4697 1940 4768 μὲν

356 4792 664 4864 ὑπερορίαν
723 4792 818 4846 τοῦ
846 4808 904 4845 τε
948 4791 1168 4862 Μιχαὴλ
1223 4792 1318 4845 καὶ
1367 4793 1469 4861 τῆς
1524 4790 1762 4857 συζύγου
1784 4788 1936 4843 τοῦδε

352 4885 720 4957 κατακρίνειο
756 4885 897 4954 μετά
927 4885 1105 4954 βραχὺ
1131 4883 1191 4941 δὲ
1225 4884 1288 4937 τὸ
1320 4882 1431 4939 τῶν
1457 4883 1711 4952 μοναχῶν
1744 4882 1938 4952 σχῆμα

358 4977 458 5029 καὶ
508 4976 744 5037 ἄκοντας
795 4972 995 5036 αὐτοὺς
1054 4973 1357 5042 μετενδύει.
1406 4974 1479 5026 Οὐ
1524 4974 1686 5043 μέχρι
1716 4972 1777 5026 δὲ
1810 4972 1938 5026 τού-

350 5080 471 5119 των
499 5064 657 5134 ἔστη,
707 5062 845 5117 ἀλλὰ
881 5062 977 5116 καὶ
1030 5063 1243 5132 ὀλίγαις
1297 5062 1527 5133 ὕστερον
1568 5064 1802 5134 ἡμέραις
1841 5064 1938 5116 ἀλ-

355 5150 537 5224 λήλων
567 5154 832 5219 διέζευξε,
857 5154 956 5208 καὶ
980 5154 1167 5225 μένειν
1196 5152 1331 5224 ὁμοῦ
1366 5154 1506 5208 κατά
1530 5153 1714 5224 χώραν
1739 5155 1936 5215 αὐτοὺς

350 5248 460 5303 οὐκ
492 5248 701 5308 είασεν.
744 5245 883 5303 ἀλλὰ
906 5245 1000 5300 τὸν
1034 5247 1134 5317 μὲν
1166 5245 1444 5316 ἀλλαχόθι,
1493 5246 1591 5315 τὴν
1620 5245 1678 5298 δὲ
1708 5245 1934 5317 ἑτέρωθι

356 5338 543 5408 φέρων
600 5336 873 5406 ἀπῴκισε.
936 5336 1054 5390 Καὶ
1104 5335 1209 5407 ὅρα
1267 5335 1426 5407 μέχρι
1479 5334 1647 5388 πόσου
1711 5335 1932 5403 πρόεισι

360 5430 639 5502 μοχθηρία
668 5431 960 5501 δυνάμεως
986 5427 1389 5497 ἐπιλαϐομένη.
1442 5426 1619 5489 Εὐθὺς
1647 5428 1755 5500 γὰρ
1774 5430 1801 5481 ὁ
1841 5428 1935 5481 καὶ

354 5523 456 5591 τὴν
474 5519 673 5591 κλῆσιν
725 5520 825 5573 καὶ
879 5517 969 5570 τὸν
1034 5512 1415 5587 τρόπονλοὴρ,
1466 5517 1557 5570 xui.
1587 5518 1706 5568 κατ’
1744 5515 1933 5579 αὑτοῦ,

354 5615 414 5671 οἱ
438 5619 568 5687 pot!
603 5613 875 5686 Χριστοῦ,
909 5613 1129 5682 καὶτῆς
1185 5605 1349 5665 αὑτοῦ
1373 5607 1536 5675 ἁγίας
1572 5610 1779 5673 είκόνος
1806 5612 1933 5663 λυτ-

355 5716 552 5785 τήσας,
588 5712 815 5773 πολλαίς
853 5712 1061 5773 αίκίαις
1126 5710 1443 5781 περιϐάλλει
1492 5707 1615 5768 τοὺς
1646 5706 1746 5773 τῆς
1774 5704 1931 5756 εὐσε-

330 5802 515 5869 εϐείας
542 5800 961 5871 προσκυνητὰς,
1008 5800 1118 5856 τῶν
1153 5800 1462 5873 προσόντων
1492 5815 1552 5852 τε
1609 5795 1929 5865 ἀλλοτριῶν,

1959 4380 2015 4441 D

430 4521 518 4574 ιε’.
562 4520 625 4572 '0
660 4518 719 4572 δὲ
742 4516 881 4588 ὁμοῦ
903 4516 980 4587 τῷ
1011 4516 1115 4585 τῆς
1128 4516 1309 4587 ἀρχῆς
1337 4515 1616 4586 ιπιϐἦναι,
1636 4514 1798 4577 εὐθὺς
1817 4514 1934 4569 ὦσι
1986 4552 1993 4555 -

2045 3139 2133 3196 tia
2165 3140 2222 3195 in
2278 3141 2690 3211 imperatorem,
2750 3144 3043 3199 simulabat
3089 3160 3150 3200 se
3200 3160 3327 3200 cum
3386 3146 3610 3200 maximi

2038 3230 2223 3287 facere
2241 3234 2521 3290 etcolere.
2557 3235 2688 3290 Post
2715 3236 2864 3290 illam
2888 3245 3075 3291 autem
3104 3236 3313 3292 cladem
3366 3237 3436 3292 ab
3490 3237 3610 3308 ipso

2039 3321 2110 3376 de
2138 3321 2411 3379 industria
2431 3335 2485 3379 et
2515 3326 2826 3382 voluntarie
2847 3336 3194 3396 conceptam,
3250 3343 3374 3383 cum
3426 3344 3610 3384 rever-

2040 3427 2135 3469 sus
2158 3421 2305 3468 esset
2336 3414 2568 3470 Michael
2616 3417 2957 3488 Byzantium,
2994 3418 3090 3474 illo
3133 3426 3379 3490 tempore
3428 3419 3615 3490 profe-

2041 3516 2191 3568 rens,
2221 3504 2463 3573 quandiu
2486 3507 2842 3575 parturierat,
2874 3518 2932 3563 et
2955 3509 3049 3580 qui
3090 3509 3237 3565 intus
3285 3519 3426 3573 erat.
3473 3509 3613 3568 Leo-

2041 3608 2167 3648 nem
2197 3596 2473 3664 aperiens,
2527 3598 2595 3653 iis
2625 3599 2853 3665 relictis,
2908 3601 3004 3671 qui
3049 3600 3424 3658 Romanorum
3451 3615 3617 3672 agros

2041 3686 2476 3754 populabantur,
2507 3704 2671 3759 quam
2705 3691 2942 3746 maxima
2971 3693 3156 3762 potuit
3201 3693 3480 3749 celeritate
3519 3707 3611 3746 ar-

2040 3783 2224 3829 matur
2254 3776 2522 3833 adversus
2575 3794 2707 3835 suos
2763 3781 2917 3839 etab
2968 3782 3057 3849 iis,
3116 3782 3210 3852 qui
3250 3782 3611 3845 aderant,re-

2039 3865 2323 3921 nuntiatur
2378 3868 2699 3938 imperator,
2750 3880 2807 3927 et
2838 3873 2908 3927 ad
2962 3873 3208 3928 omnium
3251 3871 3609 3927 clarissimam

2039 3958 2596 4026 pervenitcivitatem.
2618 3961 2847 4018 Michael
2873 3978 3005 4020 vero
3031 3964 3114 4018 vel
3146 3961 3351 4017 invitus
3375 3962 3425 4018 ei
3463 3962 3611 4018 cedit

2042 4046 2299 4119 imperio,
2332 4055 2837 4125 cumjurejurando
2871 4057 2941 4112 ab
2966 4071 3036 4112 eo
3071 4064 3294 4126 accepto
3324 4055 3429 4109 sibi
3457 4055 3610 4125 prius

2040 4141 2295 4205 cavisset,
2328 4152 2381 4198 et
2410 4144 2516 4200 (ide
2537 4145 2741 4216 dignis,
2791 4153 2852 4201 ut
2880 4148 3130 4216 putabat,
3193 4144 3483 4217 promissis
3544 4161 3607 4201 se

2040 4232 2347 4297 muniisset,
2379 4234 2525 4304 quod
2553 4236 2603 4291 ei
2634 4251 2761 4293 cum
2786 4253 2957 4294 uxore
2997 4251 3057 4295 et
3085 4240 3275 4297 liberis
3306 4241 3602 4311 permitte-

2040 4331 2126 4378 ret
2157 4337 2319 4395 agere
2346 4326 2516 4381 vitam
2547 4327 2843 4398 privatam.

2111 4505 2233 4560 XX.
2267 4506 2363 4562 Ille
2393 4517 2578 4563 autem
2609 4522 2735 4564 cum
2776 4508 3018 4580 primum
3052 4511 3302 4568 ascendit
3336 4514 3402 4567 ad
3455 4526 3608 4582 mpe-

2044 4596 2206 4661 rium,
2228 4597 2664 4667 velutigomnium
2687 4598 2914 4666 oblitus,
2941 4608 2998 4656 et
3018 4601 3154 4655 nihil
3172 4616 3371 4656 curans
3393 4616 3605 4665 eorum,

2043 4704 2164 4759 qua:
2191 4690 2303 4745 Deo
2336 4698 2475 4746 teste
2499 4691 2803 4761 juraverat,
2839 4692 3078 4763 primum
3119 4693 3343 4762 quidem
3375 4691 3607 4747 Michaev

2041 4780 2149 4835 lem
2174 4789 2229 4835 et
2291 4782 2413 4852 ejus
2467 4782 2756 4853 conjugem
2824 4784 3157 4841 condemnat
3185 4784 3417 4840 exsilio:
3448 4784 3609 4854 paulo

2042 4880 2163 4942 post
2191 4888 2345 4937 vero,
2373 4872 2564 4928 habitu
2594 4875 2992 4931 monachorum
3044 4874 3127 4931 vel
3154 4874 3354 4929 invitos
3407 4874 3605 4929 induit.

2039 4962 2157 5017 Non
2185 4978 2430 5033 cousque
2474 4975 2658 5021 autem
2709 4968 3003 5032 constitit;
3059 4967 3155 5023 sed
3206 4967 3371 5022 etiam
3422 4967 3609 5036 paucis

2040 5063 2164 5127 post
2197 5055 2396 5113 diebus
2422 5073 2518 5114 eos
2551 5076 2579 5113 a
2604 5076 2661 5115 se
2716 5059 2947 5114 invicem
2999 5060 3298 5130 separavit,
3358 5075 3458 5114 nec
3508 5076 3603 5113 eos

2040 5150 2202 5205 simul
2237 5152 2483 5208 habitare
2518 5152 2646 5208 sivit
2672 5154 2726 5208 in
2763 5154 3005 5224 regione,
3029 5154 3123 5209 sed
3181 5153 3332 5208 illum
3385 5152 3609 5223 quidem

2042 5243 2094 5297 in
2121 5259 2287 5298 unum
2313 5246 2516 5312 locum,
2542 5245 2686 5301 hunc
2716 5262 2845 5301 vero
2872 5246 2925 5300 in
2951 5246 3117 5300 alium
3152 5245 3432 5315 relegavit.
3470 5244 3607 5300 Vide

2038 5345 2379 5407 autem,quo
2417 5338 3024 5408 proccdatimprobitas
3094 5347 3418 5406 potestatem
3476 5354 3610 5392 cou-

2037 5442 2224 5483 secuta
2261 5448 2275 5482 :
2312 5429 2495 5483 statim
2524 5430 2669 5484 enim
2718 5429 2896 5500 quiet
2961 5428 3183 5484 nomine
3243 5438 3298 5483 ct
3357 5430 3603 5485 moribus

2036 5530 2158 5575 erat
2182 5520 2385 5586 bellua,
2415 5522 2467 5575 in
2498 5521 2696 5592 ipsum.
2730 5538 2828 5593 pro
2852 5521 3011 5578 dolor
3035 5522 3051 5575 ί
3078 5521 3360 5578 Christum
3386 5534 3443 5579 ct
3466 5526 3602 5594 “ejus

2039 5612 2329 5684 imaginem
2358 5613 2505 5667 rabie
2536 5614 2865 5683 exagitatus,
2908 5613 3101 5672 multis
3119 5613 3287 5672 allicit
3311 5617 3601 5687 suppliciis

2037 5720 2179 5759 vera:
2204 5701 2427 5773 pietatis
2473 5704 2814 5771 adoratores,
2876 5706 2946 5761 ab
3004 5709 3093 5776 iis,
3145 5725 3266 5783 quite
3301 5706 3598 5771 habebant,

2034 5797 2281 5852 alienans
2331 5805 2386 5852 ct
2432 5795 2824 5864 exterminans,
2856 5799 3004 5869 quod
3038 5817 3145 5856 non
3176 5798 3379 5856 Chrisu
3401 5809 3455 5855 et
3484 5801 3607 5872 ejus
