4060 6374
295 337 371 401 57
1369 328 1550 402 VlTA
1584 339 1647 397 S.‘
1686 319 2072 396 JOANNICII
2115 338 2462 404 ABBATlS.
3483 337 3552 400 ιδ

293 453 604 526 ἡμεδαπῶν
660 469 718 505 τι
761 453 856 507 καὶ
904 455 1190 524 ἐγχωρίων
1245 455 1532 526 μανθάνει,
1586 439 1661 516 ὧς
1706 457 1761 505 ὲν
1801 448 1878 512 τῷ

1989 456 2050 510 ab
2086 457 2173 522 iis,
2199 459 2292 528 qui
2341 461 2394 513 in
2420 476 2482 514 ea
2516 458 2734 529 regione
2767 453 3110 519 habitabant,
3161 450 3306 522 quod
3375 451 3428 504 in
3487 465 3553 503 eo

293 546 530 614 τοιούτῳ
586 544 736 616 τόπῳ
781 545 908 609 ναὸς
954 549 1020 616 τῇ
1082 547 1334 616 Θεοτόκῳ
1380 547 1646 618 προτερον
1679 541 1878 614 ᾠκοδὸ-

298 655 464 708 μητο.
511 628 634 690 Ἐπὶ
664 637 795 704 γοῦν
847 639 939 691 τὸν
976 639 1126 709 αύτῷ
1177 638 1413 706 φανέντα
1459 637 1624 690 τόπον
1683 632 1876 695 ἐλθὼν,

299 729 495 789 ὓδατος
527 729 628 797 μὲν
684 718 782 799 ούχ
833 723 959 800 εὗρε
1003 732 1186 800 πηγήν
1209 748 1222 761 ·
1277 730 1478 792 θέσεως
1505 714 1560 781 δὲ
1592 714 1776 778 τοῦτον
1809 723 1867 776 εὖ

295 820 494 889 ἔχοντα
532 820 625 874 καὶ
646 819 796 891 ὥρας
831 809 977 886 ἰδὼν,
1004 825 1098 874 καὶ
1129 821 1302 886 ἄλλως
1347 822 1425 884 είς
1473 820 1624 874 οῖκου
1671 816 1876 887 Κυρίου

293 912 590 981 οἰκοδομὴν
644 913 951 982 ἐπιτήδειον
988 953 1002 975 ,
1065 913 1192 966 ναδν
1244 915 1303 966 ὲν
1363 911 1513 982 αὐτῷ
1571 908 1876 981 περικαλλῆ

292 1003 596 1072 ὰ.εγείρει,
656 1004 749 1056 καὶ
804 1005 1218 1074 φροντιστήριον
1260 1004 1507 1073 συνιστᾷ,
1556 1003 1654 1055 οὐκ
1681 999 1877 1068 δῃγων

300 1095 490 1146 ἐκεῖσε
520 1093 886 1163 κειραμένων,
914 1097 1007 1148 καὶ
1031 1095 1165 1164 πρὶς
1183 1093 1371 1159 ἀγῶνα
1393 1087 1482 1146 τὸν
1505 1091 1877 1162 πνευματικὸν

295 1184 499 1255 κομιδῆ
560 1185 858 1255 προθύμως
911 1187 1366 1256 ἀποδυσαμένων,
1419 1186 1512 1238 καὶ
1563 1184 1876 1252 ύπζὲκείνῳ

292 1275 840 1344 παιδαγωγουμένων
885 1276 986 1346 τὴν
1051 1275 1275 1347 ἀρετήν.
1339 1277 1453 1330 Ούκ
1504 1274 1768 1344 ἐψεύσατο
1821 1262 1877 1326 δὲ

291 1367 406 1436 ἄρα
433 1367 512 1434 τῷ
565 1367 704 1434 ἁγίῳ
745 1368 804 1418 ca
835 1357 1021 1436 ὅραμα
1048 1382 1062 1397 ⁶
1126 1367 1186 1418 ού
1217 1367 1324 1434 γὰρ
1386 1369 1447 1420 τὸ
1477 1366 1875 1436 γεγενημένον,

291 1459 433 1514 ἀλλὰ
458 1461 555 1512 καὶ
585 1461 651 1511 τὰ
683 1460 1027 1529 γενησόμενα
1061 1461 1467 1530 παρεδήλωσεν.
1493 1460 1614 1512 Ὀτι
1642 1455 1741 1528 μὲν
1772 1458 1878 1525 γὰρ

295 1555 359 1606 έν
390 1555 472 1622 τῷ
495 1552 720 1621 φανέντι
747 1552 902 1623 τόπῳ
926 1557 1350 1624 κατοικητήριον
1394 1553 1490 1620 τῆς
1539 1552 1632 1604 τοῦ
1670 1550 1877 1620 Κυρίου

1981 549 2102 604 loco
2132 550 2286 619 prius
2317 550 2644 604 aedificatum
2706 549 2886 603 fuerat
2939 545 3199 614 templum
3242 543 3334 597 Dei
3387 539 3553 596 Geni-

1983 643 2157 698 tricis.
2211 642 2348 698 Cum
2399 642 2583 711 itaque
2637 641 2880 695 venisset
2924 627 2998 692 ad
3046 638 3250 699 locum,
3305 633 3398 704 qui
3442 631 3546 686 sibi

1981 745 2330 806 apparuerat.
2385 749 2542 803 aquae
2594 732 2817 801 quidem
2865 731 3070 785 fontem
3127 744 3237 782 non
3292 716 3546 780 invenit:

1980 846 2104 885 cum
2134 843 2260 882 eum
2291 835 2472 882 autem
2502 814 2728 878 vidisset
2769 821 2912 877 bene
2961 836 3084 875 esse
3124 820 3290 874 situm
3340 827 3397 872 et
3431 807 3545 886 pul-

1981 922 2197 985 chrum,
2229 933 2280 975 et
2310 918 2516 989 alioqui
2546 926 2732 986 aptum
2761 914 2829 968 ad
2855 912 3069 968 Domini
3129 909 3352 964 domum
3411 907 3548 963 tedi-

1983 1011 2278 1073 licaudnm,
2338 1010 2390 1063 in
2446 1024 2512 1063 eo
2551 1001 2841 1078 pulchrum
2900 1000 3162 1070 templum
3208 999 3432 1060 excitat,
3494 1003 3554 1048 et

1979 1103 2253 1159 construit
2301 1099 2718 1160 monasterium,
2768 1108 2894 1150 eum
2949 1107 3058 1146 non
3123 1088 3282 1160 pauci
3334 1087 3446 1142 illic
3496 1101 3555 1140 se

1982 1193 2371 1258 totondissent',
2396 1201 2448 1247 et
2474 1189 2540 1247 ad
2579 1198 2859 1246 certamen
2880 1177 3129 1256 spiritale
3187 1197 3247 1238 se
3300 1183 3555 1250 prompto

1979 1300 2036 1344 et
2091 1287 2257 1342 alacri
2321 1285 2506 1340 animo
2563 1285 2986 1353 praeparassent,
3034 1282 3092 1330 et
3123 1273 3191 1328 ab
3237 1271 3331 1326 illo
3369 1259 3556 1324 erudia

1984 1388 2175 1434 rentur
2221 1377 2286 1432 ad
2356 1376 2640 1430 virtutem.
2690 1371 2953 1427 Sanctum
3013 1383 3145 1436 ergo
3198 1379 3309 1418 non
3362 1360 3556 1415 fefellit

1983 1473 2137 1526 visio.
2169 1471 2284 1526 Non
2311 1469 2458 1524 enim
2481 1465 2724 1522 ostendit
2774 1463 2850 1526 id,
2899 1459 3044 1531 quod
3099 1458 3301 1512 factum
3353 1454 3554 1518 luerat,

1982 1566 2077 1621 sed
2098 1565 2151 1618 id
2179 1561 2324 1634 quod
2355 1571 2472 1616 erat
2507 1557 2781 1614 futurum.
2819 1554 2953 1610 Nam
2978 1566 3086 1620 quo
3137 1549 3193 1603 in
3245 1548 3367 1603 loco
3426 1547 3552 1615 qui-

293 1644 461 1741 ῆμῶν
498 1645 710 1741 ὑπῆρχε
741 1644 984 1714 Μητρὸς,
1021 1645 1131 1699 ἀπὸ
1169 1645 1381 1699 πολλῶν
1409 1644 1519 1698 τῶν
1552 1643 1649 1697 καὶ
1680 1645 1875 1704 αὑταῖς

1989 1655 2245 1725 dem,qni
2301 1658 2652 1722 apparuerat,
2701 1645 2866 1701 fuerit
2927 1635 3303 1698 habitaculum
3367 1634 3554 1692 Matris

297 1735 458 1804 ϐψεσι
484 1735 638 1788 τοῦτο
692 1737 1045 1804 Θεασαμένων
1092 1737 1460 1804 ἐμαρτυρεῖτο
1484 1751 1497 1765 ’
1567 1735 1632 1788 τὰ
1659 1735 1717 1787 δὲ
1745 1733 1875 1803 πρό-

299 1825 442 1881 ϐατα
476 1829 569 1881 καὶ
602 1827 662 1881 τὸ
691 1827 888 1889 κλύζον
918 1825 1080 1893 ὕδωρ,
1111 1830 1178 1880 τὰ
1213 1829 1311 1898 μὶν
1335 1831 1462 1891 τοὺς
1487 1827 1877 1897 προσεδρεύον-

297 1924 402 1981 τας
427 1917 504 1989 τῷ
533 1919 674 1989 ἁγίῳ
707 1919 823 1990 ναῷ
883 1921 1108 1990 ἐμήνυε,
1155 1919 1216 1971 τὸ
1267 1919 1324 1972 δὲ
1353 1919 1413 1971 τὸ
1451 1918 1670 1987 ἥδιστον
1705 1916 1880 1969 ἐκεῖνο

303 2012 455 2080 νᾶμα
484 2013 586 2082 τῆς
629 2010 726 2065 τοῦ
778 2009 972 2081 ἀνδρὸς
1003 2009 1378 2076 διδασκαλίας,
1413 2009 1473 2063 τὸ
1502 2009 1557 2062 δὲ
1582 2008 1676 2062 καὶ
1705 2024 1881 2078 πεπη-

299 2102 514 2190 ρῶσθαι
557 2101 732 2155 ταῦτα
763 2102 890 2165 τοὺς
930 2100 1244 2172 ὀφθαλμοὺς
1280 2101 1378 2172 τὴν
1408 2099 1646 2172 ψυχικὴν
1673 2097 1880 2152 τούτων

299 2191 579 2260 ὑπέφαινε
607 2193 872 2265 πήρωσιν.

375 2275 506 2338 ΚΓ.
549 2276 637 2368 Ἑν
688 2287 797 2356 ὅσῳ
820 2278 879 2338 δὲ
927 2285 1023 2339 τοῦ
1074 2283 1211 2339 Θεοῦ
1257 2283 1510 2368 ἠγείρετο
1534 2282 1876 2354 οἰκητήριον,

299 2369 460 2437 ὕετὺς
523 2367 627 2444 μὲν
673 2373 1013 2445 κατερράγή,
1076 2375 1286 2446 ἑρπετὰ
1337 2367 1394 2428 δὲ
1423 2377 1523 2445 τῆς
1556 2376 1658 2444 γῆς
1691 2373 1882 2428 ἀναδο-

304 2463 467 2519 θέντα
495 2467 610 2529 τοῖς
647 2466 892 2537 δήγμασι
924 2467 1052 2530 τοὺς
1086 2467 1213 2537 περὶ
1242 2467 1397 2521 τοῦτο
1424 2466 1882 2536 διαπονουμένους

304 2557 568 2615 ικὼλυον.
635 2558 781 2614 Ἀλλ’
832 2561 991 2626 εὐθὺς
1026 2563 1056 2614 ὁ
1115 2561 1215 2631 μὲν
1271 2559 1408 2630 πρὸς
1460 2557 1688 2628 οὐρανὸν
1736 2556 1882 2628 αίρει

299 2648 406 2713 τὰς
450 2652 645 2722 χεῖρας
685 2651 782 2706 τοῦ
809 2652 946 2706 Θεοῦ
993 2651 1249 2714 δεόμενος
1283 2665 1297 2680 ⁸
1353 2649 1387 2722 ἡ
1419 2651 1477 2704 δὲ
1507 2651 1615 2704 τῶν
1643 2649 1881 2720 νεφελῶν

299 2739 554 2826 παχύτης
603 2743 684 2806 είς
729 2744 934 2814 ἀκριϐῆ
979 2741 1077 2815 τὴν
1131 2741 1351 2812 αἰθρίαν
1388 2741 1674 2810 μετέϐαλε,
1708 2740 1803 2794 καὶ
1833 2741 1882 2794 οί

296 2833 398 2887 τοῦ
435 2834 608 2903 ἔργου
655 2835 903 2905 ιχὸμενοι
939 2837 1038 2907 τῆς
1078 2837 1185 2891 ἀπὸ
1206 2836 1316 2890 τῶν
1348 2835 1643 2906 δηγμάτων
1675 2833 1882 2904 βλάϐης

299 2925 543 2989 ἀπαθεῖς
583 2924 794 2994 έμενον.
827 2928 956 2980 Ὀτε
987 2927 1084 2980 καὶ
1114 2926 1209 2980 τοῦ
1258 2926 1416 2996 ἁγίου
1446 2923 1515 2979 τὰ
1545 2923 1748 2978 δυνατὰ
1771 2926 1882 2988 τοῖς

1982 1749 2198 1805 Domini
2227 1746 2423 1808 nostri.
2459 1739 2806 1799 testabantur
2850 1736 3031 1800 multi,
3097 1734 3192 1805 qui
3252 1731 3386 1802 ipsis
3444 1729 3553 1782 hoc

1979 1843 2231 1898 viderant
2280 1839 2476 1895 oculis.
2513 1834 2656 1893 Oves
2709 1834 2893 1888 autem
2941 1839 3001 1885 et.
3027 1843 3167 1898 aqua
3223 1825 3552 1887 scaturieus,

1983 1934 2086 1988 illae
2108 1932 2330 2002 quidem
2352 1925 2740 2000 signiﬁcabant
2771 1923 3014 1982 sanctos,
3037 1919 3132 1990 qui
3169 1917 3372 1986 templo
3406 1915 3548 1969 assi-

1980 2024 2220 2086 debant;
2270 2022 2385 2075 hazc
2411 2027 2593 2073 autem
2658 2015 3046 2070 suavissimum
3102 2008 3235 2065 illud
3285 2008 3550 2062 fluentum

1980 2118 2100 2188 ejus
2129 2114 2413 2170 doctrinae.
2453 2110 2606 2177 Quod
2631 2124 2710 2164 em
2741 2123 2874 2162 vero
2903 2100 3091 2161 essent
3117 2102 3326 2156 orbatae
3353 2099 3552 2165 oculis,

1982 2209 2036 2263 id
2077 2205 2404 2262 ostendebat
2431 2203 2628 2258 animae
2649 2216 2841 2256 eorum
2868 2197 3196 2254 caecitatem.

2050 2299 2244 2356 XXIII.
2271 2297 2496 2354 Interim
2522 2306 2706 2349 autem
2743 2293 2875 2347 dum
2905 2290 3001 2344 Dei
3048 2286 3393 2343 excitabatur
3455 2283 3554 2337 ha-

1981 2388 2509 2456 bitaculum,erupit
2548 2386 2769 2457 quidem
2802 2381 3033 2453 pluvia:
3099 2387 3388 2448 serpentes
3453 2391 3556 2428 auo'

1985 2493 2092 2540 tem
2125 2476 2315 2538 emissi
2341 2495 2371 2534 e
2396 2489 2566 2542 terra,
2587 2473 2867 2530 morsibus
2891 2468 3265 2542 prohibebant
3310 2482 3428 2528 eos.
3454 2465 3551 2536 qui

1983 2579 2038 2631 in
2064 2576 2157 2628 illo
2187 2563 2526 2628 laborabant.
2559 2567 2668 2622 Sed
2696 2568 2785 2620 ille
2842 2562 3066 2632 quidem
3122 2560 3308 2614 statim
3360 2571 3559 2611 manus

1985 2666 2126 2722 tollit
2167 2663 2236 2718 ad
2275 2662 2500 2724 cmlum,
2554 2657 2722 2713 Deum
2785 2671 3025 2727 rogans:
3092 2652 3324 2707 nubium
3371 2657 3556 2702 ante.

1981 2755 2289 2813 crassitudo
2314 2762 2522 2809 mutata
2573 2762 2658 2807 est
2691 2751 2744 2804 in
2786 2763 3056 2804 summam
3086 2744 3461 2806 serenitatem,
3503 2747 3562 2795 et

1982 2849 2076 2926 qui
2108 2847 2258 2917 operi
2307 2854 2467 2900 erant
2495 2841 2716 2904 intenti,
2764 2839 3059 2894 manebant
3094 2835 3250 2890 illaesi
3302 2849 3332 2886 a
3388 2847 3561 2887 nocu-

1986 2948 2170 2996 mento
2203 2949 2511 2992 morsuum.
2577 2932 2698 3000 Quo
2746 2931 2974 3000 quidem
3032 2938 3304 2996 tempore,
3365 2930 3558 2977 sancto

301 3016 655 3086 οἰκοδομοῦσι
716 3019 1132 3089 συναιρόμένου,
1182 3019 1276 3072 καὶ
1315 3016 1454 3088 πρὸς
1482 3016 1541 3070 τὸ
1573 3015 1721 3069 λίθον
1747 3011 1880 3086 ἆραι

1989 3044 2205 3102 quoque
2233 3043 2331 3099 pro
2356 3025 2568 3082 viribus
2593 3039 2750 3094 opem
2782 3022 2994 3077 ferente
3047 3019 3135 3081 iis,
3170 3015 3264 3086 qui
3321 3011 3560 3068 a-difica—

302 3106 703 3179 προτείναντος
733 3111 834 3178 τὴν
888 3104 1066 3180 χεῖρα,
1123 3103 1242 3180 ἔχις
1277 3107 1374 3161 τοῦ
1403 3101 1552 3160 λίθου
1578 3107 1882 3173 ὑπεκδῦσα,

302 3203 400 3256 καὶ
429 3202 530 3273 τῆς
559 3201 746 3272 χειρὸς
768 3195 1046 3273 ἁψαμένη,
1095 3201 1189 3254 ἐπὶ
1224 3199 1361 3254 πολύ
1391 3216 1449 3252 τε
1486 3198 1689 3269 ταύτης
1721 3199 1886 3270 ἑξήρδ

301 3309 436 3364 τητο
462 3293 560 3347 καὶ
608 3294 742 3364 ὃλην
770 3292 1042 3361 ἑναφῆκεν
1071 3287 1210 3363 αύτῇ
1253 3282 1349 3345 τοῦ
1382 3289 1462 3345 ίοῦ
1495 3291 1596 3362 τὴν
1637 3290 1884 3362 πικρίαν.

310 3385 463 3439 Ἀλλ’
508 3383 700 3455 ἕτερος
764 3385 896 3456 ἡμῖν
943 3373 1102 3453 ὧφθη
1162 3382 1392 3448 Παῦλος,
1456 3383 1503 3436 εί
1534 3382 1628 3436 καὶ
1665 3383 1740 3454 μὴ
1789 3381 1884 3436 τοῦ

301 3476 476 3548 χοροῦ
526 3476 745 3547 πρῶτος
799 3475 907 3528 τῶν
971 3474 1325 3540 ἀποστόλων,
1380 3465 1518 3528 ἀλλὰ
1559 3477 1673 3538 τοῖς
1705 3474 1888 3539 αὐτοῖς

302 3568 505 3640 ἐκείνῳ
566 3569 876 3640 χαρίσμασί
926 3557 1356 3638 δυναμούμενος.
1393 3557 1457 3620 Ὅ
1497 3568 1598 3636 μὲν
1632 3567 1741 3637 γὰρ
1769 3565 1888 3621 δια·

306 3659 446 3714 σείει
493 3658 599 3729 τὴν
664 3662 846 3729 χεῖρα,
876 3659 910 3728 ἡ
955 3659 1014 3712 δὲ
1045 3660 1219 3729 πικρὰ
1261 3657 1375 3727 εχις
1403 3657 1586 3728 ἐκείνη
1624 3657 1764 3711 κατὰ
1788 3657 1890 3725 γῆς

304 3764 366 3800 τε
414 3746 698 3818 βάλλεται,
762 3749 856 3800 καὶ
884 3748 919 3818 ἡ
949 3749 1072 3818 χεὶρ
1133 3745 1283 3817 αὐτῷ
1335 3747 1554 3817 ἀπαθὴς
1597 3745 1687 3818 ἦν,
1747 3745 1890 3800 οὕτω

310 3837 598 3908 καθαρῶς,
631 3837 707 3899 ὡς
735 3837 930 3910 ἀδηλον
982 3835 1143 3902 εῖναι,
1185 3842 1233 3892 εξ
1270 3838 1366 3893 καὶ
1424 3837 1522 3910 τὴν
1553 3839 1725 3908 ἀρχὴν
1755 3837 1891 3901 ὅλως

311 3930 554 3999 ἐπλήγη.
609 3927 750 3980 Ἀλλ’
810 3929 872 3981 οὐ
901 3927 1062 3998 μέχρι
1111 3928 1304 3982 τούτου
1335 3927 1394 3980 τὸ
1436 3927 1567 3998 πρὸς
1579 3931 1709 4000 λτὰς
1751 3929 1894 3982 οίκο-

312 4018 486 4089 δομὰς
512 4019 625 4072 τῶν
657 4018 963 4090 εὐκτηρίων
987 4020 1152 4073 οῐκων
1177 4017 1460 4088 φιλότιμον
1486 4018 1732 4089 ἔστησεν,
1755 4018 1893 4072 ἀλλὰ

315 4112 411 4164 καὶ
445 4111 715 4183 συνεργὸς
753 4113 866 4173 τοῖς
917 4110 1295 4180 οἰκοδομοῦσιν
1354 4111 1592 4181 ὑπῆρχε,
1625 4112 1724 4164 ’καὶ
1756 4111 1894 4180 μετὰ

313 4207 414 4273 τὴν
443 4204 745 4274 οἰκοδομὴν
774 4203 912 4266 ὅλως
952 4194 1209 4265 ἀϐλαϐεῖς
1235 4201 1331 4266 οὒς
1381 4201 1776 4274 ᾠκοδπμήσατο
1805 4205 1892 4256 οἷο

317 4312 450 4360 κους
482 4297 673 4364 εὐχαῖς
701 4294 822 4358 ταῖς
855 4293 1054 4347 ἑαυτοῦ
1092 4293 1402 4362 συνετήρει,
1433 4291 1556 4354 τοὺς
1580 4291 1894 4361 ὀφθαλμοὺς

317 4388 458 4457 ἔχων
489 4386 580 4439 διὰ
629 4385 832 4441 παντὸς
887 4383 1024 4452 πρὸς
1055 4382 1146 4434 τὸν
1191 4381 1419 4452 Κύριον,
1451 4381 1508 4444 ὃς
1547 4382 1654 4434 τῶν
1688 4383 1890 4449 φοϐου-

319 4478 504 4546 μένων
532 4475 698 4530 αὐτὸν
727 4474 879 4544 ἰσχύς
903 4473 1016 4526 ἐστι
1041 4471 1133 4524 καὶ
1163 4471 1510 4546 κραταίωμα,
1541 4472 1762 4525 ὲκσπῶν
1797 4471 1894 4542 μὲν

316 4570 429 4621 ἀπὺ
459 4567 688 4632 παγίδος
716 4569 842 4630 τοὺς
894 4566 1060 4629 πόδας
1094 4564 1298 4630 αὐτῶν,
1356 4567 1437 4628 είς
1482 4567 1675 4636 χεῖρας
1700 4564 1757 4618 δὲ
1788 4565 1898 4620 θλι-

319 4661 527 4713 ϐόντων
553 4661 615 4714 οὐ
639 4659 988 4729 παραδιδοὺς,
1012 4659 1133 4712 οὐδὲ
1159 4657 1539 4728 καταισχύνων
1571 4656 1700 4720 τοὺς
1735 4657 1899 4710 αὑτὸν

321 4752 718 4820 ὑπομένοντας,
756 4749 948 4820 ὥσπερ
994 4747 1060 4820 δὴ
1111 4748 1206 4802 καὶ
1228 4750 1286 4802 έν
1308 4746 1388 4817 τῷ
1418 4745 1512 4801 νῦν
1543 4748 1623 4810 είς
1647 4747 1898 4818 διήγησιν

322 4843 685 4914 προκειμένῳ
735 4841 884 4896 ἔστιν
906 4842 1062 4913 ὁρᾷν.
1098 4840 1190 4903 Εἰς
1213 4837 1468 4892 τοσοῦτον
1496 4837 1607 4908 γὰρ
1633 4835 1901 4908 ἐξήγαγεν

322 4935 493 4990 αᾷτδν
519 4934 840 5003 πλατυσμδν
870 4931 1234 5002 ἀποθλίψεως,
1263 4929 1358 4984 καὶ
1380 4927 1527 4982 οὕτω
1577 4925 1672 4983 τοῦ
1711 4947 1903 5002 σωμα·

322 5027 483 5082 Ιιίιιοῦ
516 5026 717 5097 βάρους
776 5025 1086 5096 ἐκούφισεν,
1143 5023 1219 5087 ὡς
1244 5026 1386 5077 κατά
1424 5039 1545 5077 τινα
1571 5021 1763 5093 καιρὸν
1800 5021 1902 5092 τῆς

323 5119 497 5176 αὐτοῦ
524 5117 859 5190 προσευχῆς,
913 5118 972 5169 ἐν
993 5115 1105 5184 ναῷ
1146 5115 1286 5188 ἁγίῳ
1307 5115 1399 5169 τὸν
1419 5114 1545 5168 νοῦν
1581 5115 1722 5184 πρὸς
1761 5112 1904 5183 ὕψηδ

320 5212 556 5284 λοτέραν
586 5211 724 5274 ὅλως
753 5208 1110 5262 συντείναντα
1161 5206 1418 5276 θεωρίαν,
1478 5205 1754 5276 μετέωρον
1803 5207 1904 5272 ὀφο

317 5305 490 5376 ’θῆναι
522 5305 616 5360 καὶ
647 5304 962 5375 διηρμένον,
990 5299 1087 5353 καὶ
1115 5297 1214 5371 τῆς
1243 5298 1349 5369 γῆς
1373 5298 1493 5353 οὐδὲ
1524 5297 1586 5351 τὸ
1638 5298 1904 5367 παράπαν

325 5397 661 5466 ἁπτόμενον,
691 5395 892 5448 ὡσανεὶ
930 5393 1025 5446 καὶ
1060 5390 1196 5461 πρὸς
1231 5390 1330 5462 τὴν
1356 5390 1470 5443 ἄνω
1501 5389 1778 5443 πολιτείαν
1837 5389 1904 5444 ’ἓν

319 5488 536 5552 bubo;
567 5484 774 5552 ἰπόθει,
822 5482 1180 5554 καλούμενον.

443 5755 460 5782 ⁸
492 5761 609 5816 Act.
649 5775 842 5823 xxvm,
868 5760 916 5824 ί,
1069 5758 1087 5789 ³
1119 5757 1259 5814 Psal.
1302 5772 1444 5822 xxnv,
1495 5749 1574 5809 ιι.

1986 3124 2141 3186 bant,
2184 3130 2240 3176 et
2270 3118 2340 3174 ad
2361 3109 2662 3216 tolle'ndutq
2685 3113 2924 3184 lapidem
2959 3105 3560 3195 manumporrigente,

1986 3216 2174 3285 vipera
2202 3191 2720 3278 emersite'lapide,
2744 3217 2800 3262 et
2829 3217 3054 3260 manum
3113 3191 3558 3270 apprehendens,

1989 3299 2058 3363 ab
2115 3321 2179 3362 ea
2214 3299 2308 3360 diu
2338 3293 2624 3374 pependit,
2650 3309 2706 3354 et
2765 3295 2996 3353 immisit
3021 3285 3072 3348 ei
3128 3301 3298 3347 totam
3358 3285 3561 3342 veneni

1987 3373 2370 3452 acerbitatem.
2413 3385 2525 3446 Sed
2583 3381 2746 3444 nobis
2802 3383 3062 3457 apparuit
3110 3373 3257 3436 alter
3329 3377 3558 3438 Paulus.

1987 3479 2204 3542 etiamsi
2230 3499 2337 3538 non
2365 3478 2577 3553 primus
2613 3478 2765 3534 chori
2795 3475 3195 3548 apostolorum,
3219 3471 3314 3527 sed
3336 3483 3527 3524 eorum
3546 3494 3562 3509 ο

1990 3575 2138 3640 dem,
2173 3572 2375 3643 quibus
2433 3569 2544 3636 ille,
2605 3562 2878 3623 donorum
2939 3570 3215 3636 potestate
3274 3557 3559 3630 praeditus.

1988 3665 2125 3722 Nam
2154 3665 2246 3721 ille
2283 3657 2509 3734 quidem
2533 3675 2758 3716 manum
2779 3658 3030 3716 concutit
3057 3675 3070 3711 :
3097 3653 3296 3710 acerba
3322 3664 3454 3706 vero
3473 3647 3566 3703 illa

1989 3757 2179 3826 vipera
2234 3754 2388 3809 humi
2449 3747 2620 3817 cadit,
2670 3760 2728 3806 et
2767 3756 2885 3806 erat
2905 3747 2957 3802 ei
2989 3758 3187 3801 manus
3212 3739 3401 3805 illaesa,
3427 3737 3568 3808 adeo

1992 3855 2052 3901 ut
2081 3863 2190 3902 non
2219 3846 2532 3916 appareret,
2574 3859 2642 3897 an
2693 3842 2888 3896 fuisset
2930 3831 3158 3894 omnino
3193 3845 3489 3906 percussus
3519 3829 3564 3861 '°

1992 3938 2098 3993 Sed
2131 3952 2240 3992 non
2268 3949 2518 4006 eousque
2546 3931 2794 3989 constitit
2826 3929 3124 3984 vehemens
3145 3927 3266 3997 ejus
3285 3918 3568 3978 contentio

1991 4038 2050 4084 et
2076 4027 2346 4091 studium,
2405 4025 2462 4078 in
2507 4020 2845 4078 aedificandis
2886 4019 3101 4074 aedibus
3158 4012 3442 4073 oratoriis,
3467 4007 3565 4065 sed

1992 4117 2158 4171 etiam
2183 4129 2344 4184 opem
2376 4112 2498 4168 tulit
2531 4111 2618 4175 iis,
2643 4108 2735 4178 qui
2763 4104 3132 4165 aediﬁcabant,
3166 4110 3224 4155 et
3267 4109 3392 4168 post
3429 4093 3565 4150 mdi-

1997 4205 2303 4260 ﬁcationem
2367 4201 2730 4258 conservabat
2802 4194 3029 4252 omnino
3108 4189 3227 4246 suis
3305 4185 3566 4258 precibus

1999 4299 2195 4352 illaesas
2231 4294 2375 4350 aedes
2401 4306 2538 4362 quas
2593 4287 2982 4350 aadilieaverat,
3029 4283 3243 4339 habens
3291 4289 3562 4352 perpetuo

1999 4389 2192 4446 oculos
2239 4385 2305 4440 ad
2332 4383 2642 4446 Dominum,
2701 4381 2796 4452 qui
2825 4389 2910 4434 est
2961 4391 3179 4438 eorum,
3229 4374 3324 4443 qui
3383 4372 3564 4440 ipsum

2001 4479 2217 4542 timent,
2243 4474 2389 4528 vires
2415 4481 2468 4527 et
2495 4469 2898 4524 firmamentum
2935 4466 2978 4528 ⁸,
3041 4463 3284 4518 evellens
3340 4459 3567 4529 quidem

1997 4584 2029 4625 e
2058 4569 2256 4637 laqueo
2287 4564 2456 4637 pedes
2481 4573 2698 4626 eorum,
2725 4569 2835 4613 non
2874 4555 3097 4612 tradens
3132 4563 3316 4610 autem
3370 4551 3426 4604 in
3457 4565 3568 4605 ma-

1999 4675 2105 4716 nus
2143 4672 2336 4714 eorum
2365 4654 2457 4725 qui
2487 4652 2754 4723 aﬂligunt,
2787 4663 2966 4720 neque
3023 4647 3295 4703 dedecore
3324 4643 3570 4698 alliciens

1999 4765 2118 4815 eos,
2151 4747 2244 4819 qui
2281 4743 2668 4801 sustinebant:
2711 4739 2989 4810 quomodo
3023 4739 3153 4793 licet
3200 4736 3384 4790 videre
3413 4735 3468 4787 in
3501 4746 3570 4787 eo

2001 4857 2111 4912 quo
2140 4848 2225 4895 est
2256 4837 2418 4893 nobis
2451 4834 2797 4907 propositum
2865 4827 2932 4885 ad
2991 4828 3350 4885 narrandum.
3383 4827 3568 4895 Ipsum

1999 4933 2148 4988 enim
2178 4929 2368 4986 eduxit
2401 4929 2456 4983 in
2490 4935 2694 4982 tantam
2738 4924 3084 4980 latitudinem
3118 4922 3187 4977 ab
3249 4919 3571 4982 aﬂlictione,

2001 5031 2058 5079 et
2088 5021 2165 5077 ita
2200 5019 2411 5076 levavit
2436 5019 2702 5089 gravitate
2745 5014 3020 5086 corporis,
3047 5025 3106 5068 ut
3142 5011 3380 5084 quodam
3431 5020 3570 5064 tem-

2005 5127 2136 5184 pore
2202 5123 2316 5168 suae
2353 5109 2640 5173 orationis,
2697 5107 2755 5163 in
2815 5121 3006 5164 saneto
3062 5105 3266 5174 templo
3332 5111 3571 5158 mentem

2004 5212 2157 5256 suam
2190 5199 2415 5256 omnino
2463 5197 2753 5253 intendens
2790 5196 2856 5250 ad
2900 5193 3280 5250 sublimiorem
3325 5199 3576 5244 contem-

2005 5291 2325 5363 plationem,
2355 5291 2607 5346 sublimis
2631 5297 2954 5345 cerneretur
2992 5292 3046 5340 et
3071 5284 3269 5347 elatus,
3299 5289 3441 5335 etne
3471 5289 3580 5336 ter-

2007 5399 2121 5438 ram
2155 5384 2380 5454 quidem
2406 5383 2631 5438 omnino
2655 5390 2902 5450 tangens,
2931 5385 3188 5446 tanquam
3222 5372 3316 5444 qui
3377 5372 3441 5427 ad
3478 5387 3578 5428 su-

2005 5491 2236 5547 pernam
2278 5485 2566 5532 vocarctur
2593 5471 3092 5536 conversationem,
3117 5483 3284 5539 quam
3312 5467 3400 5524 ille
3431 5463 3576 5523 desi-

2006 5567 2253 5621 dcrahat.
