4060 6374
445 379 513 441 5)
1672 384 1957 445 MENSIS
1997 387 2436 456 NOVEMBEB.‘
3634 403 3704 466 60

513 484 703 544 XXIV.
739 484 974 559 Quidam
1030 491 1181 546 enim
1224 468 1543 555 Eustratius
1603 501 1851 567 nomine,
1923 499 2017 574 qui

2192 502 2318 558 KA'.
2364 504 2694 577 Εὐστράτισς
2749 508 2859 580 γάρ
2906 524 2991 572 τις
3023 508 3215 578 ὄνομα,
3251 508 3392 581 ἀνὴρ
3422 511 3511 565 τὸν
3541 514 3706 570 αὐτὸν

442 581 693 637 eamdem
727 582 896 635 vitam
928 598 1091 652 quam
1137 584 1336 643 beatus
1358 591 1670 659 exercebat,
1736 596 2019 666 magnoin

443 688 569 727 cum
601 680 723 726 erat
746 672 863 728 zelo
898 675 1151 744 allectus,
1177 688 1232 734 et
1262 681 1600 739 incitabatur
1637 686 1704 741 ad
1750 687 1871 759 ejus
1896 688 2018 743 imi-

442 764 731 830 tationem,
758 775 815 820 et
844 769 1066 823 maximi
1092 770 1329 828 faciebat
1368 775 1557 831 videre
1590 792 1675 844 ea,
1740 795 1862 849 quae
1916 781 2018 837 fie-

439 855 573 910 bant
601 872 630 910 a
691 867 903 914 sancto.
939 861 1076 915 Eum
1102 878 1235 935 ergo
1290 866 1588 937 aliquando
1630 881 1854 928 secutus
1892 889 2017 930 cum

439 954 607 1009 esset,
642 964 838 1017 preces
869 964 1163 1009 consuetas
1189 956 1423 1013 Domino
1486 961 1830 1026 redditurus,
1892 982 2019 1021 cum

440 1053 522 1103 se,
550 1044 841 1111 utpotuit,
865 1044 1266 1115 abscondisset,
1325 1067 1395 1106 ne
1447 1053 1514 1108 ab
1558 1055 1653 1110 illo
1714 1057 2017 1128 videretur,

439 1140 495 1185 et
562 1133 639 1188 ibi
708 1137 1108 1204 permansisset
1182 1150 1296 1196 toto
1366 1153 1614 1216 tempore
1662 1151 2017 1219 precationis,

440 1226 655 1294 stupuit
683 1227 929 1296 quidem,
970 1230 1119 1300 quod
1158 1233 1297 1288 adeo
1325 1237 1585 1294 ardenter
1613 1249 1670 1294 et
1723 1244 2020 1300 vehemen-

446 1323 530 1368 ter
555 1327 701 1371 esset
725 1317 970 1375 intentus
1027 1324 1312 1382 Orationi:
1371 1331 1793 1401 stupuit‘autem
1848 1341 2015 1393 etiam

442 1409 591 1478 quod
659 1427 747 1465 res
801 1412 991 1469 divina
1050 1414 1106 1470 in
1138 1432 1264 1472 eum
1313 1422 1722 1490 ostenderetur,
1780 1432 2016 1499 etquod

440 1514 550 1553 non
611 1502 789 1561 solum
848 1505 1069 1573 spiritu,
1136 1508 1233 1564 sed
1289 1511 1453 1566 etiam
1485 1529 1716 1585 corpore
1767 1519 2018 1576 sublimis

441 1591 511 1646 ab
537 1608 603 1646 eo
634 1605 1047 1662 cerneretur,et
1066 1615 1360 1674 assurgens
1386 1621 1415 1659 a
1438 1610 1604 1662 rebus
1628 1608 2013 1671 terrestribus.

443 1681 559 1737 lloc
597 1700 727 1755 ergo
780 1700 903 1742 cum
960 1693 1307 1761 cognovisset
1368 1694 1458 1751 ille
1527 1698 1742 1767 beatus,
1804 1712 2015 1759 tantum

438 1774 847 1833 abfuituteum
879 1791 1166 1851 propterea
1193 1786 1521 1857 laudaverit,
1576 1801 1635 1847 ut
1686 1810 1810 1849 cum
1846 1797 2013 1852 etiam

439 1867 726 1922 curiosum
762 1871 969 1942 aliquid
1001 1874 1196 1933 fecisse
1220 1880 1293 1933 sit
1322 1866 1652 1952 suspicatus,
1688 1896 1741 1940 et
1779 1890 2021 1957 graviter

441 1957 830 2029 increpavcrit,
887 1966 1125 2023 dicens:
1161 1990 1179 2022 ι
1214 1972 1332 2026 Non
1404 1975 1678 2029 habitabit
1749 1979 1904 2048 juxta
1968 1992 2019 2039 te

441 2050 712 2120 malignus
737 2052 776 2104 ".
810 2073 826 2103 ι
861 2054 936 2109 lta
967 2058 1493 2119 studebatseorsum
1534 2069 1797 2125 invocare
1832 2072 2019 2128 Domi-

437 2154 589 2193 num.
645 2140 906 2208 Qumnuttt
956 2161 1138 2205 autem
1201 2153 1411 2210 fuerint
1466 2157 1726 2231 deinceps
1756 2167 2018 2232 prmclare

436 2228 506 2280 ab
530 2245 595 2284 eo
618 2242 791 2303 gesta,
825 2236 889 2289 ad
921 2254 984 2292 ea
1007 2240 1116 2309 jam
1148 2244 1343 2299 transit
1366 2248 1563 2304 oratio.

508 2322 675 2377 XXV.
742 2327 937 2383 Mul'er
1016 2332 1265 2401 quaedam
1349 2352 1473 2392 cum
1537 2358 1656 2396 eam
1722 2345 1777 2398 in
1826 2346 2014 2401 orbem

439 2409 598 2464 multi
625 2413 1130 2475 circumdedissent
1155 2432 1211 2478 et
1240 2424 1574 2484 invasissent
1629 2433 1928 2502 dmmones,
1963 2449 2019 2493 et

438 2517 558 2555 eam
589 2503 653 2557 ad
678 2507 857 2576 turpia
904 2509 1188 2569 irritarent
1244 2517 1547 2590 desideria,
1603 2512 1726 2581 cum
1778 2532 2017 2588 nesciret

439 2610 673 2660 σμιιιηίιιῖι
724 2598 937 2655 ratione
1001 2604 1201 2661 vitaret
1257 2610 1585 2681 periculum,
1639 2619 1885 2691 confugit
1949 2625 2018 2680 ad

438 2685 811 2756 Joannicium,
842 2694 936 2763 qui
966 2705 1085 2750 erat
1106 2712 1397 2771 promptus
1424 2721 1488 2761 ac
1543 2720 1771 2779 paratus
1802 2716 1869 2770 ad
1897 2733 2017 2775 eam

438 2774 857 2842 defendendam,
920 2792 973 2837 ct
1023 2786 1076 2840 ei
1124 2792 1377 2847 enuntiat
1421 2794 1729 2854 daemonum
1764 2802 2015 2877 insidias,

439 2875 493 2952 et
521 2882 588 2921 eo
629 2868 802 2924 utitur
833 2873 1087 2944 adjutore
1135 2890 1327 2937 contra
1367 2885 1735 2945 adversarios.
1796 2895 1891 2950 llle
1918 2914 2019 2952 au-

442 2944 546 3011 tem
582 2972 837 3028 precatus
863 2975 946 3018 est
974 2966 1263 3024 Dominum
1291 2990 1359 3028 ne
1385 2977 1585 3033 mulier
1637 2984 1872 3053 amplius
1926 3006 2021 3044 ve-

440 3063 666 3105 xaretur
720 3069 750 3106 a
774 3054 1120 3114 daemonibus
1151 3078 1165 3115 :
1198 3062 1403 3119 bellum
1456 3085 1588 3126 vero
1628 3072 1683 3125 in
1711 3089 1769 3128 se
1794 3091 2022 3133 conver-

443 3149 671 3204 teretur,
695 3150 749 3195 et
780 3142 868 3197 illa
894 3140 1223 3203 liberaretur
1262 3151 1330 3204 ab
1358 3154 1528 3210 animi
1577 3161 2016 3227 perturbatione.

438 3229 768 3287 Confldebat
818 3236 965 3290 enhn
996 3252 1053 3292 se
1088 3255 1248 3309 posse
1274 3257 1467 3300 eorum
1521 3251 1797 3309 sustinere
1846 3253 2019 3326 impe-

439 3331 579 3385 tum,
608 3341 735 3385 cum
799 3327 1028 3401 haberet
1057 3346 1250 3388 manus
1282 3335 1471 3393 doctas
1516 3341 1580 3395 ad
1608 3342 1839 3411 bellum,
1871 3357 1928 3403 et
1951 3349 2018 3402 ad

442 3429 640 3469 arcum
662 3432 875 3472 azneum
909 3425 1215 3493 composita
1247 3427 1498 3485 brachia.
1553 3433 1648 3489 llle
1670 3452 1802 3508 ergo
1829 3440 2018 3495 statim

440 3504 662 3573 quidem
687 3510 949 3578 precibus
979 3522 1233 3584 tanquam
1285 3520 1406 3576 telis
1451 3522 1725 3582 daemones
1768 3530 2015 3599 confixit,

442 3610 569 3650 cum
599 3614 702 3652 nec
727 3601 969 3670 primum
1003 3608 1225 3674 quidem
1248 3611 1369 3681 ejus
1401 3611 1665 3683 impetum
1723 3622 2019 3677 sustinuis-

442 3698 589 3744 sent.
625 3689 821 3747 Mulier
858 3706 1042 3750 autem
1068 3698 1171 3753 fuit
1216 3700 1445 3758 liberata
1473 3705 1542 3760 ab
1594 3709 1765 3765 animi
1800 3724 2021 3782 pertur-

441 3776 691 3846 batione,
723 3794 776 3839 et
806 3787 1027 3841 domum
1070 3806 1312 3856 reversa,
1340 3793 1453 3849 Deo
1496 3798 1903 3869 universorum,
1963 3814 2019 3861 et

438 3874 560 3945 ejus
617 3892 776 3931 servo
810 3878 1120 3947 Juannicio,
1174 3895 1453 3955 acceptam
1496 3888 1822 3949 ‘ascribebat
1871 3896 2019 3951 salu-

440 3972 574 4022 tem.

464 4126 471 4131 _
514 4053 705 4113 XXVI.
736 4057 877 4126 Quid
900 4076 1055 4133 ergo,
1108 4065 1202 4134 qui
1263 4068 1445 4123 omnia
1495 4066 1728 4138 audent,
1778 4073 2017 4146 improbi

439 4156 495 4202 et
529 4150 787 4206 malitiosi
814 4153 1129 4210 daemones?
1151 4157 1268 4213 Non
1297 4161 1433 4216 satis
1460 4162 1741 4219 duxerunt
1762 4181 1819 4221 se
1842 4167 2018 4225 fuisse

444 4242 863 4299 semelatl‘ectos
908 4247 1229 4317 ignominia,
1280 4268 1383 4306 nec
1433 4254 1514 4311 eis
1568 4257 1789 4313 suﬂ‘ecit
1847 4261 2016 4316 semel

439 4326 606 4385 fuisse
659 4333 868 4401 victos;
924 4339 1020 4392 sed
1084 4342 1267 4396 missis
1324 4344 1562 4413 insidiis,
1620 4364 1742 4420 quae
1792 4359 2015 4407 structae

438 4420 661 4475 fuerant
695 4424 1058 4494 injfcminam,
1090 4442 1342 4488 sanctum
1374 4439 1792 4507 aggrediuntur,
1818 4453 1872 4498 et
1894 4459 2016 4514 quae

2050 1848 2098 1906 B

2123 594 2375 658 κακεῖνος
2411 595 2610 667 μετιὼν
2661 595 2773 668 βίον
2810 595 2889 670 τῷ
2935 598 3241 674 μακαρίτῃ,
3292 600 3489 673 ἐζήλου
3520 622 3578 656 τε
3634 607 3705 663 τὰ

2121 685 2423 750 αὑτοῦ,καὶ
2452 687 2590 758 πρὸς
2620 687 2852 759 μίμησιν
2876 689 3204 755 διανίστατο,
3255 693 3345 746 καὶ
3394 694 3531 765 ὅπερ
3565 696 3704 751 αὐτὰ

2120 779 2189 834 τὰ
2218 780 2369 851 παρὰ
2418 780 2514 834 τοῦ
2559 781 2718 850 ἁγίου
2766 783 3067 855 τελούμενοι
3098 785 3270 856 θεῷτο
3306 789 3436 859 περὶ
3499 790 3703 855 παντὸς

2123 872 2390 926 ἐποιεῖτο.
2452 871 2852 941 Ἀκολουθὴσας
2873 871 2965 925 οὖν
3016 890 3148 926 ποτε
3182 874 3359 943 αὐτῷ,
3408 874 3510 941 τὰς
3541 878 3705 948 συνὴ-

2121 962 2232 1025 θεις
2262 960 2557 1016 ἀποδοῦναι
2622 962 2873 1032 μέλλοντι
2921 962 3000 1033 τῷ
3046 964 3235 1036 Κυρίῳ
3287 966 3472 1036 εὐχὰς,
3511 969 3702 1022 ἑαυτὸν

2119 1071 2179 1106 τε
2212 1054 2287 1118 ὡς
2309 1055 2438 1124 ἐνῆν
2464 1053 2812 1124 ὑποκρύψας,
2845 1057 2980 1123 ὅπερ
3014 1056 3089 1125 μὴ
3122 1056 3211 1107 ὑπ’
3248 1058 3459 1110 ἐκείνου
3489 1060 3687 1129 ὁρῷτο,

2122 1146 2216 1199 καὶ
2236 1147 2368 1215 παρ’
2386 1146 2515 1216 ὅλην
2545 1146 2693 1217 αύτῷ
2726 1150 3226 1218 προσκαρτερήσας
3255 1149 3351 1211 τὴν
3389 1152 3700 1223 προσευχὴν

2121 1224 2439 1309 κατεπλᾶγη
2480 1238 2579 1308 μὲν
2611 1234 2693 1303 οἷς
2727 1233 2880 1302 οὗτος
2940 1239 3145 1302 ἐποίει,
3180 1240 3400 1311 θερμῶς
3434 1240 3575 1306 ἄγαν
3607 1245 3703 1297 καὶ

2122 1331 2403 1398 περικαῶς
2463 1332 2866 1403 προσκείμενος
2917 1334 2981 1401 τῇ
3044 1333 3612 1406 δεήσει’κατεπλάγη
3644 1338 3703 1391 δὲ

2122 1423 2217 1475 καὶ
2272 1416 2353 1485 οἷς
2382 1422 2442 1475 τὸ
2503 1420 2647 1477 θεῖον
2704 1424 3050 1477 ἐπεδείκνυτο
3084 1426 3165 1488 είς
3192 1425 3375 1491 αὐτὸν,
3427 1428 3521 1482 καὶ
3556 1430 3704 1494 ὅπως

2121 1512 2182 1565 οὐ
2218 1513 2491 1583 πνεύματι
2551 1516 2733 1586 μόνον,
2795 1516 2930 1571 ἀλλὰ
2996 1516 3089 1569 καὶ
3150 1516 3365 1587 σώματι
3427 1519 3703 1590 μετέωρος

2122 1605 2269 1675 αὐτῷ
2304 1605 2522 1676 ἐθεάθη,
2552 1607 2645 1660 καὶ
2671 1608 2780 1661 τῶν
2810 1609 3013 1677 γηΐνων
3044 1609 3509 1678 ἀπανιστάμενος.
3532 1611 3705 1666 Τοῦτο

2122 1695 2300 1750 τοίνυν
2330 1700 2357 1752 ὁ
2389 1700 2661 1769 μακάριος
2712 1700 2896 1768 γνοὺς,
2928 1700 3177 1754 τοσοῦτον
3205 1701 3390 1772 ἐδέησε
3419 1702 3510 1755 τὸν
3538 1703 3707 1773 ἄνδρα

2123 1784 2219 1838 τοῦ
2273 1788 2597 1859 πράγματος
2645 1791 2956 1856 ἐπαινέσαι,
3015 1792 3127 1862 ὅσῳ
3153 1794 3247 1847 καὶ
3300 1793 3593 1864 περίεργόν
3649 1809 3706 1848 τι

2128 1879 2301 1931 ποιεῖν
2364 1879 2629 1945 ὑπέλαϐε,
2662 1883 2755 1934 καὶ
2786 1881 3000 1951 βαρέως
3047 1882 3195 1954 αὐτῷ
3229 1886 3586 1955 ἐπετίμησεν,
3625 1884 3702 1938 Οὐ

2123 1973 2450 2042 παροικήσει
2503 1989 2583 2026 σοι
2617 1976 3072 2045 πονηρευόμενος,
3119 1976 3313 2031 εἰπών.
3347 1975 3504 2031 Οὕτω
3533 1993 3705 2030 κατα.-

2129 2063 2663 2131 μόναςῗέσπούδαζεν
2689 2067 3071 2122 ἐπικαλεῖσθαι
3095 2068 3186 2121 τόν
3208 2069 3436 2139 Κύριον.
3473 2068 3610 2122 Τίνα
3643 2068 3703 2122 δὲ

2126 2153 2217 2206 καὶ
2252 2153 2320 2205 τὰ
2365 2154 2614 2207 ἐντεῦθεν
2639 2155 2734 2208 τοῦ
2767 2155 2958 2227 ἀνδρὸς
3024 2158 3457 2235 κατορθώματα,
3484 2156 3581 2210 κοιλ⁵
3610 2156 3704 2209 ἐπὶ

2120 2245 2243 2298 τίνα
2265 2245 2333 2299 τὰ
2366 2246 2461 2300 τοῦ
2491 2247 2650 2316 λόγου
2672 2248 2892 2319 ἔρχεται
2918 2251 3247 2320 μεταϐῆναι.

2198 2341 2325 2397 KE’.
2381 2340 2607 2394 Γύναιόν
2629 2360 2681 2396 τι
2732 2342 2921 2414 κύκλῳ
2950 2343 3396 2413 συνεπιθεμένων
3428 2345 3707 2415 δαιμόνων

2125 2433 2356 2498 πολλῶν,
2427 2433 2524 2485 καὶ
2585 2434 2723 2503 πρὸς
2781 2435 3017 2499 ἀτόπους
3064 2434 3442 2505 ἐκμαινόντων
3500 2437 3705 2506 ὁρμὰς,

2123 2524 2246 2578 ἐπεὶ
2306 2525 2407 2578 οὐκ
2471 2521 2618 2595 εἶχεν
2648 2526 2796 2588 ὅπως
2821 2528 2913 2581 τὸν
2965 2527 3210 2583 κίνδυνον
3247 2529 3546 2609 διαδράσει,
3612 2530 3708 2584 ἐπὶ

2119 2618 2212 2671 τὸν
2238 2617 2454 2687 ἕτοιμον
2482 2620 2714 2687 ἀμύνειν
2755 2621 3083 2675 ’Ῐωαννίκιον
3134 2624 3491 2690 καταφεύγει,
3528 2623 3707 2694 τούτῳ

2118 2727 2179 2764 τε
2205 2710 2272 2764 τὰ
2300 2713 2399 2780 τῆς
2441 2710 2550 2763 τῶν
2585 2710 2860 2780 δαιμόνων
2898 2711 3193 2779 ἐπιϐουλῆς
3233 2712 3575 2781 ἐξαγγέλλει,
3609 2715 3709 2776 καὶ

2120 2803 2265 2872 αὑτῷ
2323 2802 2506 2873 βοηθῷ
2566 2804 2766 2873 χρῆται
2789 2804 2933 2857 κατὰ
2965 2804 3071 2858 τῶν
3097 2802 3379 2858 ἐναντίων.
3423 2804 3482 2857 '0
3520 2805 3581 2859 δὲ
3627 2807 3706 2876 τῷ

2124 2895 2315 2965 κυρίῳ
2379 2892 2749 2964 προσηύξατο,
2812 2895 3015 2966 μηκέτι
3047 2895 3146 2963 μὲν
3172 2894 3270 2969 τὴν
3306 2898 3542 2962 γυναῖκα
3598 2897 3704 2953 ὑπὸ

2120 2986 2393 3055 δαιμόνων
2447 2985 2825 3056 ἐνοχληθῆναι,
2882 2987 2972 3038 ἐπ’
3021 2986 3182 3039 αὑτὸν
3215 2986 3270 3043 δὲ
3313 2989 3405 3040 τὸν
3468 2989 3706 3059 πόλεμον

2128 3079 2486 3147 μεταπεσεῖν,
2551 3076 2812 3146 κάκείνην
2866 3076 2961 3130 τοῦ
3031 3078 3241 3142 πάθους
3291 3078 3703 3148 ἀπαλλαγῆναι.

2046 3200 2088 3256 c
2134 3170 2388 3239 Ἐθάρῤει
2419 3169 2530 3238 γὰρ
2547 3168 2644 3241 τὴν
2683 3168 2862 3222 αὐτῶν
2898 3171 3204 3241 προσϐολὴν
3224 3173 3534 3242 ἀνέχεσθαι,
3557 3175 3705 3228 διδα-

2122 3257 2279 3329 χθεὶς
2305 3258 2406 3329 Qui:
2431 3256 2586 3320 Θεοῦ,
2613 3259 2711 3319 τὰς
2742 3259 2927 3328 χεῖρας
2959 3258 3039 3321 είς
3067 3259 3299 3328 πόλεμον
3328 3261 3419 3313 καὶ
3448 3260 3527 3322 είς
3556 3258 3708 3324 τόξον

2124 3324 2356 3420 ξαλκοῦν
2388 3324 2788 3418 συναρμοσθελς
2814 3324 2939 3411 τοὺς
2972 3324 3288 3418 βραχίονας.
3343 3350 3519 3410 Εὐθὺς
3546 3348 3640 3403 οὖν
3674 3351 3703 3402 ό

2127 3440 2228 3509 μὲν
2285 3434 2373 3494 οἶα
2431 3438 2609 3509 βέλεσι
2666 3439 2786 3501 ταῖς
2859 3442 3194 3509 προσευχαῖς
3256 3438 3384 3502 τοὺς
3443 3438 3705 3509 δαίμονας

2123 3535 2505 3599 κατετόξευσε,
2551 3534 2685 3603 μηδὲ
2717 3534 2815 3602 τὴν
2850 3533 3073 3605 πρώτην
3116 3533 3425 3604 προσϐολὴν
3450 3533 3703 3601 ἐνεγκόν-

2123 3644 2223 3691 τας
2247 3644 2261 3658 ο
2299 3628 2331 3696 ἡ
2358 3626 2495 3696 γυνὴ
2534 3627 2590 3680 δὲ
2638 3627 2732 3680 τοῦ
2754 3626 2960 3691 πάθους
2991 3628 3216 3699 ἀφείθη,
3242 3628 3338 3682 καὶ
3361 3627 3703 3697 ἀναστρέψα-

2124 3733 2191 3771 σα
2219 3717 2380 3781 οἴκοι,
2431 3718 2508 3789 τῷ
2572 3720 2662 3772 ἐπὶ
2710 3722 2930 3775 πάντων
2989 3719 3129 3789 Θεῷ,
3174 3720 3268 3773 καὶ
3316 3719 3394 3789 τῷ
3417 3718 3580 3772 αὐτοῦ
3608 3718 3674 3797 βε

2123 3808 2348 3880 ράποντι
2382 3807 2695 3881 ἰωαννικίῳ
2725 3813 2793 3865 τὰ
2833 3812 2929 3883 τῆς
2955 3809 3233 3881 σωτηρίας
3263 3811 3567 3881 ἐπέγραψε.

2191 4075 2339 4146 KQ”.
2374 4076 2440 4130 Τί
2471 4096 2563 4131 ουν
2586 4080 2634 4131 οἱ
2665 4078 2733 4129 τὰ
2788 4076 2966 4131 πάντα
3028 4075 3340 4147 τολμῶντες
3382 4074 3702 4146 κακότεχνοι

2118 4171 2411 4242 δαίμονες;
2468 4171 2583 4224 Οὐκ
2617 4170 2911 4240 ἠγάπησαν
2958 4169 3107 4234 ἅπαξ
3150 4169 3558 4240 αἰσχυνθέντες,
3583 4169 3705 4222 οὐδ’

2119 4264 2213 4315 ἐπὶ
2243 4264 2341 4332 τῆς
2379 4262 2604 4332 πρώτης
2649 4261 2870 4332 ἔμειναν
2899 4262 3069 4332 ἣττης
3096 4276 3109 4291 ’
3146 4261 3262 4314 ἀλλ’
3300 4260 3567 4329 ἀφέμενοι
3605 4263 3703 4331 τῆς

2119 4356 2261 4408 κατὰ
2283 4354 2377 4407 τοῦ
2412 4354 2637 4421 γυναίου
2666 4353 2979 4422 ἐπιϐουλῆς,
3011 4351 3411 4422 προσϐάλλουσι
3436 4351 3517 4419 τῷ
3538 4352 3703 4422 ἁγίῳ,

2120 4446 2216 4498 καὶ
2252 4442 2287 4496 ἃ.
2312 4443 2431 4495 κατ’
2467 4442 2683 4511 ἐκείνης
2723 4442 3052 4503 ἐτέκταινον,
3092 4439 3266 4492 ταῦτα
3296 4439 3386 4493 διὰ
3423 4440 3704 4510 λογισμῶν

437 4515 701 4570 adversus
740 4517 887 4574 illam
915 4521 1277 4589 fabricantur,
1303 4543 1367 4582 ea
1403 4546 1501 4600 per
1562 4539 1753 4603 turpes
1794 4536 2002 4605 cogita-

2119 4536 2336 4589 ἀτόπων
2365 4534 2768 4601 ἀντεπαγαγεῖν
2793 4532 2944 4600 αὐτῷ
2963 4531 3286 4602 ἐπειρῶντο·
3325 4524 3400 4585 ὧν
3429 4531 3491 4596 ἐξ
3521 4533 3696 4602 ἀρχῆς

444 4605 628 4661 tiones
653 4609 703 4661 ei
735 4621 926 4665 contra
962 4613 1169 4671 inferre
1221 4620 1585 4678 conabantur.
1651 4625 1861 4691 Quibus
1892 4642 2017 4682 cum

2119 4626 2395 4696 κυριεύειν
2417 4620 2594 4690 οὗτος,
2627 4624 2688 4678 οὐ
2718 4623 2994 4678 δουλεύειν
3032 4623 3393 4695 μεμαθηκὼς,
3420 4619 3510 4678 οἷα
3534 4642 3702 4680 πανο-

440 4695 488 4750 is
524 4697 592 4751 ab
620 4698 778 4755 initio
808 4701 1105 4770 dominari,
1150 4724 1262 4765 non
1320 4712 1555 4780 servire,
1611 4715 1918 4778 didicisset,
1958 4727 2018 4772 ut

438 4786 534 4855 qui
571 4801 719 4845 esset
789 4797 1039 4865 undique
1098 4801 1347 4857 munitus
1377 4813 1657 4859 armatura
1685 4805 2016 4874 iuvenilium

438 4884 827 4948 certaminum.
855 4901 951 4941 eos
979 4903 1172 4944 rursus
1207 4889 1399 4959 vincit,
1423 4903 1479 4947 et
1509 4907 1700 4949 eorum
1738 4895 2022 4953 machinas

441 4971 509 5026 ad
546 4974 777 5029 nihilum
808 4976 1026 5049 redigit.
1060 4978 1179 5035 Non
1212 4982 1301 5037 hic
1360 4994 1545 5040 autem
1595 4986 1793 5051 solum,
1838 5003 2015 5058 neque

441 5075 671 5135 propter
729 5083 815 5131 ea,
874 5085 997 5138 qua:
1034 5073 1187 5141 prius
1243 5074 1504 5142 diximus,
1537 5075 1786 5133 decertat
1816 5079 2017 5136 adver-

441 5169 537 5211 sus
562 5157 856 5228 malignum
881 5176 1052 5231 genus
1074 5162 1384 5219 daemonum
1408 5183 1422 5232 ;
1448 5167 1541 5221 sed
1568 5168 1733 5223 etiam
1751 5186 2010 5240 puerum,

441 5246 536 5321 qui
572 5248 866 5318 aliquando
922 5252 992 5307 ab
1051 5253 1119 5309 iis
1160 5255 1485 5326 intempesta
1549 5268 1711 5315 nocte
1738 5260 1793 5315 in
1820 5263 2019 5329 monti—

440 5333 546 5409 bus
571 5341 880 5395 nemorosis
917 5351 972 5394 et
1004 5341 1166 5399 inviis
1218 5343 1618 5411 deducebatur,
1685 5361 1742 5404 et
1795 5352 2018 5422 jamjam

440 5441 563 5499 erat
612 5432 682 5487 ab
728 5434 811 5489 eis
864 5451 895 5491 e
930 5439 1231 5509 praecipitio
1282 5441 1686 5509 deturbandus,
1746 5454 2021 5517 apparens

441 5531 667 5576 sanctus
703 5535 843 5594 (erat
866 5530 1039 5596 enim,
1094 5531 1139 5583 si
1176 5531 1261 5583 vel
1298 5533 1477 5588 solum
1510 5534 1589 5588 cis
1648 5538 2019 5607 apparuisset,

441 5613 1011 5684 terribilisHiberavit
1055 5622 1123 5677 ab
1161 5622 1396 5690 insidiis,
1446 5634 1501 5680 ct
1532 5626 1761 5683 deduxit
1788 5630 1840 5685 in
1876 5631 2018 5684 riam

447 5711 674 5758 rectam.

523 5823 542 5854 ⁸
580 5824 722 5882 Ρε;ι1.
750 5844 801 5893 V,
841 5830 892 5882 (ἶ.

2117 4719 2249 4789 πλὶᾳ
2312 4720 2700 4787 πεφραγμένος

2781 4717 3187 4789 ἀγωνισμάτων
3245 4719 3537 4784 νεανικῶν,
3597 4717 3702 4771 ἀνὰ

2124 4808 2325 4879 κράτος
2352 4824 2412 4860 τε
2441 4806 2665 4871 τούτους
2696 4808 2794 4863 καὶ
2832 4806 2987 4873 αὖθις
3010 4808 3172 4880 ἧττα,
3208 4813 3305 4863 καὶ
3335 4812 3416 4872 είς
3444 4807 3506 4862 τδ
3533 4807 3701 4878 μηδὲν

2118 4901 2304 4964 αὐτοῖς
2354 4899 2454 4964 τὰς
2500 4899 2752 4971 μηχανὰς
2798 4900 3172 4971 περιίστησιν.
3206 4903 3322 4954 Οὐκ
3370 4899 3609 4954 ἐνταῦθα
3638 4899 3697 4955 δὲ

2116 4994 2297 5063 μόνον,
2327 4993 2450 5046 οὐδὲ
2487 4992 2573 5063 ἐφ’
2595 4987 2676 5057 οἷς
2706 4992 3012 5065 εἰρήκαμεν
3040 4994 3328 5065 πρότερον,
3353 4991 3413 5046 τὸ
3458 4991 3697 5060 πονηρὸν

2113 5082 2224 5138 τῶν
2242 5084 2514 5156 δαιμόνων
2532 5079 2700 5155 φύλον
2715 5084 3103 5150 καταπαλαίει,
3124 5084 3259 5138 ἀλλὰ
3275 5084 3370 5137 καὶ
3388 5083 3550 5140 παῖδά
3568 5099 3696 5136 ποτε

2117 5177 2223 5230 ὑπὸ
2256 5178 2464 5234 τούτων
2522 5179 3007 5252 παροδηγούμενόν
3040 5197 3102 5234 τι
3152 5182 3251 5235 καὶ
3283 5180 3693 5252 παρελκόμενον

2117 5270 2258 5340 ἀωρὶ
2287 5271 2394 5324 τῶν
2416 5271 2627 5327 νυκτῶν
2655 5274 2715 5327 ἐν
2739 5272 2892 5342 ὄρεσι
2937 5271 3234 5328 κατάλσεσι
3263 5272 3356 5325 καὶ
3412 5270 3473 5322 οὐ
3505 5269 3696 5340 ῥᾳδίαν

2120 5360 2303 5432 ἔχουσι
2354 5362 2453 5432 τὴν
2508 5364 2758 5434 πορείαν,
2827 5364 2922 5437 καὶ
2981 5365 3141 5435 μόνον
3168 5364 3228 5417 οὐ
3278 5362 3420 5417 κατὰ
3446 5359 3696 5434 κρημνοῦ

2123 5450 2367 5518 ὠσθῆναι
2406 5452 2670 5516 μέλλοντα
2715 5453 2808 5506 ὑπ’
2845 5452 3023 5507 αὐτῶν
3053 5452 3340 5523 ἐπιφανεὶς
3373 5452 3402 5504 ό
3427 5443 3697 5535 ἅγιος.(ῆν

2119 5544 2227 5612 γὰρ
2261 5545 2355 5597 καὶ
2390 5544 2537 5614 μόνῳ
2592 5543 2672 5614 τῷ
2704 5544 2944 5615 φανῆναι
2999 5544 3238 5616 φοϐερὸς
3265 5541 3519 5612 ἐκείνοις)
3554 5539 3697 5605 ἐξεί-

2120 5634 2243 5685 λετό
2276 5651 2333 5685 τε
2362 5634 2460 5703 τῆς
2522 5634 2838 5705 ἐπιϐουλῆς,
2888 5637 2982 5691 καὶ
3012 5638 3152 5708 πρὸς
3195 5635 3294 5708 τὴν
3327 5631 3547 5688 εὐθεῖαν
3574 5630 3697 5699 tell”

2122 5743 2311 5792 γαγεν.
