4066 6372
273 243 361 307 65

1352 261 1529 322 VlTA
1573 263 1634 323 S.
1679 261 2065 324 JOANN‘ICII
2113 269 2457 334 ABBATIS.
3476 287 3547 350 65

272 354 468 426 χάνιοις
496 350 608 424 εἶχε
646 356 778 428 περὶ
801 357 902 426 τὴν
931 360 1171 434 εὕρεσιν.
1230 362 1364 424 Εἶτα
1395 373 1530 442 πρὸς
1561 374 1659 446 τὴν
1692 375 1859 445 {ﬁtq-

1963 378 2171 446 animo,
2209 383 2356 451 quod
2400 384 2552 456 virga
2592 387 2874 457 periisset,
2921 405 3021 446 nec
3055 393 3175 463 ejus
3200 393 3548 456 invenienda:

279 462 376 499 σιν
405 447 580 516 αὐτῆς
610 450 908 518 ἀπογνοὺς,
945 455 1011 508 τὰ
1070 457 1273 524 γόνατα
1311 462 1558 534 κάμψας,
1586 465 1688 530 τὰς
1743 483 1869 520 συν-

277 537 442 607 ήθεις
487 539 657 609 εὐχὰς
720 543 799 613 τῷ
863 545 1054 617 Κυρίῳ
1117 550 1396 609 ἀπεδίδου.
1461 557 1527 609 Ἦ
1594 557 1652 611 δὲ
1706 559 1869 613 πέλιν

280 629 471 699 ὰέριος
501 625 628 701 ἧκε,
670 634 762 687 καὶ
789 637 857 705 τῇ
892 637 984 690 τοῦ
1023 639 1180 707 ἁγίου
1208 647 1355 715 χειρὶ
1397 649 1671 719 φερομένη
1699 650 1869 704 ὲνετίυ

284 722 411 774 Bero
437 741 455 754 ο
486 725 581 777 καὶ
607 727 637 778 ὁ
670 727 769 796 μὶν
799 729 963 793 εὐθὺς
1007 733 1151 786 κατά
1206 753 1328 789 τινα
1385 738 1612 809 λόχμιον
1669 743 1866 814 ἄντρον

283 813 488 881 εἰσεδυ,
529 814 718 888 ὥσπερ
776 822 900 875 τινὰ
960 823 1119 896 φίλην
1143 828 1321 896 ἐαυτῷ
1375 833 1659 888 κατοικίαν
1693 836 1870 905 ἀρπά-

287 922 392 968 σας
417 923 432 937 ·
473 907 533 959 τὸ
562 907 618 959 δὲ
671 908 782 979 ἄρα
814 911 992 983 βραχύ
1040 933 1101 969 τε
1142 913 1210 988 ἦν
1247 923 1441 992 κομιδῇ
1479 926 1572 976 καὶ
1611 925 1716 978 ὐπδ
1751 928 1867 982 δαι-

287 998 472 1066 μόνων
505 999 718 1070 ᾠκεῖτο,
778 1003 992 1072 οἵτινες,
1038 1007 1114 1072 ὼς
1157 1005 1298 1064 εἶδον
1322 1013 1414 1066 τὸν
1448 1016 1602 1084 ἅγιον
1651 1019 1868 1089 ἀοράτῳ

282 1087 517 1156 δυνάμει
565 1092 672 1143 τινὶ
737 1093 1170 1166 δυναμούμενον,
1243 1104 1501 1158 καὶκατὰ
1547 1107 1758 1161 Παῦλον
1809 1111 1867 1164 ἐν

286 1181 477 1250 ἡμέρᾳ
510 1185 727 1253 πονηρᾷ
754 1184 1106 1258 δικαιοσύνης
1121 1190 1332 1261 Θώρακι
1356 1197 1451 1248 καὶ
1491 1186 1668 1269 θυρεῷ
1693 1217 1866 1255 κατα-

284 1271 645 1340 καυχώμενον
687 1273 941 1341 πίστεως,
991 1279 1099 1349 ὅλῳ
1133 1281 1290 1354 θυμῷ
1333 1286 1726 1358 ἐξεκαύθησαν,
1772 1295 1868 1348 καί

280 1377 336 1413 τι
361 1363 462 1415 καὶ
494 1363 761 1428 παθόντες
792 1367 884 1421 ὑπ’
915 1370 1080 1425 αὐτοῦ
1148 1376 1443 1446 άντιόρὼσί
1465 1398 1516 1433 τι
1568 1384 1660 1435 καὶ
1691 1376 1862 1441 οὗτοι.

295 1453 452 1506 Ἐπεὶ
479 1453 538 1506 δὲ
563 1458 682 1518 ταῖς
706 1459 945 1526 ἀφανέσι
994 1463 1196 1528 πάσαις
1230 1469 1558 1539 προσϐολαῖς
1589 1473 1864 1547 ἀπεκρού-

282 1543 494 1613 σθησαν
565 1548 843 1618 ἰσχυρῶς,
909 1551 1098 1607 τούτου
1151 1566 1690 1634 περιτετειχισμένου
1744 1571 1865 1634 ταῖς

283 1638 640 1705 προσευχαῖς,
695 1640 848 1703 τέλος
910 1642 1020 1697 τῶν
1072 1647 1217 1700 κατά
1245 1653 1347 1720 τῆς
1372 1652 1553 1725 ψυχῆς
1603 1658 1863 1728 ἀφέμενοι

289 1729 552 1823 μηχανῶν
603 1731 930 1799 ἐπετίθεντο,
966 1738 1279 1809 ἐχῖλεύαζον,
1336 1743 1526 1811 ὲϐόων,
1569 1748 1862 1823 ἐπλησσον,

287 1815 541 1888 ἔφευγον,
575 1825 951 1895 καταθαμϐεἶν
987 1832 1396 1901 προσδοκῶντες
1421 1836 1670 1910 ἔϐρυχον,

290 1926 446 1978 χοντο
504 1912 648 1966 κατά
715 1917 1032 1986 πρόσωπον,
1100 1922 1307 1979 κλονεῖν
1349 1927 1566 1983 ἐδόκουν
1611 1933 1671 1986 τὸ
1722 1912 1866 2005 σπήε-

288 2001 464 2059 λαιον.
531 2005 628 2070 Ὠς
671 2007 729 2061 δὲ
761 2011 790 2062 ὁ
861 2011 964 2081 μὲν
1014 2013 1216 2081 φαῦλον
1273 2019 1447 2084 οὐδὲν,
1498 2022 1608 2075 οὐδ’
1669 2001 1865 2092 emt;

287 2095 657 2163 ἐπεδείκνυτο,
713 2100 765 2153 οξ
796 2102 850 2155 δὲ
883 2103 1064 2160 πάντα
1107 2108 1211 2176 τῆς
1243 2110 1458 2167 ἑαυτῶν
1507 2118 1865 2188 κακοτεχνίας

285 2186 479 2240 κάλων
541 2191 883 2260 κινήσαντες,
947 2197 1098 2261 τέλος
1160 2201 1299 2272 πρὸς
1340 2203 1402 2256 τὸ
1459 2186 1741 2274 γενναῖονῃ
1767 2198 1863 2265 τοῦ

286 2279 489 2370 ἀνδρὸς
545 2283 638 2334 καὶ
695 2285 956 2358 σταθερὸν
1017 2292 1407 2365 ἀπειρήκασιν,
1473 2301 1724 2366 ἐλεεινῶς
1785 2308 1865 2370 εἰς

289 2364 460 2464 ἧτταν
481 2374 806 2441 τραπέντες,
837 2379 905 2432 Τί
937 2383 1069 2452 ἡμῖν
1092 2385 1186 2438 καὶ
1209 2364 1328 2454 σοις
1363 2383 1573 2456 ἾΙλθες
1604 2364 1716 2464 πρὺ-
1737 2364 1863 2450 και-ζ

290 2462 386 2554 ροῦ
412 2463 704 2531 βασανίσαι
756 2473 906 2541 ἡμᾶς
931 2489 946 2537 ;
975 2474 1071 2529 καὶ
1129 2470 1274 2531 οὗτοι
1311 2481 1445 2550 πρὸς
1486 2462 1862 2554 αὐτὸν-ἐϐόων,

289 2550 485 2624 ὥσπερ
506 2556 568 2627 δὴ
607 2559 703 2610 καὶ
736 2561 874 2630 πρὸς
901 2563 995 2617 τὸν
1021 2565 1152 2636 ἐμὸν
1187 2568 1396 2639 Ἰησοῦν
1429 2574 1475 2626 οἱ
1514 2573 1609 2642 τὴν
1654 2550 1863 2632 ἐκείνου

287 2646 595 2714 παρουσίαν
629 2648 1019 2720 ὑπομένοντες.
1076 2655 1227 2711 Ἐπεὶ
1283 2659 1340 2712 δὲ
1374 2662 1435 2714 τὸ
1465 2665 1731 2735 σπήλαιον
1771 2669 1865 2722 καὶ

285 2735 510 2801 ἄκοντες
551 2741 955 2812 ἀπελίμπανον,
988 2747 1176 2817 ἕτερον
1195 2752 1296 2804 οὐκ
1321 2749 1470 2824 εἶχον
1505 2757 1707 2827 εὑρεῖν,
1741 2760 1770 2813 ὃ
1809 2778 1862 2816 τι

284 2829 416 2882 ποτε
437 2832 742 2899 οἰκήσουσι.
775 2837 1058 2908 Πανταχοῦ
1101 2845 1211 2913 γάρ
1261 2848 1524 2916 παρεῖναι
1571 2850 1663 2902 τὸν
1706 2850 1862 2920 ἅγιον

288 2921 665 2987 ἐφαντάζοντο
731 2930 1138 2997 μεταδιώκοντα
1192 2937 1287 2990 καὶ
1337 2939 1731 3009 τροπούμενον,
1767 2949 1863 2999 καὶ

1973 468 2139 523 ullam
2163 471 2479 531 inveniebat
2506 477 2794 534 rationem.
2833 480 3039 537 Deinde
3066 500 3194 539 cum
3222 485 3278 541 in
3303 502 3366 542 ea
3399 504 3551 560 quaa-

1970 560 2142 615 renda
2195 562 2582 633 despondisset
2629 570 2896 636 animum,
2936 571 3091 630 ﬂexis
3137 577 3372 645 genibus
3415 594 3550 634 con-

1967 659 2154 706 suetas
2210 668 2403 722 preces
2449 658 2712 715 reddebat
2759 662 3011 719 Domino.
3063 666 3158 722 Illa
3202 677 3383 725 autem
3430 687 3553 725 rur-

1969 755 2066 796 sus
2117 743 2267 798 venit
2325 761 2425 815 per
2484 764 2690 815 aerem,
2743 759 2799 806 et
2849 755 2904 808 in
2955 759 3132 812 sancti
3184 776 3404 816 manum
3445 761 3550 818 iuit

1971 832 2225 902 imposita
2259 851 2274 890 :
2309 848 2366 891 et
2409 837 2498 892 ille
2529 841 2749 909 quidem
2805 844 2990 900 statim
3025 861 3124 915 per
3155 850 3432 917 quoddam
3461 868 3548 905 ar-

1969 925 2190 982 bustum
2224 937 2443 984 antrum
2474 933 2663 998 subiit,
2704 944 2762 989 ut
2796 938 2888 1006 qui
2947 938 3049 992 sibi
3104 941 3380 1008 quoddam
3418 960 3546 1015 gra-

1970 1025 2088 1072 tum
2122 1022 2447 1091 arripuisset
2487 1024 2882 1081 habitaculum.
2923 1029 2982 1082 ld
3012 1039 3198 1085 autem
3226 1043 3346 1087 erat
3374 1034 3542 1092 breve

1966 1111 2359 1176 admodum,et
2388 1115 2739 1172 habitabatur
2768 1134 2796 1172 a
2830 1119 3170 1178 daemonibus
3205 1141 3218 1178 :
3254 1127 3347 1194 qui
3383 1138 3536 1196 post-

1967 1219 2130 1273 quam
2158 1205 2416 1260 viderunt
2453 1218 2701 1262 sanctum
2739 1211 2942 1265 virtute
2974 1215 3235 1278 quadam,
3287 1231 3409 1285 qua!
3442 1220 3546 1273 sub

1967 1307 2247 1366 aspectum
2305 1315 2415 1355 non
2460 1301 2710 1367 cadebat,
2776 1303 3120 1370 roboratum,
3168 1315 3245 1371 et,
3294 1317 3352 1362 ut
3412 1309 3548 1367 dicit

1969 1388 2190 1454 Paulus,
2243 1391 2295 1444 in
2356 1391 2443 1446 die
2505 1392 2647 1448 malo
2711 1393 2936 1448 thorace
3008 1395 3238 1466 iustitia:
3306 1406 3362 1452 et
3417 1399 3544 1454 ﬁdei

1957 1478 2157 1547 clypeo
2230 1479 2553 1548 gloriantem
2596 1483 2663 1547 "',
2728 1482 2950 1540 fuerunt
3019 1483 3099 1538 ira
3175 1487 3399 1542 omnino
3455 1503 3544 1544 ac-

1960 1571 2139 1632 censi,
2175 1580 2229 1624 et
2267 1573 2335 1626 ab
2361 1573 2482 1644 ipso
2509 1575 2712 1645 aliquid
2745 1576 2910 1646 passi,
2949 1578 2999 1632 ei
3029 1594 3249 1650 quoque
3290 1595 3388 1649 par
3420 1580 3539 1650 pari

1899 1663 2231 1763 Breferunt.
2271 1665 2409 1721 Cum
2455 1683 2584 1723 vero
2616 1668 2878 1738 .obscuris
2943 1671 3200 1726 omnibus
3249 1672 3545 1728 insultibus

1967 1754 2196 1810 fuissent
2225 1759 2545 1830 propulsati,
2573 1775 2640 1814 eo
2671 1761 2828 1815 valde
2862 1761 3076 1816 munito
3098 1763 3374 1832 precibus,
3419 1772 3542 1818 tan.

1966 1849 2090 1903 dem
2143 1849 2324 1904 missis
2368 1851 2638 1906 adversus
2681 1852 2920 1906 animam
2984 1853 3492 1910 machinationibus
3519 1897 3533 1916 ,

1966 1950 2150 2010 aperte
2179 1941 2654 2012 aggrediebantur,
2700 1943 3029 2011 irridebant,
3076 1946 3542 2014 vociferabantur,

1966 2032 2282 2100 pulsabant,
2311 2031 2607 2102 fugiebant,
2631 2043 3011 2102 exspectantes
3041 2033 3160 2089 fore
3199 2046 3256 2090 ut
3283 2036 3334 2091 ei
3375 2037 3544 2091 alter.

1967 2130 2092 2176 rent
2121 2134 2390 2178 terrorem
2427 2141 2440 2178 ι
2480 2124 2786 2193 rugiebant,
2837 2127 2889 2180 in
2943 2125 3139 2181 faciem
3186 2128 3542 2193 invadebant,

1966 2228 2189 2268 movere
2247 2215 2573 2269 videbantur
2627 2217 2965 2284 speluncam.
3026 2218 3163 2273 Cum
3205 2227 3390 2274 autem
3447 2221 3539 2275 ille

1956 2303 2104 2360 nihil
2159 2305 2530 2370 ostendisset,
2592 2304 2738 2374 quod
2787 2315 2934 2360 esset
2985 2307 3170 2375 pusilli
3229 2317 3286 2362 et
3343 2308 3541 2378 abiecti

1965 2395 2169 2453 animi;
2200 2396 2279 2449 illi
2307 2411 2438 2450 vero
2464 2405 2618 2450 moto
2641 2397 2802 2450 omni
2832 2396 3064 2452 rudente
3096 2413 3209 2453 sua:
3233 2400 3543 2456 calliditatis

1953 2496 2020 2542 et
2049 2487 2288 2550 malitiae,
2317 2495 2597 2558 postremo
2627 2502 2844 2542 omnem
2887 2504 3038 2559 spem
3073 2490 3408 2561 abjecissent
3437 2492 3537 2546 ad-

1964 2593 2158 2633 versus
2191 2580 2325 2631 tanti
2370 2578 2474 2632 viri
2511 2579 2858 2634 virtutcm‘et
2885 2582 3272 2645 constantiam,
3305 2582 3538 2636 misera-

1957 2671 2149 2726 biliter
2183 2671 2310 2725 victi
2359 2681 2416 2726 et
2470 2671 2523 2723 in
2570 2671 2750 2741 fugam
2779 2672 3048 2727 conversi.
3104 2673 3248 2740 Quid
3292 2675 3454 2730 nobis
3480 2687 3536 2731 et

1955 2763 2106 2818 tibi?
2155 2762 2359 2818 Venisti
2391 2763 2457 2816 ad
2509 2777 2611 2816 nos
2654 2764 2994 2831 torquendos
3036 2773 3162 2819 ante
3212 2768 3472 2836 tempus?
3502 2767 3540 2823 ii

1963 2867 2180 2922 quoque
2208 2851 2275 2905 ad
2325 2853 2501 2920 ipsum
2534 2851 2868 2915 clamabant,
2907 2853 3185 2919 quomodo
3213 2857 3377 2910 etiam
3417 2871 3542 2911 meo

1963 2943 2089 2998 Jesu
2125 2944 2184 3008 ii,
2212 2944 2304 3014 qui
2337 2943 2633 3000 adventum
2663 2943 2810 2996 illius
2837 2957 2948 2996 non
2978 2945 3344 3000 sustinebant.
3398 2945 3538 3002 Cum

284 3013 470 3076 αὐτοῖς
518 3015 712 3088 ὥσπερ
765 3023 879 3075 τισὶ
942 3023 1186 3095 καλάμου
1241 3027 1455 3098 θηρίοις
1495 3032 1857 3102 ἐπιτιμῶντα.

1963 3041 2144 3087 autem
2177 3013 2493 3102 speluncam
2525 3031 2609 3085 vel
2649 3032 2803 3086 inviti
2855 3033 3227 3103 reliquissent,
3275 3053 3383 3092 non
3435 3055 3534 3109 po-

285 3104 476 3168 οὕτως
515 3109 650 3161 ἄνευ
685 3111 918 3181 ἀνομίας
951 3116 1165 3186 τρέχων
1189 3119 1474 3190 ηὐθύνετο,
1510 3125 1604 3177 καὶ
1626 3127 1705 3189 είς
1739 3143 1863 3182 συν-

282 3197 513 3269 άντησιν
592 3200 803 3271 ἐχθρῶν
872 3207 1224 3278 ἐγειρόμενος
1284 3211 1417 3264 Θεὸν
1480 3214 1860 3284 προφθάνοντα

284 3284 572 3359 ηὕρισκεν,
612 3292 777 3348 αὐτὸν
819 3295 924 3365 μὲν
977 3299 1116 3352 ἐλέει
1179 3303 1640 3372 περικυκλοῦντα,
1671 3309 1858 3372 κακῶς

285 3379 344 3433 δὲ
373 3381 502 3444 τοὺς
542 3386 752 3448 κακοὺς
801 3387 1162 3446 ἀπολλύοντα.
1205 3391 1379 3463 Ὅσης
1422 3395 1523 3463 μιν
1554 3395 1646 3450 οὐν
1668 3396 1858 3466 ἀηδίας

286 3469 382 3522 καὶ
401 3471 650 3540 ταραχῆς
680 3477 749 3544 τῇ
804 3476 914 3530 τῶν
947 3478 1222 3550 δαιμόνων
1255 3483 1520 3556 φυγαδείςι
1543 3487 1670 3548 τοὺς
1701 3487 1758 3540 ἐν
1780 3487 1857 3558 τῷ

287 3559 404 3629 δρει
429 3561 761 3633 ἀπήλλαξεν,
782 3565 810 3620 ὃ
833 3574 1108 3622 κατοικεῖν
1135 3573 1296 3626 αὐτὸν
1319 3576 1460 3627 κατά
1493 3576 1583 3630 τὸν
1623 3577 1856 3647 Ψαλμῳδ

288 3649 377 3702 δον
423 3651 716 3723 εὐδόκησεν
742 3658 770 3708 δ
799 3656 957 3721 Θεὸς,
1009 3660 1244 3726 ἐκείνοις
1273 3666 1594 3734 κηρύττειν,
1617 3671 1711 3723 καὶ
1749 3664 1860 3724 οἷον

290 3740 616 3812 ἀνάγραπτα
657 3745 726 3797 τά
772 3747 872 3815 τῆς
928 3749 1249 3820 εὐεργεσίας
1309 3758 1484 3808 ποιεῖν
1540 3758 1864 3815 καταλείπο-

295 3848 413 3900 μεν.
471 3833 666 3906 Ἡμεῖς
713 3835 773 3891 δὲ
821 3841 958 3911 πρὸς
1013 3843 1078 3899 τὰ
1123 3844 1250 3916 ἑξῆς
1298 3845 1390 3900 τοῦ
1438 3847 1600 3917 λόγου
1649 3849 1866 3921 spati/tb-

297 3927 455 3994 μεθα.

1957 3131 2143 3178 terant
2187 3123 2432 3178 invenire
2486 3123 2648 3177 aliam
2699 3138 2864 3192 quam
2927 3124 3264 3182 habitarent.
3320 3128 3538 3199 Ubique

1960 3215 2110 3270 enim
2166 3215 2355 3270 adesse
2416 3223 2666 3269 sanctum
2732 3213 2944 3270 visione
2997 3218 3537 3288 apprehendebant,

1961 3316 2380 3376 persequentem
2435 3315 2491 3360 et
2527 3306 2826 3373 Iugantem,
2879 3317 2936 3362 et
2983 3323 3080 3364 eos
3135 3310 3534 3381 increpantem,

1962 3407 2218 3469 tanquam
2256 3399 2399 3453 [eras
2429 3399 2643 3468 aliquas
2691 3399 3001 3456 arundinis.
3057 3400 3148 3460 Sic
3181 3401 3300 3458 sine
3332 3402 3544 3474 iniqui-

1967 3496 2078 3542 tate
2109 3502 2338 3542 currens
2363 3487 2724 3557 dirigebatur,
2756 3496 2813 3543 et
2837 3489 3107 3544 excitatus
3143 3490 3208 3544 ad
3235 3507 3538 3548 occurren-

1963 3577 2094 3631 dum
2151 3577 2424 3640 inimicis,
2480 3576 2796 3632 inveniebat
2851 3576 3022 3634 Deum
3081 3581 3532 3649 praevenientem,

1961 3667 2138 3738 ipsum
2169 3667 2392 3737 quidem
2423 3668 2859 3724 circumdantem
2892 3671 3274 3728 misericordia
3303 3715 3318 3741 ,
3359 3666 3536 3732 malos

1958 3767 2143 3812 autem
2179 3758 2318 3812 male
2345 3759 2689 3828 perdentem.
2716 3761 2782 3815 Et
2818 3776 2849 3816 a
2876 3770 3080 3832 quanta
3121 3765 3347 3833 quidem
3373 3769 3532 3824 turba

1959 3859 2017 3906 et
2046 3849 2317 3916 molestia,
2369 3849 2684 3908 daemonum
2743 3852 2868 3924 fuga
2912 3854 3233 3911 liberaverit
3279 3870 3397 3918 eos,
3437 3857 3531 3926 qui

1964 3949 2123 3996 erant
2157 3941 2212 3994 in
2254 3951 2460 4008 monte,
2494 3943 2550 3997 in
2583 3959 2692 4013 quo
2721 3944 2998 4010 habitare,
3028 3956 3090 4001 ut
3125 3947 3258 4001 dicit
3289 3946 3538 4002 Psalmo-

293 4026 552 4091 graphus,
585 4026 690 4096 ipsi
740 4027 852 4083 Deo
884 4031 1236 4101 complacuit,
1285 4034 1392 4090 illis
1422 4036 1776 4093 scribendum
1838 4045 1893 4094 et
1933 4036 2264 4094 beneﬁcium
2299 4035 2504 4094 litteris
2571 4036 2942 4094 mandandum
2983 4039 3373 4108 relinquamus.
3423 4040 3536 4095 Nos

296 4123 477 4169 autem
545 4130 936 4176 convertamur
988 4123 1061 4176 ad
1130 4141 1236 4189 ea,
1288 4141 1410 4195 qua:
1459 4126 1720 4198 deinceps
1785 4139 2114 4198 sequuntur.

362 4210 498 4262 ΔΚ.
561 4209 772 4264 Ἐνόσει
804 4216 901 4281 μέν
932 4231 1036 4268 τινι
1080 4215 1186 4268 τῶν
1221 4217 1602 4287 συγκλητικῶν
1638 4219 1736 4290 μία
1759 4220 1863 4272 τῶν

2040 4216 2234 4272 XXXI.
2274 4217 2501 4274 Cuidatn
2549 4217 2788 4273 senatori
2839 4217 3141 4287 aegrotabat
3181 4233 3287 4273 una
3318 4233 3385 4274 ex
3423 4219 3538 4284 suis

296 4299 636 4370 ιυτατέρων,
696 4306 792 4355 καὶ
818 4305 886 4356 τὰ
923 4306 1056 4376 μέλη
1098 4309 1350 4377 παρεῖτο,
1388 4309 1622 4379 εὐσεϐής
1649 4309 1864 4368 τεοῦσα

299 4393 384 4445 καὶ
405 4394 474 4446 τά
508 4394 860 4463 Χριστιανῶν
897 4397 1298 4466 πρεσϐεύουσα.
1342 4398 1404 4452 '0
1431 4397 1478 4451 δ’
1536 4399 1626 4451 ἐπ’
1657 4400 1861 4470 ἀδελφῇ

295 4484 369 4553 τῷ
421 4485 564 4554 ἁγίῳ
618 4485 869 4556 γαμϐρὸς
906 4487 1090 4550 δεινῶς
1148 4491 1291 4542 κατὰ
1342 4489 1450 4542 τῶν
1480 4489 1577 4544 τοῦ
1621 4490 1861 4560 Χριστοῦ

295 4578 516 4630 εἰκόνων
558 4577 764 4630 ἐλύσσα
790 4596 848 4630 τε
892 4580 986 4632 καὶ
1049 4581 1294 4650 ἐφέρετο.
1329 4581 1544 4644 Φθάσας
1579 4580 1673 4634 οὐν
1702 4583 1730 4634 ὁ
1762 4598 1867 4650 μα-

294 4669 503 4735 κάριος,
537 4669 638 4738 τὴν
669 4669 770 4739 μὲν
818 4671 951 4739 εὐχῇ
984 4672 1077 4724 καὶ
1101 4672 1256 4740 τύπῳ
1298 4671 1537 4741 σταυροῦ
1572 4672 1672 4742 τῆς
1701 4673 1862 4743 χαλε-⁹

295 4761 397 4828 πῆς
450 4760 691 4826 ἐξείλετο
719 4761 901 4828 νόσου,
926 4763 1016 4814 τὸν
1039 4763 1115 4827 δὲ,
1160 4763 1284 4816 ἐπεὶ
1311 4763 1384 4832 μὴ
1409 4762 1618 4816 πείθειν
1667 4759 1777 4827 οἷός
1804 4781 1864 4821 τε

291 4837 359 4918 ἦν
387 4850 660 4902 νουθετῶν
714 4852 816 4920 τῆς
878 4852 1060 4924 δεινῆς
1108 4840 1446 4923 ἀποσχέσθαι
1507 4854 1728 4924 μανίας,
1773 4855 1865 4909 ἐπὶ

290 4944 388 5007 τὴν
416 4942 581 4994 παῖδα
609 4938 734 5013 ἧκε,
795 4945 890 4997 καὶ
942 4942 1264 5013 σπλάγχνων
1322 4944 1644 5014 συγγενείας
1696 4943 1865 5016 ὑπερ·

294 5029 439 5096 ιδὼν,
498 5033 702 5084 οἰκείου
741 5033 798 5085 δὲ
855 5033 945 5087 διὰ
991 5033 1091 5104 τὴν
1143 5034 1428 5087 εὐσέϐειαν
1467 5034 1866 5104 ἐπιλαθόμενος

293 5121 549 5190 αἵματος,
605 5126 772 5194 πηροί
821 5124 995 5196 τούτῳ
1037 5125 1160 5189 τούς
1229 5125 1544 5196 ὀξθαλμοὺς
1574 5125 1644 5181 δι’
1671 5127 1862 5198 εὐχῆς.

294 5213 448 5265 υῦτω
486 5212 647 5284 ζῆλος
709 5215 1024 5279 θεοσεϐείας
1053 5219 1472 5288 κατακαυχᾶται
1503 5220 1599 5273 καὶ
1624 5218 1862 5288 φύσεως,

295 5307 388 5357 καὶ
444 5307 612 5369 πόθος
668 5307 874 5380 ἀληθὴς
956 5309 1094 5378 πρὸς
1160 5309 1295 5364 Θεὸν
1375 5311 1470 5364 καὶ
1535 5314 1864 5382 συγγενικῆς

291 5400 542 5470 ἀνάγκης
598 5401 1083 5472 ἐπικρατέστερος.
1149 5401 1263 5474 Τὴν
1294 5402 1394 5474 μὲν
1421 5403 1553 5475 γὰρ,
1579 5405 1630 5458 εί
1661 5407 1758 5458 καὶ
1790 5402 1866 5474 μὴ

293 5491 434 5544 κατὰ
467 5493 619 5558 γένος
648 5491 798 5563 αὐτῷ
830 5493 1132 5566 προσῆκεν,
1162 5494 1280 5549 ἀλλ’
1301 5495 1384 5550 ὅτι
1421 5496 1491 5551 τὰ
1519 5495 1864 5567 Χριστιανῶν

363 5647 383 5680 ⁷
412 5646 610 5720 Ephes.
646 5661 718 5714 η,
755 5647 840 5720 H,

1966 4310 2205 4376 ﬁliabus,
2263 4310 2620 4378 membraque
2665 4317 2824 4364 erant
2876 4309 2928 4364 ei
2978 4309 3178 4373 soluta,
3233 4325 3358 4366 cum
3389 4325 3538 4390 esset

1968 4401 2076 4471 pia,
2099 4411 2155 4455 et
2183 4401 2546 4456 Christianam
2577 4407 2820 4454 servaret
2850 4399 3192 4470 religionem.
3220 4401 3322 4468 Qui
3348 4414 3532 4458 autem

1966 4492 2139 4546 sancti
2178 4508 2422 4547 sororem
2458 4490 2692 4545 duxerat
2740 4504 2986 4555 uxorem,
3026 4490 3291 4546 adversus
3321 4492 3532 4550 Christi

1966 4584 2230 4654 imagines
2263 4583 2502 4653 graviter
2544 4582 2782 4647 furebat,
2827 4591 2882 4636 et
2914 4583 2972 4637 in
3005 4597 3098 4637 eas
3146 4583 3532 4640 invehebatur.

1963 4673 2247 4728 Accedens
2286 4682 2468 4728 autem
2499 4674 2714 4733 beatus,
2747 4673 2894 4726 illam
2923 4671 3144 4740 quidem
3183 4676 3444 4742 precibus
3480 4686 3537 4731 et

1969 4765 2124 4833 signo
2152 4767 2331 4818 crucis
2360 4779 2390 4818 a
2418 4765 2567 4834 gravi
2618 4766 2808 4818 morbo
2857 4763 3113 4820 liberavit
3148 4782 3162 4816 :
3208 4766 3352 4821 hunc
3383 4783 3536 4832 vero,

1969 4870 2094 4908 cum
2124 4854 2425 4911 admonens
2460 4869 2568 4911 non
2621 4863 2806 4922 posset
2851 4856 3183 4925 persuadere
3215 4863 3274 4911 ut
3307 4872 3336 4908 a
3385 4859 3535 4926 gravi

1971 4945 2063 5003 illa
2100 4944 2400 4998 abstineret
2444 4944 2677 5011 insania,
2711 4946 2944 5001 tradidit
2973 4947 3298 5016 disciplinae,
3334 4957 3392 5002 et
3423 4947 3538 5002 vis~

1967 5051 2154 5092 cerum
2195 5035 2454 5105 despecta
2483 5037 2826 5106 cognatione,
2861 5047 2917 5094 et
2962 5037 3047 5094 sui
3075 5039 3358 5108 sanguinis
3389 5038 3534 5092 obli-

1969 5136 2056 5182 tus
2117 5136 2339 5197 propter
2401 5141 2586 5181 veram
2646 5129 2963 5198 religionem
3001 5168 3015 5192 ,
3078 5129 3339 5198 precibus
3398 5141 3528 5180 eum

1967 5221 2124 5274 orbat
2153 5219 2346 5276 oculis.
2400 5217 2480 5274 lta
2515 5219 2668 5276 zelus
2705 5219 2925 5289 pietatis
2955 5228 3010 5274 et
3058 5219 3175 5273 veri
3221 5219 3317 5273 Dei
3353 5219 3539 5273 cultus

1968 5311 2233 5380 gloriatur
2258 5309 2425 5365 etiam
2457 5319 2646 5365 contra
2680 5310 2851 5379 ipsam
2887 5318 3138 5367 naturam
3173 5327 3189 5364 :
3233 5318 3291 5364 et
3340 5324 3532 5366 verum

1970 5403 2024 5457 in
2061 5403 2230 5458 Deum
2270 5401 2608 5458 desiderium
2653 5410 2738 5456 est
2773 5401 3010 5457 validius
3056 5401 3385 5456 necessitate
3435 5415 3537 5457 co-

1966 5494 2262 5566 gnationis.
2328 5494 2462 5549 Nam
2496 5494 2641 5553 illam
2697 5491 2943 5562 quidem,
2994 5491 3206 5548 etiamsi
3237 5490 3536 5563 generem!
