4060 6374
501 265 571 330 51
1726 253 2011 314 usxsxs
2050 252 2495 313 XCIVEMBER.
3667 262 3739 324 εδ

486 388 631 427 cum.
668 386 778 426 non
828 368 1107 429 attineret,
1165 363 1423 435 quoniam
1476 369 1659 416 tamen
1696 361 2048 415 Christianam

2166 361 2350 431 ἐτίμα,
2381 363 2477 416 τοῦ
2538 360 2743 426 πάθους
2798 356 3093 431 ἀπήλλαξε,
3145 363 3234 416 τὸν
3263 363 3342 431 δὲ,
3381 365 3558 421 καίτοι
3594 385 3742 440 rep.

485 464 815 520 observabat
867 460 1211 529 religionem,
1241 471 1274 511 α
1319 455 1515 510 morbo
1560 453 1860 509 liberavit:
1909 450 2058 505 hunc

486 565 689 615 autem,
738 551 841 605 etsi
906 563 1150 604 sororem
1197 546 1443 601 duxisset
1503 546 1557 600 in
1620 542 2055 607 matrimonium,

483 644 747 714 quoniam
790 657 915 694 cum
967 639 1171 695 divinis
1226 638 1503 708 pugnabat
1546 636 1895 705 imaginibus,
1934 636 2054 687 visu

2163 451 2295 521 ὀρὸν
2353 452 2506 516 ὄντα,
2568 455 2651 507 ὅτι
2688 458 2810 518 ταῖς
2857 455 3031 517 θείαις
3099 456 3305 509 είκόσιν
3368 460 3628 531 ἐμάχετο,
3678 466 3741 519 τὸ

2163 542 2386 612 βλέπειν
2451 544 2728 611 ἀφείλετο,
2775 546 2871 600 καὶ
2925 544 3179 599 παιδείαν
3202 546 3348 617 ἐχειν
3382 550 3486 602 τῶν
3516 552 3741 622 ἀφανῶν

2155 633 2449 704 ὀφθαλμῶν
2478 638 2607 700 τοὺς
2647 638 2922 707 φανεροὺς
2971 637 3283 691 ἐδικαίωσε.

484 734 759 806 privavit,
813 742 867 786 et
918 747 1137 801 aequum
1182 729 1417 792 censuit,
1461 739 1522 783 ut
1558 730 1704 785 oculi
1755 725 1851 797 qui
1892 731 2053 780 eram
2093 723 2389 790 manifesti,
2446 726 2845 797 castigarentur
2891 742 2992 798 pro
3052 727 3139 791 iis,
3208 729 3303 798 qui
3363 745 3471 787 non
3552 748 3743 795 cerne-

483 832 685 885 bantur
713 828 912 882 oculis.
946 826 1043 880 llis
1072 841 1171 895 par
1197 835 1276 879 est
1307 825 1444 880 illud
1474 824 1703 879 addere.

550 921 771 975 XXXII.
818 919 956 974 Huic
998 933 1195 987 magno
1229 917 1377 972 Patri
1426 924 1547 972 erat
1574 913 1784 977 studio,
1830 911 1877 966 si
1908 923 2061 981 quos

479 1012 546 1065 ad
574 1028 631 1066 se
668 1008 1272 1071 audiebatascendere,
1307 1023 1340 1062 e
1372 1014 1559 1061 monte
1605 1003 1967 1067 descendere,
2005 1010 2062 1056 et

480 1105 561 1156 eis
604 1102 817 1155 obviam
859 1100 1182 1169 procedere.
1216 1097 1348 1161 gCur
1385 1099 1489 1153 hoc
1521 1097 1771 1153 faciens?
1808 1095 2057 1164 Magnam

479 1197 532 1248 in
584 1208 812 1248 ascensu
875 1206 1130 1246 resecans
1180 1191 1524 1245 vexationem
1574 1203 1789 1252 eorum,
1836 1187 1932 1256 qui
1970 1184 2056 1253 .ad

480 1288 656 1355 ipsum
702 1285 1093 1339 ascendebant.
1129 1283 1226 1338 Est
1272 1283 1420 1337 enim
1454 1297 1616 1351 asper
1649 1290 1707 1336 et
1735 1279 1960 1335 acclivis
1987 1278 2057 1333 ad

480 1391 718 1431 montem
767 1392 1048 1437 ascensus,
1078 1385 1135 1431 et
1160 1388 1265 1429 non
1300 1375 1455 1429 facile
1484 1390 1585 1429 nec
1609 1374 1922 1442 expeditum
1950 1371 2057 1426 iter

479 1470 729 1537 praebens
782 1468 1225 1524 ascendentibus.
1268 1465 1578 1535 Aliquando
1613 1465 1795 1533 itaque
1850 1465 1916 1523 is.
1965 1462 2056 1516 cui

2239 906 2391 962 ΔΒΗ
2423 907 2609 978 Τούτῳ
2659 909 2809 972 ἄξιον
2839 911 3017 964 ἐκεῖνο
3062 912 3406 981 προσθεῖναι.
3443 916 3542 967 Διὰ
3574 935 3742 970 σπου·

2165 1000 2261 1069 δῆς
2300 996 2367 1070 ἦν
2389 999 2468 1070 τῷ
2500 999 2726 1069 μεγάλῳ
2753 1001 2941 1071 τούτῳ
2974 1003 3172 1072 Πατρὶ,
3192 990 3205 1003 ’
3242 1003 3399 1074 εἴπερ
3435 1007 3587 1067 τινὰς
3614 1008 3741 1060 ἐπύ-

2167 1092 2290 1145 θετο
2350 1093 2487 1162 πρὸς
2541 1091 2706 1144 αὑτὸν
2759 1092 3031 1157 ἀνιόντας,
3071 1092 3320 1146 κατιέναι
3348 1111 3405 1148 τε
3455 1096 3548 1148 τοῦ
3576 1097 3737 1165 ὅρους

2167 1184 2263 1236 καὶ
2298 1178 2525 1244 τούτους
2556 1185 2934 1254 προῦπαντᾷν.
2968 1184 3033 1236 Τί
3055 1183 3217 1237 τοῦτο
3252 1187 3458 1253 ποιῶν;
3492 1188 3566 1241 Τὸ
3603 1191 3737 1243 πολὺ

2163 1273 2264 1343 τῆς
2295 1275 2354 1326 ἐν
2380 1275 2445 1342 τῇ
2510 1273 2680 1343 ἀνόδῳ
2742 1274 3117 1345 ταλαιπωρίας
3141 1275 3585 1347 ὑποτεμνόμενος
3627 1280 3738 1332 τῶν

2162 1364 2237 1428 ὡς
2298 1364 2463 1419 αὑτὸν
2517 1366 2798 1421 ἀνιόντων.
2830 1368 3075 1437 Τραχετα
3125 1368 3234 1439 γάρ
3280 1370 3313 1438 ἡ
3351 1373 3486 1438 πρες
3524 1372 3585 1423 τὸ
3611 1371 3738 1443 δρος

2162 1456 2348 1519 ἄνοδος
2418 1459 2511 1510 καὶ
2560 1459 2820 1529 ἀνάντης,
2849 1463 2963 1513 ικαὶ
3015 1461 3090 1532 μὴ
3152 1461 3342 1533 ῥᾳδίαν
3380 1465 3492 1524 τοῖς
3524 1462 3736 1517 ἀνιοῦσι

477 1560 749 1629 obtigerat
783 1559 1149 1613 Chalcedonis
1187 1558 1558 1627 pontiﬁcatus,
1607 1566 1683 1619 et,
1720 1555 1810 1609 cui
1846 1553 2048 1615 Niceat,

2159 1549 2284 1619 μηδ’
2317 1549 2514 1620 εὐχερῆ
2583 1554 2901 1622 παρέχουσα
2950 1553 3049 1622 τὴν
3073 1555 3324 1623 πορείαν.
3372 1554 3512 1609 [lore
3541 1555 3674 1623 γοῦν
3702 1556 3732 1608 ὁ

476 1655 691 1719 Petrus,
743 1666 794 1708 et
859 1654 1202 1713 Theodorus.
1253 1652 1543 1722 praefectus
1593 1650 1827 1719 insignis
1876 1647 2057 1719 gregis

484 1744 688 1807 Studii,
716 1759 839 1798 cum
867 1743 1068 1810 Joseph
1096 1752 1152 1796 et
1173 1742 1455 1798 Clemente
1491 1742 1557 1794 ad
1594 1742 1771 1808 ipsum
1795 1738 2060 1793 ascende-

477 1834 632 1888 bant.
666 1833 782 1888 Hoc
815 1843 996 1887 autem
1047 1848 1172 1886 cum
1209 1814 1559 1900 cognovisset
1584 1839 1831 1891 sanctus,
1864 1827 2058 1881 volens

475 1942 666 1980 eorum
704 1940 952 1994 magnam
987 1925 1171 1978 levare
1214 1924 1314 1979 vim
1369 1922 1695 1982 molestiam,
1729 1920 1797 1975 ad
1837 1934 1933 1974 eos
1964 1919 2059 1973 tle-

2159 1642 2259 1711 τὴν
2311 1643 2632 1714 Καλχηδόνα
2701 1645 2883 1719 λαχὼν
2929 1649 3026 1701 καὶ
3076 1646 3178 1718 τὴν
3223 1648 3461 1702 Νίκαιαν
3507 1649 3739 1718 Πέτρος,

2161 1733 2436 1803 Θεόδωρός
2467 1751 2524 1787 τε
2623 1736 2724 1805 τῆς
2760 1739 3037 1810 ἐπισήμου
3084 1738 3180 1792 τοῦ
3212 1739 3464 1793 Σπουδίου
3498 1740 3738 1812 ποίμνης

2162 1810 2742 1897 ἀφηγούμενος’μετά
2807 1831 3006 1902 Ἰωσὴφ
3065 1833 3165 1885 καὶ
3211 1833 3547 1903 Κλήμεντος,
3596 1810 3736 1904 πρδς

2162 1918 2325 1970 αὑτὸν
2370 1919 2474 1989 τὴν
2529 1920 2716 1974 ἄνοδον
2770 1922 3076 1977 ἐποιοῦντο.
3114 1923 3186 1977 Τὸ
3231 1924 3289 1976 δέ
3327 1925 3403 1987 ὡς
3455 1925 3735 1996 γνώριμον

487 2018 706 2070 scendit
754 2032 784 2070 e
846 2026 1052 2071 monte.
1100 2015 1236 2070 Cum
1285 2031 1415 2069 vero
1469 2013 1709 2068 hominis
1748 2013 1842 2067 Dei
1872 2020 2048 2067 essent

2159 2011 2351 2079 γέγονε
2402 2012 2481 2080 τῷ
2538 2013 2704 2080 ἁγίῳ,
2754 2013 2858 2084 τὴν
2938 2015 3139 2083 πολλὴν
3213 2016 3397 2068 αὐτῶν
3442 2017 3735 2085 ὑποτεμεῖν

474 2120 660 2177 partes
695 2118 750 2162 et
781 2110 962 2163 fauere
996 2124 1084 2171 ea,
1121 2123 1242 2177 qua:
1278 2117 1466 2161 essent
1511 2107 1624 2160 Deo
1656 2115 1831 2175 grata,
1859 2105 1915 2158 in
1943 2119 2048 2158 εον·

2159 2100 2360 2154 ἐθέλων
2397 2101 2798 2171 ταλαιπωρίαν,
2852 2102 3057 2156 ἄνωθεν
3119 2101 3323 2172 μᾶλλον
3350 2102 3515 2165 αὐτὸς
3539 2105 3601 2156 ἐκ
3636 2104 3733 2156 τοῦ

474 2211 657 2262 mone,
682 2216 844 2270 quem
877 2200 944 2254 ad
974 2201 1125 2270 ipsos
1156 2199 1369 2260 habuit,
1405 2199 1666 2253 censebat
1688 2197 2048 2251 humilitatem

2158 2194 2320 2265 ὅρους
2350 2196 2484 2265 πρὸς
2513 2195 2714 2258 αὐτοὺς
2736 2191 3007 2250 κάτεισιν.
3051 2197 3203 2248 Ἐπεὶ
3230 2196 3313 2249 κδὲ
3356 2196 3436 2265 τῷ
3474 2196 3569 2248 τοῦ
3597 2195 3731 2250 Θεοῦ

471 2306 595 2345 esse
637 2291 1027 2359 prxfet‘endatn
1079 2291 1337 2345 omnibus
1380 2288 1698 2343 virtutibus.
1755 2287 2048 2356 Postquam

2159 2285 2432 2355 ἀνθρώπῳ
2458 2287 2554 2341 καὶ
2594 2288 2856 2356 πράττειν
2888 2282 2959 2357 ἦν
2984 2286 3144 2357 ἔργον
3177 2287 3270 2339 καὶ
3304 2287 3484 2354 λέγειν
3508 2287 3574 2340 τά
3603 2287 3733 2357 φίλα

462 2393 657 2437 autem
706 2383 774 2436 ad
832 2381 1019 2443 cibum
1060 2380 1393 2437 sumendum
1442 2380 1555 2449 jam
1610 2380 1978 2434 accessissent
2034 2394 2048 2430 :

2157 2376 2298 2446 Θεῷ,
2321 2377 2381 2429 ἐν
2408 2380 2473 2449 τῇ
2504 2376 2639 2447 πρὸς
2671 2379 2873 2436 αὐτοὺς
2895 2378 3083 2447 ὁμιλίᾳ
3130 2378 3322 2431 πασῶν
3346 2378 3559 2448 ἀρετῶν
3597 2395 3737 2448 προ-

473 2473 555 2527 Ne
584 2472 955 2537 conturberis,
986 2470 1187 2542 inquit,
1215 2471 1381 2526 frater
1409 2470 1635 2540 Joseph,
1661 2470 1755 2525 sed
1785 2471 1860 2525 sis
1894 2484 2048 2540 para-

2158 2468 2431 2537 τιμητὲαν
2469 2463 2614 2522 εἶναι
2649 2468 2749 2540 τὴν
2781 2470 3119 2523 ταπείνωσιν
3151 2470 3517 2533 ἐδικαίου.Ὠς
3550 2470 3607 2523 δέ
3638 2471 3735 2525 καὶ

475 2574 564 2617 tus
590 2563 659 2617 ad
684 2564 913 2618 exitum.
947 2564 1062 2618 Hoc
1093 2563 1316 2633 quidem
1347 2573 1479 2617 tunc
1503 2564 1584 2617 sic
1614 2562 1850 2626 dictum,
1881 2561 2045 2632 quid-

477 2669 603 2710 nam
635 2656 736 2709 sibi
773 2656 934 2710 vellet
973 2654 1335 2709 dubitabatur
1369 2655 1436 2709 ab
1465 2654 1553 2717 iis,
1582 2654 1675 2723 qui
1705 2653 2049 2707 audiverant.

472 2744 611 2800 Cum
642 2757 827 2801 autem
860 2757 981 2814 post
1023 2744 1215 2801 decem
1251 2754 1309 2798 et
1336 2751 1464 2797 octo
1494 2743 1613 2799 dies
1638 2742 1839 2812 Joseph
1871 2757 1903 2796 e
1941 2742 2051 2797 vita

2159 2560 2344 2615 σιτίων
2386 2561 2788 2631 ἂπτοιντοῆδη,
2828 2561 2910 2629 Πή
2937 2559 3245 2631 παραχθῄς,
3278 2557 3397 2613 είπε
3422 2562 3498 2631 τῷ
3521 2561 3734 2633 ἀδελφῷ

2170 2655 2390 2726 Ἰωσὴφ,
2427 2654 2565 2708 ἀλλά
2635 2656 2729 2706 καὶ
2789 2653 2924 2725 πρὸς
2963 2654 3063 2724 τὴν
3112 2654 3293 2719 ἔξοδον
3346 2654 3730 2723 ἐτοιμάσθητι.

2156 2745 2327 2798 Τοῦτο
2359 2745 2461 2814 μὲν
2499 2744 2588 2814 δὴ,
2626 2744 2750 2799 τότε
2789 2743 2934 2797 οὓτω
2959 2744 3170 2814 λεχθὲν,
3199 2746 3227 2796 ὅ
3251 2760 3303 2797 τι
3333 2746 3463 2796 ποτέ
3491 2743 3734 2813 βούλοιτο

470 2837 822 2901 excessisset,
878 2845 1027 2890 recte
1074 2836 1462 2890 intellexerunt
1519 2833 1656 2904 quid
1712 2833 1816 2889 sibi
1861 2834 2048 2897 vellet,

2158 2836 2266 2891 ὑπὸ
2318 2839 2427 2890 τῶν
2483 2838 2838 2892 ἀκουσάντων
2894 2837 3228 2908 διηπορεῖτο.
3290 2838 3447 2889 Ἐπεὶ
3495 2836 3553 2888 δὲ
3591 2839 3733 2906 μετᾶ

468 2928 620 2998 quod
676 2942 904 2999 magnus
929 2928 1163 2982 dixerat.
1202 2928 1434 2983 Divinus
1459 2942 1593 2996 ergo
1631 2927 1723 2981 hic
1774 2927 1937 2981 Pater
1972 2925 2053 2980 sic

372 3065 377 3068 .
471 3032 532 3073 se
565 3017 826 3083 habebat,
861 3029 920 3072 et
960 3027 1169 3073 tantam
1198 3018 1426 3089 gerebat
1453 3032 1645 3072 curam
1670 3016 1909 3071 fratrum
1944 3017 2050 3071 uti-

472 3111 675 3177 litatis,
727 3120 790 3165 ut
833 3111 1020 3166 omnia
1072 3112 1125 3165 ci
1178 3126 1347 3181 parva
1384 3110 1709 3165 viderentur
1740 3118 1807 3179 ,et
1852 3108 2053 3162 nullius

472 3204 657 3272 pretii,
686 3204 791 3259 nisi
822 3202 988 3257 etiam
1017 3219 1170 3258 suam
1201 3203 1438 3256 animam
1486 3210 1714 3271 poneret
1742 3216 1841 3269 pro
1873 3201 2053 3255 fratri-

475 3297 631 3348 bus:
685 3297 892 3349 in-hoc
938 3312 1161 3366 quoque
1216 3313 1397 3351 meum
1454 3298 1676 3351 imitans
1728 3297 2047 3362 Dominum,

471 3386 587 3455 qui,
607 3398 730 3441 cum
757 3394 903 3441 esset
930 3398 1137 3456 pastor,
1162 3398 1220 3443 et
1242 3405 1351 3443 non
1385 3387 1786 3451 mercenarius,
1807 3388 2048 3442 animam

474 3476 715 3546 ponebat
750 3492 849 3546 pro
880 3478 1076 3534 ovibus
1104 3480 1149 3533 ⁸.

544 3760 782 3816 XXXI".
826 3762 945 3817 lam
997 3761 1261 3832 agebatur
1312 3763 1536 3832 quidem
1597 3765 1824 3834 quintus
1869 3780 2047 3821 annus

473 3852 691 3921 imperii
723 3852 1030 3917 Michaelis;
1065 3853 1550 3922 quartusdecimus
1581 3865 1787 3917 autem.
1824 3872 1891 3911 ex
1937 3871 2047 3925 quo

472 3942 693 4014 Bntgari
726 3944 971 3997 fecerant
996 3944 1406 4013 expeditionem
1441 3955 1497 3999 et
1527 3946 1840 4001 decesserat
1881 3947 2048 4002 Nice-

468 4036 715 4107 phorus;
751 4051 782 4089 a
847 4051 958 4105 quo
1007 4046 1255 4106 tempore
1285 4038 1445 4092 multi
1487 4037 1880 4102 Romanorum,
1920 4055 2043 4094 cum

468 4127 644 4197 patria
689 4127 944 4181 libertate
972 4126 1171 4183 amissa
1197 4167 1211 4191 ,
1255 4126 1656 4184 detinebantur
1692 4131 1891 4198 captivi
1929 4145 2047 4184 ma-

2158 2930 2292 2985 δέκα
2326 2930 2423 2984 καὶ
2446 2929 2591 2983 ὀκτὼ
2642 2930 2855 2999 ἡμέρκς
2899 2933 2928 2985 ὁ
2962 2929 3158 2999 Ἰωσὴφ
3191 2930 3281 2982 τὸν
3336 2928 3450 2998 βίον
3471 2930 3734 2995 ἀπέλιπε,

2160 3024 2399 3091 συνῆκαν
2449 3021 2693 3093 άκριὸὦς
2719 3022 2748 3074 ὅ
2781 3039 2835 3074 τι
2882 3021 3015 3074 ποτὲ
3058 3020 3139 3087 τῷ
3178 3020 3402 3090 μεγάλῳ
3451 3021 3511 3073 τὸ
3541 3020 3731 3090 λεχθὲν

2160 3114 2444 3183 ἠϐούλετο.
2480 3114 2541 3166 '0
2574 3112 2674 3182 μὲν
2740 3111 2834 3165 οὖν
2898 3113 3048 3174 θεῖος
3109 3107 3263 3174 οὗτος
3325 3111 3512 3182 Πατὴρ
3554 3112 3730 3174 οὕτως

2156 3205 2292 3279 εἶχε,
2340 3205 2438 3259 καὶ
2495 3204 2736 3275 τοσούτῳ
2796 3205 2895 3274 τῆς
2948 3205 3059 3258 τῶν
3111 3203 3358 3274 ἀδελφῶν
3410 3204 3729 3274 ἐφρόντιζεν

2154 3299 2441 3368 ὠφελείας,
2504 3299 2614 3369 ὅσῳ
2677 3300 2773 3351 καὶ
2822 3299 2930 3352 πᾶν
2986 3299 3184 3368 μικρὸν
3238 3296 3389 3367 αὐτῷ
3425 3298 3595 3349 ἐδόκει
3631 3299 3726 3349 καὶ

2157 3390 2256 3443 τοῦ
2318 3390 2545 3461 μηδενὸς
2612 3390 2788 3455 ἄξιον,
2831 3390 2881 3443 εί
2924 3390 2998 3460 μὴ
3048 3390 3145 3445 καὶ
3190 3389 3291 3459 τὴν
3329 3387 3496 3441 αὑτοῦ
3544 3388 3727 3457 ψυχὴν

2158 3483 2299 3554 ὑπὲρ
2334 3481 2568 3550 ἀδελφοῦ
2625 3480 2909 3551 τιθέμενος
2957 3481 3065 3553 είη,
3099 3480 3193 3533 τὸν
3231 3481 3362 3549 ἐμὸν
3397 3482 3501 3533 κάν
3550 3480 3725 3548 τούτῳ

2154 3576 2433 3645 Δεσπότην
2499 3575 2856 3645 μιμούμενος,
2908 3574 2989 3641 ὃς,
3040 3572 3354 3646 ποιμὴνῶν
3393 3575 3486 3628 καὶ
3517 3575 3578 3627 οὐ
3633 3591 3725 3643 μιν

2156 3668 2384 3731 τίλωτδς,
2436 3666 2605 3720 ἐτίθει
2640 3666 2739 3737 τὴν
2770 3664 2949 3737 ψυχὴν
2991 3667 3132 3739 ὑπὲρ
3167 3668 3473 3737 προϐάτων.

2221 3761 2341 3813 ΛΓ’.
2401 3761 2609 3815 Αὐτίκα
2662 3763 2689 3813 ὁ
2744 3760 2844 3830 μὲν
2900 3761 3123 3833 Μιχαὴλ
3173 3761 3427 3831 πέμπτον
3475 3761 3566 3813 ἐπὶ
3619 3762 3722 3829 τῆς

2166 3853 2454 3924 Ῥωμαίων
2504 3844 2682 3924 ἀρχῆς
2744 3852 2864 3916 ἔτος
2917 3849 3055 3925 ἦγε,
3122 3855 3717 3924 τεσσαρεσκαιδέκατον

2151 3948 2205 4001 δὲ
2238 3948 2346 4002 ἀπὸ
2370 3948 2467 4016 τῆς
2532 3947 2677 4001 κατὰ
2711 3946 3043 4017 Βουλγάρων
3069 3947 3431 4017 ἐκστρατείας
3486 3947 3584 4001 καὶ
3624 3965 3718 4004 τεο

2150 4041 2409 4095 λευτῶντι
2440 4040 2519 4110 τῷ
2545 4040 2594 4093 Ν
2603 4039 2851 4110 ικηφόρῳ
2896 4039 3115 4111 ἠνύετο,
3151 4038 3213 4105 ἐξ
3259 4041 3386 4095 ὅσου
3426 4039 3717 4111 Ῥωμαίων

2154 4134 2353 4187 πολλοὶ
2380 4135 2518 4202 μετά
2545 4132 2648 4201 τῆς
2700 4131 2963 4201 πατρίδος
2998 4133 3093 4183 καὶ
3118 4131 3218 4202 τὴν
3236 4130 3553 4204 ἐλευθερίαν
3582 4133 3720 4187 άειοο

466 4216 635 4271 nibus
686 4216 1067 4285 Bulgarorum.
1108 4216 1271 4271 Venit
1322 4218 1510 4287 itaque
1561 4218 1617 4271 in
1670 4227 1910 4272 mentem
1965 4217 2041 4270 illi

2153 4225 2430 4291 ϐαλόντες,
2452 4223 2792 4295 αἰχμάλωτοι
2826 4223 3151 4293 Βουλγάρων
3196 4224 3352 4294 χερσὶ
3379 4241 3505 4276 κατε
3518 4223 3717 4293 ίχοντο.

466 4307 720 4378 benignae
745 4316 802 4360 et
831 4307 1089 4361 clementi
1112 4308 1332 4372 animas,
1364 4309 1411 4363 si
1451 4325 1563 4380 quo
1594 4310 1758 4365 modo
1780 4325 1877 4364 eos
1917 4326 2044 4379 pos-

468 4408 553 4455 set
591 4399 829 4454 educere
868 4415 898 4453 a
928 4399 1200 4454 laboriosa
1232 4400 1326 4454 illa
1365 4409 1420 4455 et
1449 4402 1646 4455 afﬂicta
1678 4406 1813 4455 vita.
1865 4402 2041 4458 Inter-

469 4504 669 4559 rogans
696 4497 902 4553 autem,
926 4489 1140 4558 accepit
1168 4504 1446 4544 carcerem
1473 4491 1647 4555 illum,
1675 4491 1731 4545 in
1763 4507 1926 4561 quem
1958 4493 2038 4547 illi

466 4584 626 4635 erant
677 4580 938 4649 coniecti,
990 4594 1112 4635 esse
1161 4580 1459 4635 obscurum
1506 4590 1562 4637 et
1604 4582 2038 4649 tenebricosum,

467 4669 606 4722 adeo
631 4679 691 4720 ut
734 4667 816 4721 eis
845 4667 1169 4723 usuveuiret
1195 4682 1338 4738 aegre
1376 4669 1544 4737 ferre,
1580 4671 1725 4742 quod
1772 4687 1882 4727 non
1915 4689 2039 4728 cum

467 4762 643 4833 patria
671 4760 840 4814 vitam
864 4774 1086 4829 quoque
1108 4761 1459 4828 amisissent;
1494 4764 1639 4833 quod
1663 4765 1883 4834 quidem
1910 4779 2038 4819 eum

468 4852 642 4920 magis
673 4850 929 4917 angebat.
965 4850 1105 4904 Huic
1131 4864 1262 4919 ergo
1290 4851 1573 4920 pr0posito
1603 4853 1861 4907 omnibus
1895 4861 2041 4921 post-

467 4942 685 5011 positis,
728 4941 997 5010 relinquit
1027 4943 1248 5010 quidem
1281 4942 1428 4996 illam
1477 4952 1688 5013 gratam
1736 4952 1792 4998 et
1821 4943 2038 4998 solitam

465 5035 685 5089 vivendi
735 5036 1053 5090 rationem:
1110 5046 1167 5089 et
1211 5035 1321 5098 via,
1370 5050 1494 5104 quae
1543 5035 1857 5100 intercedit,
1904 5050 2039 5089 con-

468 5129 636 5193 fecta,
684 5141 794 5181 non
844 5127 1056 5181 curavit
1104 5128 1385 5192 custodes,
1423 5127 1641 5195 quieos
1672 5126 2039 5181 circumside-

468 5221 630 5282 bant;
669 5217 765 5273 sed
817 5233 925 5271 non
959 5218 1110 5273 visus
1143 5218 1209 5272 ad
1258 5232 1355 5272 eos
1404 5217 1691 5282 accedens,
1725 5218 1907 5271 statim
1938 5232 2038 5287 pro

469 5312 727 5364 omnibus
773 5312 948 5379 copiis
980 5325 1113 5364 usus
1144 5319 1228 5364 est
1273 5311 1444 5380 ﬁgura
1472 5309 1673 5373 crucis,
1705 5319 1760 5362 ct
1802 5324 1869 5363 ea
1916 5326 2038 5380 per—

468 5402 659 5455 fractis
693 5403 933 5457 vinculis
964 5413 1019 5457 et
1043 5403 1299 5457 claustris
1330 5411 1634 5471 portarum,
1666 5412 1925 5471 tanquam
1966 5405 2034 5457 ab

470 5489 662 5546 inieris
700 5504 756 5549 et
829 5497 1021 5551 umbra
1067 5496 1262 5551 mortis
1294 5534 1309 5563 ,
1357 5493 1633 5563 quomodo
1685 5508 1838 5548 meus
1876 5494 2037 5550 Jesus

539 5678 560 5709 ⁸
591 5677 747 5731 Juan.
782 5694 837 5742 χ,
874 5679 957 5733 15.
1693 5718 1735 5747 κ

2146 4316 2336 4387 Είσῂει
2360 4317 2653 4388 τοιγαροῦν
2710 4317 2888 4369 ἐννοια
2918 4316 3017 4387 τὴν
3063 4313 3444 4386 φιλάνθρωπον
3494 4315 3713 4384 ἐκείνην

2142 4409 2344 4480 ψυχὴν,
2370 4408 2540 4470 εῐπως
2588 4407 2788 4469 αὐτοὺς
2823 4407 2925 4476 τῆς
2969 4405 3229 4458 ἐπιπόνου
3273 4404 3368 4458 καὶ
3426 4405 3713 4475 μοχθτιρᾶέ

2143 4502 2359 4572 ἐκείνης
2392 4499 2668 4569 διαγωγῆς
2701 4499 3008 4567 ἐξενεγκεῖν
3055 4496 3335 4570 δυνηθείη.
3360 4499 3471 4551 Καὶ
3501 4500 3710 4554 πυνθα-

2143 4593 2367 4661 νόμενος
2420 4589 2692 4660 ἐμάνθανε
2753 4589 2855 4661 τὴν
2933 4589 3161 4659 εἱρκτὴν
3224 4591 3257 4661 ἦ
3316 4591 3444 4654 τοὺς
3509 4591 3710 4662 ἄνδρας

2143 4686 2386 4752 κατεῖχε,
2448 4681 2663 4754 ζοφώδη
2712 4699 2773 4736 τε
2813 4677 2952 4736 εἶναι
2992 4682 3088 4735 καὶ
3140 4682 3436 4754 πνιγηρὰν,
3464 4685 3537 4745 ὡς
3574 4699 3710 4754 συμ-

2142 4775 2316 4829 ϐαίνει
2377 4776 2577 4836 αὐτοὺς
2632 4776 2713 4827 ὅτι
2753 4774 2827 4845 μὴ
2881 4773 3074 4827 θᾶττον
3135 4773 3600 4828 συναποϐάλλουτι
3641 4777 3707 4843 τῇ

2144 4865 2362 4935 πατρίδι
2396 4864 2491 4918 καὶ
2525 4866 2625 4926 τὰς
2655 4864 2832 4935 ψυχὰς
2873 4863 3125 4918 ἀνιᾶσθαι
3154 4882 3168 4898 ·
3200 4865 3228 4917 ὃ
3268 4866 3360 4920 καὶ
3385 4864 3585 4935 μᾶλλον
3614 4869 3708 4918 τιν

2140 4957 2308 5026 ἄνδρα
2359 4957 2719 5024 ὑπέθραττεν.
2785 4956 2960 5018 Εὐθὺς
3007 4950 3101 5008 οὖν
3146 4954 3375 5026 δεύτερα
3403 4960 3577 5011 πάντα
3610 4956 3704 5008 τοῦ

2140 5047 2502 5116 προκειμένου
2550 5045 2752 5101 σκοποῦ
2811 5046 3056 5113 θέμενος,
3087 5047 3408 5101 καταλείπει
3463 5047 3564 5116 μὲν
3609 5048 3705 5116 τὴν

2140 5134 2305 5203 φίλην
2371 5134 2584 5204 ἐκείνην
2638 5133 2733 5184 καὶ
2777 5133 2983 5203 συνήθη
3034 5128 3340 5205 διατριϐὴν,
3383 5136 3596 5204 ἀφειδεῖ
3646 5136 3703 5188 δὲ

2140 5224 2413 5293 σφαλερᾶς
2441 5223 2534 5276 καὶ
2577 5221 2930 5284 κινδυνώδους
2959 5222 3185 5292 πορείας
3214 5227 3307 5276 καὶ
3339 5223 3435 5293 τὴν
3468 5228 3523 5274 ἐν
3551 5226 3703 5294 μέσῳ

2139 5314 2323 5383 τρίϐον
2347 5312 2633 5383 διηνυκὼς,
2679 5314 2787 5365 τῶν
2813 5313 3271 5383 περικαθημένων
3306 5315 3503 5377 αὐτοὺς
3530 5332 3699 5384 φρου-

2142 5407 2253 5474 ρῶν
2306 5407 2407 5455 οὐκ
2471 5405 2810 5473 ἐφρόντισεν,
2865 5402 2983 5456 ἀλλ’
3022 5404 3193 5466 οὕτως
3223 5406 3445 5472 ἀφανῶς
3472 5408 3701 5469 ἐπιστάς

2144 5500 2260 5558 τοῖς
2290 5495 2564 5575 ἁνδοάσιν,
2593 5493 2796 5560 εὐθέως
2832 5495 2954 5549 ἀντὶ
2982 5494 3162 5558 πάστίς
3194 5494 3473 5565 δυνάμεως
3499 5496 3578 5551 τῶ
3606 5497 3698 5550 τοό
