4066 6372
516 302 584 365 71
1748 291 2036 352 MENSIS
2073 289 2516 352 NOVEMBER.
3715 283 3785 351 72

517 406 685 462 Pater
720 402 1036 476 prmdixlsse
1089 414 1200 455 non
1246 397 1419 453 multo
1458 407 1583 471 post
1630 397 1882 454 futurum
1918 399 2100 454 deces-

2206 398 2450 469 φὰμενον
2489 411 2506 428 ⁶
2550 392 2771 464 Ἀδελφὶ
2806 393 3071 465 Εὐθύμιε,
3104 393 3397 464 ἑτοιμάζοι»
3420 410 3434 428 ·
3469 394 3632 469 στελῇ
3680 399 3788 474 γὰρ

518 514 667 561 sum,
696 498 777 552 sic
801 497 1029 550 dicens:
1066 492 1258 548 Frater
1285 489 1564 564 Euthymi,
1597 490 1675 546 sis
1694 499 1948 561 paratus,
1971 505 2101 545 mox

519 592 666 647 enim
686 589 751 643 ad
770 599 1060 656 supernam
1087 582 1460 655 proﬁcisceris
1485 580 2001 653 peregrinationem.
2033 579 2101 636 Et

517 682 598 738 sic
619 679 839 751 quidem
865 676 1003 735 dixit
1035 677 1350 748 Euthymio.
1376 675 1499 746 Ipse
1526 682 1710 729 autem
1733 689 1866 729 cum
1893 673 2101 728 Voluis-

516 781 600 828 set
631 769 843 842 ingredi
868 782 1094 827 antrum
1117 765 1393 838 quoddam
1423 765 1835 828 brevissimum,
1867 774 1923 819 et
1954 762 2100 834 quod

516 865 607 920 vix
630 862 937 920 suiﬁciebat
957 863 1026 917 ad
1058 860 1444 924 habitandum;
1468 858 1663 913 incidit
1683 856 1746 915 in
1772 856 2100 924 daemonem,

518 957 762 1027 quierat
805 954 1084 1026 prioribus
1109 953 1270 1021 longe
1303 949 1645 1008 sceleratior.
1697 949 1778 1003 Ab
1814 947 1909 1001 illo
1954 948 2099 1000 enim

520 1051 781 1120 spelunca
841 1046 1220 1117 appellabatur
1268 1042 1590 1113 Toparcha.
1652 1040 1755 1113 Qui
1811 1055 1935 1093 cum
1989 1052 2099 1099 non

518 1142 689 1196 ferret
712 1139 965 1199 habitare
1012 1153 1136 1195 cum
1192 1136 1503 1198 Joannicio,
1549 1133 1706 1202 niger
1746 1139 1804 1188 et
1836 1128 2100 1187 terribilis

516 1230 753 1288 accessit
791 1229 861 1286 ad
910 1229 1217 1292 Danielem,
1267 1234 1327 1281 ut
1373 1239 1501 1284 eum
1547 1222 1771 1294 quidem
1820 1228 2098 1281 terreret:

516 1324 610 1379 ille
644 1332 830 1378 autem
885 1327 1113 1393 accepto
1182 1333 1403 1392 quoque
1449 1314 1740 1381 Joannicio
1784 1312 2091 1371 recederet.

517 1415 625 1471 Sed
675 1416 735 1480 ii,
773 1422 832 1468 ut
862 1413 958 1484 qui
1004 1411 1109 1467 sibi
1151 1409 1515 1473 confiderent,
1552 1413 1712 1468 erant
1748 1403 2011 1467 interriti,
2044 1411 2102 1456 et

516 1511 666 1566 illius
698 1509 880 1579 fugam
915 1506 1099 1579 potius
1130 1502 1547 1573 exspectabant.
1568 1500 1702 1556 Cum
1724 1513 1856 1569 ergo
1874 1497 2103 1553 vidisset

515 1602 790 1670 malignus
821 1615 918 1656 eos
966 1598 1106 1653 adeo
1145 1596 1316 1651 Iortes
1364 1603 1419 1649 et
1467 1601 1807 1656 constantes,
1855 1587 2101 1644 Dauielis

516 1693 738 1763 quidem
775 1689 1009 1760 pedibus
1040 1683 1497 1745 circumvolutns,
1528 1677 1873 1738 admirabilis
1910 1685 2097 1735 autem

2203 490 2330 545 ὅσον
2357 489 2512 544 οῦπω
2539 488 2641 561 τὴν
2684 488 2821 561 πρὸς
2853 488 2948 542 τὸν
3005 488 3118 543 ἄνω
3146 488 3431 559 Δεσπότην
3453 489 3787 563 ἀποδημίαν.

2205 587 2317 642 Καὶ
2349 583 2428 655 τῷ
2483 583 2747 655 Εὐθυμίῳ
2777 582 2878 654 μὲν
2912 581 3085 646 οὕτως
3111 581 3242 652 ἔφη.
3290 583 3522 655 Ἀντρον
3573 600 3628 637 τι
3660 584 3791 655 βρα-

2204 676 2459 748 χύτατον,
2514 673 2609 729 καὶ
2652 672 2788 747 μηδὲ
2816 672 2954 747 πρὸς
2986 672 3204 749 οίκησιν
3252 670 3442 747 σχεδὸν
3469 669 3681 743 ἀρκοῦν
3709 673 3789 726 0!—

2204 768 2370 839 κῆσαι
2434 767 2815 839 προθυμηθεὶς
2841 808 2857 833 ,
2922 765 3143 837 δαίμονι
3178 766 3237 820 ὲν
3299 764 3452 835 αὐτῴ
3497 765 3634 821 πολὺ
3678 764 3788 818 τῶν

2209 864 2496 936 προτέρων
2532 863 2924 935 περιτυγχάνει
2944 876 2958 893 ·
2996 860 3291 934 Τοπὰρχης
3314 859 3427 932 γὰρ
3456 860 3553 922 ἀπ’
3577 858 3787 913 ἐκείνου

2205 955 2390 1014 καὶτὸ
2451 955 2715 1027 σπήλαιον
2777 953 3045 1011 ἐκαλεῖτο.
3082 953 3182 1016 ⁸ος
3230 951 3356 1012 inet
3389 950 3465 1022 μὴ
3516 952 3786 1011 συνοικεῖν

2202 1047 2367 1119 ἔφερε
2398 1048 2478 1120 τῷ
2521 1046 2863 1115 Ἰωαννικὶῳ,
2892 1043 2971 1114 τῷ
2999 1042 3205 1114 Δανιὴλ
3236 1041 3409 1113 μέλας
3463 1040 3667 1111 ἐπῆλθε
3691 1040 3788 1095 καὶ

2204 1140 2456 1215 φοὸερὸς,
2487 1138 2563 1202 ὣς
2584 1138 2659 1201 ,ἂν
2677 1137 2868 1192 τοῦτον
2916 1135 3015 1206 μὲν
3040 1133 3387 1205 καταπλήξῃ,
3424 1132 3527 1189 ὁδὲ
3559 1131 3661 1193 καὶ
3694 1131 3789 1186 τὶν

2215 1232 2544 1287 ’Ῑωαννίκιον
2623 1226 2957 1300 παραλαϐὼν
2987 1268 3005 1294 ,
3064 1225 3241 1287 ὀπίσω
3299 1224 3468 1283 πάλιν
3520 1224 3785 1296 χωρήσω.

2216 1324 2358 1378 Ἀλλ’
2390 1319 2539 1378 οῦτοι
2587 1323 2845 1393 καθάπερ
2899 1319 3330 1392 ὲπιθαρῤοῦντες
3357 1318 3622 1388 ἀπτόητοι
3642 1312 3790 1389 ἦσαν

2202 1419 2302 1489 τὴν
2335 1418 2547 1472 ἐκείνου
2606 1417 2812 1487 μᾶλλον
2843 1413 3026 1491 φυγὴν
3072 1413 3464 1483 ἀναμένοντες.
3498 1408 3662 1471 ,Ἐπεὶ
3688 1402 3790 1462 οὗν

2202 1511 2510 1581 ἀτρέπτους
2525 1509 2700 1573 οὕτως
2721 1510 2750 1563 ὁ
2774 1507 3012 1578 πονηρὸς
3047 1505 3143 1560 καὶ
3178 1501 3468 1573 γενναίους
3496 1499 3662 1573 ἑώρα,
3691 1497 3789 1557 τοῦ

2206 1603 2307 1675 μὲν
2356 1601 2557 1673 Δανιὴλ
2585 1603 2702 1665 τοῖς
2730 1601 2862 1659 ποσὶ
2909 1596 3301 1668 περιειληθεὶς,
3332 1594 3432 1651 τοῦ
3475 1591 3789 1662 θαυμασίου

2201 1696 2259 1756 δὲ
2301 1694 2634 1755 Ἰωαννικίου
2652 1696 2719 1765 τῇ
2747 1688 3206 1762 πλευρᾷ,πληγὴν
3248 1688 3426 1754 ἐνθεὶς
3455 1684 3791 1759 περιωδυνίᾳ

514 1753 790 1838 τίοιιηηίοἰί
817 1777 977 1836 lateri
1015 1776 1169 1846 plaga
1207 1773 1488 1843 imposita,
1520 1770 1571 1825 ei
1605 1767 1828 1840 quidem
1876 1775 2094 1823 tantum

2204 1753 2808 1860 utv‘mpt6met-cbv
2854 1753 3047 1856 ᾇνδρα,
3085 1753 3194 1838 ’,ὲσίι
3237 1753 3643 1846 scroti-ravidi;
3694 1778 3792 1832 επὶ

519 1876 764 1931 dolorem
799 1871 1005 1934 attulit,
1044 1878 1105 1927 ut
1129 1880 1275 1925 esset
1302 1874 1486 1921 mutus
1516 1872 1662 1918 totos
1697 1871 1909 1933 septem
1935 1859 2054 1916 dies
2082 1875 2098 1914 :

518 1969 611 2024 ille
634 1982 767 2024 vero
801 1963 985 2022 statim
1018 1959 1262 2016 evanuit.
1296 1956 1402 2013 Sed
1432 1964 1683 2013 sanetum
1713 1952 1938 2032 quidem
1976 1967 2102 2009 rur-

517 2076 613 2116 sus
646 2057 847 2128 aecipit
878 2071 1036 2114 mons
1062 2050 1413 2113 Triehalicis.

587 2150 852 2213 XXXVII.
888 2148 943 2203 Si
975 2145 1107 2224 quid
1138 2155 1346 2206 autem,
1374 2151 1669 2212 postquam
1690 2137 1840 2199 illinc
1867 2136 2099 2202 abierat.

517 2243 735 2304 molesti
765 2240 977 2315 aliquid
1010 2238 1288 2293 acciderat
1333 2235 1421 2299 iis,
1476 2233 1570 2303 qui
1606 2241 1765 2289 erant
1792 2229 1849 2284 in
1886 2238 2096 2292 monte,

515 2338 573 2394 id
619 2350 815 2394 rursus
859 2343 1037 2391 totum
1088 2329 1158 2387 de
1209 2326 1392 2383 medio
1419 2323 1667 2383 ablatum
1704 2330 1795 2379 est
1834 2321 1957 2392 ejus
2003 2318 2101 2400 ade-

515 2442 709 2486 ventu.
754 2428 822 2483 Et
865 2440 1016 2482 nunc
1037 2422 1263 2495 quidem
1302 2432 1492 2483 eruca,
1544 2430 1667 2487 quae
1700 2420 2098 2472 noeumentum

514 2520 784 2578 ati‘erehat
812 2518 1081 2581 oleribus,
1131 2513 1391 2586 precibus
1437 2519 1494 2566 et
1525 2510 1686 2580 signo
1712 2507 1896 2562 crucis
1940 2504 2098 2574 fuga-

514 2615 681 2671 batur
719 2628 751 2667 a
782 2610 1043 2675 circuitu,
1077 2621 1225 2662 nunc
1272 2616 1455 2659 autem
1484 2602 1554 2658 iis
1580 2600 1676 2673 qui
1707 2601 1840 2656 illuc
1869 2598 2100 2655 accede-

514 2705 671 2768 bant,
699 2718 853 2757 mors
881 2694 1429 2774 praesigniﬁcabatur.
1466 2692 1535 2748 Et
1561 2691 1643 2747 illi
1673 2690 1896 2762 quidem
1931 2689 2098 2746 rebus

514 2799 632 2858 suis
678 2793 1078 2869 providebant,
1124 2799 1181 2847 et
1235 2803 1295 2845 se
1317 2785 1588 2858 parabant
1638 2782 1709 2839 ad
1763 2796 2096 2840 excessum:

514 2889 788 2965 malignus
825 2895 1010 2943 autem
1052 2894 1109 2943 et
1155 2882 1329 2941 hostis
1379 2877 1606 2935 humani
1645 2876 1886 2948 generis,
1934 2875 2101 2946 lupus

514 2992 658 3050 erat,
691 2990 752 3037 ut
784 2979 1010 3044 dicitur,
1060 2975 1269 3037 frustra
1319 2973 1501 3031 hians.
1551 2970 1636 3032 Ita
1679 2971 1848 3025 etiam
1874 2968 2097 3024 cuidam

2201 1881 2345 1943 ἑπτὰ
2358 1881 2486 1946 ὅλας
2508 1880 2723 1952 ἡμέρας
2751 1879 2971 1948 ἄφωνον
2999 1872 3172 1931 εῖναι·
3197 1876 3226 1929 ὀ
3258 1873 3317 1928 δὲ
3336 1872 3549 1944 ἀφανὴς
3584 1870 3792 1933 αὐτίκα

2201 1971 2436 2041 γίνεται.
2466 1970 2630 2026 Ἀλλὰ
2663 1970 2752 2025 τὸν
2778 1968 2934 2038 ἅγιον
2956 1967 3056 2030 καὶ
3080 1965 3236 2030 αὖθις
3258 1965 3321 2025 τὸ
3342 1962 3435 2027 τοῦ
3456 1962 3793 2039 Τριχὰλικος

2200 2066 2327 2138 ὅρος
2351 2064 2642 2134 λαμϐάνει.

2272 2152 2396 2211 AZ'.
2430 2154 2494 2210 Εί
2526 2153 2585 2208 δέ
2610 2169 2665 2207 τι
2691 2151 2832 2222 μετὰ
2862 2150 2963 2223 τὴν
3004 2148 3219 2211 ἐκεῖθεν
3257 2150 3356 2205 τοῦ
3423 2150 3618 2223 ἀνδρὸς
3646 2150 3792 2206 ἀπο·

2199 2249 2264 2320 δη
2273 2250 2404 2319 μίαν
2456 2250 2568 2312 τοῖς
2600 2248 2660 2301 ὲν
2687 2245 2767 2317 τῷ
2793 2245 3178 2318 δρειλυπηρδν
3217 2246 3455 2314 ἐγένετο.
3480 2245 3644 2299 τοῦτο
3667 2244 3785 2301 πᾶν

2200 2341 2264 2396 ἐκ
2292 2340 2388 2395 τοῦ
2448 2340 2613 2409 μέσου
2670 2340 2839 2411 ἧρετο
2885 2342 2951 2408 τῇ
2996 2337 3262 2410 επιδημίᾳ
3300 2338 3488 2394 πάλιν.
3534 2337 3645 2391 Καὶ
3690 2335 3794 2391 νῦν

2202 2432 2305 2503 μὲν
2349 2431 2546 2501 κάμπη
2573 2432 2685 2494 τοῖς
2716 2429 2970 2507 λαχάνοις
3010 2429 3495 2500 διαλυμαινομένη.
3524 2429 3656 2499 εὐχῇ
3690 2429 3797 2483 καὶ

2202 2524 2416 2595 σημείῳ
2466 2524 2704 2593 σταυροῦ
2757 2524 2868 2591 τῶν
2926 2525 3237 2597 περιϐόλων
3283 2524 3654 2578 ἀπεδιώκετο·
3690 2520 3795 2577 νῦν

2199 2617 2259 2673 δὲ
2309 2621 2424 2681 τοῖς
2471 2619 2587 2672 ἐκεῖ
2631 2617 3077 2689 παραὸάλλουσιν
3121 2620 3156 2690 ἡ
3220 2617 3446 2690 τελευτὴ
3508 2615 3792 2688 ἐδηλοῦτο.

2200 2708 2316 2764 Καὶ
2349 2709 2400 2763 oi
2441 2710 2539 2780 μὲν
2585 2707 2654 2762 τὰ
2707 2711 2826 2763 κατ’
2889 2709 3090 2769 αὐτοὺς
3112 2708 3174 2764 εῦ
3223 2710 3463 2764 ἐτίθεντο
3524 2708 3795 2780 καὶπρὸς

2199 2797 2299 2868 τὴν
2374 2798 2643 2868 ἐκδημίαν
2692 2800 3209 2870 παρεσκευάζοντο·
3264 2804 3295 2856 ὁ
3329 2800 3386 2855 δὲ
3430 2802 3666 2874 πονηρὸς
3693 2804 3796 2859 καὶ

2198 2890 2279 2960 τῷ
2305 2890 2417 2945 τῶν
2462 2888 2768 2960 ἀνθρώπων
2827 2891 2975 2959 γένει
3000 2892 3259 2962 πολέμιος
3292 2894 3455 2958 λύκος
3481 2890 3571 2966 ἦν,
3602 2893 3667 2947 τὺ
3691 2893 3794 2950 τοῦ

2199 2983 2384 3053 λόγου,
2416 2984 2597 3052 μάτην
2617 2983 2824 3055 χανών,
2856 2984 3014 3037 Οῦτω
3036 2985 3130 3045 καί
3164 3002 3272 3049 τινι
3319 2986 3573 3058 Ἰσαακίῳ
3608 2986 3795 3059 ἀνδρὶ,

514 3077 636 3132 viro
692 3073 903 3139 Isacio,
953 3071 1047 3147 qui
1105 3067 1323 3133 textrina:
1375 3063 1711 3125 iuserViebat
1771 3061 2096 3127 monachae,

2206 3074 2518 3149 μοναζούσῃ
2549 3076 2770 3145 γυναικὶ
2800 3076 3258 3148 ὐπηρετοψμένῳ,
3284 3078 3473 3149 ἐπειδὴ
3503 3080 3537 3152 η
3563 3079 3799 3153 τελευτὴ

516 3168 778 3240 quoniam
816 3162 1140 3235 praedictum
1184 3160 1364 3215 fuerat
1406 3173 1437 3211 a
1479 3165 1695 3220 sancto,
1731 3153 1849 3210 fore
1881 3164 1941 3217 ut
1971 3169 2098 3219 mox

517 3260 588 3319 ad
625 3273 754 3321 eum
806 3255 1019 3316 veniret
1046 3252 1171 3311 vitae
1204 3251 1352 3315 linis,
1401 3258 1459 3304 et
1509 3248 1633 3303 ideo
1661 3254 1942 3316 oporteret
1972 3262 2099 3305 eum

517 3368 578 3409 se
607 3363 802 3422 parare
829 3347 898 3401 ad
926 3345 1236 3422 decessum,
1266 3341 1356 3401 ille
1380 3348 1564 3395 autem
1593 3339 1932 3412 negligenter
1952 3340 2101 3394 vive-

516 3420 981 3504 retﬁetremisse,
1010 3420 1212 3492 dcinde
1243 3433 1410 3489 etiam
1440 3446 1636 3487 rursus
1663 3431 1731 3486 ad
1778 3430 1957 3505 ipsum
2002 3428 2100 3493 Dei

519 3535 802 3598 hominem
827 3528 1168 3592 ascendisset
1202 3542 1217 3581 :
1249 3523 1381 3590 Cur,
1413 3523 1616 3594 inquit,
1643 3522 1827 3583 adhuc
1866 3523 2101 3577 inunda-

519 3622 609 3679 nis
636 3629 935 3698 occupatus
955 3614 1445 3680 sollicitudinibus,
1482 3612 1684 3676 nullam
1709 3610 1886 3674 futuri
1911 3627 2100 3674 curam

519 3714 701 3788 geris?
733 3711 841 3771 Sed
882 3711 975 3773 ille
1021 3707 1246 3787 quidem
1277 3707 1478 3778 partim
1506 3720 1539 3765 α
1583 3703 1808 3767 domina
1839 3713 2100 3773 coactus;

522 3803 722 3875 partim
762 3811 950 3863 autem
988 3800 1153 3854 etiam
1204 3811 1301 3856 sua
1350 3804 1543 3869 sponte
1574 3794 1838 3853 inductus
1863 3797 1942 3866 (in
1972 3810 2104 3866 pos-

520 3896 827 3958 sessionum
854 3893 1004 3953 enim
1029 3906 1162 3954 cura
1186 3888 1431 3963 gerenda
1463 3896 1585 3945 erat
1615 3886 1775 3943 valde
1806 3886 2001 3957 utilis),
2033 3884 2102 3945 ad

520 3988 660 4049 nihil
697 3994 782 4048 est
829 3985 1101 4047 excitatus
1141 3997 1355 4044 eorum,
1401 3994 1522 4050 qua:
1568 3977 1876 4049 oportebat,
1920 3992 2104 4048 neque

521 4080 629 4136 sibi
685 4080 937 4141 ultimum
980 4075 1196 4149 paravit
1248 4072 1536 4128 viaticum.
1591 4070 1712 4125 Non
1752 4070 1928 4126 multo
1980 4079 2106 4143 post

521 4183 704 4224 autem
735 4168 961 4224 morbus
982 4179 1037 4221 et
1068 4165 1389 4227 necessitas,
1424 4176 1548 4233 qua:
1567 4176 1693 4218 eum
1724 4162 1947 4223 invasit.
1972 4161 2105 4219 fecit

523 4270 585 4316 ut
616 4262 1065 4316 etmonasticum
1118 4259 1374 4317 indueret
1423 4256 1694 4322 habitum,
1743 4256 1912 4320 etei,
1963 4253 2100 4325 proh

523 4349 716 4405 dolori
756 4358 990 4403 mortem
1021 4347 1205 4407 attulit
1229 4362 1259 4401 e
1286 4345 1537 4417 vestigio.
1576 4348 1682 4401 Sed
1707 4345 1855 4416 quod
1903 4344 2105 4400 attinet

2199 3169 2354 3242 ἥξειν
2384 3169 2534 3240 αὐτῷ
2563 3170 2688 3222 ὅσον
2716 3169 2928 3223 οὐδέπω
2977 3169 3086 3223 ὐπὸ
3126 3170 3222 3234 τοῦ
3248 3170 3406 3238 ἁγίου
3469 3173 3795 3246 προείρητο,

2200 3261 2499 3321 κάντεῦθεν
2521 3262 2645 3316 δέον
2694 3260 2833 3331 πρὸς
2857 3261 2958 3326 τὴν
2998 3261 3270 3332 ἐκδημίαν
3329 3263 3792 3334 εὐτρεπίζεσθαι,

2199 3353 2229 3407 ὁ
2274 3352 2332 3407 δὲ
2368 3351 2588 3421 ἀμελῶς
2622 3352 2719 3423 ἔζη
2749 3353 2843 3406 καὶ
2875 3353 3196 3422 ἀνειμένως,
3223 3349 3345 3418 εἶτα
3394 3357 3489 3409 καὶ
3515 3355 3654 3426 πρὸς
3683 3357 3792 3412 αὐ-

2200 3439 2296 3493 τὸν
2321 3438 2485 3495 πάλιν
2508 3440 2601 3493 τὸν
2648 3439 2743 3494 τοῦ
2766 3439 2904 3500 Θεοῦ
2946 3441 3232 3513 ἄνθρωπον
3262 3443 3608 3515 ἀνεληλύθει,
3666 3444 3797 3502 Ἵνα

2207 3530 2285 3595 τί,
2317 3532 2477 3603 φησι,
2507 3536 2806 3603 κοσμικαῖς
2856 3533 2939 3588 ετι
2991 3536 3274 3607 φροντίσιν
3329 3537 3800 3610 ἑνασχολούμενος

2200 3622 2462 3693 οὐδεμίαν
2529 3625 2623 3688 τοῦ
2697 3626 2984 3697 μέλλοντος
3063 3629 3320 3701 φροντίδα
3366 3634 3587 3699 ποιεῖςς
3637 3633 3799 3688 Ἀλλ’

2203 3709 2413 3774 ἐκεῖνος
2467 3713 2564 3768 καὶ
2628 3712 2773 3776 ἑκὼν
2829 3714 3100 3786 ὑπαχθεὶς
3157 3719 3309 3787 (περὶ
3352 3720 3463 3791 γὰρ
3524 3722 3624 3793 τὴν
3677 3724 3800 3779 τῶν

2205 3803 2503 3875 κτημάτων
2554 3804 2885 3877 ιπιμᾶλειαν
2932 3808 3234 3882 εὔχρηστος
3278 3807 3408 3883 ἦν),
3448 3816 3587 3886 πρὸς
3633 3816 3797 3872 οὐδὶν

2203 3893 2315 3955 τῶν
2362 3895 2595 3951 δεόντων
2651 3897 2935 3967 διανέστη,
2987 3903 3099 3955 οὐδ’
3149 3902 3233 3957 ἔτι
3286 3905 3469 3976 ἑαυτῷ
3515 3908 3797 3979 ἡτοίμασε

2204 3986 2517 4049 τελευταῖον
2548 3990 2788 4062 ἑφόδιον.
2825 3994 2900 4047 Οὐ
2953 3994 3136 4065 πολλῷ
3186 3997 3320 4065 γοῦν
3366 3998 3594 4072 ὕστερον
3632 4002 3799 4066 νόσος

2206 4079 2358 4152 αὐτῷ
2385 4082 2480 4136 καὶ
2507 4083 2725 4156 ἀνάγκη
2751 4084 3092 4144 ἐπιπεσοῦσα
3135 4090 3255 4159 μετ’
3289 4091 3677 4161 ἀμφιάσασθαί
3730 4111 3797 4152 τε

2206 4177 2267 4228 τὸ
2310 4175 2420 4228 τῶν
2469 4177 2721 4247 μοναχῶν
2762 4179 2988 4250 εποίησε
3042 4181 3250 4252 σχῆμα,
3302 4184 3400 4238 καὶ
3447 4184 3700 4250 θάνατον,
3739 4188 3802 4242 al

2212 4281 2304 4337 μοι
2333 4266 2348 4320 l
2378 4267 2694 4331 καταπόδας
2738 4268 3073 4340 ὑπήνεγκεν.
3134 4273 3294 4327 ’Δλλὰ
3342 4272 3405 4326 τὸ
3446 4274 3548 4344 μιν
3575 4276 3672 4329 επὶ
3708 4276 3799 4348 τῷ

2206 4353 2466 4424 Ἰσαακίῳ
2493 4360 2559 4428 τῇ
2595 4358 2815 4430 ἀνάγκη
2844 4359 2914 4417 ἄν
2958 4376 3066 4426 τις,
3093 4361 3156 4414 οὐ
3184 4364 3251 4432 τῇ
3275 4366 3601 4432 προαιρέσει
3624 4365 3800 4436 χάριν

523 4438 747 4514 quidem
799 4440 867 4496 ad
920 4440 1189 4504 lsacium,
1237 4438 1591 4502 necessitati,
1645 4452 1756 4496 non
1807 4436 2100 4506 voluntati,

2208 4445 2414 4516 εἰδείη,
2456 4447 2534 4519 τῷ
2581 4448 2639 4505 δὲ
2684 4450 2909 4520 μεγάλῳ
2954 4450 3128 4521 τούτῳ
3174 4452 3351 4523 Ila-cpt
3403 4455 3682 4528 πατρικὴν
3711 4456 3799 4521 ὡς

524 4535 797 4605 quispiam
831 4533 884 4587 id
925 4540 1213 4601 acceptum
1250 4529 1438 4584 tulerit
1474 4548 1487 4583 :
1530 4528 1661 4585 huic
1690 4537 1875 4583 autem
1904 4543 2102 4598 magno

526 4626 676 4683 Patri
708 4642 835 4686 vere
871 4633 1154 4697 paternam
1188 4621 1507 4691 ascripserit
1535 4619 1912 4685 aﬂ‘cctionem,
1946 4618 2094 4690 quod

525 4719 577 4776 ei
612 4728 843 4774 mortem
870 4716 1221 4787 praedixerat,
1257 4713 1473 4769 etiamsi
1527 4714 1621 4768 ille
1651 4711 1787 4773 nihil
1835 4722 2099 4779 mutatus,

525 4811 582 4869 in
607 4809 779 4882 priori
812 4807 1064 4865 socordia
1103 4808 1174 4867 sit
1203 4813 1480 4865 mortuus.

604 4900 894 4964 XXXVIII.
952 4899 1062 4956 Sed
1119 4899 1266 4961 enim
1334 4897 1467 4953 hinc
1520 4911 1741 4970 quoque
1787 4908 1912 4957 nota
1963 4896 2103 4956 ﬁunt

526 4995 755 5053 omnino
810 5008 898 5058 ea,
939 5007 1063 5064 quae
1113 4992 1300 5067 justus
1358 4990 1597 5054 faciebat
1649 4989 1735 5051 vel
1796 4990 1953 5048 lsacii
2005 4993 2104 5045 do-

526 5086 700 5152 mina,
745 5099 871 5141 cum
914 5093 1060 5143 esset
1092 5096 1148 5139 et
1178 5083 1471 5148 monacha,
1508 5085 1653 5143 sicut
1699 5099 1732 5141 a
1775 5099 1863 5147 me
1890 5084 2103 5140 dictum

523 5187 713 5244 est,et
740 5176 948 5242 vetula,
993 5185 1050 5230 et
1091 5174 1345 5246 praetecta
1390 5176 1710 5235 monasterii
1754 5176 2101 5243 Clubiorum,

525 5270 595 5329 ad
644 5271 824 5340 ipsum
868 5267 1169 5339 aliquando
1192 5267 1784 5330 ascendit'simulcum
1815 5268 1924 5330 alia
1971 5284 2102 5340 pre-

525 5361 759 5417 cationis
780 5357 953 5434 gratia
977 5370 1035 5416 et
1061 5359 1485 5417 benedictionis.
1513 5359 1609 5416 lIle
1636 5371 1844 5426 autem,
1873 5370 2102 5432 accepto

526 5451 749 5517 baculo,
797 5467 963 5524 quem
1016 5461 1193 5506 mater
1245 5467 1413 5507 manu
1469 5451 1707 5516 tenebat.
1763 5452 1995 5513 tradidit
2048 5455 2100 5511 in

528 5557 751 5597 manum
772 5541 917 5599 ﬁliae.
948 5542 1289 5600 Conturbata
1317 5558 1450 5615 ergo
1472 5554 1647 5602 mater
1666 5546 1883 5615 puellae,
1912 5544 2050 5600 dixit
2083 5562 2099 5600 :

526 5633 657 5700 Mihi
679 5674 694 5699 ,
730 5642 903 5704 pater,
959 5635 1131 5708 magis
1159 5636 1525 5695 conveniebat
1565 5636 1814 5701 baculus,
1850 5637 1943 5707 qui
1978 5652 2102 5692 cor-

523 5742 629 5803 pus
645 5740 829 5781 meum
857 5727 1013 5787 fulcit
1033 5743 1096 5784 ac
1121 5729 1361 5786 sustinet
1383 5742 1579 5798 magna
1607 5742 1671 5785 ex
1702 5738 1856 5798 parte
1877 5739 2101 5801 propter

2203 4537 2422 4609 ἀληθῶς
2440 4538 2539 4608 τὴν
2567 4540 2810 4596 διάθεσιν
2836 4541 3158 4611 ὲπιγράφοι,
3183 4542 3267 4596 ὃτι
3294 4542 3363 4597 τὰ
3392 4544 3492 4615 τῆς
3523 4545 3797 4617 τελευτῆς

2207 4636 2361 4706 αὐτῷ
2397 4638 2835 4707 προηγόρευσεν,
2872 4638 2921 4690 εί
2954 4639 3232 4704 κάκεῖνος,
3264 4638 3437 4710 μηδὲν
3463 4658 3516 4695 τι
3551 4641 3800 4711 μεταϐα-

2204 4725 2336 4792 λὼν,
2373 4731 2441 4801 τῇ
2479 4729 2728 4802 προτέρᾳ
2758 4729 3063 4785 ἐναπέθανε
3094 4730 3364 4804 ῥᾳθυμίᾳ,
3612 4734 3619 4739 ³

2276 4908 2411 4969 AH'.
2465 4909 2627 4968 Ἀλλὰ
2672 4911 2780 4983 γὰρ
2826 4910 3082 4969 ἐντεῦθεν
3124 4911 3381 4985 γνώριμα
3430 4913 3650 4978 πάντως
3688 4915 3796 4969 καὶ

2203 5002 2274 5060 τὰ
2319 5003 2583 5077 πάρεργα
2637 5003 2735 5058 τοῦ
2790 5003 3026 5072 δικαίου,
3074 5007 3109 5075 η
3155 5003 3254 5060 τοῦ
3296 5004 3572 5060 Ἰσαακίου
3620 5010 3797 5076 κυρία

2208 5091 2423 5164 μοναχή
2456 5107 2518 5146 τε
2551 5092 2711 5159 οὐσα,
2747 5091 2941 5164 ὥσπερ
2996 5110 3088 5164 μοι
3135 5093 3374 5165 εἴρηται,
3430 5096 3527 5152 καὶ
3557 5095 3794 5165 γηραιὰ,

2206 5185 2303 5240 καὶ
2331 5184 2397 5257 δὴ
2441 5185 2539 5244 καὶ
2577 5185 2679 5254 τῆς
2711 5186 2825 5244 τῶν
2868 5184 3158 5241 Κλαυδίων
3202 5186 3564 5257 ἀφηγουμίνη
3596 5186 3797 5258 μονῆς,

2205 5276 2405 5347 ἀνῆλθὲ
2436 5294 2567 5331 ποτε
2594 5278 2730 5347 παρ’
2760 5276 2925 5333 αὐτὸν
2957 5276 3079 5348 ἅμα
3107 5281 3177 5350 τῇ
3204 5278 3441 5351 θυγατρὶ
3471 5280 3796 5352 προσευχῆς

2205 5368 2369 5441 χάριν
2398 5371 2496 5423 καὶ
2526 5368 2807 5439 εὐλογίας.
2849 5367 2910 5422 '0
2943 5369 3003 5423 δι
3036 5369 3107 5441 ῆν
3156 5372 3191 5440 ἡ
3232 5371 3419 5444 μήτηρ
3452 5371 3596 5427 κατά
3630 5375 3793 5444 χεῖρα

2206 5455 2357 5529 εἶχεν
2415 5461 2725 5532 βακτηρίαν
2781 5460 2965 5515 λαϐὼν
3028 5464 3098 5534 τῇ
3168 5462 3408 5535 θυγατρὶ
3463 5465 3789 5538 ἐνεχείρισε.

2203 5553 2644 5623 Διαταραχθείσα
2713 5552 2808 5608 οὐν
2862 5554 2898 5625 ἡ
2945 5552 3046 5624 τῆς
3093 5554 3284 5619 παιδὸς
3342 5558 3567 5630 μήτηρο
3607 5559 3789 5628 Ἐμοτ,

2204 5645 2383 5716 πάτερ
2405 5684 2420 5708 ,
2450 5648 2483 5717 η
2524 5647 2796 5719 βακτηρία
2828 5646 3031 5717 μᾶλλον
3049 5648 3330 5720 προσῆκεν
3347 5649 3792 5720 ὐποστηρίζουσα

2206 5735 2277 5789 τὰ
2299 5735 2475 5801 πολλὰ
2508 5737 2569 5792 τὸ
2598 5736 2759 5807 σῶμα
2783 5738 2873 5795 διὰ
2906 5740 2967 5794 τὸ
2997 5741 3195 5812 γῆρας.
3241 5739 3301 5795 ὀ
3330 5740 3386 5794 δὶ
3424 5741 3597 5812 μηδὲν
3642 5741 3785 5819 αὐτῇ
