4066 6372
325 310 396 372 73
787 351 792 354 .
1451 300 1626 362 Vt'l’A
1669 301 1730 359 s.
1775 296 2160 358 IOANNlCtl
2203 301 2538 358 tantus.
3495 303 3564 363 τι

327 417 770 492 ἀποκρινάμενος
823 412 984 481 ελως,
1037 411 1184 484 ἔργῳ
1239 411 1299 465 τὸ
1339 411 1534 482 μέλλον
1577 412 1894 482 ἐσήμαινεν.

2006 421 2360 467 senectutem.
2407 412 2500 467 ille
2536 423 2717 467 autem
2756 412 2892 467 nihil
2923 413 3027 482 ipsi
3069 415 3296 470 omnino
3325 428 3558 484 respon-

341 510 537 580 Ὀλίγῳ
569 507 680 579 γὰρ
724 504 954 576 ὕστερον
995 505 1029 576 ﬁ
1063 505 1162 575 μὲν
1187 502 1425 567 ἀπεδίω,
1458 505 1490 573 ἡ
1519 503 1575 556 δὲ
1600 502 1773 572 ἐπέϐη
1794 501 1897 568 τῆς

328 601 421 657 τοῦ
466 597 898 669 φροντιστηρίου
933 593 1298 666 προστασίας.
1353 593 1428 648 Τδ
1460 593 1568 648 ἀπὺ
1615 591 1769 646 τοῦδε
1804 587 1898 645 οὖν

330 696 358 748 ό
386 688 704 763 θαυμαστὸς
737 689 837 760 μὲν
875 679 1034 751 οὗτος
1065 684 1394 748 ’ἰωαννίκιος
1439 684 1576 754 πρὸς
1622 680 1794 762 τραχύ
1839 697 1900 734 τε

330 785 427 838 καὶ
471 783 698 839 ἄναντες
740 780 868 850 ὄρος
901 777 1241 851 μετῴκησεν,
1286 776 1315 830 δ
1361 774 1456 829 τοῦ
1485 775 1737 845 Κόρακος
1767 776 1900 828 ἐκα-

338 877 507 937 λεῖτο,
545 873 640 927 am
691 870 1097 942 προειρημένον
1134 867 1214 939 τῷ
1255 868 1396 937 ἁγίῳ
1432 866 1538 920 ὑπδ
1569 866 1678 920 τῶν
1710 883 1904 921 συντυ-

340 967 540 1036 χόντων
586 959 738 1031 αὑτῷ
782 959 927 1014 κατά
966 959 1067 1030 τὴν
1118 957 1328 1028 ἔρημον
1379 957 1800 1027 μοναχῶν,,καὶ
1839 958 1900 1010 τὸ

342 1053 742 1125 λεϐητωνὰριον
788 1051 1031 1113 δόντων,
1082 1049 1378 1118 ἀφικέσθαι
1427 1051 1558 1102 ποτὲ
1604 1052 1702 1102 καὶ
1749 1049 1903 1119 παρά

335 1150 486 1201 τουτὶ
512 1147 573 1199 τὸ
601 1146 750 1216 δρος.
800 1143 965 1196 Ἀλλά
997 1143 1118 1194 τίνα
1149 1141 1218 1194 τὰ
1253 1141 1344 1194 ὑπ’
1379 1140 1566 1207 αὑτοῦ,
1609 1140 1811 1210 μᾶλλον
1843 1139 1904 1192 δὲ

329 1240 422 1292 τοῦ
445 1236 786 1298 ἐνοικοῦντος
817 1232 971 1304 αὐτῷ
1003 1231 1323 1302 ῐΙνεύματος
1351 1231 1447 1284 καὶ
1474 1232 1532 1284 ἐν
1569 1229 1646 1302 τῷ
1673 1229 1902 1301 τοιούτῳ

323 1329 443 1400 ὃρει
472 1323 814 1394 θαυμαστῶς
830 1321 1302 1392 διαπεπραγμένα
1323 1336 1340 1386 g

400 1521 529 1580 AO'.
577 1518 940 1589 Ἑποίμαινόν
987 1534 1134 1583 τινες
1188 1517 1247 1571 ἐν
1301 1517 1451 1589 αὑτῷ
1488 1517 1763 1591 πρόϐατα,
1807 1514 1903 1570 καί

329 1633 455 1671 τινα
515 1612 723 1667 τούτων
784 1610 1182 1676 ἀπολέσαντες,
1243 1611 1385 1665 κατὰ
1442 1609 1672 1681 ζήτησιν
1724 1607 1903 1662 αὐτῶν

329 1708 426 1762 τοῦ
471 1709 632 1777 δρους
679 1703 936 1774 πανταχῆ
997 1701 1320 1774 περιῄεσαν.
1383 1703 1621 1765 Τούτους
1663 1704 1691 1756 ό
1745 1701 1903 1770 ἅγιος

331 1799 456 1854 οὔτε
501 1799 638 1869 ἀκοῇ
686 1812 822 1849 ποτε
870 1794 1226 1866 παρειλήφει,
1262 1794 1386 1848 οὔτε
1429 1795 1539 1848 ἀπὸ
1576 1795 1675 1864 τῆς
1723 1793 1901 1864 ὅψεως

335 1890 619 1956 ἐγίνωσκε.
656 1883 978 1957 Περιτυχὼν
1017 1883 1109 1938 οῦν
1157 1883 1344 1947 αὐτοῖς
1403 1882 1462 1949 ἐξ
1514 1884 1782 1954 ὀνόματός
1839 1902 1898 1938 τε

333 1982 564 2033 ἕκαστον
587 1977 794 2040 ἐκάλει,
829 1978 926 2029 καὶ
951 1974 1052 2046 τὴν
1079 1975 1198 2028 ὁδὸν
1239 1974 1713 2045 ἁμιριγνοηθεῖσαν
1747 1975 1899 2047 αὑτῷ

336 2070 482 2140 (οὐδὲ
508 2071 619 2140 γὰρ
647 2068 835 2132 ἁπλῶς
864 2065 934 2120 τὰ
976 2067 1158 2121 πάντα
1207 2066 1408 2119 είδέναι
1457 2065 1518 2118 τὸ
1564 2065 1789 2137 Πνεῦμα
1836 2065 1899 2118 τδ

333 2165 494 2234 ἅγιον
520 2160 722 2231 δίδωσι)
779 2159 1057 2216 διδάσκειν
1109 2158 1348 2213 ἐκέλευε.
1390 2159 1498 2211 Καὶ
1541 2157 1590 2210 oi
1630 2157 1728 2228 μὲν
1759 2158 1897 2211 ὑπε-

330 2256 584 2308 δείκνυον
636 2252 729 2323 τὴν
775 2251 897 2305 ὁδόν
933 2267 948 2284 ο
1014 2251 1044 2304 δ
1093 2249 1149 2303 δέ
1196 2250 1359 2320 χάριν
1407 2249 1593 2312 αὐτοῖς
1638 2249 1738 2318 τὴν
1790 2248 1900 2303 τῶν

332 2345 664 2417 θρεμμάτων
712 2343 936 2414 εῦρεσιν
991 2341 1338 2411 ἀντιδίδωσι,
1379 2343 1476 2395 καὶ
1532 2342 1899 2413 προτρέπεται

333 2438 460 2498 τοὺς
493 2437 693 2507 ἀνδρας
723 2436 784 2488 ἐν
813 2438 881 2506 τῇ
910 2435 1107 2506 ἐρήμῳ
1141 2433 1427 2503 γενέσθαι,
1480 2433 1642 2486 κάκεῖ
1671 2433 1740 2486 τὰ
1769 2431 1902 2503 πρό-

327 2530 476 2581 ϐατα
505 2527 782 2597 εὑρήσειν.
830 2526 918 2579 Ἐν
943 2527 1077 2596 αὐτῇ
1108 2525 1285 2577 τοίνυν
1316 2523 1457 2578 κατά
1497 2523 1566 2576 τὰ
1618 2524 1711 2577 ὑπ’
1743 2525 1899 2576 ἐκείο

334 2637 429 2672 νου
455 2618 719 2688 εἰρημένα
766 2616 1073 2686 γενόμενοι,
1125 2615 1584 2684 περιτυγχάνουσι
1614 2613 1903 2684 πλανωμέα

331 2726 445 2772 νοις
477 2711 589 2772 τοῖς
611 2709 928 2779 θρέμμασιν
963 2705 1037 2768 ὦς
1073 2722 1136 2774 γε
1171 2706 1244 2776 μή
1279 2722 1411 2758 ποτε
1449 2705 1858 2776 προσεδόκησαν
1880 2744 1900 2772 ,

337 2807 431 2855 καὶ
458 2801 640 2854 ταῦτα
689 2799 857 2855 πολλὰ
889 2801 1022 2870 περὶ
1053 2798 1152 2867 τὴν
1184 2800 1394 2850 τούτων
1437 2795 1671 2868 ἔρευναν
1711 2797 1905 2867 πρότε-

338 2911 428 2962 ρον
457 2895 754 2962 καμόντες,
795 2895 840 2946 εἰ
869 2893 963 2945 καὶ
1001 2891 1078 2962 μὴ
1113 2892 1359 2960 ἐντυχεῖν
1395 2890 1514 2943 τότε
1548 2889 1732 2951 αὐτοῖς
1775 2890 1898 2941 ἐδυο

331 2986 602 3056 -νήθησαν,
655 2987 819 3039 Ὥστε
870 2984 1033 3055 χάριν
1076 2982 1374 3050 ἐγίνωσκον
1402 2983 1466 3052 τῇ
1499 2981 1628 3051 περὶ
1655 2981 1756 3051 τὴν
1785 2981 1903 3034 ὁδὸν

335 3078 426 3130 τοῦ
469 3075 666 3148 ἀνδρὸς
709 3077 924 3146 ἀγνοίᾳ,
979 3076 1062 3129 ὅτι
1093 3073 1485 3144 συνενεχθῆναι
1511 3072 1662 3146 αὐτῷ
1693 3072 1788 3126 καὶ
1823 3072 1904 3134 είς

334 3166 524 3235 λόγους
551 3169 690 3230 ὅλως
723 3168 903 3221 ἐλθεῖν
933 3167 1270 3238 ἠξιώθησαν.
1313 3165 1450 3218 Οὐδὲ
1490 3163 1598 3232 γὰρ
1638 3149 1811 3218 αὑτὸν
1853 3163 1902 3215 οἱ

337 3255 836 3325 περιτυγχάνοντες
856 3255 1073 3328 ἐώρων,
1106 3256 1160 3308 εἴ
1183 3272 1246 3324 γε
1277 3255 1354 3325 μὴ
1382 3255 1590 3316 ἐκεῖνος
1617 3252 1900 3322 ἠϐούλετο,

337 3351 433 3403 καὶ
471 3349 562 3402 ῖνα
609 3363 673 3416 γε
723 3346 1108 3411 ταπεινώσεως
1159 3346 1331 3407 τύπος
1391 3343 1469 3414 τῷ
1519 3343 1904 3398 ἀκολουθοῦντι

335 3439 662 3507 Εὐστρατίῳ
695 3438 810 3510 εἴη,
846 3439 952 3492 ὑπὸ
979 3439 1089 3492 τῶν
1117 3437 1558 3509 ἐντυγχανόντων
1580 3454 1640 3490 τε
1670 3437 1768 3507 οὐχ
1800 3437 1902 3489 ἐω-

335 3535 492 3604 pri-.0,
551 3533 649 3586 καὶ
693 3535 830 3603 πρὸς
874 3532 1042 3586 αὐτὸν
1085 3530 1550 3601 ἐπιστρεφόμενος
1582 3529 1790 3598 ἔλεγενο
1822 3528 1902 3598 Τῇ

338 3625 474 3696 εὐχῇ
510 3640 630 3690 σου,
659 3616 855 3693 ἀδελφέ
894 3623 1217 3695 Εὑστράτιε,
1270 3623 1389 3682 οὐδὲ
1421 3622 1524 3684 ὑπὸ
1575 3620 1782 3674 τούτων
1815 3635 1902 3673 τε-

332 3715 438 3772 Ma
446 3732 570 3768 ιιιιι.

409 3901 507 3957 δι’.
537 3900 774 3964 Ἀναϐὰς
797 3900 854 3953 δὲ
883 3899 944 3951 ἐν
971 3901 1092 3962 τοῖς
1115 3899 1268 3969 ὄρεσι
1297 3897 1395 3964 τῆς
1427 3896 1689 3951 Ἀντδίου
1714 3898 1902 3967 μονῆς,

345 3995 374 4045 ό
406 3990 530 4046 καθ’
559 3991 800 4058 ἑκάστην
833 3991 892 4044 ἐν
920 3990 1032 4052 τοῖς
1064 3989 1230 4051 θείοις
1275 3985 1577 4056 ὑψούμενος
1599 4025 1614 4052 ,
1657 3987 1750 4038 καὶ
1783 3987 1907 4038 κελ-

341 4081 460 4136 λίον
484 4079 858 4149 οἰκοδομήσας
894 4078 1212 4130 στενότατόν
1250 4094 1310 4129 τε
1355 4078 1453 4129 καὶ
1477 4076 1674 4145 κομιδῆ
1703 4074 1904 4146 βραχύς

338 4188 534 4234 τατον,
567 4171 814 4239 μείζονάς
843 4186 903 4222 τε
929 4169 1038 4221 τῶν
1065 4169 1353 4238 προτέρων
1381 4167 1482 4236 τῆς
1515 4167 1717 4238 ἀρετῆς
1747 4166 1905 4236 ήσκει

343 4266 570 4327 πόνους,
599 4264 692 4316 καὶ
727 4261 974 4332 μείζονος
1003 4260 1222 4330 ήξιοῦτο
1255 4260 1357 4329 τῆς
1399 4259 1653 4328 θεωρίας.
1687 4259 1906 4328 Ἀμέλει

342 4355 436 4407 καὶ
491 4352 596 4424 τὴν
645 4352 740 4406 τοῦ
802 4352 1056 4422 σώματος
1136 4348 1517 4419 ταλαιπωρίαν
1581 4349 1680 4418 τῆς
1731 4347 1905 4424 ψυχῆς

341 4447 551 4518 τροφὴν
600 4445 852 4514 ἐνόμιζεν
906 4439 1074 4498 εἶναι.
1113 4441 1400 4496 Ἐντεῦθεν
1449 4440 1546 4494 καὶ
1598 4439 1812 4502 πολλοῖς
1849 4440 1908 4492 ἐν

341 4540 511 4610 ὀλίγῳ
543 4539 703 4609 δῆλος
759 4539 1000 4606 ἐγένετο,
1047 4534 1234 4607 ὥσπερ
1285 4533 1341 4586 δὲ
1388 4532 1486 4586 κα)⁸
1537 4533 1766 4595 πολλοὺς
1812 4529 1908 4584 τοῦ

343 4633 462 4704 βίου
518 4635 647 4694 τοὺς
695 4632 931 4703 ἐραστὰς
991 4630 1350 4701 κεκτημένος.
1400 4626 1598 4700 Ἤρκει
1647 4625 1759 4694 γὰρ
1814 4624 1910 4676 καὶ

348 4725 514 4796 μόνον
542 4723 854 4793 ὁρώμενος,
897 4721 1102 4792 θερμὸν
1146 4719 1247 4790 μέν
1279 4735 1400 4772 τινα
1445 4717 1612 4772 πόθον
1659 4716 1912 4781 ἐνστάξαι

344 4817 464 4879 ταῖς
491 4815 713 4885 ψυχαῖς,
750 4813 914 4884 ζήλου
952 4811 1008 4865 δὲ
1055 4811 1282 4880 κέντρον
1329 4805 1491 4873 εἶναι,
1537 4805 1804 4871 ὑποθῆξτί
1851 4819 1911 4856 τε

350 4908 489 4978 πρὸς
557 4907 762 4976 ἀρετὴν
816 4905 959 4972 ἄγαν
1019 4903 1385 4958 νωθέστατον.
1445 4899 1596 4961 Ἐνὸς
1638 4896 1772 4963 γοῦν
1803 4895 1912 4946 τῶν

345 4995 470 5046 τότε
540 4992 863 5062 μαγιστρων
912 4993 946 5062 ἡ
1004 4991 1236 5058 σύζυγος
1291 4990 1588 5060 (Στέφανος
1626 4986 1705 5050 δὲ,
1737 4980 1913 5053 οἶμαι,

344 5081 503 5148 οὗτος
523 5081 616 5156 ἦν)
648 5084 1052 5154 θεραπαινίδων
1080 5098 1140 5135 τε
1171 5080 1446 5153 μοχθηρίᾳ
1475 5078 1567 5134 καὶ
1603 5074 1916 5145 μαγγανεία

350 5177 638 5248 περιέργῳ
665 5178 766 5238 τὰς
809 5175 1011 5244 φρένας
1063 5173 1346 5244 βλαϐεῖσαι,
1395 5172 1604 5242 ίατροῖς
1655 5167 1915 5232 ἐξεδίδου.

351 5269 558 5323 nonat
587 5271 690 5340 μὲν
711 5269 784 5338 δὴ
817 5269 1003 5338 χεῖρες
1050 5267 1274 5334 ίατρῶν,
1317 5263 1487 5335 μυρία
1515 5264 1574 5317 δέ
1622 5261 1915 5338 φάρμακα,

347 5362 526 5415 πλείω
546 5361 608 5416 δὲ
636 5361 706 5415 τά
737 5361 846 5414 ἀπὸ
874 5361 974 5430 τῆς
997 5359 1220 5428 τέχνης.
1252 5356 1410 5409 Ἐπεὶ
1437 5355 1492 5408 δέ
1515 5356 1754 5425 ἀνήνυτα
1777 5351 1918 5417 ἔγνω

345 5453 615 5520 πονοῦσα,
654 5452 726 5506 τὰ
779 5453 880 5521 μέν
928 5451 1064 5506 ἀλλα
1113 5448 1259 5514 ἔδοξε
1305 5447 1520 5520 χαίρειν
1566 5448 1698 5518 ἐᾷν,
1735 5447 1826 5498 ἐπὶ
1861 5444 1918 5497 δέ

343 5549 440 5602 τὸν
470 5549 651 5617 μέγαν
693 5545 1026 5602 Ἰωαννίκιον
1052 5542 1411 5614 καταφεύγει.
1457 5541 1516 5595 '0
1541 5539 1598 5593 δὲ
1636 5539 1915 5610 προσευχῇ

2001 500 2157 568 dens,
2187 502 2369 572 reipsa
2401 503 2728 574 signiﬁcavit
2759 503 3032 559 futurum.
3063 504 3234 561 Paulo
3269 513 3391 576 post
3420 502 3568 570 enim

2001 593 2093 648 illa
2141 594 2423 664 quideme
2455 596 2566 649 vita
2616 595 2850 650 excessit
2902 611 2918 650 :
2971 597 3086 652 haec
3133 611 3266 652 vero
3315 605 3568 666 provecta

2002 684 2106 740 fuit
2137 685 2209 740 ad
2243 686 2622 755 praefecturam
2653 687 2990 750 monasterii.
3017 688 3231 743 Abhinc
3260 695 3442 744 autem
3480 686 3571 742 hic

2002 776 2339 833 admirabilis
2371 777 2688 832 Joannicius
2719 777 2966 847 migravit
3007 777 3075 832 ad
3124 787 3365 834 montem
3411 793 3572 850 aspe-

2003 886 2123 924 rum
2151 880 2207 926 et
2250 870 2504 934 arduum,
2541 871 2635 940 qui
2675 870 3049 941 appellabatur
3079 883 3236 925 mons
3265 870 3448 939 Corvi,
3480 878 3571 927 nt-

2005 969 2130 1033 pote
2159 963 2305 1032 quod
2330 972 2518 1018 sancto
2555 963 2877 1032 przedictum
2925 960 3118 1017 inisset
3147 960 3216 1016 ab
3247 959 3335 1026 iis,
3379 960 3474 1030 qui
3502 959 3571 1028 lin

2003 1052 2296 1108 solitudine
2356 1054 2406 1109 ei
2451 1063 2823 1118 occurrerant,
2851 1051 3152 1122 monachis,
3215 1061 3271 1107 et
3309 1050 3575 1106 dederant

2002 1145 2409 1210 lebitonarium,
2466 1163 2590 1200 eum
2643 1145 2939 1216 aliquando
2986 1129 3281 1199 venturum
3331 1141 3399 1196 ad
3447 1156 3573 1197 eum

2005 1244 2265 1292 montem.
2295 1235 2400 1290 Sed
2435 1253 2680 1306 quaenam
2716 1247 2863 1302 sunt,
2895 1253 3016 1308 quae
3048 1237 3114 1290 ab
3137 1235 3276 1306 ipso,
3302 1234 3384 1291 vel
3412 1233 3480 1289 ab
3509 1249 3574 1290 eo

2005 1328 2206 1397 potius,
2243 1330 2334 1398 qui
2366 1329 2418 1382 in
2455 1329 2570 1398 ipso
2604 1329 2885 1384 habitabat
2916 1329 3144 1402 Spiritu,
3181 1327 3234 1382 in
3275 1343 3341 1392 eo
3391 1336 3576 1393 monte

2006 1421 2147 1475 facta
2180 1430 2310 1476 sunt
2344 1420 2784 1486 admirabiliter?

2079 1531 2326 1600 XXXIX.
2364 1533 2669 1598 Pascebant
2694 1534 2917 1608 quidam
2942 1535 2995 1590 in
3029 1533 3149 1608 ipso
3173 1547 3327 1600 oves,
3358 1539 3415 1594 et
3445 1547 3572 1596 cum

2015 1625 2280 1704 quasdam
2314 1641 2380 1690 ex
2408 1626 2489 1681 eis
2519 1626 2850 1692 amisissent,
2870 1625 2938 1681 ad
2960 1640 3056 1681 eas
3080 1622 3399 1695 quaerendas
3420 1637 3579 1678 mon-

2017 1725 2125 1772 tem
2153 1717 2379 1772 obibant
2419 1718 2473 1772 in
2506 1733 2723 1775 omnem
2740 1726 2972 1790 partem.
3016 1717 3124 1773 Eos
3151 1725 3373 1772 sanctus
3400 1730 3578 1786 neque

2015 1819 2256 1874 unquam
2282 1807 2564 1869 auditione
2587 1817 2891 1889 acceperat,
2915 1822 3091 1878 neque
3133 1806 3253 1861 visu
3279 1821 3583 1876 cognosce-

2002 1895 2116 1951 bat.
2161 1891 2296 1947 Cum
2323 1911 2456 1970 ergo
2493 1899 2547 1952 in
2577 1914 2673 1954 eos
2709 1898 3014 1964 incidisset,
3058 1907 3114 1961 et
3143 1895 3366 1961 nomine
3401 1911 3573 1960 unum

2003 2002 2277 2068 quemque
2323 1991 2575 2056 vocabat,
2603 2002 2656 2046 et
2689 1991 2854 2054 viam,
2917 2006 3078 2060 quam
3121 1991 3237 2060 ipse
3287 1989 3580 2060 ignorabat

2004 2082 2202 2152 (neque
2247 2083 2393 2145 enim
2441 2082 2624 2138 omnia
2673 2091 2862 2137 sancto
2906 2082 3129 2136 omnino
3158 2081 3408 2145 concedit
3455 2079 3580 2151 Spi-

2003 2172 2142 2227 ritus
2170 2175 2437 2242 sanetus),
2483 2171 2711 2243 iubebat
2736 2171 2953 2227 docere.
2979 2172 3045 2226 Et
3071 2171 3145 2226 illi
3183 2173 3404 2242 quidem
3429 2172 3575 2235 viam

2001 2263 2406 2324 ostenderunt:
2464 2263 2556 2318 ille
2604 2273 2789 2318 autem
2849 2262 3022 2318 refert
3072 2263 3326 2338 gratiam,
3381 2277 3579 2334 nempe

2003 2357 2276 2427 pecudum
2333 2355 2729 2423 inventionem,
2761 2364 2817 2412 et
2854 2354 3012 2433 jubet
3041 2370 3136 2416 eos
3173 2355 3251 2416 ire
3285 2355 3339 2409 in
3373 2356 3574 2418 solitu-

2002 2447 2207 2516 dinem,
2239 2455 2293 2502 ct
2324 2462 2454 2509 oves
2493 2447 2604 2503 illic
2632 2461 2751 2502 esse
2785 2446 3128 2510 inventuros.
3180 2445 3316 2501 Cum
3368 2447 3424 2509 in
3457 2462 3580 2514 eam

2002 2553 2132 2608 ergo
2158 2539 2457 2603 venissent,
2499 2539 2640 2600 sicut
2673 2539 2764 2602 ille
2815 2539 3072 2612 iusserat,
3109 2538 3398 2602 oil‘endunt
3441 2556 3574 2600 oves

2003 2637 2271 2694 errantes,
2325 2637 2524 2700 pneter
2569 2644 2788 2695 omnem
2835 2644 3027 2689 eorum
3084 2635 3577 2703 exspectationem,

2007 2721 2171 2791 idque
2234 2736 2358 2776 cum
2401 2737 2543 2792 saepe
2601 2722 2655 2777 in
2713 2724 2795 2779 eis
2845 2724 3154 2793 qumrendis
3215 2725 3580 2794 laborassent.

2003 2813 2222 2869 etiamsi
2256 2823 2387 2874 tunc
2417 2829 2527 2874 non
2577 2824 2869 2884 potuerant
2895 2816 2949 2870 in
2988 2832 3081 2872 eas
3117 2818 3384 2879 incidere.
3424 2822 3578 2888 Quo:-

2006 2905 2150 2960 circa
2183 2904 2237 2959 id
2271 2913 2554 2974 acceptum
2598 2905 2846 2966 ferebant
2892 2907 3038 2964 illius
3081 2910 3185 2964 viri
3230 2911 3331 2967 vim
3364 2911 3582 2984 ignora:

2008 2995 2164 3063 tioni,
2196 2996 2342 3066 quod
2388 2995 2536 3066 digni
2573 3005 2758 3052 essent
2799 2997 2992 3064 habiti,
3029 3001 3120 3069 qni
3156 3015 3284 3060 eum
3313 3002 3580 3064 convenis

1933 3120 1980 3184 ο
2013 3099 2153 3156 rent,
2188 3099 2393 3146 etcum
2437 3105 2504 3145 eo
2545 3091 3007 3161 colloquerentur.
3041 3094 3230 3165 Neque
3256 3096 3427 3162 enim,
3482 3097 3580 3170 qui

2015 3182 2068 3242 in
2106 3196 2232 3242 eum
2268 3181 2599 3245 incidebant.
2649 3182 2827 3254 ipsum
2859 3184 3140 3252 videbant,
3196 3186 3300 3250 nisi
3339 3188 3430 3250 ille
3481 3204 3582 3246 νοτ

2002 3272 2218 3338 luisset,
2266 3281 2319 3328 et
2372 3281 2432 3327 ut
2478 3274 2726 3348 sequenti
2787 3274 3062 3330 Eustratio
3109 3285 3254 3337 esset
3300 3279 3582 3349 exemplar

2008 3364 2357 3428 humilitatis,
2423 3363 2467 3419 si
2529 3379 2634 3418 non
2682 3362 2964 3423 videretur
2998 3367 3065 3422 ab
3105 3367 3194 3432 iis,
3237 3369 3330 3439 qui
3373 3368 3580 3433 incide:

2008 3454 2160 3518 bant,
2205 3454 2280 3514 ad
2341 3455 2518 3524 ipsum
2577 3470 2916 3519 conversus,
2973 3456 3189 3515 dicebat
3251 3475 3265 3512 :
3317 3459 3582 3519 Precibus

2013 3545 2143 3610 tuis,
2177 3561 2210 3597 ο
2236 3544 2406 3599 frater
2449 3544 2709 3609 Eustrati,
2739 3561 2806 3600 ne
2832 3546 2901 3601 ab
2937 3547 3003 3603 iis
3041 3548 3262 3619 quidem
3298 3565 3420 3616 sum
3449 3565 3583 3609 con:-

2009 3642 2247 3714 spectus,

2080 3903 2196 3958 XL.
2239 3904 2378 3958 Cum
2425 3913 2604 3958 antem
2641 3903 2987 3964 ascendisset
3034 3905 3086 3964 in
3127 3912 3341 3963 montes
3377 3904 3584 3969 Antidii

2011 3995 2353 4059 monasterii,
2384 3996 2476 4066 qui
2513 3995 2761 4065 quotidie
2791 3994 2842 4050 in
2871 3997 3035 4056 rebus
3063 3995 3262 4052 divinis
3284 3995 3583 4056 extolleba-

2011 4095 2122 4151 tur,
2154 4095 2206 4140 et
2238 4085 2431 4141 cellam
2470 4083 2789 4139 tedificasset
2817 4085 3256 4154 augustissimam
3287 4092 3346 4141 et
3373 4085 3586 4146 brevis-

2010 4177 2228 4240 simam,
2275 4175 2562 4248 prioribus
2595 4175 2829 4245 majores
2858 4175 3196 4246 .suscipisoat
3230 4175 3446 4232 labores
3475 4177 3586 4233 vir,

2014 4266 2166 4332 tntis,
2199 4275 2253 4321 et
2283 4265 2479 4335 dignus
2510 4265 2812 4326 habebatur
2851 4266 3041 4336 maiori
3090 4267 3580 4339 contemplatione,

2009 4357 2268 4435 Corporis
2335 4357 2554 4427 quidem
2604 4367 2751 4421 certe
2829 4356 3178 4422 amictionem
3238 4360 3585 4426 existimabat

1942 4476 1983 4532 υ
2012 4465 2132 4504 esse
2164 4448 2482 4508 alimentum
2506 4446 2722 4510 animas.
2765 4445 2905 4502 Hinc
2932 4447 3134 4502 factum
3162 4455 3267 4514 est,
3303 4456 3364 4502 ut
3391 4450 3578 4513 multis

2013 4555 2140 4595 raro
2190 4538 2362 4596 fuerit
2417 4538 2782 4601 manifestus,
2833 4538 3110 4609 quomodo
3165 4539 3329 4594 etiam
3387 4539 3582 4605 habuit

2014 4633 2213 4697 multos
2241 4632 2362 4702 ejus
2388 4633 2510 4686 vine
2538 4638 2832 4685 amatores.
2871 4629 3016 4685 Satis
3053 4629 3202 4684 enim
3237 4639 3376 4694 erat.
3415 4630 3458 4686 si
3496 4631 3578 4697 vel

2015 4723 2192 4778 solum
2251 4722 2566 4784 videretur,
2642 4719 2710 4773 ad
2781 4734 2906 4774 acre
2970 4719 3192 4789 quidem
3248 4719 3580 4786 desiderium

2013 4828 2224 4875 eorum,
2261 4813 2352 4880 qni
2385 4809 2661 4872 videbant,
2719 4808 2918 4863 animis
2953 4808 3349 4872 instillandum,
3393 4818 3451 4862 et
3485 4808 3586 4862 im-

2015 4903 2339 4958 mittendum
2375 4901 2549 4954 zelum
2581 4900 2968 4963 :emnlationis,
2997 4909 3054 4954 et
3088 4899 3154 4965 ad
3200 4899 3461 4967 virtutem
3491 4914 3585 4956 ex-

2016 4994 2296 5048 citandum
2337 5007 2486 5056 enim,
2526 4991 2616 5061 qui
2648 5001 2792 5046 esset
2831 4991 2914 5058 vel
2963 4989 3370 5054 hebetissimus.
3410 4991 3582 5055 Porro

2017 5093 2198 5138 autem
2251 5097 2374 5136 cum
2408 5081 2568 5137 unius
2610 5081 2794 5148 exiis,
2830 5080 2924 5151 qui
2963 5089 3092 5136 tunc
3122 5089 3276 5135 erant
3313 5078 3580 5152 magistri,

2020 5177 2256 5248 coniunx
2284 5176 2425 5246 (erat
2460 5188 2591 5227 vero
2631 5173 2698 5236 is,
2732 5182 2792 5236 ut
2816 5172 3032 5242 Opinor,
3061 5169 3388 5242 Stephanus)
3412 5169 3583 5234 anei]?

2019 5271 2194 5325 larum
2226 5266 2592 5340 improbitate,
2621 5275 2678 5319 et
2703 5264 2940 5329 curiosis
2973 5279 3037 5320 ac
3070 5261 3334 5327 maleficis
3368 5261 3583 5328 artibus

2018 5367 2163 5415 esset
2185 5368 2378 5423 emotae
2402 5356 2619 5418 mentis,
2648 5355 2879 5424 seipsam
2913 5354 3080 5417 tradit
3106 5351 3354 5417 medicis.
3403 5350 3612 5422 Multis

2019 5450 2240 5524 quidem
2272 5461 2467 5501 manus
2500 5443 2856 5506 medicorum.
2886 5442 3283 5497 medicamenta
3332 5437 3590 5494 innumee’

2024 5539 2233 5602 rabilia,
2293 5536 2450 5610 plura
2497 5534 2632 5587 artis
2679 5533 3012 5600 adiumenta.
3067 5532 3360 5601 Postquam
3405 5539 3592 5596 autem

347 5639 452 5710 μιν
479 5639 668 5692 δίδωσι
696 5640 762 5708 τῇ
794 5639 1016 5707 γυναικὶ
1049 5635 1146 5708 τὴν
1186 5635 1399 5704 ὑγείαν,
1435 5632 1626 5704 μισθὸν
1651 5631 1710 5683 δέ
1735 5630 1904 5682 τοῦτοι

2023 5629 2276 5698 cognovit
2324 5641 2383 5679 se
2437 5622 2708 5677 inutiliter
2775 5621 3068 5688 laborare,
3127 5619 3320 5677 statuit
3368 5617 3592 5690 quidem

342 5733 498 5786 ιίτεῖ
557 5731 690 5801 παρ’
746 5731 940 5800 αὐτῆς,
999 5731 1098 5800 τὴν
1151 5731 1234 5792 είς
1281 5727 1381 5791 τάς
1431 5727 1530 5780 τοῦ
1575 5723 1712 5778 Θεοῦ
1743 5722 1918 5786 πύλας

732 5849 995 5910 ίἈτιιοι..
1044 5850 1160 5911 Gn.
1205 5847 1405 5910 CXVI.

2026 5723 2146 5778 aliis
2169 5719 2286 5773 vale
2317 5715 2500 5770 dicere
2533 5728 2548 5769 :
2595 5713 2660 5767 ad
2705 5727 2960 5784 magnum
2989 5728 3119 5767 vero
3145 5711 3391 5780 confugit
3420 5708 3591 5776 Joans

3196 5833 3234 5907 3
