4066 6372
472 316 537 374 ἷῦ
1697 298 1982 358 MICNSiS
2025 299 2067 357 Ν

2183 295 2462 358 EMBEB.
3657 295 3728 358 76

473 419 700 477 nicium.
738 431 827 474 :ne
855 424 1034 469 autem
1071 413 1383 482 precatione
1429 409 1652 481 quidem
1695 409 1788 464 dat
1829 407 2049 464 mulieri

2172 407 2465 462 εζσέλευσιν
2493 422 2699 476 ταύτης
2730 425 2790 459 εν
2826 404 3227 476 εςομολογήσει
3257 406 3355 459 καὶ
3381 404 3602 476 ὕμνοις,
3637 412 3732 465 καὶ

473 509 758 566 sanitatem
807 526 818 562 :
871 509 1011 562 hanc
1061 514 1242 562 autem
1291 504 1358 570 ab
1406 519 1470 558 ea
1527 501 1663 572 petit
1710 500 2046 562 mercedem,

2153 498 2216 552 τὸ
2244 501 2357 560 τοῖς
2381 497 2676 551 πταίσασιν
2701 499 2924 564 ἀφεῖναι
2955 497 3053 567 τὴν
3068 497 3376 568 ἁμαρτίαν.

475 614 534 660 ut
587 618 652 656 ea
697 602 752 656 in
795 598 888 652 Dei
933 607 1122 667 portas
1173 594 1553 666 ingrederetur
1596 593 1650 650 in
1690 592 2042 650 confessione
2080 597 2136 645 et
2171 588 2408 659 hymnis,
2477 596 2537 644 et
2571 587 2638 643 iis
2667 588 2763 658 qui
2789 587 3159 654 oll'enderant,
3191 596 3480 659 peccatum
3548 591 3726 648 remib

476 702 637 749 teret.

542 787 681 844 XLI.
744 785 845 841 llic
897 784 1047 839 omni
1097 797 1163 838 ex
1216 790 1370 852 parte
1423 780 1622 846 bonus,
1657 789 1716 833 ut
1763 778 1829 832 ad
1879 777 2050 832 alium

475 891 770 942 transeam,
803 874 1018 931 cuidam
1066 873 1287 928 nemine
1323 871 1624 940 Stephano,
1678 871 1799 924 viro
1827 867 2051 938 quidem

474 969 754 1027 exercenti
801 968 1057 1020 virtutem
1082 973 1136 1020 et
1174 965 1322 1034 justo
1372 963 1426 1016 in
1462 960 1724 1015 omnibus
1759 953 1867 1013 viis
1905 957 2043 1024 suis,

477 1063 592 1134 qui,
622 1077 744 1132 qua:
777 1067 938 1113 erant
975 1058 1032 1110 in
1064 1057 1267 1119 anima,
1303 1055 1354 1109 ei
1387 1054 1560 1108 multo
1590 1061 1716 1106 ante
1747 1051 2049 1117 dedicarat,

478 1168 604 1208 cum
639 1159 761 1221 post
787 1149 1008 1218 longum
1045 1155 1260 1215 tempus
1292 1143 1535 1199 venisset
1565 1141 1632 1196 ad
1669 1156 1798 1196 eum
1819 1141 2056 1194 visitan-

480 1245 654 1298 dum:
697 1243 848 1305 Esto,
885 1239 1085 1307 inquit,
1125 1252 1159 1290 ο
1211 1237 1402 1302 frater,
1447 1243 1673 1305 paratus
1707 1233 1775 1290 ad
1820 1233 2055 1288 exitum.

480 1336 530 1390 is
580 1344 761 1388 autem
814 1347 940 1387 cum
999 1330 1366 1400 coniecisset,
1429 1329 1692 1398 quidnam
1739 1326 1844 1381 sibi
1894 1325 2060 1380 vellet

480 1428 626 1498 quod
661 1427 868 1480 dictum
897 1423 1371 1492 fuerat,quoniam
1401 1421 1550 1491 quod
1582 1420 1650 1475 ad
1679 1436 1804 1474 eum
1834 1419 2059 1489 quidem

483 1519 770 1586 attinebat,
816 1519 931 1588 jam
986 1525 1105 1570 erat
1160 1526 1407 1585 paratus,
1455 1522 1516 1566 ut
1545 1513 1640 1582 qui
1674 1527 1839 1582 super
1863 1512 2060 1565 funda-

482 1621 726 1666 mentum
780 1609 1034 1673 virtutis,
1098 1606 1240 1677 quod
1291 1614 1685 1676 pneeesserat,
1741 1603 2058 1673 diligentius

484 1701 1040 1772 superaedilicaverat,
1099 1699 1265 1769 paulo
1305 1705 1429 1768 post
1473 1703 1728 1766 prompto
1773 1704 1829 1749 et
1887 1694 2057 1746 alacri

2235 769 2376 822 MA'.
2412 760 2582 828 Οὗτος
2633 767 2660 820 ὁ
2709 766 2886 820 πάντα
2936 765 3200 836 χρηστὸς,
3247 767 3336 822 ἵνα
3384 766 3524 838 πρὸς
3551 769 3737 841 ἕτερον

2164 859 2408 932 μεταδῶ,
2451 860 2547 912 καὶ
2600 859 2859 929 Στεφάνῳ
2927 858 3036 911 τινὶ
3077 857 3274 926 ὄνομα,
3327 858 3505 928 ἀνδρὶ,
3536 860 3738 932 ἀρετὴν

2163 953 2262 1023 μὲν
2295 951 2581 1016 ἀσκοῦντι,
2613 951 2710 1002 καὶ
2750 950 2946 1016 δικαίῳ
2976 951 3034 1004 ἐν
3067 950 3272 1010 πάσαις
3299 951 3422 1012 ταῖς
3465 951 3606 1015 ὁδοῖς
3637 953 3738 1006 αὖ-

2157 1041 2275 1108 τοῦ,
2301 1042 2370 1096 τὰ
2400 1042 2456 1095 δέ
2482 1042 2582 1111 τῆς
2615 1040 2814 1094 ἐαυτοῦ
2857 1041 3035 1110 ψυχῆς
3065 1043 3130 1094 ἐκ
3170 1039 3371 1094 πολλοῦ
3407 1042 3570 1096 τοῦτο
3601 1045 3734 1097 άνα-

2165 1134 2404 1205 θεμένῳ,
2452 1136 2532 1197 εἰς
2567 1132 2872 1203 ἐπισκοπὴν
2900 1133 3067 1186 αὐτοῦ
3101 1133 3192 1186 διὰ
3233 1133 3453 1204 μακροῦ
3485 1151 3737 1204 παραγεο

2160 1227 2342 1296 γονότι
2365 1243 2378 1256 ·
2425 1224 2776 1294 Ἐτοιμάζου,
2806 1224 2964 1294 φησι,
2991 1223 3213 1293 ἀδελφέ,
3243 1224 3382 1294 πρὸς
3410 1225 3509 1294 τὴν
3533 1225 3735 1291 ἔξοδον.

2171 1320 2231 1371 Ὀ
2257 1318 2313 1371 δὲ
2351 1315 2644 1388 συμϐαλὼν
2671 1316 2732 1369 τὸ
2758 1315 2949 1385 λεχθὲν
2967 1316 2996 1369 ὅ
3017 1316 3072 1368 τί
3099 1333 3229 1369 ποτε
3273 1317 3384 1386 εἰη,
3419 1321 3545 1372 ἐπεὶ
3574 1319 3645 1371 τά
3675 1335 3739 1387 γε

2167 1408 2251 1471 είς
2287 1408 2452 1462 αὑτὸν
2488 1408 2582 1462 καὶ
2633 1407 3051 1478 προητοίμαστο
3099 1407 3199 1476 ἥδη
3235 1407 3312 1474 τῷ
3350 1409 3622 1475 φθάσαντι
3651 1410 3740 1463 θε-

2166 1500 2335 1572 μελίῳ
2387 1501 2485 1571 τῆς
2532 1499 2737 1570 ἀρετῆς
2808 1499 3246 1569 φιλοπονώτερον
3275 1501 3736 1571 ἐποικοδομήσας,

2166 1592 2307 1663 μετὰ
2336 1592 2508 1663 βραχὺ
2539 1591 2838 1662 προθύμως
2905 1590 3024 1660 ἅμα
3058 1590 3155 1643 καὶ⁹
3189 1593 3508 1660 περιχαρῶς
3541 1593 3734 1665 ἐξεδή.

2165 1701 2330 1754 μησε,
2386 1683 2600 1754 μυρίοις
2664 1683 2804 1753 μετὰ
2851 1680 2952 1752 τὴν
3005 1680 3274 1749 ἐκδημίαν
3328 1684 3443 1745 τοῖς
3492 1681 3739 1751 θαύμασι

483 1795 668 1849 animo
702 1793 832 1846 hinc
860 1789 1119 1852 excessit,
1169 1796 1291 1858 post
1345 1801 1630 1841 excessum
1683 1781 2050 1837 innumerabi-

2172 1775 2494 1845 Βιαλάμψας.
2532 1774 2689 1827 Οὕτω
2737 1777 2832 1828 καὶ
2867 1773 3070 1843 Θωμᾷ,
3096 1772 3155 1836 ὃς
3186 1772 3352 1827 αὐτοῦ
3386 1790 3445 1827 τε
3491 1774 3586 1830 καὶ
3623 1775 3739 1836 τοῖς

485 1884 633 1942 libus
659 1882 1019 1953 resplendens
1043 1879 1341 1934 miraculis.
1383 1878 1460 1932 ita
1490 1877 1656 1932 etiam
1690 1874 1934 1938 Thomaz,
1966 1871 2062 1942 qn-i

490 1992 612 2033 eum
640 1974 993 2044 sequebatur,
1019 1971 1216 2041 eteius
1240 1968 1454 2023 labores
1474 1967 1540 2020 ad
1565 1967 1851 2031 virtutctn,
1877 1974 1933 2019 et
1960 1967 2064 2017 hu-

485 2069 718 2124 militate
749 2065 1045 2135 superabat
1074 2063 1233 2127 alios,
1281 2059 1630 2131 signiﬁcavit,
1669 2059 1817 2128 quod
1854 2073 1919 2112 ex
1961 2059 2064 2112 im-

486 2159 708 2229 proviso
732 2166 876 2211 esset
905 2156 958 2209 in
989 2153 1239 2207 morbum
1277 2166 1527 2216 casurus,
1549 2159 1603 2204 et
1628 2149 1775 2219 quod
1811 2148 2062 2202 morbum

490 2267 639 2307 mors
678 2265 896 2319 quoque
939 2256 1085 2300 esset
1130 2254 1518 2299 consecutura.
1561 2242 1672 2296 l-lac
1701 2257 1834 2311 ergo
1863 2242 2064 2312 praedi-

490 2344 671 2399 ctione
727 2345 773 2394 is
821 2339 983 2392 simul
1015 2347 1070 2390 et
1115 2337 1300 2390 animo
1331 2335 1503 2404 magis
1543 2333 1646 2387 fuit
1690 2334 1960 2388 excitatus
1996 2332 2066 2386 ad

489 2431 965 2490 exercitationem,
993 2435 1048 2479 et
1077 2424 1228 2480 subit
1249 2423 1425 2477 linem
1455 2423 1599 2476 vita}.
1637 2421 1716 2474 lla
1739 2422 1904 2474 etiam
1939 2436 2064 2476 cum

485 2535 639 2580 'eum,
672 2518 764 2587 qui
797 2523 1020 2586 praeerat
1067 2510 1397 2566 monasterio
1446 2511 1811 2587 Agaurorum,
1851 2523 2066 2576 cogno-

489 2613 662 2667 visset
705 2625 763 2664 se
798 2607 1110 2679 adiunxisse
1143 2604 1416 2659 haereticis
1465 2585 1592 2672 (iam
1639 2611 1821 2655 autem
1853 2616 1884 2654 a
1926 2615 2066 2670 prae-

493 2704 704 2759 fectura
737 2708 1048 2755 excesserat
1079 2697 1409 2761 Eustratius,
1440 2705 1498 2748 ut
1526 2694 1619 2764 qui
1647 2694 1786 2748 viam
1820 2694 2066 2748 declina-

493 2803 581 2848 ret
613 2791 928 2862 impiorum)
964 2803 1086 2842 cum
1111 2794 1234 2856 post
1278 2799 1441 2839 unam
1478 2792 1534 2839 et
1566 2783 1789 2837 alteram
1819 2780 2068 2835 admoni-

495 2885 703 2941 tionem
760 2881 989 2936 vidisset
1058 2893 1182 2933 eum
1235 2891 1344 2930 non
1395 2875 1661 2930 desistere
1724 2871 1792 2926 ab
1850 2870 2065 2938 haeresi,

495 2976 783 3045 Quoniam,
827 2971 1025 3042 inquit,
1085 2980 1136 3024 te
1181 2984 1323 3039 stupe
1371 2969 1438 3023 ad
1494 2967 1658 3022 ﬁdem
1705 2967 2065 3022 orthodoxam

497 3067 799 3130 deducens,
833 3078 864 3117 ο
895 3060 1094 3116 Antoni
1119 3059 1215 3130 (ita
1242 3059 1387 3113 enim
1427 3059 1771 3127 vocabatur),
1801 3059 1983 3112 inveni
2017 3068 2067 3112 te

498 3165 757 3212 revocata
802 3151 1100 3214 dillicilem,
1140 3150 1246 3203 hoc
1293 3148 1393 3202 tibi
1437 3148 1559 3202 dico
1593 3155 1933 3217 postremum
1963 3163 1977 3200 ε
2010 3145 2065 3201 Si

497 3263 608 3304 non
645 3245 885 3316 amplius
916 3257 1150 3314 peccare
1172 3239 1497 3312 pcrrexeris,
1549 3251 1786 3308 sequens
1813 3251 1930 3301 eos,
1977 3239 2068 3307 qui

498 3349 626 3396 sunt
649 3338 876 3392 diversae
892 3331 1284 3404 opinionis,sed
1308 3344 1425 3386 eam
1446 3328 1628 3393 etiam,
1651 3341 1772 3397 qua:
1790 3342 1819 3381 a
1841 3326 2072 3381 Domino

503 3436 600 3491 tibi
632 3432 912 3488 afferenda
951 3439 1072 3493 est,
1119 3426 1460 3497 disciplinam
1497 3434 1651 3495 grato
1685 3426 1868 3477 animo
1907 3422 2074 3477 susti-

503 3526 714 3590 nueris,
761 3538 868 3577 non
920 3521 1144 3575 minima
1194 3532 1405 3572 merces
1440 3509 1538 3568 tibi
1584 3521 1905 3583 reponetur.
1947 3509 2073 3565 [hec

503 3617 639 3670 dixit
667 3616 866 3687 justus,
899 3619 953 3666 et
983 3609 1168 3664 statim
1197 3607 1366 3662 altera
1401 3619 1522 3674 pars
1547 3603 1795 3677 corporis
1836 3600 2073 3655 Antonio

507 3709 832 3763 ﬂaccescens
878 3703 980 3757 fuit
1052 3698 1209 3770 quasi
1241 3705 1420 3752 morte
1450 3695 1667 3749 affecta.
1703 3691 2072 3761 Quadraginta

503 3801 686 3869 itaque
703 3805 844 3851 totos
859 3795 975 3849 dies
989 3807 1112 3848 cum
1131 3805 1325 3858 magno
1341 3787 1522 3842 animo
1536 3801 1654 3841 eam
1678 3786 1889 3840 tulisset
1910 3783 2077 3838 disci-

505 3889 733 3960 plinam,
765 3895 820 3941 et
872 3897 975 3938 nec
1004 3882 1292 3935 minimum
1323 3876 1542 3948 quidem
1570 3875 1799 3931 verbum
1829 3881 2076 3929 contem-

505 3989 633 4051 ptus
686 3991 753 4030 ex
801 3989 898 4030 ore
931 3971 1226 4036 emisisset,
1262 3976 1318 4025 et
1364 3982 1468 4023 nec
1516 3965 1785 4020 haereticis
1817 3963 2077 4032 deinceps

503 4078 647 4126 esset
684 4080 959 4128 assensus,
997 4077 1027 4118 c
1075 4062 1187 4117 vita
1235 4059 1486 4125 excessit,
1541 4057 1759 4127 maligni
1811 4054 2079 4124 eﬂ‘ugiens

504 4170 652 4216 artes
693 4168 750 4215 et
810 4155 1265 4217 machinationes,
1308 4159 1365 4206 et
1409 4165 1570 4222 parva
1599 4147 1950 4216 castigatione
1981 4144 2077 4200 ad.

506 4267 699 4306 versus
726 4265 852 4305 eum
909 4249 1155 4303 referens
1201 4243 1514 4309 victoriam,
1555 4251 1611 4297 et
1656 4240 1831 4294 victor
1858 4237 1961 4292 fuit
1993 4252 2078 4292 re-

508 4343 812 4406 nuntiatus,
868 4349 923 4394 et
979 4351 1182 4392 corona
1239 4332 1548 4388 redimitus.
1601 4331 1691 4386 Sic
1726 4331 1816 4383 ille
1859 4329 1954 4383 Dei
1981 4342 2078 4382 ex-

2164 1867 2330 1922 αὑτοῦ
2358 1867 2494 1938 πρὸς
2514 1866 2715 1936 ἀρετὴν
2748 1866 2938 1918 εἵπετο
2983 1866 3191 1929 πόνοις,
3235 1867 3330 1920 καὶ
3366 1868 3433 1936 τῇ
3471 1867 3742 1920 ταπεινώ-

2163 1978 2249 2015 σει
2307 1961 2414 2013 τῶν
2477 1959 2654 2013 ἄλλων
2702 1958 3074 2020 ἐπλεονέκτει,
3119 1960 3204 2012 ὅτι
3247 1959 3390 2027 νόσῳ
3413 1957 3741 2028 ἀπροόπτως

2165 2050 2462 2123 περιπέσοι
2519 2049 2811 2119 ἐσήμαινε,
2855 2049 2950 2103 καὶ
2989 2049 3065 2113 ὡς
3103 2049 3462 2121 ἀκολουθήσοι
3489 2052 3556 2118 τῇ
3599 2051 3740 2120 νόσῳ

2166 2142 2262 2196 καὶ
2320 2140 2572 2202 θάνατος.
2624 2138 2703 2209 Τῇ
2763 2137 2896 2208 γοῦν
2945 2139 3177 2210 τοιαύτῃ
3224 2131 3381 2202 οὗτος
3433 2140 3741 2210 προρρήσει

2167 2233 2284 2302 ἅμα
2341 2249 2402 2286 τε
2467 2232 2606 2303 πρὸς
2640 2231 2740 2302 τὴν
2793 2232 3032 2302 ἄσκησιν
3091 2231 3358 2285 ἐπιπλέον
3403 2234 3506 2302 τὴν
3562 2231 3744 2303 ψυχὴν

2165 2326 2448 2394 διανέστη,
2489 2327 2582 2376 καὶ
2622 2322 2738 2393 ἅμα
2777 2325 2838 2375 τὸ
2877 2323 2972 2376 τοῦ
3025 2323 3143 2393 βίου
3201 2323 3355 2386 τέλος
3413 2325 3742 2395 ὑπέρχεται.

2167 2419 2324 2473 Οὕτω
2352 2419 2444 2470 καὶ
2481 2417 2570 2469 τὸν
2596 2419 2662 2488 τῇ
2700 2418 2836 2487 μονῇ
2867 2416 2976 2468 τῶν
3001 2415 3294 2486 Ἀγαύρων
3315 2416 3741 2482 ἐπιστατοῦντα,

2166 2514 2277 2576 τοῖς
2317 2511 2623 2580 αἱρετικοῖς
2665 2509 3095 2580 προστιθέμενον
3149 2510 3312 2576 γνοὺς
3358 2509 3575 2581 (ἐξέστη
3628 2509 3743 2579 γάρ

2166 2606 2266 2674 τῆς
2315 2603 2642 2666 ἐπιστασίας
2696 2604 2724 2656 ὁ
2777 2602 3117 2671 Εὐστράτιος
3167 2601 3291 2670 ἤδη,
3347 2600 3444 2655 ἅτε
3498 2603 3590 2655 καὶ
3624 2601 3744 2656 ὁδὸν

2170 2695 2386 2749 ἀσεϐῶν
2431 2691 2719 2763 ἐκκλίνων)
2768 2693 2893 2745 ἐπεὶ
2943 2692 3085 2760 μετὰ
3131 2695 3263 2762 μίαν
3325 2693 3422 2749 καὶ
3474 2693 3748 2764 δευτέραν

2169 2787 2518 2857 παραίνεσιν,
2557 2784 2633 2856 μὴ
2676 2785 2773 2854 τῆς
2823 2784 3095 2854 αἱρέσεως
3153 2784 3532 2854 ἀφιστάμενον
3578 2783 3746 2844 εἶδεν.

2181 2878 2424 2948 Ἐπειδὴ,
2482 2877 2639 2947 φησὶ,
2680 2875 2946 2940 πολλάκις
3001 2893 3059 2929 σε
3106 2877 3244 2945 πρὸς
3296 2877 3398 2946 τὴν
3457 2875 3750 2946 ὀρθόδοξον

2169 2971 2360 3024 πίστιν
2394 2969 2837 3040 χειραγωγήσας,
2881 2969 3131 3021 ’Δντὼνιε
3165 2967 3347 3037 (τοῦτο
3385 2968 3494 3038 γάρ
3529 2969 3558 3021 ὁ
3605 2968 3749 3039 ἀνὴρ

2170 3062 2459 3131 ἐκαλεῖτο),
2491 3060 2900 3130 δυσανάκλητον
2930 3053 3111 3130 εὗρον,
3132 3059 3290 3113 τοῦτό
3324 3077 3405 3113 σοι
3435 3058 3751 3113 τελευταῖόν

2183 3169 2352 3222 φημι*
2391 3153 2452 3205 Εἰ
2483 3152 2680 3222 μηκέτι
2712 3151 2806 3204 τοῦ
2848 3152 3183 3222 ἁμαρτάνειν
3218 3152 3462 3221 προσθῇς
3518 3152 3752 3221 στοιχῶν

2173 3247 2286 3307 τοῖς
2320 3244 2676 3314 ἐτεροδόξοις,
2705 3243 2840 3297 ἀλλᾶ
2877 3246 2971 3297 καὶ
3021 3243 3119 3315 τὴν
3171 3245 3322 3315 παρὰ
3364 3243 3575 3313 Κυρίου
3611 3245 3754 3313 μέλ-

2171 3336 2373 3390 λουσαν
2406 3335 2770 3406 ἐπενεχθῆναι
2812 3351 2894 3389 σοι
2927 3336 3180 3390 παιδείαν
3217 3335 3561 3407 εὐχαρίστως
3607 3339 3749 3390 ὑπο-

2175 3429 2388 3500 μείνῃς,
2449 3427 2550 3482 οὐκ
2625 3427 2910 3497 ἐλάχιστος
2965 3427 3318 3488 ἀποκείσεταί
3368 3444 3453 3480 σοι
3527 3428 3746 3498 μισθός.

2174 3519 2363 3574 Ταῦτά
2401 3536 2461 3572 τε
2507 3521 2532 3571 ὁ
2573 3518 2781 3580 δίκαιος
2809 3513 2954 3582 εἷπε,
2992 3518 3089 3574 καὶ
3137 3517 3367 3588 θάτερον
3399 3520 3601 3574 αὐτίκα
3649 3521 3751 3575 τοῦ

2177 3613 2433 3682 σώματος
2493 3613 2659 3682 μέρος
2719 3610 2799 3680 τῷ
2861 3610 3134 3679 Ἀντωνίῳ
3191 3609 3584 3683 ἀπενιεκρὼθη,
3631 3607 3754 3668 οἷον

2175 3706 2371 3767 εἰπεῖν,
2402 3703 2682 3773 μαρανθὲν
2712 3702 2808 3755 καὶ
2823 3701 3117 3755 ἀπέθανεν.
3165 3701 3286 3754 Ἐπί
3321 3702 3452 3769 γοῦν
3478 3705 3755 3776 τεσσαρά-

2176 3809 2338 3846 κοντα
2363 3792 2488 3855 ὅλας
2509 3791 2724 3862 ἡμέρας
2751 3793 3144 3864 μεγαλοψύχως
3176 3792 3418 3860 ἐνεγκὼν
3441 3795 3542 3865 τὴν
3564 3794 3757 3849 τοιαύ-

2175 3901 2276 3954 την
2319 3883 2593 3947 παιδείαν,
2657 3885 2754 3936 καὶ
2816 3887 2956 3954 μήτε
3000 3884 3180 3956 βραχύ
3233 3901 3287 3940 τι
3333 3884 3430 3938 τοῦ
3473 3885 3755 3953 στόματος

2175 3974 2473 4047 ὀλιγωρίας
2522 3976 2823 4046 προέμενος
2865 3976 3042 4047 ῥῆμα,
3081 3978 3157 4048 μή
3206 3995 3266 4030 τε
3311 3979 3421 4049 μὴν
3448 3979 3756 4049 αίρετικοίς

2178 4068 2240 4121 τὸ
2268 4068 2376 4121 ἀπὸ
2398 4067 2553 4122 τοῦδε
2597 4067 2954 4138 συνθέμενος,
2997 4069 3232 4134 άπεὸίω,
3268 4072 3336 4124 τά
3370 4070 3464 4124 τοῦ
3507 4069 3756 4141 πονηροῦ

2177 4156 2538 4228 τεχνάσματά
2565 4173 2624 4210 τε
2651 4157 2749 4212 καὶ
2781 4158 3157 4229 μηχανήματα
3182 4159 3404 4230 διαδρὰς
3440 4162 3656 4233 σμικρᾷ
3684 4161 3756 4214 τέ

2179 4266 2287 4301 τινι
2327 4250 2574 4320 παιδείᾳ,
2607 4249 2708 4319 τὴν
2734 4249 2858 4302 κατ’
2899 4251 3067 4303 αὐτοῦ
3089 4253 3247 4320 νίκην
3275 4253 3754 4322 ἀπενεγκάμενος,

2182 4343 2278 4393 καὶ
2326 4340 2658 4410 στεφανίτης
2711 4342 3125 4411 ἀναγορευθείς.
3173 4341 3363 4404 Οὕτως
3408 4345 3617 4406 ἐκεῖνος
3643 4345 3754 4415 τὴν

508 4435 682 4492 tendit
743 4431 1136 4501 benignitatem
1207 4435 1263 4480 et
1315 4422 1700 4484 clementiam;
1764 4429 1874 4474 tam
1928 4428 2068 4474 certe

2183 4431 2275 4484 τοῦ
2313 4431 2448 4483 Θεοῦ
2499 4431 2918 4502 φιλανθρωπίαν
2948 4432 3254 4496 ὑπέτεινεν,
3291 4432 3465 4498 οὓτως
3502 4434 3759 4504 ἁψευδῶς

508 4524 802 4598 spopondit
849 4521 1064 4577 veniam
1115 4519 1203 4584 iis,
1251 4515 1448 4586 quibus
1475 4522 1590 4568 erat
1619 4511 1840 4580 quidam
1877 4525 2076 4581 parvus

507 4621 682 4675 {ornes
734 4614 1109 4687 pmnitentiae;
1161 4625 1228 4666 eo
1272 4617 1454 4664 autem
1492 4646 1505 4670 ,
1562 4604 1707 4676 quod
1767 4603 2077 4657 venientem

507 4711 757 4782 corporis
795 4716 1023 4762 mortem
1054 4699 1528 4776 prmsignilicabat,
1569 4707 1753 4768 aperte
1787 4694 2074 4762 eﬂicicbat,

507 4819 576 4859 ne
605 4802 856 4858 homines
885 4806 1059 4852 morte
1095 4795 1290 4848 animae
1318 4801 1684 4846 morerentur.

577 4979 740 5034 XLII.
775 4977 883 5033 Sed
943 4975 1010 5030 ad
1073 4975 1176 5028 alia
1210 4988 1298 5027 me
1344 4979 1504 5026 vocat
1552 4969 1747 5033 oratio,
1793 4977 1846 5022 et
1902 4967 1967 5022 ad
2015 4982 2076 5020 ea

509 5074 727 5129 accedo.
750 5069 1143 5125 Constantinus
1163 5066 1383 5138 quidam
1402 5073 1618 5119 creatus
1635 5063 1843 5126 consul,
1869 5061 2080 5115 solebat

508 5161 728 5237 quidem
760 5163 942 5215 venire
961 5159 1026 5214 ad
1046 5158 1192 5212 hunc
1207 5158 1382 5210 virum
1407 5154 1802 5210 admirabilem.
1830 5152 1880 5208 Is
1897 5165 2076 5207 autem

510 5259 585 5311 illi
619 5270 808 5308 rursus
836 5255 942 5306 hoc
1000 5250 1240 5304 vicissim
1283 5247 1564 5313 reddebat,
1601 5245 1746 5316 quod
1801 5247 1918 5316 ejus
1957 5261 2078 5298 ora-

510 5347 756 5402 tionibus
831 5343 1263 5398 conservabatttr
1334 5341 1401 5394 ab
1467 5339 1546 5392 ira
1603 5339 1835 5401 alienus,
1900 5353 2078 5406 neque

509 5443 734 5505 prepter
766 5433 992 5502 aliquid,
1029 5431 1174 5499 quod
1208 5429 1515 5492 accidebat,
1551 5426 1708 5480 facile
1754 5426 2078 5480 movebatur

509 5537 604 5580 aut
632 5525 1080 5580 excandescebat.
1105 5524 1154 5580 is
1183 5535 1299 5580 erat
1330 5523 1624 5594 aliquando
1656 5537 1987 5577 ascensurus
2010 5525 2078 5578 ad

511 5634 764 5689 magnum
789 5619 1154 5674 Joannicinm.
1190 5619 1325 5673 Cum
1360 5627 1542 5672 autem
1568 5617 1859 5671 accidisset
1887 5626 1945 5670 ut
1981 5620 2078 5670 mi-

516 5711 687 5766 nistro
710 5712 914 5766 acriter
938 5712 1281 5776 irasceretur,
1307 5725 1431 5764 eum
1465 5710 1542 5762 ira
1573 5709 1802 5778 abripit,
1829 5719 1884 5763 et
1910 5688 2085 5764 manu

2181 4522 2280 4594 τὴν
2327 4521 2681 4591 συγχώρησιν
2737 4522 3010 4590 ἠγγυᾶτο,
3071 4518 3154 4584 οἷς
3197 4519 3266 4594 ἦν
3302 4539 3356 4576 τι
3405 4528 3502 4578 καὶ
3552 4528 3758 4598 μικρὸν

2181 4615 2515 4686 ἐμπύρευμα
2543 4616 2831 4683 μετανοίας
2863 4629 2879 4645 ·
2907 4613 2987 4684 τῷ
3018 4613 3076 4667 δὲ
3111 4614 3206 4668 καὶ
3240 4615 3330 4670 τὸν
3380 4616 3472 4670 τοῦ
3500 4619 3757 4688 σώματος

2181 4707 2414 4761 θάνατον
2455 4706 2663 4775 ἥκοντα
2706 4705 3108 4774 προσημαίνειν
3140 4706 3202 4759 τὸ
3241 4705 3316 4777 μὴ
3362 4709 3620 4776 θνῇτιιειν
3659 4711 3754 4762 τὸν

2180 4799 2278 4866 τῆς
2333 4795 2514 4865 ψυχῆς
2583 4795 2816 4849 θάνατον
2871 4794 3060 4864 σαφῶς
3105 4799 3218 4860 τοῖς
3268 4798 3584 4870 ἀνθρώποις
3645 4815 3753 4852 πει

2187 4887 2441 4956 ριεποίει.

2255 4979 2389 5032 MB’.
2435 4977 2575 5032 Ἀλλ’
2604 4978 2765 5048 ἔτερα
2797 4980 2934 5050 μετὰ
2957 4999 3048 5036 του
3082 4982 3245 5053 λόγου
3272 4982 3620 5052 παρακαλεΡ
3647 4984 3753 5037 ἐπὶ

2180 5069 2354 5123 ταῦτα
2384 5065 2521 5140 εἶμι,
2557 5071 2966 5135 Κωνσταντῖνός
2991 5090 3076 5136 τις
3109 5073 3316 5135 ὕπατος
3344 5074 3753 5143 χειροτονηθεὶς

2181 5157 2295 5230 εἶχε
2334 5161 2432 5230 μὲν
2459 5164 2709 5232 συνήθως
2737 5163 2887 5233 παρὰ
2915 5164 3006 5216 τὸν
3027 5163 3348 5231 θαυμαστὸν
3370 5164 3558 5217 τοῦτον
3579 5165 3754 5235 ἄνδρα

2179 5253 2337 5322 ἣκειν
2361 5269 2375 5285 ·
2413 5249 2526 5322 εἶχε
2574 5255 2632 5308 δὲ
2662 5255 2793 5323 παρ’
2818 5254 3029 5307 ἐκείνου
3061 5254 3225 5308 πάλιν
3250 5255 3654 5323 ἁντιδιδόμενον
3687 5256 3751 5310 τὸ

2180 5345 2298 5405 ταῖς
2346 5341 2512 5410 αὑτοῦ
2549 5343 2736 5412 εὐχαῖς
2769 5342 3041 5412 ἁόργητός
3085 5359 3146 5394 τε
3195 5343 3603 5412 συντηρεϊσθαι,
3656 5346 3752 5398 καὶ

2181 5437 2316 5504 πρὸς
2367 5435 2533 5504 μηδὲν
2573 5433 2684 5503 ἄρα
2750 5435 2859 5484 τῶν
2916 5432 3341 5500 συμπιπτόντων
3393 5433 3751 5504 ἁκροσφαλὴς

2182 5522 2322 5581 εἶναι
2385 5526 2521 5596 μηδὲ
2569 5525 2840 5593 ὀξύχολος.
2878 5518 3046 5588 Οὗτος
3084 5523 3275 5592 ἔμε).λέ
3334 5541 3466 5584 ποτε
3492 5529 3626 5598 προς
3659 5525 3750 5580 τὸν

2185 5619 2359 5690 μέγαν
2432 5617 2757 5670 Ἶωαννίκιον
2811 5618 3038 5686 ἀνιέναι.
3080 5615 3301 5686 Συμὸάν
3331 5617 3386 5670 δὲ
3427 5617 3570 5672 οὕτω
3611 5617 3748 5686 πρὸς

2188 5713 2276 5764 τὸν
2300 5708 2743 5781 ύπηρετούμενον
2779 5707 3198 5778 ὀξύχολωθῆναι,
3230 5710 3500 5778 ὑπάγεται
3520 5709 3654 5769 ὅλως
3674 5707 3750 5776 τῷ
