4060 6374
275 396 353 455 ’Π
1375 379 1562 438 Vi'i‘A
1603 376 1664 438 S.
1707 371 2100 435 JOANNICII
2137 371 2483 432 ABBATIS.
3481 362 3549 422 78

274 498 438 569 ουμῷ
465 493 562 550 καὶ
614 492 808 548 τοῦτον
862 487 1075 561 ἀθρόως
1110 491 1174 558 τῇ
1231 486 1378 560 χειρὶ
1428 486 1680 558 πλήττει.
1723 481 1858 546 Εἶτα

1975 488 2183 551 'epcnte
2241 479 2503 534 famulum
2572 479 2835 549 percutit.
2921 477 3129 534 Deinde
3175 492 3300 533 cum
3355 477 3421 531 ad
3482 491 3541 531 se

269 587 468 658 ὥσπερ
492 586 575 649 είς
598 583 797 639 ἑαυτὸν
826 584 854 636 ό
896 579 1310 640 Κωνσταντϊνος
1361 577 1553 642 ἐλθὼν,
1586 575 1774 647 ὴνιᾶτό
1801 591 1863 627 τε

277 680 493 749 σφόδρα
529 677 613 732 ὅτι
640 674 817 746 θυμοῦ
850 674 1030 744 ἥττων
1057 671 1271 741 γέγονε,
1301 669 1396 725 καὶ
1415 669 1492 732 ὡς
1520 661 1668 739 εῖχεν
1699 666 1864 729 εὐθὺς

275 771 357 841 τῷ
393 769 621 840 μεγάλῳ
649 769 826 837 τούτῳ
855 766 1033 835 Πατρὶ
1072 761 1409 833 προσελθὼν,
1438 758 1776 828 ἀπαγγέλλει
1801 757 1864 812 τὸ

280 881 356 932 πρ
367 863 543 931 ἇγμα.
584 859 643 913 '0
665 859 723 913 δὲ
754 857 1020 926 ἀνάλογόν
1049 872 1109 909 τε
1132 855 1284 926 αῦτῷ
1308 854 1404 908 καὶ
1429 850 1866 920 διεσπουδασμέρ

279 971 383 1022 νην
423 952 519 1022 τὴν
573 950 897 1019 ἐπιτίμησιν
947 948 1204 1006 ἐπιτιθεῖ.
1284 946 1397 1003 Καὶ
1452 947 1480 999 ὁ
1530 944 1736 1006 ῦπατος
1777 937 1865 996 οἷα

281 1045 416 1106 παῖς
445 1041 596 1112 παρά
655 1039 861 1109 πατρὸς
895 1038 1078 1093 λαϐὼν
1134 1037 1380 1109 ἐντολὴν,
1415 1037 1479 1091 τὺ
1521 1037 1618 1090 ἀπ’
1647 1035 1863 1092 ἐκείνου

278 1136 337 1190 εί
369 1150 500 1186 ποτε
553 1132 792 1202 συνῆκεν
845 1130 1218 1200 ἐκφερόμενον
1264 1129 1298 1199 ἢ
1348 1129 1619 1198 προσῆκε,
1649 1127 1863 1181 Παῦσαι

280 1228 391 1280 ἀπὸ
441 1225 642 1296 ὀργῆς,
669 1225 852 1292 ελεγι,
892 1221 991 1277 καὶ
1018 1221 1359 1291 ἐγκατάλιπε
1390 1220 1564 1290 θυμόν
1591 1235 1605 1251 ·
1642 1221 1738 1274 καὶ
1769 1221 1867 1272 αύ-

277 1321 409 1374 τίκα
435 1320 514 1384 τῷ
552 1320 759 1391 ῥήματι
808 1315 869 1368 τδ
899 1315 1060 1386 ἔργον
1100 1312 1486 1384 ἐπηκολούθει.
1525 1311 1634 1364 Τοῦ
1689 1309 1864 1382 θυμοῦ

278 1427 341 1461 τε
376 1410 489 1477 γὰρ
543 1410 728 1474 ἡρέμα
767 1404 1034 1472 ὑπέληγε,
1068 1403 1164 1456 καὶ
1201 1404 1259 1456 ἐν
1305 1400 1492 1472 ἐαυτῷ
1538 1400 1701 1455 πάλιν
1752 1399 1866 1469 ἐγί-

280 1518 422 1554 νετο.
461 1500 655 1568 Τοζμὶν
675 1496 766 1550 οῦν
792 1498 872 1559 είς
896 1495 988 1550 τὸν
1015 1497 1426 1550 Κωνσταντίνον
1455 1495 1560 1548 ὑπὸ
1585 1492 1680 1547 τοῦ
1708 1492 1866 1562 άγίου

279 1593 537 1658 γεγονὸς,
574 1589 820 1640 τοιοῦτον
844 1601 862 1618 θ
913 1588 973 1640 τὸ
1028 1586 1086 1640 δὲ
1119 1589 1198 1650 είς
1222 1587 1315 1641 τὸν
1353 1585 1546 1642 τούτου
1582 1585 1722 1652 υίὸν,
1763 1585 1864 1656 ἤδη

281 1683 504 1753 φράσω.
551 1679 774 1750 male;
807 1679 900 1732 καὶ
927 1674 1081 1742 οὗτός
1117 1695 1247 1732 ποτε
1296 1679 1449 1750 παρά
1476 1679 1571 1731 τὸν
1597 1676 1694 1731 τοῦ
1729 1675 1866 1730 Θεοῦ

285 1774 603 1842 θεράποντα
660 1769 874 1834 τοῦτον,
903 1769 1008 1826 ὑπὸ
1029 1767 1122 1824 τοῦ
1152 1769 1360 1842 πατρὸς
1409 1769 1576 1823 τοῦτο
1621 1783 1867 1839 προστε-

1967 571 2222 627 rediisset
2258 571 2676 634 Constantinus,
2726 571 2884 626 valde
2937 570 3290 627 cruciabatur
3332 569 3542 630 animo.

1966 662 2112 731 quod
2143 661 2211 717 ab
2248 676 2328 716 Ira
2354 661 2552 717 luisset
2581 672 2890 732 superatus,
2919 669 2977 717 et
3008 663 3075 718 ad
3113 677 3367 731 magnum
3397 661 3546 718 hunc

1966 754 2184 812 Patrem
2239 753 2532 817 accedens,
2601 771 2716 809 rem
2773 755 2821 809 ei
2879 755 3184 810 renuntiat.
3263 756 3354 810 ille
3405 771 3540 812 vero

1967 847 2165 902 seriam
2195 855 2255 902 et
2282 849 2699 907 convenientem
2752 847 2804 902 ei
2865 845 3030 901 infert
3084 848 3542 918 increpationem.

1962 939 2170 994 Consul
2199 954 2330 996 vero
2360 947 2620 1010 tanquam
2647 939 2810 1003 illius,
2841 939 2936 1010 qui
2960 953 2991 993 a
3019 947 3174 1007 patre
3222 939 3540 994 mandatum

1965 1041 2275 1102 acceperat,
2307 1033 2376 1087 ab
2406 1032 2498 1087 illo
2535 1041 2805 1102 tempore,
2829 1031 2873 1086 si
2915 1029 3136 1099 quando
3174 1030 3435 1085 sensisset
3482 1043 3543 1084 se

1967 1125 2185 1194 longius
2206 1125 2414 1191 elIerri,
2434 1139 2598 1194 quam
2624 1122 3010 1185 conveniebat,
3035 1122 3176 1191 apud
3199 1136 3260 1176 se
3289 1121 3542 1176 dicebat:

1967 1214 2132 1271 Cessa
2154 1216 2223 1272 ab
2256 1218 2360 1280 ira,
2387 1226 2443 1272 et
2470 1217 2628 1272 vince
2659 1215 2924 1271 animum.
2984 1213 3292 1284 Statimque
3315 1213 3544 1270 verbum

1969 1322 2058 1363 res
2084 1309 2198 1378 ipsa
2237 1309 2592 1379 sequebatur.
2615 1309 2750 1363 Nam
2778 1317 2835 1363 et
2865 1308 3066 1363 sensim
3098 1305 3168 1360 ab
3221 1305 3303 1360 ira
3355 1304 3542 1370 desiit,

1966 1408 2026 1454 et
2085 1415 2278 1455 rursus
2336 1400 2404 1455 ad
2467 1415 2526 1454 se
2585 1398 2770 1455 rediit.
2827 1401 3004 1470 Atque
3068 1397 3214 1468 quod
3268 1411 3297 1451 a
3356 1403 3548 1452 sancto

1969 1490 2192 1560 quidem
2224 1489 2428 1545 factum
2453 1489 2620 1544 estin
2679 1488 3135 1552 Constantinum,
3197 1485 3307 1542 l‘uit
3360 1487 3552 1558 hujus-

1970 1583 2117 1638 modi
2143 1583 2321 1650 ;quod
2345 1592 2526 1638 autem
2552 1584 2604 1637 in
2630 1583 2798 1638 lilium
2821 1584 2960 1654 ejus,
2984 1581 3096 1653 jam
3121 1580 3320 1638 dicam.
3345 1579 3551 1637 Ascen«

1968 1676 2052 1731 dit
2085 1675 2130 1729 is
2156 1690 2379 1746 quoque
2413 1674 2711 1745 aliquando
2741 1674 2806 1730 ad
2834 1673 2985 1730 hunc
3016 1672 3111 1728 Dei
3139 1687 3385 1737 servum,
3419 1687 3545 1728 cum

1971 1774 2126 1836 pater
2158 1768 2213 1820 id
2231 1767 2582 1838 eijussisset.
2614 1767 2822 1838 Lingua
2847 1773 3032 1823 autem
3087 1766 3139 1822 ei
3190 1767 3433 1830 lababat,
3489 1775 3550 1822 et

283 1837 389 1932 ταὶ
402 1867 584 1931 μένος.
621 1860 680 1914 'll
742 1861 968 1930 γλῶσσα
997 1861 1055 1918 δὲ
1092 1861 1242 1932 αὐτῷ
1264 1837 1564 1931 ’σφαλερῶς
1603 1837 1718 1932 εἷχε
1769 1859 1866 1915 καὶ

1975 1837 2331 1915 balbutiebat.
2361 1857 2498 1912 Cum
2529 1872 2660 1929 ergo
2697 1837 2822 1912 cum
2847 1866 3038 1914 saneto
3072 1872 3358 1914 sermones
3401 1872 3551 1913 con-

285 1955 708 2025 ύπετραῦλιζεν.
753 1953 974 2024 Ἐπειδὴ
1019 1954 1201 2010 τοίνυν
1233 1955 1317 2014 είς
1373 1953 1570 2023 λόγους
1603 1952 1747 2006 ἔλθοι
1787 1951 1867 2022 τῷ

1975 1951 2211 2017 tulisset,
2239 1949 2548 2020 intelligens
2570 1949 2682 2015 ille,
2721 1949 2869 2020 quod
2900 1949 2956 2004 in
2995 1948 3232 2004 dicendo
3263 1949 3546 2014 titubaret,

287 2046 456 2113 ἁγίῳ,
512 2046 695 2108 συνεὶς
742 2043 954 2107 ἐκεῖνος
1001 2043 1358 2114 προσπταίων
1407 2039 1498 2114 ἦν,
1555 2043 1867 2114 προτείνειν

1975 2041 2127 2118 iussit
2147 2047 2198 2101 ei
2228 2045 2468 2116 linguam
2501 2046 2802 2116 porrigere.
2833 2043 2946 2098 Hoc
2972 2051 3157 2098 autem
3189 2043 3393 2098 factum
3446 2043 3551 2098 fuit

286 2137 514 2189 ἐκέλευε
543 2135 640 2207 τὴν
672 2135 942 2204 γλῶτταν.
971 2135 1141 2188 Τοῦτο
1166 2134 1244 2202 δὲ,
1275 2135 1350 2200 ὡς
1376 2136 1664 2189 ἐκέλευσεν
1709 2153 1872 2207 γεγο-

285 2227 407 2291 νὸς,
437 2229 466 2279 ο
489 2226 546 2280 δὲ
583 2229 676 2297 τὴν
705 2227 800 2282 τοῦ
824 2227 1104 2297 τρανῶσαι
1128 2227 1340 2298 ταύτην
1369 2227 1671 2299 δυναμένου
1705 2228 1868 2298 μόνου

286 2317 434 2371 Θεοῦ
469 2317 827 2390 βοησάμενος,
868 2321 985 2389 ἅμα
1019 2318 1118 2389 μὲν
1145 2317 1222 2390 τῷ
1249 2318 1521 2390 νεανίσκῳ
1550 2320 1610 2374 τὸ
1635 2321 1872 2390 ὄργανον

283 2407 674 2476 δετράνωσεν,
718 2407 837 2479 ἃμα
876 2407 934 2462 δὲ
983 2407 1084 2479 τὴν
1139 2407 1341 2475 Ιτούτου
1382 2407 1562 2478 ψυχὴν
1598 2411 1733 2480 πρὸς
1772 2409 1874 2472 τὰς

288 2499 387 2552 τοῦ
439 2497 575 2551 Θεοῦ
615 2499 838 2562 ἐντολάς
899 2499 1279 2570 ἀκμαιοτέραν
1333 2495 1448 2556 οἷον
1486 2500 1713 2571 ἐποίησε
1777 2503 1874 2556 καὶ

290 2590 462 2662 ζῆλον
492 2593 626 2664 αὐτῇ
665 2593 834 2662 ἐνῆκε
857 2593 966 2646 τῶν
999 2593 1243 2662 ἀγαθῶν.

362 2683 498 2739 Mi“.
525 2685 689 2737 Ἀλιὰ
712 2685 808 2738 τὸν
837 2685 937 2756 μὲν
965 2685 1046 2738 ὅτι
1076 2684 1339 2741 τοιούτων
1383 2681 1453 2758 ἦν
1488 2687 1663 2754 ἄξιος,
1697 2687 1874 2742 τοιού-

290 2795 405 2841 τοις
448 2779 722 2849 ἠμείψατο
742 2796 756 2811 ·
798 2780 1009 2851 ἑτέροις
1035 2779 1092 2834 δδ
1122 2780 1217 2834 καὶ
1248 2782 1326 2843 εἰς
1353 2779 1481 2848 ὄψιν
1521 2779 1692 2850 ἥκων,
1725 2781 1876 2850 ὅμως

285 2873 386 2941 οὐχ
436 2872 652 2940 ἑωρᾶτο
701 2872 830 2942 παρ’
869 2871 1082 2929 αὐτῶν.
1159 2871 1505 2942 ’ῼκοδομεῖτο
1537 2871 1647 2942 γάρ
1699 2889 1784 2935 τις
1815 2874 1876 2926 ἐν

294 2964 370 3033 τῷ
396 2965 519 3034 ὄρει
545 2965 622 3033 τῷ
654 2965 956 3037 Προδρόμῳ
997 2964 1143 3029 ναὸς,
1176 2958 1238 3019 οῦ
1270 2963 1361 3017 τὸν
1393 2963 1510 3034 βίον
1548 2960 1704 3029 οὗτος
1748 2965 1876 3038 ἐζή-

294 3058 408 3110 λου.
445 3057 521 3110 Τὸ
566 3056 622 3109 δὲ
653 3058 752 3127 τῆς
783 3058 1074 3128 οἰκοδομῆς
1119 3058 1309 3128 σχῆμα
1353 3059 1458 3111 ὑπὸ
1501 3059 1594 3112 τοῦ
1632 3061 1874 3133 μεγάλου

1971 2134 2592 2206 sicutjussit.illevero
2648 2133 2938 2203 implorato
3006 2132 3210 2188 auxilio
3249 2133 3394 2203 ejus,
3454 2132 3552 2203 qui

1974 2236 2155 2298 potest
2179 2227 2358 2282 facere
2390 2234 2451 2281 ut
2473 2236 2666 2297 aperte
2700 2234 2756 2281 et
2783 2226 3047 2282 distincte
3075 2227 3356 2296 loquatur,
3385 2226 3551 2286 simul

1973 2319 2200 2390 quidem
2227 2319 2410 2376 effecit
2439 2329 2498 2375 ut
2528 2320 2867 2376 adolescenti
2898 2334 3046 2376 esset
3099 2321 3302 2392 linguas
3336 2321 3546 2377 instru-

1974 2421 2221 2469 mentum
2254 2421 2568 2482 promptum
2601 2419 2658 2468 et
2705 2412 3045 2482 expeditum.
3090 2421 3146 2468 et
3193 2411 3380 2468 effecit
3431 2413 3554 2486 ejus

1973 2504 2212 2560 animam
2243 2504 2310 2559 ad
2339 2505 2436 2559 Dei
2489 2505 2840 2575 exsequenda
2893 2517 3164 2576 przecepta
3202 2504 3551 2571 vividiorem,

1974 2609 2032 2656 et
2056 2600 2106 2654 ei
2134 2599 2364 2654 immisit
2390 2599 2659 2654 bonorum
2685 2597 3114 2654 aemulationem.

2046 2690 2234 2746 XLIII.
2259 2690 2366 2744 Sed
2419 2705 2546 2744 eum
2596 2689 2842 2759 quidem,
2906 2689 3052 2758 quod
3129 2690 3331 2746 talibus
3411 2701 3559 2747 esset

1977 2783 2195 2854 dignus,
2221 2781 2425 2836 talibus
2463 2790 2548 2836 est
2570 2790 2954 2836 remuneratus
2978 2797 2991 2833 :
3024 2781 3078 2835 in
3107 2783 3338 2838 aliorum
3367 2794 3557 2840 autem

1975 2890 2104 2931 cum
2134 2874 2372 2930 venisset
2401 2883 2777 2943 conspectum,
2808 2874 2877 2930 ab
2904 2875 2986 2930 eis
3012 2882 3192 2930 tamen
3219 2890 3329 2930 non
3358 2891 3556 2934 cerne-

1978 2968 2163 3024 batur.
2195 2967 2594 3024 Edillcabatur
2637 2966 2783 3023 enim
2834 2969 2890 3023 in
2945 2978 3132 3024 monte
3192 2967 3448 3040 Baptista:
3500 2976 3560 3027 et

1979 3056 2314 3113 Przecursori
2337 3059 2610 3128 quoddam
2668 3059 2958 3131 templum,
3021 3059 3184 3130 cujus
3239 3063 3407 3117 vitam
3460 3062 3560 3120 hic

294 3151 555 3220 διώριστο
584 3153 694 3212 τοί³
718 3151 1088 3221 οἰκοδομοῦσι.
1129 3151 1301 3218 Δόξαν
1329 3150 1424 3206 οῦν
1465 3169 1595 3206 ποτε
1625 3152 1705 3223 τῷ
1731 3155 1872 3225 ἁγίῳ

1977 3149 2358 3205 aemulabatur.
2389 3150 2582 3206 Forma
2609 3160 2794 3207 autem
2829 3149 3050 3206 aedilicii
3082 3167 3111 3206 a
3139 3168 3335 3224 magno
3383 3154 3554 3211 Joano

295 3244 440 3296 κατὰ
468 3243 602 3297 θέαν
625 3244 725 3313 τῆς
752 3242 1046 3312 οἰκοδομῆς
1085 3241 1287 3308 ἐλθεῖν,
1314 3242 1446 3297 ὥστ’
1481 3244 1612 3298 ἰδεῖν
1655 3246 1705 3299 εί
1735 3248 1879 3303 κατά

293 3335 365 3386 τά
401 3335 496 3387 ὑπ’
546 3336 759 3387 ἐκείνου
799 3333 1201 3405 διατεταγμένα
1235 3334 1296 3388 τὸ
1351 3335 1517 3406 ἔργον
1561 3336 1878 3407 προϐαίνοι,

293 3427 489 3496 ἐπειδὴ
532 3427 614 3496 τῷ
669 3427 898 3496 τοιούτῳ
927 3429 1188 3500 ἐπισταίη
1245 3430 1421 3500 τόπῳ,
1461 3431 1876 3502 παραὸάλλουσί

293 3535 436 3580 τινες
466 3521 523 3570 ἐν
556 3518 710 3588 αύτῷ
737 3520 831 3573 καὶ
851 3519 1052 3590 ἕτεροι,
1083 3519 1159 3584 ὡς
1185 3520 1254 3574 ἂν
1287 3520 1380 3576 τὸν
1409 3521 1728 3592 θαυμαστὸν
1755 3522 1879 3575 τοῦ-

293 3625 384 3662 τον
439 3608 614 3676 ἄνδρα
667 3608 971 3672 θεάσοιντο,
1008 3608 1126 3679 ἀμα
1181 3610 1277 3665 καί
1337 3628 1485 3675 τινος
1539 3614 1671 3681 παρ’
1709 3612 1876 3667 αύτοῦ

292 3702 393 3771 τῆς
422 3701 647 3771 ὁμιλίας
676 3701 1008 3768 eameam.
1055 3702 1209 3756 Ἐπεὶ
1233 3698 1328 3758 οὖν
1355 3705 1535 3758 ἐκεῖσε
1575 3700 1728 3770 οὗτός
1759 3723 1817 3760 τε
1849 3706 1880 3760 ὸ

293 3794 395 3864 τὴν
443 3793 690 3865 ἄσκησιν
746 3793 1020 3858 νεανικὸς,
1057 3796 1307 3849 κακεῖνος
1337 3796 1650 3866 γεγόνασιν,
1712 3800 1741 3851 ό
1777 3798 1879 3868 μὲν

298 3891 430 3960 παρ’
464 3889 656 3952 αὐτοῖς
691 3887 902 3953 ῐστατο,
923 3887 996 3942 τὰ
1025 3890 1124 3959 τῆς
1146 3891 1440 3962 οίκοδομῆς
1472 3892 1622 3955 ὅπως
1647 3891 1880 3962 προσαί-

297 3998 376 4034 νοι
401 3981 745 4035 διασκοπῶν.
781 3981 850 4035 Οί
873 3981 931 4035 δὲ
955 3983 1050 4036 καὶ
1084 3982 1343 4054 ὁρῶντες,
1376 3985 1527 4052 ὅμως
1547 3985 1646 4055 οὐχ
1688 3984 1878 4056 ἐώρων

299 4075 488 4127 αὐτόν.
528 4068 666 4125 Εἶτα
697 4074 906 4136 ἐκεῖνος
954 4073 1056 4142 μὲν
1084 4073 1184 4143 τὴν
1223 4074 1521 4146 οἰκοδομὴν
1574 4075 1723 4141 ίδὼν,
1777 4077 1880 4148 τὴν

299 4168 389 4221 ἐπὶ
420 4168 486 4221 τὸ
513 4166 782 4237 σπήλαιον
807 4161 963 4229 αὖθις
990 4167 1236 4240 ἐτράπηο
1262 4169 1312 4222 oi
1337 4169 1395 4224 δὲ
1422 4171 1499 4240 τῷ
1528 4170 1681 4241 τόπῳ
1711 4187 1881 4241 προσ-

297 4262 547 4334 ήδρευον,
587 4259 956 4330 ἀναμένοντες
1015 4260 1159 4313 πότε
1209 4261 1352 4331 ἥξοι.
1403 4261 1526 4314 Τῶν
1579 4264 1679 4316 σὺν
1726 4262 1880 4333 αὐτῷ

300 4360 478 4407 τοίνυν
529 4371 617 4417 τις
679 4352 952 4424 μοναχῶν,
999 4351 1275 4424 (Ἰωάννης
1325 4353 1382 4406 δὲ
1437 4369 1593 4418 ουτος
1646 4349 1759 4424 ἦν),
1817 4355 1880 4408 τὸ

307 4451 537 4518 πρᾶγμα
561 4447 748 4514 γνοὺς,
776 4445 1016 4516 λυπηρόν
1047 4462 1108 4499 τε
1132 4443 1291 4498 τοῦτο
1312 4444 1462 4512 δόξαι
1487 4448 1595 4508 τοῖς
1618 4446 1880 4516 ἀνδράσιν

1981 3241 2129 3298 nicio
2158 3240 2338 3296 fuerat
2362 3240 2640 3311 descripta
2713 3243 2802 3309 iis,
2849 3242 2945 3314 qui
3004 3241 3368 3300 aediﬁcabant.
3417 3242 3558 3306 Cum

1978 3349 2111 3406 ergo
2140 3345 2332 3390 sancto
2360 3333 2537 3388 visum
2572 3341 2717 3389 esset
2741 3333 3036 3404 aliquando
3061 3334 3251 3390 venire
3293 3334 3361 3390 ad
3414 3351 3550 3392 con-

1983 3429 2356 3500 templandum
2389 3427 2703 3494 aedilicium,
2738 3436 2798 3482 ut
2828 3427 3044 3482 videret
3071 3442 3139 3483 an
3169 3445 3307 3501 opus
3365 3445 3560 3500 prece,

1979 3520 2156 3584 deret,
2191 3528 2251 3575 ut
2315 3521 2672 3575 constituerat
2725 3533 2896 3575 :cum
2951 3520 3019 3574 ad
3074 3536 3199 3576 eum
3256 3521 3438 3577 locum
3465 3539 3562 3581 ve-

1980 3616 2176 3679 nisset,
2209 3612 2512 3668 acccedunt
2540 3611 2703 3667 etiam
2752 3609 2820 3665 ad
2876 3625 3003 3666 eum
3039 3611 3262 3682 quidam
3319 3613 3433 3676 alii,
3497 3623 3561 3671 ut

1979 3709 2161 3765 virum
2218 3705 2598 3763 admirabilem
2657 3703 2820 3760 simul
2850 3713 2908 3759 et
2952 3703 3226 3773 viderent,
3279 3713 3337 3760 et
3373 3704 3561 3777 aliquo

1980 3802 2101 3874 ejus
2144 3813 2394 3858 sermone
2423 3797 2758 3858 fruerentur.
2793 3794 2931 3851 Cum
2954 3810 3084 3863 ergo
3133 3795 3263 3852 illuc
3318 3797 3563 3853 venisse'

1981 3891 2321 3955 Joannicius,
2349 3891 2441 3962 qui
2473 3889 2704 3964 juvenili
2729 3897 2849 3945 erat
2902 3891 3324 3956 exercitatione,
3372 3898 3430 3946 et
3480 3890 3562 3946 ιιι.

1983 3985 2151 4040 etiam
2193 3986 2496 4048 venissent,
2539 3985 2630 4041 ille
2671 3983 2893 4054 quidem
2943 3986 3121 4041 stabat
3167 3983 3323 4054 juxta
3387 3983 3559 4052 ipsos,

1983 4076 2339 4132 considerans
2412 4078 2689 4148 quomodo
2733 4075 3402 4148 procederetmdiﬁcium.
3449 4074 3535 4136 illi

1982 4181 2114 4221 vero
2159 4166 2406 4222 videntes
2440 4183 2588 4232 cum,
2643 4177 2825 4222 tamen
2858 4181 2966 4222 non
3016 4165 3297 4222 videbant.
3351 4165 3563 4224 Deinde

1983 4260 2076 4315 ille
2107 4259 2328 4330 quidem
2364 4275 2490 4315 cum
2522 4260 2748 4316 vidisset
2775 4259 3088 4326 aedilicium,
3123 4275 3317 4318 rursus
3333 4260 3567 4318 conver-

1982 4363 2077 4403 sus
2099 4357 2184 4403 est
2216 4347 2282 4401 ad
2312 4348 2656 4418 speluncam.
2681 4348 2763 4404 illi
2792 4357 2975 4404 autem
3001 4349 3202 4406 inloco
3224 4349 3562 4418 assidebam,

1983 4446 2366 4508 exspectantes
2386 4440 2607 4510 quando
2638 4449 2786 4498 esset
2815 4449 3104 4500 venturus.
3136 4442 3370 4511 Quidam
3433 4457 3566 4515 ergo

304 4515 542 4607 ἡγεῖται,
603 4537 700 4589 καὶ
739 4536 877 4607 πρὸς
910 4515 1002 4588 τὸν
1049 4536 1237 4602 ἅγιον,
1275 4535 1349 4588 Ού
1381 4536 1506 4608 χρὴ,
1545 4515 1872 4607 φησὶρτοῦς

1983 4549 2049 4589 es
2075 4535 2164 4600 iis,
2222 4536 2315 4608 qui
2369 4545 2524 4593 erant
2573 4553 2698 4594 cum
2733 4538 2873 4611 ipso,
2928 4540 3215 4597 monachis
3246 4540 3330 4610 (is
3377 4552 3566 4598 autem

304 4631 388 4683 διὶ
425 4631 485 4682 σὲ
518 4629 790 4698 τοσαύτην
827 4627 948 4682 ὁδον
991 4627 1248 4697 ἣκοντας,
1285 4626 1560 4691 ἀθεάτους
1595 4628 1872 4683 ἐπανιέναι

1981 4627 2396 4702 eratJoannes)
2435 4645 2561 4686 cum
2591 4646 2710 4686 rem
2737 4631 3104 4702 cognovisset,
3141 4631 3422 4702 existimat
3462 4633 3570 4691 boo

308 4724 468 4776 πάλιν
494 4723 595 4791 τῆς
628 4722 728 4790 σῆς
764 4719 963 4790 ἀρετῆς
985 4737 999 4751 ο
1055 4718 1302 4790 λυπηρὸν
1349 4714 1497 4784 οἶδας
1531 4720 1593 4773 τὸ
1623 4721 1872 4792 πρᾶγμα¹

1986 4724 2068 4780 eis
2106 4722 2284 4777 visum
2337 4737 2458 4778 esse
2517 4723 2828 4787 molestum,
2861 4732 2918 4779 et
2966 4733 3158 4793 saneto
3217 4725 3404 4782 dicit:
3443 4726 3568 4787 Non

309 4817 402 4868 καὶ
440 4816 620 4884 μέσης
661 4812 856 4883 μύτῆς
913 4810 1226 4882 ἀπτόμενον
1279 4810 1378 4883 τῆς
1423 4810 1676 4882 καρδίας.
1727 4812 1788 4864 Ὀ
1826 4811 1872 4865 δέ

1987 4823 2205 4886 oportet
2237 4828 2332 4869 eos
2367 4814 2461 4884 qui
2517 4823 2747 4886 propter
2802 4823 2854 4870 te
2885 4824 3095 4872 tantum
3149 4816 3255 4874 iter
3309 4819 3570 4883 confece-

314 4907 464 4973 ᾶγιος
535 4905 770 4977 ἐπῄνεσε
807 4904 905 4973 μὲν
951 4902 1198 4966 ἐκείνους
1233 4903 1333 4975 τῆς
1368 4905 1764 4974 προαιρέσεως,
1793 4903 1872 4958 καί

1989 4912 2142 4969 runt,
2167 4905 2372 4960 reverti
2395 4914 2485 4960 tua
2509 4921 2619 4962 non
2663 4915 2959 4977 conspecta
3005 4910 3234 4964 virtute.
3272 4908 3394 4968 Scis
3449 4927 3568 4970 rem

311 4997 662 5068 ὑπερηύξατο
689 4995 891 5062 αὐτῶν,
939 4996 1080 5066 πρὸς
1120 4995 1180 5049 δὲ
1215 4997 1307 5050 τὸν
1345 4995 1582 5066 μοναχὸν
1628 4997 1867 5069 ἐπιστρα

1989 5015 2111 5056 esse
2138 4999 2446 5067 molestam,
2484 5009 2540 5057 ct
2564 5017 2684 5072 quae
2707 5017 2802 5062 cor
2844 5003 3024 5074 ipsum
3084 5005 3258 5075 tangit
3303 5007 3571 5068 medium.

313 5090 455 5157 φεὶς,
499 5088 626 5150 [Ιῶς
658 5088 725 5140 ἂν
758 5087 786 5141 δ
818 5086 894 5158 μὴ
947 5087 1030 5158 τῷ
1059 5087 1182 5158 8εῷ
1208 5088 1400 5141 δοκοῦν
1452 5087 1545 5156 ὑφ’
1581 5087 1742 5160 ἡμῶν
1795 5089 1872 5156 γέ·

1993 5091 2229 5148 Sanctus
2255 5107 2388 5147 vero
2421 5093 2667 5148 laudavit
2707 5093 2932 5164 quidem
2964 5095 3204 5152 illioram
3236 5097 3569 5164 institutum,

315 5193 486 5240 νοιτο;
524 5173 704 5230 εἶπεν.
766 5175 912 5243 Ἐγὼ
949 5176 1049 5246 μὲν
1100 5177 1213 5246 γὰρ
1257 5179 1315 5229 ἐν
1347 5177 1500 5247 μέσῳ
1533 5177 1643 5232 τῶν
1685 5176 1872 5246 ὀφθαλι

1993 5195 2048 5242 et
2074 5203 2174 5257 pro
2205 5187 2285 5243 eis
2309 5197 2392 5242 est
2411 5196 2670 5256 precatus
2705 5203 2719 5239 :
2755 5202 3056 5244 conversus
3079 5200 3265 5246 autem
3287 5189 3356 5242 ad
3381 5204 3575 5244 mena.

321 5270 428 5339 μῶν
458 5270 690 5323 ἐκείνων
722 5269 1208 5338 ἀπαρακαλύπτως
1251 5266 1319 5340 ἦν
1377 5269 1648 5340 έστηκὼς,
1679 5273 1729 5323 οἱ
1760 5272 1816 5325 δὲ
1843 5289 1863 5324 ε

1995 5279 2160 5333 chum
2195 5295 2208 5331 :
2245 5279 2530 5344 Quomodo
2555 5295 2583 5332 a
2612 5279 2791 5346 nobis,
2823 5279 3021 5348 inquit,
3052 5277 3167 5334 ﬁeri
3203 5281 3398 5349 possit,
3422 5281 3574 5352 quod

320 5368 407 5416 καὶ
436 5365 571 5418 Θεὸν
620 5359 769 5432 εἶχον
803 5363 1248 5428 συνευδοκοῦντα,
1283 5365 1500 5427 πάντως
1547 5366 1612 5420 ἄν
1669 5383 1737 5437 με
1799 5370 1872 5421 γα

1998 5374 2109 5427 Deo
2154 5387 2263 5426 non
2311 5373 2529 5427 videtur
2557 5372 2580 5425 ?
2612 5372 2747 5426 Nam
2808 5385 2911 5440 ego
2957 5371 3180 5440 quidem
3215 5375 3426 5430 stabam
3457 5376 3579 5432 sine

322 5455 804 5527 ὕποχρυπτόμενον
833 5450 995 5509 εἶδον.
1033 5453 1220 5508 Ταὶτει
1252 5455 1323 5516 ὡς
1360 5458 1511 5526 παρὰ
1545 5457 1640 5510 τοῦ
1673 5459 1829 5527 ἁγίου
1862 5479 1872 5511 ε

2000 5465 2114 5519 ullo
2153 5472 2468 5535 legumento
2501 5464 2552 5516 in
2597 5463 2779 5517 medio
2825 5463 3112 5518 oculorum
3166 5465 3435 5523 illorum:
3495 5469 3577 5524 illi

323 5548 547 5618 μοναχὸς
572 5547 798 5617 ἢκουσε,
819 5548 931 5608 τοῖς
959 5544 1186 5615 ἀνδράσι
1216 5545 1434 5616 μηνύει,
1465 5549 1513 5599 οἱ
1539 5548 1594 5600 δὲ
1627 5550 1872 5620 ἀναστρέ·

1998 5567 2203 5622 autem,
2235 5556 2280 5612 si
2308 5557 2421 5611 Deo
2455 5555 2506 5609 id
2543 5555 2614 5608 ita
2642 5555 2820 5608 visum
2843 5565 3012 5622 esset,
3070 5571 3156 5613 me
3215 5559 3446 5616 omnino
3496 5561 3582 5617 vi.

325 5654 474 5707 ςοντι
533 5637 702 5706 μηδὲν
764 5635 1232 5705 δυσχεραίνοντες.
1295 5637 1406 5689 Καὶ
1471 5639 1631 5690 τοῦτο
1667 5641 1766 5709 μὲν
1826 5642 1872 5694 δί

2001 5651 2233 5715 dissent,
2261 5647 2476 5703 etiamsi
2505 5662 2590 5701 me
2625 5646 3058 5704 abscondissem.
3082 5651 3378 5724 Postquam
3405 5652 3520 5711 hac
3547 5670 3580 5716 a

622 5729 730 5747 ·-·.τ

2002 5752 2192 5798 sancto
2272 5741 2484 5796 audivit
2517 5742 2945 5806 monachus,eis
2972 5743 3262 5812 signiﬁcat.
3311 5747 3391 5802 illi
3449 5765 3582 5805 vero

325 5819 870 5965 rerertugturgnihil
918 5836 1058 5892 aegre
1090 5821 1351 5878 ferentes.
1408 5822 1472 5877 Et
1526 5824 1629 5880 hoc
1659 5827 1879 5896 quidem
1922 5847 2004 5891 est
2051 5833 2344 5903 ejusmodi.
2401 5833 2506 5887 Sed
2571 5832 2705 5887 illud
2751 5834 2973 5903 quidem
3026 5839 3303 5906 quomodo
3371 5857 3474 5894 non
3500 5858 3581 5912 est

334 5925 526 5965 uarran
575 5926 667 5965 um
699 5949 710 5962 .

334 5925 667 5966 narrandum
697 5925 710 5962 ί
