4066 6372
490 338 560 399 79
1708 341 1990 403 MENSIS
2030 324 2464 413 NOVEMBER.
3310 315 3315 319 ’
3644 352 3717 415 eo

556 452 738 508 XLIV.
775 450 1093 507 Theodorus
1116 449 1358 522 quidam,
1384 453 1477 524 qui
1498 453 1660 510 modo
1677 456 1842 510 vitam
1864 470 2044 511 susce-

2219 457 2350 515 MA'.
2380 458 2651 529 Θεόδωρός
2700 476 2778 523 τις
2825 459 2947 530 ἄρτι
2985 457 3073 510 τὸν
3103 458 3313 529 μονήρη
3358 458 3475 529 βίον
3516 459 3720 532 ἀνῃρηο

486 553 639 615 pcmt
663 544 1040 607 monasticam,
1069 543 1326 613 cupiebat
1348 552 1416 600 de
1443 544 1612 600 rebus
1638 547 1807 602 sancti
1834 547 2048 604 discere

482 638 552 693 ab
581 637 669 702 iis,
703 636 796 706 qui
827 636 892 690 ad
923 635 1100 705 ipsum
1120 636 1485 704 ventilabam,
1516 648 1572 694 et
1619 655 1869 710 quaenam
1902 648 2049 697 esset

481 731 603 800 ejus
653 727 777 782 vita:
807 728 968 792 ratio,
1004 736 1059 782 ct
1099 727 1539 799 cujusnammodi
1572 733 1949 802 aspiceretur;
1993 741 2050 789 et

482 821 742 893 quidnam
800 818 1006 874 faceret
1037 826 1129 875 aut
1161 819 1393 885 diceret,
1426 831 1486 876 ut
1516 824 1561 877 si
1615 822 1752 886 nihil
1783 825 1956 890 aliud,
1992 833 2050 879 at

480 919 548 973 de
587 912 856 971 Joannicii
887 911 1109 982 quidem
1143 920 1291 968 certe
1322 913 1489 968 rebus
1512 924 1696 984 posset
1723 932 1969 981 narrare,
1995 928 2049 973 ct

482 1007 616 1062 hinc
643 1004 961 1059 memoriam
984 1003 1100 1058 suis
1146 1003 1485 1072 relinqueret
1514 1006 1773 1074 posteris,
1807 1022 1931 1062 cum
1986 1009 2045 1073 ii,

482 1100 574 1169 qui
602 1098 721 1152 haec
750 1097 818 1150 ab
868 1096 964 1150 illo
995 1094 1340 1159 audiverant,
1373 1094 1488 1151 suis
1514 1111 1707 1151 rursus
1753 1106 2050 1153 narrarent

466 1186 734 1259 posteris,
753 1182 897 1255 quod
915 1184 1030 1238 haec
1045 1191 1098 1237 et
1120 1182 1235 1239 haec
1256 1182 1321 1238 ab
1348 1183 1447 1239 hoc
1465 1194 1558 1238 aut
1576 1184 1672 1240 illo
1694 1186 2046 1245 audivissent.

481 1280 615 1334 Cum
646 1285 827 1332 autem
851 1276 1422 1345 narraretaliquibus,
1495 1292 1837 1347 quaecunque
1893 1281 2051 1336 audi-

480 1376 651 1434 verat,
683 1366 762 1421 illi
791 1374 975 1420 autem
1003 1363 1383 1419 dicerenthzec
1408 1380 1518 1420 non
1546 1380 1668 1428 esse
1706 1368 2048 1425 admittenda

482 1461 620 1514 citra
665 1455 1124 1512 examinationem
1154 1471 1167 1520 ;
1202 1455 1306 1510 Sed
1364 1456 1581 1523 horum,
1609 1457 1885 1523 dicebant,
1914 1459 2050 1515 elic-

481 1562 710 1612 ctorem,
739 1546 784 1601 si
815 1544 971 1604 velis.
997 1543 1329 1599 videbimus.
1378 1543 1474 1600 Ille
1522 1556 1708 1602 autem
1751 1548 1934 1602 statim
1990 1550 2051 1605 iit

480 1641 562 1695 eis
579 1640 687 1695 dux
709 1636 946 1700 itineris,
971 1645 1027 1691 et
1058 1650 1250 1690 rursus
1276 1634 1581 1692 ascendunt
1601 1636 1668 1691 ad
1699 1649 1970 1707 sanctum,
1992 1650 2050 1696 et

480 1748 605 1788 cum
633 1732 1007 1799 alloquuntur.
1044 1724 1179 1782 Cum
1210 1742 1341 1782 vero
1369 1740 1551 1783 sermo
1578 1728 1648 1783 ab
1672 1727 1752 1785 eis
1780 1729 2052 1800 produce-

2153 551 2336 621 μένος,
2370 550 2666 605 ἐπόθειτὰ
2722 551 2814 605 τοῦ
2848 552 3007 621 ἁγίου
3063 551 3212 621 παρὰ
3269 550 3379 604 τῶν
3421 551 3497 615 ὡς
3554 552 3719 606 αὑτὸν

2149 639 2461 707 φοιτώντων
2490 641 2807 712 μανθάνειν,
2840 644 2962 711 ἥτις
2997 658 3056 694 τε
3101 640 3252 709 αύτῷ
3282 642 3314 710 ἡ
3351 640 3597 713 διαγωγὴ
3627 644 3720 696 καὶ

2147 733 2329 795 ὁποῖος
2352 734 2568 804 ὁρᾶται,
2602 734 2697 787 καὶ
2729 735 2757 786 ὁ
2784 749 2837 785 τι
2867 733 3097 805 πράττοι
3129 732 3162 802 ἢ
3207 734 3524 801 φθέγγοιτο,
3569 735 3720 796 ὅπως

2144 825 2198 877 εί
2235 825 2311 893 μή
2342 841 2396 877 τι
2428 825 2580 890 ἄλλο,
2612 824 2750 879 ἀλλά
2784 825 2853 887 τά
2881 840 2942 892 γε
2975 823 3070 877 τοῦ
3118 823 3448 877 Ἰωαννικίου
3501 824 3707 895 διηγεῖ-

2150 914 2276 969 σθαι
2308 917 2444 985 ἔχοι,
2467 915 2762 970 κάντεῦθεν
2788 917 3009 985 μνήμην
3036 915 3226 969 ἑαυτοῦ
3250 917 3362 978 τοῖς
3387 916 3469 978 είς
3492 915 3562 968 lio
3578 933 3719 987 ςερον

2149 1007 2463 1072 καταλίποι,
2499 1008 2608 1061 τῶν
2638 1009 2730 1060 ὑπ’
2767 1009 2976 1061 ἐκείνου
3012 1006 3188 1060 ταῦτα
3225 1007 3569 1076 πυθομένων,
3606 1011 3720 1071 τοῖς

2153 1098 2271 1168 μετ’
2323 1099 2522 1160 αὐτοὺς
2580 1097 2741 1152 πάλιν
2784 1098 3199 1167 διηγουμένων,
3251 1097 3326 1160 ὡς
3370 1097 3495 1151 τάδε
3537 1096 3718 1168 τυχὼν

2151 1188 2300 1259 παρὰ
2328 1186 2423 1241 τοῦ
2455 1187 2627 1250 δεῖνος
2651 1187 2937 1240 ἐπύθοντο.
2967 1186 3121 1241 Ἐπεὶ
3144 1187 3199 1240 δέ
3222 1203 3362 1238 τισιν
3397 1187 3496 1240 ὅσα
3515 1187 3717 1255 ἥκουσε

2148 1279 2387 1347 διηγεῖτο
2439 1276 2539 1330 οὐκ
2574 1276 2949 1339 ἀϐασανίστως
2978 1275 3077 1345 μὲν
3125 1276 3324 1329 ἐκεῖνεί
3359 1293 3493 1344 φασι
3541 1276 3717 1330 ταῦτα

2150 1370 2348 1439 χρῆναι
2377 1367 2795 1438 προσδέχεσθαι,
2823 1367 2959 1420 ἀλλὰ
3004 1367 3098 1420 τὶν
3125 1367 3365 1437 ἐργάτην
3403 1368 3633 1431 τούτων.
3667 1373 3716 1423 εί

2152 1460 2354 1531 βούλει,
2386 1459 2650 1530 ὀψόμεθα.
2694 1460 2754 1512 Ὀ
2782 1458 2840 1511 δὲ
2863 1458 3053 1528 ὁδηγὸς
3084 1461 3267 1522 αὐτοῖς
3293 1459 3454 1523 εὐθὺς
3479 1461 3714 1527 γίνεται,

2152 1550 2478 1623 ἀνέρχονταί
2513 1567 2573 1603 τε
2608 1549 2760 1620 napi
2790 1549 2882 1602 τὸν
2911 1550 3067 1617 ἅγιον
3102 1551 3196 1602 καὶ
3218 1551 3298 1613 είς
3323 1550 3540 1619 ὁμιλίαν
3565 1548 3718 1620 αὑτῷ

2149 1640 2400 1711 ἥκουσιν.
2430 1640 2550 1693 Ἔτι
2577 1638 2707 1709 γοῦν
2741 1640 2925 1703 αὐτοῖς
2969 1639 3301 1711 τριϐομένης
3346 1640 3446 1711 τῆς
3477 1640 3717 1711 ὁμιλίας,

2151 1730 2354 1799 ἄρκτος
2387 1729 2552 1783 ποθὲν
2595 1728 2688 1782 τοῦ
2744 1729 2940 1794 ἄλσους
2986 1732 3334 1800 ἐπιφανεῖσα,
3367 1731 3468 1794 τὰς
3509 1730 3718 1785 τούτων

484 1836 653 1885 retur,
689 1836 834 1886 ursa,
880 1834 1001 1889 quae
1047 1817 1300 1873 alicunde
1350 1834 1381 1873 e
1424 1819 1571 1890 sylva
1632 1820 1714 1875 eis
1765 1823 2041 1892 apparuit,

2146 1820 2490 1890 διαταράττει
2518 1819 2715 1890 ψυχάς.
2750 1820 2811 1873 '0
2840 1821 2899 1874 δὲ
2920 1820 3081 1890 ἄρτον
3107 1822 3245 1891 αὐτῇ
3283 1822 3495 1891 ὀρέγειν
3536 1837 3716 1892 προσ-

482 1916 776 1974 conturbat
831 1928 1021 1970 eorum
1074 1912 1306 1966 animos.
1358 1911 1455 1968 Ille
1510 1921 1694 1968 autem
1742 1913 1917 1985 jubet.
1964 1915 2045 1972 eis

482 2010 584 2082 ipsi
654 2021 851 2079 panem
924 2004 1227 2076 porrigere,
1267 2014 1320 2058 et
1377 2003 1653 2072 hortatur,
1717 2014 1779 2061 ut
1840 2007 1911 2062 ab
1951 2008 2047 2065 illo

482 2116 678 2172 magno
714 2098 909 2153 timore
953 2103 1294 2160 recreentur,
1350 2094 1706 2151 recordantes
1750 2097 1892 2168 ejus,
1951 2098 2047 2169 qui

481 2193 635 2251 dedit
694 2198 1018 2261 potestatem
1074 2187 1434 2243 conculcandi
1480 2188 1693 2243 leonem
1736 2196 1794 2244 et
1850 2190 2047 2246 draco-

481 2286 680 2346 nem“,
709 2279 803 2350 qui
832 2278 1052 2348 quidem
1113 2285 1241 2331 sunt
1298 2291 1425 2332 urso
1457 2276 1616 2347 longe
1665 2277 2044 2347 terribiliores,

481 2385 537 2430 et
568 2374 787 2429 illorum
818 2369 1036 2440 quidem
1091 2368 1301 2422 animos
1329 2367 1528 2421 liberat
1585 2384 1614 2421 a
1663 2375 1833 2437 metu,
1864 2385 2046 2426 ursam

481 2477 662 2525 autem
691 2466 850 2537 jubet
872 2461 1070 2517 reverti
1099 2459 1167 2514 ad
1196 2474 1293 2515 sua
1345 2458 1594 2515 latibula.
1646 2459 1762 2518 Hoc
1821 2462 2045 2533 quidem

480 2562 559 2616 sic
580 2560 781 2615 factum
807 2555 1008 2619 fuerat,
1029 2561 1084 2608 et
1105 2550 1258 2607 linito
1276 2567 1550 2618 sermone,
1576 2552 1652 2606 illi
1676 2562 2045 2622 recesserunt,

476 2653 619 2714 nihil
652 2649 801 2707 aliud
822 2648 1083 2702 habentes
1103 2644 1159 2700 in
1194 2658 1310 2710 ore,
1352 2644 1459 2698 nisi
1516 2659 1769 2716 maguum
1819 2645 2047 2703 Joanni-

482 2747 647 2803 eium.
678 2742 816 2797 Hinc
850 2740 1053 2795 factum
1085 2749 1191 2800 est,
1226 2743 1285 2789 ut
1308 2744 1493 2791 essent
1538 2751 1695 2792 acres
1742 2735 1811 2791 ad
1863 2739 2043 2792 virtu-

483 2850 588 2893 tem
645 2843 699 2890 et
729 2831 795 2887 ad
822 2830 1054 2886 similem
1086 2826 1264 2883 zelum
1286 2827 1670 2889 incitarentur,
1701 2836 1758 2882 et
1790 2827 2043 2884 dicerent

480 2925 750 2987 monacho
767 2919 1058 2982 Theodoro
1092 2938 1105 2972 :
1147 2916 1265 2973 Non
1300 2932 1367 2971 cx
1398 2917 1507 2971 tuis
1528 2917 1709 2971 verbis
1740 2916 2040 2982 credimus,

480 3016 575 3073 sed
602 3032 668 3071 ex
703 3014 791 3080 iis,
829 3026 950 3081 quae
998 3008 1099 3080 ipsi
1153 3005 1463 3062 audivimus
1501 3015 1558 3060 et
1611 3006 1845 3061 vidimus
1868 3008 1950 3074 ‘°,
1984 3016 2044 3063 ut

481 3110 615 3166 dicit
648 3103 1008 3173 Evangelista.
1048 3097 1245 3153 Hancne
1283 3096 1579 3163 sulliciunt,
1634 3111 1705 3151 an
1759 3112 1827 3153 ex
1879 3098 2042 3155 rebus

478 3196 650 3254 sancti
673 3193 838 3250 vultis
858 3191 992 3246 alias
1013 3188 1333 3261 adjiciamus
1355 3187 1378 3241 ’ί
1408 3186 1514 3244 Sed
1532 3188 1828 3257 quomodo,
1854 3190 1899 3245 si
1926 3190 2041 3247 haec

478 3285 701 3343 silentio
749 3282 1084 3347 dederimus,
1147 3295 1256 3335 non
1314 3279 1804 3351 pulcherrimarum
1855 3297 2040 3337 rerum

478 3378 808 3437 detrimento
838 3377 958 3447 pios
980 3373 1374 3430 all'ecerimus?

548 3467 707 3523 XLV.
751 3465 886 3524 Cum
938 3465 1101 3520 vellet
1157 3464 1451 3535 aliquando
1487 3467 1819 3538 pauperibus
1858 3466 2039 3523 oleum

479 3559 828 3631 suppeditare
849 3555 917 3612 ad
947 3556 1341 3626 eibum(multi
1385 3557 1530 3611 enim
1591 3573 1856 3627 pauperes
1898 3573 2041 3630 sepe

478 3649 611 3705 illuc
644 3646 996 3709 accedebant,
1026 3645 1226 3716 quibus
1277 3644 1440 3700 etiam
1474 3645 1749 3716 prazbebat
1775 3647 2040 3718 quidquid

478 3739 772 3809 habebat);
804 3753 926 3794 cum
952 3752 1082 3809 ergo
1101 3738 1259 3792 vellet
1287 3736 1579 3807 aliquando
1599 3737 1680 3792 eis
1705 3739 1834 3792 dare
1861 3737 2040 3793 oleum

479 3830 620 3902 (hoc
667 3829 812 3884 enim
873 3835 1003 3882 tunc
1032 3825 1323 3897 habebat),
1348 3824 1502 3897 jubet
1539 3829 1830 3895 niunacho,
1862 3827 1956 3900 qui
1989 3828 2041 3884 ei

477 3917 1050 3983 Inserviebat,aﬂ'crre
1106 3915 1215 3970 duo
1272 3932 1419 3983 vasa,
1478 3933 1646 3972 unum
1701 3919 1765 3988 pl
1791 3933 1945 3983 num,
1986 3927 2042 3974 et

475 4012 710 4067 alterum
743 4011 926 4069 inane.
948 4009 1044 4064 Ille
1089 4018 1270 4065 autem
1337 4009 1542 4078 alioqui
1577 4009 1797 4081 quidem
1852 4010 2041 4065 existi-

476 4104 659 4160 mabat
698 4106 1212 4174 "supervacuaneum
1249 4100 1446 4156 aﬂ‘errc
1503 4118 1598 4156 vas
1648 4103 1842 4158 inme.
1897 4100 2040 4169 Quid

477 4198 648 4260 enim,
676 4195 826 4265 apud
854 4209 912 4248 se
970 4193 1207 4259 diccbat,
1246 4209 1383 4264 Opus
1423 4202 1504 4247 rsl
1565 4194 1731 4261 inani,
1800 4194 1892 4249 ubi
1956 4202 2042 4250 est

476 4286 744 4359 plenum?
770 4294 951 4339 tamen
985 4299 1109 4338 eum
1139 4300 1245 4337 non
1298 4296 1479 4354 posset
1522 4286 1824 4354 transgredi
1861 4287 2042 4342 Patris

476 4374 814 4440 mandatum,
884 4373 999 4426 haec
1046 4372 1155 4425 duo
1214 4370 1279 4423 ad
1332 4371 1508 4439 ipsum
1569 4372 1775 4436 attulit,
1842 4387 2040 4441 nempe

2065 3147 2112 3210 C

2150 1925 2360 1976 ταττει,
2422 1911 2518 1964 καὶ
2565 1910 2778 1974 τούτοις
2810 1910 3183 1982 προτρέπεται
3209 1912 3306 1982 τῆς
3335 1910 3538 1981 πολλῆς
3567 1911 3716 1965 ἐκεί-

2150 2019 2244 2072 νης
2277 2001 2576 2072 ἀναφέρειν
2624 2000 2851 2066 δειλίας,
2890 1998 3280 2073 μεμνημένους
3306 2000 3401 2055 τοῦ
3433 2002 3627 2056 λέοντά
3653 2018 3714 2054 τε

2149 2089 2241 2142 καὶ
2270 2089 2539 2161 δράκοντα
2570 2092 2904 2147 καταπατεῖν
2933 2091 3248 2159 δεδωκότος,
3286 2092 3340 2146 οἵ
3388 2109 3537 2155 τινες
3582 2093 3713 2163 περὶ

2146 2180 2248 2245 τῆς
2280 2181 2482 2253 ἄρκτου
2516 2183 2712 2255 μακρῷ
2755 2182 3141 2255 φοϐερώτεροι,
3182 2187 3276 2237 καὶ
3309 2183 3422 2238 τῶν
3467 2185 3565 2254 μὲν
3616 2184 3715 2247 τὰς

2145 2270 2325 2343 ψυχὰς
2361 2273 2699 2329 ἀπαλλάττει
2730 2274 2830 2343 τῆς
2862 2275 3086 2342 δειλίας,
3116 2276 3216 2346 τὴν
3267 2275 3324 2329 δέ
3373 2277 3572 2345 χωρεῖν
3617 2277 3714 2328 ἐπὶ

2145 2365 2214 2418 τὰ
2248 2364 2422 2417 οἰκεῖα
2453 2365 2557 2438 ἤθη
2602 2365 2836 2420 κελεύει.
2872 2365 3042 2420 Τοῦτο
3095 2367 3192 2437 μὲν
3222 2366 3287 2436 δὴ
3312 2366 3483 2430 οὕτως
3516 2367 3714 2435 ἐγεγὸ-

2147 2472 2251 2521 νει,
2287 2455 2382 2510 καὶ
2421 2456 2522 2526 τῆς
2552 2456 2772 2527 ὁμιλίας
2821 2456 3189 2525 διαλυθείσης,
3239 2457 3485 2529 ἀπῄεσαν
3540 2459 3591 2510 οί
3619 2457 3715 2511 ἄν-

2146 2546 2289 2619 δρες,
2318 2546 2509 2618 ἕτερον
2539 2548 2644 2600 ἀνὰ
2691 2547 2867 2618 στόμα
2897 2547 3156 2619 φέροντες
3194 2548 3368 2613 οὐδὲν,
3401 2548 3482 2600 ὅτι
3517 2547 3590 2617 μὴ
3622 2551 3711 2598 τὶν

2150 2638 2324 2707 μέγαν
2367 2637 2718 2692 Ἰωαννίκιον.
2754 2637 3035 2693 Ἐντεῦθεν
3068 2637 3260 2709 θερμοί
3281 2655 3425 2700 τινες
3456 2633 3597 2709 ἦσαν
3629 2639 3711 2701 είς
3772 2699 3785 2706 θ

2145 2729 2370 2802 ἀρετὴν,
2398 2728 2653 2801 καὶπρὸς
2683 2731 2775 2783 τὸν
2809 2732 2993 2801 ὅμοιον
3017 2731 3359 2785 ὂιανίσταντο
3388 2732 3572 2802 ζῆλον,
3614 2732 3713 2784 καὶ

2146 2806 2281 2895 πρὸς
2307 2821 2398 2875 τὸν
2423 2821 2658 2892 μοναχὸν
2687 2821 2962 2895 Θεόδωρον
2988 2822 3190 2892 ἔλεγον,
3220 2823 3295 2884 ὡς
3330 2822 3446 2876 Οὐκ
3466 2824 3572 2876 ἀπ’)
3598 2824 3710 2877 τῶν

2146 2913 2255 2968 σῶν
2282 2913 2612 2986 πιστεύομεν
2640 2914 2834 2983 λόγων,
2866 2913 2983 2967 ἀλλ’
3015 2914 3108 2982 ἀφ’
3136 2907 3233 2979 ὧν,
3256 2916 3400 2968 κατὰ
3426 2914 3518 2967 τὸν
3545 2916 3716 2981 εὐαγ-

2143 3004 2416 3074 γελιστὴν,
2447 3003 2601 3057 αὐτοὶ
2641 3002 2956 3073 ἠκούσαμέν
2988 3019 3047 3057 τε
3074 3006 3167 3056 καὶ
3195 3004 3430 3073 εἴδομεν.
3470 3003 3711 3074 ’Δπὸχρη

2143 3097 2335 3164 ταῦτα,
2364 3094 2398 3166 ἢ
2428 3095 2521 3148 καὶ
2543 3094 2707 3166 ἕτερα
2736 3094 2991 3164 βούλεσθε
3017 3094 3127 3148 τῶν
3151 3092 3245 3147 τοῦ
3277 3094 3432 3161 ἁγίου
3465 3094 3715 3164 προσθῶ-

2149 3203 2284 3258 μενς
2327 3184 2489 3238 Ἀλλά
2529 3185 2644 3246 πῶς
2701 3184 2768 3239 ἂν
2821 3187 3002 3257 σιωπῇ
3040 3184 3215 3239 ταῦτα
3267 3185 3469 3251 δόντες,
3525 3185 3604 3257 μὴ
3641 3186 3715 3241 τὰ

2145 3277 2407 3333 κάλλιστα
2434 3269 2584 3347 ὦμεν
2621 3273 2948 3348 ζημιοῦντες
2973 3275 3101 3337 τοὺς
3135 3272 3456 3344 φιλοθέους;

2211 3474 2348 3528 ME'.
2375 3473 2712 3544 Ἐπαρκέσαι
2744 3470 2875 3527 ποτὲ
2916 3473 3028 3535 τοῖς
3058 3472 3294 3527 ἐνδεέσιν
3324 3471 3592 3526 ἔλαιοντὸ
3618 3475 3700 3538 είς

2146 3564 2347 3636 βρῶσιν
2377 3563 2577 3618 ἐθέλων
2608 3563 2817 3633 (πολλοὶ
2834 3563 2943 3634 γὰρ
2962 3561 3217 3626 πολλάκις
3238 3562 3577 3634 παρέϐαλλον
3593 3566 3717 3618 ἐκεῖ

2143 3661 2393 3731 πένητες,
2416 3656 2496 3722 οἷς
2524 3661 2589 3730 δίι
2621 3677 2720 3715 που
2744 3658 2837 3713 καὶ
2864 3661 2970 3714 πᾶν
2996 3658 3023 3712 ὁ
3055 3658 3351 3729 ἐτύγχανεν
3378 3658 3516 3725 ἔχων
3560 3677 3710 3731 παρ-

2141 3752 2274 3822 εῖχε)
2299 3768 2312 3782 ·
2341 3750 2610 3805 διαδοῦναί
2654 3767 2783 3804 ποτε
2825 3750 3011 3804 τὶίνυν
3084 3750 3267 3804 ἔλαιον
3293 3750 3493 3805 ἐθέλων
3523 3751 3714 3816 αὐτοῖς

2144 3845 2326 3914 (τοῦτο
2346 3843 2453 3915 γὰρ
2480 3841 2629 3914 αὐτῷ
2648 3842 2770 3897 τότε
2789 3838 2875 3913 ἦν)
2904 3841 2980 3913 τῷ
3010 3842 3436 3913 ὑπηρετουμένῳ
3464 3844 3709 3914 μοναχῷ,

2145 3931 2347 4005 πλῆρές
2379 3949 2438 3985 τε
2472 3932 2568 3985 καὶ
2604 3932 2781 3997 κενὸν,
2814 3931 2907 3985 δύο
2946 3930 3119 3985 ταῦτα
3154 3932 3289 4003 πρὸς
3316 3932 3479 3987 αὑτὸν
3510 3934 3712 4000 ἀγγεῖα

2143 4025 2367 4096 κομίσαι
2391 4021 2626 4078 κελεύει.
2645 4022 2702 4076 ’0
2724 4021 2780 4075 δὲ
2805 4022 3066 4092 περιττὴν
3096 4021 3195 4091 μὲν
3215 4021 3391 4085 ἄλλως
3410 4021 3710 4092 τηνικαῦτα.

2143 4116 2297 4189 ᾠήθη
2327 4118 2428 4186 τὴν
2453 4115 2548 4170 τοῦ
2579 4115 2737 4170 κενοῦ
2764 4115 2988 4183 ἀγγείου
3022 4113 3417 4184 μετακομιδήν.
3449 4113 3543 4177 Τίς
3570 4111 3707 4184 γὰρ,

2146 4208 2280 4278 πρὸς
2330 4209 2523 4262 ἑαυτὸν
2555 4206 2734 4276 ἔλεγε,
2767 4205 2859 4261 τοῦ
2912 4205 3073 4259 κενοῦ
3113 4204 3297 4275 χρεία,
3357 4203 3493 4257 ὅπου
3534 4220 3597 4273 γε
3646 4206 3737 4257 τδ-

2146 4300 2352 4369 πλῆρες
2404 4301 2682 4370 ύπάρχει;
2716 4300 2904 4368 Ὅμως
2937 4299 3058 4351 ἐπεὶ
3094 4299 3171 4367 μὴ
3220 4298 3319 4367 τὴν
3370 4295 3465 4348 τοῦ
3496 4296 3714 4368 Πατρδς

2146 4385 2293 4459 εἶχεν
2335 4388 2558 4460 ἐντολὴν
2606 4388 2938 4459 παραϐῆναι,
2965 4386 3059 4439 δύο
3089 4383 3282 4450 ταῦτα,
3318 4383 3377 4438 τὸ
3409 4383 3619 4454 πλῆρές
3648 4405 3712 4441 τε

477 4468 698 4538 plenum
722 4464 978 4518 etinane.
999 4460 1137 4516 Cum
1173 4469 1355 4514 autem
1397 4460 1535 4514 forte
1589 4460 1806 4515 fortuna
1867 4462 2043 4517 conti-

2150 4484 2244 4535 καὶ
2275 4478 2429 4533 κενὸν
2459 4479 2620 4551 ἄρας,
2673 4477 2895 4547 ἐκόμιζε
2930 4476 3066 4547 πρὸς
3124 4475 3311 4530 αὐτόν.
3360 4476 3585 4544 Συμϐὰν
3615 4477 3714 4531 οὖν

475 4557 665 4628 gisset,
722 4562 784 4608 ut
839 4567 933 4608 vas
990 4552 1209 4622 plenum
1272 4559 1418 4604 es.~et
1467 4549 1822 4620 perforatum,
1856 4552 2037 4606 oleum

476 4661 607 4701 vero
632 4642 1034 4709 ellunderetur,
1067 4649 1185 4697 erat
1212 4641 1432 4711 perplex
1480 4641 1666 4695 animo
1716 4643 2043 4702 monachus.

475 4736 611 4791 Cum
643 4745 827 4791 autem
857 4733 911 4789 id
945 4734 997 4789 ei
1036 4731 1279 4788 venisset
1309 4729 1363 4783 in
1390 4741 1654 4794 mentem,
1719 4740 2047 4788 transmutat

475 4828 658 4883 oleum
690 4842 758 4882 ex
781 4826 942 4897 pleno
962 4824 1024 4880 in
1051 4824 1233 4891 inane,
1256 4835 1308 4879 et
1338 4825 1420 4880 sic
1445 4823 1828 4894 indigentibus
1856 4821 2043 4878 datum

478 4926 565 4973 est
619 4916 688 4971 ad
737 4915 1191 4972 misericordiam.
1241 4914 1394 4970 Tunc
1431 4915 1684 4985 cognovit
1744 4913 2044 4969 monachus

478 5009 799 5080 prophetiee
834 5010 1039 5063 dictum
1064 5008 1230 5063 fuisse
1284 5024 1314 5061 a
1370 5008 1553 5069 Patre,
1615 5016 1675 5060 ut
1729 5007 1892 5061 simul
1916 5021 2040 5062 cum

477 5114 606 5155 vase
636 5099 800 5169 pleno
845 5097 1062 5152 aﬂerret
1122 5098 1357 5152 alterum
1389 5098 1571 5151 inane.
1624 5096 1765 5151 'llinc
1811 5105 1930 5151 erat
1990 5097 2040 5150 ei

478 5192 662 5245 vultus
690 5190 974 5253 confusus,
1001 5188 1144 5259 quod
1174 5188 1344 5244 sciret
1367 5203 1425 5243 se
1448 5187 1849 5256 aliquantulum
1880 5186 2039 5241 dubi-

478 5290 620 5343 tasse
643 5282 713 5337 de
746 5281 1000 5339 mandato
1039 5281 1235 5337 Patris;
1269 5280 1346 5335 Ne
1378 5280 1509 5335 illud
1558 5278 1781 5351 quidem
1824 5294 2040 5349 mquum

472 5385 553 5427 cst
573 5375 1003 5442 praetermittere.

545 5542 724 5598 XLVI.
762 5544 982 5614 Magnus
1012 5545 1101 5599 hic
1129 5544 1290 5598 Pater
1315 5560 1438 5598 cum
1484 5553 1604 5599 toto
1632 5545 1752 5601 vita:
1788 5555 2041 5616 tempore

535 5723 556 5757 ⁹
596 5720 736 5779 I’sal.
770 5735 855 5785 ac,
895 5720 978 5775 l5.
1057 5720 1098 5751 ¹⁰
1126 5719 1282 5776 .Iuau.
1320 5738 1394 5785 tv,
1420 5721 1496 5776 ιιι

2140 4574 2283 4646 τύχῃ
2314 4572 2423 4626 τινὶ
2460 4572 2521 4625 τὸ
2560 4571 2765 4641 πλῆρες
2798 4569 3178 4640 ὁιατρηθῆναι,
3206 4567 3302 4621 τοῦ
3336 4567 3519 4623 ἐλαίου
3549 4571 3714 4622 ἐκκέ-

2142 4682 2257 4733 vos,
2307 4664 2385 4729 είς
2413 4663 2730 4735 ἀμηχανίαν
2779 4664 2808 4715 ὁ
2852 4659 3089 4733 μοναχδς
3124 4660 3464 4733 περιίστατο.
3511 4659 3737 4727 Ἐλθὼν,

2140 4758 2325 4811 τοίνυν
2360 4755 2511 4827 αὑτῷ
2536 4756 2628 4808 ἐπὶ
2659 4753 2808 4820 νοῦν,
2855 4753 2916 4807 τὸ
2962 4752 3142 4806 ἔλαιον
3190 4750 3297 4805 ἀπὸ
3343 4750 3436 4804 τοῦ
3470 4748 3715 4819 πλήρους

2143 4851 2223 4910 είς
2261 4846 2321 4899 τὸ
2355 4846 2511 4901 κενὸν
2546 4844 2901 4918 μεταϐάλλει,
2932 4843 3029 4898 καὶ
3069 4845 3184 4907 τοῖς
3232 4842 3510 4913 δεομένοις
3538 4839 3716 4898 οὕτως

2144 4941 2226 5002 είς
2280 4937 2431 4992 ἔλεον
2482 4938 2661 5008 ἐδόθη.
2718 4937 2830 4990 Καὶ
2860 4936 3002 4991 κατὰ
3049 4935 3241 5007 καιρὸν
3268 4935 3378 5005 ἄρα
3411 4933 3440 4985 ὁ
3474 4923 3711 5003 μοναχὸς

2144 5032 2249 5085 ὑπὸ
2275 5031 2369 5085 τοῦ
2407 5029 2621 5101 Πατρδς
2671 5029 2813 5099 ἔγνω
2839 5030 3115 5100 εἰρῆσθαι,
3172 5027 3233 5081 τὸ
3261 5027 3336 5096 τῷ
3383 5025 3582 5096 πλήρει
3608 5025 3712 5091 ἀγ-

2142 5125 2274 5193 γείῳ
2304 5124 2396 5178 καὶ
2428 5124 2582 5176 κενόν
2609 5140 2660 5176 τι
2684 5121 3038 5192 συγκομίσαι.
3090 5117 3376 5173 Ἐντεῦθεν
3420 5116 3515 5170 καὶ
3556 5130 3709 5167 iuva-

2146 5213 2284 5285 χύθη
2320 5212 2470 5282 αὐτῷ
2514 5213 2576 5267 τὸ
2611 5212 2924 5282 πρόσωπον,
2973 5211 3056 5263 ὅτι
3102 5209 3199 5263 καὶ
3256 5206 3451 5278 μικρόν
3478 5220 3531 5254 τι
3577 5204 3712 5271 πρὸς

2147 5305 2244 5375 τὴν
2292 5302 2387 5356 τοῦ
2457 5301 2669 5373 Πατρὸς
2730 5300 2950 5371 ἐντολὴν
3012 5296 3518 5368 διαμφ.σ6ητήσας’
3596 5293 3711 5344 ἀλλ’

2151 5393 2269 5448 ciae
2295 5394 2470 5446 ἐκεῖνο
2497 5392 2876 5463 παραδραμεῖν
2901 5389 3128 5442 δίκαιον.

2219 5542 2372 5611 NQ".
2402 5544 2461 5597 ὐ
2512 5544 2687 5615 μέγας
2721 5557 2875 5604 ουτος
2924 5539 3109 5610 Πατὴρ
3140 5536 3270 5610 παρ’
3316 5536 3436 5589 ὅλον
3485 5536 3576 5587 τὶν
3611 5532 3739 5604 τῇς·
