  <div class='ocr_page' id='page_1' title='image "/cluster/home/n/w/nwhite01/storage/ocr_20150623/116/hvd.32044073502221/046.png"; bbox 0 0 4060 6374; ppageno 0'>
   <div class='ocr_carea' id='block_1_1' title="bbox 358 298 3611 378">
    <p class='ocr_par' dir='ltr' id='par_1_1' title="bbox 358 298 3611 378">
     <span class='ocr_line' id='line_1_1' title="bbox 358 298 3611 378; baseline 0.005 -17"><span class='ocrx_word' id='word_1_1' title='bbox 358 298 433 363; x_wconf 75' lang='lat'><strong>81</strong></span> <span class='ocrx_word' id='word_1_2' title='bbox 1474 303 1651 366; x_wconf 72' lang='grc' dir='ltr'><strong>ΥΙΤΑ</strong></span> <span class='ocrx_word' id='word_1_3' title='bbox 1685 303 1745 364; x_wconf 82' lang='lat' dir='ltr'><strong>S.</strong></span> <span class='ocrx_word' id='word_1_4' title='bbox 1789 302 2175 365; x_wconf 70' lang='lat' dir='ltr'><strong>JOANNlCH</strong></span> <span class='ocrx_word' id='word_1_5' title='bbox 2211 309 2552 373; x_wconf 58' lang='lat' dir='ltr'><strong>ABBATIS.</strong></span> <span class='ocrx_word' id='word_1_6' title='bbox 3539 316 3611 378; x_wconf 72' lang='lat'><strong>82</strong></span> 
     </span>
    </p>
   </div>
   <div class='ocr_carea' id='block_1_2' title="bbox 366 416 1941 498">
    <p class='ocr_par' dir='ltr' id='par_1_2' title="bbox 366 416 1941 492">
     <span class='ocr_line' id='line_1_2' title="bbox 366 416 1941 492; baseline -0.015 -10"><span class='ocrx_word' id='word_1_7' title='bbox 366 416 522 488; x_wconf 69' lang='grc' dir='ltr'><strong>ζωῆς</strong></span> <span class='ocrx_word' id='word_1_8' title='bbox 546 419 744 491; x_wconf 64' lang='grc' dir='ltr'><strong>λρόνον</strong></span> <span class='ocrx_word' id='word_1_9' title='bbox 778 419 1080 492; x_wconf 72' lang='grc' dir='ltr'><strong>φιλοτίμως</strong></span> <span class='ocrx_word' id='word_1_10' title='bbox 1104 422 1198 475; x_wconf 75' lang='grc' dir='ltr'><strong>καὶ</strong></span> <span class='ocrx_word' id='word_1_11' title='bbox 1224 418 1520 491; x_wconf 66' lang='grc' dir='ltr'><strong>ὑπερφυῶς</strong></span> <span class='ocrx_word' id='word_1_12' title='bbox 1568 420 1837 490; x_wconf 60' lang='grc' dir='ltr'><strong>ἀσκῇσας,</strong></span> <span class='ocrx_word' id='word_1_13' title='bbox 1887 418 1941 473; x_wconf 62' lang='grc' dir='ltr'><strong>σε</strong></span> 
     </span>
    </p>
   </div>
   <div class='ocr_carea' id='block_1_3' title="bbox 2042 416 3621 498">
    <p class='ocr_par' dir='ltr' id='par_1_3' title="bbox 2052 426 3621 498">
     <span class='ocr_line' id='line_1_3' title="bbox 2052 426 3621 498; baseline 0.007 -21"><span class='ocrx_word' id='word_1_14' title='bbox 2052 437 2109 477; x_wconf 90' lang='lat' dir='ltr'><strong>se</strong></span> <span class='ocrx_word' id='word_1_15' title='bbox 2168 426 2428 494; x_wconf 63' lang='lat' dir='ltr'><strong>praeclare</strong></span> <span class='ocrx_word' id='word_1_16' title='bbox 2492 436 2548 483; x_wconf 81' lang='lat' dir='ltr'><strong>et</strong></span> <span class='ocrx_word' id='word_1_17' title='bbox 2614 430 3016 488; x_wconf 88' lang='lat' dir='ltr'><strong>admirabiliter</strong></span> <span class='ocrx_word' id='word_1_18' title='bbox 3101 432 3458 498; x_wconf 80' lang='lat' dir='ltr'><strong>exercuisset,</strong></span> <span class='ocrx_word' id='word_1_19' title='bbox 3513 452 3621 489; x_wconf 79' lang='lat' dir='ltr'><strong>non</strong></span> 
     </span>
    </p>
   </div>
   <div class='ocr_carea' id='block_1_4' title="bbox 365 508 1946 582">
    <p class='ocr_par' dir='ltr' id='par_1_4' title="bbox 365 508 1946 582">
     <span class='ocr_line' id='line_1_4' title="bbox 365 508 1946 582; baseline 0.004 -22"><span class='ocrx_word' id='word_1_20' title='bbox 365 525 513 577; x_wconf 82' lang='grc' dir='ltr'><strong>μετα</strong></span> <span class='ocrx_word' id='word_1_21' title='bbox 543 510 638 565; x_wconf 70' lang='grc' dir='ltr'><strong>τδν</strong></span> <span class='ocrx_word' id='word_1_22' title='bbox 655 509 773 580; x_wconf 72' lang='grc' dir='ltr'><strong>βίον</strong></span> <span class='ocrx_word' id='word_1_23' title='bbox 808 511 990 581; x_wconf 88' lang='grc' dir='ltr'><strong>μόνον,</strong></span> <span class='ocrx_word' id='word_1_24' title='bbox 1021 513 1139 566; x_wconf 77' lang='grc' dir='ltr'><strong>ἀλλ’</strong></span> <span class='ocrx_word' id='word_1_25' title='bbox 1166 512 1248 566; x_wconf 78' lang='grc' dir='ltr'><strong>ἔτι</strong></span> <span class='ocrx_word' id='word_1_26' title='bbox 1279 513 1375 566; x_wconf 80' lang='grc' dir='ltr'><strong>καὶ</strong></span> <span class='ocrx_word' id='word_1_27' title='bbox 1408 508 1545 582; x_wconf 72' lang='grc' dir='ltr'><strong>μετὰ</strong></span> <span class='ocrx_word' id='word_1_28' title='bbox 1570 513 1821 582; x_wconf 77' lang='grc' dir='ltr'><strong>σώματος</strong></span> <span class='ocrx_word' id='word_1_29' title='bbox 1849 510 1946 578; x_wconf 83' lang='grc' dir='ltr'><strong>ὣν,</strong></span> 
     </span>
    </p>
   </div>
   <div class='ocr_carea' id='block_1_5' title="bbox 363 598 1947 677">
    <p class='ocr_par' dir='ltr' id='par_1_5' title="bbox 363 598 1947 677">
     <span class='ocr_line' id='line_1_5' title="bbox 363 598 1947 677; baseline 0.004 -24"><span class='ocrx_word' id='word_1_30' title='bbox 363 598 543 653; x_wconf 72' lang='grc' dir='ltr'><strong>πολλὰ</strong></span> <span class='ocrx_word' id='word_1_31' title='bbox 568 601 637 656; x_wconf 69' lang='grc' dir='ltr'><strong>τὲ</strong></span> <span class='ocrx_word' id='word_1_32' title='bbox 685 603 973 673; x_wconf 79' lang='grc' dir='ltr'><strong>παράδοξά</strong></span> <span class='ocrx_word' id='word_1_33' title='bbox 1019 621 1076 659; x_wconf 80' lang='grc' dir='ltr'><strong>τε</strong></span> <span class='ocrx_word' id='word_1_34' title='bbox 1113 606 1205 658; x_wconf 73' lang='grc' dir='ltr'><strong>καὶ</strong></span> <span class='ocrx_word' id='word_1_35' title='bbox 1259 605 1551 677; x_wconf 73' lang='grc' dir='ltr'><strong>Θαυμαστὰ</strong></span> <span class='ocrx_word' id='word_1_36' title='bbox 1576 605 1826 660; x_wconf 75' lang='grc' dir='ltr'><strong>διετέλει.</strong></span> <span class='ocrx_word' id='word_1_37' title='bbox 1871 605 1947 659; x_wconf 91' lang='grc' dir='ltr'><strong>Οὐ</strong></span> 
     </span>
    </p>
   </div>
   <div class='ocr_carea' id='block_1_6' title="bbox 361 690 1946 769">
    <p class='ocr_par' dir='ltr' id='par_1_6' title="bbox 361 690 1946 769">
     <span class='ocr_line' id='line_1_6' title="bbox 361 690 1946 769; baseline 0.006 -25"><span class='ocrx_word' id='word_1_38' title='bbox 361 690 478 761; x_wconf 75' lang='grc' dir='ltr'><strong>γὰρ</strong></span> <span class='ocrx_word' id='word_1_39' title='bbox 514 691 775 762; x_wconf 81' lang='grc' dir='ltr'><strong>δαίμονες</strong></span> <span class='ocrx_word' id='word_1_40' title='bbox 809 694 974 748; x_wconf 71' lang='grc' dir='ltr'><strong>αὐτὸν</strong></span> <span class='ocrx_word' id='word_1_41' title='bbox 1016 697 1333 767; x_wconf 80' lang='grc' dir='ltr'><strong>ὑπέστησαν</strong></span> <span class='ocrx_word' id='word_1_42' title='bbox 1389 698 1562 769; x_wconf 78' lang='grc' dir='ltr'><strong>μόνοι,</strong></span> <span class='ocrx_word' id='word_1_43' title='bbox 1613 698 1713 769; x_wconf 83' lang='grc' dir='ltr'><strong>τὴν</strong></span> <span class='ocrx_word' id='word_1_44' title='bbox 1756 698 1946 753; x_wconf 85' lang='grc' dir='ltr'><strong>τούτου</strong></span> 
     </span>
    </p>
   </div>
   <div class='ocr_carea' id='block_1_7' title="bbox 367 782 1947 857">
    <p class='ocr_par' dir='ltr' id='par_1_7' title="bbox 367 782 1947 857">
     <span class='ocr_line' id='line_1_7' title="bbox 367 782 1947 857; baseline 0.004 -21"><span class='ocrx_word' id='word_1_45' title='bbox 367 782 448 853; x_wconf 76' lang='grc' dir='ltr'><strong>μὴ</strong></span> <span class='ocrx_word' id='word_1_46' title='bbox 479 783 770 850; x_wconf 71' lang='grc' dir='ltr'><strong>στέγοντες</strong></span> <span class='ocrx_word' id='word_1_47' title='bbox 825 789 1156 857; x_wconf 79' lang='grc' dir='ltr'><strong>παρουσίαν,</strong></span> <span class='ocrx_word' id='word_1_48' title='bbox 1213 788 1349 842; x_wconf 72' lang='grc' dir='ltr'><strong>ἀλλὰ</strong></span> <span class='ocrx_word' id='word_1_49' title='bbox 1396 790 1489 843; x_wconf 79' lang='grc' dir='ltr'><strong>καὶ</strong></span> <span class='ocrx_word' id='word_1_50' title='bbox 1522 790 1667 846; x_wconf 89' lang='grc' dir='ltr'><strong>νόσοι</strong></span> <span class='ocrx_word' id='word_1_51' title='bbox 1718 791 1947 845; x_wconf 76' lang='grc' dir='ltr'><strong>θάνατον</strong></span> 
     </span>
    </p>
   </div>
   <div class='ocr_carea' id='block_1_8' title="bbox 364 872 1948 951">
    <p class='ocr_par' dir='ltr' id='par_1_8' title="bbox 364 872 1948 951">
     <span class='ocr_line' id='line_1_8' title="bbox 364 872 1948 951; baseline 0.006 -26"><span class='ocrx_word' id='word_1_52' title='bbox 364 872 720 937; x_wconf 72' lang='grc' dir='ltr'><strong>ἀπειλοῦσαι,</strong></span> <span class='ocrx_word' id='word_1_53' title='bbox 759 875 893 946; x_wconf 76' lang='grc' dir='ltr'><strong>εὐχῇ</strong></span> <span class='ocrx_word' id='word_1_54' title='bbox 924 878 989 946; x_wconf 82' lang='grc' dir='ltr'><strong>τῇ</strong></span> <span class='ocrx_word' id='word_1_55' title='bbox 1023 880 1154 948; x_wconf 84' lang='grc' dir='ltr'><strong>παρ’</strong></span> <span class='ocrx_word' id='word_1_56' title='bbox 1187 878 1350 933; x_wconf 78' lang='grc' dir='ltr'><strong>αὐτοῦ</strong></span> <span class='ocrx_word' id='word_1_57' title='bbox 1393 880 1489 933; x_wconf 78' lang='grc' dir='ltr'><strong>καὶ</strong></span> <span class='ocrx_word' id='word_1_58' title='bbox 1520 881 1778 951; x_wconf 79' lang='grc' dir='ltr'><strong>σφραγῖδι</strong></span> <span class='ocrx_word' id='word_1_59' title='bbox 1828 879 1948 934; x_wconf 77' lang='grc' dir='ltr'><strong>ἐλύ-</strong></span> 
     </span>
    </p>
   </div>
   <div class='ocr_carea' id='block_1_9' title="bbox 372 964 1946 1042">
    <p class='ocr_par' dir='ltr' id='par_1_9' title="bbox 372 964 1946 1042">
     <span class='ocr_line' id='line_1_9' title="bbox 372 964 1946 1042; baseline 0.006 -25"><span class='ocrx_word' id='word_1_60' title='bbox 372 981 522 1017; x_wconf 79' lang='grc' dir='ltr'><strong>οντο.</strong></span> <span class='ocrx_word' id='word_1_61' title='bbox 562 964 780 1033; x_wconf 79' lang='grc' dir='ltr'><strong>’Ᾱμέλει</strong></span> <span class='ocrx_word' id='word_1_62' title='bbox 806 966 899 1022; x_wconf 73' lang='grc' dir='ltr'><strong>καὶ</strong></span> <span class='ocrx_word' id='word_1_63' title='bbox 920 968 947 1020; x_wconf 83' lang='grc' dir='ltr'>ὀ</span> <span class='ocrx_word' id='word_1_64' title='bbox 977 969 1162 1039; x_wconf 78' lang='grc' dir='ltr'><strong>ἕτερος</strong></span> <span class='ocrx_word' id='word_1_65' title='bbox 1197 970 1296 1041; x_wconf 76' lang='grc' dir='ltr'><strong>μὲν</strong></span> <span class='ocrx_word' id='word_1_66' title='bbox 1314 970 1464 1042; x_wconf 84' lang='grc' dir='ltr'><strong>αὐτῷ</strong></span> <span class='ocrx_word' id='word_1_67' title='bbox 1489 972 1581 1026; x_wconf 75' lang='grc' dir='ltr'><strong>καὶ</strong></span> <span class='ocrx_word' id='word_1_68' title='bbox 1621 972 1773 1039; x_wconf 83' lang='grc' dir='ltr'><strong>φίλος</strong></span> <span class='ocrx_word' id='word_1_69' title='bbox 1808 972 1946 1026; x_wconf 86' lang='grc' dir='ltr'><strong>Εὐσ-</strong></span> 
     </span>
    </p>
   </div>
   <div class='ocr_carea' id='block_1_10' title="bbox 368 1056 1945 1135">
    <p class='ocr_par' dir='ltr' id='par_1_10' title="bbox 368 1056 1945 1135">
     <span class='ocr_line' id='line_1_10' title="bbox 368 1056 1945 1135; baseline 0.006 -27"><span class='ocrx_word' id='word_1_70' title='bbox 368 1056 595 1125; x_wconf 72' lang='grc' dir='ltr'><strong>τρατιος</strong></span> <span class='ocrx_word' id='word_1_71' title='bbox 648 1057 792 1128; x_wconf 82' lang='grc' dir='ltr'><strong>νόσῳ</strong></span> <span class='ocrx_word' id='word_1_72' title='bbox 830 1061 939 1114; x_wconf 82' lang='grc' dir='ltr'><strong>τινὶ</strong></span> <span class='ocrx_word' id='word_1_73' title='bbox 973 1061 1225 1126; x_wconf 75' lang='grc' dir='ltr'><strong>ἐπιέζετο</strong></span> <span class='ocrx_word' id='word_1_74' title='bbox 1267 1063 1476 1135; x_wconf 74' lang='grc' dir='ltr'><strong>χαλεπῇ</strong></span> <span class='ocrx_word' id='word_1_75' title='bbox 1507 1064 1615 1117; x_wconf 81' lang='grc' dir='ltr'><strong>ἀπὸ</strong></span> <span class='ocrx_word' id='word_1_76' title='bbox 1645 1064 1752 1118; x_wconf 90' lang='grc' dir='ltr'><strong>τῶν</strong></span> <span class='ocrx_word' id='word_1_77' title='bbox 1776 1064 1945 1129; x_wconf 75' lang='grc' dir='ltr'><strong>ἐγκά-</strong></span> 
     </span>
    </p>
   </div>
   <div class='ocr_carea' id='block_1_11' title="bbox 367 1143 1943 1226">
    <p class='ocr_par' dir='ltr' id='par_1_11' title="bbox 367 1143 1943 1226">
     <span class='ocr_line' id='line_1_11' title="bbox 367 1143 1943 1226; baseline 0.008 -28"><span class='ocrx_word' id='word_1_78' title='bbox 367 1162 482 1199; x_wconf 84' lang='grc' dir='ltr'><strong>των</strong></span> <span class='ocrx_word' id='word_1_79' title='bbox 510 1143 655 1217; x_wconf 68' lang='grc' dir='ltr'><strong>αἷμα</strong></span> <span class='ocrx_word' id='word_1_80' title='bbox 698 1150 876 1218; x_wconf 79' lang='grc' dir='ltr'><strong>ἒμῶν.</strong></span> <span class='ocrx_word' id='word_1_81' title='bbox 916 1149 973 1205; x_wconf 89' lang='lat'><strong>&#39;0</strong></span> <span class='ocrx_word' id='word_1_82' title='bbox 1008 1151 1065 1206; x_wconf 76' lang='grc' dir='ltr'><strong>δὲ</strong></span> <span class='ocrx_word' id='word_1_83' title='bbox 1107 1155 1348 1224; x_wconf 80' lang='grc' dir='ltr'><strong>μηνυθὲν</strong></span> <span class='ocrx_word' id='word_1_84' title='bbox 1378 1155 1529 1226; x_wconf 86' lang='grc' dir='ltr'><strong>αὐτῷ</strong></span> <span class='ocrx_word' id='word_1_85' title='bbox 1562 1154 1667 1209; x_wconf 78' lang='grc' dir='ltr'><strong>ὐπὸ</strong></span> <span class='ocrx_word' id='word_1_86' title='bbox 1704 1157 1797 1210; x_wconf 72' lang='grc' dir='ltr'><strong>τοῦ</strong></span> <span class='ocrx_word' id='word_1_87' title='bbox 1836 1155 1943 1211; x_wconf 83' lang='grc' dir='ltr'><strong>Εὐ-</strong></span> 
     </span>
    </p>
   </div>
   <div class='ocr_carea' id='block_1_12' title="bbox 369 1238 1945 1317">
    <p class='ocr_par' dir='ltr' id='par_1_12' title="bbox 369 1238 1945 1317">
     <span class='ocr_line' id='line_1_12' title="bbox 369 1238 1945 1317; baseline 0.006 -26"><span class='ocrx_word' id='word_1_88' title='bbox 369 1238 657 1307; x_wconf 77' lang='grc' dir='ltr'><strong>στρατίου,</strong></span> <span class='ocrx_word' id='word_1_89' title='bbox 710 1239 925 1309; x_wconf 75' lang='grc' dir='ltr'><strong>φθάσας</strong></span> <span class='ocrx_word' id='word_1_90' title='bbox 986 1242 1047 1296; x_wconf 77' lang='grc' dir='ltr'><strong>τὸ</strong></span> <span class='ocrx_word' id='word_1_91' title='bbox 1113 1245 1213 1309; x_wconf 81' lang='grc' dir='ltr'><strong>μὲν</strong></span> <span class='ocrx_word' id='word_1_92' title='bbox 1253 1239 1391 1315; x_wconf 70' lang='grc' dir='ltr'><strong>αἷμα</strong></span> <span class='ocrx_word' id='word_1_93' title='bbox 1450 1246 1705 1316; x_wconf 73' lang='grc' dir='ltr'><strong>ἐπέσχεν,</strong></span> <span class='ocrx_word' id='word_1_94' title='bbox 1754 1247 1832 1317; x_wconf 80' lang='grc' dir='ltr'><strong>τῷ</strong></span> <span class='ocrx_word' id='word_1_95' title='bbox 1887 1247 1945 1300; x_wconf 71' lang='grc' dir='ltr'><strong>δὲ</strong></span> 
     </span>
    </p>
   </div>
   <div class='ocr_carea' id='block_1_13' title="bbox 363 1326 1946 1409">
    <p class='ocr_par' dir='ltr' id='par_1_13' title="bbox 363 1326 1946 1409">
     <span class='ocr_line' id='line_1_13' title="bbox 363 1326 1946 1409; baseline 0.008 -31"><span class='ocrx_word' id='word_1_96' title='bbox 363 1326 592 1398; x_wconf 71' lang='grc' dir='ltr'><strong>θαρρεἴν</strong></span> <span class='ocrx_word' id='word_1_97' title='bbox 613 1329 922 1384; x_wconf 70' lang='grc' dir='ltr'><strong>ἐκέλευσεν.</strong></span> <span class='ocrx_word' id='word_1_98' title='bbox 946 1329 1002 1385; x_wconf 89' lang='lat' dir='ltr'><strong>&#39;O</strong></span> <span class='ocrx_word' id='word_1_99' title='bbox 1024 1333 1150 1400; x_wconf 70' lang='grc' dir='ltr'><strong>γοῦν</strong></span> <span class='ocrx_word' id='word_1_100' title='bbox 1180 1333 1317 1388; x_wconf 85' lang='grc' dir='ltr'><strong>Εὐστ</strong></span> <span class='ocrx_word' id='word_1_101' title='bbox 1329 1335 1514 1405; x_wconf 62' lang='lat' dir='ltr'><strong>pano;</strong></span> <span class='ocrx_word' id='word_1_102' title='bbox 1540 1338 1607 1408; x_wconf 79' lang='grc' dir='ltr'><strong>τῇ</strong></span> <span class='ocrx_word' id='word_1_103' title='bbox 1635 1337 1730 1389; x_wconf 69' lang='grc' dir='ltr'><strong>τοῦ</strong></span> <span class='ocrx_word' id='word_1_104' title='bbox 1754 1338 1946 1409; x_wconf 64' lang='grc' dir='ltr'><strong>ἀνδρὸς</strong></span> 
     </span>
    </p>
   </div>
   <div class='ocr_carea' id='block_1_14' title="bbox 369 1419 1946 1497">
    <p class='ocr_par' dir='ltr' id='par_1_14' title="bbox 369 1419 1946 1497">
     <span class='ocr_line' id='line_1_14' title="bbox 369 1419 1946 1497; baseline 0.007 -27"><span class='ocrx_word' id='word_1_105' title='bbox 369 1419 654 1489; x_wconf 77' lang='grc' dir='ltr'><strong>παρουσία</strong></span> <span class='ocrx_word' id='word_1_106' title='bbox 680 1419 783 1489; x_wconf 79' lang='grc' dir='ltr'><strong>τῆς</strong></span> <span class='ocrx_word' id='word_1_107' title='bbox 812 1421 973 1475; x_wconf 83' lang='grc' dir='ltr'>νόσου</span> <span class='ocrx_word' id='word_1_108' title='bbox 1005 1423 1222 1493; x_wconf 80' lang='grc' dir='ltr'><strong>ραίσας,</strong></span> <span class='ocrx_word' id='word_1_109' title='bbox 1268 1426 1349 1489; x_wconf 85' lang='grc' dir='ltr'><strong>εἰς</strong></span> <span class='ocrx_word' id='word_1_110' title='bbox 1383 1427 1483 1497; x_wconf 75' lang='grc' dir='ltr'><strong>τὴν</strong></span> <span class='ocrx_word' id='word_1_111' title='bbox 1518 1426 1624 1481; x_wconf 87' lang='grc' dir='ltr'><strong>τῶν</strong></span> <span class='ocrx_word' id='word_1_112' title='bbox 1653 1428 1946 1483; x_wconf 80' lang='grc' dir='ltr'><strong>Λευκᾶδων</strong></span> 
     </span>
    </p>
   </div>
   <div class='ocr_carea' id='block_1_15' title="bbox 366 1508 1945 1589">
    <p class='ocr_par' dir='ltr' id='par_1_15' title="bbox 366 1508 1945 1589">
     <span class='ocr_line' id='line_1_15' title="bbox 366 1508 1945 1589; baseline 0.008 -30"><span class='ocrx_word' id='word_1_113' title='bbox 366 1510 727 1579; x_wconf 76' lang='grc' dir='ltr'><strong>καταγωγὴν,</strong></span> <span class='ocrx_word' id='word_1_114' title='bbox 765 1508 794 1563; x_wconf 76' lang='grc' dir='ltr'><strong>ὃ</strong></span> <span class='ocrx_word' id='word_1_115' title='bbox 823 1511 1090 1582; x_wconf 80' lang='grc' dir='ltr'><strong>Μετόχιον</strong></span> <span class='ocrx_word' id='word_1_116' title='bbox 1127 1515 1315 1570; x_wconf 81' lang='grc' dir='ltr'><strong>καλεῖν</strong></span> <span class='ocrx_word' id='word_1_117' title='bbox 1344 1515 1574 1587; x_wconf 82' lang='grc' dir='ltr'><strong>σύνηθες</strong></span> <span class='ocrx_word' id='word_1_118' title='bbox 1604 1519 1945 1589; x_wconf 76' lang='grc' dir='ltr'><strong>μεταϐαίνει,</strong></span> 
     </span>
    </p>
   </div>
   <div class='ocr_carea' id='block_1_16' title="bbox 363 1594 1945 1675">
    <p class='ocr_par' dir='ltr' id='par_1_16' title="bbox 363 1594 1945 1675">
     <span class='ocr_line' id='line_1_16' title="bbox 363 1594 1945 1675; baseline 0.008 -27"><span class='ocrx_word' id='word_1_119' title='bbox 363 1596 496 1650; x_wconf 82' lang='grc' dir='ltr'><strong>ἀνα)</strong></span> <span class='ocrx_word' id='word_1_120' title='bbox 508 1597 666 1652; x_wconf 81' lang='grc' dir='ltr'><strong>αϐεἴν</strong></span> <span class='ocrx_word' id='word_1_121' title='bbox 695 1594 807 1652; x_wconf 72' lang='grc' dir='ltr'><strong>οἷον</strong></span> <span class='ocrx_word' id='word_1_122' title='bbox 832 1599 1024 1654; x_wconf 76' lang='grc' dir='ltr'><strong>ἑαυτὸν</strong></span> <span class='ocrx_word' id='word_1_123' title='bbox 1054 1606 1405 1675; x_wconf 74' lang='grc' dir='ltr'><strong>πεπονηκότα</strong></span> <span class='ocrx_word' id='word_1_124' title='bbox 1434 1604 1653 1674; x_wconf 74' lang='grc' dir='ltr'><strong>ἐθέλων,</strong></span> <span class='ocrx_word' id='word_1_125' title='bbox 1677 1609 1773 1661; x_wconf 85' lang='grc' dir='ltr'><strong>καί</strong></span> <span class='ocrx_word' id='word_1_126' title='bbox 1798 1626 1945 1673; x_wconf 86' lang='grc' dir='ltr'><strong>τινος</strong></span> 
     </span>
    </p>
   </div>
   <div class='ocr_carea' id='block_1_17' title="bbox 370 1686 1944 1768">
    <p class='ocr_par' dir='ltr' id='par_1_17' title="bbox 370 1686 1944 1768">
     <span class='ocr_line' id='line_1_17' title="bbox 370 1686 1944 1768; baseline 0.01 -28"><span class='ocrx_word' id='word_1_127' title='bbox 370 1686 467 1741; x_wconf 68' lang='grc' dir='ltr'><strong>καὶ</strong></span> <span class='ocrx_word' id='word_1_128' title='bbox 493 1688 857 1760; x_wconf 78' lang='grc' dir='ltr'><strong>ψυχαγωγίας</strong></span> <span class='ocrx_word' id='word_1_129' title='bbox 894 1695 1099 1761; x_wconf 83' lang='grc' dir='ltr'><strong>τυχεῖν.</strong></span> <span class='ocrx_word' id='word_1_130' title='bbox 1141 1694 1231 1765; x_wconf 79' lang='grc' dir='ltr'><strong>Τῷ</strong></span> <span class='ocrx_word' id='word_1_131' title='bbox 1263 1695 1321 1750; x_wconf 73' lang='grc' dir='ltr'><strong>δὲ</strong></span> <span class='ocrx_word' id='word_1_132' title='bbox 1350 1697 1459 1768; x_wconf 79' lang='grc' dir='ltr'><strong>ἄρα</strong></span> <span class='ocrx_word' id='word_1_133' title='bbox 1499 1700 1577 1761; x_wconf 85' lang='grc' dir='ltr'><strong>είς</strong></span> <span class='ocrx_word' id='word_1_134' title='bbox 1604 1698 1663 1753; x_wconf 75' lang='grc' dir='ltr'><strong>τὸ</strong></span> <span class='ocrx_word' id='word_1_135' title='bbox 1703 1702 1944 1755; x_wconf 82' lang='grc' dir='ltr'><strong>ἐναντίον</strong></span> 
     </span>
    </p>
   </div>
   <div class='ocr_carea' id='block_1_18' title="bbox 363 1780 1936 1863">
    <p class='ocr_par' dir='ltr' id='par_1_18' title="bbox 363 1780 1936 1863">
     <span class='ocr_line' id='line_1_18' title="bbox 363 1780 1936 1863; baseline 0.01 -31"><span class='ocrx_word' id='word_1_136' title='bbox 363 1780 429 1833; x_wconf 81' lang='grc' dir='ltr'><strong>τὸ</strong></span> <span class='ocrx_word' id='word_1_137' title='bbox 460 1781 693 1854; x_wconf 73' lang='grc' dir='ltr'><strong>πρᾶγμα</strong></span> <span class='ocrx_word' id='word_1_138' title='bbox 728 1788 916 1854; x_wconf 77' lang='grc' dir='ltr'><strong>χωρεῖ.</strong></span> <span class='ocrx_word' id='word_1_139' title='bbox 948 1787 1055 1840; x_wconf 74' lang='grc' dir='ltr'><strong>Καὶ</strong></span> <span class='ocrx_word' id='word_1_140' title='bbox 1084 1790 1339 1860; x_wconf 69' lang='grc' dir='ltr'><strong>συμφορᾷ</strong></span> <span class='ocrx_word' id='word_1_141' title='bbox 1369 1791 1530 1844; x_wconf 64' lang='grc' dir='ltr'><strong>πᾶλιν</strong></span> <span class='ocrx_word' id='word_1_142' title='bbox 1566 1794 1764 1863; x_wconf 78' lang='grc' dir='ltr'><strong>χρῆται</strong></span> <span class='ocrx_word' id='word_1_143' title='bbox 1801 1796 1936 1849; x_wconf 79' lang='grc' dir='ltr'><strong>πολὺ</strong></span> 
     </span>
    </p>
   </div>
   <div class='ocr_carea' id='block_1_19' title="bbox 366 1873 1949 1955">
    <p class='ocr_par' dir='ltr' id='par_1_19' title="bbox 366 1873 1949 1955">
     <span class='ocr_line' id='line_1_19' title="bbox 366 1873 1949 1955; baseline 0.01 -30"><span class='ocrx_word' id='word_1_144' title='bbox 366 1873 467 1943; x_wconf 77' lang='grc' dir='ltr'><strong>τῆς</strong></span> <span class='ocrx_word' id='word_1_145' title='bbox 500 1875 778 1947; x_wconf 65' lang='grc' dir='ltr'><strong>προτέρας</strong></span> <span class='ocrx_word' id='word_1_146' title='bbox 806 1878 1186 1952; x_wconf 82' lang='grc' dir='ltr'><strong>χαλεπωτέρᾳ.</strong></span> <span class='ocrx_word' id='word_1_147' title='bbox 1217 1883 1457 1954; x_wconf 79' lang='grc' dir='ltr'><strong>ῐιυρετδς</strong></span> <span class='ocrx_word' id='word_1_148' title='bbox 1487 1883 1594 1955; x_wconf 67' lang='grc' dir='ltr'><strong>γὰρ</strong></span> <span class='ocrx_word' id='word_1_149' title='bbox 1625 1886 1787 1941; x_wconf 77' lang='grc' dir='ltr'><strong>αὐτὸν</strong></span> <span class='ocrx_word' id='word_1_150' title='bbox 1819 1886 1949 1941; x_wconf 80' lang='grc' dir='ltr'><strong>λαῦ-</strong></span> 
     </span>
    </p>
   </div>
   <div class='ocr_carea' id='block_1_20' title="bbox 367 1966 1946 2050">
    <p class='ocr_par' dir='ltr' id='par_1_20' title="bbox 367 1966 1946 2050">
     <span class='ocr_line' id='line_1_20' title="bbox 367 1966 1946 2050; baseline 0.013 -35"><span class='ocrx_word' id='word_1_151' title='bbox 367 1980 462 2035; x_wconf 83' lang='grc' dir='ltr'><strong>ρος</strong></span> <span class='ocrx_word' id='word_1_152' title='bbox 496 1966 853 2035; x_wconf 82' lang='grc' dir='ltr'><strong>παραλαϐὼν,</strong></span> <span class='ocrx_word' id='word_1_153' title='bbox 890 1971 1134 2043; x_wconf 81' lang='grc' dir='ltr'>σφοδρῶς</span> <span class='ocrx_word' id='word_1_154' title='bbox 1153 1990 1213 2027; x_wconf 89' lang='grc' dir='ltr'><strong>τε</strong></span> <span class='ocrx_word' id='word_1_155' title='bbox 1251 1973 1560 2048; x_wconf 80' lang='grc' dir='ltr'><strong>ὐπὲσμυχε,</strong></span> <span class='ocrx_word' id='word_1_156' title='bbox 1598 1977 1692 2032; x_wconf 81' lang='grc' dir='ltr'><strong>καὶ</strong></span> <span class='ocrx_word' id='word_1_157' title='bbox 1732 1978 1946 2050; x_wconf 79' lang='grc' dir='ltr'>ἄφωνον</span> 
     </span>
    </p>
   </div>
   <div class='ocr_carea' id='block_1_21' title="bbox 364 2053 1945 2144">
    <p class='ocr_par' dir='ltr' id='par_1_21' title="bbox 364 2053 1945 2144">
     <span class='ocr_line' id='line_1_21' title="bbox 364 2053 1945 2144; baseline 0.009 -35"><span class='ocrx_word' id='word_1_158' title='bbox 364 2053 538 2126; x_wconf 58' lang='grc' dir='ltr'><strong>εῖχεν,</strong></span> <span class='ocrx_word' id='word_1_159' title='bbox 574 2060 682 2125; x_wconf 77' lang='grc' dir='ltr'><strong>ἕως</strong></span> <span class='ocrx_word' id='word_1_160' title='bbox 725 2062 807 2126; x_wconf 86' lang='grc' dir='ltr'><strong>είς</strong></span> <span class='ocrx_word' id='word_1_161' title='bbox 862 2064 1084 2136; x_wconf 74' lang='grc' dir='ltr'><strong>μνήμην</strong></span> <span class='ocrx_word' id='word_1_162' title='bbox 1127 2067 1222 2121; x_wconf 84' lang='grc' dir='ltr'><strong>τοῦ</strong></span> <span class='ocrx_word' id='word_1_163' title='bbox 1272 2066 1524 2140; x_wconf 75' lang='grc' dir='ltr'><strong>λαμπρὸν</strong></span> <span class='ocrx_word' id='word_1_164' title='bbox 1571 2071 1630 2124; x_wconf 80' lang='grc' dir='ltr'><strong>ὲν</strong></span> <span class='ocrx_word' id='word_1_165' title='bbox 1678 2071 1945 2144; x_wconf 81' lang='grc' dir='ltr'><strong>ἀσκηταῖς</strong></span> 
     </span>
    </p>
   </div>
   <div class='ocr_carea' id='block_1_22' title="bbox 362 2148 1946 2236">
    <p class='ocr_par' dir='ltr' id='par_1_22' title="bbox 362 2148 1946 2236">
     <span class='ocr_line' id='line_1_22' title="bbox 362 2148 1946 2236; baseline 0.012 -36"><span class='ocrx_word' id='word_1_166' title='bbox 362 2148 744 2218; x_wconf 61' lang='grc' dir='ltr'><strong>διαςαίνοντος</strong></span> <span class='ocrx_word' id='word_1_167' title='bbox 802 2154 1137 2212; x_wconf 74' lang='grc' dir='ltr'><strong>Ἰωαννικίού</strong></span> <span class='ocrx_word' id='word_1_168' title='bbox 1192 2157 1385 2229; x_wconf 74' lang='grc' dir='ltr'><strong>ἐλθὼν,</strong></span> <span class='ocrx_word' id='word_1_169' title='bbox 1438 2162 1625 2236; x_wconf 81' lang='grc' dir='ltr'><strong>ἱκέτης</strong></span> <span class='ocrx_word' id='word_1_170' title='bbox 1669 2180 1731 2218; x_wconf 86' lang='grc' dir='ltr'><strong>τε</strong></span> <span class='ocrx_word' id='word_1_171' title='bbox 1797 2165 1946 2236; x_wconf 88' lang='grc' dir='ltr'><strong>αὐτῷ</strong></span> 
     </span>
    </p>
   </div>
   <div class='ocr_carea' id='block_1_23' title="bbox 367 2242 1944 2329">
    <p class='ocr_par' dir='ltr' id='par_1_23' title="bbox 367 2242 1944 2329">
     <span class='ocr_line' id='line_1_23' title="bbox 367 2242 1944 2329; baseline 0.013 -36"><span class='ocrx_word' id='word_1_172' title='bbox 367 2242 626 2314; x_wconf 67' lang='grc' dir='ltr'><strong>καθάπερ</strong></span> <span class='ocrx_word' id='word_1_173' title='bbox 675 2247 905 2319; x_wconf 81' lang='grc' dir='ltr'><strong>παρόντι</strong></span> <span class='ocrx_word' id='word_1_174' title='bbox 951 2250 1298 2323; x_wconf 73' lang='grc' dir='ltr'><strong>προσέπιπτε</strong></span> <span class='ocrx_word' id='word_1_175' title='bbox 1361 2256 1457 2309; x_wconf 67' lang='grc' dir='ltr'><strong>καὶ</strong></span> <span class='ocrx_word' id='word_1_176' title='bbox 1516 2256 1790 2327; x_wconf 78' lang='grc' dir='ltr'><strong>ἠντιϐόλει</strong></span> <span class='ocrx_word' id='word_1_177' title='bbox 1844 2260 1944 2329; x_wconf 76' lang='grc' dir='ltr'><strong>τῆς</strong></span> 
     </span>
    </p>
   </div>
   <div class='ocr_carea' id='block_1_24' title="bbox 368 2334 1944 2420">
    <p class='ocr_par' dir='ltr' id='par_1_24' title="bbox 368 2334 1944 2420">
     <span class='ocr_line' id='line_1_24' title="bbox 368 2334 1944 2420; baseline 0.012 -33"><span class='ocrx_word' id='word_1_178' title='bbox 368 2334 658 2406; x_wconf 78' lang='grc' dir='ltr'><strong>παρούσης</strong></span> <span class='ocrx_word' id='word_1_179' title='bbox 692 2338 1041 2413; x_wconf 74' lang='grc' dir='ltr'><strong>ἐξαιρεθῆναι</strong></span> <span class='ocrx_word' id='word_1_180' title='bbox 1072 2343 1252 2400; x_wconf 87' lang='grc' dir='ltr'><strong>νόσου.</strong></span> <span class='ocrx_word' id='word_1_181' title='bbox 1294 2346 1381 2400; x_wconf 87' lang='grc' dir='ltr'><strong>Ἐν</strong></span> <span class='ocrx_word' id='word_1_182' title='bbox 1424 2347 1670 2420; x_wconf 79' lang='grc' dir='ltr'><strong>τοσούτῳ</strong></span> <span class='ocrx_word' id='word_1_183' title='bbox 1700 2349 1832 2419; x_wconf 75' lang='grc' dir='ltr'><strong>γοῦν</strong></span> <span class='ocrx_word' id='word_1_184' title='bbox 1863 2354 1944 2416; x_wconf 85' lang='grc' dir='ltr'><strong>είς</strong></span> 
     </span>
    </p>
   </div>
   <div class='ocr_carea' id='block_1_25' title="bbox 363 2425 1943 2515">
    <p class='ocr_par' dir='ltr' id='par_1_25' title="bbox 363 2425 1943 2515">
     <span class='ocr_line' id='line_1_25' title="bbox 363 2425 1943 2515; baseline 0.013 -37"><span class='ocrx_word' id='word_1_185' title='bbox 363 2425 536 2481; x_wconf 60' lang='grc' dir='ltr'><strong>ὕπνον</strong></span> <span class='ocrx_word' id='word_1_186' title='bbox 568 2431 804 2501; x_wconf 71' lang='grc' dir='ltr'><strong>τραπεὶς</strong></span> <span class='ocrx_word' id='word_1_187' title='bbox 833 2433 928 2487; x_wconf 83' lang='grc' dir='ltr'><strong>καὶ</strong></span> <span class='ocrx_word' id='word_1_188' title='bbox 946 2437 1041 2489; x_wconf 67' lang='grc' dir='ltr'><strong>τὸν</strong></span> <span class='ocrx_word' id='word_1_189' title='bbox 1062 2436 1237 2507; x_wconf 82' lang='grc' dir='ltr'><strong>μέγαν</strong></span> <span class='ocrx_word' id='word_1_190' title='bbox 1260 2438 1595 2494; x_wconf 84' lang='grc' dir='ltr'><strong>Ἰωαννίκιον</strong></span> <span class='ocrx_word' id='word_1_191' title='bbox 1625 2441 1782 2507; x_wconf 86' lang='grc' dir='ltr'><strong>δόξας</strong></span> <span class='ocrx_word' id='word_1_192' title='bbox 1799 2444 1943 2515; x_wconf 88' lang='grc' dir='ltr'><strong>ὀρῶν</strong></span> 
     </span>
    </p>
   </div>
   <div class='ocr_carea' id='block_1_26' title="bbox 366 2524 1939 2608">
    <p class='ocr_par' dir='ltr' id='par_1_26' title="bbox 366 2524 1939 2608">
     <span class='ocr_line' id='line_1_26' title="bbox 366 2524 1939 2608; baseline 0.015 -37"><span class='ocrx_word' id='word_1_193' title='bbox 366 2524 785 2593; x_wconf 72' lang='grc' dir='ltr'><strong>παρεστηκότα,</strong></span> <span class='ocrx_word' id='word_1_194' title='bbox 822 2527 1186 2584; x_wconf 83' lang='grc' dir='ltr'><strong>συλλαλοῦντα</strong></span> <span class='ocrx_word' id='word_1_195' title='bbox 1215 2532 1307 2585; x_wconf 74' lang='grc' dir='ltr'><strong>καὶ</strong></span> <span class='ocrx_word' id='word_1_196' title='bbox 1335 2527 1447 2587; x_wconf 77' lang='grc' dir='ltr'><strong>οἷον</strong></span> <span class='ocrx_word' id='word_1_197' title='bbox 1478 2536 1939 2608; x_wconf 73' lang='grc' dir='ltr'><strong>ἐπιῤῥωννύοντα,</strong></span> 
     </span>
    </p>
   </div>
   <div class='ocr_carea' id='block_1_27' title="bbox 368 2611 1943 2703">
    <p class='ocr_par' dir='ltr' id='par_1_27' title="bbox 368 2611 1943 2703">
     <span class='ocr_line' id='line_1_27' title="bbox 368 2611 1943 2703; baseline 0.015 -39"><span class='ocrx_word' id='word_1_198' title='bbox 368 2611 576 2686; x_wconf 78' lang='grc' dir='ltr'><strong>ὐπέσχε</strong></span> <span class='ocrx_word' id='word_1_199' title='bbox 608 2616 924 2687; x_wconf 59' lang='grc' dir='ltr'><strong>τῆςςινόσου,</strong></span> <span class='ocrx_word' id='word_1_200' title='bbox 960 2621 1055 2675; x_wconf 76' lang='grc' dir='ltr'><strong>καὶ</strong></span> <span class='ocrx_word' id='word_1_201' title='bbox 1084 2624 1166 2688; x_wconf 77' lang='grc' dir='ltr'><strong>είς</strong></span> <span class='ocrx_word' id='word_1_202' title='bbox 1210 2624 1419 2680; x_wconf 79' lang='grc' dir='ltr'><strong>ἐκεῖνον</strong></span> <span class='ocrx_word' id='word_1_203' title='bbox 1466 2627 1702 2699; x_wconf 78' lang='grc' dir='ltr'><strong>ἀνέφερε</strong></span> <span class='ocrx_word' id='word_1_204' title='bbox 1741 2631 1812 2687; x_wconf 72' lang='grc' dir='ltr'><strong>τὰ</strong></span> <span class='ocrx_word' id='word_1_205' title='bbox 1840 2630 1943 2703; x_wconf 83' lang='grc' dir='ltr'><strong>τῆς</strong></span> 
     </span>
    </p>
   </div>
   <div class='ocr_carea' id='block_1_28' title="bbox 366 2707 1940 2793">
    <p class='ocr_par' dir='ltr' id='par_1_28' title="bbox 366 2707 1940 2793">
     <span class='ocr_line' id='line_1_28' title="bbox 366 2707 1940 2793; baseline 0.015 -37"><span class='ocrx_word' id='word_1_206' title='bbox 366 2707 671 2776; x_wconf 77' lang='grc' dir='ltr'><strong>σωτηρίας,</strong></span> <span class='ocrx_word' id='word_1_207' title='bbox 702 2710 875 2783; x_wconf 82' lang='grc' dir='ltr'><strong>’όνπερ</strong></span> <span class='ocrx_word' id='word_1_208' title='bbox 903 2713 969 2786; x_wconf 83' lang='grc' dir='ltr'><strong>δὴ</strong></span> <span class='ocrx_word' id='word_1_209' title='bbox 1003 2714 1101 2769; x_wconf 78' lang='grc' dir='ltr'><strong>καὶ</strong></span> <span class='ocrx_word' id='word_1_210' title='bbox 1136 2716 1501 2787; x_wconf 75' lang='grc' dir='ltr'><strong>εὐφραίνοντα</strong></span> <span class='ocrx_word' id='word_1_211' title='bbox 1555 2718 1692 2793; x_wconf 75' lang='grc' dir='ltr'><strong>εἶχε,</strong></span> <span class='ocrx_word' id='word_1_212' title='bbox 1725 2724 1819 2780; x_wconf 77' lang='grc' dir='ltr'><strong>καὶ</strong></span> <span class='ocrx_word' id='word_1_213' title='bbox 1850 2725 1940 2779; x_wconf 85' lang='grc' dir='ltr'><strong>εὐ·</strong></span> 
     </span>
    </p>
   </div>
   <div class='ocr_carea' id='block_1_29' title="bbox 363 2798 1405 2881">
    <p class='ocr_par' dir='ltr' id='par_1_29' title="bbox 363 2798 1405 2881">
     <span class='ocr_line' id='line_1_29' title="bbox 363 2798 1405 2881; baseline 0.016 -33"><span class='ocrx_word' id='word_1_214' title='bbox 363 2798 578 2866; x_wconf 81' lang='grc' dir='ltr'><strong>καίρως</strong></span> <span class='ocrx_word' id='word_1_215' title='bbox 608 2801 669 2865; x_wconf 76' lang='grc' dir='ltr'><strong>ἐξ</strong></span> <span class='ocrx_word' id='word_1_216' title='bbox 698 2803 952 2873; x_wconf 75' lang='grc' dir='ltr'><strong>ἀναγκῶν</strong></span> <span class='ocrx_word' id='word_1_217' title='bbox 994 2806 1405 2881; x_wconf 75' lang='grc' dir='ltr'><strong>ἐξαιρούμενον.</strong></span> 
     </span>
    </p>
   </div>
   <div class='ocr_carea' id='block_1_30' title="bbox 435 2886 1946 2974">
    <p class='ocr_par' dir='ltr' id='par_1_30' title="bbox 435 2886 1946 2974">
     <span class='ocr_line' id='line_1_30' title="bbox 435 2886 1946 2974; baseline 0.017 -35"><span class='ocrx_word' id='word_1_218' title='bbox 435 2886 573 2941; x_wconf 74' lang='lat' dir='ltr'><strong>MZ&#39;.</strong></span> <span class='ocrx_word' id='word_1_219' title='bbox 610 2890 995 2963; x_wconf 82' lang='grc' dir='ltr'><strong>Παραδραμετν</strong></span> <span class='ocrx_word' id='word_1_220' title='bbox 1027 2913 1096 2966; x_wconf 87' lang='grc' dir='ltr'><strong>με</strong></span> <span class='ocrx_word' id='word_1_221' title='bbox 1125 2897 1217 2953; x_wconf 76' lang='grc' dir='ltr'><strong>τὸν</strong></span> <span class='ocrx_word' id='word_1_222' title='bbox 1250 2898 1412 2969; x_wconf 85' lang='grc' dir='ltr'><strong>λόγον</strong></span> <span class='ocrx_word' id='word_1_223' title='bbox 1442 2901 1720 2974; x_wconf 77' lang='grc' dir='ltr'><strong>ἐθέλοντα,</strong></span> <span class='ocrx_word' id='word_1_224' title='bbox 1755 2906 1826 2963; x_wconf 80' lang='grc' dir='ltr'><strong>τὰ</strong></span> <span class='ocrx_word' id='word_1_225' title='bbox 1849 2908 1946 2962; x_wconf 79' lang='grc' dir='ltr'><strong>ἐκ·</strong></span> 
     </span>
    </p>
   </div>
   <div class='ocr_carea' id='block_1_31' title="bbox 362 2975 1939 3070">
    <p class='ocr_par' dir='ltr' id='par_1_31' title="bbox 362 2975 1939 3070">
     <span class='ocr_line' id='line_1_31' title="bbox 362 2975 1939 3070; baseline 0.016 -41"><span class='ocrx_word' id='word_1_226' title='bbox 362 2975 633 3050; x_wconf 76' lang='grc' dir='ltr'><strong>δεχόμενα</strong></span> <span class='ocrx_word' id='word_1_227' title='bbox 665 2982 767 3036; x_wconf 86' lang='grc' dir='ltr'><strong>οὐκ</strong></span> <span class='ocrx_word' id='word_1_228' title='bbox 794 2984 881 3056; x_wconf 74' lang='grc' dir='ltr'><strong>ἐᾷ.</strong></span> <span class='ocrx_word' id='word_1_229' title='bbox 914 2981 1040 3057; x_wconf 79' lang='grc' dir='ltr'><strong>Εἶχε</strong></span> <span class='ocrx_word' id='word_1_230' title='bbox 1068 2987 1169 3058; x_wconf 77' lang='grc' dir='ltr'><strong>μὲν</strong></span> <span class='ocrx_word' id='word_1_231' title='bbox 1208 2991 1318 3063; x_wconf 78' lang='grc' dir='ltr'><strong>γὰρ</strong></span> <span class='ocrx_word' id='word_1_232' title='bbox 1356 2992 1426 3047; x_wconf 73' lang='grc' dir='ltr'><strong>τὰ</strong></span> <span class='ocrx_word' id='word_1_233' title='bbox 1459 2994 1749 3065; x_wconf 86' lang='grc' dir='ltr'><strong>Ῥωμαίων</strong></span> <span class='ocrx_word' id='word_1_234' title='bbox 1800 2998 1939 3070; x_wconf 84' lang='grc' dir='ltr'><strong>σκῆ-</strong></span> 
     </span>
    </p>
   </div>
   <div class='ocr_carea' id='block_1_32' title="bbox 365 3071 2012 3175">
    <p class='ocr_par' dir='ltr' id='par_1_32' title="bbox 365 3071 2012 3175">
     <span class='ocr_line' id='line_1_32' title="bbox 365 3071 2012 3175; baseline 0.016 -55"><span class='ocrx_word' id='word_1_235' title='bbox 365 3084 514 3175; x_wconf 57' lang='grc' dir='ltr'><strong>πτρα</strong></span> <span class='ocrx_word' id='word_1_236' title='bbox 566 3071 829 3175; x_wconf 58' lang='grc' dir='ltr'><strong>Θεόψιλος</strong></span> <span class='ocrx_word' id='word_1_237' title='bbox 852 3077 928 3175; x_wconf 42' lang='grc' dir='ltr'><strong>’.ὁ</strong></span> <span class='ocrx_word' id='word_1_238' title='bbox 965 3077 1023 3175; x_wconf 53' lang='grc' dir='ltr'><strong>δε</strong></span> <span class='ocrx_word' id='word_1_239' title='bbox 1081 3082 1316 3175; x_wconf 64' lang='grc' dir='ltr'><strong>ὲπτόητό</strong></span> <span class='ocrx_word' id='word_1_240' title='bbox 1348 3102 1409 3138; x_wconf 87' lang='grc' dir='ltr'><strong>τε</strong></span> <span class='ocrx_word' id='word_1_241' title='bbox 1442 3086 1572 3158; x_wconf 76' lang='grc' dir='ltr'><strong>περὶ</strong></span> <span class='ocrx_word' id='word_1_242' title='bbox 1613 3088 1706 3141; x_wconf 69' lang='grc' dir='ltr'><strong>τὸν</strong></span> <span class='ocrx_word' id='word_1_243' title='bbox 1738 3090 1941 3161; x_wconf 70' lang='grc' dir='ltr'><strong>χρυσὸν</strong></span> <span class='ocrx_word' id='word_1_244' title='bbox 1967 3114 2012 3175; x_wconf 73' lang='lat' dir='ltr'><strong>c</strong></span> 
     </span>
    </p>
   </div>
   <div class='ocr_carea' id='block_1_33' title="bbox 364 3156 1939 3245">
    <p class='ocr_par' dir='ltr' id='par_1_33' title="bbox 364 3156 1939 3245">
     <span class='ocr_line' id='line_1_33' title="bbox 364 3156 1939 3245; baseline 0.015 -35"><span class='ocrx_word' id='word_1_245' title='bbox 364 3156 505 3224; x_wconf 74' lang='grc' dir='ltr'><strong>ὅλος,</strong></span> <span class='ocrx_word' id='word_1_246' title='bbox 535 3162 630 3215; x_wconf 76' lang='grc' dir='ltr'><strong>καὶ</strong></span> <span class='ocrx_word' id='word_1_247' title='bbox 660 3164 852 3219; x_wconf 78' lang='grc' dir='ltr'><strong>τούτου</strong></span> <span class='ocrx_word' id='word_1_248' title='bbox 879 3167 1101 3236; x_wconf 73' lang='grc' dir='ltr'><strong>ἡττᾶτο,</strong></span> <span class='ocrx_word' id='word_1_249' title='bbox 1141 3170 1317 3237; x_wconf 80' lang='grc' dir='ltr'><strong>ἄλλως</strong></span> <span class='ocrx_word' id='word_1_250' title='bbox 1346 3191 1408 3228; x_wconf 88' lang='grc' dir='ltr'><strong>τε</strong></span> <span class='ocrx_word' id='word_1_251' title='bbox 1443 3176 1767 3245; x_wconf 74' lang='grc' dir='ltr'><strong>Χριστιανὸς</strong></span> <span class='ocrx_word' id='word_1_252' title='bbox 1796 3175 1939 3234; x_wconf 74' lang='grc' dir='ltr'><strong>εἶναι</strong></span> 
     </span>
    </p>
   </div>
   <div class='ocr_carea' id='block_1_34' title="bbox 368 3251 1939 3340">
    <p class='ocr_par' dir='ltr' id='par_1_34' title="bbox 368 3251 1939 3340">
     <span class='ocr_line' id='line_1_34' title="bbox 368 3251 1939 3340; baseline 0.015 -37"><span class='ocrx_word' id='word_1_253' title='bbox 368 3251 441 3320; x_wconf 77' lang='grc' dir='ltr'><strong>μὴ</strong></span> <span class='ocrx_word' id='word_1_254' title='bbox 466 3252 676 3325; x_wconf 69' lang='grc' dir='ltr'><strong>φέρων,</strong></span> <span class='ocrx_word' id='word_1_255' title='bbox 712 3259 841 3329; x_wconf 77' lang='grc' dir='ltr'><strong>περὶ</strong></span> <span class='ocrx_word' id='word_1_256' title='bbox 878 3260 975 3325; x_wconf 67' lang='grc' dir='ltr'><strong>τὰς</strong></span> <span class='ocrx_word' id='word_1_257' title='bbox 1008 3261 1159 3329; x_wconf 78' lang='grc' dir='ltr'><strong>θείας</strong></span> <span class='ocrx_word' id='word_1_258' title='bbox 1209 3283 1267 3319; x_wconf 90' lang='grc' dir='ltr'><strong>τε</strong></span> <span class='ocrx_word' id='word_1_259' title='bbox 1304 3267 1520 3321; x_wconf 77' lang='grc' dir='ltr'><strong>ἀσεϐῶν</strong></span> <span class='ocrx_word' id='word_1_260' title='bbox 1553 3270 1796 3340; x_wconf 76' lang='grc' dir='ltr'><strong>εἰκόνας,</strong></span> <span class='ocrx_word' id='word_1_261' title='bbox 1843 3272 1939 3328; x_wconf 77' lang='grc' dir='ltr'><strong>καὶ</strong></span> 
     </span>
    </p>
   </div>
   <div class='ocr_carea' id='block_1_35' title="bbox 363 3342 1939 3434">
    <p class='ocr_par' dir='ltr' id='par_1_35' title="bbox 363 3342 1939 3434">
     <span class='ocr_line' id='line_1_35' title="bbox 363 3342 1939 3434; baseline 0.016 -39"><span class='ocrx_word' id='word_1_262' title='bbox 363 3342 554 3434; x_wconf 77' lang='grc' dir='ltr'><strong>ῶσπερ</strong></span> <span class='ocrx_word' id='word_1_263' title='bbox 606 3349 675 3420; x_wconf 79' lang='grc' dir='ltr'><strong>τῇ</strong></span> <span class='ocrx_word' id='word_1_264' title='bbox 707 3349 926 3422; x_wconf 73' lang='grc' dir='ltr'><strong>ἐξουσία</strong></span> <span class='ocrx_word' id='word_1_265' title='bbox 956 3352 1103 3407; x_wconf 76' lang='grc' dir='ltr'><strong>οὕτω</strong></span> <span class='ocrx_word' id='word_1_266' title='bbox 1136 3357 1230 3409; x_wconf 77' lang='grc' dir='ltr'><strong>καὶ</strong></span> <span class='ocrx_word' id='word_1_267' title='bbox 1278 3358 1347 3411; x_wconf 73' lang='grc' dir='ltr'><strong>τα</strong></span> <span class='ocrx_word' id='word_1_268' title='bbox 1402 3359 1510 3413; x_wconf 88' lang='grc' dir='ltr'><strong>τῶν</strong></span> <span class='ocrx_word' id='word_1_269' title='bbox 1551 3362 1939 3434; x_wconf 80' lang='grc' dir='ltr'><strong>Εἰκονομᾶχων</strong></span> 
     </span>
    </p>
   </div>
   <div class='ocr_carea' id='block_1_36' title="bbox 365 3431 1940 3525">
    <p class='ocr_par' dir='ltr' id='par_1_36' title="bbox 365 3431 1940 3525">
     <span class='ocr_line' id='line_1_36' title="bbox 365 3431 1940 3525; baseline 0.015 -40"><span class='ocrx_word' id='word_1_270' title='bbox 365 3431 601 3504; x_wconf 80' lang='grc' dir='ltr'><strong>δόγματι</strong></span> <span class='ocrx_word' id='word_1_271' title='bbox 640 3439 767 3503; x_wconf 74' lang='grc' dir='ltr'><strong>τοὺς</strong></span> <span class='ocrx_word' id='word_1_272' title='bbox 798 3442 992 3506; x_wconf 84' lang='grc' dir='ltr'><strong>ἄλλους</strong></span> <span class='ocrx_word' id='word_1_273' title='bbox 1039 3444 1402 3513; x_wconf 84' lang='grc' dir='ltr'><strong>πλεονεκτῶν,</strong></span> <span class='ocrx_word' id='word_1_274' title='bbox 1446 3451 1650 3517; x_wconf 84' lang='grc' dir='ltr'><strong>παγίδα</strong></span> <span class='ocrx_word' id='word_1_275' title='bbox 1681 3454 1940 3525; x_wconf 65' lang='grc' dir='ltr'><strong>τοιαύτην</strong></span> 
     </span>
    </p>
   </div>
   <div class='ocr_carea' id='block_1_37' title="bbox 365 3524 1935 3616">
    <p class='ocr_par' dir='ltr' id='par_1_37' title="bbox 365 3524 1935 3616">
     <span class='ocr_line' id='line_1_37' title="bbox 365 3524 1935 3616; baseline 0.017 -42"><span class='ocrx_word' id='word_1_276' title='bbox 365 3524 500 3578; x_wconf 74' lang='grc' dir='ltr'><strong>πᾶσι</strong></span> <span class='ocrx_word' id='word_1_277' title='bbox 548 3527 784 3598; x_wconf 84' lang='grc' dir='ltr'><strong>κρύπτει</strong></span> <span class='ocrx_word' id='word_1_278' title='bbox 809 3533 1180 3602; x_wconf 82' lang='grc' dir='ltr'><strong>Χριστιανοῖς.</strong></span> <span class='ocrx_word' id='word_1_279' title='bbox 1219 3538 1633 3609; x_wconf 70' lang='grc' dir='ltr'><strong>’Υπογραφεῦσι</strong></span> <span class='ocrx_word' id='word_1_280' title='bbox 1666 3547 1759 3597; x_wconf 71' lang='grc' dir='ltr'><strong>καὶ</strong></span> <span class='ocrx_word' id='word_1_281' title='bbox 1792 3524 1935 3616; x_wconf 74' lang='grc' dir='ltr'><strong>πρά·</strong></span> 
     </span>
    </p>
   </div>
   <div class='ocr_carea' id='block_1_38' title="bbox 365 3620 1939 3699">
    <p class='ocr_par' dir='ltr' id='par_1_38' title="bbox 365 3620 1939 3699">
     <span class='ocr_line' id='line_1_38' title="bbox 365 3620 1939 3699; baseline 0.015 -33"><span class='ocrx_word' id='word_1_282' title='bbox 365 3629 559 3685; x_wconf 73' lang='grc' dir='ltr'><strong>πτορσι</strong></span> <span class='ocrx_word' id='word_1_283' title='bbox 616 3620 799 3675; x_wconf 76' lang='grc' dir='ltr'><strong>πᾶσαν</strong></span> <span class='ocrx_word' id='word_1_284' title='bbox 847 3623 984 3693; x_wconf 80' lang='grc' dir='ltr'><strong>ὁμοῦ</strong></span> <span class='ocrx_word' id='word_1_285' title='bbox 1044 3627 1242 3698; x_wconf 79' lang='grc' dir='ltr'><strong>κώμην</strong></span> <span class='ocrx_word' id='word_1_286' title='bbox 1294 3626 1675 3699; x_wconf 76' lang='grc' dir='ltr'><strong>διαλαμϐάνει,</strong></span> <span class='ocrx_word' id='word_1_287' title='bbox 1726 3632 1821 3687; x_wconf 85' lang='grc' dir='ltr'><strong>δύο</strong></span> <span class='ocrx_word' id='word_1_288' title='bbox 1870 3637 1939 3690; x_wconf 78' lang='grc' dir='ltr'><strong>τὰ</strong></span> 
     </span>
    </p>
   </div>
   <div class='ocr_carea' id='block_1_39' title="bbox 365 3705 1936 3797">
    <p class='ocr_par' dir='ltr' id='par_1_39' title="bbox 365 3705 1936 3797">
     <span class='ocr_line' id='line_1_39' title="bbox 365 3705 1936 3797; baseline 0.015 -40"><span class='ocrx_word' id='word_1_289' title='bbox 365 3705 618 3797; x_wconf 78' lang='grc' dir='ltr'><strong>χείριστα</strong></span> <span class='ocrx_word' id='word_1_290' title='bbox 677 3709 887 3776; x_wconf 81' lang='grc' dir='ltr'><strong>πρᾶξαι</strong></span> <span class='ocrx_word' id='word_1_291' title='bbox 940 3713 1287 3784; x_wconf 79' lang='grc' dir='ltr'><strong>βουλόμενος,</strong></span> <span class='ocrx_word' id='word_1_292' title='bbox 1344 3720 1439 3773; x_wconf 71' lang='grc' dir='ltr'><strong>καὶ</strong></span> <span class='ocrx_word' id='word_1_293' title='bbox 1494 3721 1655 3776; x_wconf 80' lang='grc' dir='ltr'><strong>τοῦτο</strong></span> <span class='ocrx_word' id='word_1_294' title='bbox 1713 3723 1816 3793; x_wconf 75' lang='grc' dir='ltr'><strong>μὲν</strong></span> <span class='ocrx_word' id='word_1_295' title='bbox 1867 3729 1936 3797; x_wconf 77' lang='grc' dir='ltr'><strong>τῇ</strong></span> 
     </span>
    </p>
   </div>
   <div class='ocr_carea' id='block_1_40' title="bbox 368 3796 1937 3880">
    <p class='ocr_par' dir='ltr' id='par_1_40' title="bbox 368 3796 1937 3880">
     <span class='ocr_line' id='line_1_40' title="bbox 368 3796 1937 3880; baseline 0.015 -32"><span class='ocrx_word' id='word_1_296' title='bbox 368 3796 762 3871; x_wconf 76' lang='grc' dir='ltr'><strong>φιλοχρημάτῳ</strong></span> <span class='ocrx_word' id='word_1_297' title='bbox 792 3803 940 3876; x_wconf 68' lang='grc' dir='ltr'>ψυχῇ</span> <span class='ocrx_word' id='word_1_298' title='bbox 974 3807 1313 3878; x_wconf 84' lang='grc' dir='ltr'><strong>χαρίσασθαι</strong></span> <span class='ocrx_word' id='word_1_299' title='bbox 1336 3810 1405 3863; x_wconf 73' lang='grc' dir='ltr'><strong>τα</strong></span> <span class='ocrx_word' id='word_1_300' title='bbox 1435 3812 1648 3879; x_wconf 67' lang='grc' dir='ltr'><strong>μεγὲιλα</strong></span> <span class='ocrx_word' id='word_1_301' title='bbox 1681 3816 1799 3880; x_wconf 74' lang='grc' dir='ltr'><strong>ταῖς</strong></span> <span class='ocrx_word' id='word_1_302' title='bbox 1818 3796 1937 3871; x_wconf 52' lang='lat' dir='ltr'><strong>sic?</strong></span> 
     </span>
    </p>
   </div>
   <div class='ocr_carea' id='block_1_41' title="bbox 366 3891 1941 3977">
    <p class='ocr_par' dir='ltr' id='par_1_41' title="bbox 366 3891 1941 3977">
     <span class='ocr_line' id='line_1_41' title="bbox 366 3891 1941 3977; baseline 0.015 -36"><span class='ocrx_word' id='word_1_303' title='bbox 366 3891 602 3958; x_wconf 73' lang='grc' dir='ltr'><strong>πρᾶξεσι</strong></span> <span class='ocrx_word' id='word_1_304' title='bbox 624 3893 735 3947; x_wconf 87' lang='grc' dir='ltr'><strong>τῶν</strong></span> <span class='ocrx_word' id='word_1_305' title='bbox 768 3896 972 3965; x_wconf 76' lang='grc' dir='ltr'><strong>φόρων,</strong></span> <span class='ocrx_word' id='word_1_306' title='bbox 1008 3898 1168 3954; x_wconf 84' lang='grc' dir='ltr'><strong>τοῦτο</strong></span> <span class='ocrx_word' id='word_1_307' title='bbox 1206 3900 1263 3954; x_wconf 67' lang='grc' dir='ltr'><strong>δὲ</strong></span> <span class='ocrx_word' id='word_1_308' title='bbox 1290 3904 1384 3955; x_wconf 70' lang='grc' dir='ltr'><strong>καὶ</strong></span> <span class='ocrx_word' id='word_1_309' title='bbox 1435 3902 1595 3973; x_wconf 71' lang='grc' dir='ltr'><strong>δῆλον</strong></span> <span class='ocrx_word' id='word_1_310' title='bbox 1620 3905 1767 3977; x_wconf 83' lang='grc' dir='ltr'><strong>αὐτῷ</strong></span> <span class='ocrx_word' id='word_1_311' title='bbox 1790 3908 1941 3977; x_wconf 69' lang='grc' dir='ltr'><strong>γενέ-</strong></span> 
     </span>
    </p>
   </div>
   <div class='ocr_carea' id='block_1_42' title="bbox 367 3985 1934 4070">
    <p class='ocr_par' dir='ltr' id='par_1_42' title="bbox 367 3985 1934 4070">
     <span class='ocr_line' id='line_1_42' title="bbox 367 3985 1934 4070; baseline 0.013 -37"><span class='ocrx_word' id='word_1_312' title='bbox 367 3985 489 4035; x_wconf 80' lang='grc' dir='ltr'><strong>σθαι</strong></span> <span class='ocrx_word' id='word_1_313' title='bbox 538 3986 743 4052; x_wconf 66' lang='grc' dir='ltr'><strong>πάντα,</strong></span> <span class='ocrx_word' id='word_1_314' title='bbox 807 3988 898 4042; x_wconf 76' lang='grc' dir='ltr'><strong>τὸν</strong></span> <span class='ocrx_word' id='word_1_315' title='bbox 953 3989 1047 4044; x_wconf 80' lang='grc' dir='ltr'><strong>τοῦ</strong></span> <span class='ocrx_word' id='word_1_316' title='bbox 1106 3992 1391 4063; x_wconf 81' lang='grc' dir='ltr'><strong>ὀρθοδόξου</strong></span> <span class='ocrx_word' id='word_1_317' title='bbox 1443 3998 1934 4070; x_wconf 75' lang='grc' dir='ltr'><strong>μεταποιούμενον,</strong></span> 
     </span>
    </p>
   </div>
   <div class='ocr_carea' id='block_1_43' title="bbox 369 4072 1935 4160">
    <p class='ocr_par' dir='ltr' id='par_1_43' title="bbox 369 4072 1935 4160">
     <span class='ocr_line' id='line_1_43' title="bbox 369 4072 1935 4160; baseline 0.015 -37"><span class='ocrx_word' id='word_1_318' title='bbox 369 4072 512 4137; x_wconf 73' lang='grc' dir='ltr'><strong>ὅπως</strong></span> <span class='ocrx_word' id='word_1_319' title='bbox 534 4075 632 4146; x_wconf 70' lang='grc' dir='ltr'><strong>ἕλῃ</strong></span> <span class='ocrx_word' id='word_1_320' title='bbox 664 4094 721 4130; x_wconf 82' lang='grc' dir='ltr'><strong>τε</strong></span> <span class='ocrx_word' id='word_1_321' title='bbox 751 4079 950 4143; x_wconf 77' lang='grc' dir='ltr'><strong>αὐτοὺς</strong></span> <span class='ocrx_word' id='word_1_322' title='bbox 978 4084 1044 4152; x_wconf 79' lang='grc' dir='ltr'><strong>τῇ</strong></span> <span class='ocrx_word' id='word_1_323' title='bbox 1078 4081 1192 4154; x_wconf 75' lang='grc' dir='ltr'><strong>βία,</strong></span> <span class='ocrx_word' id='word_1_324' title='bbox 1238 4085 1333 4139; x_wconf 72' lang='grc' dir='ltr'><strong>καὶ</strong></span> <span class='ocrx_word' id='word_1_325' title='bbox 1371 4088 1438 4157; x_wconf 75' lang='grc' dir='ltr'><strong>τῇ</strong></span> <span class='ocrx_word' id='word_1_326' title='bbox 1467 4087 1579 4140; x_wconf 87' lang='grc' dir='ltr'><strong>τῶν</strong></span> <span class='ocrx_word' id='word_1_327' title='bbox 1625 4088 1935 4160; x_wconf 75' lang='grc' dir='ltr'><strong>Εἰκονομά·</strong></span> 
     </span>
    </p>
   </div>
   <div class='ocr_carea' id='block_1_44' title="bbox 366 4168 1937 4251">
    <p class='ocr_par' dir='ltr' id='par_1_44' title="bbox 366 4168 1937 4251">
     <span class='ocr_line' id='line_1_44' title="bbox 366 4168 1937 4251; baseline 0.013 -36"><span class='ocrx_word' id='word_1_328' title='bbox 366 4182 470 4233; x_wconf 85' lang='grc' dir='ltr'><strong>χων</strong></span> <span class='ocrx_word' id='word_1_329' title='bbox 497 4168 715 4239; x_wconf 77' lang='grc' dir='ltr'><strong>αἷρέσει</strong></span> <span class='ocrx_word' id='word_1_330' title='bbox 746 4173 1117 4243; x_wconf 77' lang='grc' dir='ltr'><strong>προστεθῆναι</strong></span> <span class='ocrx_word' id='word_1_331' title='bbox 1156 4178 1594 4248; x_wconf 71' lang='grc' dir='ltr'><strong>παρασκευάσω.</strong></span> <span class='ocrx_word' id='word_1_332' title='bbox 1639 4178 1752 4236; x_wconf 72' lang='lat' dir='ltr'><strong>&#39;Evi.</strong></span> <span class='ocrx_word' id='word_1_333' title='bbox 1805 4182 1937 4251; x_wconf 76' lang='grc' dir='ltr'><strong>γοῦν</strong></span> 
     </span>
    </p>
   </div>
   <div class='ocr_carea' id='block_1_45' title="bbox 367 4255 1937 4343">
    <p class='ocr_par' dir='ltr' id='par_1_45' title="bbox 367 4255 1937 4343">
     <span class='ocr_line' id='line_1_45' title="bbox 367 4255 1937 4343; baseline 0.013 -36"><span class='ocrx_word' id='word_1_334' title='bbox 367 4257 393 4306; x_wconf 82' lang='grc' dir='ltr'><strong>ὀ</strong></span> <span class='ocrx_word' id='word_1_335' title='bbox 414 4256 560 4321; x_wconf 78' lang='grc' dir='ltr'><strong>θεῖος</strong></span> <span class='ocrx_word' id='word_1_336' title='bbox 590 4255 748 4325; x_wconf 77' lang='grc' dir='ltr'><strong>οὗτος</strong></span> <span class='ocrx_word' id='word_1_337' title='bbox 803 4263 945 4335; x_wconf 78' lang='grc' dir='ltr'><strong>ἀνὴρ</strong></span> <span class='ocrx_word' id='word_1_338' title='bbox 978 4266 1091 4319; x_wconf 85' lang='grc' dir='ltr'><strong>τῶν</strong></span> <span class='ocrx_word' id='word_1_339' title='bbox 1121 4269 1450 4339; x_wconf 87' lang='grc' dir='ltr'><strong>πρακτόρων</strong></span> <span class='ocrx_word' id='word_1_340' title='bbox 1499 4271 1826 4343; x_wconf 86' lang='grc' dir='ltr'><strong>περιτυχὼν,</strong></span> <span class='ocrx_word' id='word_1_341' title='bbox 1872 4274 1937 4328; x_wconf 86' lang='grc' dir='ltr'><strong>Τί</strong></span> 
     </span>
    </p>
   </div>
   <div class='ocr_carea' id='block_1_46' title="bbox 366 4346 1933 4434">
    <p class='ocr_par' dir='ltr' id='par_1_46' title="bbox 366 4346 1933 4434">
     <span class='ocr_line' id='line_1_46' title="bbox 366 4346 1933 4434; baseline 0.013 -36"><span class='ocrx_word' id='word_1_342' title='bbox 366 4346 556 4410; x_wconf 69' lang='grc' dir='ltr'><strong>ταῦτα,</strong></span> <span class='ocrx_word' id='word_1_343' title='bbox 593 4355 749 4422; x_wconf 74' lang='grc' dir='ltr'><strong>φησὶ,</strong></span> <span class='ocrx_word' id='word_1_344' title='bbox 789 4354 1022 4429; x_wconf 47' lang='lat' dir='ltr'><strong>Meles;</strong></span> <span class='ocrx_word' id='word_1_345' title='bbox 1057 4358 1451 4427; x_wconf 79' lang='grc' dir='ltr'><strong>μετακαλεῖται</strong></span> <span class='ocrx_word' id='word_1_346' title='bbox 1483 4379 1542 4415; x_wconf 92' lang='grc' dir='ltr'><strong>σε</strong></span> <span class='ocrx_word' id='word_1_347' title='bbox 1588 4362 1689 4434; x_wconf 69' lang='grc' dir='ltr'><strong>ἤδη</strong></span> <span class='ocrx_word' id='word_1_348' title='bbox 1721 4364 1751 4418; x_wconf 82' lang='grc' dir='ltr'><strong>ό</strong></span> <span class='ocrx_word' id='word_1_349' title='bbox 1774 4362 1933 4431; x_wconf 86' lang='grc' dir='ltr'><strong>βασι-</strong></span> 
     </span>
    </p>
   </div>
   <div class='ocr_carea' id='block_1_47' title="bbox 2049 513 3617 594">
    <p class='ocr_par' dir='ltr' id='par_1_47' title="bbox 2049 513 3617 594">
     <span class='ocr_line' id='line_1_47' title="bbox 2049 513 3617 594; baseline 0.006 -26"><span class='ocrx_word' id='word_1_350' title='bbox 2049 513 2223 568; x_wconf 84' lang='lat' dir='ltr'><strong>solum</strong></span> <span class='ocrx_word' id='word_1_351' title='bbox 2249 528 2371 585; x_wconf 91' lang='lat' dir='ltr'><strong>post</strong></span> <span class='ocrx_word' id='word_1_352' title='bbox 2403 517 2591 583; x_wconf 81' lang='lat' dir='ltr'><strong>vitam,</strong></span> <span class='ocrx_word' id='word_1_353' title='bbox 2626 520 2721 575; x_wconf 84' lang='lat' dir='ltr'><strong>sed</strong></span> <span class='ocrx_word' id='word_1_354' title='bbox 2745 520 2913 577; x_wconf 89' lang='lat' dir='ltr'><strong>etiam</strong></span> <span class='ocrx_word' id='word_1_355' title='bbox 2932 537 3057 578; x_wconf 89' lang='lat' dir='ltr'><strong>cum</strong></span> <span class='ocrx_word' id='word_1_356' title='bbox 3106 534 3251 580; x_wconf 87' lang='lat' dir='ltr'><strong>esset</strong></span> <span class='ocrx_word' id='word_1_357' title='bbox 3282 523 3337 580; x_wconf 87' lang='lat' dir='ltr'><strong>in</strong></span> <span class='ocrx_word' id='word_1_358' title='bbox 3368 542 3617 594; x_wconf 75' lang='lat' dir='ltr'><strong>corpore,</strong></span> 
     </span>
    </p>
   </div>
   <div class='ocr_carea' id='block_1_48' title="bbox 2050 603 3621 686">
    <p class='ocr_par' dir='ltr' id='par_1_48' title="bbox 2050 603 3621 686">
     <span class='ocr_line' id='line_1_48' title="bbox 2050 603 3621 686; baseline 0.007 -27"><span class='ocrx_word' id='word_1_359' title='bbox 2050 603 2182 659; x_wconf 85' lang='lat' dir='ltr'><strong>fecit</strong></span> <span class='ocrx_word' id='word_1_360' title='bbox 2211 606 2380 661; x_wconf 90' lang='lat' dir='ltr'><strong>multa</strong></span> <span class='ocrx_word' id='word_1_361' title='bbox 2408 608 2771 679; x_wconf 87' lang='lat' dir='ltr'><strong>admirabilia,</strong></span> <span class='ocrx_word' id='word_1_362' title='bbox 2800 622 2855 667; x_wconf 90' lang='lat' dir='ltr'><strong>ct</strong></span> <span class='ocrx_word' id='word_1_363' title='bbox 2884 629 3005 683; x_wconf 76' lang='lat' dir='ltr'><strong>quze</strong></span> <span class='ocrx_word' id='word_1_364' title='bbox 3026 624 3183 671; x_wconf 90' lang='lat' dir='ltr'><strong>erant</strong></span> <span class='ocrx_word' id='word_1_365' title='bbox 3224 625 3421 686; x_wconf 58' lang='lat' dir='ltr'><strong>praeter</strong></span> <span class='ocrx_word' id='word_1_366' title='bbox 3442 617 3621 686; x_wconf 85' lang='lat' dir='ltr'><strong>epini-</strong></span> 
     </span>
    </p>
   </div>
   <div class='ocr_carea' id='block_1_49' title="bbox 2049 697 3616 773">
    <p class='ocr_par' dir='ltr' id='par_1_49' title="bbox 2049 697 3616 773">
     <span class='ocr_line' id='line_1_49' title="bbox 2049 697 3616 773; baseline 0.009 -23"><span class='ocrx_word' id='word_1_367' title='bbox 2049 711 2236 751; x_wconf 96' lang='lat' dir='ltr'><strong>onem.</strong></span> <span class='ocrx_word' id='word_1_368' title='bbox 2267 697 2386 753; x_wconf 81' lang='lat' dir='ltr'><strong>Non</strong></span> <span class='ocrx_word' id='word_1_369' title='bbox 2410 700 2555 754; x_wconf 90' lang='lat' dir='ltr'><strong>enim</strong></span> <span class='ocrx_word' id='word_1_370' title='bbox 2585 703 2857 760; x_wconf 65' lang='lat' dir='ltr'><strong>daemones</strong></span> <span class='ocrx_word' id='word_1_371' title='bbox 2877 709 3052 762; x_wconf 85' lang='lat' dir='ltr'><strong>solum</strong></span> <span class='ocrx_word' id='word_1_372' title='bbox 3077 723 3202 764; x_wconf 90' lang='lat' dir='ltr'><strong>eum</strong></span> <span class='ocrx_word' id='word_1_373' title='bbox 3228 707 3616 773; x_wconf 86' lang='lat' dir='ltr'><strong>formidabant.</strong></span> 
     </span>
    </p>
   </div>
   <div class='ocr_carea' id='block_1_50' title="bbox 2049 790 3616 872">
    <p class='ocr_par' dir='ltr' id='par_1_50' title="bbox 2049 790 3616 872">
     <span class='ocr_line' id='line_1_50' title="bbox 2049 790 3616 872; baseline 0.008 -27"><span class='ocrx_word' id='word_1_374' title='bbox 2049 790 2170 861; x_wconf 82' lang='lat' dir='ltr'><strong>ejus</strong></span> <span class='ocrx_word' id='word_1_375' title='bbox 2196 806 2304 845; x_wconf 91' lang='lat' dir='ltr'><strong>non</strong></span> <span class='ocrx_word' id='word_1_376' title='bbox 2331 790 2571 848; x_wconf 85' lang='lat' dir='ltr'><strong>ferentes</strong></span> <span class='ocrx_word' id='word_1_377' title='bbox 2597 797 2963 863; x_wconf 65' lang='lat' dir='ltr'><strong>praisentiam,</strong></span> <span class='ocrx_word' id='word_1_378' title='bbox 3005 799 3099 854; x_wconf 90' lang='lat' dir='ltr'><strong>sed</strong></span> <span class='ocrx_word' id='word_1_379' title='bbox 3135 800 3311 855; x_wconf 83' lang='lat' dir='ltr'><strong>morbi</strong></span> <span class='ocrx_word' id='word_1_380' title='bbox 3372 818 3616 872; x_wconf 83' lang='lat' dir='ltr'><strong>quoque,</strong></span> 
     </span>
    </p>
   </div>
   <div class='ocr_carea' id='block_1_51' title="bbox 2046 880 3682 964">
    <p class='ocr_par' dir='ltr' id='par_1_51' title="bbox 2046 880 3682 964">
     <span class='ocr_line' id='line_1_51' title="bbox 2046 880 3682 964; baseline 0.009 -30"><span class='ocrx_word' id='word_1_381' title='bbox 2046 880 2141 951; x_wconf 87' lang='lat' dir='ltr'><strong>qui</strong></span> <span class='ocrx_word' id='word_1_382' title='bbox 2173 890 2405 937; x_wconf 90' lang='lat' dir='ltr'><strong>mortem</strong></span> <span class='ocrx_word' id='word_1_383' title='bbox 2439 883 2814 949; x_wconf 89' lang='lat' dir='ltr'><strong>minabantur,</strong></span> <span class='ocrx_word' id='word_1_384' title='bbox 2870 889 2991 957; x_wconf 87' lang='lat' dir='ltr'><strong>ejus</strong></span> <span class='ocrx_word' id='word_1_385' title='bbox 3053 892 3311 961; x_wconf 88' lang='lat' dir='ltr'><strong>precibus</strong></span> <span class='ocrx_word' id='word_1_386' title='bbox 3356 902 3411 948; x_wconf 90' lang='lat' dir='ltr'><strong>et</strong></span> <span class='ocrx_word' id='word_1_387' title='bbox 3461 894 3619 964; x_wconf 53' lang='lat' dir='ltr'><strong>sfgao</strong></span> <span class='ocrx_word' id='word_1_388' title='bbox 3668 938 3682 948; x_wconf 90' lang='lat'><strong>.</strong></span> 
     </span>
    </p>
   </div>
   <div class='ocr_carea' id='block_1_52' title="bbox 2049 972 3623 1050">
    <p class='ocr_par' dir='ltr' id='par_1_52' title="bbox 2049 972 3623 1050">
     <span class='ocr_line' id='line_1_52' title="bbox 2049 972 3623 1050; baseline 0.007 -23"><span class='ocrx_word' id='word_1_389' title='bbox 2049 972 2230 1027; x_wconf 89' lang='lat' dir='ltr'><strong>crucis</strong></span> <span class='ocrx_word' id='word_1_390' title='bbox 2259 975 2631 1031; x_wconf 75' lang='lat' dir='ltr'><strong>solvebantur.</strong></span> <span class='ocrx_word' id='word_1_391' title='bbox 2692 979 2820 1050; x_wconf 82' lang='lat' dir='ltr'><strong>Ejus</strong></span> <span class='ocrx_word' id='word_1_392' title='bbox 2843 979 3065 1050; x_wconf 81' lang='lat' dir='ltr'><strong>quidem</strong></span> <span class='ocrx_word' id='word_1_393' title='bbox 3129 992 3276 1038; x_wconf 91' lang='lat' dir='ltr'><strong>certe</strong></span> <span class='ocrx_word' id='word_1_394' title='bbox 3337 983 3623 1041; x_wconf 73' lang='lat' dir='ltr'><strong>familiaris</strong></span> 
     </span>
    </p>
   </div>
   <div class='ocr_carea' id='block_1_53' title="bbox 2048 1064 3618 1145">
    <p class='ocr_par' dir='ltr' id='par_1_53' title="bbox 2048 1064 3618 1145">
     <span class='ocr_line' id='line_1_53' title="bbox 2048 1064 3618 1145; baseline 0.008 -28"><span class='ocrx_word' id='word_1_395' title='bbox 2048 1072 2102 1118; x_wconf 86' lang='lat' dir='ltr'><strong>et</strong></span> <span class='ocrx_word' id='word_1_396' title='bbox 2124 1064 2335 1122; x_wconf 88' lang='lat' dir='ltr'><strong>amicus</strong></span> <span class='ocrx_word' id='word_1_397' title='bbox 2392 1068 2706 1125; x_wconf 86' lang='lat' dir='ltr'><strong>Eustratius</strong></span> <span class='ocrx_word' id='word_1_398' title='bbox 2775 1073 2943 1142; x_wconf 66' lang='lat' dir='ltr'><strong>gravi]</strong></span> <span class='ocrx_word' id='word_1_399' title='bbox 2997 1073 3192 1129; x_wconf 90' lang='lat' dir='ltr'><strong>morbo</strong></span> <span class='ocrx_word' id='word_1_400' title='bbox 3259 1076 3618 1145; x_wconf 80' lang='lat' dir='ltr'><strong>aflligebatur.</strong></span> 
     </span>
    </p>
   </div>
   <div class='ocr_carea' id='block_1_54' title="bbox 2048 1157 3633 1229">
    <p class='ocr_par' dir='ltr' id='par_1_54' title="bbox 2048 1157 3633 1229">
     <span class='ocr_line' id='line_1_54' title="bbox 2048 1157 3633 1229; baseline 0.008 -19"><span class='ocrx_word' id='word_1_401' title='bbox 2048 1157 2368 1226; x_wconf 86' lang='lat' dir='ltr'><strong>sanguinem</strong></span> <span class='ocrx_word' id='word_1_402' title='bbox 2407 1174 2634 1216; x_wconf 88' lang='lat' dir='ltr'><strong>vomens</strong></span> <span class='ocrx_word' id='word_1_403' title='bbox 2661 1176 2728 1217; x_wconf 82' lang='lat' dir='ltr'><strong>ex</strong></span> <span class='ocrx_word' id='word_1_404' title='bbox 2757 1160 3057 1219; x_wconf 87' lang='lat' dir='ltr'><strong>intestinis.</strong></span> <span class='ocrx_word' id='word_1_405' title='bbox 3111 1164 3205 1220; x_wconf 90' lang='lat' dir='ltr'><strong>llle</strong></span> <span class='ocrx_word' id='word_1_406' title='bbox 3229 1181 3383 1229; x_wconf 90' lang='lat' dir='ltr'><strong>vero.</strong></span> <span class='ocrx_word' id='word_1_407' title='bbox 3415 1182 3540 1222; x_wconf 89' lang='lat' dir='ltr'><strong>cum</strong></span> <span class='ocrx_word' id='word_1_408' title='bbox 3566 1158 3633 1222; x_wconf 74' lang='lat' dir='ltr'><strong>id</strong></span> 
     </span>
    </p>
   </div>
   <div class='ocr_carea' id='block_1_55' title="bbox 2048 1245 3620 1320">
    <p class='ocr_par' dir='ltr' id='par_1_55' title="bbox 2048 1245 3620 1320">
     <span class='ocr_line' id='line_1_55' title="bbox 2048 1245 3620 1320; baseline 0.008 -20"><span class='ocrx_word' id='word_1_409' title='bbox 2048 1245 2099 1301; x_wconf 92' lang='lat' dir='ltr'><strong>ei</strong></span> <span class='ocrx_word' id='word_1_410' title='bbox 2167 1247 2321 1315; x_wconf 84' lang='lat' dir='ltr'><strong>prius</strong></span> <span class='ocrx_word' id='word_1_411' title='bbox 2379 1248 2745 1319; x_wconf 83' lang='lat' dir='ltr'><strong>signiﬁcasset</strong></span> <span class='ocrx_word' id='word_1_412' title='bbox 2793 1252 3145 1320; x_wconf 70' lang='lat' dir='ltr'><strong>Eustratius,</strong></span> <span class='ocrx_word' id='word_1_413' title='bbox 3193 1255 3420 1312; x_wconf 89' lang='lat' dir='ltr'><strong>veniens</strong></span> <span class='ocrx_word' id='word_1_414' title='bbox 3481 1259 3620 1317; x_wconf 84' lang='lat' dir='ltr'><strong>stitit</strong></span> 
     </span>
    </p>
   </div>
   <div class='ocr_carea' id='block_1_56' title="bbox 2049 1337 3621 1419">
    <p class='ocr_par' dir='ltr' id='par_1_56' title="bbox 2049 1337 3621 1419">
     <span class='ocr_line' id='line_1_56' title="bbox 2049 1337 3621 1419; baseline 0.007 -28"><span class='ocrx_word' id='word_1_415' title='bbox 2049 1337 2271 1407; x_wconf 89' lang='lat' dir='ltr'><strong>quidem</strong></span> <span class='ocrx_word' id='word_1_416' title='bbox 2303 1342 2645 1411; x_wconf 85' lang='lat' dir='ltr'><strong>sanguinem,</strong></span> <span class='ocrx_word' id='word_1_417' title='bbox 2692 1343 2869 1413; x_wconf 88' lang='lat' dir='ltr'><strong>ipsum</strong></span> <span class='ocrx_word' id='word_1_418' title='bbox 2896 1356 3082 1401; x_wconf 89' lang='lat' dir='ltr'><strong>autem</strong></span> <span class='ocrx_word' id='word_1_419' title='bbox 3107 1348 3273 1419; x_wconf 85' lang='lat' dir='ltr'><strong>jussit</strong></span> <span class='ocrx_word' id='word_1_420' title='bbox 3322 1362 3444 1404; x_wconf 89' lang='lat' dir='ltr'><strong>esse</strong></span> <span class='ocrx_word' id='word_1_421' title='bbox 3476 1347 3621 1407; x_wconf 88' lang='lat' dir='ltr'><strong>bono</strong></span> 
     </span>
    </p>
   </div>
   <div class='ocr_carea' id='block_1_57' title="bbox 2050 1428 3621 1506">
    <p class='ocr_par' dir='ltr' id='par_1_57' title="bbox 2050 1428 3621 1506">
     <span class='ocr_line' id='line_1_57' title="bbox 2050 1428 3621 1506; baseline 0.009 -25"><span class='ocrx_word' id='word_1_422' title='bbox 2050 1428 2256 1484; x_wconf 82' lang='lat' dir='ltr'><strong>animo.</strong></span> <span class='ocrx_word' id='word_1_423' title='bbox 2345 1430 2653 1488; x_wconf 87' lang='lat' dir='ltr'><strong>Eustratius</strong></span> <span class='ocrx_word' id='word_1_424' title='bbox 2730 1450 2863 1506; x_wconf 84' lang='lat' dir='ltr'><strong>ergo</strong></span> <span class='ocrx_word' id='word_1_425' title='bbox 2938 1452 3063 1492; x_wconf 92' lang='lat' dir='ltr'><strong>cum</strong></span> <span class='ocrx_word' id='word_1_426' title='bbox 3124 1437 3227 1492; x_wconf 89' lang='lat' dir='ltr'><strong>viri</strong></span> <span class='ocrx_word' id='word_1_427' title='bbox 3293 1438 3532 1495; x_wconf 89' lang='lat' dir='ltr'><strong>adventu</strong></span> <span class='ocrx_word' id='word_1_428' title='bbox 3589 1453 3621 1495; x_wconf 76' lang='grc' dir='ltr'><strong>ει</strong></span> 
     </span>
    </p>
   </div>
   <div class='ocr_carea' id='block_1_58' title="bbox 2050 1519 3625 1589">
    <p class='ocr_par' dir='ltr' id='par_1_58' title="bbox 2050 1519 3625 1589">
     <span class='ocr_line' id='line_1_58' title="bbox 2050 1519 3625 1589; baseline 0.007 -17"><span class='ocrx_word' id='word_1_429' title='bbox 2050 1519 2244 1574; x_wconf 86' lang='lat' dir='ltr'><strong>morbo</strong></span> <span class='ocrx_word' id='word_1_430' title='bbox 2276 1520 2664 1589; x_wconf 85' lang='lat' dir='ltr'><strong>convaluisset,</strong></span> <span class='ocrx_word' id='word_1_431' title='bbox 2696 1526 2893 1581; x_wconf 84' lang='lat' dir='ltr'><strong>transit</strong></span> <span class='ocrx_word' id='word_1_432' title='bbox 2935 1525 3003 1582; x_wconf 87' lang='lat' dir='ltr'><strong>ad</strong></span> <span class='ocrx_word' id='word_1_433' title='bbox 3061 1526 3379 1583; x_wconf 88' lang='lat' dir='ltr'><strong>Leucadum</strong></span> <span class='ocrx_word' id='word_1_434' title='bbox 3411 1527 3625 1583; x_wconf 69' lang='lat' dir='ltr'><strong>habita-</strong></span> 
     </span>
    </p>
   </div>
   <div class='ocr_carea' id='block_1_59' title="bbox 2050 1612 3621 1685">
    <p class='ocr_par' dir='ltr' id='par_1_59' title="bbox 2050 1612 3621 1685">
     <span class='ocr_line' id='line_1_59' title="bbox 2050 1612 3621 1685; baseline 0.006 -20"><span class='ocrx_word' id='word_1_435' title='bbox 2050 1612 2256 1680; x_wconf 76' lang='lat' dir='ltr'><strong>culum,</strong></span> <span class='ocrx_word' id='word_1_436' title='bbox 2286 1613 2432 1683; x_wconf 91' lang='lat' dir='ltr'><strong>quod</strong></span> <span class='ocrx_word' id='word_1_437' title='bbox 2487 1615 2665 1671; x_wconf 88' lang='lat' dir='ltr'><strong>solent</strong></span> <span class='ocrx_word' id='word_1_438' title='bbox 2689 1631 2886 1674; x_wconf 84' lang='lat' dir='ltr'><strong>vocare</strong></span> <span class='ocrx_word' id='word_1_439' title='bbox 2916 1618 3273 1685; x_wconf 84' lang='lat' dir='ltr'><strong>Metochium,</strong></span> <span class='ocrx_word' id='word_1_440' title='bbox 3324 1635 3382 1676; x_wconf 86' lang='lat' dir='ltr'><strong>se.</strong></span> <span class='ocrx_word' id='word_1_441' title='bbox 3429 1620 3621 1675; x_wconf 88' lang='lat' dir='ltr'><strong>volens</strong></span> 
     </span>
    </p>
   </div>
   <div class='ocr_carea' id='block_1_60' title="bbox 2050 1698 3616 1780">
    <p class='ocr_par' dir='ltr' id='par_1_60' title="bbox 2050 1698 3616 1780">
     <span class='ocr_line' id='line_1_60' title="bbox 2050 1698 3616 1780; baseline 0.006 -26"><span class='ocrx_word' id='word_1_442' title='bbox 2050 1698 2325 1757; x_wconf 86' lang='lat' dir='ltr'><strong>defessum</strong></span> <span class='ocrx_word' id='word_1_443' title='bbox 2347 1702 2717 1777; x_wconf 72' lang='lat' dir='ltr'><strong>afﬂictumque</strong></span> <span class='ocrx_word' id='word_1_444' title='bbox 2745 1722 3013 1773; x_wconf 87' lang='lat' dir='ltr'><strong>recreare,</strong></span> <span class='ocrx_word' id='word_1_445' title='bbox 3046 1717 3104 1765; x_wconf 88' lang='lat' dir='ltr'><strong>et</strong></span> <span class='ocrx_word' id='word_1_446' title='bbox 3125 1708 3347 1779; x_wconf 84' lang='lat' dir='ltr'><strong>aliquod</strong></span> <span class='ocrx_word' id='word_1_447' title='bbox 3384 1707 3616 1780; x_wconf 82' lang='lat' dir='ltr'><strong>adipisci</strong></span> 
     </span>
    </p>
   </div>
   <div class='ocr_carea' id='block_1_61' title="bbox 2050 1792 3617 1865">
    <p class='ocr_par' dir='ltr' id='par_1_61' title="bbox 2050 1792 3617 1865">
     <span class='ocr_line' id='line_1_61' title="bbox 2050 1792 3617 1865; baseline 0.006 -20"><span class='ocrx_word' id='word_1_448' title='bbox 2050 1792 2328 1852; x_wconf 87' lang='lat' dir='ltr'><strong>solatium.</strong></span> <span class='ocrx_word' id='word_1_449' title='bbox 2369 1794 2477 1851; x_wconf 81' lang='lat' dir='ltr'><strong>Res</strong></span> <span class='ocrx_word' id='word_1_450' title='bbox 2505 1806 2692 1854; x_wconf 89' lang='lat' dir='ltr'><strong>autem</strong></span> <span class='ocrx_word' id='word_1_451' title='bbox 2716 1798 2764 1854; x_wconf 90' lang='lat' dir='ltr'><strong>ei</strong></span> <span class='ocrx_word' id='word_1_452' title='bbox 2803 1807 2992 1856; x_wconf 89' lang='lat' dir='ltr'><strong>contra</strong></span> <span class='ocrx_word' id='word_1_453' title='bbox 3021 1800 3207 1865; x_wconf 81' lang='lat' dir='ltr'><strong>cessit,</strong></span> <span class='ocrx_word' id='word_1_454' title='bbox 3244 1810 3298 1856; x_wconf 92' lang='lat' dir='ltr'><strong>et</strong></span> <span class='ocrx_word' id='word_1_455' title='bbox 3334 1800 3529 1857; x_wconf 82' lang='lat' dir='ltr'><strong>incidit</strong></span> <span class='ocrx_word' id='word_1_456' title='bbox 3563 1799 3617 1855; x_wconf 89' lang='lat' dir='ltr'><strong>in</strong></span> 
     </span>
    </p>
   </div>
   <div class='ocr_carea' id='block_1_62' title="bbox 2043 1879 3621 1959">
    <p class='ocr_par' dir='ltr' id='par_1_62' title="bbox 2043 1879 3621 1959">
     <span class='ocr_line' id='line_1_62' title="bbox 2043 1879 3621 1959; baseline 0.005 -25"><span class='ocrx_word' id='word_1_457' title='bbox 2043 1879 2411 1937; x_wconf 85' lang='lat' dir='ltr'><strong>calamitatem</strong></span> <span class='ocrx_word' id='word_1_458' title='bbox 2473 1883 2634 1956; x_wconf 89' lang='lat' dir='ltr'><strong>longe</strong></span> <span class='ocrx_word' id='word_1_459' title='bbox 2697 1886 2869 1957; x_wconf 78' lang='lat' dir='ltr'><strong>priori</strong></span> <span class='ocrx_word' id='word_1_460' title='bbox 2923 1888 3258 1959; x_wconf 80' lang='lat' dir='ltr'><strong>graviorem.</strong></span> <span class='ocrx_word' id='word_1_461' title='bbox 3310 1887 3621 1944; x_wconf 82' lang='lat' dir='ltr'><strong>Vehemens</strong></span> 
     </span>
    </p>
   </div>
   <div class='ocr_carea' id='block_1_63' title="bbox 2044 1971 3618 2046">
    <p class='ocr_par' dir='ltr' id='par_1_63' title="bbox 2044 1971 3618 2046">
     <span class='ocr_line' id='line_1_63' title="bbox 2044 1971 3618 2046; baseline 0.006 -22"><span class='ocrx_word' id='word_1_462' title='bbox 2044 1971 2190 2026; x_wconf 89' lang='lat' dir='ltr'><strong>enim</strong></span> <span class='ocrx_word' id='word_1_463' title='bbox 2221 1985 2347 2027; x_wconf 89' lang='lat' dir='ltr'><strong>eum</strong></span> <span class='ocrx_word' id='word_1_464' title='bbox 2367 1973 2558 2029; x_wconf 85' lang='lat' dir='ltr'><strong>adorta</strong></span> <span class='ocrx_word' id='word_1_465' title='bbox 2580 1974 2771 2042; x_wconf 87' lang='lat' dir='ltr'><strong>febris,</strong></span> <span class='ocrx_word' id='word_1_466' title='bbox 2819 1978 3022 2035; x_wconf 84' lang='lat' dir='ltr'><strong>acriter</strong></span> <span class='ocrx_word' id='word_1_467' title='bbox 3047 1979 3308 2046; x_wconf 87' lang='lat' dir='ltr'><strong>laniabat,</strong></span> <span class='ocrx_word' id='word_1_468' title='bbox 3334 1987 3389 2035; x_wconf 85' lang='lat' dir='ltr'><strong>et</strong></span> <span class='ocrx_word' id='word_1_469' title='bbox 3426 1993 3618 2037; x_wconf 82' lang='lat' dir='ltr'><strong>vocem</strong></span> 
     </span>
    </p>
   </div>
   <div class='ocr_carea' id='block_1_64' title="bbox 2043 2061 3613 2139">
    <p class='ocr_par' dir='ltr' id='par_1_64' title="bbox 2043 2061 3613 2139">
     <span class='ocr_line' id='line_1_64' title="bbox 2043 2061 3613 2139; baseline 0.008 -22"><span class='ocrx_word' id='word_1_470' title='bbox 2043 2061 2096 2117; x_wconf 92' lang='lat' dir='ltr'><strong>ei</strong></span> <span class='ocrx_word' id='word_1_471' title='bbox 2126 2062 2425 2128; x_wconf 83' lang='lat' dir='ltr'><strong>adimebat,</strong></span> <span class='ocrx_word' id='word_1_472' title='bbox 2450 2064 2625 2121; x_wconf 88' lang='lat' dir='ltr'><strong>donec</strong></span> <span class='ocrx_word' id='word_1_473' title='bbox 2659 2067 2982 2124; x_wconf 84' lang='lat' dir='ltr'><strong>recordatus</strong></span> <span class='ocrx_word' id='word_1_474' title='bbox 3016 2070 3262 2139; x_wconf 70' lang='lat' dir='ltr'><strong>prteclari</strong></span> <span class='ocrx_word' id='word_1_475' title='bbox 3292 2069 3437 2126; x_wconf 90' lang='lat' dir='ltr'><strong>inter</strong></span> <span class='ocrx_word' id='word_1_476' title='bbox 3495 2084 3613 2130; x_wconf 89' lang='lat' dir='ltr'><strong>eos.</strong></span> 
     </span>
    </p>
   </div>
   <div class='ocr_carea' id='block_1_65' title="bbox 2044 2151 3618 2231">
    <p class='ocr_par' dir='ltr' id='par_1_65' title="bbox 2044 2151 3618 2231">
     <span class='ocr_line' id='line_1_65' title="bbox 2044 2151 3618 2231; baseline 0.004 -26"><span class='ocrx_word' id='word_1_477' title='bbox 2044 2151 2138 2222; x_wconf 90' lang='lat' dir='ltr'><strong>qui</strong></span> <span class='ocrx_word' id='word_1_478' title='bbox 2167 2168 2227 2208; x_wconf 91' lang='lat' dir='ltr'><strong>se</strong></span> <span class='ocrx_word' id='word_1_479' title='bbox 2270 2155 2619 2219; x_wconf 84' lang='lat' dir='ltr'><strong>exercebant,</strong></span> <span class='ocrx_word' id='word_1_480' title='bbox 2652 2156 2947 2223; x_wconf 81' lang='lat' dir='ltr'><strong>Joannicii,</strong></span> <span class='ocrx_word' id='word_1_481' title='bbox 2984 2157 3035 2212; x_wconf 90' lang='lat' dir='ltr'><strong>ei</strong></span> <span class='ocrx_word' id='word_1_482' title='bbox 3072 2170 3328 2230; x_wconf 85' lang='lat' dir='ltr'><strong>tanquam</strong></span> <span class='ocrx_word' id='word_1_483' title='bbox 3363 2160 3618 2231; x_wconf 71' lang='lat' dir='ltr'><strong>praesenti</strong></span> 
     </span>
    </p>
   </div>
   <div class='ocr_carea' id='block_1_66' title="bbox 2044 2241 3614 2319">
    <p class='ocr_par' dir='ltr' id='par_1_66' title="bbox 2044 2241 3614 2319">
     <span class='ocr_line' id='line_1_66' title="bbox 2044 2241 3614 2319; baseline 0.004 -23"><span class='ocrx_word' id='word_1_484' title='bbox 2044 2241 2272 2312; x_wconf 83' lang='lat' dir='ltr'><strong>supplex</strong></span> <span class='ocrx_word' id='word_1_485' title='bbox 2307 2243 2564 2312; x_wconf 89' lang='lat' dir='ltr'><strong>procidit,</strong></span> <span class='ocrx_word' id='word_1_486' title='bbox 2588 2254 2645 2301; x_wconf 91' lang='lat' dir='ltr'><strong>et</strong></span> <span class='ocrx_word' id='word_1_487' title='bbox 2669 2247 2881 2316; x_wconf 75' lang='lat' dir='ltr'><strong>rogavit</strong></span> <span class='ocrx_word' id='word_1_488' title='bbox 2934 2256 2994 2302; x_wconf 91' lang='lat' dir='ltr'><strong>ut</strong></span> <span class='ocrx_word' id='word_1_489' title='bbox 3026 2263 3056 2302; x_wconf 90' lang='lat' dir='ltr'><strong>a</strong></span> <span class='ocrx_word' id='word_1_490' title='bbox 3103 2248 3298 2303; x_wconf 87' lang='lat' dir='ltr'><strong>morbo</strong></span> <span class='ocrx_word' id='word_1_491' title='bbox 3356 2249 3614 2319; x_wconf 69' lang='lat' dir='ltr'><strong>praesenti</strong></span> 
     </span>
    </p>
   </div>
   <div class='ocr_carea' id='block_1_67' title="bbox 2042 2333 3616 2395">
    <p class='ocr_par' dir='ltr' id='par_1_67' title="bbox 2042 2333 3616 2395">
     <span class='ocr_line' id='line_1_67' title="bbox 2042 2333 3616 2395; baseline 0.004 -6"><span class='ocrx_word' id='word_1_492' title='bbox 2042 2333 2396 2394; x_wconf 87' lang='lat' dir='ltr'><strong>liberaretur.</strong></span> <span class='ocrx_word' id='word_1_493' title='bbox 2434 2336 2657 2391; x_wconf 84' lang='lat' dir='ltr'><strong>Interim</strong></span> <span class='ocrx_word' id='word_1_494' title='bbox 2678 2345 2862 2392; x_wconf 90' lang='lat' dir='ltr'><strong>autem</strong></span> <span class='ocrx_word' id='word_1_495' title='bbox 2912 2338 2979 2393; x_wconf 87' lang='lat' dir='ltr'><strong>ad</strong></span> <span class='ocrx_word' id='word_1_496' title='bbox 3042 2338 3430 2395; x_wconf 88' lang='lat' dir='ltr'><strong>dormiendum</strong></span> <span class='ocrx_word' id='word_1_497' title='bbox 3481 2355 3616 2395; x_wconf 88' lang='lat' dir='ltr'><strong>con-</strong></span> 
     </span>
    </p>
   </div>
   <div class='ocr_carea' id='block_1_68' title="bbox 2042 2428 3618 2503">
    <p class='ocr_par' dir='ltr' id='par_1_68' title="bbox 2042 2428 3618 2503">
     <span class='ocr_line' id='line_1_68' title="bbox 2042 2428 3618 2503; baseline 0.002 -21"><span class='ocrx_word' id='word_1_498' title='bbox 2042 2441 2255 2495; x_wconf 90' lang='lat' dir='ltr'><strong>versus,</strong></span> <span class='ocrx_word' id='word_1_499' title='bbox 2312 2444 2436 2486; x_wconf 91' lang='lat' dir='ltr'><strong>cum</strong></span> <span class='ocrx_word' id='word_1_500' title='bbox 2490 2428 2640 2485; x_wconf 86' lang='lat' dir='ltr'><strong>visus</strong></span> <span class='ocrx_word' id='word_1_501' title='bbox 2672 2438 2820 2485; x_wconf 90' lang='lat' dir='ltr'><strong>esset</strong></span> <span class='ocrx_word' id='word_1_502' title='bbox 2853 2429 3037 2486; x_wconf 90' lang='lat' dir='ltr'><strong>videre</strong></span> <span class='ocrx_word' id='word_1_503' title='bbox 3083 2447 3339 2503; x_wconf 85' lang='lat' dir='ltr'><strong>magnum</strong></span> <span class='ocrx_word' id='word_1_504' title='bbox 3392 2429 3618 2488; x_wconf 84' lang='lat' dir='ltr'><strong>Joanni-</strong></span> 
     </span>
    </p>
   </div>
   <div class='ocr_carea' id='block_1_69' title="bbox 2041 2516 3624 2589">
    <p class='ocr_par' dir='ltr' id='par_1_69' title="bbox 2041 2516 3624 2589">
     <span class='ocr_line' id='line_1_69' title="bbox 2041 2516 3624 2589; baseline 0 -17"><span class='ocrx_word' id='word_1_505' title='bbox 2041 2516 2190 2572; x_wconf 88' lang='lat' dir='ltr'><strong>cium</strong></span> <span class='ocrx_word' id='word_1_506' title='bbox 2211 2520 2539 2585; x_wconf 85' lang='lat' dir='ltr'><strong>adstantem,</strong></span> <span class='ocrx_word' id='word_1_507' title='bbox 2557 2520 2982 2589; x_wconf 86' lang='lat' dir='ltr'><strong>colloquentem,</strong></span> <span class='ocrx_word' id='word_1_508' title='bbox 3008 2519 3451 2587; x_wconf 89' lang='lat' dir='ltr'><strong>confirmantem,</strong></span> <span class='ocrx_word' id='word_1_509' title='bbox 3473 2535 3624 2574; x_wconf 84' lang='lat' dir='ltr'><strong>mor-</strong></span> 
     </span>
    </p>
   </div>
   <div class='ocr_carea' id='block_1_70' title="bbox 2042 2610 3619 2685">
    <p class='ocr_par' dir='ltr' id='par_1_70' title="bbox 2042 2610 3619 2685">
     <span class='ocr_line' id='line_1_70' title="bbox 2042 2610 3619 2685; baseline -0.001 -19"><span class='ocrx_word' id='word_1_510' title='bbox 2042 2610 2175 2666; x_wconf 89' lang='lat' dir='ltr'><strong>bum</strong></span> <span class='ocrx_word' id='word_1_511' title='bbox 2200 2612 2575 2683; x_wconf 86' lang='lat' dir='ltr'><strong>superavit,ct</strong></span> <span class='ocrx_word' id='word_1_512' title='bbox 2603 2612 2835 2668; x_wconf 89' lang='lat' dir='ltr'><strong>salutem</strong></span> <span class='ocrx_word' id='word_1_513' title='bbox 2867 2612 2943 2667; x_wconf 89' lang='lat' dir='ltr'><strong>illi</strong></span> <span class='ocrx_word' id='word_1_514' title='bbox 2970 2623 3248 2685; x_wconf 84' lang='lat' dir='ltr'><strong>acceptam</strong></span> <span class='ocrx_word' id='word_1_515' title='bbox 3278 2613 3425 2677; x_wconf 90' lang='lat' dir='ltr'><strong>tulit,</strong></span> <span class='ocrx_word' id='word_1_516' title='bbox 3457 2629 3619 2683; x_wconf 87' lang='lat' dir='ltr'><strong>quem</strong></span> 
     </span>
    </p>
   </div>
   <div class='ocr_carea' id='block_1_71' title="bbox 2041 2702 3621 2775">
    <p class='ocr_par' dir='ltr' id='par_1_71' title="bbox 2041 2702 3621 2775">
     <span class='ocr_line' id='line_1_71' title="bbox 2041 2702 3621 2775; baseline 0.001 -18"><span class='ocrx_word' id='word_1_517' title='bbox 2041 2702 2237 2758; x_wconf 82' lang='lat' dir='ltr'><strong>habuit</strong></span> <span class='ocrx_word' id='word_1_518' title='bbox 2255 2718 2381 2757; x_wconf 91' lang='lat' dir='ltr'><strong>eum</strong></span> <span class='ocrx_word' id='word_1_519' title='bbox 2399 2702 2755 2760; x_wconf 74' lang='lat' dir='ltr'><strong>lzetiflcantem</strong></span> <span class='ocrx_word' id='word_1_520' title='bbox 2776 2703 3122 2775; x_wconf 80' lang='lat' dir='ltr'><strong>ajuventute,</strong></span> <span class='ocrx_word' id='word_1_521' title='bbox 3138 2715 3188 2761; x_wconf 91' lang='lat' dir='ltr'><strong>et</strong></span> <span class='ocrx_word' id='word_1_522' title='bbox 3215 2714 3342 2762; x_wconf 91' lang='lat' dir='ltr'><strong>tunc</strong></span> <span class='ocrx_word' id='word_1_523' title='bbox 3367 2704 3621 2761; x_wconf 85' lang='lat' dir='ltr'><strong>liberavit</strong></span> 
     </span>
    </p>
   </div>
   <div class='ocr_carea' id='block_1_72' title="bbox 2041 2793 2433 2850">
    <p class='ocr_par' dir='ltr' id='par_1_72' title="bbox 2041 2793 2433 2850">
     <span class='ocr_line' id='line_1_72' title="bbox 2041 2793 2433 2850; baseline -0.003 -1"><span class='ocrx_word' id='word_1_524' title='bbox 2041 2810 2074 2849; x_wconf 76' lang='grc' dir='ltr'><strong>α</strong></span> <span class='ocrx_word' id='word_1_525' title='bbox 2102 2793 2433 2850; x_wconf 85' lang='lat' dir='ltr'><strong>calamitate.</strong></span> 
     </span>
    </p>
   </div>
   <div class='ocr_carea' id='block_1_73' title="bbox 2112 2884 3609 2958">
    <p class='ocr_par' dir='ltr' id='par_1_73' title="bbox 2112 2884 3609 2958">
     <span class='ocr_line' id='line_1_73' title="bbox 2112 2884 3609 2958; baseline 0.001 -19"><span class='ocrx_word' id='word_1_526' title='bbox 2112 2884 2322 2942; x_wconf 77' lang='lat' dir='ltr'><strong>XLVII.</strong></span> <span class='ocrx_word' id='word_1_527' title='bbox 2356 2884 2439 2941; x_wconf 82' lang='lat' dir='ltr'><strong>Me</strong></span> <span class='ocrx_word' id='word_1_528' title='bbox 2463 2886 2576 2958; x_wconf 84' lang='lat' dir='ltr'><strong>jam</strong></span> <span class='ocrx_word' id='word_1_529' title='bbox 2607 2885 2819 2957; x_wconf 70' lang='lat' dir='ltr'><strong>pridem</strong></span> <span class='ocrx_word' id='word_1_530' title='bbox 2856 2887 3132 2942; x_wconf 90' lang='lat' dir='ltr'><strong>volentem</strong></span> <span class='ocrx_word' id='word_1_531' title='bbox 3161 2889 3412 2942; x_wconf 89' lang='lat' dir='ltr'><strong>oratione</strong></span> <span class='ocrx_word' id='word_1_532' title='bbox 3467 2902 3609 2958; x_wconf 59' lang='grc' dir='ltr'><strong>ρεςε-</strong></span> 
     </span>
    </p>
   </div>
   <div class='ocr_carea' id='block_1_74' title="bbox 2043 2978 3612 3051">
    <p class='ocr_par' dir='ltr' id='par_1_74' title="bbox 2043 2978 3612 3051">
     <span class='ocr_line' id='line_1_74' title="bbox 2043 2978 3612 3051; baseline 0.001 -17"><span class='ocrx_word' id='word_1_533' title='bbox 2043 2986 2375 3045; x_wconf 91' lang='lat' dir='ltr'><strong>tereurrere,</strong></span> <span class='ocrx_word' id='word_1_534' title='bbox 2397 2994 2505 3034; x_wconf 93' lang='lat' dir='ltr'><strong>non</strong></span> <span class='ocrx_word' id='word_1_535' title='bbox 2541 2978 2730 3035; x_wconf 89' lang='lat' dir='ltr'><strong>sinunt</strong></span> <span class='ocrx_word' id='word_1_536' title='bbox 2752 2995 2872 3050; x_wconf 75' lang='lat' dir='ltr'><strong>qua:</strong></span> <span class='ocrx_word' id='word_1_537' title='bbox 2892 2987 3218 3050; x_wconf 90' lang='lat' dir='ltr'><strong>sequuntur.</strong></span> <span class='ocrx_word' id='word_1_538' title='bbox 3242 2979 3378 3035; x_wconf 87' lang='lat' dir='ltr'><strong>Nam</strong></span> <span class='ocrx_word' id='word_1_539' title='bbox 3398 2991 3612 3051; x_wconf 80' lang='lat' dir='ltr'><strong>sceptra</strong></span> 
     </span>
    </p>
   </div>
   <div class='ocr_carea' id='block_1_75' title="bbox 2044 3068 3619 3142">
    <p class='ocr_par' dir='ltr' id='par_1_75' title="bbox 2044 3068 3619 3142">
     <span class='ocr_line' id='line_1_75' title="bbox 2044 3068 3619 3142; baseline -0.001 -18"><span class='ocrx_word' id='word_1_540' title='bbox 2044 3069 2269 3142; x_wconf 87' lang='lat' dir='ltr'><strong>quidem</strong></span> <span class='ocrx_word' id='word_1_541' title='bbox 2324 3070 2695 3126; x_wconf 82' lang='lat' dir='ltr'><strong>Romanorum</strong></span> <span class='ocrx_word' id='word_1_542' title='bbox 2783 3069 3007 3125; x_wconf 87' lang='lat' dir='ltr'><strong>tenebat</strong></span> <span class='ocrx_word' id='word_1_543' title='bbox 3083 3068 3445 3139; x_wconf 84' lang='lat' dir='ltr'><strong>Theophilus.</strong></span> <span class='ocrx_word' id='word_1_544' title='bbox 3523 3068 3619 3124; x_wconf 88' lang='lat' dir='ltr'><strong>Ille</strong></span> 
     </span>
    </p>
   </div>
   <div class='ocr_carea' id='block_1_76' title="bbox 2044 3158 3619 3232">
    <p class='ocr_par' dir='ltr' id='par_1_76' title="bbox 2044 3158 3619 3232">
     <span class='ocr_line' id='line_1_76' title="bbox 2044 3158 3619 3232; baseline -0.001 -16"><span class='ocrx_word' id='word_1_545' title='bbox 2044 3169 2227 3218; x_wconf 88' lang='lat' dir='ltr'><strong>autem</strong></span> <span class='ocrx_word' id='word_1_546' title='bbox 2256 3158 2310 3215; x_wconf 93' lang='lat' dir='ltr'><strong>in</strong></span> <span class='ocrx_word' id='word_1_547' title='bbox 2351 3159 2698 3232; x_wconf 87' lang='lat' dir='ltr'><strong>congerendo</strong></span> <span class='ocrx_word' id='word_1_548' title='bbox 2731 3174 2867 3217; x_wconf 87' lang='lat' dir='ltr'><strong>auro</strong></span> <span class='ocrx_word' id='word_1_549' title='bbox 2913 3169 3062 3217; x_wconf 87' lang='lat' dir='ltr'><strong>totus</strong></span> <span class='ocrx_word' id='word_1_550' title='bbox 3115 3159 3386 3220; x_wconf 86' lang='lat' dir='ltr'><strong>inhiabat.</strong></span> <span class='ocrx_word' id='word_1_551' title='bbox 3445 3169 3503 3216; x_wconf 89' lang='lat' dir='ltr'><strong>et</strong></span> <span class='ocrx_word' id='word_1_552' title='bbox 3551 3160 3619 3215; x_wconf 89' lang='lat' dir='ltr'><strong>ab</strong></span> 
     </span>
    </p>
   </div>
   <div class='ocr_carea' id='block_1_77' title="bbox 2040 3249 3617 3322">
    <p class='ocr_par' dir='ltr' id='par_1_77' title="bbox 2040 3249 3617 3322">
     <span class='ocr_line' id='line_1_77' title="bbox 2040 3249 3617 3322; baseline -0.001 -14"><span class='ocrx_word' id='word_1_553' title='bbox 2040 3268 2107 3308; x_wconf 91' lang='lat' dir='ltr'><strong>eo</strong></span> <span class='ocrx_word' id='word_1_554' title='bbox 2132 3250 2517 3322; x_wconf 84' lang='lat' dir='ltr'><strong>superabatur,</strong></span> <span class='ocrx_word' id='word_1_555' title='bbox 2546 3260 2600 3307; x_wconf 90' lang='lat' dir='ltr'><strong>et</strong></span> <span class='ocrx_word' id='word_1_556' title='bbox 2617 3250 2822 3322; x_wconf 85' lang='lat' dir='ltr'><strong>alioqui</strong></span> <span class='ocrx_word' id='word_1_557' title='bbox 2849 3267 2958 3306; x_wconf 91' lang='lat' dir='ltr'><strong>non</strong></span> <span class='ocrx_word' id='word_1_558' title='bbox 2985 3250 3171 3307; x_wconf 84' lang='lat' dir='ltr'><strong>ferens</strong></span> <span class='ocrx_word' id='word_1_559' title='bbox 3197 3265 3317 3308; x_wconf 87' lang='lat' dir='ltr'><strong>esse</strong></span> <span class='ocrx_word' id='word_1_560' title='bbox 3342 3249 3617 3306; x_wconf 79' lang='lat' dir='ltr'><strong>Christia-</strong></span> 
     </span>
    </p>
   </div>
   <div class='ocr_carea' id='block_1_78' title="bbox 2039 3341 3618 3415">
    <p class='ocr_par' dir='ltr' id='par_1_78' title="bbox 2039 3341 3618 3415">
     <span class='ocr_line' id='line_1_78' title="bbox 2039 3341 3618 3415; baseline -0.003 -15"><span class='ocrx_word' id='word_1_561' title='bbox 2039 3360 2163 3409; x_wconf 90' lang='lat' dir='ltr'><strong>nus,</strong></span> <span class='ocrx_word' id='word_1_562' title='bbox 2197 3354 2253 3400; x_wconf 91' lang='lat' dir='ltr'><strong>et</strong></span> <span class='ocrx_word' id='word_1_563' title='bbox 2298 3358 2357 3400; x_wconf 86' lang='lat' dir='ltr'><strong>se</strong></span> <span class='ocrx_word' id='word_1_564' title='bbox 2394 3344 2561 3414; x_wconf 87' lang='lat' dir='ltr'><strong>impie</strong></span> <span class='ocrx_word' id='word_1_565' title='bbox 2597 3359 2798 3415; x_wconf 80' lang='lat' dir='ltr'><strong>gerens</strong></span> <span class='ocrx_word' id='word_1_566' title='bbox 2858 3342 2912 3398; x_wconf 91' lang='lat' dir='ltr'><strong>in</strong></span> <span class='ocrx_word' id='word_1_567' title='bbox 2961 3341 3177 3398; x_wconf 85' lang='lat' dir='ltr'><strong>divinas</strong></span> <span class='ocrx_word' id='word_1_568' title='bbox 3239 3342 3527 3414; x_wconf 83' lang='lat' dir='ltr'><strong>imagines,</strong></span> <span class='ocrx_word' id='word_1_569' title='bbox 3562 3351 3618 3398; x_wconf 89' lang='lat' dir='ltr'><strong>et</strong></span> 
     </span>
    </p>
   </div>
   <div class='ocr_carea' id='block_1_79' title="bbox 2039 3430 3619 3507">
    <p class='ocr_par' dir='ltr' id='par_1_79' title="bbox 2039 3430 3619 3507">
     <span class='ocr_line' id='line_1_79' title="bbox 2039 3430 3619 3507; baseline -0.003 -17"><span class='ocrx_word' id='word_1_570' title='bbox 2039 3434 2317 3506; x_wconf 89' lang='lat' dir='ltr'><strong>quomodo</strong></span> <span class='ocrx_word' id='word_1_571' title='bbox 2396 3443 2695 3507; x_wconf 88' lang='lat' dir='ltr'><strong>potestate,</strong></span> <span class='ocrx_word' id='word_1_572' title='bbox 2747 3433 2821 3489; x_wconf 91' lang='lat' dir='ltr'><strong>ita</strong></span> <span class='ocrx_word' id='word_1_573' title='bbox 2905 3432 3073 3490; x_wconf 87' lang='lat' dir='ltr'><strong>etiam</strong></span> <span class='ocrx_word' id='word_1_574' title='bbox 3128 3430 3619 3489; x_wconf 77' lang='lat' dir='ltr'><strong>lconbmachorum</strong></span> 
     </span>
    </p>
   </div>
   <div class='ocr_carea' id='block_1_80' title="bbox 2039 3523 3619 3598">
    <p class='ocr_par' dir='ltr' id='par_1_80' title="bbox 2039 3523 3619 3598">
     <span class='ocr_line' id='line_1_80' title="bbox 2039 3523 3619 3598; baseline -0.003 -16"><span class='ocrx_word' id='word_1_575' title='bbox 2039 3527 2292 3598; x_wconf 83' lang='lat' dir='ltr'><strong>dogmate</strong></span> <span class='ocrx_word' id='word_1_576' title='bbox 2316 3526 2451 3583; x_wconf 88' lang='lat' dir='ltr'><strong>alios</strong></span> <span class='ocrx_word' id='word_1_577' title='bbox 2475 3542 2767 3597; x_wconf 88' lang='lat' dir='ltr'><strong>superans,</strong></span> <span class='ocrx_word' id='word_1_578' title='bbox 2800 3527 2962 3582; x_wconf 88' lang='lat' dir='ltr'><strong>talem</strong></span> <span class='ocrx_word' id='word_1_579' title='bbox 2999 3525 3259 3597; x_wconf 84' lang='lat' dir='ltr'><strong>laqueum</strong></span> <span class='ocrx_word' id='word_1_580' title='bbox 3321 3523 3619 3582; x_wconf 86' lang='lat' dir='ltr'><strong>abscondit</strong></span> 
     </span>
    </p>
   </div>
   <div class='ocr_carea' id='block_1_81' title="bbox 2038 3615 3617 3677">
    <p class='ocr_par' dir='ltr' id='par_1_81' title="bbox 2038 3615 3617 3677">
     <span class='ocr_line' id='line_1_81' title="bbox 2038 3615 3617 3677; baseline -0.004 -2"><span class='ocrx_word' id='word_1_581' title='bbox 2038 3620 2295 3677; x_wconf 90' lang='lat' dir='ltr'><strong>omnibus</strong></span> <span class='ocrx_word' id='word_1_582' title='bbox 2340 3617 2692 3675; x_wconf 89' lang='lat' dir='ltr'><strong>Christianis.</strong></span> <span class='ocrx_word' id='word_1_583' title='bbox 2738 3617 2948 3674; x_wconf 89' lang='lat' dir='ltr'><strong>Scribis</strong></span> <span class='ocrx_word' id='word_1_584' title='bbox 3000 3624 3058 3672; x_wconf 90' lang='lat' dir='ltr'><strong>et</strong></span> <span class='ocrx_word' id='word_1_585' title='bbox 3104 3615 3458 3673; x_wconf 73' lang='lat' dir='ltr'><strong>exactoribus</strong></span> <span class='ocrx_word' id='word_1_586' title='bbox 3494 3631 3617 3671; x_wconf 88' lang='lat' dir='ltr'><strong>om-</strong></span> 
     </span>
    </p>
   </div>
   <div class='ocr_carea' id='block_1_82' title="bbox 2040 3704 3611 3778">
    <p class='ocr_par' dir='ltr' id='par_1_82' title="bbox 2040 3704 3611 3778">
     <span class='ocr_line' id='line_1_82' title="bbox 2040 3704 3611 3778; baseline -0.004 -13"><span class='ocrx_word' id='word_1_587' title='bbox 2040 3725 2166 3766; x_wconf 87' lang='lat' dir='ltr'><strong>nem</strong></span> <span class='ocrx_word' id='word_1_588' title='bbox 2198 3708 2361 3765; x_wconf 88' lang='lat' dir='ltr'><strong>simul</strong></span> <span class='ocrx_word' id='word_1_589' title='bbox 2394 3708 2575 3765; x_wconf 90' lang='lat' dir='ltr'><strong>vicum</strong></span> <span class='ocrx_word' id='word_1_590' title='bbox 2611 3716 2862 3778; x_wconf 88' lang='lat' dir='ltr'><strong>occupat,</strong></span> <span class='ocrx_word' id='word_1_591' title='bbox 2893 3707 3085 3763; x_wconf 89' lang='lat' dir='ltr'><strong>volens</strong></span> <span class='ocrx_word' id='word_1_592' title='bbox 3107 3704 3291 3762; x_wconf 77' lang='lat' dir='ltr'><strong>facere</strong></span> <span class='ocrx_word' id='word_1_593' title='bbox 3326 3705 3460 3772; x_wconf 90' lang='lat' dir='ltr'><strong>duo,</strong></span> <span class='ocrx_word' id='word_1_594' title='bbox 3488 3720 3611 3776; x_wconf 69' lang='lat' dir='ltr'><strong>qua:</strong></span> 
     </span>
    </p>
   </div>
   <div class='ocr_carea' id='block_1_83' title="bbox 2038 3797 3621 3874">
    <p class='ocr_par' dir='ltr' id='par_1_83' title="bbox 2038 3797 3621 3874">
     <span class='ocr_line' id='line_1_83' title="bbox 2038 3797 3621 3874; baseline -0.005 -15"><span class='ocrx_word' id='word_1_595' title='bbox 2038 3809 2168 3859; x_wconf 88' lang='lat' dir='ltr'><strong>sunt</strong></span> <span class='ocrx_word' id='word_1_596' title='bbox 2198 3802 2476 3874; x_wconf 87' lang='lat' dir='ltr'><strong>pessima:</strong></span> <span class='ocrx_word' id='word_1_597' title='bbox 2510 3816 2705 3873; x_wconf 88' lang='lat' dir='ltr'><strong>nempe</strong></span> <span class='ocrx_word' id='word_1_598' title='bbox 2725 3808 2781 3857; x_wconf 88' lang='lat' dir='ltr'><strong>et</strong></span> <span class='ocrx_word' id='word_1_599' title='bbox 2801 3814 2967 3856; x_wconf 83' lang='lat' dir='ltr'><strong>avaro</strong></span> <span class='ocrx_word' id='word_1_600' title='bbox 3010 3813 3111 3855; x_wconf 92' lang='lat' dir='ltr'><strong>suo</strong></span> <span class='ocrx_word' id='word_1_601' title='bbox 3158 3797 3460 3870; x_wconf 85' lang='lat' dir='ltr'><strong>gratificari</strong></span> <span class='ocrx_word' id='word_1_602' title='bbox 3500 3798 3621 3852; x_wconf 89' lang='lat' dir='ltr'><strong>ani-</strong></span> 
     </span>
    </p>
   </div>
   <div class='ocr_carea' id='block_1_84' title="bbox 2039 3888 3618 3959">
    <p class='ocr_par' dir='ltr' id='par_1_84' title="bbox 2039 3888 3618 3959">
     <span class='ocr_line' id='line_1_84' title="bbox 2039 3888 3618 3959; baseline -0.004 -10"><span class='ocrx_word' id='word_1_603' title='bbox 2039 3910 2130 3950; x_wconf 90' lang='lat' dir='ltr'><strong>mo</strong></span> <span class='ocrx_word' id='word_1_604' title='bbox 2184 3892 2515 3949; x_wconf 86' lang='lat' dir='ltr'><strong>tributorum</strong></span> <span class='ocrx_word' id='word_1_605' title='bbox 2565 3892 2967 3959; x_wconf 79' lang='lat' dir='ltr'><strong>exactionibus,</strong></span> <span class='ocrx_word' id='word_1_606' title='bbox 3015 3902 3071 3946; x_wconf 89' lang='lat' dir='ltr'><strong>et</strong></span> <span class='ocrx_word' id='word_1_607' title='bbox 3122 3890 3228 3946; x_wconf 89' lang='lat' dir='ltr'><strong>sibi</strong></span> <span class='ocrx_word' id='word_1_608' title='bbox 3276 3888 3395 3944; x_wconf 86' lang='lat' dir='ltr'><strong>ﬁeri</strong></span> <span class='ocrx_word' id='word_1_609' title='bbox 3440 3888 3618 3943; x_wconf 83' lang='lat' dir='ltr'><strong>mani-</strong></span> 
     </span>
    </p>
   </div>
   <div class='ocr_carea' id='block_1_85' title="bbox 2036 3979 3612 4056">
    <p class='ocr_par' dir='ltr' id='par_1_85' title="bbox 2036 3979 3612 4056">
     <span class='ocr_line' id='line_1_85' title="bbox 2036 3979 3612 4056; baseline -0.006 -13"><span class='ocrx_word' id='word_1_610' title='bbox 2036 3985 2237 4043; x_wconf 81' lang='lat' dir='ltr'><strong>festum</strong></span> <span class='ocrx_word' id='word_1_611' title='bbox 2262 4001 2730 4055; x_wconf 86' lang='lat' dir='ltr'><strong>unumquemque,</strong></span> <span class='ocrx_word' id='word_1_612' title='bbox 2760 3986 2852 4056; x_wconf 92' lang='lat' dir='ltr'><strong>qui</strong></span> <span class='ocrx_word' id='word_1_613' title='bbox 2903 3983 3213 4039; x_wconf 84' lang='lat' dir='ltr'><strong>doctrinam</strong></span> <span class='ocrx_word' id='word_1_614' title='bbox 3272 3979 3612 4050; x_wconf 82' lang='lat' dir='ltr'><strong>sequebatur</strong></span> 
     </span>
    </p>
   </div>
   <div class='ocr_carea' id='block_1_86' title="bbox 2038 4070 3618 4143">
    <p class='ocr_par' dir='ltr' id='par_1_86' title="bbox 2038 4070 3618 4143">
     <span class='ocr_line' id='line_1_86' title="bbox 2038 4070 3618 4143; baseline -0.004 -12"><span class='ocrx_word' id='word_1_615' title='bbox 2038 4075 2423 4141; x_wconf 81' lang='lat' dir='ltr'><strong>orthodoxam,</strong></span> <span class='ocrx_word' id='word_1_616' title='bbox 2458 4084 2517 4131; x_wconf 93' lang='lat' dir='ltr'><strong>ut</strong></span> <span class='ocrx_word' id='word_1_617' title='bbox 2564 4086 2619 4131; x_wconf 92' lang='lat' dir='ltr'><strong>et</strong></span> <span class='ocrx_word' id='word_1_618' title='bbox 2651 4090 2748 4130; x_wconf 91' lang='lat' dir='ltr'><strong>eos</strong></span> <span class='ocrx_word' id='word_1_619' title='bbox 2778 4075 2829 4129; x_wconf 92' lang='lat' dir='ltr'><strong>vi</strong></span> <span class='ocrx_word' id='word_1_620' title='bbox 2869 4082 3111 4143; x_wconf 82' lang='lat' dir='ltr'><strong>caperet,</strong></span> <span class='ocrx_word' id='word_1_621' title='bbox 3164 4082 3221 4126; x_wconf 90' lang='lat' dir='ltr'><strong>et</strong></span> <span class='ocrx_word' id='word_1_622' title='bbox 3271 4070 3513 4126; x_wconf 77' lang='lat' dir='ltr'><strong>efﬁceret</strong></span> <span class='ocrx_word' id='word_1_623' title='bbox 3559 4080 3618 4125; x_wconf 90' lang='lat' dir='ltr'><strong>ut</strong></span> 
     </span>
    </p>
   </div>
   <div class='ocr_carea' id='block_1_87' title="bbox 2038 4163 3611 4239">
    <p class='ocr_par' dir='ltr' id='par_1_87' title="bbox 2038 4163 3611 4239">
     <span class='ocr_line' id='line_1_87' title="bbox 2038 4163 3611 4239; baseline -0.005 -15"><span class='ocrx_word' id='word_1_624' title='bbox 2038 4168 2126 4225; x_wconf 85' lang='lat' dir='ltr'><strong>vel</strong></span> <span class='ocrx_word' id='word_1_625' title='bbox 2169 4168 2329 4224; x_wconf 85' lang='lat' dir='ltr'><strong>inviti</strong></span> <span class='ocrx_word' id='word_1_626' title='bbox 2374 4169 2802 4239; x_wconf 69' lang='lat' dir='ltr'><strong>adiungerentur</strong></span> <span class='ocrx_word' id='word_1_627' title='bbox 2856 4164 3050 4221; x_wconf 67' lang='lat' dir='ltr'><strong>hseresi</strong></span> <span class='ocrx_word' id='word_1_628' title='bbox 3097 4163 3611 4222; x_wconf 86' lang='lat' dir='ltr'><strong>lconomachorum.</strong></span> 
     </span>
    </p>
   </div>
   <div class='ocr_carea' id='block_1_88' title="bbox 2037 4254 3613 4331">
    <p class='ocr_par' dir='ltr' id='par_1_88' title="bbox 2037 4254 3613 4331">
     <span class='ocr_line' id='line_1_88' title="bbox 2037 4254 3613 4331; baseline -0.006 -13"><span class='ocrx_word' id='word_1_629' title='bbox 2037 4259 2183 4318; x_wconf 88' lang='lat' dir='ltr'><strong>Cum.</strong></span> <span class='ocrx_word' id='word_1_630' title='bbox 2203 4276 2334 4331; x_wconf 87' lang='lat' dir='ltr'><strong>ergo</strong></span> <span class='ocrx_word' id='word_1_631' title='bbox 2356 4260 2446 4314; x_wconf 92' lang='lat' dir='ltr'><strong>bic</strong></span> <span class='ocrx_word' id='word_1_632' title='bbox 2475 4260 2555 4313; x_wconf 87' lang='lat' dir='ltr'><strong>vir</strong></span> <span class='ocrx_word' id='word_1_633' title='bbox 2599 4258 2820 4314; x_wconf 89' lang='lat' dir='ltr'><strong>divinus</strong></span> <span class='ocrx_word' id='word_1_634' title='bbox 2870 4255 3152 4317; x_wconf 89' lang='lat' dir='ltr'><strong>incidisset</strong></span> <span class='ocrx_word' id='word_1_635' title='bbox 3204 4256 3258 4311; x_wconf 92' lang='lat' dir='ltr'><strong>in</strong></span> <span class='ocrx_word' id='word_1_636' title='bbox 3321 4254 3613 4326; x_wconf 82' lang='lat' dir='ltr'><strong>quemdam</strong></span> 
     </span>
    </p>
   </div>
   <div class='ocr_carea' id='block_1_89' title="bbox 2037 4346 3619 4419">
    <p class='ocr_par' dir='ltr' id='par_1_89' title="bbox 2037 4346 3619 4419">
     <span class='ocr_line' id='line_1_89' title="bbox 2037 4346 3619 4419; baseline -0.004 -11"><span class='ocrx_word' id='word_1_637' title='bbox 2037 4359 2349 4408; x_wconf 79' lang='lat' dir='ltr'><strong>exactorem</strong></span> <span class='ocrx_word' id='word_1_638' title='bbox 2380 4368 2393 4406; x_wconf 90' lang='lat'><strong>:</strong></span> <span class='ocrx_word' id='word_1_639' title='bbox 2419 4349 2558 4418; x_wconf 81' lang='lat' dir='ltr'><strong>Quid</strong></span> <span class='ocrx_word' id='word_1_640' title='bbox 2585 4351 2699 4405; x_wconf 71' lang='lat' dir='ltr'><strong>Iure</strong></span> <span class='ocrx_word' id='word_1_641' title='bbox 2731 4350 2837 4405; x_wconf 87' lang='lat' dir='ltr'><strong>sibi</strong></span> <span class='ocrx_word' id='word_1_642' title='bbox 2870 4348 3100 4414; x_wconf 82' lang='lat' dir='ltr'><strong>volunt,‘</strong></span> <span class='ocrx_word' id='word_1_643' title='bbox 3134 4348 3335 4419; x_wconf 84' lang='lat' dir='ltr'><strong>inquit,</strong></span> <span class='ocrx_word' id='word_1_644' title='bbox 3360 4363 3392 4403; x_wconf 91' lang='grc' dir='ltr'><strong>ο</strong></span> <span class='ocrx_word' id='word_1_645' title='bbox 3414 4346 3619 4403; x_wconf 80' lang='lat' dir='ltr'><strong>frater?</strong></span> 
     </span>
    </p>
   </div>
   <div class='ocr_carea' id='block_1_90' title="bbox 364 4437 1941 4522">
    <p class='ocr_par' dir='ltr' id='par_1_90' title="bbox 364 4440 1933 4522">
     <span class='ocr_line' id='line_1_90' title="bbox 364 4440 1933 4522; baseline 0.012 -29"><span class='ocrx_word' id='word_1_646' title='bbox 364 4440 483 4503; x_wconf 80' lang='grc' dir='ltr'><strong>λεύς</strong></span> <span class='ocrx_word' id='word_1_647' title='bbox 516 4442 752 4509; x_wconf 75' lang='grc' dir='ltr'><strong>εὐθύνας</strong></span> <span class='ocrx_word' id='word_1_648' title='bbox 793 4447 901 4501; x_wconf 87' lang='grc' dir='ltr'><strong>τῶν</strong></span> <span class='ocrx_word' id='word_1_649' title='bbox 930 4448 1107 4518; x_wconf 78' lang='grc' dir='ltr'><strong>ἔργων</strong></span> <span class='ocrx_word' id='word_1_650' title='bbox 1136 4450 1423 4519; x_wconf 62' lang='grc' dir='ltr'><strong>ὑφέξοντα,</strong></span> <span class='ocrx_word' id='word_1_651' title='bbox 1460 4454 1555 4509; x_wconf 78' lang='grc' dir='ltr'><strong>καὶ</strong></span> <span class='ocrx_word' id='word_1_652' title='bbox 1602 4455 1726 4510; x_wconf 77' lang='grc' dir='ltr'><strong>οὐδὲ</strong></span> <span class='ocrx_word' id='word_1_653' title='bbox 1758 4454 1933 4522; x_wconf 80' lang='grc' dir='ltr'><strong>οὕτως</strong></span> 
     </span>
    </p>
   </div>
   <div class='ocr_carea' id='block_1_91' title="bbox 2042 4437 3614 4522">
    <p class='ocr_par' dir='ltr' id='par_1_91' title="bbox 2042 4437 3614 4513">
     <span class='ocr_line' id='line_1_91' title="bbox 2042 4437 3614 4513; baseline -0.003 -15"><span class='ocrx_word' id='word_1_654' title='bbox 2042 4444 2155 4499; x_wconf 80' lang='lat' dir='ltr'><strong>Rex</strong></span> <span class='ocrx_word' id='word_1_655' title='bbox 2191 4440 2923 4513; x_wconf 80' lang='lat' dir='ltr'><strong>tejamaccersitfactorum</strong></span> <span class='ocrx_word' id='word_1_656' title='bbox 2980 4449 3199 4495; x_wconf 90' lang='lat' dir='ltr'><strong>tuorum</strong></span> <span class='ocrx_word' id='word_1_657' title='bbox 3266 4437 3614 4493; x_wconf 85' lang='lat' dir='ltr'><strong>redditurum</strong></span> 
     </span>
    </p>
   </div>
   <div class='ocr_carea' id='block_1_92' title="bbox 366 4535 1937 4617">
    <p class='ocr_par' dir='ltr' id='par_1_92' title="bbox 366 4535 1937 4617">
     <span class='ocr_line' id='line_1_92' title="bbox 366 4535 1937 4617; baseline 0.01 -31"><span class='ocrx_word' id='word_1_658' title='bbox 366 4535 618 4602; x_wconf 81' lang='grc' dir='ltr'><strong>συνίετες</strong></span> <span class='ocrx_word' id='word_1_659' title='bbox 678 4538 834 4610; x_wconf 65' lang='grc' dir='ltr'><strong>παρὰ</strong></span> <span class='ocrx_word' id='word_1_660' title='bbox 888 4540 1051 4604; x_wconf 80' lang='grc' dir='ltr'><strong>πόδας</strong></span> <span class='ocrx_word' id='word_1_661' title='bbox 1082 4541 1190 4612; x_wconf 71' lang='grc' dir='ltr'><strong>γὰρ</strong></span> <span class='ocrx_word' id='word_1_662' title='bbox 1223 4547 1540 4616; x_wconf 83' lang='grc' dir='ltr'><strong>προσχωρεῖ</strong></span> <span class='ocrx_word' id='word_1_663' title='bbox 1580 4546 1612 4617; x_wconf 82' lang='grc' dir='ltr'>ἡ</span> <span class='ocrx_word' id='word_1_664' title='bbox 1654 4544 1815 4616; x_wconf 64' lang='grc' dir='ltr'><strong>δίκη,</strong></span> <span class='ocrx_word' id='word_1_665' title='bbox 1841 4545 1937 4601; x_wconf 79' lang='grc' dir='ltr'><strong>καὶ</strong></span> 
     </span>
    </p>
   </div>
   <div class='ocr_carea' id='block_1_93' title="bbox 366 4627 1934 4709">
    <p class='ocr_par' dir='ltr' id='par_1_93' title="bbox 366 4627 1934 4709">
     <span class='ocr_line' id='line_1_93' title="bbox 366 4627 1934 4709; baseline 0.014 -31"><span class='ocrx_word' id='word_1_666' title='bbox 366 4627 476 4695; x_wconf 74' lang='grc' dir='ltr'><strong>εἴγε</strong></span> <span class='ocrx_word' id='word_1_667' title='bbox 527 4629 605 4698; x_wconf 81' lang='grc' dir='ltr'><strong>μὴ</strong></span> <span class='ocrx_word' id='word_1_668' title='bbox 632 4632 731 4700; x_wconf 73' lang='grc' dir='ltr'><strong>τῆς</strong></span> <span class='ocrx_word' id='word_1_669' title='bbox 766 4632 1009 4702; x_wconf 67' lang='grc' dir='ltr'><strong>πονηρᾶς</strong></span> <span class='ocrx_word' id='word_1_670' title='bbox 1059 4633 1265 4704; x_wconf 78' lang='grc' dir='ltr'><strong>ταύτης</strong></span> <span class='ocrx_word' id='word_1_671' title='bbox 1312 4636 1641 4704; x_wconf 79' lang='grc' dir='ltr'><strong>μεταϐάλοιο</strong></span> <span class='ocrx_word' id='word_1_672' title='bbox 1685 4642 1934 4709; x_wconf 78' lang='grc' dir='ltr'><strong>γνώμης.</strong></span> 
     </span>
    </p>
   </div>
   <div class='ocr_carea' id='block_1_94' title="bbox 360 4717 1936 4798">
    <p class='ocr_par' dir='ltr' id='par_1_94' title="bbox 360 4717 1936 4798">
     <span class='ocr_line' id='line_1_94' title="bbox 360 4717 1936 4798; baseline 0.008 -28"><span class='ocrx_word' id='word_1_673' title='bbox 360 4717 559 4789; x_wconf 79' lang='grc' dir='ltr'><strong>οίχήσῃ</strong></span> <span class='ocrx_word' id='word_1_674' title='bbox 594 4719 694 4790; x_wconf 75' lang='grc' dir='ltr'><strong>μὲν</strong></span> <span class='ocrx_word' id='word_1_675' title='bbox 721 4718 997 4786; x_wconf 82' lang='grc' dir='ltr'><strong>ἐλεεινῶς,</strong></span> <span class='ocrx_word' id='word_1_676' title='bbox 1027 4720 1370 4776; x_wconf 79' lang='grc' dir='ltr'><strong>ἐλεεινότατα</strong></span> <span class='ocrx_word' id='word_1_677' title='bbox 1412 4724 1468 4778; x_wconf 69' lang='grc' dir='ltr'><strong>δὲ</strong></span> <span class='ocrx_word' id='word_1_678' title='bbox 1500 4725 1835 4798; x_wconf 66' lang='grc' dir='ltr'><strong>κολασθήσῃ.</strong></span> <span class='ocrx_word' id='word_1_679' title='bbox 1876 4728 1936 4781; x_wconf 89' lang='grc' dir='ltr'><strong>Ὀ</strong></span> 
     </span>
    </p>
   </div>
   <div class='ocr_carea' id='block_1_95' title="bbox 365 4807 1937 4890">
    <p class='ocr_par' dir='ltr' id='par_1_95' title="bbox 365 4807 1937 4890">
     <span class='ocr_line' id='line_1_95' title="bbox 365 4807 1937 4890; baseline 0.008 -29"><span class='ocrx_word' id='word_1_680' title='bbox 365 4808 466 4877; x_wconf 77' lang='grc' dir='ltr'><strong>μὶν</strong></span> <span class='ocrx_word' id='word_1_681' title='bbox 488 4808 584 4863; x_wconf 81' lang='grc' dir='ltr'><strong>οὐν</strong></span> <span class='ocrx_word' id='word_1_682' title='bbox 607 4810 701 4863; x_wconf 79' lang='grc' dir='ltr'><strong>τὸν</strong></span> <span class='ocrx_word' id='word_1_683' title='bbox 741 4813 801 4865; x_wconf 78' lang='grc' dir='ltr'><strong>ὲν</strong></span> <span class='ocrx_word' id='word_1_684' title='bbox 833 4813 1084 4878; x_wconf 79' lang='grc' dir='ltr'><strong>οὐρανοῖς</strong></span> <span class='ocrx_word' id='word_1_685' title='bbox 1113 4807 1289 4878; x_wconf 75' lang='grc' dir='ltr'><strong>εἶπεν,</strong></span> <span class='ocrx_word' id='word_1_686' title='bbox 1332 4816 1359 4868; x_wconf 87' lang='grc' dir='ltr'><strong>ό</strong></span> <span class='ocrx_word' id='word_1_687' title='bbox 1397 4816 1453 4871; x_wconf 84' lang='grc' dir='ltr'><strong>δὲ</strong></span> <span class='ocrx_word' id='word_1_688' title='bbox 1491 4817 1582 4873; x_wconf 78' lang='grc' dir='ltr'><strong>τὸν</strong></span> <span class='ocrx_word' id='word_1_689' title='bbox 1610 4819 1812 4875; x_wconf 75' lang='grc' dir='ltr'><strong>οἰκεῖον</strong></span> <span class='ocrx_word' id='word_1_690' title='bbox 1838 4820 1937 4890; x_wconf 78' lang='grc' dir='ltr'><strong>βα-</strong></span> 
     </span>
    </p>
   </div>
   <div class='ocr_carea' id='block_1_96' title="bbox 364 4901 1938 4981">
    <p class='ocr_par' dir='ltr' id='par_1_96' title="bbox 364 4901 1938 4981">
     <span class='ocr_line' id='line_1_96' title="bbox 364 4901 1938 4981; baseline 0.008 -28"><span class='ocrx_word' id='word_1_691' title='bbox 364 4902 518 4954; x_wconf 80' lang='grc' dir='ltr'><strong>σιλέα</strong></span> <span class='ocrx_word' id='word_1_692' title='bbox 546 4901 810 4971; x_wconf 74' lang='grc' dir='ltr'><strong>Θεόφιλον</strong></span> <span class='ocrx_word' id='word_1_693' title='bbox 839 4906 1171 4975; x_wconf 84' lang='grc' dir='ltr'><strong>μετακαλεῖν</strong></span> <span class='ocrx_word' id='word_1_694' title='bbox 1211 4906 1375 4961; x_wconf 80' lang='grc' dir='ltr'><strong>αὐτὸν</strong></span> <span class='ocrx_word' id='word_1_695' title='bbox 1401 4906 1560 4978; x_wconf 72' lang='grc' dir='ltr'><strong>ᾤετο.</strong></span> <span class='ocrx_word' id='word_1_696' title='bbox 1601 4910 1819 4981; x_wconf 83' lang='grc' dir='ltr'><strong>’Δμέλει</strong></span> <span class='ocrx_word' id='word_1_697' title='bbox 1846 4912 1938 4967; x_wconf 79' lang='grc' dir='ltr'><strong>καὶ</strong></span> 
     </span>
    </p>
   </div>
   <div class='ocr_carea' id='block_1_97' title="bbox 363 4988 1938 5073">
    <p class='ocr_par' dir='ltr' id='par_1_97' title="bbox 363 4988 1938 5073">
     <span class='ocr_line' id='line_1_97' title="bbox 363 4988 1938 5073; baseline 0.009 -30"><span class='ocrx_word' id='word_1_698' title='bbox 363 4993 672 5062; x_wconf 76' lang='grc' dir='ltr'><strong>περιχαρὴς</strong></span> <span class='ocrx_word' id='word_1_699' title='bbox 698 4988 765 5065; x_wconf 81' lang='grc' dir='ltr'><strong>ἦν</strong></span> <span class='ocrx_word' id='word_1_700' title='bbox 790 4993 894 5066; x_wconf 68' lang='grc' dir='ltr'><strong>ἤδη</strong></span> <span class='ocrx_word' id='word_1_701' title='bbox 915 4996 1008 5047; x_wconf 69' lang='grc' dir='ltr'><strong>καὶ</strong></span> <span class='ocrx_word' id='word_1_702' title='bbox 1034 4993 1277 5060; x_wconf 77' lang='grc' dir='ltr'><strong>εὔελπις,</strong></span> <span class='ocrx_word' id='word_1_703' title='bbox 1307 4992 1367 5052; x_wconf 80' lang='grc' dir='ltr'><strong>εὖ</strong></span> <span class='ocrx_word' id='word_1_704' title='bbox 1407 4997 1564 5063; x_wconf 83' lang='grc' dir='ltr'><strong>εἰδὼς</strong></span> <span class='ocrx_word' id='word_1_705' title='bbox 1591 4999 1666 5065; x_wconf 83' lang='grc' dir='ltr'><strong>ὡς</strong></span> <span class='ocrx_word' id='word_1_706' title='bbox 1706 5003 1774 5073; x_wconf 71' lang='grc' dir='ltr'><strong>τῇ</strong></span> <span class='ocrx_word' id='word_1_707' title='bbox 1806 5003 1938 5071; x_wconf 74' lang='grc' dir='ltr'><strong>περὶ</strong></span> 
     </span>
    </p>
   </div>
   <div class='ocr_carea' id='block_1_98' title="bbox 361 5083 1937 5164">
    <p class='ocr_par' dir='ltr' id='par_1_98' title="bbox 361 5083 1937 5164">
     <span class='ocr_line' id='line_1_98' title="bbox 361 5083 1937 5164; baseline 0.008 -29"><span class='ocrx_word' id='word_1_708' title='bbox 361 5083 489 5147; x_wconf 75' lang='grc' dir='ltr'><strong>τούς</strong></span> <span class='ocrx_word' id='word_1_709' title='bbox 519 5084 720 5155; x_wconf 77' lang='grc' dir='ltr'><strong>φόρους</strong></span> <span class='ocrx_word' id='word_1_710' title='bbox 749 5086 1030 5158; x_wconf 68' lang='grc' dir='ltr'><strong>ἀκριϐείᾳ,</strong></span> <span class='ocrx_word' id='word_1_711' title='bbox 1064 5090 1160 5141; x_wconf 67' lang='grc' dir='ltr'><strong>καὶ</strong></span> <span class='ocrx_word' id='word_1_712' title='bbox 1185 5087 1454 5157; x_wconf 77' lang='grc' dir='ltr'><strong>μειζόνων</strong></span> <span class='ocrx_word' id='word_1_713' title='bbox 1483 5090 1635 5161; x_wconf 69' lang='grc' dir='ltr'><strong>παρὰ</strong></span> <span class='ocrx_word' id='word_1_714' title='bbox 1669 5091 1747 5162; x_wconf 80' lang='grc' dir='ltr'><strong>τῷ</strong></span> <span class='ocrx_word' id='word_1_715' title='bbox 1781 5093 1937 5164; x_wconf 60' lang='grc' dir='ltr'><strong>βασις</strong></span> 
     </span>
    </p>
   </div>
   <div class='ocr_carea' id='block_1_99' title="bbox 361 5173 1937 5251">
    <p class='ocr_par' dir='ltr' id='par_1_99' title="bbox 361 5173 1937 5251">
     <span class='ocr_line' id='line_1_99' title="bbox 361 5173 1937 5251; baseline 0.009 -26"><span class='ocrx_word' id='word_1_716' title='bbox 361 5173 448 5226; x_wconf 77' lang='grc' dir='ltr'><strong>ὶεϊ</strong></span> <span class='ocrx_word' id='word_1_717' title='bbox 496 5175 886 5247; x_wconf 80' lang='grc' dir='ltr'><strong>ἀξιωθήσεται.</strong></span> <span class='ocrx_word' id='word_1_718' title='bbox 928 5178 1198 5248; x_wconf 81' lang='grc' dir='ltr'><strong>Ἐπεγέλα</strong></span> <span class='ocrx_word' id='word_1_719' title='bbox 1243 5180 1300 5235; x_wconf 79' lang='grc' dir='ltr'><strong>δὲ</strong></span> <span class='ocrx_word' id='word_1_720' title='bbox 1333 5180 1443 5251; x_wconf 75' lang='grc' dir='ltr'><strong>ἄρα</strong></span> <span class='ocrx_word' id='word_1_721' title='bbox 1478 5184 1599 5247; x_wconf 77' lang='grc' dir='ltr'><strong>ταῖς</strong></span> <span class='ocrx_word' id='word_1_722' title='bbox 1650 5182 1834 5239; x_wconf 74' lang='grc' dir='ltr'><strong>ἐλπίσι</strong></span> <span class='ocrx_word' id='word_1_723' title='bbox 1875 5184 1937 5238; x_wconf 81' lang='grc' dir='ltr'><strong>τὸ</strong></span> 
     </span>
    </p>
   </div>
   <div class='ocr_carea' id='block_1_100' title="bbox 368 5267 1936 5347">
    <p class='ocr_par' dir='ltr' id='par_1_100' title="bbox 368 5267 1936 5347">
     <span class='ocr_line' id='line_1_100' title="bbox 368 5267 1936 5347; baseline 0.006 -27"><span class='ocrx_word' id='word_1_724' title='bbox 368 5267 585 5335; x_wconf 78' lang='grc' dir='ltr'><strong>μέλλον,</strong></span> <span class='ocrx_word' id='word_1_725' title='bbox 630 5269 723 5322; x_wconf 82' lang='grc' dir='ltr'><strong>καὶ</strong></span> <span class='ocrx_word' id='word_1_726' title='bbox 752 5271 868 5333; x_wconf 67' lang='grc' dir='ltr'><strong>τοῖς</strong></span> <span class='ocrx_word' id='word_1_727' title='bbox 908 5270 1011 5324; x_wconf 69' lang='grc' dir='ltr'><strong>ὑπὸ</strong></span> <span class='ocrx_word' id='word_1_728' title='bbox 1040 5271 1138 5325; x_wconf 72' lang='grc' dir='ltr'><strong>τοῦ</strong></span> <span class='ocrx_word' id='word_1_729' title='bbox 1174 5272 1331 5341; x_wconf 71' lang='grc' dir='ltr'>ἁγίου</span> <span class='ocrx_word' id='word_1_730' title='bbox 1382 5273 1620 5344; x_wconf 78' lang='grc' dir='ltr'><strong>λεχθεῖσι</strong></span> <span class='ocrx_word' id='word_1_731' title='bbox 1667 5275 1729 5329; x_wconf 77' lang='grc' dir='ltr'><strong>τὸ</strong></span> <span class='ocrx_word' id='word_1_732' title='bbox 1763 5276 1936 5347; x_wconf 75' lang='grc' dir='ltr'><strong>πέρας</strong></span> 
     </span>
    </p>
   </div>
   <div class='ocr_carea' id='block_1_101' title="bbox 365 5358 1937 5438">
    <p class='ocr_par' dir='ltr' id='par_1_101' title="bbox 365 5358 1937 5438">
     <span class='ocr_line' id='line_1_101' title="bbox 365 5358 1937 5438; baseline 0.008 -29"><span class='ocrx_word' id='word_1_733' title='bbox 365 5358 748 5429; x_wconf 67' lang='grc' dir='ltr'><strong>ἐπηκολούθει,</strong></span> <span class='ocrx_word' id='word_1_734' title='bbox 778 5362 873 5415; x_wconf 62' lang='grc' dir='ltr'><strong>καὶ</strong></span> <span class='ocrx_word' id='word_1_735' title='bbox 919 5361 1088 5432; x_wconf 74' lang='grc' dir='ltr'><strong>ξυρδς</strong></span> <span class='ocrx_word' id='word_1_736' title='bbox 1125 5364 1325 5419; x_wconf 82' lang='grc' dir='ltr'><strong>αὐτίκα</strong></span> <span class='ocrx_word' id='word_1_737' title='bbox 1373 5364 1543 5435; x_wconf 77' lang='grc' dir='ltr'><strong>ὀργῆς</strong></span> <span class='ocrx_word' id='word_1_738' title='bbox 1576 5365 1713 5420; x_wconf 76' lang='grc' dir='ltr'><strong>Θεοῦ</strong></span> <span class='ocrx_word' id='word_1_739' title='bbox 1752 5368 1781 5421; x_wconf 84' lang='grc' dir='ltr'><strong>ὁ</strong></span> <span class='ocrx_word' id='word_1_740' title='bbox 1840 5385 1937 5438; x_wconf 85' lang='grc' dir='ltr'><strong>με·</strong></span> 
     </span>
    </p>
   </div>
   <div class='ocr_carea' id='block_1_102' title="bbox 370 5445 1938 5525">
    <p class='ocr_par' dir='ltr' id='par_1_102' title="bbox 370 5445 1938 5525">
     <span class='ocr_line' id='line_1_102' title="bbox 370 5445 1938 5525; baseline 0.006 -26"><span class='ocrx_word' id='word_1_741' title='bbox 370 5445 638 5518; x_wconf 75' lang='grc' dir='ltr'><strong>θυσμίνος</strong></span> <span class='ocrx_word' id='word_1_742' title='bbox 691 5451 901 5505; x_wconf 61' lang='lat' dir='ltr'><strong>mem</strong></span> <span class='ocrx_word' id='word_1_743' title='bbox 945 5453 1036 5508; x_wconf 82' lang='grc' dir='ltr'><strong>τὸν</strong></span> <span class='ocrx_word' id='word_1_744' title='bbox 1097 5454 1423 5525; x_wconf 70' lang='grc' dir='ltr'><strong>πράκτορα,</strong></span> <span class='ocrx_word' id='word_1_745' title='bbox 1475 5453 1574 5517; x_wconf 73' lang='grc' dir='ltr'><strong>τὰς</strong></span> <span class='ocrx_word' id='word_1_746' title='bbox 1636 5454 1938 5520; x_wconf 70' lang='grc' dir='ltr'><strong>ἀθανάτους</strong></span> 
     </span>
    </p>
   </div>
   <div class='ocr_carea' id='block_1_103' title="bbox 367 5538 1932 5619">
    <p class='ocr_par' dir='ltr' id='par_1_103' title="bbox 367 5538 1932 5619">
     <span class='ocr_line' id='line_1_103' title="bbox 367 5538 1932 5619; baseline 0.006 -25"><span class='ocrx_word' id='word_1_747' title='bbox 367 5538 581 5605; x_wconf 70' lang='grc' dir='ltr'><strong>ὲκείνας</strong></span> <span class='ocrx_word' id='word_1_748' title='bbox 640 5542 737 5596; x_wconf 76' lang='grc' dir='ltr'><strong>καὶ</strong></span> <span class='ocrx_word' id='word_1_749' title='bbox 784 5544 922 5614; x_wconf 76' lang='grc' dir='ltr'><strong>μετὰ</strong></span> <span class='ocrx_word' id='word_1_750' title='bbox 976 5544 1206 5601; x_wconf 80' lang='grc' dir='ltr'><strong>θάνατον</strong></span> <span class='ocrx_word' id='word_1_751' title='bbox 1253 5545 1794 5619; x_wconf 75' lang='grc' dir='ltr'><strong>εἰσπραχθησόμενον</strong></span> <span class='ocrx_word' id='word_1_752' title='bbox 1847 5548 1932 5603; x_wconf 63' lang='grc' dir='ltr'><strong>δίη</strong></span> 
     </span>
    </p>
   </div>
   <div class='ocr_carea' id='block_1_104' title="bbox 366 5647 488 5692">
    <p class='ocr_par' dir='ltr' id='par_1_104' title="bbox 366 5647 488 5692">
     <span class='ocr_line' id='line_1_104' title="bbox 366 5647 488 5692; baseline 0 -9"><span class='ocrx_word' id='word_1_753' title='bbox 366 5647 488 5692; x_wconf 81' lang='grc' dir='ltr'><strong>κας.</strong></span> 
     </span>
    </p>
   </div>
   <div class='ocr_carea' id='block_1_105' title="bbox 432 5718 1933 5800">
    <p class='ocr_par' dir='ltr' id='par_1_105' title="bbox 432 5718 1933 5800">
     <span class='ocr_line' id='line_1_105' title="bbox 432 5718 1933 5800; baseline 0.006 -25"><span class='ocrx_word' id='word_1_754' title='bbox 432 5718 571 5776; x_wconf 72' lang='lat' dir='ltr'><strong>HH’.</strong></span> <span class='ocrx_word' id='word_1_755' title='bbox 621 5723 945 5780; x_wconf 75' lang='grc' dir='ltr'><strong>’Ᾱνελίττων</strong></span> <span class='ocrx_word' id='word_1_756' title='bbox 992 5728 1170 5782; x_wconf 83' lang='grc' dir='ltr'><strong>τοίνυν</strong></span> <span class='ocrx_word' id='word_1_757' title='bbox 1220 5746 1305 5794; x_wconf 87' lang='grc' dir='ltr'><strong>τις</strong></span> <span class='ocrx_word' id='word_1_758' title='bbox 1354 5732 1419 5785; x_wconf 68' lang='grc' dir='ltr'><strong>τὰ</strong></span> <span class='ocrx_word' id='word_1_759' title='bbox 1482 5732 1585 5785; x_wconf 64' lang='grc' dir='ltr'><strong>ὑπὸ</strong></span> <span class='ocrx_word' id='word_1_760' title='bbox 1644 5731 1736 5785; x_wconf 72' lang='grc' dir='ltr'><strong>τοῦ</strong></span> <span class='ocrx_word' id='word_1_761' title='bbox 1779 5730 1933 5800; x_wconf 63' lang='grc' dir='ltr'>ἁγίου</span> 
     </span>
    </p>
   </div>
   <div class='ocr_carea' id='block_1_106' title="bbox 2039 4530 3614 4604">
    <p class='ocr_par' dir='ltr' id='par_1_106' title="bbox 2039 4530 3614 4604">
     <span class='ocr_line' id='line_1_106' title="bbox 2039 4530 3614 4604; baseline -0.003 -15"><span class='ocrx_word' id='word_1_762' title='bbox 2039 4534 2336 4597; x_wconf 87' lang='lat' dir='ltr'><strong>rationem,</strong></span> <span class='ocrx_word' id='word_1_763' title='bbox 2392 4544 2444 4601; x_wconf 85' lang='lat' dir='ltr'><strong>et</strong></span> <span class='ocrx_word' id='word_1_764' title='bbox 2497 4549 2563 4588; x_wconf 88' lang='lat' dir='ltr'><strong>ne</strong></span> <span class='ocrx_word' id='word_1_765' title='bbox 2593 4532 2672 4590; x_wconf 89' lang='lat' dir='ltr'><strong>sic</strong></span> <span class='ocrx_word' id='word_1_766' title='bbox 2697 4532 2920 4603; x_wconf 80' lang='lat' dir='ltr'><strong>quidem</strong></span> <span class='ocrx_word' id='word_1_767' title='bbox 2956 4531 3215 4604; x_wconf 82' lang='lat' dir='ltr'><strong>intelligis</strong></span> <span class='ocrx_word' id='word_1_768' title='bbox 3238 4531 3262 4585; x_wconf 70' lang='grc' dir='ltr'>ί</span> <span class='ocrx_word' id='word_1_769' title='bbox 3285 4530 3404 4587; x_wconf 74' lang='lat' dir='ltr'><strong>lam</strong></span> <span class='ocrx_word' id='word_1_770' title='bbox 3464 4531 3614 4586; x_wconf 80' lang='lat' dir='ltr'><strong>enim</strong></span> 
     </span>
    </p>
   </div>
   <div class='ocr_carea' id='block_1_107' title="bbox 2042 4624 3615 4703">
    <p class='ocr_par' dir='ltr' id='par_1_107' title="bbox 2042 4624 3615 4703">
     <span class='ocr_line' id='line_1_107' title="bbox 2042 4624 3615 4703; baseline -0.001 -23"><span class='ocrx_word' id='word_1_771' title='bbox 2042 4626 2290 4681; x_wconf 83' lang='lat' dir='ltr'><strong>imminet</strong></span> <span class='ocrx_word' id='word_1_772' title='bbox 2317 4635 2373 4682; x_wconf 91' lang='lat' dir='ltr'><strong>ct</strong></span> <span class='ocrx_word' id='word_1_773' title='bbox 2402 4634 2575 4696; x_wconf 81' lang='lat' dir='ltr'><strong>urget,</strong></span> <span class='ocrx_word' id='word_1_774' title='bbox 2608 4634 2669 4681; x_wconf 93' lang='lat' dir='ltr'><strong>ut</strong></span> <span class='ocrx_word' id='word_1_775' title='bbox 2699 4625 2872 4689; x_wconf 80' lang='lat' dir='ltr'><strong>vides,</strong></span> <span class='ocrx_word' id='word_1_776' title='bbox 2898 4624 3141 4703; x_wconf 80' lang='lat' dir='ltr'><strong>justitia,</strong></span> <span class='ocrx_word' id='word_1_777' title='bbox 3189 4635 3245 4681; x_wconf 90' lang='lat' dir='ltr'><strong>et</strong></span> <span class='ocrx_word' id='word_1_778' title='bbox 3273 4625 3378 4680; x_wconf 88' lang='lat' dir='ltr'><strong>nisi</strong></span> <span class='ocrx_word' id='word_1_779' title='bbox 3411 4624 3615 4695; x_wconf 81' lang='lat' dir='ltr'><strong>impro—</strong></span> 
     </span>
    </p>
   </div>
   <div class='ocr_carea' id='block_1_108' title="bbox 2039 4716 3614 4788">
    <p class='ocr_par' dir='ltr' id='par_1_108' title="bbox 2039 4716 3614 4788">
     <span class='ocr_line' id='line_1_108' title="bbox 2039 4716 3614 4788; baseline -0.003 -14"><span class='ocrx_word' id='word_1_780' title='bbox 2039 4719 2164 4774; x_wconf 88' lang='lat' dir='ltr'><strong>ham</strong></span> <span class='ocrx_word' id='word_1_781' title='bbox 2184 4718 2324 4773; x_wconf 90' lang='lat' dir='ltr'><strong>hanc</strong></span> <span class='ocrx_word' id='word_1_782' title='bbox 2349 4727 2586 4773; x_wconf 87' lang='lat' dir='ltr'><strong>mentem</strong></span> <span class='ocrx_word' id='word_1_783' title='bbox 2615 4717 2931 4783; x_wconf 87' lang='lat' dir='ltr'><strong>mutaveris,</strong></span> <span class='ocrx_word' id='word_1_784' title='bbox 2963 4716 3172 4787; x_wconf 79' lang='lat' dir='ltr'><strong>peribis</strong></span> <span class='ocrx_word' id='word_1_785' title='bbox 3198 4717 3423 4788; x_wconf 89' lang='lat' dir='ltr'><strong>quidem</strong></span> <span class='ocrx_word' id='word_1_786' title='bbox 3457 4718 3614 4772; x_wconf 87' lang='lat' dir='ltr'><strong>mise-</strong></span> 
     </span>
    </p>
   </div>
   <div class='ocr_carea' id='block_1_109' title="bbox 2041 4807 3612 4880">
    <p class='ocr_par' dir='ltr' id='par_1_109' title="bbox 2041 4807 3612 4880">
     <span class='ocr_line' id='line_1_109' title="bbox 2041 4807 3612 4880; baseline -0.003 -14"><span class='ocrx_word' id='word_1_787' title='bbox 2041 4811 2315 4878; x_wconf 87' lang='lat' dir='ltr'><strong>rabiliter,</strong></span> <span class='ocrx_word' id='word_1_788' title='bbox 2377 4808 2684 4865; x_wconf 90' lang='lat' dir='ltr'><strong>miserrimc</strong></span> <span class='ocrx_word' id='word_1_789' title='bbox 2729 4818 2913 4864; x_wconf 85' lang='lat' dir='ltr'><strong>autem</strong></span> <span class='ocrx_word' id='word_1_790' title='bbox 2970 4808 3237 4880; x_wconf 84' lang='lat' dir='ltr'><strong>punieris.</strong></span> <span class='ocrx_word' id='word_1_791' title='bbox 3297 4810 3475 4877; x_wconf 86' lang='lat' dir='ltr'><strong>Atque</strong></span> <span class='ocrx_word' id='word_1_792' title='bbox 3523 4807 3612 4862; x_wconf 90' lang='lat' dir='ltr'><strong>ille</strong></span> 
     </span>
    </p>
   </div>
   <div class='ocr_carea' id='block_1_110' title="bbox 2039 4898 3613 4976">
    <p class='ocr_par' dir='ltr' id='par_1_110' title="bbox 2039 4898 3613 4976">
     <span class='ocr_line' id='line_1_110' title="bbox 2039 4898 3613 4976; baseline -0.001 -23"><span class='ocrx_word' id='word_1_793' title='bbox 2039 4904 2262 4976; x_wconf 70' lang='lat' dir='ltr'><strong>quidem</strong></span> <span class='ocrx_word' id='word_1_794' title='bbox 2318 4902 2533 4957; x_wconf 84' lang='lat' dir='ltr'><strong>dicebat</strong></span> <span class='ocrx_word' id='word_1_795' title='bbox 2589 4916 2739 4965; x_wconf 91' lang='lat' dir='ltr'><strong>cum,</strong></span> <span class='ocrx_word' id='word_1_796' title='bbox 2774 4898 2870 4972; x_wconf 89' lang='lat' dir='ltr'><strong>qui</strong></span> <span class='ocrx_word' id='word_1_797' title='bbox 2922 4909 3007 4957; x_wconf 90' lang='lat' dir='ltr'><strong>est</strong></span> <span class='ocrx_word' id='word_1_798' title='bbox 3063 4900 3116 4955; x_wconf 92' lang='lat' dir='ltr'><strong>in</strong></span> <span class='ocrx_word' id='word_1_799' title='bbox 3152 4898 3307 4955; x_wconf 70' lang='lat' dir='ltr'><strong>cwlis</strong></span> <span class='ocrx_word' id='word_1_800' title='bbox 3338 4916 3354 4967; x_wconf 86' lang='lat'><strong>;</strong></span> <span class='ocrx_word' id='word_1_801' title='bbox 3390 4909 3613 4955; x_wconf 77' lang='lat' dir='ltr'><strong>exactor</strong></span> 
     </span>
    </p>
   </div>
   <div class='ocr_carea' id='block_1_111' title="bbox 2040 4992 3611 5065">
    <p class='ocr_par' dir='ltr' id='par_1_111' title="bbox 2040 4992 3611 5065">
     <span class='ocr_line' id='line_1_111' title="bbox 2040 4992 3611 5065; baseline -0.004 -16"><span class='ocrx_word' id='word_1_802' title='bbox 2040 5003 2222 5050; x_wconf 90' lang='lat' dir='ltr'><strong>autem</strong></span> <span class='ocrx_word' id='word_1_803' title='bbox 2250 4993 2477 5065; x_wconf 88' lang='lat' dir='ltr'><strong>putabat</strong></span> <span class='ocrx_word' id='word_1_804' title='bbox 2507 5009 2665 5047; x_wconf 87' lang='lat' dir='ltr'><strong>suum</strong></span> <span class='ocrx_word' id='word_1_805' title='bbox 2694 5008 2874 5062; x_wconf 82' lang='lat' dir='ltr'><strong>regem</strong></span> <span class='ocrx_word' id='word_1_806' title='bbox 2915 5006 3040 5049; x_wconf 92' lang='lat' dir='ltr'><strong>cum</strong></span> <span class='ocrx_word' id='word_1_807' title='bbox 3068 5006 3370 5048; x_wconf 81' lang='lat' dir='ltr'><strong>accersere.</strong></span> <span class='ocrx_word' id='word_1_808' title='bbox 3430 4992 3611 5046; x_wconf 80' lang='lat' dir='ltr'><strong>Laetus</strong></span> 
     </span>
    </p>
   </div>
   <div class='ocr_carea' id='block_1_112' title="bbox 2042 5082 3610 5157">
    <p class='ocr_par' dir='ltr' id='par_1_112' title="bbox 2042 5082 3610 5157">
     <span class='ocr_line' id='line_1_112' title="bbox 2042 5082 3610 5157; baseline -0.004 -16"><span class='ocrx_word' id='word_1_809' title='bbox 2042 5086 2115 5141; x_wconf 90' lang='lat' dir='ltr'><strong>ita</strong></span> <span class='ocrx_word' id='word_1_810' title='bbox 2139 5100 2225 5156; x_wconf 70' lang='lat' dir='ltr'><strong>me</strong></span> <span class='ocrx_word' id='word_1_811' title='bbox 2245 5087 2355 5157; x_wconf 86' lang='lat' dir='ltr'><strong>jam</strong></span> <span class='ocrx_word' id='word_1_812' title='bbox 2378 5095 2575 5140; x_wconf 86' lang='lat' dir='ltr'><strong>eratet</strong></span> <span class='ocrx_word' id='word_1_813' title='bbox 2600 5085 2742 5141; x_wconf 84' lang='lat' dir='ltr'><strong>bona</strong></span> <span class='ocrx_word' id='word_1_814' title='bbox 2771 5100 2867 5156; x_wconf 87' lang='lat' dir='ltr'><strong>spe</strong></span> <span class='ocrx_word' id='word_1_815' title='bbox 2895 5082 3180 5155; x_wconf 63' lang='lat' dir='ltr'><strong>praeditus.</strong></span> <span class='ocrx_word' id='word_1_816' title='bbox 3219 5096 3277 5141; x_wconf 91' lang='lat' dir='ltr'><strong>ut</strong></span> <span class='ocrx_word' id='word_1_817' title='bbox 3301 5085 3393 5154; x_wconf 89' lang='lat' dir='ltr'><strong>qui</strong></span> <span class='ocrx_word' id='word_1_818' title='bbox 3423 5084 3610 5144; x_wconf 88' lang='lat' dir='ltr'><strong>sciret,</strong></span> 
     </span>
    </p>
   </div>
   <div class='ocr_carea' id='block_1_113' title="bbox 2039 5174 3608 5249">
    <p class='ocr_par' dir='ltr' id='par_1_113' title="bbox 2039 5174 3608 5249">
     <span class='ocr_line' id='line_1_113' title="bbox 2039 5174 3608 5249; baseline -0.004 -16"><span class='ocrx_word' id='word_1_819' title='bbox 2039 5178 2186 5249; x_wconf 89' lang='lat' dir='ltr'><strong>quod</strong></span> <span class='ocrx_word' id='word_1_820' title='bbox 2224 5187 2447 5249; x_wconf 85' lang='lat' dir='ltr'><strong>prepter</strong></span> <span class='ocrx_word' id='word_1_821' title='bbox 2479 5178 2682 5235; x_wconf 89' lang='lat' dir='ltr'><strong>tributa</strong></span> <span class='ocrx_word' id='word_1_822' title='bbox 2715 5176 3010 5249; x_wconf 89' lang='lat' dir='ltr'><strong>diligenter</strong></span> <span class='ocrx_word' id='word_1_823' title='bbox 3041 5185 3253 5237; x_wconf 84' lang='lat' dir='ltr'><strong>exacta.</strong></span> <span class='ocrx_word' id='word_1_824' title='bbox 3288 5183 3435 5229; x_wconf 80' lang='lat' dir='ltr'><strong>esset</strong></span> <span class='ocrx_word' id='word_1_825' title='bbox 3462 5174 3608 5244; x_wconf 90' lang='lat' dir='ltr'><strong>apud</strong></span> 
     </span>
    </p>
   </div>
   <div class='ocr_carea' id='block_1_114' title="bbox 2041 5266 3609 5341">
    <p class='ocr_par' dir='ltr' id='par_1_114' title="bbox 2041 5266 3609 5341">
     <span class='ocr_line' id='line_1_114' title="bbox 2041 5266 3609 5341; baseline -0.004 -14"><span class='ocrx_word' id='word_1_826' title='bbox 2041 5272 2431 5341; x_wconf 89' lang='lat' dir='ltr'><strong>imperatorem</strong></span> <span class='ocrx_word' id='word_1_827' title='bbox 2499 5286 2697 5341; x_wconf 87' lang='lat' dir='ltr'><strong>magna</strong></span> <span class='ocrx_word' id='word_1_828' title='bbox 2761 5280 3185 5327; x_wconf 89' lang='lat' dir='ltr'><strong>consecuturus.</strong></span> <span class='ocrx_word' id='word_1_829' title='bbox 3242 5266 3376 5336; x_wconf 88' lang='lat' dir='ltr'><strong>Ejus</strong></span> <span class='ocrx_word' id='word_1_830' title='bbox 3427 5275 3609 5320; x_wconf 87' lang='lat' dir='ltr'><strong>autem</strong></span> 
     </span>
    </p>
   </div>
   <div class='ocr_carea' id='block_1_115' title="bbox 2040 5360 3614 5435">
    <p class='ocr_par' dir='ltr' id='par_1_115' title="bbox 2040 5360 3614 5435">
     <span class='ocr_line' id='line_1_115' title="bbox 2040 5360 3614 5435; baseline -0.002 -18"><span class='ocrx_word' id='word_1_831' title='bbox 2040 5380 2194 5435; x_wconf 77' lang='lat' dir='ltr'><strong>spem</strong></span> <span class='ocrx_word' id='word_1_832' title='bbox 2255 5365 2428 5420; x_wconf 87' lang='lat' dir='ltr'><strong>irrisit</strong></span> <span class='ocrx_word' id='word_1_833' title='bbox 2458 5364 2908 5432; x_wconf 86' lang='lat' dir='ltr'><strong>futurum,etea,</strong></span> <span class='ocrx_word' id='word_1_834' title='bbox 2960 5377 3083 5432; x_wconf 64' lang='lat' dir='ltr'><strong>quae</strong></span> <span class='ocrx_word' id='word_1_835' title='bbox 3133 5377 3163 5417; x_wconf 87' lang='lat' dir='ltr'><strong>a</strong></span> <span class='ocrx_word' id='word_1_836' title='bbox 3228 5368 3421 5416; x_wconf 85' lang='lat' dir='ltr'><strong>sancto</strong></span> <span class='ocrx_word' id='word_1_837' title='bbox 3468 5360 3614 5417; x_wconf 89' lang='lat' dir='ltr'><strong>dicta</strong></span> 
     </span>
    </p>
   </div>
   <div class='ocr_carea' id='block_1_116' title="bbox 2040 5455 3593 5520">
    <p class='ocr_par' dir='ltr' id='par_1_116' title="bbox 2040 5455 3593 5520">
     <span class='ocr_line' id='line_1_116' title="bbox 2040 5455 3593 5520; baseline -0.003 -9"><span class='ocrx_word' id='word_1_838' title='bbox 2040 5457 2279 5520; x_wconf 85' lang='lat' dir='ltr'><strong>fuerant,</strong></span> <span class='ocrx_word' id='word_1_839' title='bbox 2342 5456 2464 5511; x_wconf 85' lang='lat' dir='ltr'><strong>finis</strong></span> <span class='ocrx_word' id='word_1_840' title='bbox 2514 5464 2599 5511; x_wconf 84' lang='lat' dir='ltr'><strong>est</strong></span> <span class='ocrx_word' id='word_1_841' title='bbox 2644 5462 2999 5518; x_wconf 89' lang='lat' dir='ltr'><strong>consecutus,</strong></span> <span class='ocrx_word' id='word_1_842' title='bbox 3068 5464 3125 5510; x_wconf 92' lang='lat' dir='ltr'><strong>et</strong></span> <span class='ocrx_word' id='word_1_843' title='bbox 3175 5455 3357 5508; x_wconf 85' lang='lat' dir='ltr'><strong>statim</strong></span> <span class='ocrx_word' id='word_1_844' title='bbox 3433 5468 3593 5508; x_wconf 83' lang='lat' dir='ltr'><strong>nova-</strong></span> 
     </span>
    </p>
   </div>
   <div class='ocr_carea' id='block_1_117' title="bbox 2041 5544 3604 5614">
    <p class='ocr_par' dir='ltr' id='par_1_117' title="bbox 2041 5544 3604 5614">
     <span class='ocr_line' id='line_1_117' title="bbox 2041 5544 3604 5614; baseline -0.003 -10"><span class='ocrx_word' id='word_1_845' title='bbox 2041 5549 2163 5604; x_wconf 87' lang='lat' dir='ltr'><strong>cula</strong></span> <span class='ocrx_word' id='word_1_846' title='bbox 2192 5548 2284 5603; x_wconf 70' lang='lat' dir='ltr'><strong>ira:</strong></span> <span class='ocrx_word' id='word_1_847' title='bbox 2307 5549 2401 5602; x_wconf 78' lang='lat' dir='ltr'><strong>Dei</strong></span> <span class='ocrx_word' id='word_1_848' title='bbox 2425 5547 2715 5610; x_wconf 76' lang='lat' dir='ltr'><strong>inebriata,</strong></span> <span class='ocrx_word' id='word_1_849' title='bbox 2741 5544 3012 5602; x_wconf 79' lang='lat' dir='ltr'><strong>exscindit</strong></span> <span class='ocrx_word' id='word_1_850' title='bbox 3037 5555 3374 5614; x_wconf 84' lang='lat' dir='ltr'><strong>exactorem,</strong></span> <span class='ocrx_word' id='word_1_851' title='bbox 3402 5556 3464 5602; x_wconf 92' lang='lat' dir='ltr'><strong>ut</strong></span> <span class='ocrx_word' id='word_1_852' title='bbox 3499 5546 3604 5599; x_wconf 85' lang='lat' dir='ltr'><strong>im-</strong></span> 
     </span>
    </p>
   </div>
   <div class='ocr_carea' id='block_1_118' title="bbox 2042 5637 3574 5711">
    <p class='ocr_par' dir='ltr' id='par_1_118' title="bbox 2042 5637 3574 5711">
     <span class='ocr_line' id='line_1_118' title="bbox 2042 5637 3574 5711; baseline -0.001 -18"><span class='ocrx_word' id='word_1_853' title='bbox 2042 5640 2305 5693; x_wconf 86' lang='lat' dir='ltr'><strong>mortales</strong></span> <span class='ocrx_word' id='word_1_854' title='bbox 2330 5637 2433 5693; x_wconf 72' lang='lat' dir='ltr'><strong>illae</strong></span> <span class='ocrx_word' id='word_1_855' title='bbox 2464 5646 2587 5708; x_wconf 84' lang='lat' dir='ltr'><strong>post</strong></span> <span class='ocrx_word' id='word_1_856' title='bbox 2609 5646 2841 5694; x_wconf 87' lang='lat' dir='ltr'><strong>mortem</strong></span> <span class='ocrx_word' id='word_1_857' title='bbox 2860 5653 3038 5711; x_wconf 67' lang='lat' dir='ltr'><strong>poena:</strong></span> <span class='ocrx_word' id='word_1_858' title='bbox 3060 5638 3130 5695; x_wconf 90' lang='lat' dir='ltr'><strong>de</strong></span> <span class='ocrx_word' id='word_1_859' title='bbox 3150 5654 3218 5695; x_wconf 91' lang='lat' dir='ltr'><strong>eo</strong></span> <span class='ocrx_word' id='word_1_860' title='bbox 3261 5645 3574 5694; x_wconf 81' lang='lat' dir='ltr'><strong>sumantur.</strong></span> 
     </span>
    </p>
   </div>
   <div class='ocr_carea' id='block_1_119' title="bbox 2114 5730 3613 5806">
    <p class='ocr_par' dir='ltr' id='par_1_119' title="bbox 2114 5730 3613 5806">
     <span class='ocr_line' id='line_1_119' title="bbox 2114 5730 3613 5806; baseline 0 -22"><span class='ocrx_word' id='word_1_861' title='bbox 2114 5730 2342 5787; x_wconf 70' lang='lat' dir='ltr'><strong>XLVIII.</strong></span> <span class='ocrx_word' id='word_1_862' title='bbox 2374 5730 2679 5788; x_wconf 71' lang='lat' dir='ltr'><strong>Revolveris</strong></span> <span class='ocrx_word' id='word_1_863' title='bbox 2700 5730 2884 5805; x_wconf 86' lang='lat' dir='ltr'><strong>itaque</strong></span> <span class='ocrx_word' id='word_1_864' title='bbox 2912 5732 3113 5806; x_wconf 86' lang='lat' dir='ltr'><strong>aliquis</strong></span> <span class='ocrx_word' id='word_1_865' title='bbox 3128 5748 3212 5803; x_wconf 86' lang='lat' dir='ltr'><strong>ea,</strong></span> <span class='ocrx_word' id='word_1_866' title='bbox 3228 5747 3353 5805; x_wconf 68' lang='lat' dir='ltr'><strong>quae</strong></span> <span class='ocrx_word' id='word_1_867' title='bbox 3371 5746 3404 5789; x_wconf 70' lang='grc' dir='ltr'><strong>α</strong></span> <span class='ocrx_word' id='word_1_868' title='bbox 3420 5737 3613 5787; x_wconf 83' lang='lat' dir='ltr'><strong>sancto</strong></span> 
     </span>
    </p>
   </div>
  </div>
