4060 6374
358 324 440 389 85

1454 333 1630 393 VlTA
1663 334 1724 390 s.
1769 331 2153 393 JOANNICII
2185 335 2528 400 ABBATIS.
3537 359 3607 424 εδ

357 431 614 504 κυμίαις,
641 430 787 496 Ἕως
818 432 947 485 πότε
979 433 1047 488 τὰ
1075 435 1184 490 τῶν
1217 436 1574 509 Ἐκκλησιῶν,
1607 443 1814 510 ἔλεγεν,
1833 444 1925 498 οὐκ

2040 441 2178 497 betae
2191 443 2445 504 ﬂuctibus
2462 449 2807 523 :Quousque,
2824 453 2983 523 dixit,
3005 470 3093 512 res
3106 456 3479 521 Ecclesiarum
3499 482 3610 528 non

357 523 764 594 ἀποδοθήσεται
791 525 912 588 ταῖς
950 525 1332 598 Ἐκκλησίαις;
1368 531 1470 595 ἕως
1504 533 1647 596 τίνος
1696 535 1936 609 αὐξηθή-

356 632 516 670 σεται
544 615 614 669 τὰ
637 615 749 669 τῶν
775 616 1019 671 διωκτῶν
1046 635 1060 683 ;
1090 619 1197 683 ἕως
1220 621 1362 685 τίνος
1402 623 1500 694 τὴν
1529 626 1622 677 τοῦ
1649 626 1786 680 Θεοῦ
1816 630 1934 682 ποί-

357 721 502 773 μνην
550 705 737 776 ἄγριοι
787 705 1218 775 διασπαράξουσι
1268 710 1476 781 θῆρεςς
1511 715 1568 767 '0
1615 715 1694 782 δὲ,
1724 719 1934 789 Μικρὸν

353 794 606 866 ἐπίσχες,
640 794 862 863 ἀδελφὲ,
897 798 993 850 καὶ
1026 799 1281 868 συνήσεις
1312 801 1410 873 τὴν
1461 803 1556 856 τοῦ
1587 805 1722 859 Θεοῦ
1777 808 1934 861 δυνα-

357 885 580 938 στείανο
617 885 770 939 ἕσται
803 886 912 954 γάρ
940 904 1022 951 τις
1070 889 1352 956 Μεθόδιος,
1382 893 1438 955 ὃς
1479 895 1569 948 ἐπὶ
1595 897 1704 950 τῶν
1733 900 1933 953 οἰάκων

355 975 530 1043 αὐτῆς
551 975 651 1029 καθ
661 979 838 1042 ιεῖται,
857 977 953 1030 καὶ
969 978 1172 1048 ταύτην
1185 983 1261 1051 τῷ
1279 983 1406 1054 θείῳ
1430 986 1704 1057 Πνεῦματι
1729 990 1863 1043 κυδε
1873 1007 1932 1060 ρ-

355 1066 513 1133 νήσει
537 1081 550 1093 ο
583 1066 730 1128 ὅστις
768 1067 1030 1138 διαίρεσιν
1061 1070 1160 1140 μὲν
1191 1071 1442 1144 θεότητος
1485 1078 1578 1130 καὶ
1616 1082 1934 1154 κατατομήν

351 1155 540 1228 ἀνέλῃ,
569 1157 959 1225 δογματίσειδὲ
985 1159 1047 1213 τὸ
1064 1161 1362 1231 όρθόδοξον,
1383 1167 1642 1243 ἐνείρήνῃ
1669 1189 1724 1225 τε
1742 1173 1934 1247 βαθείᾳ

352 1247 453 1300 καὶ
499 1248 727 1319 ὁμονοία
777 1252 844 1303 τὰ
883 1252 1242 1317 στασιάζοντα
1263 1261 1621 1331 καταστήσει,
1668 1267 1764 1319 καὶ
1803 1267 1934 1331 τοὺς

349 1337 763 1409 ἀνθεστηκότας
795 1345 858 1411 τῇ
885 1342 982 1395 τοῦ
1032 1343 1291 1414 Ὑψίστου
1323 1349 1470 1422 δεξιᾷ
1493 1358 1928 1427 παραστήσεται.

326 1421 337 1429 ’
429 1430 558 1483 NA'.
592 1431 810 1502 Βραχὺς
841 1436 868 1487 ὁ
921 1437 1123 1504 μεταξὺ
1158 1441 1369 1509 χρόνος,
1401 1421 1496 1498 καὶ
1535 1421 1792 1518 Θεόφιλος
1834 1453 1933 1522 μὲν

345 1521 460 1574 τῶν
513 1522 640 1591 τῇδε
690 1529 1019 1596 μεταχωρεῖ,
1052 1530 1272 1601 Μιχαὴλ
1304 1533 1482 1588 δὲκαὶ
1532 1538 1787 1613 Θεοδὼρα
1831 1521 1930 1616 τὴν

349 1613 531 1682 ἀρχὴν
558 1615 926 1685 διαδέχονται,
959 1619 1218 1687 Μεθόδιος
1259 1625 1316 1678 δὲ
1351 1630 1463 1692 τοῖς
1487 1631 1652 1701 ίεροῖς
1675 1636 1751 1698 ὡς
1784 1613 1929 1708 ἱερδς

346 1706 429 1775 τῷ
453 1707 565 1759 ὄντι
592 1708 688 1761 καὶ
729 1709 868 1762 Θεοῦ
892 1712 1181 1782 ἄνθρωπος
1223 1718 1526 1790 ἐνιδρύεται
1565 1724 1795 1796 θρόνοις,
1832 1706 1928 1783 καλ⁵

347 1798 643 1853 συνελόντα
685 1801 875 1870 φάναι,
911 1804 1128 1857 πάντων
1165 1810 1312 1879 αὐτῷ
1344 1812 1481 1883 πρὸς
1511 1814 1611 1885 τὴν
1641 1819 1925 1889 όρθόδοξον

347 1893 532 1945 πίστιν
572 1896 982 1965 μεταθεμένων,
1037 1900 1305 1967 κλύδωνός
1355 1923 1414 1959 τε
1449 1911 1650 1975 παντὸς
1683 1915 1776 1968 καὶ
1803 1933 1924 1986 τρι-

347 1986 558 2054 κυμίας
605 1989 1098 2059 κατευνασθείσης,
1133 1997 1228 2050 καὶ
1261 1997 1369 2050 τῶν
1407 2004 1752 2072 πραγμάτων
1790 2009 1924 2078 ἡρε-

349 2074 619 2144 μοῦντων,
683 2079 846 2149 ἐτέρα
891 2098 977 2143 τις
1011 2087 1161 2153 παρὰ
1216 2086 1325 2140 τῶν
1367 2090 1609 2148 εὐσεϐῶν
1652 2074 1925 2168 ἐγείρεται

349 2167 571 2232 στάσις,
597 2171 689 2221 καὶ
719 2171 788 2224 τὰ
814 2171 916 2241 τῆς
952 2173 1280 2245 Ἐκκλησίας
1325 2181 1613 2253 ἐμερίζετο
1641 2167 1805 2242 πάλιν
1831 2194 1926 2247 καὶ

348 2261 434 2321 είς
469 2260 649 2324 διττὰς
671 2263 832 2328 δόξας
863 2264 1082 2335 ἐχώρει.
1123 2269 1185 2321 υἱ
1215 2271 1314 2339 μὲν
1339 2274 1447 2344 γὰρ
1480 2277 1925 2354 συλλειτουργοὺς

344 2351 492 2419 ἔχειν
547 2353 734 2422 ἠξίουν
772 2357 898 2420 τοὺς
933 2361 1083 2429 παρὰ
1127 2362 1237 2415 τῶν
1289 2365 1674 2439 Εἰκονομάχων
1725 2372 1784 2425 τὸ
1825 2377 1923 2447 τῆς

345 2441 652 2512 ἱερωσύνης
683 2445 902 2515 ἀξίωμα
953 2449 1242 2516 λαϐόντας,
1288 2455 1364 2518 ὡς
1396 2458 1550 2511 οὐδὲν
1609 2463 1800 2518 τοῦτου

345 2532 604 2604 εὐσεϐείᾳ.
634 2535 1032 2608 λυμαινομένου
1059 2557 1073 2572 ο
1113 2543 1162 2596 οἱ
1197 2543 1251 2596 δὲ
1281 2544 1528 2617 βεσήλοις
1559 2553 1746 2621 χερσὶν
1779 2532 1924 2608 ἐκδιί

345 2623 517 2687 δόναι,
557 2628 772 2682 ἀνόσιον
796 2630 931 2693 ὅλως
965 2633 1199 2702 ἡγοῦντο
1230 2639 1321 2690 καὶ
1354 2640 1412 2692 οῦ
1454 2641 1574 2711 Θεῷ
1615 2645 1766 2712 φίλον
1805 2649 1924 2703 οὐδὲ

342 2712 668 2772 ἀπόδεκτον.
694 2715 856 2772 Καϊὸ
902 2721 1000 2789 μὲν
1030 2723 1106 2785 ὡς
1143 2725 1358 2795 ἀληθῶς
1395 2729 1472 2798 τῷ
1510 2733 1628 2802 Θεῷ
1659 2734 1769 2797 ζῶν
1810 2739 1924 2792 Ms-

343 2803 547 2870 θόδιος,
571 2807 859 2877 ησχαλλεν,
887 2813 1096 2880 ἠνιᾶτο,
1120 2815 1220 2885 τὴν
1247 2820 1476 2889 καρδίαν
1511 2825 1795 2892 ἐκόπτετο,
1828 2831 1921 2885 τὸν

345 2901 525 2964 μέγαν
565 2902 679 2962 τοῖς
713 2900 850 2954 ὠσὶν
884 2903 1098 2974 ἐνηχεῖν
1139 2907 1312 2962 ἐδόκει
1350 2912 1584 2980 Παῦλον,
1611 2921 1920 2992 -μονονουχὶ

343 2989 569 3042 τοιαῦτα
604 2991 999 3064 φθεγγόμενον,
1025 2999 1123 3062 Ὠς
1158 3017 1216 3052 τε
1246 3004 1339 3070 καὶ
1367 3004 1615 3075 ἀνάθεμα
1642 3003 1782 3064 εἶναι
1814 2989 1924 3067 ἀπὸ

345 3078 584 3148 Χριστοῦ
647 3082 788 3153 ὑπὲρ
839 3087 946 3139 τῶν
994 3090 1241 3158 ἀδελφῶν
1275 3109 1378 3161 μου
1407 3095 1515 3148 τῶν
1548 3099 1689 3152 κατὰ
1717 3103 1917 3172 σάρκτ,
1948 3122 1990 3180 c

350 3172 509 3241 μόνον
541 3175 590 3226 εί
626 3192 727 3259 στα
742 3177 865 3246 ίητε
894 3179 1012 3250 μεθ’
1049 3182 1228 3251 ἡμῶν,
1262 3187 1354 3239 καὶ⁴
1384 3191 1534 3259 κοινῇ
1575 3193 1674 3260 τὴν
1709 3193 1920 3264 Τριάδα

341 3253 678 3336 δοξάσωμεν.
718 3270 831 3323 Καὶ
895 3273 923 3324 ὁ
953 3272 1052 3340 μὲν
1082 3272 1258 3339 οὕτως
1324 3253 1589 3347 ﬁxam-'0!
1627 3253 1689 3336 ’δὲ
1744 3253 1924 3339 πάντα

343 3355 541 3410 παθεῖν
577 3357 784 3426 μᾶλλον
815 3360 1024 3432 ἕτοιμοι
1079 3360 1246 3434 ἦσαν,
1282 3367 1314 3438 ἢ
1357 3361 1432 3422 τὰ
1484 3370 1712 3437 δόξαντα
1764 3377 1925 3446 προέ-

344 3447 491 3512 σθαι,
537 3448 613 3512 ὡς
646 3451 897 3505 ἐντεῦθεν
931 3455 1012 3518 είς
1055 3455 1198 3526 μέρη
1244 3458 1408 3512 πάλιν
1457 3462 1516 3514 τὸ
1557 3464 1656 3535 τῆς
1691 3465 1922 3539 Ἐκκλη-

347 3538 470 3603 σίας
504 3540 784 3612 πλήρωμα
819 3544 1138 3614 τέμνεσθαι,
1174 3549 1420 3615 καὶτοὺς
1453 3554 1574 3623 μὲν,
1603 3556 1678 3620 ὡς
1700 3560 1921 3627 αὐτοὺς,

340 3631 468 3692 τοὺς
511 3631 572 3685 δέ
610 3633 689 3696 ὠς
718 3635 963 3700 ἐκείνους
1012 3637 1331 3695 τάσσεσθαι.
1379 3643 1438 3696 'U
1493 3647 1626 3713 γοῦν
1672 3649 1751 3715 τῷ
1805 3649 1923 3720 Θεῷ

342 3720 494 3790 φίλος
539 3723 872 3791 Ἰωαννίκιος
908 3733 1261 3800 τεταγμένοις
1293 3732 1438 3789 οὕτω
1464 3741 1577 3802 τοῖς
1603 3741 1924 3811 πράγμασιν

343 3814 688 3885 ἐντυγχάνων
721 3819 792 3872 τὰ
846 3820 946 3889 μὲν
974 3822 1041 3874 δι’
1068 3824 1286 3891 ἐαυτοῦ,
1315 3827 1385 3881 τὰ
1418 3827 1472 3881 δὲ
1499 3829 1568 3883 δι’
1596 3833 1920 3899 ἐπιστολῶν,

339 3901 429 3958 οἷα
453 3907 684 3977 σύριγγι
712 3909 812 3981 τὴν
840 3912 1273 3969 διασπασθεῖσαν
1309 3918 1409 3985 τῆς
1449 3922 1690 3992 ποίμνης
1726 3928 1922 3997 μοῖραν

343 3997 684 4068 ἀνεκαλεῖτο,
718 4005 813 4056 καὶ
848 4004 926 4075 τῷ
959 4005 1109 4078 μόνῳ
1142 4007 1286 4078 Θεῷ,
1323 4011 1403 4082 τῷ
1430 4013 1574 4084 μόνῳ
1620 4015 1770 4086 καλῷ
1799 4035 1919 4070 ποιο

351 4089 471 4158 μένι
507 4094 605 4146 καὶ
632 4093 696 4145 οὑ
751 4095 1014 4167 μισθωτῷ
1044 4102 1410 4171 προσῳκείου,
1471 4104 1707 4174 μάλιστα
1738 4105 1795 4158 δὲ
1825 4106 1919 4160 τοῦ

343 4181 648 4252 ἀρχιερέως
703 4186 970 4242 Μεθοδίω
1029 4190 1372 4256 ὀκλάζουσαν
1433 4196 1532 4266 ἤδη
1591 4197 1692 4268 τὴν
1743 4198 1919 4269 ψυχὴν

342 4276 630 4344 ἀνεκτᾶτο,
684 4280 857 4334 πολλὰ
905 4283 1005 4352 μὲν
1066 4285 1161 4338 καὶ
1210 4285 1374 4357 ἕτερα
1409 4289 1662 4358 γράφων,
1700 4290 1806 4360 πρὸ
1861 4291 1918 4344 δὲ

343 4367 581 4433 πάντων,
618 4373 732 4435 τοῖς
768 4373 828 4426 τὸ
885 4374 984 4444 μὲν
1033 4377 1323 4446 ὁμοοῦσιον
1356 4380 1622 4448 ἐκφύλους
1644 4381 1920 4451 ἀλλοτριό-

2038 531 2340 590 reddentur
2375 538 2655 597 Ecclesiis?
2671 559 2961 616 quousque
2993 548 3340 619 augebuntur
3362 570 3450 611 res
3482 575 3611 628 pcr-

2037 633 2374 693 sccutorum,
2402 641 2456 684 et
2488 631 2750 690 immanes
2770 653 2862 692 eas
2888 639 3212 698 lacerabunt
3239 643 3427 703 bestiae
3452 651 3476 703 ?
3513 650 3611 708 llle

2036 729 2191 778 vero,
2229 716 2446 783 Parum,
2478 721 2674 791 inquit,
2701 728 2929 795 sustine,
2955 749 2987 787 ο
3010 734 3202 803 t'rater,
3237 750 3291 794 et
3329 743 3603 818 intelliges

2035 803 2132 858 Dei
2165 809 2462 872 potentiam
2497 812 2639 877 ;erit
2668 817 2814 870 enim
2870 823 3089 888 quidam
3151 827 3477 896 Methodius,
3508 803 3603 907 qui

2035 895 2242 949 tenebit
2273 897 2390 965 ejus
2421 901 2656 967 clavum,
2691 914 2746 960 et
2779 923 2896 964 eam
2925 912 3113 971 divino
3167 919 3373 989 Spiritu
3407 895 3606 996 guber-

2034 985 2208 1048 nabit,
2232 990 2323 1056 qui
2356 991 2508 1044 tollet
2536 995 2755 1061 quidem
2778 999 3101 1060 divisionem
3133 1019 3185 1064 et
3210 985 3600 1074 dissectioncm

2033 1076 2376 1146 divinitatis;
2411 1082 2646 1141 decretis
2678 1100 2858 1144 autem
2903 1093 3060 1150 ﬁdem
3093 1102 3393 1160 constituet
3417 1111 3605 1165 ortho-

2031 1181 2250 1237 xam,et
2277 1174 2343 1228 ad
2373 1192 2641 1233 summam
2676 1197 2865 1251 pacem
2919 1197 2973 1242 et
3003 1195 3348 1251 concordiam
3385 1201 3600 1272 rediget

2032 1263 2378 1330 seditionem,
2408 1277 2461 1322 et
2490 1285 2606 1334 eos,
2635 1276 2728 1342 qui
2755 1277 3094 1350 restiterunt,
3126 1283 3318 1343 dextra
3370 1263 3598 1350 Altissi-

2033 1357 2103 1408 mi
2135 1356 2447 1429 subjunget.

2099 1444 2386 1503 LI..Breve
2414 1458 2628 1524 tempus
2659 1453 2987 1529 intercessit,
3017 1472 3074 1519 et
3101 1466 3439 1541 TheOphilus
3480 1479 3604 1545 qui-

2029 1532 2153 1588 dem
2179 1550 2246 1589 ex
2281 1537 2383 1592 hac
2411 1542 2521 1596 vita
2569 1546 2783 1601 excedit
2815 1565 2829 1602 :
2868 1550 3095 1611 Michael
3129 1532 3273 1614 vero.
3308 1571 3362 1616 et
3420 1562 3603 1622 Theo-

2030 1623 2163 1680 dora
2248 1628 2544 1700 imperium
2618 1639 2927 1710 suscipiunt
2976 1661 2991 1699 :
3053 1645 3362 1707 Methodius
3414 1665 3599 1713 autem

2028 1714 2113 1768 vir
2135 1731 2325 1774 revera
2368 1736 2776 1795 sacrosanctus,
2817 1741 2872 1787 et
2917 1734 3084 1791 homo
3141 1740 3260 1807 Dei,
3320 1744 3373 1798 in
3430 1749 3601 1804 sacris

2031 1804 2332 1862 collocatur
2366 1813 2610 1881 sedibus,
2647 1826 2702 1872 et
2741 1829 2797 1874 ut
2825 1826 2993 1879 semel
3025 1827 3225 1895 dicam,
3263 1848 3385 1887 cum
3417 1839 3600 1893 omnia

2023 1896 2092 1950 ab
2127 1912 2192 1952 eo
2226 1899 2458 1958 fuissent
2495 1907 2747 1966 traducta
2804 1913 2870 1968 ad
2903 1915 3062 1972 fidem
3125 1924 3509 1991 orthodoxam,
3544 1941 3600 1986 et

2023 1987 2234 2057 sopitus
2273 2002 2419 2048 esset
2451 1998 2629 2053 omnis
2653 1999 2850 2058 ﬂuctus
2877 2016 2932 2060 et
2973 2010 3158 2065 sedata
3194 2021 3510 2085 tempestas,
3540 2029 3597 2076 et

2023 2093 2113 2133 res
2136 2090 2322 2137 essent
2365 2087 2588 2155 quietae.
2631 2095 2879 2162 quaedam
2901 2099 3001 2155 alia
3036 2103 3235 2161 seditio
3268 2111 3542 2167 excitatur
3565 2131 3594 2169 a

2023 2171 2147 2240 piis,
2170 2183 2226 2229 et
2247 2191 2335 2232 res
2361 2179 2618 2240 Ecclesiae
2647 2177 2838 2245 rurs‘us
2859 2204 3015 2249 erant
3054 2195 3259 2263 divisae,
3288 2209 3344 2256 et
3367 2205 3599 2262 redacta:

2023 2273 2180 2318 erant
2212 2265 2266 2320 in
2291 2267 2428 2324 duas
2462 2274 2772 2341 opiniones.
2839 2282 2974 2336 Nam
3027 2286 3120 2341 alii
3177 2291 3400 2357 quidem
3448 2297 3594 2352 vole-

2024 2350 2158 2409 bant
2193 2354 2398 2414 babere
2427 2361 2480 2415 in
2507 2364 2831 2434 ministerio,
2863 2387 2959 2428 eos
2998 2377 3092 2446 qui
3150 2378 3471 2450 dignitatem
3509 2402 3599 2440 sa-

2024 2442 2252 2499 cerdotii
2281 2464 2608 2521 acceperant
2638 2458 2706 2513 ab
2750 2442 3151 2534 lconomacbis,
3206 2442 3396 2543 utpote
3448 2479 3594 2546 quod

2013 2532 2128 2588 boc
2173 2537 2310 2594 nihil
2375 2543 2564 2610 pietati
2622 2547 2866 2608 olIiceret
2901 2573 2915 2609 :
2957 2556 3032 2610 illi
3093 2532 3285 2617 autem.
3353 2532 3598 2634 proi‘anis

2024 2635 2210 2682 sancta
2271 2631 2484 2689 tradere
2552 2640 2826 2708 manibus,
2882 2649 3147 2715 putabant
3198 2654 3424 2709 omnino
3481 2672 3600 2713 esse

2025 2715 2276 2787 impium,
2306 2734 2362 2777 et
2417 2726 2641 2784 minime
2684 2731 2796 2787 Deo
2835 2747 3072 2804 gratum,
3129 2757 3233 2798 nec
3289 2745 3592 2803 admitten-

2023 2811 2172 2865 dum.
2213 2814 2276 2867 Et
2305 2817 2396 2884 qui
2439 2816 2548 2873 Deo
2573 2822 2794 2890 quidem
2828 2842 2957 2881 vere
2998 2829 3215 2886 vivebat
3256 2834 3593 2904 Methodius,

2022 2919 2164 2974 aegre
2190 2905 2416 2973 ferebat,
2441 2913 2762 2982 angebatur,
2783 2918 2946 2974 corde
2970 2920 3338 2991 lacerabatur,
3370 2932 3598 2997 putabat

2023 3012 2280 3068 magnum
2315 3001 2544 3057 Paulum
2579 3021 2839 3062 resonare
2898 3009 2954 3064 in
3012 3015 3243 3071 auribus
3304 3035 3602 3090 propemo-

2024 3088 2153 3142 dum
2178 3091 2291 3145 haec
2313 3091 2629 3161 loquentem
2665 3114 2678 3148 :
2713 3097 2927 3154 Utinam
2958 3107 3060 3157 sim
3116 3121 3145 3160 a
3187 3088 3423 3165 Christo
3465 3129 3599 3168 ana—

2029 3182 2210 3237 thema
2242 3199 2342 3250 pro
2391 3185 2654 3243 fratribus
2699 3190 2838 3246 meis
2904 3197 3210 3251 secundum
3265 3215 3506 3268 carnem,
3552 3207 3596 3260 si

2027 3272 2190 3327 modo
2241 3275 2505 3331 steteritis
2560 3271 2867 3347 nobiscum,
2901 3293 2955 3338 et
3017 3291 3390 3347 communiter
3418 3293 3601 3349 Trini-

2025 3373 2191 3419 tatem
2251 3367 2804 3436 gloriﬁcaverimus”
2833 3416 2845 3430 .
2885 3376 2952 3430 Et
3003 3379 3092 3435 ille
3150 3384 3372 3452 quidem
3419 3387 3498 3442 sic
3541 3405 3600 3444 se

2025 3454 2285 3511 habebat.
2321 3458 2403 3513 Illi
2437 3470 2616 3516 autem
2652 3467 2822 3532 parati
2850 3476 3007 3522 erant
3036 3472 3221 3526 omnia
3246 3476 3355 3542 pati
3391 3478 3596 3545 potius,

2024 3563 2187 3618 quam
2215 3550 2492 3608 dimittere
2543 3571 2628 3621 ea,
2664 3572 2786 3625 quae
2817 3560 2930 3614 visa
2951 3559 3189 3629 fuerant,
3219 3566 3357 3620 adeo
3386 3577 3444 3622 ut
3468 3569 3599 3625 lii-uc

2025 3641 2082 3695 in
2159 3653 2344 3712 partes
2395 3661 2589 3701 rursus
2656 3649 3003 3706 scinderetur
3081 3663 3258 3710 coetus
3318 3655 3593 3723 Ecclesiae,

2023 3740 2079 3806 et
2108 3732 2198 3786 alii
2259 3735 2480 3802 quidem
2513 3751 2570 3791 se
2603 3753 2726 3794 cum
2792 3741 2898 3807 his,
2925 3743 3016 3798 alii
3049 3760 3179 3800 vero
3217 3763 3344 3802 cum
3385 3749 3493 3804 illis
3539 3767 3596 3806 se

2023 3827 2437 3896 conjungerent.
2477 3829 2571 3884 Dei
2619 3830 2803 3902 itaque
2847 3833 3059 3890 amicus
3079 3835 3423 3905 Joannicius,
3460 3843 3598 3900 inci-

2023 3917 2162 3974 dens
2192 3918 2248 3973 in
2281 3935 2370 3974 res
2399 3921 2536 3976 adeo
2569 3923 2836 3991 turbatas,
2877 3927 3077 3996 partim
3104 3929 3327 4000 quidem
3382 3949 3478 4003 per
3510 3951 3588 4002 se,

2022 4011 2220 4080 partim
2277 4029 2407 4068 vero
2438 4031 2536 4085 per
2586 4015 2818 4081 litteras,
2849 4020 3020 4076 veluti
3062 4021 3242 4077 ﬁstula
3301 4027 3594 4084 revocabat

2023 4099 2292 4154 divulsam
2323 4112 2534 4171 partem
2572 4105 2773 4176 gregis,
2814 4116 2870 4162 et
2899 4109 2949 4162 ei
2975 4108 3069 4178 qui
3103 4118 3185 4164 est
3221 4111 3370 4166 solus
3425 4113 3590 4178 Deus,

2021 4191 2220 4262 quiest
2250 4193 2399 4247 solus
2453 4194 2628 4249 bonus
2674 4205 2879 4264 pastor,
2921 4207 2976 4252 et
3038 4213 3146 4254 non
3195 4195 3591 4288 mercenarius,

2021 4283 2371 4338 conciliabat.
2397 4284 2627 4340 Maxime
2656 4296 2837 4343 autem
2879 4291 3280 4363 archiepiscopi
3331 4283 3594 4352 Metbodii

2016 4357 2127 4443 jam
2177 4373 2453 4430 labantem
2493 4377 2779 4433 recreabat
2833 4357 3098 4450 animum,
3137 4385 3304 4442 multa
3369 4390 3594 4458 quidem

341 4475 504 4527 τητας
544 4462 829 4532 τέμνουσι,
854 4465 1153 4535 διαιρέσεις
1187 4470 1265 4535 δὲ,
1309 4470 1477 4540 οἴμοι,
1503 4473 1739 4535 ἀτόπους
1764 4473 1919 4539 δοξά-

2024 4465 2188 4520 etiam
2259 4467 2363 4521 alia
2418 4467 2667 4524 scribens
2699 4508 2713 4535 ,
2745 4481 2870 4527 ante
2922 4475 3105 4530 omnia
3165 4488 3346 4534 autem
3381 4481 3468 4546 iis,
3498 4486 3592 4553 qui

341 4547 512 4619 ζουσι,
559 4552 784 4618 τούτους
843 4558 981 4629 μηδέ
1030 4561 1092 4612 τὸ
1138 4565 1402 4632 παράπαν
1461 4562 1555 4626 οὓς
1611 4563 1920 4618 ὑποκλίνειν

341 4641 488 4713 αὐτῷ
523 4645 780 4716 παρῄνει,
822 4648 900 4718 μὴ
946 4649 1114 4715 ἅλων,
1140 4652 1215 4723 μὴ
1250 4654 1450 4724 στέγης
1499 4659 1804 4726 κοινωνεῖν,
1844 4657 1920 4728 μὴ

341 4735 850 4805 προσφθέγγεσθαι,
901 4741 1017 4794 ἀλλ’
1046 4742 1122 4806 ὡς
1153 4743 1230 4796 ἔνι
1279 4746 1534 4814 μάλιστα,
1581 4748 1680 4817 τὴν
1712 4748 1918 4803 τούτων

344 4826 636 4896 συντυχίαν
668 4830 967 4888 ἐκκλίνειν.
1012 4833 1417 4907 Ὑπετθειγὰρ
1463 4837 1595 4907 μηδὲ
1630 4840 1914 4912 ἱερουργὺν

338 4917 504 4981 ὁσίως
532 4919 859 4988 λογισθῆναί
885 4941 1016 4978 ποτε
1052 4925 1316 4981 δύνασθαι
1343 4927 1554 4993 τοῦτον,
1581 4930 1670 4983 τὸν
1716 4932 1806 4985 τὸν
1839 4934 1916 4986 ἱε-

339 5010 744 5083 ρουργούμενον
781 5013 1113 5083 ἀθετοῦντα,
1163 5019 1404 5082 ἐκείνους
1436 5019 1492 5072 δέ
1541 5020 1744 5090 μᾶλλον
1788 5025 1916 5096 περὶ

336 5102 435 5173 τὴν
498 5103 652 5157 θείαν
692 5107 1010 5178 ἱερουργίαν
1048 5109 1291 5180 ἔγραφεν
1349 5111 1492 5181 ἔχειν
1518 5111 1596 5180 τῷ
1641 5113 1914 5185 Μεθοδίῳ,

333 5195 426 5261 οὓς
452 5196 522 5251 ἂν
547 5196 718 5270 εἰδείη
746 5199 842 5253 καὶ
872 5201 1001 5270 περὶ
1023 5202 1082 5255 τὸ
1105 5204 1204 5270 τῆς
1229 5203 1543 5276 ὀρθοδοξίας
1574 5205 1752 5278 δόγμα
1779 5225 1915 5279 συμ-

336 5289 675 5358 φρονοῦντας
718 5292 1033 5364 αῦτῷ.Ἐπὶ
1063 5295 1206 5349 τέλει
1235 5295 1290 5349 δέ
1325 5297 1424 5368 τῆς
1463 5298 1759 5370 ἐπιστολῆς
1818 5301 1914 5354 καὶ

335 5379 613 5450 ἐρρῶσθαι
648 5383 811 5440 αὐτὸν
844 5387 1159 5455 ὑγιαίνοντα
1201 5389 1330 5460 περ)⁴
1382 5389 1475 5444 τὸν
1530 5391 1654 5463 ὑγιῆ
1693 5392 1851 5461 λόγον
1887 5395 1912 5446 ό

335 5475 506 5546 μέγας
541 5478 874 5546 Ἶωαννίκιος
908 5481 1130 5553 ηὔξατο.

403 5743 445 5811 _“
474 5743 629 5799 Rom.
662 5763 736 5814 ix,
769 5749 822 5801 3.

2024 4556 2353 4612 bomousion
2388 4559 2624 4617 absurde
2654 4570 2710 4617 et
2741 4564 2921 4619 alieno
2979 4569 3139 4623 modo
3168 4570 3449 4637 scindunt,
3498 4591 3596 4629 no-

2022 4665 2227 4720 vasque
2292 4659 2347 4704 et
2401 4651 2671 4708 absurdas
2701 4656 2999 4723 epinantur
3027 4659 3350 4728 divisiones,
3399 4665 3480 4720 eis
3522 4683 3593 4722 ne

2024 4755 2214 4795 aurem
2241 4741 2463 4812 quidem
2486 4744 2713 4799 omnino
2743 4745 3007 4806 adhibere
3038 4753 3327 4822 suadebat,
3352 4772 3461 4812 non
3488 4760 3592 4821 sal.

2023 4849 2132 4889 non
2168 4843 2369 4890 tectum
2397 4851 2524 4891 eum
2577 4837 2662 4893 bis
2706 4838 2909 4896 habere
2963 4857 3274 4910 commune,
3332 4864 3440 4904 non
3497 4868 3595 4906 eos

2021 4926 2248 4996 alloqui,
2274 4927 2366 4981 sed
2395 4943 2558 4998 quam
2591 4930 2825 4986 maxime
2867 4931 3142 4988 declinare
3202 4950 3394 4992 eorum
3451 4957 3591 4996 con-

2020 5019 2381 5090 gressionem.
2440 5021 2780 5077 Admonebat
2833 5024 2980 5078 enim
3038 5041 3108 5081 ne
3166 5042 3324 5097 posse
3369 5031 3592 5100 quidem

2018 5128 2144 5168 eum
2196 5123 2384 5168 sancte
2441 5114 2684 5184 reputari
2737 5113 3072 5182 sacrificum,
3151 5119 3247 5188 qui
3314 5137 3461 5186 eum,
3497 5126 3593 5192 qui

2019 5205 2381 5270 sacriﬁcatur,
2457 5206 2758 5262 contemnit
2809 5215 2866 5263 et
2930 5208 3240 5278 vilipendit.
3306 5212 3592 5271 Scribebat

2020 5307 2203 5353 autem
2224 5297 2522 5365 Metltodio,
2556 5307 2616 5353 ut
2653 5299 2776 5354 illos
2805 5301 2990 5370 potius
3021 5301 3247 5357 haberet
3276 5303 3420 5358 circa
3451 5305 3592 5361 divi~

2018 5405 2150 5444 num
2179 5389 2531 5456 sacriﬁcium,
2563 5405 2699 5459 quos
2729 5401 2916 5447 nosset
2978 5407 3103 5448 cum
3158 5408 3224 5447 eo
3277 5398 3484 5452 sentire
3536 5399 3589 5453 in

2019 5481 2273 5552 dogmate
2297 5479 2870 5536 orthodoxiae.luﬁne
2892 5499 3021 5539 vero
3077 5484 3346 5556 epistolze,
3405 5490 3590 5545 valere

2019 5589 2146 5627 eum
2179 5573 2323 5628 circa
2361 5586 2548 5626 sanam
2577 5571 2844 5627 rationem
2877 5577 3085 5644 optavit
3109 5592 3335 5648 magnus
3357 5578 3587 5635 Joanni-

2019 5681 2156 5723 ctus.
