4060 6374
474 272 593 386 91*

1690 319 1979 380 MENSIS
2014 318 2449 380 NOVEMBER.
3652 311 3723 375 92

473 425 669 483 lentia.
694 424 811 480 Hoc
837 432 1020 480 autem
1051 433 1240 480 sancto
1274 424 1596 495 praedictum
1631 424 1813 480 l‘uerat
1846 423 1915 479 ab
1947 425 2057 479 illis

2162 425 2335 497 ἀρχὴν
2359 426 2455 480 τδν
2494 425 2753 498 τρύχινον
2781 424 2986 497 χιτῶνα
3028 420 3339 478 δεδοικότων
3372 428 3621 498 μτναχῶν
3644 433 3724 502 τῷ

473 516 790 579 monachis,
823 517 918 585 qui
955 516 1005 569 ci
1033 516 1103 570 ab
1137 516 1295 572 initio
1327 516 1594 571 dederant
1628 518 1773 571 illam
1806 518 2047 572 tunicam

471 602 602 680 pilis
629 615 963 662 contextam.
989 605 1247 661 Tentatio
1271 608 1446 673 enim,
1478 608 1744 663 dixerunt
1776 607 1874 674 illi,
1906 607 1971 662 ad
1999 616 2051 663 te

477 700 661 753 veniet
692 699 746 751 in
780 697 910 758 line.
942 696 1038 751 sed
1072 698 1187 767 ipsa
1218 714 1439 769 quoque
1471 700 1647 755 irrita.

544 786 707 841 LVII.
759 785 900 842 Cum
954 795 1138 841 autem
1186 797 1409 844 sanctus
1448 790 1560 860 jam
1608 790 1677 843 ad
1725 788 2049 860 profundam

470 876 836 947 processisset
854 885 1222 943 senectutem,
1247 888 1305 933 et
1324 880 1432 937 illis
1451 881 1874 936 admirabilibus
1900 882 2053 936 labo-

472 969 634 1024 ribus
660 968 1074 1025 exercitationis
1094 971 1364 1026 evasisset
1390 973 1663 1037 inﬁrmus,
1691 974 1748 1027 in
1772 985 2053 1029 monaste-

472 1061 559 1115 rio
598 1059 806 1116 Antidii
838 1068 1119 1116 exstructa
1171 1062 1409 1126 cellula,’
1440 1064 1553 1118 illic
1585 1079 1645 1120 se
1680 1064 1938 1121 includit.
1995 1064 2051 1122 Si

475 1149 701 1219 quando
721 1159 908 1207 autem
939 1169 1067 1209 eum
1103 1164 1330 1210 vocaret
1358 1169 1596 1227 tempus,
1626 1168 1688 1213 ut
1715 1158 1867 1216 illinc
1899 1175 2055 1231 egre-

480 1242 732 1308 deretur,
774 1245 1050 1301 transibat
1081 1261 1181 1316 per
1218 1249 1364 1303 viam
1406 1251 1720 1320 publicam,
1749 1268 1820 1308 ne
1848 1253 1917 1308 ab
1947 1254 2055 1309 illis

478 1332 704 1403 quidem
735 1335 890 1390 visus
922 1351 1116 1408 magna
1150 1353 1218 1394 ex
1246 1350 1423 1409 parte,
1448 1358 1477 1395 a
1508 1344 1714 1412 quibus
1748 1361 1816 1400 ne
1842 1345 2056 1400 volebat

485 1428 710 1496 quidem
756 1429 983 1483 omnino
1032 1432 1224 1500 aspici.
1265 1432 1471 1498 Quinto
1495 1450 1626 1489 vero
1652 1451 1797 1490 anno
1836 1435 2054 1506 imperii

478 1519 782 1586 Michaelis,
812 1521 908 1591 qui
954 1523 1256 1579 Ecclesiam
1286 1527 1510 1596 regebat
1554 1527 1896 1593 Methodius,
1927 1543 2052 1582 cum

478 1612 659 1683 magni
695 1612 967 1669 Joannicii
1023 1615 1091 1669 ad
1124 1615 1415 1671 Dominum
1442 1633 1725 1673 excessum
1751 1620 2048 1690 praescivis-

477 1712 564 1759 set
596 1705 711 1775 jam
752 1707 1201 1778 apprOpinquare
1223 1750 1238 1774 ,
1278 1710 1344 1765 ad
1378 1726 1505 1765 eum
1540 1713 1724 1774 venit.
1755 1722 1809 1767 ct
1841 1714 2056 1777 ultimas

477 1809 675 1863 preces
715 1796 787 1850 ab
820 1798 1098 1867 eo.petiit.
1135 1800 1230 1854 Ille
1258 1810 1444 1856 autem
1477 1818 1602 1858 cum
1633 1803 1859 1865 maximi
1893 1804 2052 1859 fecis-

480 1896 566 1940 set
616 1888 917 1944 convenire
957 1890 1321 1955 Methodium,
1367 1900 1425 1948 et
1468 1895 1522 1948 in
1564 1894 1788 1965 longum
1841 1907 2055 1966 tempus

448 1992 607 2047 .cum
653 1994 721 2034 eo
770 1981 1123 2050 produxisset
1169 1995 1517 2050 sermonem,
1567 1993 1625 2039 et
1660 1985 1857 2040 deinde
1897 2002 2055 2041 sacro

480 2070 650 2123 coetui
681 2079 739 2124 et
770 2085 966 2126 recens
1004 2073 1181 2127 electo
1216 2072 1366 2143 gregi
1397 2088 1483 2139 ea,
1520 2089 1644 2143 qua:
1681 2076 1747 2129 ad
1794 2076 2053 2145 pietatem

482 2175 624 2229 opus
650 2171 831 2224 erant.
859 2163 1146 2224 suasisset,
1177 2164 1369 2220 dicens
1394 2173 1452 2219 ut
1482 2165 1839 2221 immobiliter
1865 2177 1922 2222 et
1946 2176 2059 2223 sta-

485 2251 676 2305 biliter
701 2262 1092 2320 permanerent
1119 2256 1172 2308 in
1203 2255 1308 2309 fide
1340 2256 1670 2322 orthodoxa,
1691 2270 1870 2326 neque
1892 2265 2057 2313 evero'

487 2350 739 2399 terentur
782 2359 810 2396 a
844 2345 1088 2414 profanis
1116 2346 1349 2400 vocibus
1374 2346 1781 2409 haereticorum,
1821 2358 1878 2403 et
1911 2348 2058 2402 inter

481 2452 542 2491 se
587 2446 985 2492 conservarent
1027 2439 1415 2501 concordiam,
1450 2454 1633 2509 neque
1681 2439 2056 2510 blasphemam

479 2533 539 2581 et
575 2528 895 2584 maledicam
932 2528 1208 2605 ‘linguam
1287 2540 1573 2586 moverent
1618 2529 1672 2585 in
1720 2530 2054 2600 pontiﬁcem,

482 2617 809 2689 subiunxit,
850 2606 997 2690 qubd
1047 2635 1151 2674 nee
1189 2621 1424 2675 multum
1474 2630 1692 2692 tempus
1733 2630 1853 2691 post
1897 2638 2056 2677 suum

483 2708 771 2764 decessum
797 2710 1006 2766 viveret
1036 2710 1365 2778 Methodius,
1402 2727 1510 2782 qua
1540 2712 1759 2782 quidem
1788 2713 1842 2765 in
1868 2727 1926 2768 re
1947 2729 2056 2768 non

485 2799 592 2853 fuit
629 2800 819 2855 falsus.
855 2802 1042 2856 Tertio
1079 2803 1228 2857 enim
1260 2802 1382 2869 die,
1420 2812 1709 2874 postquam
1740 2804 1856 2861 haec
1885 2805 2057 2861 dixis-

482 2898 569 2943 set
640 2894 780 2957 (erat
819 2908 950 2947 vero
996 2896 1195 2950 tertius
1237 2894 1365 2967 Hor.
1397 2897 1648 2970 quartus]
1682 2898 2057 2965 Novembris),

481 2980 544 3035 Ι).
578 2982 902 3038 Joannicius
926 2985 1125 3054 spiritu
1145 2986 1375 3056 quidem
1402 2987 1601 3059 migrat
1622 2990 1689 3043 ad
1720 3005 1871 3053 eum,
1895 3007 2058 3061 quem

483 3073 682 3174 diligit,
705 3076 1028 3132 deductusa
1049 3079 1239 3134 choris
1256 3081 1576 3150 angelorum
1603 3098 1617 3135 :
1648 3097 1853 3150 corpus
1874 3093 2056 3138 autem
2089 3119 2132 3174 ο

487 3164 790 3235 deponitur
832 3168 884 3222 in
921 3171 1127 3226 loculo.
1163 3170 1477 3227 Methodius
1512 3182 1718 3240 autem,
1747 3175 1840 3245 qui
1869 3175 2062 3231 claris-

491 3254 632 3310 sime
659 3257 876 3313 refulsit
908 3259 1056 3314 inter
1078 3262 1451 3330 patriarchas,
1481 3264 1596 3333 ipse
1623 3280 1840 3335 quoque
1870 3275 2065 3321 octavo

487 3361 681 3402 mense
709 3358 835 3417 post
879 3351 1030 3407 illius
1071 3353 1395 3421 decessum,
1437 3357 1671 3413 excessit
1706 3372 1772 3412 ex
1821 3357 1924 3413 hac
1955 3360 2066 3414 vita

482 3447 683 3508 quarto
713 3439 928 3495 decimo
946 3441 1120 3497 Junii.

565 3526 745 3584 LVIII.
780 3530 1040 3596 Quanam
1072 3542 1256 3590 autem
1287 3546 1421 3592 sunt
1451 3552 1538 3603 ea,
1565 3554 1689 3609 qua
1736 3538 1875 3596 facta
1935 3550 2067 3597 sunt

488 3617 551 3671 in
576 3630 754 3675 morte
784 3633 841 3676 et
866 3634 988 3692 post
1012 3635 1248 3680 mortem
1276 3626 1616 3685 admirabilis
1650 3630 1816 3701 hujus
1835 3632 2066 3687 Joanni-

486 3710 563 3766 cii
583 3711 608 3763 Ἰ
632 3711 1035 3770 Dissolutorum
1066 3717 1443 3773 membrorum
1468 3721 1933 3786 conﬁrmationes,
1967 3723 2069 3778 bo-

489 3802 669 3857 mines
703 3804 919 3860 liberati
961 3822 992 3860 a
1035 3808 1289 3879 malignis
1328 3811 1650 3880 spiritibus,
1689 3815 1732 3868 si
1773 3816 1952 3870 solum
1998 3815 2065 3870 ad

487 3905 710 3962 capsam
739 3893 892 3950 illius
918 3897 1304 3957 accessissent.
1331 3899 1533 3967 Quidni
1566 3903 1715 3957 enim
1750 3914 1870 3960 erat
1898 3905 2068 3960 Joan-

491 3984 674 4040 nicius
723 3986 791 4041 iis
833 3987 1003 4043 rebus
1058 3990 1143 4044 vel
1194 4000 1317 4060 post
1365 4003 1599 4048 mortem
1653 3996 2064 4067 glorificandus,

487 4077 650 4146 cujus
674 4077 966 4133 decessum
1005 4080 1261 4136 columna
1302 4082 1443 4153 ignis
1474 4085 1802 4157 signiﬁcavit
1842 4088 1941 4147 iis.
1970 4090 2067 4158 qui

485 4177 650 4222 erant
672 4168 730 4223 in
753 4179 939 4227 monte
958 4170 1227 4243 Olympo?
1252 4189 1414 4244 quem
1437 4189 1842 4247 praecesserunt
1866 4180 2065 4250 angeli,

490 4259 736 4327 paradisi
770 4270 956 4328 portas
986 4264 1038 4317 ei
1071 4266 1406 4333 aperientes,
1438 4275 1494 4320 et
1526 4270 1968 4326 transmittentes
1998 4270 2065 4325 ad

487 4361 651 4412 eam,
686 4364 810 4417 quae
850 4362 934 4407 est
975 4355 1118 4420 illic,
1153 4356 1584 4425 beatitudinem,
1615 4377 1751 4430 pure
1780 4363 2065 4431 apparitu-

2153 520 2298 591 ἁγίῳ
2326 519 2641 590 προείρητο.
2672 517 2986 589 Πειρασμδς
3007 516 3136 587 γάρ.
3168 510 3327 570 εἷπον
3347 517 3565 587 ἐκείνοι,
3587 524 3727 596 πρὸς

2152 614 2218 682 τῇ
2248 610 2471 682 τελευτῇ
2503 608 2857 665 ἐπελεύσεται
2892 624 3000 675 σοι,
3044 607 3164 662 ἀλλ’
3195 608 3282 674 είς
3303 609 3460 664 διενδν
3483 614 3578 669 καὶ
3630 616 3725 671 αύ-

2149 702 2245 766 τδς
2269 703 2643 773 προχωρήσει.

2223 792 2349 845 NZ'.
2372 792 2464 858 Είς
2493 791 2706 862 βαθὺ,δέ
2733 793 2910 864 γῆρας
2938 795 2967 847 6
2988 794 3143 863 ἅγιος
3167 792 3388 857 ἐλάσας,
3417 794 3635 859 καὶτοῖς
3664 795 3723 849 v5-

2157 904 2224 942 πε
2232 888 2458 960 ρφυέσιν
2473 887 2701 954 ἐκείνοις
2713 905 2780 941 πε
2789 889 2842 959 pl
2857 892 2953 958 τὴν
2970 890 3205 958 ἄσκησιν
3223 888 3407 950 πόνοις
3418 887 3584 959 ἠτονη
3593 889 3724 955 κὼςν

2157 980 2311 1051 παρὰ
2334 982 2401 1050 τῇ
2445 978 2750 1052 Δίουμονῂ
2785 979 2997 1034 κελλίον
3018 978 3345 1048 δειμάμενος
3386 980 3502 1032 ἐκεῖ
3534 979 3725 1032 ἑαυτὸν

2155 1070 2489 1125 κατακλείει.
2513 1070 2576 1123 El
2612 1068 2669 1122 δέ
2706 1085 2834 1123 ποτε
2862 1066 3050 1122 τοῦτον
3079 1070 3271 1139 καιρὸς
3327 1067 3568 1134 ἐξελθεῖν
3600 1069 3728 1124 ἑκά-

2153 1156 2280 1222 λει,)
2309 1156 2450 1228 διῄει
2498 1157 2602 1210 ἀνά
2642 1158 2818 1227 μέσην
2852 1157 2952 1226 τὴν
3004 1157 3295 1228 λεωφόρον.
3344 1157 3418 1228 μὴ
3451 1158 3729 1228 ὁρώμενος

2154 1249 2226 1304 τὰ
2257 1251 2429 1304 πολλά
2460 1252 2551 1303 ὑπ’
2576 1251 2823 1315 ἐκείνων,
2853 1250 2944 1318 ὑφ’
2977 1242 3053 1303 ὧν
3090 1249 3311 1309 πάντως
3337 1250 3470 1319 μηδὲ
3492 1249 3727 1321 ὁρᾶσθαι

2156 1342 2432 1413 ἠϐούλετο.
2469 1342 2712 1412 Πέμπτῳ
2758 1341 2813 1395 δὲ
2846 1341 2957 1395 ἔτει
2980 1341 3079 1410 τῆς
3112 1339 3334 1410 Μιχαὴλ
3368 1340 3543 1411 ἀρχῆς
3594 1343 3622 1393 ὁ
3657 1339 3728 1393 τὰ

2156 1435 2256 1502 τῆς
2307 1427 2642 1503 Ἐκκλησίας
2678 1431 2876 1485 ίθύνων
2901 1431 3176 1494 Μεθόδιος,
3219 1430 3320 1499 τὴν
3349 1430 3441 1483 τοῦ
3490 1431 3729 1499 μεγάλου

2158 1523 2294 1595 πρὸς
2320 1523 2520 1593 Κύριον
2555 1522 2690 1592 ὲκδη
2701 1524 2830 1593 μίαν
2865 1522 3190 1590 ἐγγίζουσαν
3211 1523 3312 1593 ἢδη
3340 1523 3727 1592 προεγνωκὼς,

2157 1616 2299 1687 πρὸς
2323 1616 2487 1669 αὐτόν
2513 1633 2572 1669 τε
2591 1617 2734 1684 ἥκει,
2768 1616 2863 1669 καὶ
2891 1617 3019 1687 ταρ⁶
3043 1615 3208 1668 αὐτοῦ
3234 1614 3397 1685 εὐχάς
3424 1615 3523 1678 τᾶς
3551 1616 3737 1671 τελευ-

2155 1709 2313 1771 ταίας
2344 1710 2545 1779 ἐζήτει.
2595 1709 2656 1761 Ὀ
2685 1708 2741 1760 δὲ
2766 1708 2892 1777 περὶ
2913 1706 3117 1768 παντός
3138 1722 3199 1758 τε
3228 1706 3325 1777 τὴν
3350 1707 3442 1760 τοῦ
3464 1706 3729 1762 Μεθοθίου

2162 1799 2538 1869 ποιησάμενος
2581 1795 2842 1860 ἔντευξιν,
2872 1797 2964 1850 καὶ
3009 1795 3109 1862 τὴν
3140 1794 3278 1864 πρὸς
3322 1796 3482 1849 αὐτὸν
3503 1797 3729 1866 ὁμιλίαν

2162 1889 2255 1941 ἐπὶ
2281 1888 2417 1942 πολὺ
2452 1886 2807 1958 παρατείνας.
2842 1880 2964 1938 εἷτα
2996 1883 3074 1955 τῷ
3122 1884 3381 1956 ἱερατικῷ
3415 1902 3474 1939 τε
3508 1884 3731 1955 πληρώ-

2166 1996 2296 2050 ματι
2328 1980 2425 2033 καὶ
2449 1981 2516 2048 τῇ
2550 1977 2814 2045 νεολέκτῳ
2844 1977 3055 2047 ποίμνῃ
3082 1978 3152 2029 τά
3183 1977 3371 2031 δέοντα
3406 1977 3542 2045 πρὸς
3575 1977 3733 2031 εὐσέ-

2164 2072 2318 2123 ϐειαν
2358 2067 2721 2139 παραινέσας,
2787 2069 3206 2137 ἁμετακινήτως
3246 2070 3310 2138 τῇ
3344 2067 3609 2139 ὀρθοδόξῳ
3641 2066 3733 2121 πί·

2163 2178 2277 2215 στει
2311 2162 2409 2214 καὶ
2442 2159 2658 2228 παγίως
2682 2159 2964 2229 ἐμμένειν,
2998 2160 3132 2229 μηδὲ
3161 2162 3280 2223 ταῖς
3304 2160 3409 2213 τῶν
3434 2160 3730 2230 αἱρετικῶν

2165 2251 2617 2323 παρατρέπεσθαι
2654 2252 2906 2322 βεεήλοις
2943 2252 3326 2319 κενοφωνίαις,
3375 2251 3631 2321 ὁμόνοιάν
3668 2267 3729 2304 τε

2166 2343 2301 2413 πρὸς
2350 2342 2613 2412 ἀλλήλους
2670 2341 2960 2411 φυλάττειν
3003 2341 3194 2408 εἰπὼν,
3235 2343 3368 2412 μηδὲ
3410 2342 3733 2413 βλάσφημον

2163 2434 2306 2487 κατὰ
2335 2432 2428 2485 τοῦ
2463 2432 2762 2504 ἀρχιερέως
2813 2432 3065 2500 γλῶσσαν
3121 2435 3327 2486 κινεῖνο
3381 2434 3607 2487 ἐπεῖπεν
3657 2433 3734 2497 ὡς

2162 2525 2316 2580 οὐδὲν
2332 2524 2497 2578 πολύν
2512 2542 2634 2577 τινα
2653 2523 2841 2593 χρόνον
2852 2522 2991 2592 μετὰ
3011 2523 3107 2592 τὴν
3129 2523 3294 2576 αὑτοῦ
3311 2523 3565 2593 τελευτὴν
3579 2527 3606 2578 ὁ
3622 2525 3735 2576 Με-

2165 2616 2339 2680 θὸδιος
2369 2615 2675 2679 ὲπιὸιώσει,
2708 2614 2847 2683 ὅπερ
2877 2614 2997 2668 οὐδὲ
3020 2615 3178 2667 τοῦτο
3204 2613 3433 2683 ἐσφάλη.
3467 2615 3641 2685 Τρίτῃ
3672 2630 3734 2666 τε

2164 2708 2275 2779 γὰρ
2313 2707 2452 2779 μετὰ
2503 2706 2693 2760 τούσδε
2751 2707 2882 2768 τοὺς
2938 2705 3132 2773 λόγους
3162 2705 3345 2776 ἡμέρᾳ
3381 2703 3599 2774 ἠνύετο,
3638 2704 3737 2757 καὶ

2164 2803 2358 2875 τρίτην
2386 2802 2415 2854 ὁ
2467 2799 2777 2870 Νοέμὸριος
2827 2794 2954 2870 ἦγε.
2983 2800 3093 2851 Καὶ
3123 2798 3151 2849 ὁ
3189 2797 3286 2866 μὲν
3319 2796 3463 2859 θεῖος
3505 2794 3744 2849 Ἰωαννί-’

2164 2911 2283 2956 κιος
2331 2894 2410 2964 τῷ
2463 2891 2736 2962 πνεύματι
2775 2890 2900 2960 μὲν,
2939 2889 3072 2961 πρὸς
3101 2889 3160 2943 ὃν
3188 2887 3381 2958 ἠγάπα
3411 2888 3735 2957 μεταφοιτᾷ,

2165 2989 2348 3058 χοροῖς
2401 2985 2651 3054 ἀγγέλων
2718 2982 3243 3053 παραπεμπόμενος,
3301 2997 3378 3050 τῳ
3422 2979 3634 3049 σώματι
3676 2980 3735 3034 δὲ

2168 3074 2313 3145 σορῷ
2340 3076 2716 3129 κατατίθεται.
2750 3072 3009 3136 Μεθόδιος
3051 3071 3107 3125 δὲ
3164 3073 3193 3125 ὁ
3244 3071 3494 3142 λαμπρὸν
3516 3070 3737 3140 λάμψας

2166 3169 2227 3218 ἐν
2284 3166 2676 3236 πατριάρχαις,
2716 3165 2855 3235 μετὰ
2914 3164 3090 3234 μῆνας
3140 3164 3235 3217 καὶ
3256 3156 3411 3228 οὗτος
3448 3164 3593 3218 ὀκτὼ
3635 3164 3739 3235 τῆς

2166 3257 2378 3310 ἐκείνου
2423 3256 2681 3325 τελευτῆς
2719 3253 2959 3321 ansam,
2997 3255 3595 3327 τεσσαρεσκαιδεκάτης
3624 3258 3737 3311 ἔνι·

2160 3366 2270 3403 στα
2279 3351 2449 3420 μένης
2482 3349 2561 3421 τῷ
2589 3348 2820 3419 Ἰουνίῳ.

2238 3525 2372 3582 ΝΗ’.
2405 3522 2541 3579 Τίνα
2567 3525 2700 3594 γοῦν
2723 3524 2794 3579 τά
2815 3524 2959 3579 κατὰ
2982 3523 3080 3596 τήν
3104 3524 3368 3597 τελευτήν
3388 3541 3448 3579 τι
3475 3523 3570 3579 καὶ
3596 3522 3739 3596 μετὰ

2164 3616 2266 3688 τὴν
2324 3617 2583 3688 τελευτὴν
2634 3617 2729 3672 τοῦ
2795 3617 3116 3688 θαυμαστοῦ
3168 3616 3361 3671 τούτου
3404 3614 3736 3673 Ἰωαννικίου

2167 3712 2546 3782 γεγενημένας
2574 3710 2928 3780 Παρειμένων
2958 3708 3278 3781 συσφίγξεις
3303 3709 3503 3779 μελῶν,
3526 3709 3739 3779 ἄνθρω-

2162 3819 2261 3856 ποι
2287 3802 2540 3872 πονηρῶν
2568 3801 3038 3872 ἀπαλλαττόμενοι
3082 3802 3429 3871 πνευμάτων.
3474 3801 3638 3872 μόνον
3683 3801 3735 3853 εἰ

2166 3896 2236 3965 τῇ
2272 3893 2481 3947 ἐκείνου
2535 3892 2681 3963 σορῷ
2717 3892 3092 3963 προσέλθοιεν.
3139 3895 3248 3947 Καὶ
3307 3892 3429 3956 πῶς
3490 3892 3599 3961 γάρ
3633 3891 3738 3944 οὐκ

2168 3984 2395 4054 ἔμελλεν
2432 3984 2766 4048 ’Ῑωαννίκιος
2794 3986 3061 4047 τοιούτοις
3094 3986 3190 4039 καὶ
3224 3984 3365 4053 μετὰ
3386 3983 3618 4039 θάνατον
3649 3984 3739 4036 ἔνο

2162 4076 2514 4146 δοξασθῆναι,
2545 4069 2607 4130 οὖ
2671 4075 2771 4146 τὴν
2801 4076 3072 4146 ἐκδημίαν
3105 4076 3299 4141 στύλος
3330 4077 3504 4147 πυρὸς
3530 4077 3646 4138 τοῖς
3678 4076 3737 4128 ιν

2166 4165 2246 4236 τῷ
2301 4166 2424 4220 κατ’
2456 4167 2738 4236 Ὄλυμπον
2790 4165 2908 4237 ὄρει
2943 4167 3158 4237 ιδήλου,
3202 4161 3268 4223 οὗ
3301 4164 3740 4237 προιπορεύοντο

2169 4258 2390 4327 ἄγγελοι
2440 4259 2616 4322 πύλας
2666 4258 3032 4328 διανοξγοντες
3071 4258 3222 4329 αὐτῷ
3296 4259 3395 4320 τὰς
3424 4257 3520 4310 τοῦ
3558 4271 3741 4327 παρα-

2169 4351 2375 4414 δείσου,
2434 4351 2529 4403 καὶ
2566 4349 2702 4420 πρὸς
2739 4348 2835 4419 τὴν
2888 4349 3100 4403 ἐκεῖθεν
3150 4348 3527 4417 μακαριότητα
3560 4347 3741 4401 διασιο

499 4451 622 4491 rum
644 4447 773 4493 ante
802 4440 998 4496 faciem
1028 4444 1266 4511 Domini,
1292 4456 1348 4501 et
1373 4448 1537 4503 simul
1566 4461 1911 4505 versaturum
1938 4468 2059 4507 cum

2169 4443 2427 4504 Gicovcs;
2472 4442 2726 4513 καθαρῶς
2761 4439 3306 4511 ὲμφανισθησόμενον
3348 4438 3428 4509 τῷ
3457 4439 3740 4512 προσώπῳ

490 4531 758 4600 angelicis
781 4533 1107 4590 ordinibus?
1126 4553 1155 4590 a
1185 4539 1389 4607 quibus
1419 4540 1575 4595 beata
1598 4541 1841 4598 Trinitas
1866 4544 2062 4598 lauda-

490 4626 588 4673 tur
620 4628 677 4674 et
717 4621 1057 4690 gloriﬁcatur
1096 4641 1277 4689 nunc,
1318 4641 1376 4684 et
1408 4630 1464 4685 in
1503 4648 1781 4702 nunquam
1821 4633 2063 4689 desitum

490 4711 691 4765 saecula
723 4715 1069 4770 saeculorum.
1108 4717 1280 4773 Amen
1315 4720 1412 4791 (1).

2171 4534 2401 4602 Κυρίου.
2443 4532 2535 4585 καὶ
2567 4532 2886 4600 άγγελικαῖς
2935 4531 3293 4597 συνεσόμενον
3323 4530 3583 4596 τάξεσινς
3646 4534 3740 4603 ὑφ’

2168 4617 2245 4676 ὧν
2273 4626 2307 4693 ἡ
2361 4625 2611 4694 μακαρίᾳ
2656 4624 2826 4694 Τριὰς
2879 4622 3165 4686 δοξάζεται
3196 4622 3293 4677 καὶ
3352 4623 3737 4694 μιγαλύνεται,

2169 4714 2267 4768 νῦν
2292 4717 2387 4768 καὶ
2417 4715 2494 4778 είς
2528 4717 2654 4778 τοὺς
2695 4715 3091 4785 άτιλευτήτους
3121 4715 3330 4779 αίῶνας
3359 4715 3469 4769 τῶν
3499 4716 3738 4773 αἰώνων.

2184 4811 2381 4882 Ἀμήν.

570 4979 648 5049 (Ι)
684 4979 875 5060 Exstat
917 4981 1256 5060 adauctum
1280 4983 1630 5060 Joannieium
1665 4987 1892 5060 epistola
1922 4988 2045 5054 liti,
2085 4986 2184 5046 lib.
2215 4988 2289 5053 ll,
2326 4989 2449 5044 cod.
2483 4988 2698 5047 Colum.
2743 4988 3019 5047 Theodori
3054 4987 3313 5058 Studitte,
3344 5001 3508 5059 quam
3542 4984 3739 5043 recitat

499 5045 768 5107 Baronius
798 5060 931 5105 tom.
957 5051 1029 5106 IX
1059 5053 1256 5108 Annal.
1290 5069 1380 5109 an.
1414 5055 1538 5111 8&5.
