4066 6372
314 274 384 334 9.2
1488 277 1663 338 VI'I‘A
1709 283 1769 342 ὃ.
1811 285 1906 342 (1‘.
1923 283 2244 347 LAt'ITlUN
2258 292 2344 348 IS.
3495 285 3568 354 94

1767 413 1920 430 d—

1926 419 2360 432 Ἠι-

2403 421 2740 434 -υ--σ

871 563 1122 649 ΒΙΟΣ
1198 560 1394 649 ΚΑΙ
1469 559 2011 652 ΠΟΛΙΤΕΙΑ
2086 571 2282 655 ΚΑΙ
2357 573 2993 661 ΜΑΡΤΥΡΙΟΝ

1552 729 1688 782 ΤΩΝ
1727 730 1930 783 ΑΙἸΩΝ
1962 731 2338 786 ΜΑΡΤΥΡΩΛ

580 875 1797 1012 ΓΑΛΑΚΤΙΩΝΟΣ
1879 879 2178 1012 ΚΑΙ
2258 885 3312 1021 ΕΠΙΣΤΗΜΗΣ.

685 1285 964 1376 VITA
1041 1283 1195 1372 ET
1270 1281 2119 1375 CONVEBSATIO
2199 1285 2346 1372 ET
2437 1285 3178 1381 MARTYRIUM

1655 1449 1756 1508 SS.
1811 1450 2206 1510 MARTYRU.“

491 1617 1764 1783 GALACTIONIS
1867 1623 2116 1773 ET
2238 1623 3368 1786 EPISTEMES.

947 1892 1156 1956 (Latiae
1179 1891 1307 1955 apud
1333 1890 1532 1940 Sunum
1557 1888 1619 1938 ad
1641 1886 1773 1938 diem
1795 1887 1827 1936 ὅ
1846 1885 2167 1951 Novembris;
2191 1892 2360 1941 Graec
2381 1905 2440 1942 es
2465 1895 2574 1944 cod.
2604 1911 2698 1946 ms.
2725 1895 2836 1946 ιιθι
2852 1898 2886 1959 ,)

376 2206 461 2260 A’.
501 2203 616 2274 τῆς
645 2197 881 2273 πρὸςτῷ
931 2196 1152 2268 Λιϐάνῳ
1212 2195 1329 2266 ὄρει
1381 2194 1632 2264 Φοινίκης
1679 2189 1873 2245 πολλαὶ

2048 2190 2085 2247 Ι.
2114 2194 2427 2260 Pltmniciac,
2464 2212 2586 2266 qua:
2616 2207 2703 2254 est
2733 2200 2798 2254 ad
2829 2211 3069 2256 montem
3104 2201 3397 2268 Libanum,
3424 2206 3564 2259 utul-

303 2296 416 2370 μὲν
446 2295 629 2358 πόλεις
658 2293 747 2347 καὶ
770 2293 960 2362 ἕτεραι
993 2289 1312 2360 νοτιιὶηεραι
1347 2288 1441 2342 καὶ
1496 2287 1878 2357 προσάρκτιοι,

301 2388 515 2458 ⁴ταύτης
549 2386 604 2440 δὲ
636 2385 786 2454 καὶὴ
817 2383 926 2437 τῶν
960 2383 1135 2438 ἄλλων
1169 2381 1362 2435 πασῶν
1395 2379 1730 2450 διαφέρουσα
1782 2377 1882 2430 καὶ⁵

300 2481 420 2543 τοῖς
450 2479 696 2550 ἀρκτίοις
719 2477 951 2546 κειμένη
991 2475 1237 2546 μέρεσιν,
1308 2473 1524 2544 Ἐμεσα
1548 2488 1563 2502 ·
1598 2472 1665 2542 ἣν
1725 2473 1882 2538 ἐνεγ-

303 2571 513 2626 κοῦσαν
539 2572 661 2640 ἔσχε
683 2571 776 2622 καὶ
806 2568 1156 2638 θρεψαμένην
1170 2566 1328 2637 ἀνὴρ,
1353 2566 1524 2635 ὄνομα
1547 2563 1880 2632 Κλειτοφῶν,

302 2663 469 2732 γένος
496 2661 763 2730 ἐπίσημος
786 2659 1038 2724 πλοῦτον,
1081 2658 1312 2719 οὐδενὸς.
1341 2657 1452 2708 τῶν
1498 2653 1733 2706 πολιτῶν
1763 2652 1885 2704 δεύ-

301 2769 504 2827 τερος,
555 2754 656 2825 τὴν
719 2753 939 2807 σύνεσιν
993 2751 1171 2820 πολλῷ
1220 2749 1330 2802 τῶν
1374 2747 1550 2803 ἄλλων
1603 2743 1880 2815 ὀξύτερος.

305 2849 498 2917 τούτῳ
555 2848 741 2900 τοίνυν
801 2845 1047 2916 συνῆπτο
1104 2843 1243 2914 γυνὴ
1282 2841 1573 2910 Λευκίππη
1619 2837 1881 2907 τοῦνομα,

306 2939 474 2994 τᾶλλα
501 2938 602 3008 μὲν
633 2936 780 3002 δεξιᾶ
804 2937 930 2999 τοὺς
983 2935 1222 3007 τρόπους
1283 2933 1377 2986 καὶ
1435 2932 1593 3003 ἀνδρὶ
1647 2930 1876 2998 τοιούτῳ

309 3034 689 3103 προσήκουσα,
736 3031 832 3084 καὶ
862 3029 997 3098 μηδὲ
1022 3029 1122 3099 τῆς
1148 3029 1269 3081 κατ’
1297 3028 1422 3098 ὄψιν
1472 3027 1622 3096 ῶρας
1660 3027 1770 3078 τῶν
1826 3025 1886 3078 ὲν

304 3124 482 3194 τούτῳ
510 3123 700 3191 ἄκρων
731 3121 1074 3186 ἐλλείπουσα,
1101 3120 1262 3172 τοῦτο
1289 3118 1344 3172 δὲ
1384 3119 1545 3188 μόνον
1593 3115 1884 3186 στείρωσιν

299 3216 666 3286 δυσ-τυχοῦσα,
698 3216 766 3268 δι’
799 3216 865 3286 ἦν
899 3214 1115 3276 πολλοῖς
1139 3213 1289 3284 παρὰ
1314 3211 1408 3266 τοῦ
1442 3211 1632 3280 ἀνδρὸς
1659 3209 1884 3264 ὀνείδεσι

308 3308 619 3380 βαλλομένη
655 3307 868 3378 ἀθυμίᾳ
924 3306 1234 3376 συνείχετο,
1291 3305 1387 3359 καὶ
1442 3304 1723 3374 φροντίσιν
1769 3305 1887 3358 £7.6-

304 3418 503 3465 πτετο,
537 3399 632 3453 καὶ
663 3399 895 3455 παντοία
940 3395 1011 3471 ἦν
1059 3397 1214 3451 λύσιν
1265 3396 1376 3451 τῶν
1407 3397 1625 3468 δεσμῶν
1679 3396 1888 3449 τούτων

302 3493 662 3564 ἐπιζητοῦσα.

373 3673 452 3727 B'.
495 3668 888 3741 ’Ᾱμφροτέρων
930 3663 1025 3723 οὖν
1053 3667 1121 3724 δι’
1156 3668 1419 3738 αίσχύνης
1450 3667 1510 3720 τὸ
1541 3668 1773 3738 πρᾶγμα
1809 3684 1890 3718 τι-

307 3764 556 3834 θεμένων
602 3763 663 3814 τὸ
717 3758 794 3830 μὴ
834 3758 1041 3814 παίδων
1095 3759 1330 3828 ὀφθῆναι
1393 3759 1678 3829 πατέρας,
1750 3757 1886 3828 μηδέ

307 3869 427 3909 τινα
455 3855 605 3920 ἕξειν
631 3853 691 3917 ὃς
718 3852 812 3906 τοῦ
847 3851 1081 3904 πλούτου
1110 3868 1169 3904 τε
1201 3851 1540 3921 κληρονόμος
1568 3852 1741 3914 ἔσται,
1793 3850 1888 3905 καὶ

307 3948 374 4004 δι’
405 3943 466 4002 οὗ
501 3948 743 4015 τὸγένος
777 3945 938 3999 πάλιν
967 3945 1148 4007 αὐτοῖς
1181 3943 1511 4014 σωθήσεται,
1567 3943 1690 3997 ἐπεὶ
1732 3942 1890 3996 συνέ-

309 4039 464 4093 ϐαινε
494 4039 618 4091 κατ’
655 4039 832 4091 ἐκεῖνο
863 4037 1063 4107 καιροῦ
1098 4036 1195 4090 καὶ
1211 4042 1277 4091 τὰ
1307 4039 1407 4107 τῆς
1434 4035 1885 4107 είδωλολατρείας

313 4130 659 4198 ιπικρατείν,
681 4127 977 4181 Σεκοῦνδον
1003 4127 1060 4182 δέ
1098 4145 1218 4181 τινα
1245 4129 1342 4198 τῆς
1397 4128 1606 4191 πόλεως
1654 4127 1892 4198 Ἐμέσης

311 4223 408 4293 τὴν
438 4223 617 4292 ἀρχὴν
648 4221 1034 4283 πεπίστευται,
1059 4220 1228 4290 ἄνδρα
1258 4219 1498 4289 Ἕλληνα
1521 4220 1618 4290 μὲν
1641 4221 1739 4292 τὴν
1759 4221 1891 4292 θρη-

317 4313 527 4378 σκείαν,
560 4314 662 4381 τὴν
690 4311 749 4365 δὲ
785 4311 1013 4382 γνώμην
1053 4312 1250 4383 κομιδῆ
1282 4311 1580 4383 βάρϐαρον,
1627 4305 1671 4379 ᾧ
1729 4311 1890 4381 ἔργον

314 4399 378 4473 ἦν
411 4404 485 4467 ὡς
512 4401 634 4456 οὐδὲ
661 4403 789 4457 ἄλλο
819 4400 1096 4472 ἐπιμελὲς,
1133 4402 1494 4470 Χριστιανοὺς
1523 4403 1764 4466 ἅπαντας
1798 4403 1892 4456 ὲκ-

312 4493 525 4561 τρεσζααι,
561 4494 658 4545 καὶ
678 4492 778 4560 τὴν
817 4492 1120 4555 εὐσέϐειαν,
1186 4492 1241 4544 εῐ
1280 4509 1366 4556 τις
1407 4491 1658 4563 δύναμις,
1713 4493 1892 4564 ῥίζαις

314 4587 507 4646 αὑταῖς
539 4583 743 4650 ἐξελεῖν
776 4600 790 4615 ⁸
847 4585 969 4637 ἐπεὶ
990 4580 1086 4638 οὖν
1117 4583 1286 4648 οὕτως
1317 4587 1376 4638 ὲν
1427 4585 1658 4656 κινδύνῳ
1687 4584 1756 4639 τὰ
1785 4585 1892 4639 τῶν

313 4677 690 4732 εὐσεϐούντων
722 4673 811 4748 ἦν,
847 4681 990 4749 φυγῇ
1022 4677 1120 4748 τὴν
1147 4679 1424 4749 σωτηρίαν
1471 4677 1702 4740 ἕκαστος
1761 4680 1892 4731 ὲπο-

317 4771 521 4840 ρίζετο.
575 4765 670 4832 Εἷς
701 4769 756 4822 δέ
787 4786 870 4832 τις
898 4771 996 4841 τὴν
1047 4770 1238 4838 κλῆσιν
1267 4771 1582 4840 Ὀνούφριος
1615 4772 1675 4823 τὸ
1707 4771 1892 4841 σχῆμα

1991 2291 2060 2338 ta:
2110 2285 2333 2354 quidem
2390 2295 2520 2341 sunt
2557 2288 2677 2343 ali-.9
2739 2307 2958 2362 quoque
3011 2293 3284 2357 civitates,
3336 2304 3444 2349 tam
3493 2295 3561 2350 ad

1989 2383 2258 2440 austrum,
2283 2391 2446 2446 quam
2474 2381 2541 2432 ad
2573 2383 3012 2450 septentrionem
3054 2401 3066 2437 :
3117 2385 3240 2454 eius
3265 2395 3450 2440 autem
3479 2397 3565 2442 est

1987 2482 2050 2520 ea
2087 2481 2328 2536 quoque,
2377 2486 2498 2539 qua:
2547 2479 2634 2525 est
2659 2473 2891 2526 aliarum
2923 2476 3171 2528 omnium
3225 2477 3563 2545 praestantis-

1987 2561 2146 2624 sima,
2179 2570 2233 2616 et
2283 2561 2348 2615 ad
2412 2573 2596 2634 partes
2656 2565 2759 2619 sita
2823 2565 3090 2631 boreales,
3142 2567 3385 2624 Emesa:
3441 2585 3564 2638 qua:

1986 2651 2210 2720 quidem
2241 2653 2368 2707 tulit
2398 2663 2453 2708 et
2486 2655 2620 2709 aluit
2652 2658 2830 2710 virum
2867 2658 3092 2712 nomine
3123 2657 3559 2729 Clitophontem,

1987 2758 2186 2811 genere
2217 2743 2508 2813 insignem,
2543 2747 2753 2802 divitiis
2787 2748 2920 2802 nulli
2947 2749 3150 2802 civium
3199 2749 3512 2805 interiorem
3541 2790 3558 2817 .

1989 2834 2501 2908 intelligentiaaliis
2546 2837 2707 2909 longe
2761 2841 3091 2895 acutiorem.
3155 2841 3217 2894 Ei
3263 2843 3562 2911 conjuncta

1987 2937 2106 2982 erat
2134 2943 2270 2982 uxor
2298 2929 2519 2985 nomine
2560 2929 2856 3002 Leucippe,
2893 2932 3099 3002 alioqui
3145 2933 3365 3002 quidem
3400 2934 3562 2989 bonis

1989 3018 2257 3084 moribus,
2286 3028 2340 3074 et
2367 3021 2459 3075 tali
2486 3021 2682 3076 marito
2714 3025 3074 3086 conveniens,
3107 3034 3161 3077 et
3190 3041 3258 3078 ne
3291 3025 3555 3095 pulcher-

1991 3110 2146 3164 rimis
2175 3109 2398 3180 quidem
2429 3112 2631 3168 cedens
2673 3112 2848 3168 forma
2887 3115 3137 3184 corporis
3168 3133 3180 3168 τ
3218 3131 3328 3170 uno
3371 3129 3558 3172 autem

1993 3199 2096 3255 hoc
2126 3201 2243 3256 solo
2281 3211 2400 3257 erat
2450 3202 2661 3268 infelix,
2706 3202 2852 3273 quod
2897 3213 3039 3258 esset
3076 3206 3300 3260 sterilis.
3353 3207 3467 3272 Qua
3493 3207 3563 3263 dc

1991 3311 2156 3351 causa
2203 3312 2330 3352 cum
2375 3297 2562 3351 multis
2615 3296 2831 3367 probris
2874 3313 2905 3351 a
2941 3300 3138 3351 marito
3188 3308 3563 3368 appeteretur,

1991 3405 2185 3458 magna
2252 3388 2671 3459 opprimebatur
2723 3388 2894 3443 animi
2940 3390 3289 3460 wgritudine,
3317 3402 3372 3445 et
3415 3393 3566 3449 curis

1992 3484 2314 3548 vexabatur,
2344 3491 2400 3537 et
2447 3482 2584 3536 nihil
2615 3498 2727 3538 non
2778 3481 3130 3550 moliebatur,
3161 3484 3392 3554 cupiens
3425 3485 3564 3542 solvi

1991 3575 2060 3629 ab
2083 3574 2169 3628 his
2192 3574 2447 3629 vinculis.

2059 3668 2125 3723 ll.
2160 3667 2296 3723 Cum
2328 3667 2489 3724 ambo
2517 3682 2648 3739 ergo
2682 3665 2786 3721 hoc
2805 3665 2909 3721 sibi
2947 3667 3155 3737 probro
3201 3669 3470 3724 ducerent
3512 3676 3570 3724 et

1991 3758 2271 3824 dedecori,
2299 3760 2443 3829 quod
2471 3775 2575 3813 non
2600 3768 2787 3814 essent
2816 3769 3072 3829 parentes
3095 3759 3354 3823 ﬁliorum,
3385 3772 3567 3830 neque

1995 3852 2161 3906 ullum
2181 3861 2366 3907 essent
2388 3851 2627 3905 habituri
2659 3851 2931 3906 haeredem
2961 3866 3186 3906 suarum
3219 3851 3562 3918 facultatum,

1991 3959 2092 4013 per
2147 3959 2309 4014 quem
2345 3959 2518 4014 genus
2556 3957 2752 3996 rursus
2803 3943 2888 3996 eis
2932 3952 3379 4002 conservaretur,
3428 3956 3566 4010 quo.

1995 4039 2142 4093 uiam
2181 4037 2458 4094 acciderat
2493 4048 2552 4092 ut
2585 4038 2678 4093 illo
2708 4046 2960 4106 tempore
2990 4035 3146 4091 valde.
3202 4035 3569 4089 invalesceret

1992 4134 2175 4189 cultus
2208 4133 2654 4196 simulacrorum,
2689 4139 2745 4186 et
2788 4129 3003 4185 cuidam
3049 4126 3305 4189 Secundo
3325 4127 3568 4184 civitatis

1996 4226 2201 4282 Emesa:
2236 4224 2404 4278 rectio
2429 4223 2890 4283 committeretur,
2923 4220 3112 4290 gentili
3154 4220 3376 4289 quidem
3431 4218 3568 4274 reli-

1994 4321 2176 4392 gione,
2211 4319 2395 4372 animo
2423 4324 2606 4370 autem
2641 4315 2800 4385 plane
2836 4313 3099 4376 barbaro,
3129 4313 3216 4368 cui
3252 4311 3392 4366 nihil
3417 4310 3566 4366 aliud

1995 4422 2114 4467 erat
2139 4424 2302 4472 curse,
2337 4408 2438 4461 nisi
2466 4421 2657 4461 omnes
2685 4415 2932 4460 evertere
2960 4405 3324 4464 Christianos.
3360 4414 3411 4459 et
3442 4404 3558 4472 pie-

1999 4512 2160 4558 tatem
2200 4515 2299 4571 pro
2349 4499 2555 4553 viribus
2587 4497 2880 4552 excindere
2926 4496 3196 4550 radicitus
3231 4511 3246 4548 :
3281 4496 3568 4565 quoniam,

1997 4597 2240 4665 inquam.
2273 4608 2359 4648 res
2385 4592 2600 4662 piorum
2633 4590 2686 4644 in
2716 4599 2867 4644 tanto
2901 4589 3267 4644 versabantur
3295 4588 3566 4657 periculo.

1999 4685 2373 4756 unusquisque
2405 4684 2529 4754 fuga
2578 4682 2682 4737 sibi
2707 4682 2940 4736 salutem
2991 4682 3365 4750 comparabat.
3417 4681 3570 4735 Unus

1995 4795 2160 4842 vero,
2192 4779 2415 4832 nomine
2469 4774 2758 4839 Onul‘rius,
2795 4773 2988 4827 habitu
3026 4772 3352 4832 monachus,
3404 4771 3572 4826 mori-

317 4865 582 4932 μοναχδς,
613 4863 703 4916 τὸν
730 4863 933 4933 τρόπον
979 4864 1184 4932 ἀγαθὸς
1211 4864 1307 4918 καὶ
1338 4863 1618 4934 φιλόθεος,
1674 4864 1736 4916 τὸ
1793 4865 1887 4934 μὲν

1999 4870 2103 4924 bus
2132 4869 2308 4923 bonus
2334 4876 2390 4921 et
2418 4865 2726 4936 religiosus,
2761 4863 2987 4918 omnino
3014 4863 3240 4932 quidem
3277 4859 3564 4924 recedere,

313 4957 671 5008 παντάπασιν
717 4957 1034 5027 ἒκχωρῆσαι
1085 4955 1180 5011 καὶ
1228 4957 1553 5010 καταλιπεῖν
1605 4958 1664 5010 ὲν
1713 4957 1890 5028 καιρῷ

314 5044 544 5115 τοιούτῳ
574 5044 674 5097 καὶ
698 5043 839 5116 ζάλῃ
861 5045 957 5109 τὰς
976 5045 1084 5098 τῶν
1114 5044 1524 5116 ἀσθενεστέρων
1556 5047 1890 5102 κινδυνεύειν

315 5138 519 5208 ψυχὰς,
546 5137 648 5190 οὐκ
680 5137 824 5202 ἔγνω
852 5136 1139 5206 θεοφιλοῦς
1161 5139 1355 5210 ἀνδρὸς
1393 5135 1556 5208 εἶναι,
1603 5140 1700 5194 καὶ
1744 5141 1892 5209 ἅπαξ

320 5230 514 5283 ἑαυτὸν
539 5230 619 5298 τῷ
653 5229 800 5300 χορῷ
825 5229 934 5283 τῶν
956 5230 1216 5284 τοιούτων
1249 5231 1662 5302 ὲγγρὰψαντοςο
1693 5233 1755 5287 οὐ
1785 5235 1894 5305 μὴν

321 5325 454 5377 ἀλλὰ
487 5323 667 5376 καὶτὸ
701 5323 1194 5394 παρρησιάσασθαι
1218 5324 1322 5393 τὴν
1345 5325 1634 5380 εὐσέϐειαν
1664 5329 1758 5381 καὶ
1777 5329 1892 5390 τοῖς

324 5419 587 5480 κινδύνοις
627 5419 822 5472 ἑαυτὸν
846 5418 1104 5490 ἐμϐαλεῖν
1127 5417 1228 5471 οὐκ
1259 5420 1550 5489 ἄμεμπτον
1578 5414 1716 5474 εἶναι
1745 5419 1894 5473 δοκι-

327 5514 528 5580 μέσας,
568 5512 693 5564 οὐδὲ
717 5512 828 5564 τῶν
877 5511 1059 5581 νόμων
1116 5511 1216 5580 τῆς
1276 5511 1561 5576 εὐσεϐείας
1609 5513 1892 5583 ἐχόμενον,

324 5603 484 5671 μέσος
514 5602 738 5674 ἐχώρειο
771 5603 866 5656 καὶ
913 5601 1172 5675 κρύπτων
1218 5603 1413 5656 ἑαυτὸν
1471 5603 1658 5673 ἐσθῆτι
1701 5603 1895 5677 λευκῇ,

317 5698 384 5764 ἦν
419 5700 511 5750 ἐπὶ
546 5701 655 5760 τοῖς
681 5699 1006 5767 μοναχικνιίς
1042 5695 1310 5760 ἐνεδύετο,
1372 5697 1604 5768 μοναχὸς
1641 5693 1708 5770 ἦν
1758 5699 1892 5769 ἀλη-

1993 4972 2049 5016 et
2089 4959 2142 5014 in
2185 4958 2276 5013 tali
2311 4967 2558 5026 tempore
2597 4971 2661 5010 ac
2687 4962 3017 5025 tempestate
3062 4953 3382 5023 relinquere
3419 4953 3567 5022 peri-

1993 5055 2246 5109 clitantes
2306 5049 2516 5104 animas
2558 5045 2990 5107 inbecilliorum.
3045 5044 3240 5100 statuit
3287 5059 3396 5097 non
3447 5056 3570 5098 esse

1996 5144 2098 5200 viri
2130 5144 2226 5214 pii,
2263 5152 2320 5200 et
2347 5143 2466 5213 ejus
2502 5140 2596 5210 qui
2637 5155 2696 5194 se
2747 5139 3003 5208 ascripsit
3031 5137 3204 5190 choro
3239 5132 3572 5200 eorum,qui

1995 5247 2125 5294 sunt
2156 5233 2448 5307 ejusmodi.
2479 5231 2682 5287 Verum
2712 5231 3000 5286 enimvero
3029 5243 3155 5282 cum
3189 5225 3361 5280 lihere
3385 5221 3569 5291 eloqui

1996 5331 2281 5400 pietatem,
2313 5336 2370 5384 et
2405 5326 2460 5382 in
2507 5324 2752 5397 pericula
2803 5324 3045 5390 seipsum
3080 5318 3376 5388 conjicere,
3425 5315 3572 5385 judi-

1996 5427 2175 5475 casset
2206 5434 2317 5473 non
2343 5431 2463 5473 esse
2503 5415 2742 5470 alienum
2785 5427 2817 5466 a
2872 5406 3330 5478 reprehensione,
3393 5420 3572 5474 neque

1997 5521 2426 5569 consentaneum
2463 5507 2676 5577 legibus
2705 5517 2847 5558 verte
2876 5498 3178 5570 religionis.
3203 5498 3426 5554 tenebat
3454 5513 3571 5553 me-

1998 5605 2150 5660 dium
2183 5621 2198 5657 :
2242 5608 2300 5658 et
2339 5599 2461 5655 alba
2489 5605 2638 5651 veste
2684 5601 2985 5663 contegens
3039 5590 3420 5654 monasticam,
3451 5596 3573 5644 erat

2001 5697 2185 5752 animo
2221 5707 2346 5746 vero
2395 5685 2717 5750 monachus,
2759 5693 2816 5739 et
2873 5698 2936 5736 ca
2987 5680 3302 5746 exercebat,
3359 5697 3481 5746 qua:
3518 5680 3570 5733 ei
3611 5687 3618 5696 ‘
