4060 6374
510 309 585 377 95
1731 309 2015 370 MENSIS
2045 309 2482 372 NOVEMBER.
3689 313 3762 376 96

512 433 639 486 vita:
660 427 1087 491 conveniebant,
1122 435 1178 481 et
1208 425 1281 480 ita
1306 424 1504 480 callide
1532 424 1792 482 eludebat
1840 423 2084 496 impieta-

2201 421 2299 487 θῶς
2328 424 2425 493 τὴν
2452 424 2701 495 γνώμην,
2731 424 2825 478 καὶ
2869 425 2938 478 τά
2990 422 3093 496 βίῳ
3139 424 3492 496 προσήκοντα
3532 424 3765 502 τοιούτῳ

515 532 651 578 tem.
710 521 898 590 itaque
930 526 1162 587 propter
1205 517 1466 589 pietatem
1501 526 1881 590 paupertatem
1910 516 2086 574 simu-

513 612 656 679 lans,
684 619 805 666 erat
837 608 1120 665 mendicus
1157 608 1522 676 voluntarius,
1561 618 1620 665 et
1663 607 1859 664 domos
1883 607 2086 663 obiens

515 701 590 756 ob
622 714 782 756 usum
834 715 1022 756 rerum
1069 699 1526 765 necessariarum,
1556 700 1672 772 ipse
1713 701 1879 758 dabat
1899 702 2083 773 potius

516 806 734 862 panem,
770 792 865 862 qui
896 800 1078 862 potest
1112 791 1440 848 conﬁrmare
1467 794 1700 858 animos.
1729 809 1828 850 eos
1852 793 1908 850 in
1946 810 2089 865 quos

516 882 807 948 inciderat,
835 883 1113 940 instruens
1138 883 1492 941 sermonibus
1519 883 1758 955 pietatis.
1803 892 1861 941 et
1885 885 2089 942 adhor-

520 984 641 1031 tans
665 975 854 1047 fugere
877 990 976 1045 pro
1006 975 1218 1032 viribus
1239 976 1307 1033 ab
1338 976 1425 1045 iis,
1458 978 1553 1048 qui
1587 993 1645 1034 se
1674 978 1868 1049 procul
1891 994 1921 1033 a
1950 978 2063 1035 vlta

520 1076 835 1132 removent,
904 1077 962 1123 et
997 1076 1258 1139 separant
1282 1084 1315 1124 a
1346 1069 1632 1126 Creatore.

586 1242 677 1297 Hl.
701 1240 837 1297 Cum
867 1257 1000 1315 ergo
1028 1243 1324 1315 aliquando
1358 1246 1681 1303 accessisset
1703 1246 1772 1303 ad
1802 1247 1950 1307 aedes
1975 1247 2090 1306 Cli-

521 1333 828 1404 topliontis,
858 1335 1087 1407 petebat
1114 1335 1462 1401 alimentum,
1514 1352 1715 1395 manus
1756 1340 2088 1407 extendens,

2194 515 2528 587 μετῄει,καὶ
2568 515 2712 570 οὕτω
2766 515 3154 587 κατεσοφίζετο
3187 514 3287 588 τὴν
3339 515 3616 605 ἀσέϐειαν.
3672 517 3765 582 Εἰς

2200 606 2476 677 πρόφασιν
2522 606 2616 661 οὖν
2673 605 2961 671 εὐσεϐείας
3003 607 3105 677 τὴν
3167 607 3361 662 πενίαν
3422 608 3765 681 ὑποκριθεὶς,

2190 696 2496 769 προσαίτης
2517 692 2584 769 ἦν
2614 697 2949 762 ἐθελούσιος,
3003 699 3099 753 καὶ
3147 698 3248 761 τὰς
3297 698 3478 763 οἰκίας
3538 700 3767 770 περιιὼν

2190 787 2336 841 κατά
2381 788 2574 858 χρείαν
2628 788 2739 842 τῶν
2785 789 3103 857 ἀναγκαίων
3158 790 3321 855 αὐτὸς
3378 791 3541 861 ἄρτον
3595 791 3766 846 ἐδίδου

2197 877 2409 953 μᾶλλον.
2425 878 2525 941 τὰς
2549 877 2727 949 ψυχὰς
2755 879 3035 951 στηρίζειν
3063 879 3384 950 δυνάμενον,
3408 879 3605 947 λόγους
3630 880 3769 935 61:1-

2207 969 2430 1040 λείφων,
2466 966 2547 1037 οἷς
2579 971 2929 1043 ἐντύχοι,τῆς
2953 973 3255 1041 εὐσεϐείας,
3285 972 3381 1027 καλ⁸
3406 971 3769 1041 φεύγειν,δση

2193 1061 2447 1133 δύναμις,
2476 1064 2764 1135 παραινῶν
2788 1066 2896 1121 ἀπο
2929 1064 3035 1119 τῶν
3061 1064 3283 1136 μακρὰν
3311 1063 3612 1119 ποιούντων
3640 1066 3768 1118 ἐσιυ⁸

2193 1154 2320 1218 τοὺς
2348 1157 2447 1225 τῆς
2479 1156 2648 1226 ζωῆς,
2671 1157 2766 1211 καὶ
2801 1157 3151 1228 χωριζόντων
3181 1155 3280 1210 τοῦ
3308 1157 3646 1220 ιιλάσαντος.

2269 1246 2349 1305 1".
2378 1245 2681 1318 Παρελθὼν
2705 1245 2804 1301 οὖν
2844 1263 2978 1299 ποτε
3006 1246 3102 1301 καὶ
3127 1246 3222 1300 ἐπὶ
3247 1246 3346 1316 τὴν
3389 1247 3487 1300 τοῦ
3544 1246 3769 1303 Κλειτο-

2196 1335 2406 1407 φῶντος
2436 1337 2634 1405 οίκίαν,
2664 1336 2783 1409 ᾔτει
2809 1336 2878 1390 τὰ
2912 1336 3051 1406 πρὸς
3081 1335 3319 1408 τραφὴν,
3341 1336 3531 1407 χεῖράς
3552 1354 3612 1389 τε
3638 1352 3771 1408 προ-

521 1435 580 1481 ct
610 1440 774 1481 voces
797 1426 1076 1491 emittens,
1120 1442 1243 1496 qua:
1283 1436 1504 1498 possent
1531 1429 1791 1486 inducere
1846 1430 2092 1487 animum

2201 1427 2393 1482 τείνων
2437 1430 2536 1482 καὶ
2582 1428 2771 1497 φωνὰς
2810 1428 2993 1498 ἀφιεὶς
3051 1427 3355 1497 ἐπάγεσθαι
3406 1428 3584 1499 ψυχὴν
3635 1432 3773 1503 πρὸς

523 1516 593 1570 ad
635 1516 1093 1572 misericordiam.
1141 1518 1359 1576 Accidit
1414 1534 1620 1585 autem,
1675 1528 1735 1575 ut
1776 1530 1905 1576 tunc
1947 1530 2093 1577 esset

2201 1522 2349 1576 ἔλεον
2380 1519 2712 1591 δυναμένας.
2749 1521 2952 1590 Ἔτυχε
3002 1520 3060 1574 δέ
3098 1521 3222 1575 τότε
3277 1521 3378 1591 τὴν
3440 1521 3769 1593 Λευκίππην

524 1606 801 1677 Leucippe
844 1607 1195 1674 conturbata,
1268 1617 1325 1663 et
1377 1610 1537 1679 plena
1609 1610 1851 1677 tristitia,
1905 1619 2095 1682 utpote

2201 1612 2713 1683 διατεταραγμένην
2741 1610 2882 1665 εἶναι
2914 1612 3013 1666 καὶ
3059 1610 3239 1683 λύπης
3283 1612 3510 1686 μεστὴν,
3561 1614 3657 1671 ἅτε
3705 1612 3773 1685 δὴ

524 1697 673 1767 quod
734 1697 965 1755 maritus
1020 1699 1071 1755 ei
1120 1700 1507 1771 exprobrasset
1565 1701 1931 1760 sterilitatem.
1957 1703 2093 1759 Cum

2201 1703 2353 1774 παρά
2378 1700 2472 1757 τοῦ
2502 1701 2698 1773 saepe;
2725 1700 2903 1773 ὀνείδη
2939 1700 3030 1757 διὰ
3056 1702 3157 1771 τὴν
3216 1702 3505 1772 στείρωσιν
3545 1700 3775 1773 θπομεί-

524 1805 658 1860 ergo
703 1789 963 1857 Onul‘rio,
997 1791 1091 1861 qui
1147 1791 1439 1848 videbatur
1494 1794 1790 1859 molestus,
1837 1793 2096 1865 iussisset

2201 1812 2392 1852 νασαν.
2414 1794 2504 1857 Ὠς
2524 1792 2701 1848 τοίνυν
2721 1792 2937 1865 όχληρῷ
2968 1798 3188 1861 φανέντι
3219 1792 3295 1862 τῷ
3311 1793 3633 1864 Ὀνουφρίῳ,
3652 1797 3776 1847 ἐπι-

524 1881 739 1936 oecludi
764 1881 909 1937 fores
930 1899 946 1937 :
970 1882 1060 1938 ille
1083 1892 1291 1949 autem,
1330 1893 1393 1940 ut
1420 1886 1517 1955 qui
1548 1885 1726 1941 nibilo
1753 1887 1935 1957 magis
1989 1887 2095 1942 sei-

2201 1884 2513 1955 κλεισθῆναι
2559 1884 2661 1948 τὰς
2700 1882 2878 1953 θύρας
2899 1882 3076 1954 τούτῳ
3105 1883 3448 1954 προστάττει.
3497 1884 3559 1938 '0
3593 1883 3649 1938 δέ
3679 1884 3774 1937 οὕ-

526 1976 634 2033 ret,
657 1967 789 2037 quid
815 1969 1003 2034 vellet,
1036 1978 1094 2026 ct
1117 1971 1265 2042 quod
1291 1974 1615 2030 accessisset
1635 1974 1818 2045 potius
1843 1975 2094 2041 daturus,

2201 1975 2284 2029 δέν
2320 1972 2524 2044 μᾶλλον
2553 1974 2723 2039 ἀνίει,
2751 1972 2910 2036 εἰδὼς
2930 1971 2959 2025 δ
2995 1971 3269 2043 βούλεται,
3316 1972 3413 2027 καὶ
3445 1971 3529 2026 ὅτι
3581 1971 3775 2026 δώσων

524 2073 686 2127 quam
713 2070 1058 2130 accepturus,
1090 2071 1379 2133 propterea
1408 2064 1646 2120 instabat
1679 2074 1893 2136 petens,
1915 2068 2096 2122 donec

2201 2064 2361 2129 αὐτὸς
2411 2064 2612 2135 μᾶλλον
2654 2063 2691 2133 ἢ
2737 2062 3045 2134 ληψόμενος
3096 2062 3481 2134 παραγένοιτο,
3538 2062 3635 2118 καὶ
3685 2064 3776 2117 διὰ

524 2160 752 2221 prepter
791 2152 932 2209 hanc
960 2152 1289 2210 laudabilem
1326 2156 1724 2227 impudentiam
1757 2157 1861 2213 fuit
1901 2173 2094 2215 accer-

2201 2158 2353 2212 τοῦτο
2393 2154 2635 2211 ἐπαιτῶν
2705 2154 2945 2209 ἐνέκειτο
2975 2192 2994 2220 ,
3055 2154 3162 2219 ἕως
3203 2155 3293 2211 διά
3333 2155 3432 2225 τὴν
3481 2156 3775 2227 ἐπαινετὴν

523 2240 683 2308 situs,
715 2254 772 2299 et
822 2243 1057 2315 benigne
1110 2255 1389 2317 acceptus.
1435 2247 1597 2304 Motis
1623 2264 1755 2320 ergo
1808 2250 1992 2305 verbis
2041 2259 2099 2307 et

2201 2249 2402 2319 ταύτην
2458 2248 2735 2303 ἀναίδειαν
2798 2248 2895 2302 καὶ
2945 2247 3269 2319 εἰσεκλήθη,
3316 2248 3414 2302 καὶ
3464 2246 3529 2318 δὴ
3588 2247 3773 2315 δεξιᾶς

523 2350 778 2395 sermone
834 2338 1126 2404 producto,
1165 2337 1234 2392 de
1293 2354 1353 2394 se
1393 2338 1617 2409 quidem
1672 2341 1915 2396 narravit
1948 2340 2097 2396 Leu-

525 2425 706 2495 cippe,
738 2425 885 2495 quod
919 2442 1107 2481 manca
1135 2436 1282 2482 esset
1314 2428 1365 2483 ei
1392 2428 1610 2492 matrix,
1634 2437 1691 2483 et
1730 2429 1874 2500 quod
1913 2431 2098 2487 nullus

526 2516 666 2571 deus
715 2526 860 2573 esset
914 2517 1172 2574 inventus
1227 2534 1402 2589 usque
1453 2520 1508 2575 in
1544 2520 1872 2577 hodiernum
1923 2522 2094 2590 diem,

526 2611 619 2677 qui
652 2623 772 2663 eam
810 2616 994 2678 posset
1021 2609 1266 2664 relaxare
1295 2610 1364 2665 ab
1391 2611 1459 2666 iis
1488 2610 1746 2679 vinculis,
1774 2623 1831 2669 et
1858 2614 2097 2671 liberare

526 2718 557 2755 a
591 2699 865 2756 dedecore
913 2700 1152 2755 ﬁliorum
1190 2702 1468 2773 egestatis.
1501 2702 1608 2759 Sed
1644 2706 1863 2770 merito,
1919 2706 2101 2778 inquit

527 2791 813 2856 Onufrius,
846 2808 955 2847 non
1009 2808 1069 2849 es
1140 2803 1454 2859 consecuta,
1512 2796 1657 2867 quod
1694 2797 1943 2867 petebas,
1976 2813 2099 2869 quae

530 2884 667 2940 tales
693 2884 914 2940 voluisti
943 2883 1223 2956 adjutores
1247 2883 1452 2940 habere
1474 2885 1800 2941 sterilitatis.
1840 2887 1974 2942 Nam
2001 2887 2098 2959 qui

529 2974 635 3046 ipsi
657 2984 1022 3030 exercuerunt
1046 2985 1212 3044 opera
1263 2976 1424 3046 plena
1460 2976 1664 3046 probro
1710 2986 1766 3033 et
1804 2978 2096 3045 dedecore,

529 3067 809 3137 quomodo
839 3074 1067 3138 possent
1103 3068 1206 3138 ipsi
1236 3065 1372 3124 alios
1442 3084 1474 3123 a
1524 3068 1794 3125 dedecore
1819 3066 2100 3128 liberare?
2124 3097 2167 3155 ο

529 3156 638 3213 Sed
672 3157 718 3212 si
763 3173 911 3213 nunc
936 3157 1184 3223 audiens,
1230 3167 1287 3214 et
1346 3173 1536 3213 verum
1566 3157 1735 3215 Deum
1766 3160 1903 3216 velis
1933 3176 2100 3232 agno-

530 3264 710 3315 scere,
739 3248 841 3320 qui
870 3257 1067 3305 cuncta
1100 3256 1298 3320 potest,
1334 3247 1546 3305 videbis
1578 3266 1686 3305 non
1713 3249 1779 3306 ad
1842 3260 1893 3307 te
1927 3253 2097 3308 solam

530 3341 854 3397 redeuntem
920 3340 1236 3396 utilitatem.
1290 3340 1432 3408 Quin
1490 3342 1655 3399 etiam
1704 3352 1856 3397 tuum
1923 3360 2096 3415 genus

531 3430 742 3501 poteris
821 3430 1036 3488 amcere
1116 3431 1405 3500 beneﬂcio,
1486 3446 1740 3505 tanquam
1809 3438 2098 3506 quamdam

533 3522 910 3578 bmreditatem
967 3522 1035 3578 ad
1080 3538 1176 3580 eos
1253 3525 1636 3582 transmittens
1704 3542 1891 3582 veram
1972 3529 2103 3584 reli-

532 3613 773 3683 gionem.
822 3614 1097 3687 Leucippe
1155 3616 1241 3673 bis
1290 3616 1588 3673 adhibebat
1647 3619 1913 3684 animum,
1958 3628 2014 3675 et
2042 3636 2102 3675 se

536 3715 795 3774 tanquam
821 3706 1021 3764 bonam
1053 3718 1255 3764 terram
1286 3708 1567 3780 prmbebat
1622 3711 1917 3767 verborum
1951 3712 2102 3787 illius

535 3799 859 3856 seminibus.

597 4069 687 4126 Ν.
714 4069 814 4126 liic
867 4078 1050 4126 autem
1096 4070 1180 4125 vir
1207 4070 1428 4128 divinus
1478 4071 1718 4142 primum
1760 4069 1983 4143 quidem
2011 4082 2105 4129 ex-

2199 2338 2358 2409 ἐτυχε
2380 2338 2478 2407 τῆς
2504 2336 2932 2407 φιλοφροσύνης.
2962 2336 3153 2405 Λόγων
3186 2335 3281 2390 οὖν
3311 2336 3644 2411 κινηθέντων
3682 2339 3777 2391 καὶ

2195 2428 2297 2499 τῆς
2329 2428 2549 2498 ὁμιλίας
2587 2426 2730 2482 οὕτω
2749 2428 3157 2500 παραταθείσης
3186 2428 3424 2499 διηγεῖτο
3449 2429 3547 2499 μὲν
3574 2433 3608 2500 ἡ
3635 2431 3779 2485 Λευ-

2199 2518 2378 2590 κίππη
2426 2520 2493 2573 τὰ
2527 2519 2649 2575 καθ’
2679 2520 2903 2591 ἑαυτὴν,
2926 2521 3023 2575 καὶ
3053 2520 3129 2585 ὡς
3159 2522 3488 2590 πεπήρωται
3535 2522 3673 2593 αὐτῇ
3708 2522 3779 2577 τὰ

2200 2609 2303 2681 τῆς
2336 2613 2548 2683 μήτρας
2572 2653 2588 2677 ,
2622 2613 2715 2665 καὶ
2756 2611 2832 2675 ὡς
2863 2611 3038 2676 οὐδεὶς
3075 2612 3330 2685 εὑρεθείη
3361 2612 3499 2666 θεῶν
3521 2613 3647 2685 ἄχρι
3682 2614 3780 2667 καὶ

2200 2704 2447 2776 τήμερον
2478 2704 2588 2757 τῶν
2639 2704 2858 2775 δεσμῶν
2908 2705 3117 2758 τούτων
3172 2704 3379 2759 ἀνεῖναι
3431 2706 3627 2773 αὐτὴν,
3683 2707 3781 2761 καὶ

2200 2794 2297 2849 τοῦ
2340 2796 2442 2867 τῆς
2483 2797 2741 2862 ἀτεκνίας
2786 2798 3007 2868 αῐβχους
3064 2796 3373 2863 ἀπαλλάξαι
3428 2798 3778 2869 βουλόμενος,

2212 2883 2355 2940 Ἀλλ’
2383 2888 2632 2953 εἰκότως,
2669 2888 2871 2961 ἔφησεν
2902 2892 2930 2943 ὁ
2962 2887 3299 2958 Ὀνούφριος,
3330 2889 3483 2945 οὐδέν
3527 2890 3784 2946 ἀπέλαυ-

2204 2997 2302 3042 ea;
2350 2980 2448 3049 τῆς
2498 2980 2760 3051 σπουδῆς,
2819 2981 3050 3053 βοηθοὺς
3093 2982 3373 3044 τοιούτους
3433 2982 3780 3053 αἰτησαμένη

2198 3068 2384 3123 λαϐεῖν
2419 3071 2517 3141 τῆς
2558 3071 2919 3143 στειρώσεως.
2942 3066 3043 3136 Οἷς
3074 3071 3181 3143 γάρ
3215 3071 3477 3143 αἰσχύνης
3502 3072 3637 3143 ἔργα
3659 3076 3784 3127 ἐπι-

2199 3160 2541 3229 τετήδευται,
2595 3161 2715 3224 πῶς
2762 3163 2828 3216 ἂν
2889 3161 3150 3233 αἰσχύνης
3216 3157 3361 3217 οὗτοι
3413 3164 3782 3219 ἀπαλλάττειν

2201 3249 2422 3320 ἐτέρους
2452 3248 2738 3317 δύναιντος
2777 3250 2916 3305 Ἀλλ’
2965 3251 3019 3305 εἰ
3076 3268 3170 3321 μοι
3221 3250 3554 3322 πειθομένην
3597 3252 3782 3321 παρά-

2202 3354 2337 3411 σχῃς
2376 3340 2603 3412 σαυτὴν,
2625 3339 2719 3396 καὶ
2739 3340 2871 3394 Θεὸν
2886 3339 3183 3411 ἐπιγνῶναι
3204 3340 3294 3393 τὸν
3313 3338 3486 3412 ἀληθῆ
3507 3338 3779 3409 βουληθῇς

2202 3427 2260 3492 ὃς
2283 3430 2505 3486 δύναται
2557 3434 2650 3487 καὶ
2689 3434 2754 3488 ἐκ
2781 3431 2945 3487 λίθων
2983 3432 3194 3502 ἐγεῖραι
3214 3431 3398 3497 τέκνα,
3457 3432 3553 3485 καὶ
3600 3427 3783 3499 δεσμά

2203 3523 2549 3596 στειρώσεως
2574 3523 2857 3589 διαλῦσαι,
2895 3523 2997 3576 οὐκ
3022 3524 3103 3586 εἰς
3130 3522 3189 3576 σέ
3215 3522 3384 3593 μόνην
3414 3521 3481 3575 τὰ
3513 3520 3609 3591 τῆς
3633 3520 3787 3588 ὠφε-

2201 3618 2355 3683 λείας
2399 3617 2521 3688 δψει
2554 3616 2982 3689 περιερχόμενα,
3008 3614 3146 3670 ἀλλὰ
3169 3615 3265 3669 καὶ
3303 3613 3365 3666 τὸ
3426 3614 3584 3682 γένος
3633 3616 3786 3680 ἔξεις

2203 3708 2543 3779 εὐεργετεῖν,
2572 3703 2651 3770 ὣς
2679 3721 2801 3759 τινα
2860 3706 3062 3777 κλῆρον
3098 3707 3179 3769 εἰς
3226 3704 3427 3768 αὐτοὺς
3485 3706 3789 3775 παραπέμ-

2202 3810 2381 3852 πουσα
2406 3797 2504 3869 τὴν
2534 3787 2842 3851 εὐσέϐειανξ
2884 3795 3111 3862 Τούτοις
3141 3797 3172 3865 ἡ
3198 3795 3495 3866 Λευκίππη
3519 3797 3786 3865 προσεῖχε

2201 3887 2296 3943 τδν
2327 3887 2473 3954 νοῦν,
2500 3888 2591 3943 καὶ
2617 3886 2692 3950 ὥς
2726 3905 2850 3942 τινα
2879 3887 2984 3957 γῆν
3007 3885 3222 3958 ἀγαθὴν
3260 3888 3487 3957 παρεῖχε
3527 3888 3638 3949 τοῖς
3670 3888 3788 3941 τῶν

2202 3980 2379 4046 λόγων
2408 3981 2620 4035 ἐκείνου
2654 3980 2995 4050 σπέρμασιν.
3801 4042 3810 4049 .

2275 4070 2349 4126 A'.
2402 4071 2460 4127 '0
2494 4072 2549 4125 δέ
2580 4088 2645 4141 γε
2675 4071 2818 4136 θεῖος
2864 4066 3020 4136 οὗτος
3068 4069 3208 4142 ἀνὴρ
3244 4071 3436 4142 πρῶτα
3490 4071 3590 4140 μὲν
3636 4071 3784 4143 αὐτῇ

535 4158 694 4214 δείδω
711 4158 998 4216 Trinitatis
1014 4159 1255 4217 divinam
1287 4161 1595 4218 introduxit
1622 4162 1673 4219 ei
1698 4163 2063 4236 cognitionem
2087 4180 2099 4231 ;

2204 4161 2304 4230 τὴν
2345 4161 2449 4233 τῆς
2523 4161 2735 4234 ὑψηλῆς
2808 4160 3041 4233 Τριάδος
3087 4165 3363 4233 εἰσηγεῖτο
3413 4161 3785 4228 θεογνωτίαν·

537 4250 737 4305 deinde
778 4267 896 4307 eam
930 4260 1017 4307 est
1067 4253 1392 4309 adhortatus
1420 4254 1489 4308 ad
1539 4255 1781 4310 studium
1813 4257 2099 4311 virtutum.

2206 4253 2400 4307 ἔπειτα
2440 4252 2495 4306 δὲ
2520 4253 2654 4323 πρὸς
2679 4252 2776 4325 τὴν
2804 4253 2912 4307 τῶν
2939 4250 3149 4325 ἀρετῶν
3181 4250 3502 4322 ἐπιμέλειαν
3528 4250 3788 4321 παρεκά-

537 4341 743 4396 Deinde
765 4358 884 4397 eam
915 4343 1103 4398 docuit
1127 4346 1610 4402 sanctificationem
1634 4362 1755 4416 quae
1779 4346 2013 4401 eliieitur
2038 4361 2099 4401 ex

2206 4346 2310 4401 λει·
2342 4348 2434 4401 ἐπὶ
2470 4349 2682 4411 τούτοις
2710 4349 2797 4402 καὶ
2846 4348 2937 4401 τὸν
2970 4350 3032 4401 ἐκ
3056 4346 3150 4400 τοῦ
3179 4344 3553 4414 σωτηριώδους
3585 4336 3797 4413 βαπτί-¹

538 4433 761 4486 salutari
825 4434 1145 4503 baptismate
1193 4453 1208 4491 :
1259 4450 1357 4505 per
1413 4435 1559 4505 quod
1623 4437 1731 4491 erit
1779 4436 2099 4507 cxpurgatio

2208 4456 2411 4509 σματος
2447 4440 2720 4510 ἀγιασμὺν
2744 4439 3077 4504 ἀνεδίδασκε,
3111 4432 3271 4491 δι’Ὸῦ
3318 4436 3475 4490 ἔσται
3520 4437 3616 4490 καὶ
3665 4437 3788 4493 τῶν

540 4522 784 4592 priurum
829 4522 1391 4591 inquiuamentorum.
1440 4523 1695 4579 Ostendit
1742 4535 1924 4579 autem
1951 4525 2099 4579 habi-

2209 4532 2500 4602 προτέρων
2523 4531 2659 4602 αὐτῇ
2691 4529 2984 4600 μολυσμῶν
3042 4528 3336 4607 κάθαρσις.
3393 4527 3670 4594 ’Υπέδειξε
3717 4529 3789 4585 δέ

542 4618 655 4664 tum
685 4625 901 4679 quoque
923 4614 1306 4672 monasticum.
1327 4628 1438 4683 quo
1462 4623 1580 4669 erat
1608 4613 1829 4683 quidem
1856 4614 2099 4680 indutus.

2208 4623 2304 4677 καί
2330 4623 2392 4675 τὸ
2412 4623 2522 4676 τῶν
2589 4622 2838 4694 μοναχῶν
2891 4621 3152 4692 σχῆμα,δ
3203 4620 3592 4692 περιεϐέϐλητο
3652 4621 3786 4692 μὲν,

541 4702 638 4757 sed
672 4717 798 4757 eum
828 4703 1069 4773 tegebat,
1106 4704 1393 4760 declinans
1427 4705 1690 4761 insultum
1740 4706 2099 4776 malignorum

2209 4714 2534 4782 ὑπέκρυπτε
2567 4712 2625 4765 δέ
2658 4712 2767 4767 τῶν
2802 4711 3058 4784 πονηρῶν
3091 4710 3358 4767 ἐκκλίνων
3400 4709 3651 4781 θηρατῶν
3678 4709 3787 4782 τὴν

539 4805 885 4859 venatorum,
914 4804 971 4849 et
1005 4795 1152 4865 quod
1184 4797 1505 4852 accessisset
1537 4807 1759 4867 prepter
1786 4798 1906 4867 ejus
1957 4798 2099 4852 salu-

2209 4806 2491 4871 ἐπίθεσιν,
2532 4807 2626 4861 καὶ
2658 4804 2735 4870 ὡς
2764 4806 2858 4859 ἐπὶ
2880 4807 2947 4877 τῇ
2980 4804 3150 4876 αὐτῆς
3176 4804 3544 4877 παραγένοιτο
3600 4820 3789 4875 σωτηο

542 4896 674 4950 tem,
735 4885 999 4941 simulans
1042 4894 1231 4956 petere
1283 4888 1706 4959 eleemosynam.
1756 4886 1846 4942 Illa
1876 4905 2009 4944 vero
2039 4888 2099 4943 ad

2213 4897 2330 4967 ρίᾳ,
2394 4896 2498 4968 τὴν
2548 4896 2643 4950 τοῦ
2695 4896 2847 4949 ἐλέου
2896 4893 3290 4968 προσποιηθεὶς
3344 4896 3580 4967 αἰτησιν.
3620 4892 3787 4946 ’11δέ

540 4978 659 5032 haec
691 4977 972 5046 respondit
1013 4994 1027 5031 :
1080 4976 1292 5042 Timeo,
1349 4978 1544 5048 inquit.
1615 4993 1682 5033 ne
1733 4979 2018 5034 inciderint
2055 4980 2099 5033 in

2212 4988 2354 5057 πρὸς
2388 4989 2562 5042 ταῦτα
2587 4988 2739 5042 δυσὶν
2773 4987 3177 5057 ἐναντιώμασιν
3219 4987 3422 5056 ἔφησεν
3478 4971 3831 5049 δεδοικέναι’

543 5070 654 5123 duo
682 5070 976 5124 contraria.
1017 5069 1197 5124 Unum
1235 5068 1483 5138 quidem,
1514 5070 1658 5138 quod
1712 5070 1779 5123 iis
1822 5070 1914 5139 qui
1968 5073 2099 5123 hanc

2216 5078 2559 5144 περιπεσεῖν,
2585 5072 2667 5128 ἐνὶ
2700 5074 2801 5146 μέν
2834 5074 2917 5127 ὅτι
2940 5077 3051 5138 τοῖς
3074 5073 3246 5137 οὕτως
3274 5073 3461 5145 έχουσι
3520 5072 3784 5138 πίστεως,

544 5160 748 5214 habent
790 5162 976 5220 ﬁdem.
1033 5171 1087 5216 et
1121 5161 1470 5231 appellantur
1524 5160 1847 5226 Christiani,
1903 5175 2099 5230 magna

2212 5164 2308 5217 καὶ
2334 5164 2433 5235 τὴν
2462 5166 2835 5235 προσηγορίαν
2867 5163 3213 5234 Χριστιανοῖς
3239 5165 3473 5234 μεγάλαι
3498 5162 3595 5232 μὲν
3627 5160 3790 5231 παρὰ

542 5251 763 5319 quidem
806 5251 1164 5306 intenduntur
1188 5252 1350 5305 mina:
1382 5251 1450 5304 ab
1477 5265 1565 5313 eo,
1617 5250 1708 5319 qui
1737 5264 1884 5304 nunc
1924 5264 2099 5304 rerum

2209 5253 2305 5306 τοῦ
2344 5253 2439 5308 νῦν
2472 5254 2800 5325 κρατοῦντος
2827 5256 2881 5307 αἰ
2906 5253 3151 5319 ἀπειλαὶ,
3189 5254 3466 5324 δεινότερα
3490 5251 3546 5304 δέ
3587 5251 3656 5305 τὰ
3690 5251 3786 5304 ἐπ’

543 5342 795 5409 petitur:
852 5342 1101 5413 graviora
1157 5350 1341 5396 autem
1396 5349 1548 5405 sunt,
1604 5354 1728 5409 quae
1788 5354 1882 5394 eas
1914 5353 2110 5394 consc-

542 5441 811 5498 qunntur,
864 5433 1153 5503 supplicia.
1209 5432 1462 5487 Alterum
1516 5444 1673 5495 vero,
1729 5431 1876 5499 quod
1925 5430 1971 5485 si
2007 5444 2110 5499 ego

546 5532 815 5578 transeam
844 5525 909 5579 ad
939 5527 1222 5596 pietatem,
1259 5535 1317 5582 et
1364 5525 1615 5582 recedam
1647 5540 1677 5580 a
1709 5524 1950 5580 decretis
1997 5539 2112 5578 ma-

545 5612 744 5681 iorum,
770 5613 815 5669 si
848 5616 942 5683 qui
976 5632 1188 5673 meeum
1214 5618 1518 5680 cohabitat.
1554 5633 1660 5672 non
1689 5616 1922 5671 subierit
1959 5632 2109 5670 eam-

551 5702 673 5754 dem
730 5705 1109 5772 mutationem,
1178 5708 1271 5762 sed
1328 5709 1587 5780 deinceps
1653 5715 1912 5777 sequatur
1967 5722 2109 5771 eam.

2212 5342 2397 5403 αὐτοῖς
2429 5341 2784 5412 κολαστήρια,
2820 5340 2994 5412 ἑτέρῳ
3016 5340 3070 5394 δὲ
3100 5342 3206 5407 ὅτι,
3254 5339 3389 5410 ἐμοῦ
3420 5337 3782 5410 μεταχωροῦ-

2214 5446 2317 5501 σης
2337 5431 2476 5502 πρὸς
2502 5431 2604 5503 τὴν
2634 5431 2918 5485 εὐσέεειαν
2962 5433 3058 5486 καὶ
3105 5430 3452 5504 προγονικῶν
3488 5430 3783 5503 δογμάτων

2213 5523 2616 5594 ἀφισταμένης,
2643 5526 2690 5577 εἰ
2722 5524 2796 5595 μὴ
2824 5523 2918 5577 καὶ
2951 5524 3042 5577 τὸν
3103 5522 3456 5577 συνοικοῦντα
3506 5522 3614 5588 ἐξω
3673 5522 3779 5587 τὴν

2216 5618 2341 5686 ίσην
2381 5615 2693 5669 ὑποστάντα
2730 5613 3055 5684 μεταεολὴν,
3091 5612 3206 5667 ἀλλ’
3240 5606 3309 5683 ἧς
3349 5610 3461 5681 εχει
3506 5611 3600 5664 νῦν
3640 5608 3779 5679 θρη-

2217 5707 2402 5771 σκεὲας
2435 5707 2530 5763 καὶ
2563 5708 2639 5771 εἰς
2675 5707 2730 5761 τὸ
2781 5707 2904 5777 ἑξῆς
2932 5708 3207 5778 ἒχδίιενθνο
3242 5703 3357 5769 πῶς
3398 5703 3460 5757 ἂν
3509 5701 3565 5755 ἓν
3590 5699 3681 5755 καὶ
3717 5700 3783 5750 τδ
