4066 6372
308 342 377 403 9'.’
852 369 857 374 λ
1510 327 1689 387 YlTA
1726 326 1788 387 S.
1830 325 2341 392 GALACTIONIS
3488 332 3560 394 93

310 449 447 504 αὑτὸ
475 444 969 517 συμφρονήσαιμεν
993 440 1042 494 ei
1067 441 1161 493 καὶ
1194 438 1251 493 ἐν
1276 433 1418 494 εἶναι
1450 438 1780 509 ὀφείλοντες,
1821 439 1897 509 τῷ

2002 457 2164 511 quam
2203 457 2349 497 nunc
2378 450 2525 497 tenet
2561 441 2900 513 religionem,
2950 439 3227 511 quomodo
3256 438 3311 497 in
3346 456 3457 496 uno
3509 447 3569 495 et

310 540 561 612 μεγίστῲ
601 537 666 608 μέ
674 553 756 606 ρει
783 532 1158 607 διῃρημένοις
1178 530 1352 586 Τοῦτό
1388 548 1481 602 μοι
1510 530 1671 584 λύσον
1708 528 1899 585 διαπο-

314 631 607 703 ρούμενον,
637 628 731 682 καὶ
756 625 887 698 περὶ
914 624 1021 678 τῶν
1044 623 1220 680 ἀλλων
1241 622 1538 696 ἀφροντιδα
1566 621 1776 694 θήσεις.

388 894 470 952 E’.
503 893 563 945 Ὀ
591 890 668 957 δὲ,
699 888 873 943 πολλᾶ
902 904 959 941 τε
990 884 1123 941 ἄλλα
1155 885 1349 949 εἰπὼν,
1376 883 1470 938 καὶ
1496 883 1755 955 προσθεὶς
1808 883 1900 939 δτι

314 986 432 1042 Καὶ
464 989 494 1041 ὁ
518 985 654 1056 ἀνὴρ
687 983 816 1037 ὅσον
842 979 996 1034 οὔπω
1024 978 1164 1050 πρὸς
1188 979 1248 1030 τὸ
1274 977 1407 1035 αὐτό
1437 995 1521 1033 σοι
1546 978 1713 1041 σέϐας
1739 994 1902 1048 μετα.

312 1078 673 1151 ϐληθήσεται,
702 1074 962 1128 τοσοῦτον
990 1071 1115 1142 ἔσχε
1156 1071 1494 1140 πειθομένην
1524 1069 1699 1139 αὐτὴν
1751 1065 1897 1123 ὥστε

312 1170 418 1222 καὶ
446 1170 565 1231 ταῖς
611 1162 993 1237 θεραπαινίσιν
1043 1160 1215 1233 αὐτὴν
1259 1160 1591 1224 ἐπιτάττειν,
1638 1161 1777 1230 ὅπερ
1832 1158 1901 1213 ἂν

310 1258 483 1316 αὑτὸς
518 1256 667 1325 λέγοι
712 1254 911 1309 ποιεῖν.
954 1251 1089 1307 Ἕνα
1121 1250 1413 1327 τοιγαροῦν
1439 1250 1548 1306 τῶν
1589 1249 1766 1303 πίθων
1804 1250 1901 1304 ati-

308 1350 411 1404 τοῦ
471 1369 575 1404 που
618 1349 770 1421 παρὰ
811 1347 893 1419 τῷ
946 1347 1115 1418 κήπῳ
1155 1347 1514 1416 τυγχάνοντα,
1577 1344 1899 1417 Ὀνουφρίου

307 1442 693 1506 κελεύσαντος,
726 1439 922 1501 ὓδατος
946 1439 1155 1492 ἐκεῖναι
1188 1437 1512 1508 πληροῦσιν,
1550 1429 1700 1505 ἐφ’ᾧ
1731 1452 1904 1507 κατη·

307 1532 546 1605 χηθεῖσα
572 1531 847 1602 πρότερον
878 1531 911 1600 ὴ
946 1528 1263 1597 Λευκίππη,
1292 1527 1388 1579 καὶ
1425 1526 1538 1579 τῶν
1580 1526 1757 1582 ἀλλων
1799 1527 1902 1581 ὅσα

308 1625 475 1696 θέμις
531 1623 885 1695 Χριστιανοῖς
944 1619 1039 1675 ὑπ’
1096 1619 1265 1673 αὑτοῦ
1326 1617 1721 1684 τελεσθέντων,
1777 1614 1902 1672 εἷτα

307 1720 410 1771 καὶ
460 1716 554 1770 τοῦ
607 1716 755 1769 θείου
814 1713 1201 1786 βαπτίσματος
1263 1710 1533 1780 ἀξιοῦται.
1597 1710 1795 1782 Ὀλίγῳ
1844 1710 1901 1764 δέ

2000 534 2191 588 eodem
2230 532 2698 599 consenserimus,
2751 533 2848 603 qui
2896 531 3161 588 debemus
3198 546 3320 588 esse
3373 546 3566 594 unum.

1999 641 2121 680 cum
2154 624 2327 679 si-nus
2365 625 2601 679 maxima
2632 632 2786 694 parte
2817 624 3022 679 divisi?
3050 623 3203 680 lianc
3240 624 3377 679 mihi
3420 625 3570 680 solve

1999 715 2427 781 dubitationem,
2467 724 2524 770 et
2553 729 2639 771 me
2675 714 2936 770 liberabis
2988 714 3058 770 ab
3093 703 3349 770 aliarum-
3384 732 3567 771 rerum

1999 805 2393 862 sollicitudine.

2076 896 2141 953 ν.
2181 895 2276 951 ille
2314 907 2499 951 autem
2536 911 2660 951 cum
2690 904 2746 951 et
2768 897 2937 951 multa
2967 896 3073 951 alia
3098 896 3347 963 dixisset,
3373 907 3429 952 ct
3471 898 3571 952 ad-

1996 987 2267 1058 iecisset:
2323 988 2474 1042 Tuus
2523 1002 2746 1058 quoque
2775 987 3007 1042 maritus
3046 1003 3170 1043 mox
3217 996 3575 1043 convertetur

2002 1077 2067 1132 ad
2102 1076 2348 1133 eamdem
2383 1078 2724 1148 religionem,
2746 1077 2797 1132 ei
2829 1077 2969 1132 adeo
3012 1078 3215 1147 paruit,
3259 1087 3317 1132 ut
3359 1077 3574 1132 ancillis

2002 1184 2220 1240 quoque
2251 1168 2435 1224 statim
2469 1170 2716 1239 jusserit,
2776 1179 2838 1223 ut
2863 1167 3110 1223 facerent
3155 1169 3303 1238 quod
3339 1168 3456 1238 ipse
3493 1168 3577 1221 di-

2002 1267 2175 1315 ceret.
2207 1259 2343 1316 Cum
2382 1276 2550 1315 unum
2576 1275 2709 1332 ergo
2738 1275 2804 1316 ex
2845 1259 3027 1327 doliis,
3066 1275 3187 1330 qua:
3219 1259 3420 1314 alicubi
3468 1260 3578 1315 illic

2002 1359 2160 1406 erant
2188 1351 2242 1406 in
2275 1351 2459 1414 horto,
2488 1352 2562 1407 ita
2601 1352 2830 1424 jubente
2882 1351 3135 1417 Onufrio,
3169 1351 3273 1407 illa:
3305 1367 3446 1422 aqua
3474 1351 3577 1405 im-

2002 1440 2264 1512 plessent,
2325 1442 2661 1496 catecbismo
2712 1444 2870 1513 prius
2957 1442 3213 1498 instituta
3272 1441 3575 1512 Leucippo,

2003 1532 2127 1587 aliis
2149 1548 2368 1605 quoque
2399 1533 2468 1588 ab
2501 1550 2568 1589 eo
2603 1533 2781 1599 factis,
2819 1551 2941 1606 qua:
2966 1535 3104 1593 ﬁunt
3125 1535 3192 1591 de
3222 1551 3379 1591 more
3412 1534 3577 1590 Chri-

2004 1622 2217 1687 stianis,
2266 1623 2515 1681 divinum
2575 1625 2908 1696 baptismum
2963 1625 3347 1696 consequitur.
3408 1625 3577 1681 Paulo

2013 1724 2138 1787 post
2207 1727 2393 1772 autem
2460 1716 2610 1772 illine
2653 1717 2875 1787 quidem
2930 1719 3156 1774 recessit
3201 1716 3484 1782 Onufrius,
3527 1720 3578 1774 ei

309 1809 544 1880 ὕστερον
586 1808 801 1863 ἐκεῖθεν
868 1806 968 1877 μέν
1015 1807 1046 1860 ὁ
1112 1805 1431 1875 Ὀνο-Σφριες
1495 1803 1894 1875 ἀπηλλάττετο,

2004 1806 2299 1878 diligenter
2352 1809 2700 1880 pnecipiens,
2746 1820 2807 1864 ut
2830 1808 2993 1864 ﬁdem
3046 1818 3295 1865 servaret
3320 1818 3376 1864 et
3413 1808 3577 1863 Chrio

309 1901 488 1955 πολλά
511 1901 647 1971 αὐτῇ
678 1898 1063 1968 ἐντειλάμενος
1095 1897 1232 1967 πρός
1265 1914 1323 1950 τε
1355 1897 1605 1967 φυλακὴν
1650 1897 1891 1961 πίστεως

310 1995 413 2047 καὶ
461 1994 570 2045 τῶν
594 1990 691 2046 τοῦ
720 1989 963 2062 Χριστοῦ
995 1987 1250 2042 ἐντολῶν·
1283 1989 1317 2057 ἡ
1341 1988 1636 2059 Λευκίππη
1663 1986 1740 2051 δέ,
1791 1989 1887 2043 καὶ

310 2088 495 2139 νοτεῖν
538 2084 892 2154 σκηψαμένη,
936 2080 1224 2146 ἰδιάζουσά
1249 2098 1350 2133 που
1378 2080 1647 2151 ἐτύγχανε
1672 2080 1769 2150 τὴν
1794 2079 1889 2134 τοῦ

306 2178 509 2248 ἀνδρὸς
560 2179 835 2246 ιρεύγουσα
886 2174 1208 2227 κοινωνίαν·
1272 2171 1397 2226 οὐδὲ
1453 2170 1564 2243 γὰρ
1628 2171 1889 2242 ἠβούλετο

313 2268 643 2339 ἀγνισθεῖσα
670 2269 768 2338 ἢδη
793 2266 877 2337 τῷ
911 2265 1209 2336 πνεύματι,
1240 2265 1339 2319 καὶ
1384 2262 1444 2318 τὸ
1481 2263 1629 2316 θεῖον
1663 2262 1889 2334 λουτρὸν

309 2361 609 2431 δεξιῇ-θη,
642 2360 773 2427 sta»,
788 2375 901 2420 νοις
934 2355 1164 2428 μολῦναι
1195 2355 1355 2408 τοῦτο
1379 2353 1475 2407 τοῦ
1506 2352 1702 2423 ἀνδρὸς
1728 2369 1888 2409 συνε..

309 2453 587 2508 λεύσεσιν.
623 2450 883 2522 Ἦμερῶν
911 2449 968 2504 δὲ
991 2447 1413 2519 διαγενομένων,
1438 2446 1656 2515 ἐπέγνω
1687 2444 1887 2515 ἑαυτὴν

310 2544 459 2597 κχτά
486 2541 718 2614 γαστρὸς
751 2541 1004 2610 ἔχουσαν,
1033 2538 1061 2591 ὃ
1096 2540 1190 2594 καὶ
1223 2536 1302 2609 τῷ
1330 2537 1700 2606 Κλειτοφῶντι
1729 2536 1887 2607 δῆλον

308 2636 415 2689 οὐκ
449 2636 531 2697 εἰς
571 2634 790 2704 μακρὰν
841 2633 1072 2700 γίνεται.
1102 2629 1215 2685 Καὶ
1296 2624 1472 2696 οὗτος,
1522 2629 1736 2697 ἀγνοῶν
1791 2627 1891 2700 τὴν

310 2726 600 2799 ἀλήθειαν,
627 2723 744 2778 Νῦν
776 2741 866 2794 μοι
900 2722 1105 2787 ἔοικας,
1136 2719 1263 2790 ἐφη,
1294 2720 1479 2789 γύναι,
1518 2723 1633 2782 τοῖς
1673 2719 1883 2774 ἀθανά-

311 2834 428 2881 τοις
461 2817 836 2887 εὐαρεστῆσαι
869 2814 1037 2881 θεοῖς,
1077 2814 1171 2867 καὶ
1191 2812 1281 2867 διὰ
1312 2812 1474 2867 τοῦτο
1499 2820 1596 2868 καὶ
1630 2812 1889 2885 προνοίας

315 2911 443 2982 ἀρτι
482 2908 587 2978 τῆς
618 2907 753 2979 παρ’
786 2909 968 2962 αὐτῶν
992 2906 1120 2972 ἀξία
1150 2906 1446 2978 κατέστης.
1481 2907 1544 2960 Ἡ
1580 2906 1659 2971 δὲ,
1692 2906 1890 2977 μικρὸν

310 3004 637 3075 ἐπισχοῦσα,
668 3003 761 3074 Μή
786 3020 876 3073 μοι
906 3000 1086 3066 θεοὺς,
1136 3002 1289 3072 ἆνερ,
1331 3000 1605 3070 ὀνόμαζε,
1654 3000 1781 3072 ἐφη·
1825 3001 1886 3054 οὐ

2003 1897 2072 1952 sti
2106 1909 2399 1969 praecepta.
2425 1898 2700 1970 Leucippe
2723 1910 2908 1955 autem
2936 1899 3148 1972 ﬁngens
3192 1915 3251 1955 se
3285 1914 3575 1971 a-groutre,

2002 2003 2115 2047 erat
2143 2002 2414 2064 separata,
2449 1991 2663 2062 fugiens
2712 1993 2895 2050 mariti
2938 1993 3412 2048 consuetudinem.
3471 1992 3580 2046 Ne-

2003 2093 2111 2149 que
2135 2081 2282 2135 enim
2312 2078 2552 2143 volebat,
2583 2095 2708 2135 cum
2731 2081 2843 2151 jam
2885 2081 3352 2165 essetpuriiicata
3377 2080 3574 2151 spiritu

2002 2179 2058 2223 et
2079 2168 2325 2227 divinum
2379 2170 2681 2243 accepisset
2708 2171 3012 2240 lavacrum,
3055 2172 3109 2227 id
3147 2173 3392 2243 polluere
3419 2173 3573 2227 incc-

2003 2259 2105 2315 stis
2122 2259 2302 2315 mariti
2334 2262 2838 2337 congressionibus.
2883 2263 3021 2318 Cum
3086 2273 3269 2318 autem
3322 2265 3439 2318 dies
3472 2266 3571 2317 all-

2003 2360 2138 2422 quot
2164 2354 2588 2423 przeteriissent,
2648 2356 2872 2425 agnovit
2924 2369 2982 2410 se
3021 2365 3178 2410 utero
3235 2355 3574 2424 concepisse.

1999 2442 2149 2514 quod
2166 2445 2330 2500 etiam
2348 2446 2508 2515 paulo
2519 2455 2638 2516 post
2656 2445 2841 2501 evadit
2858 2446 3208 2500 manifestum
3221 2444 3581 2517 Clitophomi.

1996 2535 2094 2591 Ille
2127 2544 2309 2590 autem
2342 2536 2599 2607 ignorans
2629 2536 2912 2592 veritatem
2958 2535 3153 2592 :Nunc
3182 2536 3342 2601 mihi,
3376 2536 3577 2606 inquit,

1998 2628 2227 2697 videris,
2256 2645 2290 2685 ο
2343 2646 2500 2695 uxor,
2539 2631 2812 2701 placuisse
2867 2631 2975 2689 diis
3036 2632 3440 2689 immortalibus
3473 2649 3490 2689 :
3524 2642 3599 2689 et.

2005 2732 2296 2793 propterea
2333 2723 2494 2794 digna
2519 2724 2865 2795 esjudicata,
2898 2727 3058 2800 cujus
3079 2742 3267 2784 curam
3301 2734 3581 2800 gererent.

2004 2816 2100 2871 Illa
2123 2832 2257 2871 vero
2288 2832 2412 2871 cum
2448 2832 2507 2872 se
2535 2833 2737 2888 parum
2780 2820 3101 2877 retinuisset
3133 2822 3250 2878 :Ne
3298 2823 3456 2889 mihi,
3497 2826 3583 2886 in-

2005 2908 2147 2979 quit,
2190 2907 2327 2964 deos
2387 2909 2663 2976 nomines,
2696 2926 2729 2966 o
2768 2911 2986 2978 marite,
3039 2913 3168 2969 nolo
3233 2915 3419 2985 enim;
3482 2919 3581 2975 sed

2002 2998 2178 3054 Deum
2203 3014 2398 3067 unum,
2435 3000 2529 3071 qui
2562 3010 2647 3056 est
2666 3001 2910 3057 universi
2933 3003 3198 3061 Dominus
3227 3015 3284 3063 et
3325 3007 3579 3078 eﬂ‘ector,

314 3094 581 3171 βούλομαι
616 3093 728 3165 γὰρ
748 3132 768 3161 ,
797 3092 934 3147 ἀλλά
961 3089 1091 3145 Θεὸν
1121 3092 1217 3146 ἕνα
1233 3091 1325 3145 τὸν
1351 3089 1445 3145 τοῦ
1465 3093 1664 3157 παντὸς
1683 3094 1885 3166 Κύριόν

2002 3090 2099 3161 qui
2130 3091 2207 3147 tui
2229 3100 2287 3147 et
2319 3092 2494 3148 nostri
2523 3107 2711 3150 curam
2730 3095 2894 3165 gerit,
2915 3097 3012 3166 qui
3055 3112 3166 3157 non
3191 3099 3368 3158 solum
3394 3110 3577 3172 potest

312 3200 372 3238 τε
409 3188 505 3237 καὶ
535 3182 792 3254 ποιητὴν,
816 3182 874 3246 ὃς
900 3181 998 3234 σοῦ
1018 3200 1076 3236 τε
1103 3185 1200 3235 καί
1230 3181 1391 3253 ἡμῶν
1421 3182 1722 3253 κηδόμενός
1755 3185 1893 3255 ἐστι,

314 3275 417 3325 zz".
462 3272 762 3344 δὐνίὲιμενος
791 3275 852 3326 οὑ
880 3273 1169 3345 στείρωσιν
1211 3275 1381 3345 μόνην
1422 3273 1599 3342 λθειν,
1628 3274 1763 3329 ἀλλὰ
1801 3276 1898 3332 καὶ

316 3366 504 3419 πεῖ-ιτα
538 3366 638 3418 ὅσα
671 3365 869 3433 ἐκείνῳ
905 3364 1126 3436 θέλησις
1178 3352 1416 3430 εὐκόλως
1480 3369 1676 3423 ποιεῖν.
1735 3367 1795 3421 Ὀ
1817 3368 1896 3433 δὲ,

310 3452 432 3512 Καὶ
463 3456 547 3519 τίς
574 3451 751 3521 οὗτος,
777 3456 905 3526 ἔφη,
946 3456 1055 3510 τῶν
1074 3455 1257 3510 ,ἀλλων
1285 3472 1344 3510 τε
1400 3457 1753 3528 ἰσχυρότατος
1805 3458 1900 3515 καὶ

316 3549 455 3621 πρὸς
480 3548 632 3618 ἡμᾶς
655 3547 833 3610 οὕτως
856 3546 1001 3619 ὁρῶν
1037 3546 1273 3618 εὐμενές
1302 3565 1316 3613 ;
1349 3547 1464 3602 Καὶ
1500 3549 1532 3620 η
1580 3547 1896 3625 Λευκίππη,

317 3644 493 3713 Ὄναρ
521 3658 640 3712 μοι,
674 3640 803 3711 ἔφη,
847 3638 1152 3709 γλυκύτατε
1179 3638 1342 3712 ἄνερ,
1383 3641 1557 3712 ἐφάνη
1599 3635 1776 3709 οὗτος,
1807 3644 1900 3696 ἀν·-

314 3731 601 3802 θρωπείαν
628 3732 729 3801 μὲν
751 3731 850 3802 τὴν
874 3730 1091 3801 μορφὴν
1120 3728 1281 3800 ἔχων,
1307 3730 1407 3793 τὰς
1428 3732 1622 3802 χεῖρας
1640 3731 1696 3784 δὲ
1718 3732 1903 3801 ὴπλω-

321 3826 494 3893 μένας
534 3826 628 3875 ἐπὶ
655 3821 921 3893 σταυροῦ,
943 3820 1001 3886 ὃς
1041 3820 1247 3885 εὐθέως
1278 3822 1373 3877 καὶ
1402 3824 1583 3894 δεσμά
1616 3880 1623 3883 ἢ
1648 3840 1741 3892 μοι
1801 3825 1901 3894 τῆς

315 3916 556 3988 γαστρὸς
598 3915 797 3984 ἀνῆκε,
829 3912 1087 3985 καὶπρὸς
1135 3913 1303 3967 ὠδῖνα
1336 3913 1541 3985 ταύτην
1586 3914 1902 3986 παραδόξως

316 4011 619 4079 διήγειρεν.
649 4006 767 4059 Ἵνα
794 4004 846 4059 τί
883 4001 978 4058 οὖν
1018 4002 1103 4075 ,μὴ
1145 4004 1242 4058 καὶ
1282 4004 1445 4075 ἡμεῖς
1495 4004 1644 4076 αὐτῷ
1700 4004 1902 4076 μᾶλλον

318 4100 564 4171 ἐσῦμεθα
596 4097 1049 4168 προσανέχοντες,
1087 4093 1181 4149 καὶ
1207 4095 1387 4149 πάντα
1422 4092 1487 4170 δὴ
1515 4099 1582 4150 τὰ
1604 4095 1727 4152 καθ’
1754 4097 1900 4170 ἡμᾶς

317 4193 416 4264 τῆς
457 4187 628 4244 αὐτοῦ
656 4184 1027 4260 χρηστότητος
1048 4187 1398 4260 ἀπαρτῶντες
1425 4204 1439 4256 ;

392 4283 485 4352 (τ’.
526 4282 641 4337 Καὶ
685 4284 713 4335 ὁ
755 4278 1092 4349 Κλειτοφῶν,
1160 4282 1339 4351 ὀλίγον
1378 4281 1729 4352 ἐφησυχάέας
1761 4281 1902 4336 ὥστε

318 4376 504 4429 δοῦναι
534 4373 786 4443 λογισμῷ
824 4374 924 4442 τὴν
954 4371 1262 4442 διάσκεψιν,
1293 4367 1424 4425 Οἶδα
1455 4371 1513 4424 ὃν
1540 4372 1739 4441 λέγεις,
1770 4373 1900 4444 ἐφη·

2000 3182 2215 3239 solvere
2247 3182 2620 3248 sterilitatem,
2649 3186 2744 3240 sed
2770 3187 2938 3242 etiam
2959 3187 3121 3247 facile
3151 3201 3238 3249 est
3262 3192 3341 3248 illi
3391 3193 3571 3254 facere

2001 3288 2345 3349 quaecunque
2372 3275 2511 3331 vult.
2543 3276 2639 3334 Ille
2675 3285 2860 3333 autem
2900 3296 2915 3335 :
2951 3280 3019 3336 Et
3044 3282 3170 3353 quis
3199 3293 3282 3340 est
3314 3286 3425 3353 hic,
3480 3291 3568 3343 in-

2001 3366 2143 3441 quit,
2174 3366 2408 3423 aliorum
2439 3366 2803 3433 fortissimus,
2834 3380 2891 3426 et
2924 3373 3021 3443 qui
3051 3389 3154 3431 nos
3198 3385 3306 3433 tam
3344 3379 3579 3451 benigne

2002 3457 2306 3513 intuetur?
2349 3458 2626 3530 Leueippe
2683 3469 2868 3517 autem
2904 3481 2918 3517 :
2959 3464 3115 3531 Mihi,
3165 3467 3365 3541 inquit,
3429 3472 3474 3527 is
3521 3473 3575 3531 iu

2003 3550 2211 3606 somnis
2265 3550 2545 3622 apparuit,
2586 3567 2620 3607 ο
2665 3554 3013 3624 suavissime,
3064 3556 3296 3614 formam
3355 3561 3577 3632 quidem

2004 3640 2215 3697 habens
2241 3641 2559 3708 humanam,
2584 3658 2783 3701 manus
2810 3656 2993 3702 autem
3015 3659 3269 3709 extensas
3299 3651 3354 3709 in
3381 3668 3569 3721 cruce.

2003 3733 2096 3804 qui
2130 3732 2296 3788 etiam
2349 3735 2485 3790 mihi
2521 3737 2662 3792 uteri
2713 3738 2901 3793 statim
2934 3740 3098 3796 solvit
3146 3742 3466 3811 vincula,et
3510 3749 3576 3807 ad

2005 3824 2147 3879 hanc
2216 3826 2632 3897 conceptionem
2685 3830 3417 3913 excitavit.admirabiliter.
3467 3836 3580 3893 Cur

2001 3928 2134 3985 ergo
2187 3931 2296 3972 non
2325 3932 2428 3972 nos
2470 3934 2691 3989 quoque
2748 3937 2876 3976 eum
2904 3922 3097 3995 potius
3141 3926 3487 3983 attendemus
3524 3939 3579 3987 et

2004 4008 2269 4076 colemus,
2305 4019 2361 4064 et
2381 4010 2562 4066 omnia
2601 4021 2792 4069 nostra
2824 4017 2891 4069 ab
2921 4016 3044 4087 ejus
3069 4017 3403 4087 benignitate
3435 4036 3542 4091 pen

2005 4095 2137 4154 dere
2161 4108 2419 4173 oportere
2445 4111 2751 4161 statuemus
2774 4105 2797 4161 2

2074 4276 2163 4333 Vl.
2197 4277 2342 4333 Dixit
2366 4288 2555 4334 autem
2587 4277 2907 4351 Clitophon,
2938 4298 3062 4339 cum
3086 4300 3281 4357 parum
3312 4286 3575 4357 siluisset,

2008 4379 2067 4425 ut
2096 4368 2255 4425 daret
2285 4372 2460 4426 menti
2494 4380 2710 4443 tempus
2731 4373 3076 4431 deliberandi
3114 4395 3127 4432 :
3176 4377 3324 4443 Scio,
3377 4379 3577 4451 inquit,

322 4470 417 4522 καὶ
452 4468 564 4539 γὰρ
594 4461 750 4528 οὗτος
780 4466 807 4518 ὁ
831 4464 935 4517 ὑπ’)
963 4465 1072 4517 τῶν
1102 4464 1409 4518 Γαλιλαίων
1438 4465 1555 4517 ἐστὶ
1590 4466 1897 4537 τιμώμενος

2006 4476 2168 4533 quem
2204 4461 2380 4521 dicis:
2408 4478 2607 4534 nempe
2637 4466 2683 4520 is
2728 4475 2831 4531 est,
2859 4467 2954 4537 qui
3005 4469 3207 4524 colitur
3233 4486 3264 4525 a
3304 4469 3569 4540 Galilwis,

322 4562 416 4612 καὶ
437 4561 557 4621 ταῖς
581 4555 866 4628 ἀληθείαις
896 4552 1229 4626 πολλὴνξέχει
1255 4554 1350 4606 καὶ
1373 4553 1583 4626 ἄμαχον
1600 4554 1696 4626 τὴν
1728 4553 1901 4625 ἰσχύν.

334 4650 503 4703 ’.λλλά
524 4649 610 4713 τίς
647 4646 785 4701 οίσει
814 4646 911 4719 τὴν
939 4645 1035 4699 τοῦ
1072 4644 1407 4717 κρατοῦντος
1436 4647 1740 4717 ἀπήνειαν;
1793 4647 1905 4703 Καὶ

318 4747 353 4816 η
388 4743 687 4812 Λευκίππη
718 4740 893 4810 ἡδέως
920 4739 1220 4810 ἂρπάσασα
1252 4738 1313 4791 τὸ
1345 4737 1561 4811 λεχθὲν,
1597 4740 1746 4802 Τέως
1781 4739 1901 4811 μὲν,

319 4841 460 4907 ἒςξη.
495 4834 654 4904 τιμὶα
685 4850 777 4907 μοι
818 4834 1054 4905 κεφαλὴ.
1086 4835 1145 4885 ἐν
1160 4829 1238 4907 τῷ
1272 4832 1472 4901 ἁψανεῖ
1510 4831 1569 4884 τὸ
1606 4833 1739 4903 πρὸς
1802 4833 1903 4884 αὺ-

320 4932 414 4981 τον
447 4928 615 4990 σέϐας
648 4928 779 4997 ἡμῖν
809 4924 1030 4977 κείσθω·
1065 4922 1211 4976 οὕτω
1259 4922 1370 4992 γὰρ
1413 4922 1477 4976 ἂν
1518 4924 1576 4975 τὸ
1615 4922 1723 4979 τῶν
1776 4924 1904 4976 ἀνο-

325 5023 460 5075 σίων
485 5019 853 5092 φιλοπόνηρον
884 5015 1264 5087 διαφύγωμεν·
1294 5014 1508 5081 ἐξέσται
1540 5014 1595 5067 δέ
1625 5030 1778 5079 ποτε,
1804 5014 1903 5085 τῆς

324 5114 496 5168 αὑτοῦ
523 5114 811 5182 δυνάμεως
840 5108 1233 5183 συναιρομένης
1263 5108 1415 5179 ἡμῖν,
1470 5107 1565 5160 καὶ
1616 5108 1674 5160 ἐν
1718 5106 1904 5179 ἡμέρᾳ

331 5205 689 5277 εὔσχημόνως
721 5204 1071 5274 περιπατεῖν,
1114 5200 1209 5254 xal
1250 5200 1321 5254 τὰ
1371 5199 1465 5253 τοῦ
1528 5198 1706 5269 gat-3th;
1765 5199 1902 5270 ἔργα

328 5301 476 5352 κατὰ
507 5295 571 5348 τὸ
607 5295 841 5363 φανερὸν
870 5292 1024 5362 δρᾷν.
1085 5290 1270 5344 Ταῦτα
1323 5290 1578 5359 λέγουσα,
1628 5288 1754 5343 ἐπεὶ
1807 5290 1901 5341 τὸν

327 5391 501 5459 ἀνδρα
526 5382 645 5456 εἶχε
685 5388 819 5454 πρὸς
842 5385 1019 5439 πάντα
1050 5382 1382 5454 καταπειθῆ,
1415 5382 1521 5434 ἔδει
1546 5382 1653 5452 γὰρ
1707 5383 1805 5435 καὶ
1840 5382 1902 5436 τὸ

324 5483 422 5536 τοῦ
454 5479 695 5553 Χριστοῦ
743 5478 980 5548 φανῆναι
1009 5476 1414 5548 φιλάνθρωπον,
1438 5474 1534 5528 καὶ
1556 5475 1694 5545 ὅπερ
1759 5476 1900 5547 αὐ;ᾕ

326 5577 599 5644 προεῖπεν
639 5569 955 5641 Ὀνούφριος
985 5568 1220 5641 περὶτοῦ
1272 5565 1463 5638 ἀνδρὸς
1498 5567 1573 5637 μὴ
1600 5567 1897 5619 διαπεσεῖν·

327 5667 601 5723 ἥλοιπιν
640 5664 699 5718 οὐ
736 5663 878 5735 μετά
903 5679 1043 5725 τινος
1077 5662 1174 5732 τῆς
1235 5660 1562 5730 ὑποστολῆς,
1608 5660 1745 5713 ἀλλὰ
1802 5676 1900 5713 πε-

333 5757 837 5829 παρρησιασμένως
894 5755 1069 5810 πάντα
1148 5752 1298 5823 αὐτῷ
1370 5753 1744 5822 ἐξεκάλνπτε,
1810 5754 1901 5806 καὶ

2006 4564 2061 4609 et
2088 4570 2280 4612 revera
2332 4555 2499 4613 habet
2550 4573 2775 4628 magnas
2817 4560 2963 4616 vires
3022 4570 3078 4616 et
3107 4563 3578 4635 inexpugnabiles.

2007 4645 2112 4702 Sed
2145 4649 2271 4718 quis
2299 4645 2440 4704 feret
2458 4649 2599 4720 ejus,
2640 4651 2736 4720 qui
2761 4666 2946 4706 rerum
2994 4653 3230 4723 potitur,
3263 4656 3580 4712 sentiam?

2003 4735 2282 4810 Leucippe
2307 4748 2492 4793 autem
2538 4737 2779 4795 libenter
2799 4742 2946 4810 quod
2974 4741 3183 4801 dictum
3235 4744 3413 4798 fuerat
3439 4746 3580 4799 arri-

2004 4831 2163 4899 piens
2192 4847 2205 4885 :
2241 4829 2466 4884 Interim
2494 4830 2741 4900 quidem,
2771 4830 2974 4907 inquit,
3006 4849 3040 4889 ο
3069 4843 3235 4904 caput
3257 4835 3390 4888 mihi
3414 4850 3581 4889 vene-

2006 4921 2260 4987 randum,
2296 4921 2547 4980 occultus
2599 4923 2711 4978 erit
2763 4934 2956 4981 noster
2990 4926 3045 4981 in
3095 4941 3224 4985 eum
3262 4927 3466 5001 cultus.
3490 4926 3581 4982 Sic

2004 5014 2151 5070 enim
2176 5013 2534 5087 ell‘ugerimns
2568 5017 2861 5089 impiorum
2893 5020 3180 5075 malitiam.
3214 5018 3424 5076 Licebit
3448 5032 3578 5077 vero

2003 5109 2320 5181 aliquando,
2346 5113 2467 5184 ejus
2502 5111 2704 5170 virtute
2735 5112 2897 5168 nobis
2953 5126 3115 5182 opem
3152 5111 3385 5173 ferente,
3404 5108 3573 5164 etiam

2004 5204 2059 5259 in
2095 5206 2185 5262 die
2215 5206 2446 5263 honeste
2470 5206 2772 5273 ambulare,
2795 5214 2849 5262 et
2875 5205 3014 5261 lucis
3042 5219 3208 5275 opera
3240 5202 3422 5257 facere
3458 5215 3576 5255 ma-

2004 5297 2221 5354 nifeste.
2258 5298 2383 5354 Haec
2412 5298 2623 5361 dicens.
2656 5308 2949 5368 postquam
3004 5295 3196 5351 habuit
3225 5292 3480 5346 maritum
3506 5290 3574 5351 ad

2003 5389 2185 5443 omnia
2215 5397 2501 5458 parentem
2532 5388 2839 5461 (oportebat
2882 5386 3031 5440 enim
3063 5393 3121 5441 et
3166 5381 3377 5440 Christi
3410 5396 3579 5455 appa-

2006 5495 2128 5534 rere
2184 5480 2686 5547 benignitatem,et
2735 5477 2881 5546 quod
2909 5476 2962 5533 ei
3020 5475 3089 5530 de
3138 5473 3336 5531 marito
3389 5473 3581 5544 praedi.-

2005 5577 2156 5622 λοισι
2223 5567 2505 5631 Onurrius,
2537 5566 2760 5621 minime
2807 5562 3104 5633 excidere),
3135 5561 3396 5631 deinceps
3439 5559 3576 5615 nihil

2004 5661 2242 5731 amplius
2270 5660 2574 5723 reticendo,
2612 5658 2709 5713 sed
2770 5657 2946 5712 libere
2978 5666 3035 5712 et
3064 5664 3253 5727 aperte
3275 5655 3458 5709 omnia
3508 5653 3577 5713 do

2006 5751 2275 5813 monacho
2307 5752 2564 5826 exposuit
2595 5769 2606 5804 :
2633 5750 2779 5826 quod
2821 5752 2866 5807 is
2901 5749 3112 5810 scilicet
3153 5762 3276 5808 eam
3334 5745 3576 5819 baptia-
