4060 6374
516 383 594 445 99
1743 369 2028 429 MENSIS
2066 370 2502 431 NDVEMBER.

3664 374 3764 437 100

514 495 682 559 verit,
715 499 770 547 et
801 490 947 558 quod
983 489 1088 540 hoc
1119 495 1226 550 est,
1268 484 1415 555 quod
1480 484 1600 554 ejus
1641 483 1886 537 matricis
1920 481 2077 537 solvil

2187 482 2269 532 ὅτι
2302 481 2396 534 καὶ
2423 479 2791 550 βεεάπτισται
2822 478 2954 550 παρ’
2986 478 3179 544 αὐτοῦ,
3217 481 3310 533 καὶ
3339 479 3413 543 ὡς
3437 480 3596 534 τοῦτὸ
3645 487 3762 539 ἐστι

515 585 694 640 nodos
753 579 1020 634 diiIieiles.
1074 574 1276 630 Deinde
1313 576 1479 628 etiam
1529 573 1748 644 adjecit,
1782 573 1919 627 nihil
1966 587 2085 626 esse

517 673 938 745 impedimento,
967 669 1261 740 quominus
1286 669 1400 738 ipse
1437 683 1655 737 quoque
1679 666 1924 721 divinum
1953 665 2088 734 bap-

516 769 740 822 tismum
796 772 1190 833 consequatur.
1235 761 1450 816 Etenim
1497 761 1632 814 mihi
1688 761 1833 814 inter
1887 769 2084 814 cratera

516 859 622 911 hoc
671 871 894 924 quoque
940 854 1195 915 pra-dixit
1226 854 1308 906 vir
1337 853 1426 906 ille
1485 851 1725 915 divinus,
1773 851 1890 904 fore
1943 860 2001 904 ut
2031 859 2082 904 te

514 965 753 1020 quoque,
798 964 830 1002 0
874 947 1228 1007 charissime,
1299 961 1422 998 mox
1469 944 1727 998 haberem
1787 958 1920 997 meae
1956 941 2078 996 ﬁdei

513 1041 746 1096 socium.
779 1040 902 1094 Haec
925 1048 980 1092 et
1020 1039 1110 1092 illa
1144 1038 1301 1101 dixit,
1339 1047 1393 1090 et
1420 1052 1542 1106 qua:
1563 1037 1707 1090 dicta
1730 1045 1878 1100 sunt,
1918 1035 2082 1105 paulo

514 1146 638 1204 post
668 1132 904 1186 deducta
957 1142 1086 1185 sunt
1135 1129 1202 1184 ad
1257 1129 1536 1192 eﬂ‘ectum,
1592 1142 1649 1182 et
1695 1129 1809 1197 ipse
1864 1141 2082 1195 quoque

515 1225 762 1278 divinum
804 1223 1128 1292 baptismum
1165 1229 1249 1275 est
1279 1229 1637 1283 consecutus,
1667 1229 1723 1272 et
1755 1219 1950 1272 didicit
1993 1233 2082 1270 ar-

514 1329 650 1368 cana
686 1312 903 1381 pietatis
935 1350 948 1373 ,
1001 1325 1127 1364 cum
1190 1309 1410 1363 divinus
1447 1319 1504 1362 et
1542 1307 1878 1363 admirabilis
1929 1306 2081 1360 Onu-

511 1404 653 1458 frius
677 1403 741 1456 ad
785 1403 900 1456 h:ec
936 1416 1127 1454 rursus
1154 1400 1514 1454 inserviisset.

585 1493 690 1546 νη.
719 1491 854 1547 Cum
887 1499 1068 1544 autem
1115 1493 1224 1558 jam
1266 1491 1511 1544 venisset
1562 1498 1780 1560 tempus
1831 1489 2078 1560 pariendi

513 1581 840 1649 Leucippes,
867 1590 923 1635 et
967 1581 1136 1634 tilium
1167 1583 1473 1651 peperisset
1507 1583 1832 1647 masculum,
1892 1597 2081 1636 accer-

514 1673 652 1725 situs
715 1687 905 1725 rursus
959 1671 1240 1736 Onufrius,
1286 1681 1546 1726 consueta
1599 1671 1820 1737 utilitas,
1874 1671 2078 1725 bonum

509 1779 539 1817 a
569 1763 679 1816 Deo
705 1762 955 1820 missum.
989 1771 1043 1816 et
1064 1762 1211 1832 quod
1241 1762 1488 1832 genitum
1525 1764 1725 1825 fuerat,
1759 1778 1951 1816 rursus
1981 1778 2080 1834 per

508 1855 686 1923 ipsum
729 1854 830 1908 fuit
879 1863 1261 1924 regeneratum
1306 1855 1464 1908 beato
1520 1853 1870 1924 baptismate,
1899 1863 1955 1909 et
2008 1853 2078 1907 ab

507 1947 632 2015 ipso
663 1947 876 2015 accepit
916 1945 1370 2014 appellationem,
1403 1954 1458 1999 et
1485 1945 1589 2000 fuit
1622 1947 1937 1999 nominatus
1958 1943 2080 2012 {Ga-

507 2037 708 2091 laction
742 2055 754 2090 :
788 2037 998 2106 fuitque
1031 2037 1341 2106 appellatio,
1375 2045 1524 2090 certa
1571 2035 1886 2090 futurorum
1940 2053 2080 2106 pra:-

509 2129 701 2183 dietio.
739 2129 786 2183 ls
816 2131 962 2183 enim
994 2129 1178 2184 editus
1209 2129 1310 2184 fuit
1361 2128 1600 2182 mundus
1634 2145 1705 2183 ex
1755 2129 1997 2194 mundis,
2024 2138 2080 2183 et

511 2241 578 2280 ex
611 2231 896 2296 generosis
931 2241 1154 2298 germen
1203 2240 1332 2278 vere
1361 2239 1709 2294 generosum.
1743 2223 2080 2279 Procedente

509 2329 694 2375 autem
760 2329 1029 2389 tempore,
1073 2319 1331 2388 paulatim
1381 2318 1665 2373 Galaction
1704 2318 2080 2374 additamenta

507 2412 686 2466 aetatis
712 2411 913 2481 adjecit
941 2409 1108 2464 etiam
1135 2409 1572 2480 intelligentiam,
1595 2418 1761 2480 atque
1793 2410 1931 2464 adeo
1986 2411 2081 2465 ha-

511 2501 677 2556 bebat
707 2499 987 2568 ingenium
1011 2513 1180 2567 supra
1215 2507 1456 2553 aetatem.
1490 2499 1733 2555 Traditis
1771 2515 1904 2555 vero
1927 2499 2075 2560 ludis

508 2593 818 2655 litterariis,
848 2601 902 2646 et
931 2592 982 2645 in
1003 2591 1431 2662 perfectioribus
1455 2591 1734 2647 exercitus
1750 2591 2076 2662 disciplinis,

509 2684 768 2753 praeclara
794 2698 890 2736 sua
926 2682 1108 2737 indole
1140 2683 1226 2737 vel
1274 2683 1423 2752 ipsos
1456 2682 1744 2752 magistros
1799 2681 2080 2753 relinque-

515 2773 609 2826 bat
645 2789 671 2826 a
713 2782 888 2842 tergo.
916 2774 1048 2827 Cum
1071 2782 1256 2842 ageret
1283 2783 1465 2828 autem
1491 2773 1810 2828 vicesimum
1846 2783 1901 2828 et
1918 2790 2083 2844 quar-

511 2876 626 2918 tum
665 2880 894 2928 annum.
921 2881 1069 2921 curae
1086 2874 1206 2923 erat
1237 2868 1403 2936 patri,
1431 2866 1482 2921 ei
1509 2869 1928 2921 convenientem
1955 2869 2080 2922 vita:

509 2957 841 3027 conjungere
869 2959 1098 3024 sociam,
1129 2973 1253 3013 cum
1278 2968 1453 3013 mater
1480 2957 1754 3028 Leucippe
1773 2956 1883 3030 jam
1905 2972 1936 3012 e
1967 2957 2078 3013 vita

503 3045 848 3100 excessisset.

2186 573 2249 625 τὸ
2281 573 2380 642 τῆς
2415 573 2629 642 μήτρας
2659 573 2832 642 αὐτῆς
2850 571 2918 625 τὰ
2947 571 3182 643 δυσχερῆ
3215 570 3448 642 ἅμματα
3501 574 3692 642 λύσαν,
3729 579 3762 649 ἦ

2187 665 2281 717 καὶ
2315 663 2631 734 προσετίθει
2663 663 2740 726 ὡς
2773 663 2929 716 οὐδὲν
2977 663 3131 717 ἔσται
3183 663 3246 717 τδ
3299 665 3616 732 ἐμποδῐςον,
3667 671 3764 723 καὶ

2185 755 2346 809 αὑτὸν
2379 755 2471 808 τοῦ
2499 759 2614 808 τσου
2647 756 3060 824 καταξιωθῆναι
3094 753 3497 825 βαπτίσματος·
3527 761 3621 811 καὶ
3653 761 3764 830 γάρ

2189 864 2279 917 μοι
2311 847 2450 915 μετὰ
2485 846 2594 900 τῶν
2618 845 2815 910 ἄλλων,
2849 846 3012 914 φησι,
3047 847 3144 898 καὶ
3175 846 3336 900 τοῦτό
3379 865 3470 917 μοι
3500 853 3763 917 προ;ἰπεν

2182 939 2212 991 ό
2239 937 2382 1001 θεῖος
2416 938 2558 1008 ἀνὴρ
2593 940 2825 999 ἐκεῖνος,
2859 937 2942 990 ὅτι
2976 935 3071 990 καὶ
3113 937 3174 989 σὲ
3205 939 3299 990 τὸν
3334 938 3594 1007 φίλτατον
3639 942 3763 995 ὅσον

2183 1030 2336 1085 οῦπω
2364 1031 2460 1102 τῆς
2492 1031 2665 1100 αὐτῆς
2699 1031 2804 1095 ἔξω
2842 1027 3210 1084 κοινωνοῦντα
3260 1030 3520 1093 πίστεως.
3575 1031 3761 1088 Ταῦτα

2184 1123 2368 1193 ἐκείνη
2421 1139 2479 1174 τε
2513 1121 2728 1192 εἴρηκε,
2755 1121 2850 1174 καὶ
2884 1120 3003 1189 μετ’
3031 1120 3213 1189 ὀλίγον
3244 1121 3312 1175 τὰ
3343 1121 3608 1192 λεχθέντα
3646 1123 3765 1190 ὲξέ-

2184 1213 2274 1284 6η.
2309 1213 2421 1265 Καὶ
2447 1211 2541 1266 τοῦ
2570 1211 2715 1265 θείου
2737 1211 2829 1264 καὶ
2855 1210 3017 1274 αὐτὸς
3042 1209 3265 1280 λουτροῦ
3297 1211 3538 1284 ἠξιοῦτο,
3575 1213 3765 1268 Ὀνου-

2183 1303 2344 1372 φρίου
2375 1301 2535 1356 πάλιν
2576 1301 2714 1374 πρὸς
2770 1301 2940 1356 ταῦτα
2974 1299 3071 1356 τοῦ
3126 1301 3432 1374 θαυμασίου
3485 1303 3764 1376 ὑπηρετή⁹

2183 1413 2370 1460 σαντος
2381 1436 2394 1449 .

2253 1489 2328 1540 Z'.
2367 1487 2509 1556 Ἤδη
2543 1486 2598 1540 δὲ
2639 1486 2790 1558 ὥραν
2808 1488 2970 1541 τόκου
3014 1488 3114 1556 τῆς
3151 1487 3478 1560 Λευκίππης
3505 1489 3760 1562 ἐχούσης,

2181 1578 2349 1631 ττλῖδά
2381 1596 2439 1630 τε
2472 1581 2807 1649 γειναμένης
2837 1579 3064 1652 ἄρρενα,
3095 1581 3426 1634 εἰσκαλεῖται
3480 1583 3575 1634 καὶ
3605 1578 3761 1647 αὖθις

2195 1673 2528 1743 Ὀνούφριος,
2585 1677 2618 1745 ή
2670 1676 2906 1746 συνήθης
2966 1675 3224 1747 ὠφέλεια,
3278 1677 3340 1730 τὸ
3413 1677 3762 1748 θεόπεμπτον

2181 1763 2405 1831 ἀγαθόν·
2434 1767 2526 1818 καὶ
2553 1764 2613 1817 τὸ
2630 1765 2886 1834 γεννηθὲν
2905 1766 3229 1834 ἀνεγεννᾶτο
3255 1765 3326 1822 δι’
3371 1766 3538 1820 αὐτοῦ
3590 1767 3759 1824 πάλιν

2180 1859 2254 1928 τῷ
2280 1859 2536 1929 μακαρίῳ
2567 1857 2928 1928 βαπτίσματι,
2963 1845 3058 1914 καὶ
3091 1861 3188 1932 τὴν
3239 1861 3429 1932 κλῆσιν
3483 1861 3760 1932 ἐλάμϐανε

2181 1947 2313 2016 παρ’
2345 1946 2510 2002 αὐτοῦ
2559 1948 2652 2000 καὶ
2701 1947 3014 2001 Γαλακτίων
3048 1949 3471 2020 κατωνομάζιτο
3496 1966 3510 1980 '
3554 1955 3648 2005 καὶ
3689 1946 3759 2023 ἦν

2181 2040 2214 2108 ἡ
2248 2039 2440 2108 κλῆσις
2463 2037 2571 2090 τῶν
2593 2037 2868 2106 ἐσομένων
2911 2039 3163 2109 ἀσφαλὴς
3218 2041 3638 2111 προαγόρευσις·
3693 2043 3759 2094 ἐκ

2181 2128 2438 2200 καθαρῶν
2466 2130 2574 2200 γὰρ
2604 2127 2842 2198 καθαρὸς
2893 2130 2988 2182 καὶ
3017 2121 3171 2193 οὗτος
3201 2131 3403 2200 άπέση,
3454 2133 3549 2185 καὶ
3586 2131 3644 2195 ἐξ
3670 2132 3762 2186 εὖ..

2181 2220 2355 2290 γενῶν
2385 2218 2554 2281 ὄντως
2584 2219 2801 2289 εὐγενὲς
2859 2218 3167 2291 βλάστημα.
3222 2221 3509 2291 Προϊόντος
3546 2222 3602 2276 δὲ
3660 2222 3758 2277 τοῦ

2181 2311 2375 2382 χρόνου
2401 2310 2544 2364 κατά
2580 2311 2778 2382 μικρὸν
2805 2311 2834 2363 ὁ
2882 2311 3196 2366 Γαλακτίων
3242 2312 3334 2365 ἐπὶ
3365 2315 3426 2384 τῇ
3469 2315 3759 2388 προσθήκη

2180 2404 2277 2474 τῆς
2305 2403 2522 2473 ἡλικίας
2548 2403 2644 2456 καὶ
2677 2402 2895 2456 σύνεσιν
2928 2402 3267 2474 προσετίθει,
3298 2404 3502 2473 μᾶλλον
3556 2404 3614 2456 δὲ
3661 2406 3761 2462 καὶ

2183 2496 2325 2567 ὑπὲρ
2354 2496 2454 2567 τὴν
2485 2495 2700 2566 ἡλικίαν
2737 2496 2798 2549 τὸ
2831 2496 3061 2566 φρονοῦν
3102 2493 3236 2568 εἶχε.
3279 2499 3677 2561 Διδασκαλείοις
3698 2497 3759 2552 δὲ

2181 2585 2441 2653 ἐκδοθεὶς,
2473 2585 2701 2652 καὶτοῖς
2725 2587 3078 2655 τελεωτέροις
3099 2590 3422 2661 ἐκπονηθεὶς
3443 2589 3753 2660 μαθήμασι,

2180 2675 2258 2748 τῷ
2293 2676 2558 2748 φιλοτίμῳ
2603 2676 2705 2746 τῆς
2770 2677 2985 2748 φύσεως
3045 2678 3142 2732 καὶ
3185 2679 3384 2741 αὐτοὺς
3425 2678 3601 2731 ὀπίσω
3632 2679 3759 2742 τοὺς

2181 2765 2540 2830 διδασκάλους
2597 2768 2791 2824 ἐποίει.
2851 2767 3113 2823 Είκοστὸν
3185 2769 3243 2822 δὲ
3307 2769 3402 2822 καὶ
3490 2771 3758 2840 τέταρτον

2183 2857 2429 2910 ἐνιαυτὸν
2458 2856 2702 2925 ἄγοντος,
2737 2859 2956 2931 φροντὶς
3014 2855 3082 2932 ἦν
3149 2859 3228 2931 τῷ
3291 2861 3460 2931 πατρὶ
3500 2859 3758 2913 κοινωνὸν

2182 2948 2331 3018 αὐτῷ
2363 2947 2480 3018 βίου
2506 2947 2604 3020 τὴν
2624 2951 3011 3021 προσήκουσαν
3039 2953 3396 3022 συναρμόσαι,
3427 2953 3527 3022 τῆς
3582 2953 3753 3024 μητέ-

2183 3056 2276 3110 ρος
2310 3040 2411 3110 ηδη
2435 3041 2763 3112 Λευκίππης
2801 3043 2894 3096 τὸν
2926 3042 3042 3113 βίον
3075 3043 3471 3116 ἀπολιπούσης.

584 3136 720 3190 Vill.
758 3137 887 3191 Erat
928 3147 1112 3192 autem
1167 3146 1297 3192 tunc
1329 3136 1577 3208 quasdam
1613 3139 1791 3210 virgo,
1830 3140 2077 3210 pulchri-

2251 3131 2333 3188 H'.
2379 3133 2673 3204 Ἐτύγχανε
2701 3133 2755 3187 δέ
2773 3151 2857 3198 τις
2885 3135 2946 3188 τὸ
2968 3136 3268 3206 τηνικαῦτα
3298 3137 3588 3209 παρθένος,
3617 3138 3754 3194 κάλ-

508 3227 699 3282 tudlne
729 3237 782 3282 et
820 3244 1037 3282 morum
1082 3229 1370 3284 honestate
1401 3231 1738 3286 antecellens
1794 3231 2075 3289 omnibus.

509 3319 571 3374 Ei
599 3331 720 3374 erat
752 3335 954 3374 nomen
994 3321 1294 3390 Episteme,
1328 3337 1449 3390 quae
1472 3321 1778 3377 nobilitatis
1799 3331 1856 3378 et
1889 3323 2079 3394 gloria:

520 3411 719 3464 famam
761 3410 1000 3466 habebat
1034 3413 1263 3482 primam
1313 3412 1456 3467 inter
1490 3412 1772 3470 mulieres.
1822 3414 1953 3469 Eam
1979 3415 2080 3471 de-

506 3503 731 3572 spondit
757 3502 1062 3569 Galaction,
1111 3519 1258 3558 nunc
1311 3503 1531 3574 quidem
1582 3504 1649 3560 ad
1682 3505 1920 3576 speciem
1962 3523 2080 3561 nia-

507 3594 780 3660 trimonii,
827 3603 1014 3664 postea
1062 3605 1246 3650 autem
1278 3597 1344 3650 ad
1373 3596 1633 3650 unionem
1687 3597 1903 3651 animae.
1939 3597 2077 3652 Cum

509 3700 642 3740 vero
668 3685 792 3739 vita:
819 3701 944 3740 cum
969 3701 1033 3740 ea
1058 3686 1376 3741 societatem
1409 3703 1550 3756 aegre
1581 3687 1749 3742 ferret
1768 3686 2074 3753 Galaction,

505 3785 562 3830 et
597 3785 786 3845 aperte
809 3777 1130 3831 ostenderet
1155 3792 1213 3831 se
1241 3778 1358 3849 ejus
1387 3792 1720 3849 congressus
1745 3786 1801 3832 et
1836 3780 2074 3849 comple-

507 3882 610 3922 xus
649 3882 760 3921 non
782 3867 1099 3933 admittere,
1150 3879 1377 3938 propter
1407 3869 1688 3940 religionis
1729 3871 2073 3926 dissimilitu-

505 3959 718 4024 dinem,
751 3959 978 4030 etquod
1014 3973 1078 4014 ea
1104 3974 1214 4014 non
1242 3967 1387 4014 esset
1422 3959 1697 4031 particeps
1731 3960 1904 4016 divini
1939 3962 2074 4033 bap-

509 4051 764 4116 tismatis,
799 4067 830 4106 a
861 4053 1192 4108 necessariis
1235 4067 1378 4122 sape
1402 4052 1760 4123 exigebantur
1810 4055 2074 4120 rationes,

503 4142 600 4210 qui
631 4156 752 4195 eam
790 4156 906 4195 rem
926 4155 1070 4212 aegre
1125 4141 1397 4208 terebant,
1427 4151 1482 4194 et
1517 4143 1758 4210 graviter
1800 4142 2076 4213 expende-

513 4234 666 4288 bant.
719 4234 856 4289 Cum
904 4244 1090 4288 autem
1155 4234 1306 4289 solus
1360 4233 1660 4304 aliquando
1702 4234 1844 4304 apud
1904 4236 2076 4290 solam

506 4327 703 4380 luisset
734 4327 1075 4394 Epistetnen,
1135 4327 1204 4381 ab
1233 4341 1298 4381 ea
1356 4335 1600 4396 rogatus,
1655 4343 1902 4397 quaenam
1931 4343 2078 4384 esset

506 4432 671 4472 causa
721 4416 860 4481 odii,
907 4417 1049 4472 dixit
1088 4417 1372 4473 Galaction
1444 4434 1503 4473 se
1545 4435 1650 4473 non
1696 4435 1858 4491 posse
1914 4419 2077 4473 aliter

2182 3223 2353 3277 λειτε
2403 3226 2496 3278 καὶ
2549 3225 2670 3295 ῆθει
2721 3227 2935 3299 κοσμίῳ
2981 3228 3090 3282 τῶν
3123 3228 3335 3282 πολλῶν
3395 3229 3754 3301 διαφέρουσα.

2195 3313 2505 3386 Ἑπιστήμη
2531 3315 2706 3388 ταύτῃ
2737 3316 2796 3370 τὸ
2820 3317 3013 3388 ὄνομα,
3049 3319 3202 3383 κλέος
3239 3321 3521 3388 εὐγενείας
3549 3322 3643 3374 καὶ
3663 3320 3756 3374 δά-

2181 3404 2279 3474 ξης
2303 3405 2435 3460 αὐτὸ
2462 3407 2524 3460 τὸ
2584 3406 2806 3479 πρῶτον
2841 3411 2899 3463 ὲν
2947 3410 3201 3480 γυναιξὶν
3251 3412 3468 3483 ἔχουσα.
3536 3409 3756 3483 Ταύτην

2181 3499 2496 3569 ἡρμόσαντο
2543 3500 2904 3568 Γαλακτίωνι,
2951 3505 3046 3556 νῦν
3085 3503 3184 3574 μὲν
3224 3505 3305 3567 εἰς
3342 3504 3632 3574 πρόσχημα
3656 3501 3755 3556 τοῦ

2179 3592 2384 3662 γάμου,
2414 3595 2554 3662 μετὰ
2576 3591 2748 3646 ταῦτα
2771 3593 2828 3646 δὲ
2859 3593 2952 3646 καὶ
2980 3595 3080 3664 τῆς
3107 3594 3288 3666 ψυχῆς
3336 3597 3550 3650 ἕνωσιν.
3598 3596 3758 3651 Ἐπεὶ

2176 3683 2237 3736 δὲ
2278 3684 2378 3755 τὴν
2430 3684 2734 3753 συμῦίωσιν
2784 3684 2992 3753 ταύτης
3039 3686 3386 3757 ἐδυσχέραινε
3413 3688 3758 3758 Γαλακτίων,

2180 3775 2276 3828 καὶ
2313 3775 2544 3845 φανερὸς
2572 3771 2642 3846 ἦν
2683 3775 2782 3839 τὰς
2811 3777 3131 3848 συμπλοκάς
3151 3795 3211 3830 τε
3231 3779 3326 3831 καὶ
3353 3779 3631 3845 δεξιώσεις
3686 3783 3753 3836 οὗ

2188 3867 2553 3938 προσιέμενος
2598 3868 2765 3921 διὰτὸ
2789 3869 2922 3940 περὶ
2956 3870 3018 3922 τὸ
3057 3869 3220 3934 σέϐας
3245 3872 3498 3942 ἀνόμοιον
3542 3873 3636 3928 καὶ
3689 3875 3756 3928 τδ

2177 3958 2270 4011 τοῦ
2299 3961 2444 4012 θείου
2480 3959 2858 4029 βαπτίσματος
2883 3959 3150 4032 ἀμέτοχον
3173 3959 3312 4016 εἶναι
3336 3963 3564 4035 ταύτην,
3616 3965 3753 4018 πολ-

2177 4049 2305 4113 λοὺς
2331 4050 2480 4122 παρὰ
2509 4049 2618 4102 τῶν
2643 4049 2860 4104 οίκείων
2893 4051 3191 4122 ἐπράττετο
3209 4052 3422 4123 λόγους,
3447 4055 3540 4109 καὶ
3563 4055 3756 4128 βαρεῖς

2177 4142 2376 4205 αὐτοὺς
2405 4137 2518 4212 εἶχε
2547 4139 2644 4195 τοῦ
2683 4141 3016 4214 πράγματος
3043 4143 3322 4214 λογιστάς.
3346 4149 3522 4210 Μόνος
3543 4148 3598 4201 δέ
3616 4164 3756 4204 ποτε

2177 4233 2316 4303 πρὸς
2340 4235 2508 4303 μόνην
2537 4231 2636 4302 τὴν
2677 4233 3025 4306 Ἐπιστήμην
3079 4237 3392 4308 γενόμενος,
3437 4233 3557 4292 εἶτα
3617 4240 3753 4310 παρ’

2178 4322 2352 4392 αὐτῆς
2387 4323 2482 4378 τοῦ
2525 4325 2717 4394 μίσους
2763 4326 3119 4398 ἐρωτώμενος
3167 4329 3266 4400 τὴν
3322 4332 3523 4396 αἰτίαν,
3584 4333 3756 4402 φάναι

2181 4415 2270 4469 τὸν
2299 4415 2654 4471 Γαλακτίωνα
2684 4418 2759 4490 μὴ
2783 4419 2851 4473 ἂν
2875 4419 3049 4484 ἄλλως
3095 4421 3426 4491 ἀνασχέσθαι
3479 4421 3580 4494 τὴν
3630 4425 3760 4495 μετ’

504 4503 648 4560 ferre
693 4506 817 4560 vitae
871 4521 994 4561 cum
1024 4523 1088 4563 ea
1142 4510 1493 4574 societatem,
1545 4509 1648 4563 nisi
1679 4525 1799 4566 eam
1869 4511 2071 4566 viderit

2181 4508 2347 4578 αὐτῆς
2381 4511 2692 4575 κοινωνίαν,
2719 4512 2769 4562 εί
2802 4510 2880 4582 μὴ
2915 4511 3010 4565 καὶ
3045 4511 3187 4566 κατὰ
3223 4513 3284 4568 τὸ
3314 4513 3478 4577 σέόας
3512 4517 3610 4570 ἴδοι
3633 4535 3756 4571 κοι-

509 4608 697 4648 secum
732 4595 1028 4650 convenire
1048 4596 1104 4650 in
1127 4596 1416 4666 religione.
1449 4597 1836 4653 Dicebatenim
1864 4611 2072 4670 aperte,

512 4699 635 4738 esse
694 4684 949 4754 impium,
995 4687 1262 4740 mundum
1299 4687 1554 4757 conjungi
1608 4704 1733 4742 cum
1768 4689 2073 4746 immundo.

511 4775 569 4829 Si
603 4790 756 4846 ergo,
783 4791 815 4829 ο
842 4791 1000 4841 uxor,
1044 4785 1128 4831 est
1161 4777 1258 4831 tibi
1317 4789 1467 4848 grata
1494 4789 1680 4834 nostra
1727 4791 1907 4836 tecum
1951 4784 2074 4841 vita:

509 4867 765 4932 societas,
815 4866 981 4920 crede
1015 4867 1150 4920 mihi
1203 4869 1408 4937 optima
1473 4870 1808 4928 consulenti.
1841 4873 1907 4928 Et
1938 4890 2075 4944 quo-

512 4958 654 5010 niam
689 4959 744 5011 in“
771 4959 1060 5026 praesentia
1092 4967 1175 5014 est
1213 4959 1394 5028 in0pia
1420 4962 1790 5030 sacerdotum,
1821 4967 1912 5036 qui
1943 4983 2077 5022 con-

507 5048 685 5102 stituti
716 5057 846 5101 sunt
897 5048 963 5102 ad
1007 5049 1131 5112 hoc,
1161 5058 1220 5103 ut
1244 5050 1310 5104 ad
1369 5052 1700 5121 baptismum
1744 5056 2072 5122 inserviant,

509 5138 625 5193 ﬁeri
660 5148 843 5192 autem
891 5155 1002 5193 non
1055 5150 1259 5210 p0test,
1305 5150 1365 5195 ut
1388 5143 1547 5197 aliter
1594 5145 1665 5198 sit
1707 5146 1978 5217 quispiam
2020 5156 2076 5201 et

505 5231 823 5284 nominetur
853 5231 1112 5297 mundus,
1145 5248 1248 5288 nos
1272 5233 1377 5289 hoc
1405 5235 1636 5302 donum,
1671 5247 1837 5306 prout
1859 5250 2076 5310 tempus

503 5322 777 5386 concedit,
814 5324 916 5392 ipsi
942 5333 1219 5395 utcunque
1253 5341 1594 5396 peragemus.

572 5413 664 5466 1X.
696 5413 834 5469 Cum
871 5423 1056 5469 autem
1098 5417 1322 5471 vidisset
1355 5433 1475 5473 eam
1501 5421 1567 5473 ad
1600 5421 1706 5475 hoc
1738 5436 1946 5476 morem
1975 5436 2072 5491 ge-

507 5505 919 5574 rentem,jubet
954 5521 1126 5560 unum
1151 5523 1217 5561 ex
1243 5507 1391 5562 tubis
1439 5509 1586 5564 horti
1634 5511 1850 5579 impleri
1876 5527 2017 5580 aqua
2054 5529 2069 5566 :

504 5602 559 5645 et
596 5592 667 5646 ita
716 5595 974 5649 orrnibus
1034 5596 1400 5652 inscientibus
1445 5599 1687 5668 baptizat
1729 5601 2068 5669 Epistemen.

505 5680 628 5748 Ipsa
652 5691 855 5747 autem,
901 5699 1024 5738 cum
1065 5695 1188 5754 post
1230 5687 1496 5756 baptisma
1527 5699 1652 5743 octo
1696 5691 1813 5746 dies
1849 5702 2073 5762 praeter-

508 5773 720 5838 iissent,
784 5791 976 5829 noram
1036 5778 1327 5844 quamdam
1357 5789 1412 5834 et
1465 5780 1742 5837 insolitam
1805 5784 1955 5839 videt
2017 5787 2070 5841 in

2179 4597 2456 4652 νωνοῦσαν
2484 4600 2653 4672 αὐτῷ·
2681 4601 2895 4656 ἀνόσιον
2918 4602 3026 4673 γάρ
3053 4602 3314 4676 ἄντικρυς
3364 4605 3550 4676 ἔλεγεν
3609 4603 3756 4664 εἶναι

2177 4692 2267 4744 τὸν
2317 4694 2733 4765 κεκαθαρμένον
2782 4695 3084 4768 ἀκαθάρτῳ
3134 4699 3524 4756 συνάπτεσθαι.
3575 4704 3745 4775 Εἴπερ

2178 4781 2292 4848 οῦν,
2325 4777 2699 4856 ὧγύναι,τὴν
2747 4787 2866 4856 μεθ’
2925 4789 3083 4859 ήμῶν
3139 4791 3360 4866 ἀσπάζῃ
3419 4794 3748 4862 συμσίωσιν,

2180 4874 2368 4929 πείθου
2403 4893 2494 4947 μοι
2518 4879 2586 4931 τὰ
2621 4877 2872 4947 βέλτιστα
2903 4882 3312 4953 συμϐολεύοντι,
3344 4888 3437 4942 καὶ
3458 4890 3579 4941 ἐπεὶ
3607 4890 3756 4945 κατά

2180 4966 2239 5022 τὸ
2273 4970 2368 5024 νῦν
2403 4968 2524 5040 ἔχον
2557 4972 2746 5042 ίερέων
2771 4973 2918 5028 ἐστὶν
2941 4976 3146 5049 ἀπορία
3168 4980 3276 5031 τῶν
3303 4983 3438 5051 πρὶς
3464 4983 3525 5033 τὸ
3562 4982 3752 5052 βάπτι-

2182 5075 2296 5128 σμα
2340 5061 2690 5131 τεταγμένων
2745 5063 3064 5135 ὑπηρετεῖν,
3126 5069 3388 5122 ἀδύνατον
3454 5071 3510 5124 δὲ
3575 5072 3752 5137 ἄλλως

2180 5148 2422 5220 καθαρόν
2443 5169 2563 5206 τινα
2599 5155 2693 5207 καὶ
2721 5150 2862 5208 εἶναι
2894 5156 2988 5208 καὶ
3033 5156 3415 5228 ὀνομάζεσθαι,
3445 5162 3513 5213 τὰ
3533 5163 3625 5214 τοῦ
3653 5182 3754 5232 χχ-

2179 5242 2446 5314 ρίσματος
2478 5247 2638 5316 ἡμεῖς
2669 5246 2852 5310 καθὼς
2871 5249 2898 5300 ό
2931 5249 3121 5319 καιρὸς
3144 5248 3325 5304 δίδωσι
3353 5251 3748 5324 σχεδιάσωμεν.

2249 5415 2326 5470 ϐ’.
2376 5417 2528 5470 Ἐπεὶ
2550 5417 2606 5470 δὲ
2643 5421 2778 5490 πρὸς
2808 5420 2966 5473 τοῦτο
2993 5421 3324 5492 πειθομένην
3354 5421 3458 5478 εἶδε
3493 5431 3585 5482 καὶ
3637 5430 3748 5485 οὐδ’

2175 5507 2352 5561 ὁτιοῦν
2382 5509 2773 5574 ἀνανεύουσαν,
2809 5511 2939 5580 μίαν
2961 5512 3068 5564 τῶν
3099 5513 3193 5566 τοῦ
3236 5522 3410 5585 κήπου
3438 5518 3748 5590 δεξαμενῶν

2179 5597 2369 5660 ὓδατος
2401 5598 2758 5669 πληρωθῆναι
2790 5600 3040 5655 κελεύει·
3083 5605 3178 5658 καὶ
3204 5605 3349 5660 οὓτω
3379 5609 3586 5672 πάντας
3629 5611 3748 5665 δισ-

2176 5691 2381 5758 λαθὼν,
2419 5691 2672 5763 βαπτίζει
2703 5695 2802 5764 τὴν
2875 5697 3242 5770 Ἐπιστήμην.
3297 5701 3445 5773 Δῦτη
3487 5704 3619 5771 γοῦν
3651 5695 3745 5757 καὶ

2179 5785 2316 5857 μετὰ
2333 5786 2396 5840 τὸ
2433 5785 2741 5858 βάπτισμα,
2765 5787 2992 5858 ἡμερῶν
3016 5789 3159 5844 ὀκτὼ
3182 5790 3596 5864 διαγενομένων,
3625 5812 3744 5856 και-
