4060 6374
273 273 374 341 101

1499 250 1675 314 VITA
1714 251 1776 311 S.
1816 251 2344 316 GALACTIONIS.

3435 247 3536 312 102

272 391 514 460 νήντινα
563 381 657 437 καὶ
683 378 931 449 ἀσυνήθη
977 373 1119 429 κατᾶ
1155 372 1282 435 τοὺς
1316 369 1516 432 ὕπνους
1558 369 1680 438 όψιν
1737 368 1860 460 ὁρᾷ.

1984 367 2176 422 ίοηιηίε
2201 368 2497 422 visionem.
2537 364 2839 422 Videbatur
2890 364 3039 420 enim
3071 364 3275 418 versari
3325 361 3380 417 in
3410 364 3539 431 qui-

286 457 499 534 ’έδόκει
529 473 638 543 γὰρ
667 471 796 541 περί
823 484 980 530 τινας
1009 467 1192 527 οἴκους
1231 461 1546 533 βασιλικοὺς
1585 457 1860 528 ἀναστρέ-

274 570 502 643 φεσθαι,
533 565 721 620 κάλλει
748 560 1015 629 ἀμυθὴτῳ
1047 557 1393 624 διαπρεπεῖς,
1425 552 1512 622 ἐφ’
1551 543 1626 613 οἷς
1663 550 1863 643 ἑκατε-

282 633 460 734 ρωθεν
486 633 686 729 ἠχοροὺς
724 654 852 722 περὶ
873 652 1001 712 τοὺς
1029 649 1246 716 τοίχους
1292 644 1547 698 ἵστασθαι
1569 643 1741 712 τρεῖς.
1762 633 1864 691 Ὦν

277 731 306 809 δ
333 754 434 823 μὲν
459 752 661 819 ἄνδρας
685 742 822 814 εἶχε,
849 740 1077 812 σεμνούς
1100 755 1160 790 τε
1191 738 1320 790 ἰδεῖν
1345 735 1442 788 καὶ⁹
1474 735 1634 803 στολῇ
1675 731 1863 802 μελαίο

277 862 350 918 νῃ
383 838 855 910 κεκοσμημένους,
905 835 934 885 δ
990 831 1238 899 δεύτερος
1277 828 1332 880 δὲ
1370 828 1630 894 γυναῖκας
1665 823 1864 892 ὁμοίως

279 911 516 1004 timida;
550 945 564 960 °
608 933 636 982 ὁ
664 928 719 980 δὲ
753 926 934 996 τρίτος
993 922 1278 992 παρθένων
1345 913 1449 989 ἦν,
1505 911 1593 979 αἷς
1643 915 1866 1004 επήνθει

285 1000 588 1095 shape-.71;
623 1018 928 1088 ἐπιτερπὴς
983 1013 1081 1068 καὶ
1137 1013 1298 1082 χάρις
1335 1000 1692 1080 προσεμειδῖα
1747 1009 1865 1071 ταῖς

283 1118 479 1184 ὂψεσιν
535 1110 866 1180 ἐλευθέριος.
897 1108 961 1163 Δί
983 1107 1166 1176 μέντοι
1191 1107 1449 1172 γυναῖκες
1479 1103 1536 1154 αἱ
1561 1101 1657 1174 τὴν
1687 1101 1867 1170 μέλαι-

284 1227 382 1261 ναν
423 1205 622 1274 στολὴν
683 1197 1172 1270 περιδεδλημέναι.
1227 1198 1323 1250 καὶ
1381 1194 1658 1263 πτέρυγάς
1714 1211 1868 1258 τινας

285 1299 536 1368 ἐῴκεσαν
568 1297 716 1364 ἐχειν
743 1294 832 1346 καὶ
866 1291 975 1360 πῦρ
999 1289 1242 1358 ἀφιέναι,
1273 1278 1443 1354 ὐφόὗ
1475 1287 1580 1338 πᾶν
1609 1285 1669 1338 τὺ
1693 1302 1870 1355 παρα-

286 1394 487 1445 πίπτον
518 1388 697 1440 ἐδόκει
728 1383 1050 1453 φλέγεσθαι.
1100 1378 1366 1441 Ἀκούσας
1404 1379 1588 1432 τοίνυν
1616 1379 1644 1430 ὁ
1696 1377 1736 1429 Γ
1740 1378 1870 1430 αλα-

290 1483 460 1534 κτίων
487 1481 548 1532 τὸ
580 1477 778 1550 ὀραθὲν
804 1517 820 1541 ,
851 1475 1105 1543 τοιαύτην
1134 1473 1288 1540 ἔλεγε
1318 1470 1415 1541 τὴν
1444 1469 1672 1540 δύναμιν
1698 1468 1868 1538 ἔχειν.

289 1573 498 1643 Είρηκε
525 1573 634 1639 γὰρ
665 1572 760 1622 καὶ
791 1569 918 1628 τους
943 1567 1088 1636 τρεῖς
1112 1565 1339 1625 τούτους
1375 1561 1572 1632 χοροὺς
1606 1561 1716 1614 τῶν
1765 1578 1872 1630 χω-

291 1665 561 1736 ριςόντων
609 1661 842 1722 ἑαυτοὺς
869 1660 1078 1725 κόσμου
1107 1657 1202 1710 καὶ
1230 1655 1340 1708 τῶν
1366 1654 1459 1707 τοῦ
1483 1653 1692 1722 κόσμου
1735 1653 1870 1706 πάν-

1964 458 2198 514 busdam
2248 457 2461 513 aedibus
2517 457 2683 527 regiis
2718 455 3136 526 pulchritudine
3179 471 3302 525 qua:
3353 455 3540 511 verbis

1940 543 1942 550 ’
1975 551 2246 619 explicari
2303 567 2415 605 non
2475 559 2674 620 potest,
2725 550 3028 620 insignibus
3056 567 3068 602 :
3094 550 3147 604 in
3184 548 3388 619 quibus
3428 558 3540 604 tres

1967 643 2225 711 utrinque
2243 642 2398 697 chori
2417 641 2635 698 stabant
2665 643 2809 697 circa
2835 643 3095 712 parietes.
3125 643 3368 707 Quorum
3397 655 3539 696 unus

1966 734 2189 805 quidem
2213 734 2452 788 habebat
2481 733 2628 787 viros
2657 735 2774 788 visu
2814 735 3094 798 honestos,
3133 744 3188 789 et
3213 746 3363 789 veste
3385 735 3538 800 nigra

1967 826 2206 880 indutos.
2231 825 2518 880 Secundus
2547 835 2728 881 autem
2781 827 3063 892 mulieres,
3102 842 3224 895 quae
3277 842 3336 881 se
3369 825 3541 880 babe-

1967 918 2098 972 bant
2125 919 2397 972 similiter.
2431 917 2656 973 Tertius
2699 935 2830 971 vero
2857 930 2972 973 erat
3003 920 3293 989 virginum.
3324 919 3376 972 in
3409 919 3538 988 qui-

1967 1011 2072 1066 bus
2106 1010 2350 1080 jucunda
2406 1009 2656 1078 quaedam
2709 1009 2940 1065 ﬂorebat
2978 1011 3255 1074 alacritas,
3289 1021 3344 1064 et
3399 1010 3542 1064 libe-

1969 1101 2105 1155 ralis
2131 1100 2308 1169 gratia
2343 1100 2396 1153 in
2422 1101 2575 1156 vultu
2603 1101 2901 1156 arridebat.
2929 1102 3183 1156 Mulieres
3222 1113 3404 1157 autem
3433 1103 3540 1156 illa:

1969 1192 2134 1262 nigra
2169 1201 2320 1246 veste
2348 1192 2576 1256 indute,
2602 1193 2932 1247 videbantur
2953 1194 3118 1248 etiam
3150 1194 3354 1248 habere
3383 1209 3547 1263 quas-

1971 1283 2092 1338 dam
2129 1300 2357 1351 pennas,
2389 1293 2445 1338 et
2483 1286 2660 1354 ignem
2713 1286 2986 1348 emittere,
3035 1301 3066 1339 a
3119 1301 3228 1356 quo
3273 1288 3544 1356 quidquid

1971 1375 2274 1439 incidebat,
2297 1378 2586 1431 videbatur
2609 1378 2882 1432 comburi.
2911 1377 3050 1433 Cum
3091 1389 3273 1433 autem
3321 1379 3375 1433 id
3395 1379 3544 1448 quod

1972 1468 2152 1522 visum
2220 1468 2421 1531 fuerat,
2487 1469 2795 1524 audivisset
2835 1468 3144 1533 Galaction,
3220 1469 3440 1524 dieebat
3491 1470 3545 1523 id

1971 1560 2114 1615 banc
2144 1560 2348 1615 habere
2373 1569 2721 1629 potestatem.
2761 1561 3074 1616 Dixitenim
3109 1562 3210 1616 hos
3239 1573 3354 1616 tres
3411 1562 3545 1617 clio-

1973 1667 2064 1706 ros
2115 1667 2238 1706 esse
2289 1666 2481 1705 eorum
2529 1652 2704 1721 quise
2733 1668 2765 1706 a
2802 1654 3008 1707 mundo
3059 1663 3337 1720 separant,
3379 1664 3438 1706 et
3479 1654 3548 1707 ab

289 1718 400 1807 των
425 1749 589 1816 εἶναι,
624 1718 926 1820 παρθενίαν
948 1718 1005 1801 τε
1034 1747 1438 1816 φυλαττόντων,
1476 1745 1573 1798 καὶ
1589 1718 1701 1815 ⁷ζῇν
1730 1745 1872 1796 κατὰ

1984 1742 2046 1796 iis
2099 1757 2222 1810 qua:
2276 1752 2404 1797 sunt
2442 1744 2652 1807 mundi,
2699 1754 2756 1799 et
2804 1757 3019 1800 servant
3059 1745 3455 1815 virginitatem,
3489 1755 3547 1800 et

289 1847 534 1916 Χριστόν
572 1841 1006 1910 ιῖτσιτανελομιένων⁹
1041 1837 1151 1892 τῶν
1180 1838 1237 1890 δὲ
1262 1837 1332 1890 τὰ
1364 1836 1595 1905 μέλαινα
1644 1834 1870 1904 περιδε-

291 1935 610 2007 6λημὲνων,
661 1933 757 1986 καί⁵
808 1931 1000 1992 αὐτοὺς
1031 1926 1183 1982 εἶπεν
1208 1928 1441 1980 ἐοικέναι
1471 1930 1580 1989 τοῖς
1603 1926 1871 1995 ἀγγέλοιςο

290 2027 526 2078 ἐκείνων
557 2024 668 2092 γὰρ
689 2024 744 2075 al.
773 2022 1038 2091 πτέρυγες
1069 2019 1164 2072 καὶ
1201 2019 1256 2072 τὸ
1289 2017 1399 2089 πῦρ
1427 2018 1590 2088 τάχος
1617 2017 1735 2088 ἅμα
1778 2016 1875 2069 καὶ

293 2119 460 2188 ἰσχὺν
497 2118 713 2185 ἄμαχον
745 2111 1131 2177 είκονξζουσιν.

366 2299 425 2352 l'.
470 2296 539 2349 Ἦ
566 2292 876 2362 Ἐπιστήμη
908 2291 982 2354 δὲ,
1018 2289 1222 2344 τούτων
1241 2289 1524 2345 ἀκούσασα
1543 2329 1556 2352 ,
1590 2287 1749 2351 εὐθὺς
1775 2292 1874 2358 τὴν

291 2391 585 2458 εὐγένειάν
624 2405 685 2439 τε
735 2390 830 2439 καὶ
867 2385 928 2436 τὸ
962 2383 1250 2452 φιλόκαλον
1294 2375 1391 2452 τῆς
1440 2384 1648 2445 οίκείας
1684 2382 1873 2452 ἐδήλου

289 2485 495 2556 ψυχῆς,
525 2484 584 2534 ὲν
623 2479 892 2548 ἐπιθυμίᾳ
919 2493 976 2528 τε
998 2475 1096 2544 τῆς
1139 2476 1250 2527 τῶν
1278 2474 1586 2544 όραθέντων
1616 2477 1873 2546 γινομένη

296 2574 753 2646 μεγαλειότητος,
787 2565 934 2636 Ἀρά
966 2583 1052 2634 γε,
1091 2560 1270 2629 εἶπεν,
1299 2567 1345 2618 εί
1375 2565 1734 2634 διασταίημεν
1773 2568 1868 2618 ἀπ’

288 2667 569 2732 ἀλλήλων,
611 2663 768 2729 ἄνερ,
801 2662 894 2714 καὶ
926 2661 1044 2725 Θεῷ
1086 2660 1609 2730 προσχωρήσαιμιν,
1652 2658 1878 2725 δυνησό-

296 2759 436 2830 μεθα
471 2757 571 2809 καὶ
613 2756 710 2824 τὴν
740 2757 819 2816 είς
860 2752 1118 2822 ἀλλήλους
1146 2751 1386 2805 διάθεσιν
1413 2748 1716 2820 ἀχώριστον
1755 2766 1880 2801 συν·

294 2855 536 2922 τηρείνς
589 2846 795 2899 Τούτου
836 2862 927 2915 μοι
978 2844 1117 2897 δίδου
1173 2842 1462 2913 βεόαίωσιν
1509 2841 1747 2910 ἀσφαλῆ,
1785 2841 1880 2893 καὶ

294 2945 396 2995 οὐκ
432 2942 780 3009 ἐκστήσομαι
819 2938 1040 2989 πώποτε
1070 2937 1163 2988 τοῦ
1197 2935 1270 3005 μὴ
1304 2936 1579 2987 κοινωνεῖν
1607 2950 1688 2986 σοι
1719 2932 1879 3002 τῆσδε

1974 1833 2263 1902 elegerunt
2338 1833 2503 1888 vitam
2580 1849 2741 1904 agere
2811 1834 3038 1890 Christo
3091 1838 3539 1892 convenientem.

1977 1923 2178 1975 Eorum
2210 1933 2414 1983 autem,
2449 1927 2544 1992 qui
2572 1938 2732 1978 erant
2770 1927 2923 1995 nigra
2971 1938 3122 1982 veste
3170 1929 3368 1994 induti,
3401 1931 3549 1997 ipsos

1975 2013 2112 2067 dixit
2139 2028 2260 2066 esse
2294 2013 2500 2067 similes
2523 2016 2770 2084 angelis;
2801 2017 3019 2071 illorum
3050 2019 3198 2072 enim
3253 2035 3442 2088 pennae
3489 2028 3546 2074 et

1976 2102 2118 2171 ignis
2177 2102 2340 2155 simul
2363 2101 2704 2158 celeritatem
2751 2115 2806 2160 et
2833 2106 2980 2160 vires
3028 2107 3344 2176 exprimunt
3387 2108 3545 2162 inex-

1975 2195 2324 2264 pugnabiles.

2048 2286 2112 2340 Χ.
2156 2286 2429 2356 Episteme
2456 2297 2640 2346 autem
2685 2287 2771 2344 bis
2801 2289 3021 2354 auditis,
3070 2291 3255 2346 statim
3302 2291 3549 2350 ostendit

1975 2364 2301 2448 generosum
2329 2380 2592 2442 animum,
2648 2389 2706 2434 et
2759 2396 2939 2435 rerum
2995 2382 3347 2438 honestarum
3401 2400 3553 2440 amo-

1977 2487 2092 2525 rem
2120 2487 2132 2524 :
2167 2481 2220 2526 et
2251 2481 2406 2542 capta
2439 2473 2711 2530 desiderio
2740 2475 3131 2542 magnitudinis
3189 2491 3382 2534 eorum
3431 2493 3554 2546 quan

1977 2564 2092 2616 visa
2127 2562 2346 2618 fuerant
2376 2581 2390 2618 :
2422 2566 2562 2620 Num
2590 2580 2740 2628 vero,
2779 2566 2978 2635 inquit.
3005 2581 3038 2620 ο
3068 2568 3282 2628 marite,
3310 2569 3358 2622 si
3394 2585 3423 2623 a
3456 2585 3556 2623 no-

1979 2654 2062 2708 bis
2097 2656 2328 2710 invicem
2362 2657 2795 2722 discesserimus,
2847 2669 2904 2713 et
2953 2661 3022 2714 ad
3054 2660 3223 2714 Deum
3255 2663 3556 2718 accesseri—

1979 2763 2125 2812 mus,
2161 2749 2462 2817 poterimus
2491 2765 2609 2806 eam
2657 2765 2900 2819 quoque.
2946 2766 3069 2819 qua:
3111 2762 3196 2806 est
3235 2753 3380 2807 inter
3430 2769 3553 2820 nos,

1980 2853 2307 2897 conservare
2339 2840 2724 2899 affectionem?
2749 2843 2820 2898 Da
2857 2842 2992 2898 mihi
3025 2843 3190 2912 hujus
3234 2847 3308 2898 rei
3339 2843 3552 2898 (inuam

1982 2939 2037 2984 et
2077 2939 2284 2986 certam
2327 2931 2641 2987 cautionem
2673 2948 2688 2990 :
2722 2946 2825 2987 nec
2849 2947 2951 3002 ego
2990 2948 3227 3001 unquam
3266 2935 3554 3000 recusabo,

295 3034 396 3104 τῆς
426 3033 830 3101 προαιρέσεως.
873 3028 1026 3082 Ἐπεὶ
1073 3028 1132 3080 δὲ
1171 3026 1419 3096 ἀλλήλοις
1457 3027 1685 3095 ἰσχυρὰς
1723 3024 1881 3078 δεδώο

1984 3025 2279 3092 quominus
2309 3023 2410 3080 sim
2445 3024 2544 3078 tibi
2577 3024 2723 3078 socia
2771 3024 2937 3092 hujus
2969 3027 3259 3094 propositi.
3288 3027 3424 3082 Cum
3455 3044 3556 3083 au-

297 3141 431 3177 κασι
476 3124 691 3184 πίστεις
741 3121 821 3192 μὴ
864 3120 959 3174 ἀπ’
1003 3118 1251 3190 ἀλλήλων
1293 3118 1433 3171 κατὰ
1479 3116 1708 3186 γνώμην
1749 3117 1880 3170 ποτὲ

295 3209 696 3277 διαναστῆναι,
728 3209 757 3259 ὁ
797 3206 1111 3260 Γαλακτίων
1163 3205 1230 3259 τὰ
1267 3203 1472 3274 συνήθη
1501 3204 1567 3258 δι’
1605 3205 1882 3274 ἱκετηρίας

299 3301 546 3371 ἐντυχὼν
594 3300 674 3370 τῷ
724 3297 863 3369 Θεῷ,
930 3301 996 3368 τῇ
1066 3298 1379 3370 Ἐπιστήμῃ
1445 3298 1511 3349 τὰ
1574 3299 1884 3350 συνοίσοντα

305 3391 584 3456 ὑπετίθει,
620 3391 692 3442 Σὺ
729 3392 828 3461 μὲν
867 3388 1046 3452 ἄπιθι,
1091 3387 1291 3456 λέγων,
1331 3391 1428 3443 καὶ
1468 3391 1580 3448 τοῖς
1608 3388 1884 3458 δεομένοις

303 3479 633 3550 ἐλευθερίως
665 3480 734 3530 τα
784 3477 1057 3548 προσόντα
1093 3475 1368 3546 διάνειμε,
1424 3475 1523 3528 οὐκ
1549 3475 1883 3540 ἀναλίσκειν,

301 3577 444 3631 ἀλλὰ.
482 3574 838 3647 θησαυρίζειν
876 3571 1080 3642 μᾶλλον
1113 3570 1256 3625 αὐτὰ
1302 3572 1361 3623 ἐν
1405 3570 1622 3628 ἀσύλοις
1667 3570 1890 3622 πιστεύσ

302 3686 444 3724 ουσα
474 3683 488 3698 ⁸
529 3665 641 3735 ἐγὼ
687 3666 745 3718 δέ
782 3683 866 3718 σοι
915 3665 1010 3718 κα)⁵
1056 3663 1249 3716 τούτου
1300 3662 1470 3726 τύπος
1528 3662 1750 3731 ἔσομαι,
1794 3663 1887 3714 καὶ

308 3759 530 3831 πρῶτος
581 3759 688 3810 τῶν
749 3754 902 3827 ὲμῶν
972 3756 1272 3824 ποιήσομαι
1317 3753 1415 3822 τὴν
1468 3753 1753 3823 διανομὴν,
1788 3753 1888 3805 οὐκ

308 3851 466 3921 ὀλίγῃ
499 3851 593 3901 καὶ
630 3848 928 3919 φειδομένῃ
975 3846 1144 3917 χειρὶ,
1195 3845 1333 3898 ἀλλὰ
1391 3845 1693 3914 φιλοτίμως
1732 3845 1889 3910 ἐξαν-

311 3943 452 3995 τλῶν
493 3943 589 3994 καὶ
634 3939 931 4002 πλουσίως.
974 3939 1066 3999 Εἰς
1105 3935 1202 4008 τὴν
1239 3936 1430 4005 τρίτην
1453 3936 1509 3988 δὲ
1541 3936 1672 4005 ἡμῖν
1699 3935 1884 4006 ἀφίξῃ,

315 4038 409 4089 καί
449 4035 593 4088 κατά
619 4051 682 4102 γε
711 4034 771 4085 τὸ
802 4030 1134 4102 ἀμφοτέροις
1173 4029 1332 4096 δόξαν
1361 4029 1817 4098 οίκονομήσομεν.

387 4298 494 4352 lA'.
537 4297 691 4350 Ἐπεὶ
729 4295 823 4348 οὖν
860 4295 929 4348 τὰ
967 4295 1096 4347 ὅντα
1135 4311 1192 4346 τε
1231 4293 1575 4361 διενείμαντο
1604 4291 1697 4345 καὶ
1730 4291 1893 4362 ἀλλή-

316 4389 428 4452 λοις
469 4387 755 4456 συνῆλθον,
817 4383 1113 4454 Εύτό).μιόν
1173 4400 1296 4436 τινα
1349 4384 1566 4438 πάντων
1616 4376 1692 4434 ὧν
1748 4377 1891 4450 εἶχον
1926 4369 1968 4424 D

317 4478 677 4532 εὐνούστατον
745 4477 1064 4546 ὑπάρχοντα
1115 4472 1468 4543 θεραπόντων
1500 4512 1517 4540 ,
1575 4472 1895 4526 ἀκολουθεῖν

317 4571 709 4640 ἐντειλάμενοι,
742 4567 1036 4637 ἐξήρχοντο
1056 4566 1156 4633 τῆς
1191 4565 1393 4628 οἰκίας,
1444 4563 1536 4615 τὸν
1577 4563 1685 4616 τῶν
1737 4581 1896 4633 μονο-

315 4665 540 4734 τρὸπων
604 4659 891 4730 μέλλοντες
955 4657 1208 4710 ὑπελθεῖν
1266 4656 1404 4726 βίον.
1453 4657 1597 4710 Δέκα
1653 4657 1711 4710 δὲ
1771 4657 1899 4720 ὅλας

315 4756 536 4825 ἡμέρας
558 4752 1032 4822 ὁδοιπορήσαντες,
1057 4748 1183 4820 δρος
1211 4749 1468 4816 φθάνουσι
1499 4748 1768 4803 Πούπλιον
1799 4749 1899 4819 μὲν

318 4844 427 4896 ὑπὸ
460 4841 568 4893 τῶν
599 4838 1033 4911 προσοικούντων
1068 4837 1429 4907 καλούμενον,
1489 4839 1656 4906 ἔγγὺς
1694 4838 1750 4891 δέ
1797 4856 1898 4891 που

315 4935 415 4986 τοῦ
451 4934 587 4984 sna
641 4932 897 5002 κείμενον
943 4929 1124 4999 ὅρους.
1171 4928 1337 4983 Ἔνθα
1372 4928 1692 4983 δυοκαίδεκα
1735 4947 1902 5000 μοειαο

311 5026 432 5094 κοῖς
459 5020 798 5090 ἐντυχόντες,
824 5016 1128 5090 ἁσκητικὴν
1153 5016 1431 5070 πολιτείαν
1457 5020 1898 5090 μετερχομένοις,

311 5120 387 5166 τε
425 5113 526 5166 τοῦ
589 5112 794 5164 σκοποῦ
840 5128 898 5162 τε
961 5111 1146 5172 αὐτοῖς
1199 5109 1536 5181 διηγόρευον,
1596 5111 1690 5164 καὶ
1732 5128 1902 5181 προς-

311 5206 599 5276 ὶτζθῇναι
658 5204 752 5255 καὶ
814 5201 891 5270 τῷ
943 5201 1228 5271 καταλόγῳ
1287 5201 1494 5254 τούτων
1555 5203 1900 5272 ἐγγραφῆναι

307 5299 508 5367 ἠξίουν
538 5312 552 5325 ·
588 5296 618 5348 ὃ
655 5295 721 5364 δὴ
766 5294 863 5346 καὶ
909 5294 967 5345 ού
1009 5293 1234 5356 πολλαῖς
1280 5295 1520 5363 ἡμέραις
1566 5292 1789 5364 ὕστερον
1821 5295 1903 5362 γι-

307 5408 491 5445 νεται.
533 5391 641 5443 Καὶ
685 5387 1004 5440 Γαλακτίων
1051 5387 1150 5455 μὲν
1181 5385 1255 5452 τῷ
1287 5386 1526 5455 τάγματι
1557 5387 1662 5440 τῶν
1689 5388 1900 5453 ἀνδρῶν

309 5483 526 5534 τούτων
554 5478 1063 5550 συναριθμεῖταιυί)
1103 5477 1414 5549 Ἑπιστήμη
1438 5477 1492 5531 δὲ
1526 5479 1658 5549 πρός
1700 5497 1754 5531 τι
1793 5480 1900 5533 τῶν

305 5573 727 5640 ἀπῳκισμένων
753 5567 1021 5636 σεμνείων
1048 5567 1138 5619 ὑπ’
1171 5567 1336 5622 αὑτοῦ
1373 5568 1669 5635 στέλλεται,
1702 5568 1831 5640 παρ’

306 5668 576 5735 τέτταρες
603 5661 876 5730 ἠσκοῦντο
916 5659 1191 5730 παρθένοι.

1987 3124 2093 3170 tem
2130 3116 2230 3170 sibi
2263 3117 2495 3170 invicem
2521 3123 2709 3170 sancte
2737 3116 3020 3176 dedissent
3055 3117 3239 3181 fidem,
3271 3135 3558 3188 nunquam

1983 3221 2104 3262 esse
2132 3224 2161 3262 a
2189 3223 2250 3261 se
2283 3207 2514 3262 invicem
2560 3208 2759 3265 animis
2809 3210 3222 3279 disjungendos,
3275 3211 3558 3268 Galaction

1985 3313 2110 3354 cum
2145 3298 2315 3353 Deum
2367 3298 2624 3366 prccabus
2651 3298 2719 3353 de
2744 3315 2895 3354 more
2923 3312 3068 3357 esset
3095 3302 3390 3367 allocutus,
3436 3319 3563 3374 sng-

1986 3391 2154 3466 gessit
2181 3390 2474 3459 Epistei'naa
2501 3406 2564 3445 ea
2601 3407 2721 3460 quae
2747 3404 2906 3448 erant
2935 3394 3118 3448 futura
3161 3395 3210 3448 ei
3241 3395 3566 3449 conducibi-

1987 3483 2080 3548 lia,
2111 3482 2307 3538 diccns
2335 3500 2347 3536 :
2379 3484 2459 3537 Tu
2490 3485 2712 3554 quidem
2737 3485 2849 3550 abi,
2883 3497 2940 3540 et
2969 3486 3368 3557 indigentibus,
3425 3501 3564 3556 quas

1989 3575 2160 3634 babes
2214 3575 2524 3638 facultates,
2562 3575 2835 3630 distribue
2871 3577 3199 3643 liberaliter,
3247 3578 3478 3633 credens
3509 3587 3562 3633 te

1988 3681 2099 3720 non
2128 3681 2220 3720 eas
2253 3681 2598 3730 consumere,
2619 3667 2716 3722 sed
2749 3667 3066 3722 thesaurum
3097 3669 3280 3737 potius
3301 3670 3356 3723 in
3381 3669 3563 3725 locum

1993 3763 2167 3810 tutum
2197 3773 2488 3826 reponere.
2523 3758 2640 3826 Ego
2665 3766 2848 3812 autem
2876 3760 3038 3829 hujus
3068 3758 3146 3814 rei
3187 3776 3275 3815 me
3303 3761 3401 3814 tibi
3435 3776 3565 3830 pro-

1990 3864 2186 3918 ponam
2214 3851 2512 3918 cxemplar,
2536 3860 2592 3905 et
2614 3850 2824 3919 primus
2857 3867 3040 3906 rerum
3067 3867 3318 3906 mearum
3363 3851 3561 3907 faciam

1992 3939 2458 4005 distributionem,
2483 3956 2590 3994 non
2621 3957 2785 3996 avara
2810 3950 2865 3996 et
2900 3957 3063 4011 parca
3104 3958 3292 4008 manu,
3315 3943 3411 3998 sed
3443 3960 3566 3998 mu-

1993 4033 2156 4086 nifice
2178 4040 2234 4086 et
2262 4033 2480 4086 abunde
2509 4048 2602 4086 eas
2632 4033 2987 4088 exhauriens.
3019 4034 3218 4090 Venies
3247 4045 3428 4090 autem
3459 4047 3567 4092 ter-

1997 4127 2072 4180 tio
2102 4123 2212 4188 die,
2249 4134 2304 4177 et
2331 4133 2496 4192 prout
2518 4125 2767 4192 utrisque
2785 4123 2965 4184 visum
3004 4121 3193 4192 fuerit,
3220 4127 3566 4197 dispensabi-

1999 4229 2144 4267 mus.

2068 4307 2162 4361 XI.
2197 4307 2333 4362 Cum
2368 4322 2505 4378 ergo
2547 4323 2668 4377 quze
2711 4309 3010 4378 habebant,
3050 4309 3483 4379 distribuissent,
3514 4323 3570 4370 et

2000 4400 2144 4454 inter
2179 4415 2238 4455 se
2267 4401 2673 4464 convenissent,
2703 4401 2982 4456 Eutolmto
3007 4404 3276 4470 omnium,
3308 4420 3446 4474 quos
3476 4407 3573 4461 ha-

2001 4491 2228 4554 bebant,
2272 4491 2603 4544 famulorum
2651 4491 3176 4548 benevelentissimo
3211 4498 3363 4566 sequi
3393 4498 3571 4565 jusso,

2000 4578 2202 4649 egressi
2237 4588 2366 4634 sunt
2397 4580 2562 4633 vitam
2603 4583 2910 4651 suscepturi
2944 4583 3270 4640 solitariam.
3301 4586 3437 4642 Cum
3477 4605 3575 4642 au-

2004 4679 2114 4724 tem
2165 4670 2530 4724 confecissent
2576 4671 2681 4725 iter
2729 4671 2920 4729 decem
2950 4674 3193 4740 dierum,
3237 4679 3468 4733 veniunt
3503 4679 3574 4734 ad

2002 4772 2268 4823 montem,
2301 4763 2395 4831 qui
2425 4764 2494 4817 ab
2519 4765 2712 4820 incolis
2733 4765 2954 4834 quidem
2985 4769 3290 4836 appellatur
3323 4771 3572 4838 Publius,

2002 4860 2085 4906 est
2117 4859 2300 4906 autem
2330 4866 2499 4921 prope
2530 4864 2772 4912 montem
2811 4855 2962 4911 Sina.
2993 4857 3113 4924 Quo
3138 4858 3193 4912 in
3221 4860 3348 4913 loco
3367 4875 3492 4914 cum
3519 4863 3573 4917 in

2004 4941 2194 4997 decem
2234 4944 2532 4997 monachos
2594 4944 2940 5012 incidissent,
2983 4948 3080 5016 qui
3133 4949 3298 5003 vitam
3347 4966 3576 5008 exerce-

2003 5030 2135 5086 bant
2162 5032 2542 5096 monasticam,
2589 5035 2671 5101 eis
2719 5046 3015 5090 narrarunt
3064 5053 3223 5091 suum
3253 5054 3480 5108 sc0pum
3519 5051 3576 5096 et

2005 5120 2340 5185 institutum,
2373 5129 2430 5176 et
2455 5133 2732 5192 rogarunt,
2753 5133 2815 5178 ut
2831 5125 3279 5181 adscriberentur
3305 5131 3359 5180 in
3382 5141 3573 5184 eorum

2006 5226 2302 5270 numerum
2339 5229 2353 5266 :
2383 5212 2532 5280 quod
2568 5213 2792 5282 quidem
2832 5214 2890 5269 fit
2926 5229 3036 5272 non
3079 5215 3266 5270 multis
3297 5223 3420 5282 post
3461 5216 3579 5270 die-

2009 5302 2131 5358 bus.
2163 5303 2234 5358 Et
2261 5303 2545 5360 Galaction
2579 5307 2798 5373 quidem
2839 5306 3075 5360 refertur
3110 5307 3165 5362 in
3196 5306 3446 5360 ordinem
3477 5305 3580 5362 ho-

2009 5406 2132 5445 rum
2156 5393 2400 5446 virorum
2427 5409 2443 5445 :
2471 5393 2748 5461 Episteme
2777 5403 2960 5450 autem
2994 5395 3232 5449 mittitur
3259 5395 3327 5450 ab
3357 5396 3476 5464 ipso
3508 5398 3578 5453 ad

2007 5481 2289 5550 quoddam
2351 5484 2540 5551 procul
2593 5495 2861 5538 remotum
2903 5485 3320 5555 monasterium,
3369 5487 3426 5543 in
3463 5499 3580 5558 quo

2008 5581 2248 5640 quatuor
2285 5573 2687 5630 exercebantur
2712 5574 2974 5646 virgines.
