4066 6372
454 350 457 353 λ
489 326 593 389 1οθ7

1666 338 1669 341 ‘
1714 354 1721 359 -
1748 322 2035 383 MENSIS
2067 322 2507 385 NOVEMBER.

3628 286 3740 384 tos

563 435 726 492 XVII.
756 432 870 490 Hoc
902 441 1083 488 autem
1121 446 1247 487 eum
1288 429 1490 487 factum
1520 438 1666 488 esset
1695 445 1889 502 magna
1922 430 2064 487 cele-

2237 433 2338 491 IZ'.
2387 434 2593 488 Τούτου
2641 433 2697 487 δὶ
2744 421 2923 504 πολλῷ
2966 432 3044 503 τῷ
3083 433 3237 504 τάχει
3270 421 3612 500 τελεσθέντος
3647 444 3743 489 καὶ

472 530 672 591 ritate,
709 537 770 583 et
812 527 869 580 in
897 526 1119 594 longum
1153 525 1263 593 jam
1290 531 1438 578 esset
1476 522 1809 593 productum
1849 523 2062 592 suppii-
2113 509 2123 533 ⁵

452 625 658 685 “cium,
692 620 959 675 adversus
1002 617 1190 671 omnia
1232 615 1476 685 quidem,
1519 630 1643 685 qute
1682 615 2061 671 inferebantur

460 713 716 767 Amolesta
751 719 807 764 et
861 718 1320 779 aspera.-martyr
1364 706 1675 761 mirandum
1731 707 1786 762 in
1831 707 2056 762 modum

454 834 461 838 ~
489 801 847 865 decertabat;
879 799 1104 852 minime
1149 814 1282 853 vero
1315 798 1713 853 intermittebat
1766 797 2060 853 vociferari

456 894 761 947 ~adversus
789 890 1053 960 iudicem,
1102 897 1163 944 et
1184 890 1245 944 ei
1284 889 1620 959 exprobrare
1648 890 1725 943 rei
1764 889 2061 959 turpitudi-

490 1001 641 1050 nem,
678 983 824 1052 quod
853 993 1128 1043 naturam,
1161 997 1324 1051 quam
1362 990 1644 1051 oporteret
1674 981 1899 1051 quidem
1943 997 2063 1036 ma-

472 1091 623 1131 ~nere
646 1091 757 1129 non
790 1075 1105 1127 venientem
1141 1073 1195 1125 in
1232 1083 1587 1142 conspectum
1619 1072 1926 1136 hominum,
1949 1087 2061 1127 non

460 1167 839 1226 "solummodo
879 1166 1142 1220 sustinuit
1168 1166 1408 1234 aperire,
1438 1168 1534 1220 sed
1572 1166 1759 1220 multis
1779 1166 1943 1220 etiam
1989 1167 2068 1219 vi-

492 1260 750 1316 dentibus
784 1258 948 1329 jussit
971 1258 1239 1311 cruciare.
1274 1259 1569 1328 Propterea
1599 1270 1675 1322 te,
1710 1259 1910 1327 inquit,
1945 1273 2065 1312 ma-

482 1365 625 1410 nent
661 1354 771 1408 illic
794 1351 1078 1422 supplicia.
1116 1353 1382 1405 Cancrum
1425 1351 1513 1406 hie
1543 1366 1789 1422 quoque,
1824 1368 1933 1406 non
1967 1352 2063 1406 diu

480 1448 714 1508 «abhinc.
752 1460 849 1499 vos
890 1447 1098 1515 justum
1129 1444 1223 1497 Dei
1270 1444 1462 1512 puniet
1510 1443 1861 1512 supplicium.
1894 1442 2064 1507 Dixit,

484 1548 550 1593 et
583 1537 851 1607 evestigio
880 1543 1069 1589 secuta
1094 1544 1180 1589 est
1218 1533 1452 1603 justitia,
1486 1542 1543 1587 et
1566 1534 1685 1588 visu
1717 1534 1895 1589 orbati
1931 1549 2066 1588 con-

490 1631 667 1702 specti
697 1638 848 1689 sunt,
882 1628 975 1697 qui
996 1638 1152 1680 erant
1188 1628 1330 1680 circa
1390 1625 1698 1694 praesidem.
1740 1625 1853 1680 Hoc
1880 1637 2062 1680 autem

491 1731 698 1777 sanctae
744 1719 967 1790 quidem
1026 1719 1275 1786 gloriam,
1301 1716 1368 1769 iis
1398 1731 1554 1780 vero,
1591 1715 1684 1784 qui
1740 1716 2062 1785 puniebant,

488 1789 811 1868 conciliavit
842 1812 1094 1866 salutem.
1134 1808 1435 1864 Oculorum
1462 1808 1613 1862 enim
1648 1810 1865 1863 caecitas
1893 1810 2068 1876 depu-
2099 1789 2139 1843 Β

494 1906 561 1959 Iit
582 1905 776 1958 animae
813 1903 1039 1965 nubem,
1090 1909 1147 1955 et
1183 1913 1281 1954 eos
1314 1898 1640 1953 illuminavit
1665 1899 1790 1953 luce
1834 1900 1928 1953 Dei
1975 1914 2068 1953 co-

497 1996 779 2065 gnitionis.
826 1993 1124 2062 Propterea
1153 1988 1386 2044 confessi
1422 1996 1553 2043 sunt
1595 2002 1655 2042 se
1694 1986 1917 2043 Christo
1947 2001 2067 2042 ere-

495 2087 652 2153 dere,
689 2095 746 2140 et
782 2098 972 2138 rursus
1009 2096 1133 2136 eum
1175 2081 1297 2135 luce
1325 2080 1520 2134 animae
1548 2078 2067 2148 acceperuntetiam

494 2183 674 2237 lucem
703 2178 987 2234 oculorum
1024 2174 1296 2244 corporis,
1343 2172 1447 2227 viri
1473 2188 1583 2228 non
1629 2173 1741 2228 duo
1787 2182 1886 2228 aut
1933 2183 2066 2238 tres,

495 2273 589 2329 sed
619 2271 1016 2341 quinquaginta
1052 2275 1163 2322 tres
1187 2280 1438 2320 numero.

566 2363 755 2418 XVIII.
789 2361 896 2417 Sed
921 2359 1190 2414 lieethaee
1222 2358 1364 2412 facta
1388 2358 1618 2423 fuerint,
1659 2372 1863 2429 praeses
1890 2358 2070 2413 adhuc

499 2462 686 2509 mente
714 2450 1011 2506 excutiens
1032 2491 1046 2515 ,
1074 2457 1262 2519 utpote
1293 2448 1441 2519 quod
1479 2450 1673 2503 vitium
1712 2458 1855 2504 esset
1891 2450 1940 2504 ei
1962 2451 2071 2507 alte

499 2548 856 2614 impressum,
882 2543 1042 2613 jubet
1071 2541 1125 2594 in
1155 2548 1402 2595 extremo
1420 2540 1545 2595 acui
1578 2538 1965 2605 arundines,et
1989 2541 2072 2596 in-

496 2637 913 2709 ﬂgisauctorum
933 2633 1227 2704 unguibus.
1245 2632 1398 2698 Quod
1419 2648 1543 2686 cum
1566 2633 1850 2689 celerrime
1867 2634 2069 2689 factum

501 2741 675 2795 esset,
728 2728 906 2783 sancti
953 2728 1007 2781 in
1056 2725 1347 2780 doloribus
1392 2726 1654 2796 majorem
1706 2722 2074 2781 ostendebant

497 2817 903 2883 fortitudinem,
943 2817 995 2871 ei
1031 2825 1256 2886 propter
1308 2830 1472 2884 quem
1527 2815 1644 2869 haec
1702 2814 2069 2879 sustinebant,

500 2924 725 2981 magnas
767 2915 993 2979 agentes
1027 2909 1252 2978 gratias,
1308 2915 1364 2961 et
1390 2905 1558 2960 falsos
1591 2905 1725 2961 deos
1767 2906 2072 2963 aﬂicientes

499 3004 869 3059 contumeliis.
904 3002 1082 3058 Iudex
1113 3009 1296 3055 autem
1329 3013 1521 3053 rursus
1556 2998 1713 3069 jubet
1745 3014 1840 3053 eos
1869 3001 2072 3069 privari

2168 527 2251 590 είς
2286 528 2497 597 μακρὸν
2544 525 2645 599 ἤδη
2694 525 3107 597 παραταθείσης
3158 529 3260 598 τῆς
3290 528 3581 599 τιμωρίας,
3613 534 3743 598 περὶ

2167 615 2349 667 πᾶσαν
2384 614 2483 685 μὲν
2515 613 2811 684 ἐπαγωγὴν
2856 614 2966 667 τῶν
3013 615 3201 670 δεινῶν
3246 618 3280 687 ἡ
3323 617 3535 689 μάρτυς
3574 620 3745 690 ὑπὲρ·

2165 705 2322 783 ςρυῶς
2358 706 2717 778 ἀπεμάχετοο
2767 706 2920 759 οὐδὲν
2974 706 3032 760 δὲ
3085 708 3225 763 ἀνίει
3277 709 3600 763 καταϐοῶσα
3650 713 3743 763 τοῦ

2165 796 2444 863 δικαστοῦ,
2500 799 2596 851 καὶ
2645 796 2707 850 τὸ
2751 796 2846 850 τοῦ
2895 798 3220 868 πράγματος
3274 800 3513 869 ἄσεμνον
3557 803 3746 855 ὀνειδί-

2170 886 2380 951 ζουσα’
2440 888 2521 941 ὅτι
2578 887 2740 956 φύσιν
2791 890 2860 960 ἢν
2911 889 3020 942 ἔδει
3076 890 3354 960 διαμένειν
3402 891 3631 945 ἀθέατον
3679 894 3743 945 οὐ

2173 976 2333 1045 μόνον
2364 976 2548 1040 ἁπλῶς
2582 976 2945 1031 ἐκκαλύπτειν
2974 978 3256 1048 ἠνέσχετο,
3287 979 3423 1033 ἀλλὰ
3472 982 3570 1034 καὶ
3615 982 3746 1035 πολ-

2168 1066 2278 1121 λῶν
2306 1068 2538 1122 ἐνώπιον
2578 1069 2844 1140 ἐπέτρεψε
2889 1069 3273 1139 τιμωρεῖσθαι.
3316 1071 3415 1124 Διά
3451 1072 3609 1125 τοῦτο
3644 1076 3744 1141 μὲ-

2169 1164 2321 1218 νουσί
2368 1181 2450 1229 σε,
2484 1164 2642 1232 φησὶ,
2674 1164 2746 1217 τὰ
2774 1165 2984 1217 ἐκεῖθεν
3008 1164 3388 1236 δικαιωτὴρια.
3433 1166 3580 1236 Πλὴν
3609 1167 3745 1219 ἀλλᾶ

2169 1254 2447 1308 κάνταῦθα
2480 1255 2579 1308 οὐκ
2621 1255 2700 1317 εἰς
2729 1255 2946 1324 μακρὰν
2978 1255 3122 1323 ὑμᾶς
3148 1256 3181 1323 η
3215 1253 3400 1309 δικαία
3442 1256 3618 1326 κρὶσ;ς
3648 1256 3743 1309 τοῦ

2169 1347 2304 1400 Θεοῦ
2353 1346 2760 1416 μετελεύσεται.
2829 1342 2988 1410 Eine,
3038 1348 3134 1400 καὶ
3165 1348 3199 1418 ἡ
3247 1346 3372 1416 δίκη
3403 1347 3545 1402 κατά
3577 1348 3748 1411 πόδας

2168 1438 2333 1501 εὐθὺς
2383 1438 2594 1504 εἵπετο,
2644 1437 2740 1490 καὶ
2777 1438 3169 1508 πεπηρωμένοι
3201 1438 3302 1502 τὰς
3342 1439 3492 1507 Bai/st;
3525 1441 3575 1493 οί
3611 1443 3743 1508 περὶ

2167 1528 2260 1580 τὸν
2320 1528 2558 1598 ἄρχοντα
2615 1528 2994 1596 καθεωρῶντο.
3036 1527 3210 1582 Τοῦτο
3252 1529 3406 1600 δὲτῇ
3457 1531 3557 1600 μὲν
3608 1532 3743 1600 ἀγέᾳ

2156 1612 2346 1689 δόξης,
2371 1622 2482 1682 τοῖς
2502 1618 2795 1687 κολάζουσι
2816 1619 2873 1672 δὲ
2908 1619 3166 1690 πρόξενον
3197 1621 3416 1687 ἐγένετο
3447 1621 3744 1693 σωτηρίας.

2181 1709 2244 1762 Ἢ
2288 1711 2396 1782 γὰρ
2437 1710 2547 1763 τῶν
2570 1711 2869 1781 ὀφθαλμῶν
2901 1713 3168 1782 πήρωσις,
3206 1712 3266 1765 τὸ
3294 1715 3397 1783 τῆς
3436 1713 3617 1786 ψυχῆς
3657 1716 3746 1769 νέ-

2168 1820 2286 1871 φος,
2320 1803 2417 1856 καὶ
2445 1805 2563 1871 φῶς
2589 1804 2771 1865 αὐτοῖς
2802 1803 3125 1872 θεογνωσίας
3153 1802 3474 1876 ἀπηύγασε.’
3507 1807 3586 1860 Δι’
3616 1808 3749 1862 αὐτὸ

2170 1894 2265 1955 καὶ
2318 1893 2596 1947 πιστεύειν
2652 1893 3012 1964 ὡμολόγησαν
3043 1895 3120 1965 τῷ
3154 1895 3402 1967 Χριστῷ,
3449 1900 3542 1951 καὶ
3599 1901 3749 1952 ἀντι-

2171 1986 2421 2056 στρόφως
2445 1986 2610 2040 πάλιν
2639 1988 2737 2040 σὺν
2772 1985 2851 2056 τῷ
2893 1989 3033 2057 φωτὶ
3073 1989 3174 2060 τῆς
3212 1989 3392 2060 ψυχῆς
3422 1990 3518 2045 καὶ
3549 1992 3611 2045 τὸ
3638 1992 3748 2047 τῶν

2169 2077 2469 2149 ὀφθαλμῶν
2496 2078 2594 2132 τοῦ
2629 2079 2879 2147 σώματος
2913 2078 3220 2150 ἐλάμϐανον
3245 2081 3384 2150 φῶς,
3422 2082 3637 2152 ἄνδρες,
3684 2086 3746 2139 οὐ

2168 2166 2267 2221 δύο
2295 2169 2389 2222 καὶ
2424 2171 2574 2239 τρεῖς
2596 2167 2770 2233 ὄντες,
2803 2167 2939 2243 ἀλλὰ
2962 2171 3055 2224 καὶ
3090 2173 3235 2241 τρεῖς
3268 2172 3365 2225 καὶ
3406 2174 3747 2243 πεντήκοντα

2170 2259 2555 2330 ἀριθμούμενα

2224 2349 2351 2433 ιη’.
2406 2354 2552 2423 Πλὴν
2598 2353 2691 2406 καὶ
2735 2353 2941 2407 τούτων
2982 2356 3320 2425 γενομένων,
3374 2359 3402 2412 ὀ
3435 2358 3622 2429 ἄρχων
3669 2357 3751 2414 ἔτι

2170 2445 2500 2515 τυφλῶττων
2552 2446 2652 2500 τὸν
2700 2447 2861 2513 νοῦν,
2913 2447 3007 2503 ἆτε
3062 2449 3147 2503 διά
3203 2450 3401 2521 βάθους
3451 2454 3598 2523 αὐτῷ
3654 2455 3753 2524 τῆς

2172 2533 2370 2596 κακίας
2411 2534 2878 2608 ὲνσημοινθείσης,
2921 2538 3201 2608 καλάμους
3239 2541 3319 2604 είς
3362 2541 3529 2612 ἀκρον
3598 2543 3755 2609 ὀξυν-

2172 2625 2330 2696 θῆναι
2351 2624 2590 2690 κελεύει,
2619 2630 2711 2679 καὶ
2739 2629 2851 2690 τοῖς
2873 2628 2980 2681 τῶν
3002 2628 3171 2697 ἁγίων
3193 2629 3376 2697 ὄνυξιν
3412 2632 3749 2704 ἑμπαρῆναι.

2171 2709 2249 2770 Οὗ
2279 2718 2375 2771 καὶ
2396 2716 2679 2788 ταχύτατα
2703 2719 2996 2788 γενομένου
3024 2759 3039 2784 ,
3071 2722 3120 2773 οἱ
3156 2719 3304 2789 ἅγιοι
3337 2722 3397 2776 τὸ
3425 2726 3753 2796 καρτερικδν

2178 2808 2383 2880 μᾶλλον
2431 2810 2489 2861 ἐν
2529 2811 2643 2872 τοῖς
2689 2810 2961 2878 ἀλγεινοῖς
3009 2811 3409 2881 ἐπεδείκνυντο,
3455 2814 3533 2886 τῷ
3574 2814 3644 2870 δι’
3690 2811 3753 2871 οὗ
3846 2880 3853 2885 ι

2170 2901 2349 2955 ταῦτα
2407 2901 2680 2971 ὑπέμενον
2743 2901 2948 2975 πολλὴν
2989 2907 3090 2974 τὴν
3138 2906 3297 2975 χάριν
3341 2905 3751 2978 ὁμολιγοῦντες,

2173 2992 2268 3045 καὶ
2294 2991 2362 3045 τὰ
2385 2992 2499 3046 τῶν
2523 2992 2764 3062 ψευδωνύ
2773 3009 2891 3062 μων
2920 2993 3059 3047 θεῶν
3084 2996 3465 3067 ἀτιμάζοντες.
3519 2999 3576 3054 ’0
3602 2999 3755 3053 δικα-

498 3097 754 3152 manibus
783 3094 943 3150 simul
977 3104 1032 3148 et
1059 3093 1312 3163 pedibus,
1337 3102 1394 3146 et
1423 3099 1681 3160 praeterea
1709 3091 1913 3162 lingua,
1943 3108 2071 3163 pro-

2177 3083 2308 3155 στῆς
2344 3083 2440 3137 οὖν
2471 3087 2673 3154 χειρῶν
2705 3084 2869 3138 αὑτὸν
2899 3085 2993 3138 καὶ
3040 3086 3219 3142 ποδῶν
3246 3088 3398 3160 ἀμα,
3439 3089 3664 3162 προσέτι
3697 3093 3756 3146 δι

498 3189 679 3259 priam
722 3184 1136 3255 quodammodo
1167 3184 1500 3251 voluptatem
1526 3182 1749 3250 capiens
1783 3186 2067 3256 sanguini-

496 3292 634 3332 νοτε
656 3277 838 3331 anima
869 3276 925 3329 in
958 3275 1266 3338 hominum,
1298 3273 1390 3343 qui
1416 3275 1810 3343 suntejusdem
1834 3277 2068 3347 generis,

470 3388 475 3399 ·
499 3368 808 3439 suppliciis.
834 3367 971 3422 Cum
993 3375 1173 3420 autem
1198 3365 1313 3420 haec
1338 3365 1448 3420 cito
1471 3364 1612 3419 facta
1634 3378 1842 3433 essent,
1863 3379 2071 3440 marty-

500 3460 655 3517 ribus
686 3458 861 3513 nihilo
884 3457 1067 3513 secius
1087 3456 1281 3512 eodem
1315 3457 1479 3511 modo
1504 3471 1563 3511 se
1592 3456 1943 3525 habentibus,
1976 3461 2069 3529 qui

498 3561 623 3608 erat
657 3551 881 3620 quidem
905 3563 1081 3602 saevus
1108 3548 1499 3619 injudieando,
1536 3550 1952 3607 crudelissimus
1974 3567 2075 3607 au-

503 3653 613 3699 tem
640 3643 698 3696 in
720 3639 1026 3712 puniendo,
1057 3640 1163 3694 fert
1188 3639 1437 3693 ultimam
1473 3640 1526 3694 in
1557 3648 1824 3712 martyres
1847 3653 2071 3699 senten-

499 3735 656 3800 tiam,
699 3733 901 3804 iubens
938 3744 1036 3785 eos
1077 3739 1314 3785 mortem
1359 3730 1547 3786 subire
1574 3732 1777 3801 gladio.
1811 3737 1991 3804 Atque
2033 3736 2072 3791 ii

498 3826 728 3898 quidem
775 3825 909 3879 hine
944 3832 1324 3886 excesserunt,
1358 3822 1530 3878 sacris
1562 3838 1755 3877 eorum
1802 3826 2072 3891 capitibus

501 3920 802 3990 amputatis
843 3918 1036 3988 quinto
1082 3914 1429 3971 Novembris.
1472 3917 1718 3973 Pretiosa
1761 3930 1943 3975 autem
1976 3936 2068 3977 eo-

501 4026 625 4066 rum
656 4025 890 4081 corpora
917 4024 1044 4064 cum
1076 4009 1134 4063 in
1177 4008 1415 4078 quodam
1456 4018 1585 4064 vase
1614 4010 1859 4083 pretioso
1894 4011 2075 4083 impo-

498 4102 708 4159 suisset
760 4104 828 4167 is,
861 4110 1025 4171 quem
1072 4099 1334 4166 diximus,
1393 4099 1722 4166 Eutolmius,
1772 4102 1868 4173 qui
1913 4103 2070 4173 sequi

500 4194 690 4263 jussus
723 4191 907 4246 fuerat
935 4206 966 4244 a
1005 4200 1268 4262 martyre,
1314 4189 1500 4246 eﬂecit
1528 4201 1588 4247 ut
1620 4193 1785 4246 etiam
1831 4192 1902 4248 ah
1950 4195 2074 4251 aliis

503 4283 846 4337 haberentur
882 4280 938 4333 in
966 4279 1220 4335 honore:
1267 4280 1334 4334 ad
1365 4280 1591 4350 gloriam
1628 4281 1827 4349 Patris,
1863 4282 1986 4338 Filii
2016 4293 2074 4340 et

502 4371 750 4442 Spiritus
789 4370 986 4435 sancti,
1018 4370 1184 4425 unius
1212 4371 1308 4425 Dei
1344 4372 1399 4425 in
1436 4371 1705 4427 Triuitatc
1737 4391 1751 4428 :
1781 4390 1943 4444 quem
1977 4376 2073 4431 de-

2180 3179 2274 3230 καὶ
2317 3173 2568 3243 γλώττης
2624 3175 3049 3246 ἀποστερεῖσθαι
3110 3181 3504 3250 προσέταττεν,
3561 3182 3756 3255 ήδονὴν

2177 3267 2368 3339 ὥσπερ
2418 3267 2629 3321 οἰκείαν
2675 3269 2736 3320 ὲν
2775 3266 3081 3337 ἀνθρώπων
3132 3270 3416 3339 ὁμογενῶν
3463 3276 3756 3345 τιμωρίαις

2181 3365 2214 3435 ἡ
2255 3363 2550 3434 αἱμοδόρος
2577 3362 2723 3434 ψυχὴ
2753 3362 3133 3435 λαμϐάνουσα.
3188 3364 3276 3429 Ὠς
3326 3365 3382 3419 δὲ
3435 3368 3530 3419 καὶ
3578 3366 3754 3423 ταῦτα

2181 3455 2377 3508 θᾶττον
2406 3453 2648 3524 ἐγένετο,
2683 3453 2792 3507 τῶν
2822 3455 3118 3527 μαρτύρων
3141 3457 3298 3510 οὐδὲν
3328 3453 3492 3531 ἦττον
3520 3460 3615 3512 ἐπὶ
3640 3461 3756 3523 τοῖς

2179 3544 2318 3611 ἴσοις
2344 3547 2737 3616 διαμενόντων,
2773 3545 2802 3597 ὁ
2834 3545 3008 3610 δεινὸς
3046 3548 3144 3618 μὲν
3167 3547 3438 3613 δικάζειν,
3470 3549 3752 3619 ὠμότατος

2181 3641 2238 3695 δὲ
2290 3638 2561 3703 κολάζειν,
2612 3637 2711 3708 τὴν
2756 3638 3074 3692 τελευταίαν
3120 3641 3234 3703 τοῖς
3287 3640 3526 3712 μάρτυσι
3573 3641 3754 3713 ψῆφον

2180 3732 2399 3801 ἐπάγει,
2434 3730 2528 3784 τὸν
2573 3729 2662 3782 διὰ
2700 3729 2890 3799 ξίφους
2932 3730 3131 3794 αὐτοὺς
3179 3730 3448 3797 κελεύσας
3499 3732 3756 3787 ὕπελθεῖν

2182 3825 2432 3878 θάνατον.
2465 3816 2625 3877 Οὗτοι
2656 3821 2756 3894 μὲν
2789 3824 2889 3893 τὴν
2922 3822 3177 3877 ἐντεῦθεν
3219 3823 3532 3895 ἀποδημίαν
3572 3825 3750 3879 ἐστείο

2179 3915 2365 3978 λαντο,
2406 3918 2507 3977 τὰς
2543 3914 2699 3984 ἱερὰς
2735 3914 2981 3983 κεφαλὰς
3025 3916 3171 3968 κατά
3213 3916 3312 3987 τὴν
3359 3915 3617 3988 πέμπτην
3657 3917 3753 3970 τοῦ

2180 4007 2492 4076 Νοεμϐρίου
2528 4004 2935 4075 ἀποτμηθέντες
2960 4023 2975 4038 ·
3000 4006 3071 4060 τὰ
3117 4006 3172 4060 δὲ
3223 4008 3428 4061 τούτων
3465 4009 3620 4079 τίμια
3650 4008 3758 4063 σώ-

2186 4116 2339 4171 ματα
2362 4097 2528 4168 τιμίῳ
2549 4099 2652 4150 τινὶ
2679 4099 2969 4168 ἐνθέμενος
2995 4104 3181 4154 σκεύει
3209 4104 3236 4154 ὁ
3262 4102 3528 4172 δηλωθεὶς
3558 4104 3756 4159 Εύτόλ-

2148 4207 2327 4262 Δμιος,
2367 4183 2410 4256 ᾧ
2440 4190 2533 4242 καί
2577 4188 2716 4259 πρὸς
2758 4188 2852 4242 τοῦ
2898 4189 3179 4262 μάρτυρος
3212 4191 3530 4246 ἀκολουθεῖν
3562 4194 3756 4247 ἐπετέ-

2176 4297 2370 4348 τακτο,
2421 4279 2508 4334 διὰ
2562 4281 2727 4348 τιμῆς
2791 4281 2931 4334 αύτά
2987 4281 3083 4334 καὶ
3127 4282 3238 4344 τοῖς
3289 4282 3471 4346 ἄλλοις
3521 4282 3756 4352 ἄγεσθαι

2186 4369 2623 4443 παρεσκεύαζεν,
2654 4371 2732 4433 είς
2768 4370 2927 4435 δόξαν
2970 4372 3238 4444 ῐιατέρος,
3282 4373 3439 4438 Υίοῦ,
3486 4384 3575 4429 καῖ
3600 4376 3754 4445 ἁγίου

505 4471 599 4521 cet
626 4462 807 4518 omnis
836 4462 1036 4527 honor,
1080 4463 1334 4532 majestas
1367 4470 1423 4516 et
1453 4465 1878 4534 magniﬁcentia,
1927 4481 2071 4522 nunc

2179 4461 2520 4531 Πνεύματος,
2577 4455 2654 4528 τῷ
2713 4461 2769 4512 ὲν
2832 4461 3026 4530 Τριάδι
3079 4463 3224 4535 μόνῳ
3273 4464 3415 4534 Θεῷ,
3463 4456 3508 4533 ᾧ
3554 4468 3757 4535 πρέπνι

506 4565 563 4613 et
588 4569 823 4625 semper,
847 4560 904 4610 et
926 4554 981 4608 in
1019 4552 1214 4608 secula
1241 4554 1592 4610 saeculorum.
1618 4556 1815 4612 Amen.

2185 4554 2321 4626 τιμὴ
2340 4554 2518 4619 πᾶσα,
2557 4553 2917 4625 μεγαλωσύνη
2949 4571 3007 4608 τε
3045 4558 3136 4610 καὶ
3170 4557 3615 4628 μεγαλοπρέπεια
3660 4558 3757 4611 νῦν

2186 4649 2282 4701 καὶ
2328 4646 2420 4701 ἀεὶ
2470 4648 2567 4699 καὶ
2612 4648 2692 4710 είς
2730 4646 2857 4711 τοὺς
2895 4647 3099 4712 αἰῶνας
3131 4648 3242 4704 τῶν
3276 4648 3507 4704 αἰώνων.
3559 4647 3751 4719 ⁹Λμήν.
