4060 6374
555 309 654 376 131

1793 297 2080 358 MENSIS
2119 293 2557 356 NOV’EMBERt

3669 271 3786 350 432'

555 441 682 495 tlms
725 435 780 489 in
829 445 923 486 ara
953 423 1347 483 sacriﬁcantes.
1371 416 1451 474 Ad
1479 415 1594 470 haec
1617 411 1882 468 Samonas
1910 429 1921 463 :
1948 409 2121 470 Absit.

2228 410 2320 463 τοῦ
2350 410 2472 470 Aie;
2499 403 2670 459 εικόνι
2723 405 2782 458 τὺ
2815 403 2978 465 σέϐας
3033 399 3440 471 προσενεγκεῖν,
3497 397 3787 455 λιϐανωτὸν

555 531 757 599 inquit.
782 534 846 578 ut
868 535 998 576 vera
1023 517 1129 571 fide
1158 513 1365 574 relicta,
1399 517 1625 580 propter
1650 519 1812 575 quam
1837 516 2120 571 speramus

555 598 696 685 fore,
719 625 777 671 ut
808 614 975 669 vitam
1011 618 1374 677 assequamur
1415 598 1799 660 immortalem,
1851 606 2112 647 manuum

549 727 693 784 opus
717 717 772 763 et
802 707 1119 776 figmentum
1162 697 1426 752 colamus.
1459 693 1668 747 Pra‘ses
1700 696 1882 742 autem
1907 702 1920 737 :
1948 685 2119 751 Impe-

553 775 774 866 ratoris,
822 775 1022 866 inquit,
1063 793 1216 861 jussa
1245 799 1472 841 omnino
1503 792 1632 838 sunt
1673 776 1967 848 implenda.
2011 775 2122 828 Re-

552 863 774 968 spondit
805 863 1043 945 Gurias:
1075 884 1273 938 Puram
1310 888 1362 932 et
1395 872 1643 929 divinam
1678 879 1922 924 nostram
1959 863 2119 918 fidem

552 953 837 1058 n'unquam
889 974 1278 1034 inficiabimur,
1319 973 1611 1035 sequentes
1649 960 1981 1042 voluntatem
2020 953 2122 1006 ho-

556 1041 795 1140 mindm,
851 1072 904 1125 in
956 1081 1095 1138 quos
1135 1062 1278 1118 cadit
1329 1055 1603 1113 interitus.
1655 1049 1932 1104 Habemus
1972 1041 2118 1100 enim

554 1173 771 1228 Patrem
817 1167 870 1218 in
903 1161 1086 1222 caelis,
1117 1156 1272 1225 cujus
1314 1147 1600 1218 sequimur
1635 1143 1992 1203 voluntatem,
2025 1135 2120 1206 qui

554 1265 693 1319 dicit
726 1277 741 1314 :
779 1277 794 1308 ι
840 1253 942 1320 Qui
983 1265 1067 1305 me
1110 1245 1395 1302 confessus
1436 1238 1603 1293 fuerit
1648 1247 1830 1288 coram
1884 1227 2121 1284 homini-
2195 1302 2200 1304 _

555 1357 680 1420 bus,
711 1365 813 1421 ego
837 1357 1056 1416 quoque
1089 1354 1215 1395 eum
1246 1331 1549 1391 confitebor
1577 1341 1762 1382 coram
1788 1324 1948 1378 Patre
1976 1335 2118 1384 meo,

552 1449 648 1517 qui
693 1453 776 1498 est
819 1443 872 1494 in
920 1437 1094 1492 caelis.
1131 1430 1235 1498 Qui
1272 1445 1358 1482 me
1397 1432 1581 1479 autem
1622 1416 1904 1488 negaverit
1936 1427 2119 1468 coram

555 1536 868 1592 hominibus
889 1570 902 1594 ,
933 1543 1034 1598 ego
1069 1537 1289 1594 quoque
1321 1533 1447 1572 eum
1489 1513 1700 1584 negabo
1729 1525 1912 1566 coram
1959 1509 2120 1563 Patre

553 1642 699 1693 meo,
724 1634 780 1679 et
820 1620 1030 1691 angelis
1053 1617 1174 1686 ejus
1201 1616 1245 1667 ‘.
1285 1631 1303 1660 ι
1326 1609 1497 1665 Judex
1539 1614 1722 1660 autem
1751 1618 1765 1655 ι
1797 1601 1916 1654 Non
1957 1598 2122 1651 vultis

553 1735 724 1788 ergo,
768 1689 981 1784 inquit,
1020 1721 1212 1780 parere
1240 1700 1504 1758 voluntati
1538 1691 1928 1766 imperatoris?
1973 1689 2118 1756 Quo-

555 1812 718 1875 modo
752 1824 882 1861 vero
923 1818 1032 1858 non
1073 1798 1239 1854 fuerit
1271 1793 1597 1854 absurdum,
1627 1804 1690 1842 ea
1721 1784 1964 1856 quidem,
1997 1796 2120 1851 qua:

555 1906 673 1958 visa
705 1898 910 1954 fuerint
942 1889 1284 1954 hominibus,
1317 1885 1494 1954 iisque
1527 1880 1620 1951 qui
1648 1893 1758 1932 non
1797 1875 2030 1930 multum
2065 1880 2120 1924 et

555 2001 820 2064 quantum
855 2002 976 2050 vos,
1007 1991 1260 2054 possunt,
1298 1976 1477 2046 reipsa
1509 1973 1574 2027 ad
1609 1970 1864 2026 effectum
1896 1959 2117 2022 deduci,

558 2097 752 2140 eorum
800 2087 1021 2137 autem,
1072 2071 1167 2142 qui
1211 2082 1394 2122 rerum
1449 2063 1764 2135 potiuntur,
1805 2058 1955 2128 jussa
2005 2051 2119 2105 fieri

558 2172 756 2229 irrita?
792 2169 894 2234 Qui
941 2163 1103 2232 Regis
1140 2175 1362 2230 regum,
1400 2156 1656 2224 inquiunt
1688 2147 1882 2212 sancti,
1915 2143 2121 2198 faciunt

555 2268 894 2321 voluntatem
918 2302 931 2321 ,
970 2257 1156 2312 carnis
1206 2253 1542 2306 voluntatem
1591 2249 1856 2313 respuunt
1888 2252 1952 2291 ac
1994 2232 2120 2303 reji-

557 2359 735 2410 ciunt.
767 2348 972 2404 Deinde
1007 2360 1131 2399 cum
1171 2354 1374 2411 praeses
1412 2337 1653 2390 minatus
1691 2333 1836 2383 esset
1863 2331 2115 2380 mortem,

558 2448 662 2501 nisi
701 2447 984 2512 paterent,
1028 2435 1314 2492 Samenas,
1347 2426 1465 2480 Non
1497 2420 1819 2479 moriemur,
1851 2410 2050 2480 inquit,
2088 2421 2121 2458 ο

557 2549 810 2607 tyranne,
853 2529 898 2584 si
943 2522 1224 2581 Creatoris
1266 2529 1565 2587 sequamur
1607 2510 1967 2564 voluntatem,
2010 2499 2119 2550 imo

554 2642 688 2683 vero
729 2626 976 2677 vivemus
1020 2615 1226 2686 potius.
1277 2609 1384 2665 Sed
1431 2605 1478 2660 si
1519 2619 1582 2658 ea
1612 2597 1788 2655 secuti
1831 2594 2117 2652 fuerimus,

557 2734 678 2788 quae
705 2717 860 2787 jubet
903 2681 1086 2764 vester
1135 2705 1459 2774 imperator,
1499 2695 1674 2759 scias,
1714 2688 1861 2760 quod
1903 2681 2122 2739 etiamsi

555 2822 612 2866 tu
649 2824 748 2864 nos
768 2821 878 2862 non
912 2798 1279 2861 intercmeris,
1298 2808 1400 2848 nos
1418 2800 1600 2846 tamen
1627 2784 1766 2840 male
1793 2776 2118 2854 peribimus.

623 3081 713 3136 iV.
745 3079 1038 3145 Postquam
1069 3072 1182 3125 haec
1204 3064 1415 3121 audivit
1437 3071 1658 3130 praeses.
1693 3052 1853 3124 jubet
1883 3045 2118 3102 Ληουίιο

554 3165 1032 3228 commentartensi
1081 3175 1177 3216 eos
1199 3160 1255 3212 in
1286 3153 1615 3209 tutissimam
1641 3144 1912 3214 conjicere
1939 3146 2118 3192 custoc

553 3268 722 3321 diam.
755 3259 1054 3314 Veritatem
1095 3251 1243 3306 enim
1289 3259 1433 3316 aegre
1474 3241 1577 3296 fert
1619 3239 1858 3296 animus,
1889 3233 1980 3299 qui
2021 3240 2120 3281 sua

554 3363 751 3428 sponte
781 3359 862 3405 est
905 3348 971 3402 ad
1001 3345 1204 3400 malum
1237 3350 1541 3410 propensus
1573 3348 1588 3385 :
1621 3338 1683 3384 ut
1721 3325 1816 3396 qui
1857 3325 2121 3390 mgrotant

555 3409 727 3510 oculi,
751 3440 1098 3512 splendorem
1131 3409 1281 3488 Solis.
1322 3430 1620 3495 Postquam
1657 3429 1838 3474 autem
1874 3414 1964 3468 ille
1995 3409 2122 3464 fecit

557 3536 704 3609 quod
736 3504 798 3588 ei.
818 3533 998 3586 fuerat
1029 3529 1376 3594 imperatum,
1415 3527 1470 3573 et
1507 3523 1774 3584 martyres
1807 3511 2029 3562 fuerunt
2068 3504 2120 3554 in

556 3642 801 3688 carcere,
831 3624 887 3678 in
912 3634 1024 3691 quo
1045 3619 1211 3674 etiam
1244 3612 1399 3666 multi
1431 3610 1522 3664 alii
1543 3604 1715 3661 sancti
1744 3601 1896 3670 prius
1926 3591 2121 3650 inclusi

556 3726 831 3777 fueranta
876 3686 1167 3774 militibus,
1213 3706 1509 3775 imperator
1547 3697 1766 3770 quidem
1827 3686 2125 3746 Diocletia-

556 3827 697 3874 nus,
729 3806 1003 3864 accersito
1049 3799 1297 3856 Musonio
1331 3793 1559 3866 prreside
1592 3784 1930 3846 Antiochiae,
1969 3778 2126 3847 jubet

554 3918 683 3959 eum
726 3898 918 3953 venite
971 3894 1259 3954 Edessam,
1302 3897 1357 3942 et
1394 3882 1770 3942 Christianos,
1818 3875 1911 3944 qui
1959 3874 2012 3925 in
2061 3883 2126 3922 ea

559 4001 722 4050 erant
773 3989 993 4052 inclusi,
1040 3987 1153 4039 sive
1196 3988 1355 4035 erant
1394 3974 1724 4036 communis,
1768 3969 1880 4025 sive
1925 3957 2127 4018 sacrati

557 4083 804 4147 ordinis,
840 4081 907 4133 de
948 4092 1047 4132 sua
1078 4076 1418 4140 interrogare
1449 4065 1736 4136 religione,
1763 4069 1819 4114 et
1857 4057 1938 4111 eis
1965 4055 2126 4108 finem

554 4177 685 4230 dare
710 4169 1154 4228 convenientem.
1179 4163 1314 4218 Cum
1338 4161 1384 4214 is
1414 4172 1545 4228 ergo
1570 4155 1812 4209 venisset
1841 4149 2123 4206 Edessam,

553 4267 616 4321 et’
647 4266 942 4318 Samonam
975 4268 1032 4314 et
1069 4255 1295 4310 Gul-iam
1327 4252 1536 4322 primos
1573 4253 1824 4301 curasset
1852 4238 2128 4295 sistendos

2221 500 2296 569 τῷ
2332 498 2500 569 βωμῷ
2526 497 2866 559 ὲπιθύοντας.
2921 495 3063 565 Πρὸς
3097 493 3268 545 ταῦτα
3301 495 3327 544 6
3355 493 3641 560 Σαμωνᾶς,
3694 493 3782 562 Μὴ

2221 594 2451 659 γένοιτο,
2477 591 2603 658 ἔφη.
2639 589 2737 660 τὴν
2767 589 2946 658 ἁληθῆ
2981 588 3163 640 πίστιν
3203 584 3782 652 ἐγκαταλιπόντας,δι⁹

2219 679 2285 755 ἧς
2337 683 2430 734 καὶ
2465 681 2735 732 ἀθανάτου
2797 676 3186 749 προσδοκῶμεν
3248 674 3548 742 ἀξιωθῆναι
3615 676 3779 743 ζωῆς,

2221 771 2420 840 χειρῶν
2475 769 2623 839 ἔργῳ
2678 768 3042 836 προστεθῆναι
3100 767 3193 817 καὶ
3243 765 3546 833 πλάσματι.
3611 766 3719 816 Καὶ
3756 768 3784 817 6

2221 861 2465 930 ἡγεμὼν,
2517 861 2628 922 Τὰς
2684 857 2971 928 βασιλικὰς
3027 857 3228 925 μᾶλλον
3277 857 3602 924 προστάξεις
3633 855 3784 922 ⁴δέον,

2227 956 2366 1017 εἰπε,
2417 951 2659 1024 πληροῦν
2823 950 3039 1026 παντός.
3099 949 3157 1002 ὐ
3209 948 3439 1017 Γουρίας
3495 947 3784 1016 ἠμείϐετο·

2193 1046 2478 1116 ’Ἕξαρνοι
2517 1045 2615 1114 τῆς
2653 1042 2900 1112 καθαρᾶς
2945 1040 3101 1110 ἡμῶν
3134 1039 3228 1092 καὶ
3263 1038 3414 1099 θείας
3435 1038 3536 1090 οὐκ
3558 1038 3620 1089 ἄν
3658 1053 3786 1091 ποτε

2221 1134 2512 1205 γενοίμεθα
2576 1133 2832 1196 πίστεως,
2870 1131 3138 1200 θελήματι
3196 1128 3454 1199 φθαρτῶν
3489 1125 3786 1196 ἀνθρώπων

2221 1225 2645 1288 ἀκολουθοῦντες
2672 1241 2685 1254 ο
2717 1224 2917 1294 ἔχομεν
2954 1223 3062 1302 γὰρ
3095 1212 3314 1290 Πατέρα
3341 1221 3397 1271 ὲν
3421 1219 3691 1290 οὐρανοῖς,
3726 1201 3784 1270 οὗ

2223 1319 2469 1388 ἑπόμεθα
2486 1317 2563 1386 τῷ
2592 1316 2854 1385 θελήματι
2879 1355 2894 1378 ,
2926 1333 2943 1366 ι
2971 1315 3157 1376 Ὅστις
3175 1311 3495 1382 ὁμολογήσει
3521 1312 3576 1362 ἐν
3595 1310 3740 1378 ἑμοῖ,
3764 1325 3781 1358 ι

2221 1411 2495 1480 λέγοντος,
2530 1429 2547 1460 ι
2582 1409 2892 1479 ἔμπροσθεν
2947 1407 3052 1458 τῶν
3087 1393 3416 1476 ἀνθρώπων,
3465 1401 3784 1471 ὁμολογήσω

2222 1501 2379 1566 κάγὼ
2411 1503 2467 1552 ἐν
2507 1499 2655 1568 αὑτῷ
2684 1498 2994 1568 ἔμπροσθεν
3043 1496 3136 1548 τοῦ
3187 1494 3399 1564 Πατρός
3437 1509 3540 1562 μου
3600 1491 3693 1545 τοῦ
3731 1494 3788 1544 ἑν

2221 1598 2470 1668 οὐρανοῖς
2492 1613 2503 1625 ·
2531 1595 2586 1657 ὃς
2619 1594 2664 1646 δ’
2686 1593 2752 1648 ἂν
2773 1591 3079 1664 ἀρνήσηταί
3117 1608 3184 1662 με
3219 1588 3528 1660 ἔμπροσθεν
3559 1587 3668 1640 τῶν
3699 1589 3789 1638 ἀν-

2223 1690 2477 1760 θρώπιον,
2513 1687 2822 1757 ἀρνήσομαι
2844 1683 3000 1752 κάγὼ
3034 1682 3196 1736 αὐτὸν
3223 1677 3527 1750 ἔμπροσθεν
3554 1678 3649 1732 τάὗ
3678 1679 3788 1731 [Ια-

2221 1783 2346 1851 τρός
2379 1797 2478 1849 μου
2507 1782 2602 1832 καὶ
2636 1781 2742 1832 τῶν
2770 1778 3016 1847 ἀγγέλων
3039 1775 3225 1830 αὑτοῦ.
3257 1793 3276 1826 ›
3311 1772 3420 1826 Καὶ
3451 1774 3479 1827 6
3507 1764 3788 1840 δικαστήςδ

2225 1875 2337 1927 Οὐκ
2370 1871 2462 1925 οὖν
2499 1870 2630 1922 αὐτὸ
2683 1870 2776 1923 τοῦ
2812 1869 3077 1940 βασιλέως
3126 1865 3365 1938 αἱρεῖσθε
3391 1865 3638 1936 θέλημα;
3682 1862 3790 1915 Καὶ

2222 1963 2338 2025 πῶς
2371 1963 2470 2014 οὐκ
2497 1960 2561 2014 ἂν
2585 1963 2674 2030 εἴη
2699 1961 2807 2014 τῶν
2838 1961 3078 2025 ἀτόπων,
3107 1959 3175 2013 τὰ
3207 1957 3308 2028 μὲν
3335 1957 3428 2010 ἀνθ
3440 1955 3665 2026 ρώποις,
3694 1955 3790 2011 καὶ

2221 2055 2395 2109 ταῦτα
2422 2055 2498 2124 μὴ
2525 2055 2667 2124 μέγα
2693 2071 2743 2105 τι
2775 2052 2898 2106 καθ’
2950 2053 3090 2122 ὑμᾶς
3142 2050 3483 2121 δυναμένοις,
3537 2047 3788 2114 δςῦξαντα,

2197 2151 2317 2221 ,ἐπὶ
2348 2149 2455 2201 τῶν
2506 2148 2688 2218 ἔργων
2747 2145 3041 2208 ἐκϐαίνειν,
3089 2145 3182 2206 τὰς
3215 2144 3271 2197 δὲ
3314 2144 3420 2196 τῶν
3448 2140 3790 2212 κρατούντων

2223 2239 2545 2309 προστάξεις
2573 2239 2796 2307 ἀργεῖν;
2864 2237 2927 2290 Οἱ
2955 2234 3014 2287 τὸ
3058 2232 3152 2285 τοῦ
3182 2232 3444 2302 βασιλέως
3476 2231 3582 2285 τῶν
3638 2229 3791 2300 βασι-

2221 2329 2504 2394 λευόντων,
2539 2323 2690 2378 εἷπον
2711 2327 2759 2378 οἱ
2787 2325 2957 2392 ἅγιοι,
2993 2324 3202 2394 θέλημα
3250 2323 3527 2383 ποιοῦντες
3553 2319 3790 2389 θελημά-

2221 2440 2329 2476 των
2361 2421 2470 2473 τῶν
2500 2421 2597 2490 τῆς
2623 2419 2821 2489 σαρκὸς
2853 2417 3275 2472 καταπτύουσιν.
3309 2411 3438 2466 Εἶτα
3460 2411 3551 2466 τοῦ
3575 2411 3793 2482 ἡγεμό-

2222 2531 2331 2577 νος,
2367 2514 2415 2565 εί
2450 2513 2525 2583 μὴ
2560 2512 2854 2576 πεισθεῖεν,
2892 2510 3121 2564 θάνατον
3181 2507 3594 2572 ἀπειλήσαντος,
3623 2506 3651 2557 6
3684 2505 3792 2556 Σα-

2227 2606 2434 2676 μωνᾶς,
2493 2605 2608 2658 υὺκ
2663 2602 3102 2672 ἀποθανούμεθα,
3158 2597 3334 2665 εἶπεν,
3367 2594 3686 2668 ῶτύραννε,
3726 2600 3791 2664 τῇ

2224 2697 2317 2752 τοῦ
2349 2695 2697 2767 Δημιουργοῦ
2742 2670 2958 2765 θελήσει
3011 2693 3296 2763 ἑπόμενον
3327 2692 3529 2762 μᾶλλον
3564 2690 3662 2760 μὲν
3697 2670 3796 2742 οὖν

2223 2791 2320 2842 καὶ
2344 2788 2643 2858 ζησόμεθα.
2667 2789 2729 2840 Εί
2761 2787 2905 2840 δὲτὰ
2930 2783 3025 2838 τοῦ
3055 2784 3318 2853 βασιλέως
3343 2781 3496 2852 ὑμῶν
3516 2779 3794 2848 ἑλοίμεθα,

2224 2877 2283 2934 εὖ
2312 2882 2418 2934 ἴσθι
2445 2879 2540 2944 ὡς,
2573 2881 2621 2931 εί
2649 2878 2722 2950 μὴ
2746 2879 2840 2932 καὶ
2869 2877 3030 2941 αὐτὸς
3061 2878 3208 2952 ἡμᾶς
3241 2877 3472 2940 ἀνέλοις,
3497 2875 3609 2928 ἀλλ’
3636 2877 3798 2946 ἡμεῖς

2225 2974 2409 3034 κακῶς
2434 2971 2810 3042 ἀπολούμεθα.

2295 3062 2368 3118 Δῖ.
2415 3063 2635 3132 Ἐπειδὴ
2665 3063 2870 3114 τούτων
2909 3063 2934 3114 6
2963 3061 3189 3132 ἡγεμὼν
3220 3061 3475 3130 ἤκουσεν,
3539 3056 3803 3125 Ἀνουίτῳ

2227 3155 2515 3223 ἐπιπρέπει
2553 3154 2628 3224 τῷ
2680 3152 3100 3224 κομενταρησίῳ
3158 3153 3418 3222 ἀσφαλῶς
3473 3151 3669 3214 αὐτοὺς
3721 3149 3801 3218 τῷ

2225 3246 2585 3317 δεσμωτηρίῳ
2615 3240 2899 3314 καθεῖρξαι
2922 3261 2936 3274 °
2971 3245 3316 3316 δυσχεραίνει
3365 3244 3473 3312 γὰρ
3501 3243 3634 3312 πρὸς
3658 3243 3803 3314 ἀλή-

2229 3337 2378 3391 Θείαν
2442 3337 2845 3390 ἐθελοκακοῦσα
2884 3337 3052 3407 ψυχὴ,
3101 3336 3176 3399 ὡς
3212 3335 3481 3403 ὀφθαλμοὶ
3515 3334 3805 3395 νοσοῦντες

2230 3429 2358 3499 περὶ
2385 3427 2485 3498 τὴν
2515 3427 2606 3479 τοῦ
2630 3428 2779 3497 ἡλίου
2804 3427 3189 3498 λαμπρότητα.
3225 3426 3313 3490 Ὠς
3340 3426 3398 3478 δὲ
3431 3427 3489 3478 τὸ
3512 3427 3809 3478 κελευσθὲν

2228 3515 2380 3582 οὗτος
2417 3520 2589 3572 ἐποίει
2619 3521 2711 3573 καὶ
2735 3522 2858 3582 τοὺς
2892 3519 3174 3590 μάρτυρας
3199 3519 3410 3589 εἰλήφει
3439 3519 3497 3572 τὶ
3517 3518 3809 3588 δεσμιιντὴ⁴

2231 3630 2368 3684 ριον,
2404 3614 2460 3663 ὲν
2571 3612 2635 3681 δὴ
2665 3611 2758 3664 καὶ
2789 3611 3000 3678 πληθὺς
3026 3612 3231 3681 ἑτέρων
3289 3611 3458 3677 ἁγίων
3493 3611 3599 3664 ὑπὸ
3630 3627 3810 3680 στρα-

2230 3705 2455 3767 τιώταις
2484 3703 2743 3771 ἀσφαλῶς
2774 3701 3202 3773 προκαθείρκτο,
3231 3705 3257 3754 6
3295 3701 3551 3771 βασιλεὺς
3572 3702 3811 3768 Διοκλη-

2229 3800 2436 3862 τιανὺς,
2459 3797 2792 3850 Μωυσούνιον
2825 3797 2880 3848 ἐν
2902 3795 3211 3864 Ἀντιοχείᾳ
3239 3795 3331 3849 τὸν
3356 3796 3598 3864 ἡγεμόνα
3634 3810 3812 3862 μεταδ-

2235 3889 2616 3955 στειλάμενος,
2638 3885 2945 3938 ἐντέλλεται
2979 3884 3116 3954 πρὸς
3146 3884 3372 3953 Ἐὂέσσῃ
3405 3883 3677 3952 γενέσθαι,
3712 3889 3816 3936 καὶ

2232 3981 2359 4040 τοὺς
2398 3981 2454 4030 ὲν
2483 3979 2619 4045 αὐτῇ
2648 3976 3076 4038 κατακλείστους
3108 3976 3492 4044 Χριστιανοὺς,
3522 3973 3586 4027 ἄν
3619 3990 3680 4026 τε
3712 3974 3815 4029 τοῦ

2234 4063 2414 4119 κοινοῦ
2470 4063 2753 4132 τάγματος
2805 4058 2942 4127 εἷεν,
2989 4061 3054 4114 ἄν
3103 4080 3162 4114 τε
3190 4063 3286 4114 τοῦ
3316 4063 3638 4132 ἱερωμένου,
3673 4064 3818 4130 περὶ

2234 4154 2530 4226 θρησκείας
2550 4154 2841 4221 ἀνακρῖναι
2863 4153 2961 4220 τῆς
2995 4151 3233 4216 ἑαυτῶν,
3265 4152 3356 4202 καὶ
3385 4152 3442 4203 τὸ
3471 4150 3816 4219 κατάλληλον

2233 4250 2530 4316 ἀπονεῖμαι
2575 4247 2749 4309 τέλος.
2785 4245 2898 4314 Τὴν
2929 4245 3192 4298 Ἔδεσσαν
3215 4245 3394 4297 τοίνυν
3425 4239 3580 4306 οὗτος
3629 4261 3819 4298 κατα-

553 4357 621 4410 ad
691 4351 932 4406 tribunal
975 4347 1268 4419 judiciale,
1321 4343 1456 4395 dicit
1518 4341 1645 4394 eis:
1690 4333 1905 4390 Domini
1971 4330 2122 4383 orbis

2234 4341 2434 4404 λαϐὼν,
2464 4338 2557 4392 καὶ
2587 4338 2852 4407 Σαμωνᾶν
2878 4337 2971 4388 καὶ
3007 4335 3046 4387 Γ
3049 4335 3236 4403 ουρίαν
3263 4335 3514 4404 πρώτους
3548 4335 3621 4405 τῷ
3651 4336 3822 4391 δίκαι

557 4459 718 4500 terrae
768 4443 858 4496 hic
915 4447 998 4494 est
1051 4439 1261 4508 jussus,
1311 4444 1373 4488 ut
1427 4447 1526 4486 vos
1575 4445 1682 4483 arae
1733 4426 1884 4481 Jovis
1934 4423 2120 4476 vinum

555 4535 784 4592 libctis,
826 4539 889 4584 et
932 4530 1062 4582 thus
1118 4523 1433 4592 imponatis.
1481 4513 1578 4573 Sin
1625 4517 1841 4580 minus,
1884 4528 1986 4584 ego
2024 4526 2123 4566 vos

555 4625 725 4679 vanis
765 4631 1084 4676 consumam
1133 4612 1440 4684 suppliciis.
1491 4609 1706 4678 Corpus
1750 4614 1896 4660 enim
1940 4603 2123 4672 ﬂagris

555 4713 830 4774 lacerabo,
860 4711 1034 4763 donec
1068 4703 1385 4776 perveniam
1434 4714 1609 4770 usque
1635 4699 1701 4752 ad
1735 4694 1847 4766 ipsa
1876 4696 2121 4749 viscera:

557 4807 842 4880 plumbum
874 4811 1058 4856 autem
1091 4798 1318 4853 fervens
1348 4810 1457 4848 non
1490 4793 1640 4862 prius
1666 4790 1894 4845 cessabo
1929 4785 2124 4841 vestris

556 4875 735 4952 axillis
788 4891 1116 4954 infundere,
1167 4901 1332 4959 quam
1379 4885 1436 4939 id
1488 4880 1789 4953 pervaserit
1842 4893 2014 4950 usque
2053 4875 2121 4930 ad

557 4988 838 5045 intestina.
901 4981 1109 5038 Deinde
1164 4994 1311 5034 nunc
1363 4976 1584 5048 quidem
1645 4971 1927 5034 manibus,
1977 4981 2125 5022 nunc

558 5094 692 5135 vero
739 5076 970 5148 pedibus
1008 5071 1376 5144 suspendam,
1421 5067 1777 5139 et.efIiciam.
1808 5074 1869 5119 ut
1906 5063 2127 5118 solvan-

561 5179 653 5225 tur
693 5182 985 5238 compages
1022 5164 1380 5220 articulorum
1421 5180 1434 5216 :
1482 5176 1733 5232 novaque
1779 5167 1837 5214 et
1880 5159 2124 5214 inaudita

561 5260 887 5332 excogitabo
935 5258 1245 5328 supplicia,
1297 5270 1419 5327 quae
1466 5269 1568 5310 nec
1627 5253 1858 5308 omnino
1905 5249 2125 5324 quidem

565 5350 710 5407 ferre
741 5351 1010 5422 poteritis.

685 5704 706 5737 ³
740 5700 928 5756 Matth.
975 5717 1029 5760 ι,
1061 5700 1149 5765 σε,
1201 5699 1292 5755 53.

2223 4433 2394 4503 στικῷ
2429 4431 2929 4500 παραστησάμενος
2950 4429 3192 4500 βήματι,
3219 4428 3354 4496 φησὶ
3387 4427 3525 4497 πρὸς
3571 4429 3814 4493 αὐτούς·

2224 4525 2329 4577 Τοῦ
2360 4524 2459 4590 τῆς
2487 4520 2815 4589 οἰκουμένης
2857 4519 3222 4581 δεσπόζοντος
3276 4516 3419 4588 αὕτη
3477 4519 3816 4589 πρόσταξις,

2222 4608 2364 4668 οἶνον
2393 4613 2473 4681 τῷ
2497 4610 2589 4663 τοῦ
2619 4610 2740 4672 Διὸς
2769 4610 2916 4680 ὑμᾶς
2953 4611 3178 4662 σπεῖσαι
3218 4609 3409 4680 βωμῷ,
3447 4611 3544 4664 καὶ
3573 4611 3819 4665 λιϐανωο

2224 4705 2314 4759 τὸν
2340 4704 2611 4757 ἐπιθεῖναι
2639 4716 2652 4730 ·
2683 4703 2734 4756 εί
2764 4701 2806 4754 δ’
2835 4700 2954 4766 οὖν,
3010 4701 3146 4754 ἀλλὰ
3177 4701 3453 4764 ποικίλαις
3500 4702 3647 4771 ὑμᾶς
3675 4703 3817 4758 ἀνα.

2224 4796 2386 4850 λὼσω
2437 4795 2697 4866 βασάνοις
2723 4809 2738 4824 ·
2781 4793 3005 4863 μάστιξι
3048 4793 3155 4863 γὰρ
3187 4794 3248 4846 τὸ
3279 4794 3439 4862 σῶμα
3489 4793 3818 4859 καταξανῶ,

2232 4889 2424 4959 μέχρις
2441 4890 2505 4940 ἂν
2521 4887 2732 4941 καὶτῶν
2770 4887 3092 4954 σπλάγχνων
3124 4885 3301 4938 αὐτῶν
3335 4885 3677 4954 καθίκωμαι.
3700 4887 3823 4941 Μό-

2227 4979 2421 5032 λυὸδον
2450 4979 2508 5032 δὲ
2538 4979 2728 5042 ζέοντα
2762 4979 2826 5032 οὐ
2858 4978 3126 5047 πρότερον
3155 4975 3426 5046 ἀφέξομαι
3451 4980 3568 5041 ταῖς
3591 4980 3823 5048 μασχάο

2229 5072 2347 5134 λαις
2383 5071 2540 5140 ὑμῶν
2569 5071 2779 5140 ἐγχέων
2814 5071 2948 5140 πρὶν
2987 5072 3052 5122 ἂν
3077 5071 3170 5121 καὶ
3202 5068 3365 5129 αὐτὸς
3409 5069 3638 5139 χωρήσῃ
3662 5073 3820 5124 κατὰ

2231 5163 2340 5216 τῶν
2370 5162 2679 5216 ἰνδοσθίων.
2728 5159 2858 5213 Εἶτα
2905 5159 3001 5213 νῦν
3035 5161 3133 5229 μὲν
3165 5157 3367 5229 χειρῶν
3397 5161 3477 5220 εἰς
3517 5159 3811 5230 τοσοῦτον⁹

2236 5254 2330 5307 νῦν
2352 5253 2410 5306 δὲ
2438 5253 2616 5306 ποδῶν
2650 5253 2966 5323 ἀναρτήσω,
2994 5251 3103 5320 ὅσῳ
3125 5251 3220 5304 καὶ
3251 5251 3348 5314 τὰς
3374 5249 3642 5320 ἁρμονίας
3663 5269 3819 5322 παρ-

2237 5342 2427 5410 εθῆναι
2455 5342 2564 5394 τῶν
2596 5341 2838 5413 ἄρθρων,
2873 5341 3199 5409 καινοτέρας
3221 5356 3278 5391 τε
3308 5345 3404 5392 καὶ
3431 5340 3651 5406 μείζους
3681 5345 3810 5395 ἐπι.

2238 5430 2570 5500 τεχνάσομαι
2593 5430 2890 5500 τιμωρίας,
2941 5429 3006 5493 ἃς
3039 5428 3158 5480 οὐδὲ
3207 5428 3527 5496 ὑπενεγκεῖν
3554 5430 3689 5493 ὅλως
3715 5429 3812 5485 δν-

2241 5517 2391 5572 νατοὶ
2421 5515 2630 5573 ἔσεσθε.
