4060 6374
314 370 421 440 137

1205 367 1675 430 MARTYRIUM
1715 369 1774 429 S.
1813 366 2078 430 GURI/E
2117 369 2214 429 ET
2255 369 2669 431 SOCIORUM.

3447 369 3551 432 138

321 486 419 540 τοῦ
447 481 608 552 ἁγίου
641 495 656 512 ⁸
691 480 904 542 ἐκεῖνος
930 479 1038 550 γὰρ
1063 520 1079 546 ,
1115 481 1292 536 καίτοι
1320 482 1536 552 πικρῶς
1566 481 1886 551 πιεζόμενος

2000 480 2124 535 iecit
2155 482 2194 535 ⁸.
2244 483 2339 537 Ille
2375 483 2519 538 enim
2578 482 2679 538 etsi
2740 483 2934 538 acerbe
2984 492 3327 552 premeretur
3373 497 3404 537 a
3445 492 3558 537 tor-

313 571 420 625 ὑπὸ
447 571 545 639 τῆς
580 568 821 639 βασάνου
844 609 858 633 ,
886 569 1001 622 ἀλλ’
1024 566 1118 622 οὖν
1147 571 1344 634 αὐτοὺς
1376 571 1477 639 μὲν
1509 570 1629 625 οὐδὲ
1658 570 1886 640 ἀποκρί-

317 681 457 727 σεως
485 663 642 733 ἠξίου
670 663 840 725 τινὸς,
865 661 1124 729 οἰμώζειν
1148 663 1273 729 ἐῶν,
1306 664 1400 716 καὶ
1435 665 1662 726 ἑαυτοὺς
1689 663 1888 733 μᾶλλον

319 755 526 818 ἐλέους,
556 753 658 806 οὐκ
684 753 898 804 ἱκεῖνον
944 752 1196 820 ἡγεῖσθαι
1227 752 1379 817 ἀξιον
1403 770 1416 784 ο
1448 756 1525 817 είς
1556 753 1798 824 οὐρανὸν
1832 754 1887 806 δὲ

317 846 381 900 τὸ
438 845 595 915 δμμα
652 843 874 914 διάρας,
932 845 1010 914 τῷ
1057 843 1177 916 Θεῷ
1216 845 1281 896 ἑκ
1313 845 1510 915 βάθους
1538 845 1638 914 τῆς
1667 845 1888 916 καρδίας

314 935 685 1008 προσηύχετο,
749 937 848 987 καὶ
903 933 1012 987 τῶν
1061 933 1120 998 ἐξ
1156 933 1352 997 αίῶνος
1385 934 1547 989 αὑτὸν
1581 935 1887 1005 ἐμίμνησκε

316 1029 661 1099 Θαυμασίων,
698 1026 870 1098 Κύριε
904 1029 933 1080 6
961 1027 1116 1092 Θεὸς,
1155 1026 1329 1094 λέγων
1351 1067 1365 1091 ,
1398 1027 1462 1079 οὐ
1501 1027 1728 1094 καρδίαν
1762 1027 1892 1078 πλαο

311 1122 480 1182 τύνας
521 1119 602 1189 τῷ
637 1118 809 1171 Δαυ⁴ιδ
846 1120 904 1172 ἐν
938 1120 1058 1178 ταῖς
1111 1117 1394 1186 θλίψεσιν,
1433 1117 1462 1169 6
1509 1116 1588 1186 τῷ
1634 1115 1888 1186 προφήτῃ

316 1211 519 1281 Δανιὴλ
597 1208 743 1262 κατά
826 1209 1053 1262 λεόντων
1131 1207 1287 1277 ἰσχὺν
1359 1205 1627 1270 δεδωκὼς,
1690 1208 1719 1259 6
1764 1209 1889 1270 τοὺς

329 1301 726 1371 ’Δεραμιαίους
759 1300 955 1362 παῖδας
998 1299 1270 1371 τυράννου
1305 1299 1534 1371 νικητάς
1573 1299 1666 1352 καὶ
1695 1297 1890 1366 φλογὸς

311 1389 615 1456 ἀναδείξας,
661 1390 827 1453 αὑτδς
877 1392 970 1443 καὶ
1005 1389 1121 1454 νῦν,
1178 1389 1372 1461 Κύριε,
1411 1389 1503 1444 τὸν
1568 1387 1690 1442 καθ’
1733 1388 1890 1459 ἡμῶν

313 1484 468 1538 ἔπιδε
503 1482 764 1554 πόλεμον,
807 1483 836 1536 6
881 1483 983 1552 τῆς
1033 1481 1312 1553 ἡμετέρας
1359 1479 1516 1545 εἰδὼς
1547 1481 1762 1549 φύσεως
1791 1480 1889 1548 τὴν

313 1576 599 1630 ἀσθένειαν
631 1589 645 1604 ο
676 1575 945 1645 πειρᾶται
997 1573 1107 1642 γὰρ
1163 1575 1191 1626 6
1259 1572 1455 1644 ἐχθρὸς
1509 1572 1569 1625 τὸ
1623 1573 1722 1642 τῆς
1788 1571 1887 1640 σῆς

316 1666 548 1736 πλάσμα
609 1666 794 1737 χειρὸς
853 1664 1010 1735 δόξης
1067 1665 1374 1736 ἀποστῆσαι
1430 1665 1529 1734 τῆς
1581 1664 1732 1735 παρά
1784 1663 1886 1717 σοί.

326 1759 472 1813 Ἀλλ’
494 1759 680 1824 αὐτὸς,
715 1756 1088 1827 φιλανθρώπῳ
1124 1776 1219 1812 σου
1253 1759 1462 1829 δμματι
1487 1757 1716 1828 εὐμενὲς
1756 1757 1889 1826 ἡμῖν

314 1851 930 1928 ὲπιϐλέᾡαςηάσϐεστον
959 1851 1056 1920 μὲν
1075 1849 1172 1903 τὸν
1189 1851 1384 1919 λύχνον
1406 1849 1514 1903 τῶν
1540 1850 1648 1903 σῶν
1665 1849 1892 1904 ἐντολῶν

312 1946 376 1998 ἐν
426 1944 558 2013 ἡμῖν
605 1943 958 2014 διατήρησον,
1009 1941 1088 2012 τῷ
1138 1942 1216 2011 σῷ
1258 1941 1316 1994 δὲ
1357 1943 1498 2010 φωτὶ
1534 1942 1632 2004 τὰς
1678 1941 1896 2012 τρίϐους

318 2037 480 2107 ἡμῶν
509 2035 870 2100 κατεύθυνον,
909 2033 1006 2088 καὶ
1036 2035 1130 2103 τῆς
1160 2035 1221 2087 ὲν
1260 2033 1345 2087 σοὶ
1376 2031 1684 2087 ἀπολαῦσαι
1716 2048 1895 2102 μακα-

323 2129 576 2199 ριότητος
626 2127 972 2192 καταξίωσον
1001 2143 1016 2158 ο
1054 2127 1136 2180 ὅτι
1181 2125 1475 2195 εὐλογητὸς
1529 2121 1583 2178 εῐ
1636 2125 1714 2186 είς
1769 2123 1896 2187 τοὺς

315 2221 549 2283 αἰῶνας.
583 2219 805 2290 Ταύτην
841 2219 942 2289 μὲν
977 2215 1074 2272 οὖν
1099 2219 1308 2280 ἐκεῖνος
1335 2216 1412 2288 τῷ
1438 2214 1749 2288 ἀγωνοθὲτῃ
1779 2212 1897 2284 Θεῷ

315 2313 424 2382 τὴν
450 2309 806 2383 εὐχαριστίαν
834 2309 1151 2381 ἀνέπεμπε.
1203 2309 1323 2363 Τῶν
1346 2306 1708 2380 ὑπογραφέων
1729 2304 1784 2359 δέ
1815 2321 1897 2368 τις

315 2402 613 2476 παρεστὼς
645 2403 969 2475 διεχάραττε
1006 2401 1080 2456 τά
1120 2400 1419 2472 λεγόμενα.

399 2674 476 2728 Θ¹.
517 2673 624 2726 Καὶ
653 2673 682 2726 6
713 2669 941 2742 ἡγεμὼν
967 2673 1178 2726 ἀνεῖναι
1206 2671 1304 2741 τῆς
1338 2671 1608 2742 τιμωρίας
1633 2671 1793 2726 αὑτὸν
1819 2673 1898 2742 τῷ

325 2764 747 2836 κομενταρησῖῳ
791 2763 1067 2817 ἐκέλευεν.
1139 2765 1199 2817 '0
1257 2763 1314 2818 δὲ
1358 2763 1501 2816 οὕτω
1556 2762 1896 2832 πεποιηκὼς.

330 2855 606 2927 καὶμετά
657 2857 768 2908 τῶν
816 2855 1086 2909 συνόντων
1142 2853 1505 2918 διαϐαστάσας
1558 2854 1897 2923 ἀπειρηκότα

324 2949 428 3019 ἠδη
460 2950 580 3010 ταῖς
606 2946 927 3017 ἀλγηδόσιν,
962 2947 1021 3000 ἐν
1053 2949 1124 3017 τῇ
1162 2945 1407 3017 προτέρᾳ
1448 2945 1663 3016 φυλακῇ
1701 2945 1898 3016 φέρον-

320 3057 437 3105 τες,
463 3039 541 3108 τῷ
569 3040 702 3110 ἱερῷ
726 3039 931 3110 Γουρίᾳ
960 3037 1332 3108 παρατιθείσι.
1381 3037 1493 3090 Καὶ
1517 3037 1581 3109 δὴ
1609 3053 1900 3091 πεντεκαι-

1990 581 2196 638 mento,
2250 573 2398 642 ipsos
2426 589 2494 628 ne
2513 574 2624 628 ullo
2646 573 2870 643 quidem
2901 573 3238 645 dignabatur
3264 588 3552 643 responso.

1989 663 2174 718 sinens
2205 678 2299 718 eos
2331 664 2540 734 lugere,
2587 674 2645 719 et
2685 681 2742 720 se
2774 665 2979 732 potius,
3005 681 3114 720 non
3147 665 3298 720 illum
3331 665 3556 736 dignum

1992 767 2217 808 censere
2246 753 2644 809 misericordia.
2675 755 2730 808 in
2764 757 2963 810 coelum
2995 765 3177 810 autem
3209 756 3408 810 tollens
3428 770 3562 810 ocu—

1989 845 2092 910 los,
2131 846 2458 916 precabatur
2512 846 2678 901 Deum
2705 862 2773 901 ex
2823 847 3100 916 profundo
3148 847 3364 913 cordis,
3400 857 3457 900 et
3506 850 3556 901 ei

1995 939 2290 994 revocabat
2333 939 2386 992 in
2444 939 2764 994 memoriam
2822 938 3111 1002 miracula,
3157 954 3329 1008 quaen
3360 942 3561 994 swculo

1998 1029 2141 1084 facta
2178 1039 2307 1085 sunt
2343 1046 2358 1084 :
2402 1030 2631 1085 Domine
2670 1031 2838 1095 Deus,
2885 1029 3114 1096 dicens,
3142 1030 3260 1085 sine
3301 1045 3411 1099 quo
3459 1045 3561 1084 nec

1991 1123 2338 1192 passerculus
2364 1123 2586 1192 quidem
2608 1122 2764 1177 cadet
2793 1123 2846 1176 in
2875 1123 3132 1192 laqueum
3156 1121 3177 1153 ⁸
3204 1139 3218 1176 ι
3249 1123 3344 1191 qui
3372 1121 3560 1176 Davidi

1991 1214 2233 1269 dilatasti
2293 1229 2391 1268 eor
2445 1214 2502 1269 in
2554 1214 2944 1269 aﬂlietionibus
2979 1215 3020 1248 ¹⁰
3070 1232 3084 1281 ;
3131 1213 3225 1284 qui
3277 1213 3562 1284 prophetat

1991 1307 2200 1363 Danieli
2265 1306 2376 1359 vim
2420 1307 2622 1361 dedisti
2677 1308 2843 1362 etiam
2873 1315 3063 1362 contra
3114 1308 3306 1362 leones
3332 1307 3374 1338 ¹¹
3416 1324 3430 1359 :
3465 1307 3561 1374 qui

1992 1404 2191 1458 pueros
2221 1397 2558 1452 Abramiaeos
2585 1407 2640 1452 et
2697 1397 2913 1468 tyranni
2949 1407 3004 1452 et
3052 1397 3284 1452 ﬂamma:
3326 1397 3566 1452 victores

1991 1485 2223 1542 effecisti
2251 1489 2292 1520 ¹³
2326 1505 2341 1554 ;
2385 1497 2442 1543 tu
2507 1503 2725 1558 quoque
2771 1503 2939 1554 nunc,
2994 1489 3246 1555 Domine,
3282 1489 3464 1559 aspice
3496 1489 3564 1542 ad

1995 1576 2218 1643 bellum,
2290 1580 2448 1649 quod
2491 1589 2684 1634 contra
2737 1594 2839 1635 nos
2893 1579 3136 1650 geritur,
3195 1581 3290 1650 qui
3362 1590 3568 1636 nostra:

1995 1685 2204 1724 natura:
2254 1672 2398 1725 nosti
2466 1671 2922 1727 imbecillitatem.
2979 1671 3224 1726 Conatur
3261 1672 3408 1727 enim
3465 1673 3569 1727 iui-

1996 1762 2176 1815 micus
2209 1760 2525 1829 ﬁgmentum
2562 1773 2668 1816 tum
2699 1761 2938 1817 dextera:
2963 1773 3215 1818 avertere
3252 1764 3321 1818 ab
3351 1781 3414 1820 ea
3445 1782 3568 1835 qua}

1997 1862 2080 1907 est
2108 1853 2251 1922 apud
2288 1862 2339 1907 te
2374 1853 2564 1922 gloria.
2627 1852 2733 1907 Sed
2772 1864 2830 1907 tu
2870 1853 3121 1924 benignis
3166 1855 3276 1908 tuis
3323 1871 3425 1910 nos
3484 1857 3567 1908 in-

2002 1951 2160 1997 tuens
2216 1942 2412 2006 oculis,
2459 1956 2720 1996 conserva
2778 1941 2832 1995 in
2867 1941 3065 2006 nobis,
3119 1957 3243 2011 quae
3291 1943 3564 2012 exstingui

1998 2049 2108 2088 non
2142 2042 2344 2103 potest,
2391 2033 2670 2088 lucernam
2730 2041 2948 2086 tuorum
2998 2033 3381 2086 mandatorum
3417 2051 3430 2087 :
3475 2043 3568 2087 tua

1999 2136 2184 2181 autem
2214 2126 2336 2181 luce
2364 2125 2535 2196 dirige
2584 2134 2798 2178 nostras
2857 2124 3099 2190 semitas,
3126 2134 3181 2179 et
3205 2124 3429 2194 dignare
3466 2140 3567 2178 nos

1998 2217 2102 2272 frui
2142 2232 2228 2282 ea,
2261 2231 2382 2286 qua:
2431 2225 2516 2270 est
2579 2214 2630 2268 in
2675 2223 2746 2277 te,
2781 2213 3119 2268 beatitudine
3153 2231 3168 2269 :
3201 2215 3459 2282 quoniam
3506 2231 3567 2268 es

1998 2308 2327 2364 benedictus
2357 2308 2410 2362 in
2433 2308 2628 2363 smeula
2651 2308 2996 2362 saeculorum.
3017 2307 3193 2375 Atque
3217 2307 3306 2361 ille
3334 2307 3560 2377 quidem

1997 2401 2340 2472 agonotbetzc
2370 2400 2483 2455 Deo
2521 2399 2807 2454 emittebat
2852 2397 2992 2452 hanc
3039 2398 3334 2468 gratiarum
3386 2401 3563 2454 actio-

1997 2491 2412 2564 nemzquidam
2461 2501 2645 2547 autem
2681 2490 2887 2556 scriba,
2931 2491 3024 2560 qui
3085 2489 3296 2558 aderat,
3359 2491 3564 2546 litteris

1998 2583 2275 2640 mandavit
2310 2600 2432 2654 qum
2466 2583 2610 2639 dicta
2641 2591 2791 2638 sunt.

2069 2677 2162 2732 IX.
2203 2677 2375 2732 Jussit
2429 2685 2612 2730 autem
2657 2690 2858 2746 praeses
2907 2676 3389 2733 commentariensi
3441 2693 3567 2733 eum

2014 2772 2228 2827 solvere
2269 2786 2298 2825 a
2333 2768 2624 2839 supplicio.
2688 2767 2781 2822 llle
2810 2782 2938 2822 vero
2977 2783 3101 2822 cum
3144 2769 3488 2836 sict'ecisset,
3514 2780 3572 2825 et

1999 2873 2272 2932 portasset
2321 2880 2444 2920 cum
2479 2864 2545 2920 iis
2586 2863 2679 2935 qui
2728 2864 2957 2920 aderant
2988 2866 3100 2936 jam
3153 2865 3436 2920 doloribus
3471 2864 3570 2920 de-

2000 2960 2203 3014 lessum
2239 2967 2295 3014 et
2320 2958 2652 3027 confectum,
2700 2959 2756 3014 in
2809 2960 3050 3030 priorem
3102 2960 3340 3015 ferentes
3385 2968 3571 3014 custo-

2001 3049 2174 3114 diam,
2197 3050 2482 3120 deponunt
2501 3052 2654 3122 juxta
2670 3061 2920 3106 sanctum
2950 3051 3194 3107 Curiam.
3219 3050 3354 3106 Cum
3385 3059 3568 3104 autem

325 3130 564 3200 δεκάτην
593 3130 986 3194 ἀναϐαίνοντος
1015 3129 1109 3183 τοῦ
1156 3128 1472 3199 Νοεμϐρίου
1501 3128 1693 3192 νυκτὸς
1729 3127 1898 3198 οὔσης

2000 3150 2144 3197 esset
2174 3141 2499 3196 Novembris
2521 3143 2771 3198 decimus
2830 3144 3082 3213 quintus,
3116 3154 3280 3199 noctu
3346 3143 3572 3198 circiter

322 3222 453 3292 περὶ
484 3222 864 3294 ἀλεκτρυόνων
887 3221 1056 3292 ᾠδὰς,
1077 3221 1279 3290 ἀνιστη
1303 3224 1330 3274 6
1350 3221 1594 3291 ἡγεμών·
1617 3220 1898 3291 λαμπάδες

319 3331 380 3368 τε
416 3317 511 3368 καὶ
545 3314 840 3384 δορυφόροι
881 3312 1076 3366 τούτου
1123 3313 1420 3383 προῄεσαν.
1477 3311 1586 3365 Καὶ
1617 3313 1714 3383 τὴν
1747 3313 1901 3381 βασι-

321 3405 481 3475 λικὴν
519 3405 824 3475 λεγομένην
881 3401 1208 3457 καταλαϐὼν
1255 3403 1492 3472 ὅποιπερ
1542 3402 1695 3473 αὑτῷ
1728 3403 1790 3456 τὸ
1818 3403 1899 3456 δι-

320 3497 624 3567 καστήριον
676 3495 1106 3566 συγκεκρότητο,
1166 3493 1262 3547 ι-πὶ
1319 3492 1415 3546 τοῦ
1463 3492 1706 3564 βήματος
1732 3494 1896 3547 σοϐαο

325 3587 434 3657 ρῶς
459 3583 869 3656 προκαθέζεται
895 3600 909 3614 ’
945 3585 1038 3637 καὶ
1069 3582 1196 3647 τοὺς
1238 3582 1480 3654 ἀθλητὰς
1525 3584 1564 3636 Γ
1566 3583 1756 3653 ουρίαν
1805 3584 1902 3637 καὶ

325 3679 602 3748 Σαμωνᾶν
663 3676 1113 3748 μεταστέλλεται.
1171 3677 1284 3730 Καὶ
1333 3676 1362 3728 6
1413 3675 1514 3745 μὲν
1551 3675 1678 3745 ἥκει
1734 3675 1902 3745 μέσος

323 3773 472 3826 δυοῖν
502 3767 986 3839 πορευόμενοςζκαὶ
1007 3770 1130 3832 ταῖς
1159 3767 1424 3838 ἑκατέρου
1446 3769 1636 3838 χερσὶν
1663 3767 1901 3838 ὑποστη-

330 3861 614 3932 ριζόμενος
637 3876 652 3892 ο
702 3860 738 3928 ἦ
766 3876 830 3913 τε
866 3860 977 3929 γάρ
1005 3859 1192 3912 ἀσιτία
1245 3857 1459 3924 ἐπίεζε,
1501 3859 1596 3912 καὶ
1631 3859 1691 3911 τὸ
1723 3858 1901 3928 γῆρας

327 3953 584 4022 ἐϐάρυνε,
617 3950 787 4021 μόνης
834 3951 999 4005 αὑτὸν
1028 3949 1130 4020 τῆς
1183 3950 1399 4020 ἀγαθῆς
1441 3950 1655 4012 ἐλπίδος
1693 3949 1903 4020 ἀναψυ-

329 4045 555 4116 χούσης.
597 4042 658 4097 '0
705 4043 764 4096 δὲ
807 4041 1042 4112 Γουρίας
1091 4043 1186 4096 καὶ
1216 4043 1379 4106 αὐτὸς
1409 4042 1905 4113 διαϐασταζὸμενος

328 4135 542 4204 ἄγεται,
577 4134 714 4204 μηδὲ
743 4133 980 4203 βαδίζειν
1011 4134 1148 4197 ὅλως
1177 4133 1496 4205 δυνάμενος,
1527 4134 1622 4189 an
1653 4135 1904 4204 χαλεπῶς

327 4226 479 4297 αὐτῷ
521 4227 618 4280 τοῦ
675 4226 834 4288 ποδὸς
877 4225 984 4278 ὑπὸ
1015 4225 1111 4279 τοῦ
1138 4225 1343 4296 δεσμοῦ
1394 4226 1717 4296 πληγέντος.
1763 4227 1904 4296 Πρὸς

332 4316 427 4378 οὓς
453 4320 482 4370 6
510 4317 609 4386 τῆς
640 4317 896 4380 ἀσεϐείας
929 4315 1316 4388 ὑπασπιστὴς,
1358 4316 1567 4379 ’Δδείας
1587 4354 1602 4381 ,
1632 4315 1738 4387 ἔφη
1762 4357 1778 4382 ,
1807 4317 1904 4369 λα-

333 4410 579 4480 ϐόμενοι,
615 4411 748 4480 περὶ
779 4408 874 4463 τοῦ
925 4409 1237 4473 λυσιτελοῦς
1284 4411 1414 4481 ὑμῖν
1445 4410 1902 4480 συνδιεσκέψασθε

332 4503 442 4556 ἀν’
484 4502 737 4572 φράσατε
779 4501 874 4556 οὖν
916 4502 969 4554 εί
995 4519 1048 4555 τι
1079 4503 1398 4572 καινότερον
1447 4504 1579 4573 ὑμῖν
1620 4505 1906 4569 ἔσκεπται,

331 4594 430 4647 καὶ
469 4595 519 4646 εί
559 4593 827 4662 μετάνοιά
855 4608 941 4658 τις
981 4594 1234 4663 εἰσῆλθεν
1261 4594 1405 4664 ὑμᾶς
1433 4595 1528 4648 ἐπὶ
1569 4597 1683 4659 τοῖς
1711 4595 1907 4666 προτέ-

329 4702 473 4756 ροις,
509 4687 609 4737 καὶ⁵
663 4688 730 4754 τῇ
777 4684 872 4737 τοῦ
937 4685 1220 4739 Θειοτάτου
1275 4684 1543 4755 βασιλέως
1606 4688 1905 4756 προστάξει

324 4778 591 4832 πείθεσθε
619 4793 633 4808 ’
663 4776 809 4830 οὕτω
851 4779 962 4850 γὰρ
1003 4777 1073 4831 ἂν
1119 4778 1229 4833 τῶν
1269 4795 1330 4831 τε
1365 4778 1582 4833 οἰκείων
1611 4779 1939 4849 κτημάτωνχ

322 4869 470 4940 ὁμοῦ
493 4869 590 4924 καὶ
607 4868 934 4940 χρημάτων,
967 4869 1104 4923 ἀλλὰ
1138 4869 1350 4922 καὶτοῦ
1383 4868 1723 4938 γλυκυτάτου
1752 4870 1906 4923 τοῦδε

323 4963 513 5032 ᾳιιτδς
531 4962 906 5032 άπολαύσητε.
929 4961 1072 5033 Πρὸς
1090 4961 1262 5015 ταῦτα
1289 4962 1338 5015 οἱ
1368 4962 1665 5032 μάρτυρες,
1692 4962 1903 5026 Οὐδεὶς,

333 5051 528 5120 εἶπον,
577 5055 688 5107 τῶν
738 5055 1154 5124 εδφρονούντων
1191 5055 1502 5107 ἀσπάσαιτο
1530 5053 1640 5106 τῶν
1676 5054 1907 5124 ῥεόντων

324 5147 428 5216 τὴν
457 5148 520 5199 ὲν
554 5144 723 5216 ὀλίγῳ
765 5147 1116 5216 παραμονήν.
1160 5144 1366 5207 Ἱκανὸς
1403 5143 1513 5214 γὰρ
1562 5146 1700 5216 ἡμῖν
1741 5146 1838 5198 καὶ
1881 5147 1908 5198 6

323 5234 627 5304 προλαϐὼν
651 5235 845 5304 χρόνος
877 5235 1011 5304 πρὸς
1037 5235 1134 5305 τὴν
1168 5235 1366 5304 χρῆσιν
1395 5235 1578 5288 αὐτῶν
1635 5235 1730 5290 καὶ
1756 5235 1906 5298 θέαν,

327 5330 430 5382 καὶ
460 5327 678 5390 οὐδενὸς
704 5327 913 5380 τούτων
956 5326 1126 5396 ἐσμὲν
1160 5329 1219 5380 ὲν
1259 5327 1552 5397 ἐπιθυμίᾳ.
1589 5329 1688 5380 Ὃν
1719 5328 1775 5381 δὲ
1813 5328 1908 5382 νῦν

324 5421 472 5489 ἡμῖν
533 5419 764 5496 θάνατον
824 5418 1139 5484 ἐπισείεις,
1196 5419 1335 5490 πρὸς
1401 5420 1706 5483 ἀθανάτους
1757 5417 1910 5484 οὗτος

325 5512 487 5580 ἡμᾶς
515 5509 822 5576 διαϐιϐάσει
856 5511 1084 5581 σκηνὰς,
1121 5511 1217 5564 καὶ
1249 5510 1352 5581 τῆς
1381 5511 1591 5565 ἐκεῖθεν
1619 5518 1911 5583 μετασχεῖν

323 5584 759 5673 παρασκευάσει
792 5605 1174 5673 μακαριότητο
1187 5624 1226 5666 ς.
1549 5649 1556 5654 .
1885 5629 1900 5632 -

397 5786 422 5818 ⁸
448 5783 597 5842 Pal.
633 5800 753 5850 εει,
787 5785 843 5839 5.
919 5786 940 5816 °
973 5785 1162 5839 Matth.
1211 5801 1263 5850 χ,
1296 5786 1385 5840 99.

651 5885 926 5943 Parnm.
974 5884 1090 5944 Gn.
1122 5885 1343 5945 CXVI.

1501 5787 1540 5819 ¹⁰
1573 5786 1715 5842 Psal.
1762 5802 1835 5854 ιν,
1866 5787 1919 5842 Ξ.

2001 3233 2126 3302 galli
2157 3243 2376 3288 cantum
2428 3235 2671 3288 surrexit
2701 3235 2864 3306 iudex
2893 3252 2906 3289 :
2941 3251 3065 3291 eum
3117 3251 3250 3291 vero
3294 3235 3572 3305 praecede-

2001 3326 2137 3380 bant
2160 3323 2440 3394 lampades
2479 3334 2535 3379 et
2573 3325 2871 3380 satellites:
2901 3335 2956 3381 et
2998 3341 3121 3382 eum
3158 3327 3222 3380 ad
3286 3325 3572 3380 basilicam

1999 3415 2265 3481 venisset,
2305 3430 2426 3486 quae
2454 3415 2679 3482 dicitur,
2716 3417 2810 3470 ubi
2836 3426 2951 3470 erat
2983 3417 3273 3488 judicium,
3301 3432 3426 3471 cum
3463 3432 3573 3470 ma-

2001 3521 2108 3578 gno
2137 3507 2280 3562 fastu
2312 3507 2465 3562 sedet
2517 3522 2616 3576 pro
2645 3508 2926 3573 tribunali,
2977 3518 3034 3563 et
3079 3509 3312 3563 accersit
3336 3510 3573 3564 athletas

2007 3600 2232 3656 Guriam
2277 3609 2332 3655 et
2363 3599 2675 3654 Samonam.
2710 3600 2778 3654 Et
2815 3601 2903 3655 hic
2935 3600 3160 3670 quidem
3191 3601 3343 3657 venit
3380 3603 3576 3656 ambu-

2004 3693 2128 3747 lans
2158 3692 2214 3746 in
2249 3691 2432 3747 medio
2456 3691 2691 3746 duorum
2721 3701 2776 3747 et
2802 3692 2969 3748 fultus
2995 3693 3277 3764 utriusque
3297 3696 3573 3749 manibus.

2005 3781 2138 3838 Nam
2189 3794 2246 3840 et
2280 3783 2564 3854 premebat
2620 3784 2824 3852 inedia,
2892 3794 2946 3842 et
2988 3787 3247 3856 gravabat
3295 3796 3571 3851 senectus,

2005 3875 2146 3931 bona
2177 3891 2273 3948 spe
2293 3877 2646 3937 solummodo,
2671 3892 2796 3932 eum
2835 3878 3216 3950 refrigerante.
3241 3880 3443 3934 Gurias
3475 3895 3574 3932 au-

2008 3977 2117 4025 tem
2145 3971 2262 4039 ipse
2290 3985 2508 4042 quoque
2528 3979 2778 4037 portatus
2800 3971 3022 4028 ducitur
3043 4011 3058 4035 ,
3097 3981 3156 4026 ut
3205 3973 3297 4041 qui
3326 3987 3426 4027 nec
3447 3987 3575 4039 pos-

2005 4068 2091 4114 set
2124 4060 2350 4114 omnino
2407 4058 2638 4128 ingredi,
2703 4068 2895 4128 utpote
2939 4059 3087 4130 quod
3139 4075 3235 4130 pes
3287 4062 3337 4114 ei
3380 4061 3574 4113 fuisset

2008 4151 2245 4222 graviter
2278 4164 2308 4203 a
2341 4150 2562 4204 vinculo
2593 4151 2888 4206 sauciatus.
2921 4151 3002 4205 Ad
3033 4166 3170 4219 quos
3202 4150 3576 4206 defensorim-

2006 4239 2224 4310 pietatis
2257 4256 2270 4292 :
2303 4239 2441 4295 Cum
2472 4239 2620 4304 data,
2671 4240 2869 4310 inquit,
2933 4240 3099 4294 fuerit
3123 4239 3278 4295 vobis
3309 4249 3571 4311 potestas,

2009 4330 2076 4384 de
2103 4344 2168 4385 eo
2214 4330 2360 4399 quod
2415 4338 2502 4384 est
2535 4329 2693 4385 vobis
2736 4331 3107 4396 conducibile,
3144 4331 3306 4386 simul
3367 4331 3576 4386 delibe-

2015 4427 2201 4479 rastis.
2229 4422 2402 4477 Dicite
2430 4437 2592 4493 ergo,
2622 4438 2691 4477 an
2728 4423 2855 4477 novi
2883 4423 3088 4494 aliquid
3113 4423 3235 4478 sita
3260 4424 3417 4479 vobis
3443 4439 3574 4478 con-

1939 4491 1983 4548 D
2011 4515 2316 4572 sideratum
2353 4555 2368 4580 ,
2404 4522 2461 4568 et
2494 4491 2561 4568 an
2595 4515 2840 4583 priorum
2871 4491 3173 4583 vosvaliqua
3209 4515 3576 4584 subieritpm-

2015 4606 2292 4662 nitentia:
2329 4608 2388 4660 ef
2421 4615 2609 4676 parete
2657 4606 2834 4678 jussui
2895 4605 3245 4662 divinissimi.
3295 4607 3384 4662 Sic
3426 4608 3572 4660 enim

2014 4699 2212 4752 vestris
2267 4698 2462 4768 opibus
2505 4707 2561 4752 ct
2588 4697 3046 4766 possessionibus,
3077 4699 3208 4767 quin
3255 4700 3420 4752 etiam
3472 4700 3577 4752 hac

2009 4789 2328 4844 suavissima
2363 4804 2582 4858 quoque
2626 4788 2750 4843 luce
2802 4788 3084 4844 fruemini.
3132 4789 3214 4844 Ad
3267 4791 3379 4844 haec
3428 4806 3575 4842 mar-

2012 4893 2196 4954 tyres:
2244 4881 2438 4947 Nemo,
2495 4879 2770 4949 inquiunt,
2839 4881 2933 4949 qui
2986 4880 3148 4950 sapit,
3202 4881 3579 4949 magnifcccrit

2011 4989 2204 5044 parum
2247 4988 2468 5027 manere
2528 4973 2584 5026 in
2615 4972 2700 5036 iis,
2745 4988 2867 5042 qua:
2912 4971 3109 5027 ﬂuunt.
3172 4972 3383 5028 Suilicit
3428 4975 3574 5026 enim

2011 5067 2170 5121 nobis
2211 5073 2445 5134 tempus,
2504 5063 2650 5134 quod
2685 5065 2984 5133 praecessit,
3015 5064 3102 5130 ad.
3142 5079 3272 5119 usus
3305 5079 3494 5118 eorum
3522 5074 3577 5117 et

2010 5167 2292 5228 aspectum
2323 5174 2336 5210 :
2377 5171 2478 5210 nec
2507 5171 2697 5211 eorum
2740 5156 2947 5224 aliquid
2975 5155 3371 5211 desideramus.
3403 5157 3574 5221 Quam

2012 5258 2194 5303 autem
2233 5256 2463 5302 mortem
2498 5261 2646 5300 nunc
2685 5247 2846 5301 nobis
2880 5246 3134 5312 intentas,
3161 5262 3224 5301 ea
3249 5263 3347 5300 nos
3376 5247 3440 5299 ad
3477 5248 3579 5299 im-

2015 5340 2264 5394 mortalia
2341 5338 2672 5392 transmittet
2727 5337 3100 5398 tabernacula,
3150 5346 3206 5391 et
3248 5339 3463 5398 eiliciet,
3522 5349 3580 5393 ut

2017 5433 2190 5487 simus
2279 5429 2576 5500 participes
2641 5427 2799 5497 ejus,
2849 5442 2970 5495 quae
3028 5435 3113 5481 est
3159 5428 3287 5494 illic,
3347 5429 3582 5483 beatitu-

2011 5524 2180 5578 dinis.

2032 5788 2068 5820 ¹¹
2105 5787 2236 5843 Dan.
2282 5802 2331 5841 vi
2364 5794 2416 5842 et
2453 5802 2560 5842 xiv.
2643 5785 2680 5816 ¹²
2719 5787 2827 5840 Dan
2893 5801 2969 5853 ut,
3013 5787 3029 5841 Ι
3067 5803 3219 5856 seqq.

3123 5899 3155 5943 ἰ)
