4060 6374
510 368 612 432 139

1738 371 2021 433 ΜΕΝΞἸΞ
2058 372 2499 437 Νονιιιιιιιιιι.

3644 377 3746 441 140

584 481 654 539 Σ.
682 482 888 538 Ρτιεεοε
931 489 1159 536 autem:
1208 479 1339 546 Quae
1379 496 1409 536 a
1455 480 1633 549 vobis,
1687 481 1887 553 inquit,
1934 483 2078 541 dicta

2260 490 2297 541 ι’
2365 486 2424 541 ’0
2453 486 2511 540 δέ
2546 487 2795 559 ἡγεμὼν,
2824 488 2909 543 τὰ
2934 488 3069 561 παρ’
3095 488 3283 558 ὑμῶν,
3314 487 3416 561 εφη
3436 531 3451 558 ,
3480 489 3745 562 λεχθέντα

506 584 657 641 sunt,
690 583 911 628 nostras
937 585 1100 625 aures
1129 586 1321 641 magna
1352 571 1658 629 affecerunt
1688 574 1927 631 tristitia.
1960 576 2075 647 Ego

506 672 686 719 autem
708 661 896 731 paucis
922 674 1191 730 exponam
1211 660 1287 726 id,
1312 661 1458 731 quod
1490 662 1876 719 videtur.Nam
1899 666 1944 720 si
1968 680 2076 721 ara:

505 754 727 825 quidem
786 750 914 805 thus
966 750 1269 820 imponitis,
1318 760 1375 807 et
1424 753 1643 823 imagini
1682 754 1834 811 Jovis
1869 756 2077 811 sacriﬁ-

506 842 664 907 catis,
701 855 849 897 recte
881 857 943 897 se
973 840 1253 908 habuerit,
1285 852 1339 899 et
1390 846 1769 916 unusquisque
1830 856 2075 902 vestrum

505 935 727 989 domum
759 932 951 988 abibit.
986 934 1082 989 Sin
1115 950 1245 989 vero
1280 935 1465 992 adhuc
1504 938 1731 1008 pergitis
1778 940 2077 1010 imperato-

506 1030 583 1083 ris
613 1026 793 1098 jussui
826 1041 936 1079 non
1000 1041 1221 1095 parere,
1278 1029 1711 1097 amputabuntur
1770 1031 1928 1087 vobis
1958 1046 2079 1087 om-

508 1119 641 1174 nino
684 1119 909 1187 capita;
972 1118 1078 1172 hoc
1138 1119 1286 1173 enim
1342 1120 1459 1174 vult
1493 1130 1551 1176 et
1600 1121 1795 1177 statuit
1850 1137 2078 1193 magnus

506 1213 831 1281 imperator.
888 1209 970 1264 Ad
1036 1225 1159 1280 quae
1207 1214 1545 1282 respondens
1626 1214 2078 1285 generosissimus

508 1304 777 1358 Samonas
814 1319 828 1356 :
862 1300 920 1357 Si
952 1316 1071 1367 nos,
1110 1302 1319 1372 inquit,
1376 1310 1527 1359 tanto
1562 1304 1814 1361 aﬂ‘eceris
1866 1305 2079 1362 beneﬁ-

505 1397 613 1459 cio.
672 1405 731 1449 ut
769 1393 1069 1449 liberemur
1090 1394 1313 1464 quidem
1343 1396 1412 1451 ab
1443 1396 1510 1452 iis
1536 1414 1656 1468 quae
1681 1399 1771 1455 hic
1792 1409 1921 1455 sunt
1960 1417 2077 1457 mo-

507 1486 708 1549 lestiis,
734 1485 1177 1540 transmittamur
1203 1494 1385 1542 autem
1416 1486 1484 1541 ad
1509 1504 1652 1552 eam,
1686 1504 1807 1559 quae
1838 1500 1921 1546 est
1946 1490 2077 1556 illic,

506 1576 930 1644 beatitudinem,
1003 1586 1271 1646 quantum
1334 1577 1389 1633 in
1469 1579 1632 1637 nobis
1700 1580 1923 1651 quidem
2002 1583 2080 1637 si-

510 1676 624 1721 tum
658 1678 763 1735 est,
810 1668 911 1724 tibi
957 1668 1219 1722 reddetur
1276 1683 1489 1725 merces
1524 1671 1594 1726 ab
1621 1686 1685 1727 eo
1731 1673 1826 1742 qui
1888 1683 2079 1729 nostra

508 1756 789 1826 dispensat
820 1756 887 1811 ad
930 1756 1006 1823 id,
1035 1757 1180 1827 quod
1216 1766 1301 1814 est
1330 1758 1484 1814 utile.
1526 1761 1608 1814 Ad
1645 1760 1761 1818 haec
1809 1778 1936 1817 cum
1989 1778 2079 1819 re-

511 1846 825 1915 spondisset
860 1861 1083 1916 praises,
1121 1854 1181 1901 ut
1210 1846 1524 1916 videbatur,
1574 1850 1885 1922 benignius,
1916 1861 1973 1909 et
1993 1854 2078 1911 di-
2112 1832 2155 1887 Β

509 1939 680 1993 sisset
709 1954 726 1993 :
754 1939 866 2009 Ego
887 1939 1188 1994 toleranter
1222 1941 1509 2011 hucusque
1540 1943 1665 2009 tuli,
1708 1946 1899 2019 longas
1955 1949 2079 2005 illas

508 2030 788 2086 sustinens
848 2031 1164 2098 orationes,
1223 2042 1282 2087 ut
1308 2036 1489 2089 "mora
1542 2041 1806 2107 temporis
1860 2043 2075 2109 mutati,

508 2121 931 2177 traduceremini
964 2121 1033 2177 ad
1060 2122 1112 2176 id
1153 2123 1301 2193 quod
1346 2134 1429 2180 est
1456 2126 1611 2193 utile,
1656 2137 1713 2183 et
1744 2132 2077 2202 supplicium

507 2212 702 2267 mortis
725 2226 834 2268 non
864 2212 1147 2268 subiretis.
1175 2212 1276 2280 Qui
1299 2218 1482 2280 morti,
1504 2234 1626 2288 qua;
1646 2230 1727 2275 est
1750 2221 1818 2275 ad
1840 2233 2076 2293 tempus,

507 2304 684 2373 inquit
711 2304 998 2368 Smonaas,
1032 2319 1090 2359 se
1116 2307 1339 2361 tradunt
1387 2319 1613 2377 propter
1636 2310 1939 2381 Christum,
1971 2316 2081 2369 cla-

507 2409 627 2447 rum
650 2402 734 2448 est
760 2391 878 2449 fore
920 2402 978 2448 ut
1006 2394 1043 2449 ii
1081 2394 1391 2451 liberentur
1418 2398 1486 2453 ab
1505 2408 1730 2455 aeterna.
1782 2402 1887 2468 Qui
1928 2405 2079 2460 enim

506 2484 711 2539 mundo
743 2485 1077 2551 moriuntur,
1116 2488 1313 2543 vivunt
1344 2488 1397 2543 in
1427 2488 1671 2546 Christo.
1704 2492 1840 2550 Nam
1885 2495 2081 2553 Petrus

505 2591 747 2646 quoque,
808 2578 904 2645 qui
967 2578 1287 2647 resplendet
1335 2580 1393 2636 in
1449 2582 1621 2637 choro
1669 2586 2074 2656 apostolorum,

504 2684 669 2723 cruce
696 2668 801 2725 fuit
833 2668 1235 2729 condemnatus
1282 2683 1336 2728 et
1368 2684 1546 2730 morte
1581 2693 1597 2741 ;
1646 2686 1702 2732 et
1754 2678 1901 2734 ﬁlius
1936 2682 2080 2736 toni-

506 2762 614 2815 trui
657 2761 931 2827 Jacobus,
957 2762 1026 2817 ab
1054 2763 1267 2821 Herode
1309 2767 1547 2838 Agrippa
1589 2768 1693 2825 fuit
1754 2772 2079 2833 interfectus

505 2849 685 2917 gladio
718 2852 784 2902 ".
819 2850 1132 2919 Quinetiam
1162 2853 1474 2926 Stephanus
1498 2873 1719 2928 quoque
1769 2860 1873 2918 fuit
1904 2878 2078 2935 appe-

506 2943 637 2999 titus
662 2944 958 3015 lapidibus,
987 2947 1081 3017 qui
1114 2948 1326 3017 primus
1349 2952 1624 3018 percurrit
1668 2952 1902 3008 stadium
1936 2972 2079 3010 mar-

503 3034 629 3105 tyrii
663 3036 727 3090 ”.
755 3036 895 3102 Quid
940 3047 1120 3092 autem
1144 3038 1352 3094 dixeris
1382 3040 1449 3095 de
1475 3040 1683 3098 Joanne
1707 3044 1731 3097 ?
1762 3059 1831 3099 an
1865 3063 1931 3103 ne
1959 3048 2078 3119 ejus

502 3128 727 3197 quidem
779 3130 1034 3185 admittes
1080 3133 1352 3202 egregiam
1384 3132 1533 3187 illam
1591 3137 1982 3203 constantiam,
2020 3148 2144 3221 etc

496 3218 767 3288 loquendi
808 3219 1150 3286 libertatem,
1195 3223 1345 3291 quod
1378 3225 1521 3279 mori
1574 3226 1854 3295 maluerit,
1909 3246 2074 3299 quam

501 3311 704 3368 cubitis
734 3322 917 3367 tacere
945 3312 1343 3381 impudicitiam
1374 3333 1388 3369 :
1414 3316 1669 3373 adultera
1686 3334 1817 3374 vero
1842 3322 1961 3392 ejus
1980 3337 2070 3378 ca-

500 3410 606 3474 put
637 3404 917 3472 acceperit
960 3406 1246 3475 praemium
1272 3407 1586 3464 saltationis
1624 3410 1664 3443 "
1696 3409 1721 3465 ἲ

570 3492 665 3549 XI.
718 3495 934 3551 Rursus
1001 3506 1184 3552 autem
1233 3513 1437 3568 praeses
1496 3501 1667 3556 :Non
1722 3512 1783 3558 ut
1836 3514 2072 3572 vestros,

498 3599 640 3655 quos
666 3585 870 3651 dicitis,
922 3598 1142 3641 sanctos
1194 3590 1554 3656 enumeretis,
1616 3606 1716 3648 vos
1754 3591 1873 3647 fero
1938 3596 2074 3650 tole-

502 3684 713 3742 ranter,
762 3677 859 3731 sed
902 3685 981 3744 ut,
1035 3685 1248 3733 mutato
1305 3681 1559 3749 consilio,
1620 3684 1789 3754 jussis
1818 3687 2075 3742 cedentes

504 3766 873 3836 imperatoris,
901 3766 969 3821 ab
1007 3767 1367 3823 acerbissima
1400 3778 1579 3826 morte
1633 3772 1969 3827 liberemini.
2015 3772 2073 3829 Si

501 3862 647 3913 cnim
666 3859 786 3916 sitis
804 3861 1034 3915 nimium
1060 3861 1296 3918 audaces
1313 3871 1370 3918 et
1400 3864 1719 3939 insolentes,
1742 3866 1874 3937 quid
1902 3867 2071 3935 aliud,

503 3968 665 4023 quam
697 3967 794 4007 vos
821 3953 1029 4026 majora
1058 3954 1335 4023 excipient
1367 3957 1660 4026 supplicia,
1726 3957 1925 4028 quibus
1977 3974 2077 4029 op-

503 4043 700 4112 pressi,
725 4044 812 4098 vel
858 4043 1016 4099 inviti
1050 4044 1265 4102 facietis
1316 4044 1370 4101 id
1416 4047 1563 4118 quod
1609 4064 1710 4104 nos
1739 4049 2008 4120 exigimus
2048 4051 2073 4104 τ

499 4148 608 4202 quo
634 4142 878 4204 tempore
943 4150 1045 4191 nec
1120 4138 1345 4192 omnino
1398 4138 1619 4208 quidem
1670 4141 1922 4210 poteritis
1983 4156 2075 4197 re-

500 4225 709 4294 fugium
744 4225 950 4282 habere
994 4227 1063 4281 ad
1127 4229 1598 4287 misericordiam?
1636 4232 1770 4287 Nam
1816 4233 1962 4304 quod
2013 4233 2074 4289 lit

495 4332 599 4385 per
632 4317 764 4383 vim,
800 4333 870 4373 ne
908 4328 1089 4389 potest
1111 4322 1336 4390 quidem
1387 4338 1689 4391 provocare
1717 4325 1787 4380 ad
1831 4325 2064 4381 commi-

498 4409 853 4477 serationem,
884 4412 1161 4480 quomodo
1199 4422 1391 4469 contra
1421 4416 1568 4484 quod
1599 4425 1796 4486 sponte
1881 4418 1961 4483 lit,
1987 4428 2071 4474 est

499 4499 723 4570 dignum
765 4502 1173 4559 misericordia.
1218 4503 1625 4561 Christiautem
1652 4508 1995 4565 confessores
2013 4520 2069 4565 et
2100 4525 2143 4581 υ

488 4601 767 4663 martyres
821 4590 1123 4647 dixerunt:
1162 4592 1281 4649 Non
1338 4611 1477 4665 opus
1538 4605 1625 4651 est
1651 4598 1839 4654 multis
1863 4600 2066 4656 verbis.

498 4686 638 4741 Ecce
662 4685 808 4741 enim
843 4698 945 4740 nos
984 4700 1180 4741 sumus
1212 4686 1311 4741 tibi
1341 4695 1540 4757 praesto
1577 4687 1645 4743 ad
1686 4690 1872 4745 omnia
1936 4692 2073 4747 sub-

496 4778 677 4833 eunda
712 4777 1000 4848 supplicia.
1049 4775 1205 4843 Quod
1243 4792 1376 4848 ergo
1409 4777 1505 4832 tibi
1559 4778 1665 4836 fuit
1716 4780 2070 4851 imperatum,

496 4886 566 4927 ne
590 4870 816 4925 dilIeras
845 4868 1090 4939 exsequi.
1122 4868 1233 4924 Nos
1266 4870 1413 4924 enim
1439 4868 1648 4925 Christi
1691 4873 1807 4927 veri
1849 4873 1945 4929 Dei
1977 4888 2074 4929 suo

498 4979 622 5018 mus
648 4963 990 5029 adoratorcs,
1030 4973 1084 5016 ct
1122 4978 1313 5017 rursus
1374 4962 1612 5019 dicimus
1644 4982 1657 5018 :
1688 4964 1859 5036 Cujus
1914 4964 2072 5036 regni

496 5071 608 5111 non
659 5056 766 5111 erit
837 5054 980 5109 linis.
1034 5053 1136 5122 Qui
1190 5056 1356 5108 etiam
1411 5064 1592 5125 potest
1632 5056 1782 5111 solus
1829 5057 2069 5112 vicissim

2187 575 2393 648 πολλὴν
2425 576 2523 646 τῆς
2556 576 2836 647 ἡμετέρας
2868 576 3040 646 ἀκοῆς
3075 577 3177 647 τὴν
3218 578 3412 648 ἀηδίαν
3460 580 3745 650 κατέχεεν.

2193 664 2339 734 Ἐγὼ
2367 666 2424 719 δὲ
2458 666 2518 718 τὸ
2553 664 2750 719 δοκοῦν
2798 668 2855 719 ἐν
2891 665 3088 736 βραχεῖ
3120 669 3485 739 παραστήσω.
3530 667 3593 724 Ei
3644 670 3748 741 μὲν

2177 758 2288 827 γὰρ
2317 756 2590 812 ἐπιτίθετε
2615 757 2693 828 τῷ
2717 756 2884 828 βωμῷ
2910 756 3231 821 λιόανωτδν,
3262 759 3355 813 καὶ
3383 757 3541 813 θύετε
3562 763 3625 830 τῇ
3652 759 3749 814 τοῦ

2179 849 2300 911 Διὸς
2348 847 2542 913 εἰκόνι,
2573 846 2633 900 εὖ
2669 848 2735 902 ἂν
2770 846 2905 917 ἔχοι,
2943 848 3036 902 καὶ
3088 848 3324 910 ἕκαστος
3372 847 3559 902 οἴκαδε
3612 850 3751 901 ἁπε-

2180 939 2440 993 λεύσεται
2471 956 2484 969 ο
2511 940 2561 993 εί
2606 939 2665 993 δέ
2713 940 2812 994 καὶ
2856 940 2938 993 ἐτι
2982 939 3115 1011 περὶ
3159 940 3257 1009 τὴν
3290 940 3384 994 τοῦ
3419 940 3750 1011 κρατοῦντος

2179 1031 2484 1104 πρόσταξιν
2510 1033 2814 1097 ἀπειθεῖτε,
2840 1031 2941 1094 τὰς
2975 1031 3223 1099 κεφαλὰς
3252 1031 3470 1094 πάντως
3500 1031 3752 1101 ἀποτμη-

2181 1120 2417 1191 θὴσεσθε
2441 1135 2454 1150 ο
2492 1120 2651 1175 τοῦτο
2680 1120 2789 1191 γὰρ
2828 1122 2925 1177 καὶ
2958 1120 3214 1191 βασιλεὺς
3241 1121 3270 1173 6
3301 1122 3477 1191 μέγας
3503 1120 3752 1191 βούλεται

2181 1214 2275 1266 καὶ
2304 1211 2616 1283 νομοθετεῖ.
2661 1210 2807 1281 Πρὸς
2840 1211 2987 1282 ἅπερ
3018 1213 3046 1263 6
3064 1212 3446 1279 γενναιότατος
3465 1210 3754 1266 ὑπολαϐὼν

2182 1301 2449 1372 Σαμῶνας
2474 1318 2489 1335 ο
2525 1304 2589 1356 El
2638 1301 2888 1367 τοιαῦτα,
2940 1298 3115 1365 εἶπεν,
3164 1302 3551 1372 εύεργετὴσεις
3580 1304 3751 1373 ἡμᾶς,

2180 1394 2256 1457 ὼς
2287 1392 2675 1463 ἀπαλλαγῆναι
2730 1392 2830 1463 μὲν
2875 1391 2985 1446 τῶν
3024 1390 3261 1446 ἐνταῦθα
3307 1393 3586 1462 λυπηρῶν,
3612 1393 3753 1464 πρὸς

2179 1485 2238 1540 δέ
2267 1488 2369 1556 τὴν
2395 1486 2609 1540 ἐκεῖθεν
2644 1485 2903 1557 διαὸἧναι
2950 1486 3360 1557 μακαριότητα,
3393 1486 3752 1539 ἀποκείσεται

2183 1594 2267 1631 σοι
2294 1577 2355 1631 τό
2384 1593 2448 1646 γε
2476 1578 2562 1648 ἐφ’
2592 1578 2724 1649 ἡμῖν
2756 1578 2851 1632 καὶ
2879 1578 3072 1646 μισθὸς
3103 1578 3258 1649 παρὰ
3288 1576 3383 1630 τοῦ
3412 1578 3479 1631 τὰ
3505 1577 3753 1647 ἡμέτερα

2183 1668 2323 1740 πρὸς
2356 1668 2418 1722 τὸ
2452 1669 2736 1739 συμφέρον
2766 1669 3203 1740 οἱκονομοῦντος.
3258 1668 3403 1738 Πρδς
3454 1668 3626 1723 ταῦτα
3654 1668 3753 1723 τοῦ

2187 1760 2461 1830 ἡγεμόνος
2491 1759 3009 1832 φιλανθρωπότερόν
3044 1777 3098 1814 τι
3131 1761 3210 1832 τῷ
3245 1760 3424 1814 δοκεῖν
3454 1764 3754 1833 ἀποκρινα-

2186 1852 2372 1921 μένου,
2423 1853 2521 1906 καὶ
2567 1852 2875 1923 εἰρηκότος,
2924 1852 2999 1914 ὡς
3034 1850 3180 1921 Ἐγὼ
3221 1852 3311 1905 διὰ
3357 1851 3517 1906 τοῦτο
3548 1852 3753 1923 μᾶλλον

2184 1937 2557 2009 μακροθύμως
2595 1940 2805 2009 ἡνεγκα
2851 1941 3014 2010 μέχρι
3064 1940 3162 1993 καὶ
3216 1938 3311 1993 νῦν
3363 1940 3473 1993 τῶν
3519 1940 3750 2009 μακρῶν

2180 2030 2406 2084 ἐκείνων
2460 2030 2793 2101 ἀνεχόμενος
2848 2031 3045 2099 λόγων,
3086 2032 3163 2095 ὡς
3202 2032 3270 2085 ἂν
3308 2033 3375 2102 τῇ
3407 2031 3504 2084 τοῦ
3555 2033 3749 2101 χρόνου

2181 2122 2489 2192 παρατάσει
2515 2125 2652 2193 πρὸς
2671 2124 2730 2177 τὸ
2751 2124 3027 2187 λυσιτελὲς
3048 2123 3417 2195 μεταϐάλητε,
3436 2124 3531 2177 καὶ
3556 2124 3630 2193 μὴ
3647 2123 3751 2193 τὴν

2178 2215 2272 2268 τοῦ
2307 2215 2540 2269 θανάτου
2578 2216 2854 2286 ὕπόσχητε
2892 2217 3189 2287 τιμωρίαν.
3216 2216 3283 2269 οι
3309 2215 3387 2286 τῷ
3425 2221 3755 2287 προσκαίρῳ

2180 2306 2419 2377 Θανάτῳ,
2444 2307 2608 2376 φησὶν
2629 2308 2657 2361 6
2686 2308 2977 2377 Σαμωνᾶς,
3006 2307 3232 2368 ἐαυτοῦς
3254 2305 3643 2378 παραδιδόντες
3662 2306 3754 2359 διὰ

2178 2397 2436 2468 Χριστὸν,
2457 2397 2680 2468 εὔδηλον
2703 2399 2779 2461 ὡς
2798 2398 2891 2453 τοῦ
2919 2399 3140 2452 αἰωνίου
3162 2396 3550 2468 ρυσθὴσονταιο
3565 2398 3616 2450 οῖ
3640 2396 3753 2466 γὰρ

2178 2490 2257 2561 τῷ
2303 2492 2492 2562 κόσμῳ
2554 2490 2888 2561 θρὴσκοντες
2950 2490 3008 2544 ἐν
3059 2489 3282 2561 Χριστῷ
3335 2489 3526 2553 ζῶσιν.
3598 2490 3754 2543 Ἐπεὶ

2180 2584 2277 2636 καὶ
2308 2582 2515 2653 Πέτρος
2548 2582 2577 2635 6
2618 2582 2715 2636 τοῦ
2754 2582 2866 2636 τῶν
2928 2582 3190 2653 μαθητῶν
3246 2582 3543 2652 ἐκλάμπων
3582 2582 3751 2653 χοροῦ

2181 2673 2414 2744 σταυρὸν
2460 2672 2766 2744 κατεκρίθη
2790 2674 2903 2743 καὶ.⁴
2923 2674 3155 2727 θάνατον
3185 2690 3200 2706 ·
3246 2675 3273 2728 6
3297 2691 3357 2727 τε
3387 2675 3485 2745 τῆς
3514 2674 3748 2744 βροντῆς

2181 2764 2296 2828 υίὸς
2328 2762 2605 2830 Ἰάκωϐος,
2654 2765 2903 2835 μαχαίρᾳ
2939 2764 3046 2817 ὑπὸ
3097 2762 3338 2835 Ἡρώδου
3378 2766 3618 2836 ἀνῃρέθη
3654 2765 3752 2818 τοῦ

2180 2856 2277 2910 καὶ
2317 2854 2625 2924 Ἀγρίππα·
2660 2853 2757 2908 καὶ
2784 2854 3059 2923 Στέφανος
3082 2853 3138 2906 δὲ
3170 2856 3279 2917 τοῖς
3312 2853 3504 2917 λίθοις,
3532 2855 3753 2924 πρῶτος

2178 2942 2497 3015 διαδραμὼν
2549 2943 2645 2997 τοῦ
2706 2944 3012 3016 μαρτυρίου
3071 2942 3133 2996 τὸ
3186 2943 3425 2997 στάδιον.
3492 2942 3535 2995 Τ
3541 2942 3559 2994 ί
3599 2942 3645 2994 δ’
3682 2940 3751 2994 ἂν

2179 3035 2356 3097 εἴποις
2405 3035 2533 3105 περ)⁵
2594 3034 2884 3100 Ἰωάννους
2940 3034 2973 3104 ἡ
3015 3033 3153 3104 μηδέ
3197 3032 3386 3088 τοῦτον
3433 3032 3532 3102 τῆς
3575 3032 3754 3101 καλῆς

2178 3125 2400 3196 ἐκείνης
2444 3124 2753 3189 ἐνστάσεως
2799 3126 2895 3179 καὶ
2945 3126 3256 3196 παρρησίας
3310 3123 3549 3195 ἀποδέχῃ
3583 3161 3599 3185 ,
3658 3124 3749 3177 ὃτι

2179 3218 2362 3271 θανεῖν
2386 3218 2561 3272 είλετο
2587 3216 2787 3288 μᾶλλον
2809 3217 2843 3287 ἢ
2877 3218 3088 3289 σιωπᾷν
3119 3216 3212 3269 ἐπὶ
3240 3216 3428 3287 κοίτης
3455 3214 3750 3284 ἀκολασίᾳ,

2180 3309 2431 3381 μοιχαλὶς
2465 3309 2523 3362 δέ
2557 3309 2657 3379 τὴν
2690 3308 2861 3363 αὑτοῦ
2888 3308 3131 3380 κεφαλὴν
3160 3305 3322 3361 ἆθλον
3340 3308 3437 3378 τῆς
3459 3306 3749 3377 ὀρχήσεως

2175 3403 2365 3474 εῐληιρε
2387 3419 2403 3470 ;

2245 3494 2351 3551 IA'.
2391 3494 2502 3549 Καὶ
2554 3496 2583 3549 6
2635 3494 2863 3566 ἡγεμὼν
2922 3492 3105 3557 αὖθις,
3138 3490 3254 3563 οὐχ
3316 3511 3401 3548 ,να
3448 3495 3577 3558 τοὺς
3621 3494 3754 3547 καθ’

2178 3590 2359 3658 ὑμᾶς,
2420 3587 2497 3651 ῶς
2555 3604 2733 3657 φατεγ
2776 3587 2965 3655 ἁγίους
3017 3585 3505 3657 ἀπαριθμὴσησθε,
3556 3587 3617 3640 οὐ
3659 3588 3755 3644 διὰ

2175 3677 2339 3731 τοῦτο
2377 3676 2533 3747 ὑμῶν
2563 3678 2830 3746 ἀνέχομαι
2870 3672 3270 3745 μακροθύμως,
3311 3673 3427 3727 ἀλλ’
3462 3674 3609 3736 ὅπως
3652 3691 3756 3744 μευ

2191 3765 2717 3836 τασουλευσάμενοι,
2752 3764 2849 3818 καὶ
2897 3767 2964 3835 τῇ
3014 3763 3267 3834 βασιλικῇ
3315 3764 3458 3834 porta
3481 3764 3755 3831 εἴξαντες,

2172 3856 2272 3910 τοῦ
2303 3858 2637 3925 πικροτάτου
2669 3857 2857 3919 τέλους
2881 3854 3259 3924 ἁπαλλαγῆτε.
3296 3853 3756 3924 Θρασυνομένους

2175 3949 2287 4019 γὰρ
2341 3949 2487 4018 ὑμᾶς
2540 3948 2595 4001 τί
2623 3965 2687 4017 γε
2749 3948 2879 4004 ἄλλο
2929 3950 2963 4018 ἡ
3023 3947 3272 4017 μείζονες
3329 3946 3755 4018 παραλήψονται

2173 4040 2470 4107 κολάσεις,
2523 4036 2617 4104 αἶς
2668 4040 2943 4112 δήπουθεν
2997 4041 3309 4112 πιεζόμενοι
3371 4040 3467 4096 καὶ
3516 4040 3755 4103 ἄκοντες

2172 4131 2235 4183 τὸ
2264 4132 2393 4202 παρ’
2424 4130 2584 4202 ἡμῶν
2606 4131 3007 4202 ἀπαιτούμενον
3036 4131 3224 4186 ἔσεσθε
3258 4130 3557 4193 ποιοῦντες,
3580 4128 3755 4200 ἡνίκα

2172 4221 2394 4286 πάντως
2416 4222 2541 4277 οὐδὲ
2569 4226 2909 4292 καταφυγεῖν
2933 4223 3069 4294 πρὸς
3089 4218 3271 4277 οῐκτον
3303 4219 3597 4291 δυνήσεσθε
3635 4235 3650 4284 ;
3680 4223 3757 4275 c6

2176 4312 2287 4383 γὰρ
2323 4315 2382 4366 ἐν
2420 4314 2632 4378 τούτοις
2673 4314 2764 4385 βίᾳ
2795 4316 3079 4384 γινόμενον
3116 4314 3235 4368 οὐδὲ
3271 4314 3363 4367 τὸν
3397 4314 3546 4365 ἔλεον
3576 4313 3758 4365 ἐκκα-

2173 4405 2386 4459 λεῖσθαι
2415 4406 2663 4470 δύναται,
2691 4406 2883 4476 ῶσπερ
2917 4406 3228 4460 τούναντίον
3263 4404 3451 4466 ἐλέους
3491 4404 3642 4469 ἄξιον
3686 4404 3755 4458 τδ

2173 4500 2517 4570 αὐθαίρετον.
2575 4500 2639 4552 Oi
2687 4498 2744 4551 δέ
2795 4498 2888 4552 τοῦ
2948 4496 3187 4568 Χριστοῦ
3250 4494 3587 4567 όμολογηταὶ
3645 4499 3758 4551 καὶ

2174 4593 2471 4663 μάρτυρες,
2520 4592 2593 4645 Οὐ
2643 4590 2803 4661 χρεία
2847 4591 3083 4657 πολλῶν,
3116 4590 3345 4661 ἔφησαν,
3374 4590 3573 4657 λόγων·
3624 4587 3755 4645 ἰδοῦ

2171 4686 2278 4752 γάρ
2302 4699 2383 4736 σοι
2418 4682 2555 4755 πρὸς
2611 4684 2793 4736 πᾶσαν
2850 4683 3036 4737 αίκίαν
3067 4684 3230 4752 ἡμεῖς
3277 4682 3508 4751 ἕτοιμοι.
3552 4682 3619 4735 '0
3648 4678 3758 4736 οὖν

2171 4773 2519 4845 προσετάγης
2581 4772 2846 4842 πράττειν
2889 4772 2966 4845 μὴ
3023 4773 3320 4846 ἀναϐάλλῃ.
3346 4770 3589 4843 Χριστοῦ
3631 4775 3756 4845 γάρ

2173 4867 2344 4937 ἐσμεν
2375 4865 2470 4919 τοῦ
2497 4863 2759 4935 ἀληθινοῦ
2794 4865 2932 4919 Θεοῦ
2980 4865 3381 4936 προσκυνηταὶ,
3436 4864 3532 4918 καὶ
3577 4863 3757 4919 πάλιν

2169 4956 2377 5025 φαμὲν,
2416 4950 2478 5012 οὗ
2507 4957 2606 5026 τῆς
2650 4956 2932 5026 βασιλείας
2964 4957 3065 5011 οὐκ
3117 4956 3273 5010 ἐσται
3318 4954 3491 5020 τέλος,
3547 4953 3607 5019 ὃς
3644 4955 3755 5010 καὶ

2167 5047 2541 5111 ἀντιδοξάζειν
2567 5047 2795 5102 δύναται
2828 5048 2989 5118 μόνος
3038 5050 3164 5110 τοὺς
3197 5049 3259 5103 τὸ
3292 5047 3458 5100 αὑτοῦ
3485 5046 3755 5110 δοξάζον-

498 5148 807 5217 gloriﬁcare
840 5163 956 5211 eos,
982 5148 1076 5217 qui
1111 5148 1231 5218 ejus
1257 5163 1459 5203 nomen
1482 5148 1790 5219 gloriﬁcant
1817 5151 1881 5204 “.
1915 5149 2068 5204 Inte-

2177 5156 2262 5203 τας
2313 5140 2508 5210 ὕνομα.
2553 5140 2642 5194 Ἐν
2690 5142 2799 5211 ὅσῳ
2853 5140 2911 5193 δὲ
2966 5140 3141 5193 ταῦτα
3197 5138 3350 5209 παρὰ
3415 5139 3526 5193 τῶν
3566 5138 3751 5204 ἁγίων

498 5242 601 5293 rim
625 5250 808 5295 autem
835 5240 964 5293 dum
1006 5240 1122 5294 haec
1156 5237 1474 5294 dicerentur
1514 5255 1544 5293 a
1587 5242 1811 5305 sanctis,
1864 5255 2068 5310 praeses

495 5331 621 5385 tulit
643 5331 696 5384 in
718 5346 815 5385 eos
861 5332 1216 5394 sententiam,
1274 5342 1335 5385 ut
1384 5339 1616 5385 mortem
1641 5334 1895 5386 subirent
1947 5332 2063 5401 gla-

494 5419 609 5477 dio.
644 5423 731 5477 llli
759 5438 890 5477 vero
920 5422 1135 5485 laetitia,
1176 5437 1297 5493 qua:
1322 5423 1505 5477 verbis
1534 5438 1641 5476 non
1674 5431 1851 5491 potest
1882 5422 2060 5493 expli-

490 5512 633 5573 cari,
666 5511 847 5566 all‘ecti
881 5532 893 5565 :
935 5511 1010 5566 Te
1043 5528 1173 5566 vere
1207 5513 1365 5567 decet
1389 5513 1561 5583 gloria
1584 5522 1643 5566 et
1670 5512 1933 5577 laudatio,
1965 5512 2061 5582 qui

490 5616 556 5656 es
587 5602 729 5657 Deus
783 5602 1185 5658 universorum.
1246 5604 1558 5660 clamabant
1592 5622 1605 5660 :
1634 5603 1782 5674 quod
1819 5603 1917 5659 tibi
1950 5604 2065 5674 plac

556 5789 605 5821 “
648 5786 768 5841 Act.
821 5801 918 5853 nt,
959 5786 1013 5843 9..

2168 5232 2405 5299 ἐλέγετο,
2449 5234 2477 5285 6
2521 5230 2747 5302 ἡγεμὼν
2796 5231 2894 5303 τὴν
2954 5231 3077 5284 κατ’
3121 5231 3305 5285 αὐτῶν
3359 5230 3556 5300 ἐξῆγεν
3595 5231 3747 5283 ἁπό-

2170 5340 2360 5393 φασιν,
2392 5323 2533 5376 ὥστε
2558 5323 2650 5376 τὸν
2677 5324 2765 5375 διὰ
2798 5322 2987 5392 ξίφους
3028 5325 3265 5379 θάνατον
3295 5324 3622 5394 ὑποστῆναι.
3675 5326 3750 5379 Ol

2169 5416 2225 5469 δὲ
2270 5414 2432 5484 ἡδονῇ
2463 5415 2727 5484 ἀφράστῳ
2759 5415 3055 5483 ληφθέντες
3078 5432 3092 5447 ·
3130 5417 3222 5469 Σοὶ
3254 5416 3383 5481 δόξα
3418 5417 3621 5487 πρέπει
3652 5416 3753 5471 όν-

2168 5522 2277 5569 τως
2304 5504 2399 5581 καὶ
2440 5506 2645 5566 αῐνεσις
2679 5505 2756 5575 τῷ
2786 5506 2893 5558 τῶν
2922 5506 3082 5571 ὅλων,
3120 5507 3311 5573 ἐσόων,
3339 5505 3459 5577 Θεῷ
3486 5545 3501 5571 ,
3533 5506 3615 5558 δτι
3646 5504 3749 5558 τὸν

2172 5598 2539 5670 προκείμενον
2589 5598 2737 5668 ἡμᾶς
2788 5598 2980 5666 ἀγῶνα
3033 5598 3250 5654 τελέσαι
3290 5598 3620 5671 τύδόκησας,
3659 5593 3749 5659 ὡς

1096 5788 1139 5821 ¹⁵
1166 5785 1290 5843 Act.
1330 5804 1426 5858 vn,
1462 5788 1486 5843 t
1525 5803 1680 5861 seqq.
1762 5790 1805 5824 “
1840 5787 2031 5845 Matth.
2062 5803 2176 5855 xxv,
2207 5788 2359 5845 t-l2.
2441 5785 2485 5819 “
2512 5786 2531 5841 l
2563 5785 2698 5857 Reg.
2737 5800 2794 5851 ll,
2831 5784 2921 5840 '50.
