4060 6374
378 289 481 359 ιιι

1267 287 1740 350 MARTYRIUM
1779 289 1841 349 S.
1883 286 2147 350 GURLE
2190 288 2286 350 ET
2326 289 2740 355 SOCIORUM.

3511 295 3610 358 ΗΞ

371 407 441 460 ἂν
476 401 572 456 καὶ
603 399 705 472 τῆς
731 397 1004 452 ἀθανάτου
1045 394 1194 470 παρὰ
1220 396 1304 450 σοὶ
1350 398 1737 468 λαμπρότητος
1776 411 1944 449 πειτα⁹

2055 397 2246 461 cuerit,
2301 405 2362 451 ιιι
2405 407 2724 467 susceptum
2763 405 3046 454 certamen
3103 411 3518 470 perageremus,
3555 413 3616 458 ut

370 494 675 564 ξιωθῶμεν.

454 673 557 733 lB’.
609 673 767 728 Ἐπεὶ
812 667 907 728 οὖν
955 673 1017 727 τὸ
1068 671 1404 743 ἀμετάθετον
1450 670 1548 724 τοῦ
1592 668 1943 739 φρονήματος

378 770 565 826 αὐτῶν
598 768 628 820 6
651 763 877 837 ἡγεμὼν
905 763 1192 827 ἐθεάσατο,
1230 762 1324 816 καὶ
1355 763 1506 825 ὅπως
1531 762 1589 815 ιν
1627 757 1944 827 ἀγαλλιάσει

377 861 561 931 ψυχῆς
605 855 706 926 τὴν
750 853 1074 908 τελευταίαν
1121 852 1305 922 ψῆφον
1361 851 1638 917 ἐδέξαντο,
1669 846 1809 917 πρὸς
1846 847 1944 916 μὲν

373 953 500 1014 τοὺς
559 947 749 1017 ἁγίους
775 983 791 1012 ,
837 945 896 998 '0
951 943 1082 1006 Θεὸς
1154 942 1264 996 τῶν
1319 940 1624 1011 γινομένων
1675 938 1943 1007 ἐπόπτης,

379 1046 590 1112 ἔλεγεν,
621 1041 788 1102 ἔστω,
821 1036 899 1101 ὡς
928 1036 990 1090 οὐ
1021 1037 1089 1091 δι’
1116 1035 1252 1106 ἐμοῦ
1302 1035 1403 1106 τὴν
1454 1033 1612 1103 ὑμῶν
1662 1031 1945 1085 τελείωσιν

376 1131 683 1200 ἐϐουλόμην
713 1124 971 1196 γενέσθαι
993 1161 1010 1189 ,
1047 1122 1186 1177 ἀλλὰ
1217 1121 1280 1176 τὸ
1311 1120 1696 1190 ἀπαραίτητον
1727 1119 1826 1188 τῆς
1850 1116 1944 1171 τοῦ

379 1221 705 1292 κρατοῦντος
767 1215 1040 1286 ἐπιταγῆς
1095 1213 1237 1284 πρὸς
1282 1211 1445 1266 τοῦτό
1502 1228 1570 1282 με
1611 1210 1706 1263 καὶ
1743 1208 1946 1262 ἄκοντα

376 1311 726 1372 συνελάὸετο.
789 1309 880 1379 Τῷ
933 1307 992 1361 δὲ
1053 1304 1466 1376 σπεκουλάτωρι
1523 1301 1736 1358 κελεύει
1820 1303 1947 1364 τοὺς

377 1407 660 1477 μάρτυρας
692 1400 1050 1471 παραλασεῖν,
1078 1398 1167 1454 ἔπ’
1197 1397 1474 1470 ὀχήματός
1504 1413 1651 1460 τινος
1680 1393 1944 1450 ἀναϐιϐά-

376 1515 491 1562 σαι,
524 1497 622 1549 καὶ
653 1493 848 1565 πόρρω
871 1491 966 1544 τοῦ
1015 1491 1225 1553 ἄστεως
1257 1488 1398 1560 μετὰ
1428 1487 1776 1559 στρατιωτῶν
1801 1486 1946 1540 άπα-

378 1590 597 1655 γαγεῖν,
650 1586 876 1638 κάκεῖσε
915 1589 978 1635 τὸ
1029 1581 1118 1636 διὰ
1157 1581 1344 1650 ξίφους
1395 1579 1583 1642 αὐτοῖς
1629 1577 1783 1640 τέλος
1821 1577 1946 1630 ἐπε-

2051 503 2082 542 a
2128 497 2182 543 te
2232 503 2453 558 quoque
2510 488 2876 544 immortalem
2933 489 3282 559 splendorem
3350 507 3616 562 assequa-

2053 595 2196 634 mur.

2122 669 2237 724 XII.
2267 669 2402 725 Cum
2424 685 2554 741 ergo
2582 671 2809 728 vidisset
2837 688 3038 744 preses
3101 677 3496 735 immutabilem
3525 694 3620 735 eo-

2052 777 2172 816 rum
2203 761 2586 828 constantiam,
2617 771 2673 820 et
2701 767 3161 834 quemadmodum
3188 770 3242 824 in
3285 772 3483 828 animae
3522 788 3620 828 ex-

2051 853 2348 908 sultatione
2393 862 2692 910 extremam
2725 857 3065 927 accepissent
3092 862 3416 916 sententiam
3438 902 3452 927 ,
3494 877 3621 918 san-

2051 945 2156 1000 ctis
2185 945 2434 1016 quidem,
2465 946 2633 1011 Deus,
2676 947 2878 1018 inquit,
2913 963 3129 1014 eorum,
3179 967 3301 1021 quae
3360 953 3519 1019 ﬁunt,
3551 956 3624 1010 sit

2051 1034 2350 1107 inspector,
2409 1040 2554 1110 quod
2603 1055 2712 1096 non
2759 1056 2858 1112 per
2901 1057 2988 1098 me
3042 1045 3289 1100 volebam
3342 1062 3443 1102 vos
3498 1049 3625 1103 vitae

2051 1128 2214 1184 linem
2250 1131 2522 1200 accipere,
2553 1132 2648 1187 sed
2693 1132 3052 1190 inexorabilis
3081 1136 3268 1206 jussus
3335 1152 3423 1192 me
3471 1138 3538 1192 ad
3569 1139 3621 1193 id

2051 1220 2196 1290 cogit
2233 1221 2595 1292 imperatoris.
2626 1223 2954 1294 Spiculatori
2980 1235 3162 1281 autem
3184 1228 3342 1298 jubet
3373 1229 3626 1299 accipere

2053 1321 2340 1383 martyres,
2383 1324 2438 1370 et
2463 1315 2518 1368 in
2546 1330 2715 1372 curru
2769 1317 3073 1388 imponere,
3100 1328 3155 1376 et
3178 1322 3370 1390 procul
3396 1339 3426 1377 a
3487 1324 3624 1380 civi-

2055 1408 2163 1456 tate
2218 1401 2490 1460 abducere
2539 1421 2665 1461 cum
2719 1407 3010 1471 militibus,
3060 1419 3118 1465 et
3159 1410 3241 1465 eis
3295 1412 3410 1466 illic
3459 1411 3623 1468 finem

2052 1491 2250 1547 afferre
2282 1493 2484 1563 gladio.
2522 1495 2615 1550 Ille
2644 1505 2828 1552 autem
2873 1513 3000 1552 cum
3036 1515 3134 1570 per
3160 1509 3375 1570 portam
3415 1502 3624 1557 Roma-

2052 1597 2278 1638 nensem
2303 1595 2522 1640 sanctos
2552 1596 2718 1642 noctu
2747 1588 3050 1656 eduxisset,
3086 1606 3213 1646 cum
3250 1591 3395 1647 altus
3457 1607 3624 1662 sopor

377 1681 614 1749 νεγκεῖν.
642 1677 754 1732 Καὶ
791 1675 851 1737 6;
884 1675 975 1729 διὰ
1011 1675 1112 1745 τῆς
1153 1671 1542 1743 Ῥωμανησίας
1581 1671 1762 1740 πύλης
1818 1671 1946 1733 τοὺς

2057 1682 2264 1729 teneret
2295 1675 2464 1741 cives,
2513 1675 2582 1730 ad
2635 1680 3118 1748 septentrionalem
3171 1690 3382 1752 partem
3429 1684 3623 1738 civita-

376 1775 568 1840 ἁγίους
604 1771 823 1840 νύκτωρ
857 1765 1166 1836 ἐξαγαγὼν,
1198 1766 1360 1835 ἡνίκα
1385 1764 1622 1836 μάλιστα
1651 1763 1780 1825 τοὺς
1805 1764 1946 1817 κατὰ

2055 1767 2122 1822 tis
2149 1766 2373 1821 abducit
2403 1767 2457 1822 in
2487 1776 2731 1824 montem
2783 1751 3183 1829 Bethelabicla.
3203 1774 3281 1829 Illi
3336 1790 3468 1831 vero
3497 1792 3620 1831 cum

377 1866 473 1934 τὴν
522 1862 678 1916 πόλιν
723 1859 894 1922 ῦπνος
944 1857 1081 1929 εἶχε,
1123 1858 1266 1912 κατά
1305 1857 1370 1910 τὸ
1401 1855 1539 1926 πρὸς
1591 1856 1793 1924 ἄρκτον
1845 1856 1945 1926 τῆς

377 1955 608 2018 πόλεως,
632 1953 714 2017 είς
753 1953 815 2004 τὸ
860 1949 1223 2005 Βιθελακικλᾶ
1264 1947 1393 2020 ὅρος
1441 1946 1671 2016 ἀπάγει.
1703 1947 1768 2001 οι
1803 1946 1862 2000 δὲ
1888 1947 1946 2000 ἐν

372 2047 453 2116 τῷ
474 2047 629 2116 τόπῳ
663 2044 952 2114 γενόμενοι
986 2043 1044 2093 ὲν
1074 2040 1385 2112 εὐφροσύνῃ
1451 2039 1680 2111 καρδίας
1724 2038 1821 2094 καὶ
1849 2039 1946 2093 άν-

375 2140 543 2208 δρείῳ
571 2139 752 2208 ψυχῆς
781 2134 1185 2206 παραστήματι
1207 2171 1222 2199 ,
1262 2131 1357 2186 τοῦ
1395 2132 1675 2203 ὀχήματος
1707 2130 1951 2186 ἀποϐάν-

380 2247 478 2291 τες
509 2230 604 2283 τὸν
636 2227 1064 2297 σπεκουλάτωρα
1103 2227 1198 2280 καὶ
1245 2224 1372 2288 τοὺς
1427 2224 1520 2278 ὑπ’
1552 2224 1713 2279 αὑτὸν
1758 2223 1948 2295 καιρὸν

382 2321 552 2389 ᾔτουν
579 2320 661 2382 είς
702 2317 1035 2391 προσευχὴν,
1070 2317 1164 2370 καὶ
1196 2313 1529 2386 ἐλάμϐανον.
1589 2314 1798 2384 Ὥσπερ
1837 2315 1947 2384 γὰρ

381 2411 478 2480 οὐχ
523 2407 728 2462 ἱκανῶν
773 2408 943 2462 ὄντων
983 2407 1093 2461 τῶν
1134 2406 1382 2476 βασάνων
1437 2405 1535 2460 καί⁵
1572 2404 1670 2460 τοῦ
1717 2405 1948 2475 αἵματος

384 2504 526 2572 ὑπὲρ
555 2500 739 2556 αὐτῶν
773 2498 1125 2571 πρεσϐεύειν,
1151 2497 1241 2553 διὰ
1277 2496 1748 2569 μετριοφροσύνης
1780 2498 1947 2566 ὑπερι

381 2593 550 2664 ὗολὴν
580 2594 658 2646 ἐτι
691 2591 789 2645 καὶ
824 2593 1139 2661 προσευχῆς
1170 2589 1402 2644 ἐδέοντο.
1457 2591 1531 2644 Τὸ
1573 2589 1732 2661 ὄμμα
1771 2590 1949 2643 τοίνυν

387 2687 472 2750 είς
492 2685 759 2756 οὐρανοὺς
792 2683 1180 2746 ἀνατείναντες
1203 2717 1220 2746 ,
1257 2683 1354 2735 καὶ
1390 2680 1626 2745 ἐκτενῶς
1652 2679 1951 2751 προσευξά-

387 2794 568 2849 μενοι·
610 2776 671 2832 '0
699 2775 833 2839 Θεὸς
861 2776 959 2829 καὶ
985 2774 1178 2844 Πατὴρ
1208 2773 1302 2829 τοῦ
1346 2774 1554 2843 Κυρίου
1594 2773 1753 2843 ἡμῶν
1777 2775 1952 2846 Ἰησοῦ

387 2868 653 2941 Χριστοῦ,
703 2866 825 2940 μετ’
874 2867 1098 2938 εἰρήνης
1148 2866 1300 2933 δέξαι
1343 2866 1414 2920 τὰ
1443 2865 1734 2936 πνεύματα
1774 2867 1952 2937 ἡμῶν,

381 2964 700 3017 τελευταῖον
729 2963 984 3016 ἑπεϊπον.
1013 2961 1122 3014 Καὶ
1176 2960 1206 3013 6
1247 2960 1540 3032 Σαμωνᾶς,
1588 2960 1953 3032 ἐπιστραφεὶς

2045 1858 2281 1915 fuissent
2331 1860 2385 1914 in
2424 1876 2489 1916 eo
2510 1861 2656 1928 loco,
2710 1872 2766 1917 et
2817 1863 2872 1917 in
2904 1864 3088 1920 laetitia
3124 1867 3307 1921 cordis
3341 1879 3398 1924 et
3432 1884 3624 1939 magna

2045 1951 2212 2005 animi
2240 1953 2546 2007 constantia
2587 1969 2618 2007 e
2653 1954 2910 2009 vehiculo
2951 1955 3386 2023 descendissent,
3442 1973 3473 2012 a
3514 1959 3626 2028 spi-

2047 2041 2293 2098 culatore
2345 2051 2400 2097 et
2439 2042 2508 2098 iis
2538 2043 2631 2111 qui
2678 2045 2781 2098 sub
2823 2060 2890 2099 eo
2921 2053 3079 2100 erant
3126 2054 3344 2117 tempus
3397 2049 3464 2102 ad
3499 2062 3624 2102 ora-

2049 2131 2252 2189 tionem
2298 2134 2600 2202 petierunt,
2660 2145 2717 2191 et
2764 2145 3117 2206 acceperunt.
3178 2137 3413 2194 Perinde
3471 2142 3621 2195 enim

2048 2237 2112 2280 ac
2145 2224 2191 2280 si
2237 2240 2348 2280 non
2377 2224 2697 2282 sufﬁcerent
2745 2237 3014 2283 tormenta
3069 2239 3126 2284 et
3161 2231 3385 2300 sanguis
3418 2231 3487 2285 ad
3538 2233 3626 2287 ina.
3696 2213 3706 2224 ”

2048 2319 2442 2374 tercedendum
2481 2336 2582 2391 pro
2607 2319 2709 2386 eis,
2737 2330 2967 2392 propter
2991 2336 3260 2378 summam
3295 2323 3622 2379 modestiam
3724 2318 3726 2326 ί

2049 2409 2234 2466 adhuc
2265 2411 2430 2466 etiam
2461 2426 2602 2483 opus
2648 2413 2926 2470 habebant
2959 2415 3296 2485 precatione.
3355 2415 3492 2472 Cum
3525 2419 3628 2473 ita-

2047 2517 2157 2572 que
2183 2503 2378 2558 oculos
2415 2503 2472 2558 in
2501 2506 2700 2560 coelum
2727 2506 3104 2572 sustulissent,
3159 2515 3217 2562 et
3246 2507 3462 2564 intense
3492 2525 3624 2580 pre-

2051 2595 2159 2649 cati
2215 2606 2403 2652 essent
2437 2615 2450 2652 :
2487 2598 2631 2653 Deus
2681 2606 2737 2652 et
2766 2599 2928 2654 Pater
2992 2600 3208 2655 Domini
3253 2603 3427 2658 nostri
3493 2603 3622 2658 Jesu

2050 2689 2252 2747 Christi
2284 2711 2300 2749 :
2326 2690 2553 2759 Suscipe
2578 2691 2630 2745 in
2657 2704 2790 2760 pace
2818 2690 3048 2760 spiritus
3074 2700 3311 2756 nostros,
3345 2702 3622 2762 postremo

2053 2781 2329 2838 dixerunt.
2355 2782 2619 2838 Samonas
2639 2790 2823 2838 autem
2864 2797 3164 2838 conversus
3215 2785 3284 2838 ad
3316 2784 3623 2853 spiculato-

2055 2889 2171 2929 rem
2211 2891 2227 2930 :
2261 2875 2594 2946 Exsequere,
2623 2874 2825 2946 inquit,
2855 2875 2910 2930 id
2935 2877 3081 2946 quod
3110 2884 3196 2933 est
3248 2875 3346 2930 tibi
3387 2876 3624 2946 impera-

2058 2974 2172 3020 tum
2198 3007 2212 3032 ,
2241 2981 2479 3037 cumque
2506 2982 2648 3038 genu
2700 2966 2863 3021 simul
2892 2966 3210 3022 inclinasset
3261 2981 3390 3022 cum
3431 2967 3622 3031 Curia,

384 3057 524 3125 πρὸς
558 3055 653 3108 τὸν
685 3054 1138 3122 σπεκουλάτωρα.
1184 3052 1257 3106 T6
1298 3053 1610 3118 κελευσθὲν,
1640 3048 1786 3120 εἷπε,
1817 3053 1951 3124 πλη·

2055 3058 2512 3129 οἰεζοηιρυιοιιιιιτ
2540 3060 2720 3130 capita
2774 3059 2989 3115 decimo
3025 3061 3220 3130 quinto
3275 3058 3620 3115 Novembris.

389 3159 564 3211 (as-.609
601 3159 616 3174 ·
649 3143 746 3196 καὶ
775 3141 835 3196 τὺ
869 3143 1001 3210 γόνυ
1035 3140 1227 3202 κλίνας
1257 3141 1376 3213 ἅμα
1410 3142 1450 3195 Γ
1452 3142 1614 3213 ουρίςι⁸
1637 3143 1737 3208 τὰς
1775 3160 1952 3213 κεφαο

385 3234 482 3296 id;
510 3235 938 3302 ἀποτέμνονται,
971 3232 1477 3304 πεντεκαιδεκάτην
1505 3236 1628 3288 τότε
1657 3234 1752 3289 τοῦ
1773 3236 1954 3307 Neap.-

385 3327 546 3397 θρίου
597 3327 768 3398 μηνὸς
807 3326 1078 3397 δᾶγοντος.
1137 3325 1222 3377 Τὰ
1263 3325 1364 3396 μὲν
1394 3326 1460 3396 δὴ
1499 3325 1612 3380 τῶν
1663 3326 1956 3400 μαρτύρων

383 3417 633 3474 τοιαῦτα.

456 3511 560 3566 lf".
610 3513 760 3566 Ἐπεὶ
809 3515 866 3569 δὲ
911 3517 1002 3570 καὶ
1033 3518 1125 3571 τὸν
1183 3519 1368 3588 τρίτον
1405 3517 1434 3570 6
1482 3512 1716 3586 ἀριθμὸς
1749 3511 1956 3584 ιζήτει,

387 3601 464 3664 ὡς
496 3601 565 3656 ἂν
609 3604 711 3672 κάν
755 3605 971 3670 τούτοις
1031 3608 1066 3678 ἡ
1102 3607 1273 3678 Τριὰς
1319 3604 1578 3675 δοξασθῇ,
1611 3595 1792 3675 εὗρεν,
1829 3602 1958 3670 εὖγε

385 3694 488 3761 τῆς
541 3695 772 3765 ἀρίστης
825 3697 1129 3768 προνοίαςί
1216 3697 1298 3768 τῷ
1342 3697 1520 3768 χρόνῳ
1574 3695 1675 3766 μὲν
1729 3692 1958 3766 ὕστερον

392 3785 643 3850 ’Δ6ι6ον,
670 3788 770 3858 τὴν
803 3788 976 3857 αὐτὴν
1001 3789 1058 3842 δὲ
1085 3791 1198 3853 τοῖς
1231 3787 1594 3860 προλαϐοῦσιν
1617 3787 1736 3842 ὁδὸν
1758 3787 1958 3846 ἀνῦσαι

391 3879 810 3950 προῃρημένον,
847 3881 944 3935 καὶ
977 3881 1122 3935 κατὰ
1157 3880 1255 3950 τὴν
1287 3879 1460 3950 αὐτὴν
1486 3879 1721 3942 ἐκείνοις
1741 3879 1958 3950 ἡμέραν

384 3969 482 4023 τοῦ
533 3972 839 4043 μαρτυρίου
885 3972 1270 4028 τελειωθέντα.
1327 3973 1390 4026 '0
1447 3973 1624 4044 μέγας
1656 3973 1840 4027 τοίνυν
1899 3973 1959 4026 ὲν

384 4061 662 4132 μάρτυσιν
697 4062 948 4127 'A6t60;,
970 4065 1069 4133 τῆς
1103 4064 1278 4134 αὐτῆς
1301 4063 1400 4135 μὲν
1421 4063 1652 4127 ἐκείνοις
1674 4063 1956 4134 πατρίδος.

383 4154 496 4206 ἀπὸ
551 4153 818 4224 Θελσαίης
866 4154 971 4224 τῆς
1017 4153 1213 4225 κώμης
1271 4155 1520 4226 ὡρμᾶτο,
1584 4153 1665 4226 τῷ
1727 4155 1857 4226 ίερῷ
1899 4155 1957 4208 δὲ

380 4245 488 4315 τῆς
532 4245 809 4310 διακονίας
860 4245 1178 4316 κεκόσμητο
1247 4247 1540 4317 χρίσματι.
1593 4245 1870 4299 Λικιννίου
1899 4246 1955 4300 δὲ

380 4335 496 4388 τῶν
543 4337 841 4406 σκήπτρων
894 4336 995 4405 τῆς
1043 4336 1335 4402 Ῥωμαίων
1387 4336 1798 4409 ιπειλημμὲνου
1861 4335 1958 4392 καὶ

2056 3155 2236 3225 Atque
2261 3155 2367 3213 hoc
2410 3155 2574 3212 modo
2624 3154 2850 3226 quidem
2899 3169 2959 3214 se
2988 3154 3302 3211 habuerunt
3344 3170 3432 3210 res
3473 3170 3624 3210 mar-

2060 3253 2258 3315 tyrum.

2130 3510 2270 3566 Xlll.
2302 3509 2437 3568 Cum
2472 3521 2656 3568 autem
2684 3514 2911 3568 tertium
2948 3528 3171 3583 quoque
3205 3523 3477 3584 quaereret
3519 3531 3624 3571 nu-

2059 3618 2267 3666 merus,
2297 3603 2435 3658 utin
2486 3603 2575 3658 his
2636 3604 3038 3676 gloriﬁcaretur
3101 3605 3362 3670 Trinitas,
3413 3606 3626 3663 invenit

2059 3691 2115 3762 (ο
2135 3693 2394 3762 optimam
2425 3693 2819 3764 providentiam
2843 3694 2885 3764 ί)
2916 3701 3164 3764 tempore
3207 3695 3430 3765 quidem
3476 3704 3628 3766 post-

2057 3799 2123 3841 ea
2158 3784 2416 3851 Abibum,
2442 3785 2535 3856 qui
2565 3795 2747 3840 autem
2782 3786 2927 3842 idem
2959 3802 3083 3841 cum
3116 3786 3186 3841 iis
3214 3787 3310 3856 qui
3337 3801 3628 3857 praecesse-

2059 3885 2204 3941 rant,
2236 3877 2342 3932 iter
2357 3877 2568 3948 ingredi
2595 3879 2981 3943 constituerat,
3015 3888 3070 3933 et
3099 3878 3194 3932 illo
3226 3879 3345 3947 ipso
3370 3879 3624 3950 martyrii

2060 3967 2152 4023 die
2177 3966 2280 4022 fuit
2302 3975 2737 4022 consummatus.
2780 3967 3006 4037 Magnus
3034 3982 3164 4037 ergo
3191 3967 3338 4022 inter
3360 3978 3626 4040 martyres

2058 4058 2288 4122 Abibus,
2347 4073 2415 4112 ex
2446 4059 2636 4113 eadem
2698 4058 2947 4128 quidem,
3004 4073 3072 4112 ex
3126 4073 3234 4128 qua
3284 4059 3362 4112 illi
3423 4061 3624 4129 patria,

2060 4166 2258 4221 nempe
2299 4163 2366 4205 ex
2408 4149 2652 4206 Thelstea
2705 4151 2828 4204 vico
2854 4159 2974 4205 erat
3006 4163 3160 4206 ortus
3189 4167 3202 4204 :
3231 4165 3390 4207 sacro
3439 4160 3624 4207 autem

2059 4245 2382 4301 diaconatus
2435 4243 2615 4299 fuerat
2644 4243 2944 4298 honoratus
2971 4242 3288 4298 chrismate.
3317 4242 3453 4299 Cum
3492 4259 3625 4300 vero

2061 4333 2309 4390 Licinius
2349 4342 2562 4389 teneret
2613 4341 2829 4404 sceptra
2869 4332 3086 4404 imperii
3127 4334 3525 4401 Romanorum,
3569 4345 3626 4392 et

375 4428 656 4482 Λυσανίου
680 4427 781 4498 τὴν
814 4427 917 4497 τῆς
952 4427 1212 4498 Ἐδέσσης
1244 4429 1542 4499 ἠγεμονίαν
1587 4429 1951 4500 ὲγχειρισθέν-

2060 4427 2324 4500 Lysanias
2352 4435 2572 4481 creatus
2615 4425 2810 4481 fuisset
2837 4440 3040 4495 praeses
3093 4425 3334 4493 Edessre,
3389 4428 3626 4484 excitata

371 4537 500 4583 τος,
543 4519 788 4590 διωγμὸς
814 4520 956 4574 κατά
997 4521 1344 4593 Χριστιανῶν
1369 4520 1468 4574 καὶ
1493 4516 1650 4586 αὖθις
1680 4521 1956 4593 ἠγείρετο,

375 4613 478 4662 καὶ
539 4613 680 4681 πρὸς
759 4610 991 4666 Ἀὃιὸον
1043 4613 1073 4665 6
1125 4615 1234 4676 πᾶς
1298 4612 1546 4678 κίνδυνος
1613 4614 1956 4684 περιίστατο.

367 4703 611 4774 Περιῄει
671 4705 781 4775 γὰρ
833 4696 993 4767 οὗτος
1044 4703 1144 4772 τὴν
1178 4703 1337 4758 πόλιν
1379 4704 1479 4766 τὰς
1523 4701 1673 4767 θείας
1707 4702 1958 4769 ἅπαντας

365 4793 726 4847 ὲκπαιόεύων
760 4793 983 4863 Γραφὰς
1020 4795 1117 4848 καὶ⁵
1160 4795 1298 4865 πρὸς
1351 4794 1640 4849 εύσέὸειαν
1699 4793 1958 4864 ἐκθύμως

367 4882 780 4953 ἐπιστηρίζων.
806 4883 966 4936 Ἐπεὶ
990 4883 1246 4938 δὲταῦτα
1274 4886 1474 4948 είς.....
1498 4879 1602 4957 ἧκε
1653 4882 1734 4954 τῷ
1779 4883 1960 4940 Λυσα-

366 4974 490 5044 νίᾳ,
524 4975 788 5044 Λικιννίῳ
823 4973 903 5045 τῷ
938 4973 1150 5045 βασιλεί
1191 4975 1322 5046 παρ’
1369 4976 1536 5030 αὐτοῦ
1597 4975 1950 5045 γνωρίζεται.

367 5066 658 5121 Ἕσπευδε
684 5067 792 5137 γὰρ
807 5067 956 5132 ὅπως
989 5068 1087 5138 τὴν
1120 5068 1260 5123 κατὰ
1284 5066 1629 5138 Χριστιανῶν
1662 5067 1761 5121 καὶ
1797 5068 1960 5137 μάλι-

366 5172 488 5209 στα
509 5155 609 5207 τοῦ
658 5156 875 5210 ’Δϐίὸου
902 5161 1172 5227 τιμωρίαν
1206 5157 1296 5210 ὑπ’
1327 5158 1537 5212 ἐκείνου
1581 5157 1910 5229 ἐπιτραπείη
1939 5172 1956 5190 ο

365 5246 503 5300 οὐδὲ
557 5246 669 5316 γὰρ
713 5242 783 5316 ἧν
823 5247 976 5315 αὐτῷ
1030 5249 1298 5318 πρότερον
1351 5249 1852 5320 δπιτετραμμὲνον,
1899 5249 1962 5316 ὃς

363 5338 687 5409 γράμμασι
744 5339 925 5410 τούτῳ
970 5340 1066 5393 τὸν
1110 5340 1326 5396 ’Δ6Ξ6ου
1381 5340 1613 5396 θάνατον
1647 5343 1958 5415 ἐπιτρέπει.

2061 4535 2258 4576 rursus
2299 4527 2419 4574 erat
2460 4519 2772 4589 persecutio
2831 4515 3098 4573 adversus
3165 4519 3535 4586 Christianos,
3569 4531 3627 4576 et

2059 4613 2238 4669 Abibo
2271 4612 2590 4667 universum
2637 4609 2960 4666 imminebat
3019 4611 3347 4682 periculum.
3395 4613 3446 4668 ls
3480 4614 3626 4668 enim

2060 4699 2250 4756 obibat
2277 4699 2576 4760 civitatem,
2607 4696 2825 4752 divinas
2853 4709 3082 4755 cunctos
3142 4701 3346 4757 docens
3373 4702 3628 4770 Scriptu-

2060 4804 2174 4853 ras,
2202 4798 2261 4844 et
2286 4803 2480 4859 magno
2513 4787 2699 4842 animo
2743 4786 3080 4844 conﬁrmans
3128 4791 3198 4843 ad
3241 4791 3497 4860 pietatem
3528 4793 3626 4864 (3).

2061 4881 2197 4938 Cum
2244 4889 2426 4935 autem
2469 4871 2584 4936 haec
2619 4881 2902 4936 venissent
2936 4883 3002 4936 ad
3059 4897 3221 4938 aures
3253 4883 3522 4955 Lysaniae,
3562 4902 3628 4942 ea

2065 4972 2278 5027 Licinio
2307 4969 2630 5040 imperatori
2681 4971 2750 5026 ab
2781 4987 2849 5027 eo
2903 4972 3303 5043 signiﬁcantur.
3360 4973 3630 5031 Studebat

2063 5065 2234 5126 enim,
2269 5071 2330 5117 ut
2363 5062 2477 5132 ipse
2532 5063 2581 5117 ei
2614 5063 2982 5117 committeret
3009 5062 3366 5132 quaestionem
3425 5063 3632 5118 haben-

2064 5159 2190 5213 dam
2215 5157 2283 5213 de
2329 5156 2681 5224 Christianis,
2713 5167 2768 5213 et
2806 5157 3040 5213 maxime
3085 5157 3154 5212 de
3184 5156 3384 5212 Abibo.
3439 5157 3632 5228 Neque

2065 5249 2213 5305 enim
2241 5247 2422 5304 fuerat
2442 5248 2493 5302 ei
2533 5247 2688 5319 prius
2745 5248 3057 5304 commissa.
3102 5247 3195 5303 Ille
3235 5262 3390 5312 vero,
3425 5248 3631 5303 litteris

2069 5340 2232 5408 datis,
2261 5341 2419 5411 jubet
2453 5349 2512 5394 ut
2539 5350 2717 5397 morte
2738 5339 2974 5394 Abibum
3001 5339 3218 5395 alliciat.
3246 5338 3473 5394 Litteris
3499 5355 3630 5410 ergo

377 5428 799 5484 ’Δναόοθέντων
849 5432 1203 5502 γραμμάτων
1258 5430 1340 5504 τῷ
1393 5433 1666 5504 Λυσανίᾳ,
1731 5433 1951 5504 ζήτησις

2060 5435 2292 5492 redditis
2336 5432 2601 5504 Lysaniae,
2671 5431 2938 5502 quarritur
2972 5433 3174 5502 ubique
3224 5431 3455 5486 Abibus.
3509 5430 3630 5501 ipse

357 5519 481 5575 τοῦ
521 5518 773 5586 ’A6l6ou,
802 5522 1084 5593 πανταχοῦ
1111 5523 1342 5592 γίνεται.
1379 5525 1490 5580 Καὶ
1525 5525 1692 5590 αὐτὸς
1735 5526 1878 5582 κατά
1913 5543 1951 5579 τη

2063 5537 2244 5585 autem
2273 5525 2506 5596 degebat
2535 5526 2590 5580 in
2644 5525 2876 5594 quadam
2915 5534 3068 5592 parte
3098 5523 3360 5586 civitatis,
3402 5533 3632 5592 prepter

445 5707 538 5782 (3)
569 5709 630 5767 id
664 5708 916 5768 muneris
967 5709 1212 5774 diaconis
1267 5711 1582 5772 incubuisse
1642 5723 1873 5771 testatur
1903 5712 1957 5770 S.
2000 5710 2258 5782 Cyprian.
2295 5709 2459 5782 epist.
2505 5725 2542 5765 n
2565 5707 2679 5766 edit
2709 5706 2914 5765 Pamel.
2955 5706 3081 5766 vide
3133 5707 3256 5763 Bar.
3294 5723 3383 5764 an.
3413 5709 3541 5767 316.
