4060 6374
444 311 486 374 ·1
496 307 563 373 43

1689 305 1973 369 MENSIS
2005 303 2446 368 NOVEMBER.

3591 299 3696 366 144

457 429 660 478 statum
689 418 1122 476 ecclesiasticum
1152 437 1166 475 :
1204 425 1380 474 mater
1423 432 1559 474 vero
1615 426 1672 473 et
1703 419 1927 490 quidam
1956 433 2015 473 ex

2130 417 2299 486 μέρος
2343 416 2502 485 διῆγε
2547 415 2649 486 τῆς
2709 416 2921 482 πόλεως
2993 415 3468 490 ἑκκλησιαστικῆς
3508 411 3700 473 ἕνεκεν

460 513 550 579 iis,
588 513 682 582 qui
721 514 786 566 ad
825 527 950 566 eum
1006 525 1205 582 genere
1235 511 1566 578 attinebant,
1622 526 1748 566 cum
1799 526 1868 566 eo
1902 526 2026 565 ver-

458 604 740 660 sabantur.
773 603 867 656 llle
894 610 1078 657 autem
1121 617 1244 656 cum
1292 617 1406 657 rem
1439 602 1774 668 rescivisset,
1825 617 1894 656 ne
1924 601 2026 656 da-

457 705 775 766 retpoenas,
807 693 955 764 quod
986 693 1235 765 martyrii
1254 694 1593 749 deseruisset
1623 693 1868 760 ordines,
1897 693 2024 748 eui-

455 789 580 844 dam
620 788 714 858 qui
747 796 868 842 erat
901 801 968 841 ex
1001 786 1198 856 primis
1226 786 1472 842 cohortis
1513 787 1584 858 (is
1641 793 1824 841 autem
1855 800 2024 840 voca-

453 880 617 934 batur
656 875 1050 948 Theotecnu’s)
1101 877 1344 949 seipsum
1395 877 1603 933 indicat
1639 894 1654 943 ;
1690 885 1747 933 et
1776 877 2022 940 tandem,

451 970 624 1036 Quem
686 971 954 1040 quaeritis,
1023 969 1222 1039 inquit,
1268 969 1525 1033 Abidum,
1587 970 1702 1040 ipse
1751 984 1896 1035 sum,
1939 968 2026 1020 in-

451 1061 593 1132 quit.
621 1061 715 1115 Ille
770 1077 901 1116 vero
958 1061 1192 1131 benigne
1220 1075 1346 1116 eum
1391 1060 1612 1115 intuens
1653 1079 1665 1115 :
1705 1061 1904 1126 Nemo,
1937 1062 2024 1112 in-

431 1152 590 1221 quit,
619 1151 801 1206 adhuc
828 1151 978 1206 novit
1009 1160 1062 1206 te
1111 1151 1179 1206 ad
1219 1167 1322 1206 nos
1355 1151 1593 1215 venisse,
1623 1166 1656 1206 ο
1679 1151 1866 1206 homo.
1917 1151 2021 1205 Abi

447 1256 602 1312 ergo,
630 1252 685 1298 et
716 1257 940 1298 servare
976 1260 990 1296 :
1023 1257 1128 1298 nec
1165 1242 1243 1298 sis
1267 1243 1542 1298 sollicitus
1569 1242 1638 1298 de
1677 1251 1878 1308 matre,
1921 1256 2024 1297 nec

449 1334 519 1388 de
564 1335 632 1389 iis
677 1335 771 1403 qui
793 1349 993 1404 genere
1042 1333 1112 1388 ad
1138 1343 1189 1388 te
1219 1334 1472 1389 attinent.
1509 1335 1700 1389 Nullus
1729 1334 1880 1388 enim
1923 1347 2021 1388 eos

449 1424 695 1494 potuerit
719 1425 946 1480 omnino
974 1425 1188 1482 afﬁcere
1208 1425 1480 1481 molestia.
1513 1426 1576 1482 Et
1631 1429 1749 1482 haec
1796 1425 2020 1497 quidem

451 1515 822 1573 Theotecnus.

529 1697 665 1753 XIV.
695 1697 904 1754 Ahibus
928 1707 1132 1764 autem,
1154 1713 1278 1754 cum
1316 1706 1529 1769 tempus
1543 1708 1764 1755 vocaret
1787 1699 1853 1753 ad
1875 1714 2022 1754 mar-

2128 504 2556 569 καταστάσεως,
2600 507 2634 576 ἠ
2686 507 2874 578 μήτηρ
2920 524 2982 561 τε
3034 507 3130 562 καί
3162 522 3309 570 τινες
3341 507 3452 561 τῶν
3490 524 3701 578 προση-

2129 599 2334 647 κόντων
2367 593 2611 664 συνῆσαν
2644 595 2817 665 αὐτῷ.
2857 595 2917 649 '0
2950 594 3007 649 δὲ
3035 637 3051 663 ,
3079 595 3142 648 τὸ
3181 596 3418 666 πρᾶγμα
3451 597 3697 666 πυθόμε-

2127 704 2239 752 νος,
2277 687 2352 750 ώς
2385 685 2453 740 ἂν
2487 685 2562 758 μὴ
2602 685 2950 752 λειποταξίου
2999 685 3094 740 τοῦ
3143 687 3237 740 ἐπὶ
3289 687 3370 757 τῷ
3410 689 3701 759 μαρτυρίφ

2127 780 2283 849 δίκην
2311 780 2619 850 ἁπαιτηθῇ,
2646 779 2786 850 πρός
2809 797 2930 834 τινα
2952 779 3061 836 τῶν
3083 779 3185 850 τῆς
3217 780 3432 847 τάξεως
3466 779 3700 852 πρώτων

2125 869 2443 937 γενόμενος,
2477 867 2776 932 Θεότεκνος
2808 868 2864 922 δὲ
2895 861 3054 932 οὗτος
3083 868 3334 922 ἐκαλεῖτο
3355 907 3370 933 ,
3425 871 3504 938 τῷ
3543 870 3700 940 ἀνδρὶ

2125 958 2488 1030 γνωρίζειτά
2538 959 2658 1012 κατ’
2690 959 2852 1013 αὐτὸν
2877 997 2892 1025 ,
2936 959 3033 1013 καὶ
3080 959 3229 1022 τέλος
3256 999 3271 1026 ,
3333 960 3432 1012 ’ον
3483 959 3698 1029 ζητεῖτε

2128 1050 2384 1116 Ἀϐιϐον,
2409 1049 2572 1112 αὐτός
2597 1050 2735 1119 είμι,
2767 1049 2939 1116 λέγει.
2983 1049 3094 1103 Καὶ
3139 1049 3196 1112 ὃς
3232 1049 3370 1119 πρὸς
3402 1049 3566 1104 αὐτὸν
3610 1067 3700 1119 φι-

2123 1137 2581 1210 λανθρωπότερον
2629 1136 2838 1191 ἀπιδὼν
2872 1154 2885 1168 ·
2914 1138 3102 1201 Οὐδεὶς
3132 1137 3296 1206 ὅγνω,
3333 1139 3524 1209 φησὶν,
3569 1139 3696 1209 ἄρτι

2125 1232 2266 1302 πρὸς
2292 1232 2439 1302 ἡμᾶς
2473 1247 2532 1283 σε
2566 1229 3038 1300 παραγενόμενον,
3087 1229 3344 1300 ἄνθρωπε
3380 1243 3396 1260 ⁸
3423 1229 3694 1300 ἀπότρεχε

2124 1321 2434 1392 τοιγαροῦν,
2464 1322 2557 1374 καὶ
2583 1320 2779 1385 σώζου.
2808 1320 2956 1391 Μηδὲ
2989 1320 3117 1391 περὶ
3155 1320 3257 1391 τῆς
3321 1321 3527 1391 μητρὸς
3555 1321 3695 1374 ἔστω

2125 1430 2210 1467 σοι
2245 1413 2380 1484 μηδὲ
2424 1412 2532 1466 τῶν
2578 1413 2974 1484 προσηκόντων
3001 1411 3259 1484 φροντίςο
3280 1413 3459 1475 οὐδεὶς
3492 1413 3600 1483 γὰρ
3624 1412 3692 1467 ἂν

2123 1508 2321 1570 αὐτοὺς
2363 1507 2425 1561 τὸ
2475 1508 2740 1579 παράπαν
2799 1506 3042 1576 λυπῆσαι
3091 1504 3332 1560 δύναιτο.
3377 1507 3488 1559 Καὶ
3517 1504 3693 1559 ταῦτα

2126 1599 2226 1670 μὲν
2269 1602 2296 1654 6
2329 1598 2642 1663 Θεότεκνος.

2113 1704 2118 1708 ‘
2194 1691 2292 1749 IA'.
2358 1691 2582 1756 Ἀϐιϐος
2619 1693 2675 1746 δὲ
2710 1732 2726 1759 ,
2777 1687 2873 1744 τοῦ
2924 1690 3120 1761 καιροῦ
3164 1688 3454 1753 καλοῦντος
3500 1689 3580 1753 είς
3633 1689 3694 1742 τὸ

450 1789 674 1860 tyrium,
710 1788 928 1843 nolebat
956 1788 1156 1858 pusillo
1191 1798 1248 1843 et
1277 1759 1495 1857 abjccto
1539 1791 1722 1845 animo
1759 1789 2015 1845 sull'urari

2127 1783 2452 1856 μαρτύριον,
2503 1785 2604 1836 οὑκ
2636 1781 2827 1852 ἠγάπα
2855 1759 3115 1833 κλέπτειν
3140 1778 3382 1847 ἀγεννῶς
3413 1776 3474 1829 τὸ
3515 1776 3692 1840 σωζε-

449 1881 701 1934 salutem.
739 1879 799 1933 Ei
827 1880 1016 1949 itaque
1050 1879 1220 1934 dicit:
1247 1880 1366 1935 Non
1398 1889 1626 1951 propter
1654 1883 1875 1938 charam
1904 1898 2021 1938 ma-

451 1979 612 2033 trem,
640 1985 741 2024 nec
762 1979 990 2040 propter
1008 1979 1268 2040 cognatos
1295 1987 1381 2027 me
1413 1972 1584 2028 reddo
1613 1973 1966 2028 manifestum
2001 1990 2016 2027 :

446 2062 543 2116 sed
563 2061 756 2116 adsum
797 2071 1025 2132 propter
1043 2061 1251 2120 Christi
1271 2064 1690 2121 confessionem.
1711 2066 1851 2122 Ecce
1871 2068 2021 2122 enim

445 2154 534 2208 vel
565 2161 618 2208 te
645 2153 867 2208 nolente
900 2155 1175 2224 apparebo
1209 2169 1395 2210 coram
1450 2157 1705 2227 praeside,
1742 2166 1799 2213 et
1836 2174 2020 2214 meum

444 2244 728 2301 Christum
748 2245 1055 2314 praedicabo
1106 2261 1291 2302 coram
1323 2248 1667 2318 principibus
1687 2260 1742 2304 et
1766 2249 2012 2320 regibus.

446 2336 799 2392 Theotecnus
815 2336 998 2406 itaque
1015 2338 1248 2405 veritus,
1268 2355 1338 2394 ne
1357 2353 1454 2393 sua
1489 2348 1687 2408 Sponte
1702 2342 1916 2397 veniret
1948 2343 2018 2398 ad

446 2424 760 2495 praesidem,
781 2433 838 2480 et
854 2440 918 2480 ea
938 2425 1007 2480 de
1023 2441 1184 2481 causa
1202 2431 1254 2482 ei
1273 2427 1565 2483 all‘erretur
1587 2430 1921 2500 periculum,
1958 2441 2018 2488 ut

445 2517 540 2588 qui
573 2531 699 2572 eum
725 2532 835 2571 non
858 2515 1079 2573 fecisset
1108 2518 1480 2584 manifestum,
1516 2521 1746 2576 assumit
1777 2523 2017 2580 Abihum

446 2617 504 2665 et
532 2623 661 2664 eum
712 2606 938 2663 adducit
961 2606 1030 2662 ad
1057 2607 1366 2678 praesidem.
1417 2609 1521 2666 Hie
1564 2611 1656 2666 ille
1683 2622 1786 2680 est,
1812 2608 2014 2684 inquit,

447 2701 543 2772 qui
569 2699 853 2771 quaeritur,
887 2699 1119 2756 Abibus.
1175 2702 1312 2756 Cum
1374 2710 1556 2757 autem
1610 2703 1874 2776 Lysanias
1921 2724 2020 2763 au-

446 2793 645 2848 diisset
692 2791 929 2848 Ahibum
957 2806 1055 2848 sua
1084 2800 1281 2863 sponte
1323 2793 1526 2851 adiisse
1567 2797 1633 2851 ad
1685 2800 2011 2868 certamina,

445 2885 748 2940 arbitratus
780 2897 903 2938 eam
953 2898 1068 2938 rem
1107 2898 1229 2940 esse
1265 2895 1618 2956 contemptus
1645 2900 1701 2944 et
1745 2890 2008 2958 audaciae,

449 2975 632 3046 utqui
663 2975 1043 3046 parvil‘ecisset
1097 2977 1479 3034 austeritatem
1531 2978 1843 3047 tribunalis,
1884 2997 2012 3038 eum

2125 1874 2275 1929 σθαι.
2312 1875 2451 1944 Φησὶ
2482 1873 2613 1942 γοῦν
2644 1873 2780 1943 πρὸς
2805 1873 2994 1926 αὐτόν·
3034 1871 3112 1924 Οὐ
3137 1871 3236 1940 τῆς
3269 1870 3430 1940 φίλης
3465 1869 3691 1940 μητρὸς,

2121 1968 2248 2022 οὐδὲ
2277 1967 2383 2021 τῶν
2412 1965 2695 2035 συγγενῶν
2721 1965 2906 2018 ἕνεκεν
2939 1963 3178 2031 ἐμαυτὸν
3209 1961 3517 2033 ἔμφανίζω,
3549 1959 3688 2015 ἀλλά

2120 2060 2212 2115 διὰ
2238 2060 2338 2131 τὴν
2364 2059 2660 2131 ὁμολογίαν
2703 2059 2802 2128 τὴν
2847 2059 2928 2121 είς
2981 2057 3072 2110 τὸν
3117 2055 3354 2125 Χριστὸν
3403 2053 3637 2123 πάρειμι
3665 2067 3682 2084 ο

2124 2151 2236 2205 ίδοὺ
2263 2153 2396 2224 γὰρ,
2425 2152 2522 2205 καὶ
2571 2149 2667 2204 σοῦ
2715 2149 2874 2203 τοῦτο
2903 2147 2978 2219 μὴ
3015 2147 3370 2218 βουλομένου,
3409 2145 3573 2207 αὐτὸς
3609 2142 3690 2214 τῷ

2119 2246 2353 2320 ἡγεμόνι
2402 2245 2914 2317 ἐμφανισθήσομαι,
2971 2242 3064 2295 καὶ
3115 2241 3208 2294 τὸν
3252 2238 3388 2309 ἐμὸν
3450 2236 3690 2306 Χριστὸν

2120 2338 2365 2392 ἐναντίον
2403 2337 2684 2408 ἀρχόντων
2730 2331 2955 2406 κηρύξω
3001 2332 3094 2384 καὶ
3141 2329 3425 2401 βασιλέων.
3475 2328 3534 2381 '0
3562 2327 3693 2381 Θεό-

2118 2445 2312 2491 τεκνος
2343 2427 2524 2482 τοίνυν
2560 2427 2746 2489 δείσας
2795 2427 2869 2496 μὴ
2926 2424 3251 2495 αὐθαίρετος
3293 2423 3400 2495 ἧξῃ
3448 2421 3526 2492 τῷ
3563 2423 3692 2493 ἡγε-

2123 2522 2272 2595 μόνι,
2311 2520 2606 2576 κάντεῦθεν
2635 2518 2876 2580 κίνδυνος
2903 2515 3053 2586 αὐτῷ
3087 2533 3172 2576 τις
3210 2513 3560 2586 ἐπενεχθείη,
3612 2513 3687 2577 ὡς

2122 2614 2199 2684 μὴ
2226 2613 2387 2684 δῆλον
2406 2612 2499 2666 τὸν
2528 2611 2698 2682 ἀνδρα
2735 2607 3080 2678 πεποιηκότι,
3113 2606 3206 2661 τὸν
3235 2605 3459 2659 Ἀϐιϐον
3493 2621 3691 2675 παρα-

2119 2705 2328 2771 λαϐὼν,
2377 2703 2457 2776 τῷ
2487 2694 2736 2774 ’ἡγεμόνι
2797 2700 3174 2771 παρίστησιν·
3227 2692 3396 2760 Οὗτος
3457 2699 3686 2760 ἐκεῖνος,

2119 2795 2313 2864 εῐπὼν,
2389 2797 2418 2850 6
2485 2794 2823 2868 ζητούμενος
2888 2791 3136 2856 ’Δϐιϐος.
3205 2790 3296 2855 Ὦς
3365 2789 3422 2845 δὲ
3475 2790 3538 2844 τό
3589 2791 3687 2844 τοῦ

2131 2891 2356 2946 Ἀϐίϐου
2401 2888 2540 2962 πρὸς
2580 2889 2709 2952 τοὺς
2747 2885 2965 2956 ἀγῶνας
3015 2883 3324 2953 αὐτόμολον
3351 2883 3380 2935 6
3410 2882 3688 2945 Λυσανίας

2117 2983 2374 3049 ἐπύθετο,
2437 2979 2849 3051 καταφρόνησιν
2901 2992 2962 3030 τε
3014 2976 3111 3031 καὶ
3162 2973 3367 3046 θράσος
3423 2969 3566 3026 εἷναι
3625 2972 3688 3026 τδ

448 3068 636 3126 statim
679 3074 840 3123 curat
897 3066 1208 3122 ducendum
1259 3066 1318 3120 in
1376 3069 1670 3138 judicium,
1742 3072 2012 3128 conditio.

2119 3075 2354 3146 πρᾶγμα
2405 3072 2659 3142 νομίσας,
2714 3071 2814 3124 ἅτε
2850 3070 3002 3140 παρά
3049 3068 3258 3139 φαῦλον
3303 3067 3365 3120 τὸ
3411 3066 3686 3134 αὐστηρὸν

445 3177 685 3232 nemque
723 3161 792 3215 ab
827 3175 895 3215 eo
925 3160 1084 3230 petit,
1114 3165 1171 3214 et
1201 3173 1424 3226 nomen,
1455 3170 1511 3216 et
1565 3164 1827 3232 patriam.
1871 3165 2010 3221 Cum

2119 3164 2210 3218 τοῦ
2248 3164 2492 3234 βήματος
2518 3162 2774 3232 θεμένου,
2808 3162 3096 3231 ἀγώγιμον
3121 3160 3283 3216 αὐτὸν
3313 3157 3393 3227 τῷ
3417 3158 3684 3226 δικαστη-

446 3265 581 3306 vero
620 3247 996 3318 respondisset
1046 3263 1105 3302 se
1167 3247 1390 3317 quidem
1447 3266 1568 3307 esse
1612 3262 1794 3309 ortum
1827 3271 1859 3312 e
1889 3259 2012 3313 vico

449 3340 720 3405 Thelsaea,
749 3338 1115 3408 signiﬁcasset
1167 3349 1350 3395 autem
1404 3356 1463 3398 se
1503 3358 1625 3400 esse
1673 3345 1876 3403 Christi
1906 3350 2012 3404 mi-

448 3433 704 3496 nistrum,
739 3430 925 3486 statim
952 3443 1248 3504 martyrem
1295 3442 1379 3490 est
1430 3435 1755 3495 criminatus
1788 3455 2010 3510 praeses,

451 3521 597 3594 quod
653 3537 764 3578 non
798 3521 1238 3594 obtemperasset
1286 3525 1455 3596 jussis
1490 3527 1856 3598 imperatoris.
1901 3531 2014 3587 llu-

444 3616 738 3685 jusautem
805 3613 884 3668 rei
963 3622 1210 3684 apertum
1273 3630 1392 3672 esse
1451 3617 1670 3674 dicebat
1728 3621 2011 3691 indicium,

449 3705 594 3776 quod
621 3705 744 3762 Jovi
783 3705 911 3762 thus
943 3722 1055 3763 non
1113 3709 1466 3767 sacriﬁcaret.
1513 3712 1736 3779 Adhaec,
1769 3728 1828 3770 se
1886 3717 2011 3785 qui-

448 3797 575 3853 dem
617 3796 1007 3853 Christianum
1078 3813 1224 3865 esse,
1271 3800 1490 3856 dicebat
1513 3802 1749 3869 Ahibus,
1795 3813 1851 3860 et
1900 3821 2010 3862 non

444 3902 612 3959 posse
657 3902 848 3943 verum
889 3888 1060 3944 Deum
1099 3890 1430 3962 relinquere,
1471 3893 1782 3949 sacriﬁcare
1827 3907 2010 3952 autem

444 3979 706 4036 inanimis
728 3989 785 4035 et
808 3995 968 4036 sensu
998 3980 1149 4036 nullo
1173 3983 1416 4052 praeditis
1441 3985 1699 4054 operibus
1725 4001 2007 4043 manuum.

444 4071 653 4129 Praeses
698 4087 847 4136 vero,
875 4087 1004 4128 eum
1035 4072 1261 4129 brachia
1286 4075 1535 4130 vinctum
1567 4075 1816 4142 lunibus,
1842 4080 2012 4149 jussit

446 4164 502 4216 in
535 4162 685 4231 ligno
723 4161 1021 4218 sublimem
1068 4163 1280 4231 extolli,
1322 4175 1376 4220 et
1401 4164 1594 4223 ferreis
1625 4168 1898 4240 unguibus
1928 4169 2010 4223 la~

445 4252 650 4308 cerari.
710 4253 844 4307 Erat
892 4262 1078 4308 autem
1135 4257 1423 4326 suspensio
1482 4257 1642 4329 longe
1692 4260 2007 4328 violentior,

445 4358 609 4413 quam
650 4342 932 4399 laceratio.
972 4344 1236 4401 Veniebat
1279 4347 1427 4401 enim
1463 4347 1517 4402 in
1565 4350 1893 4418 periculum,
1938 4368 2009 4408 ne

2118 3256 2218 3328 ρίῳ
2261 3255 2604 3327 παραχρῆμα
2651 3255 2913 3319 ποιεῖται,
2941 3253 3115 3324 τύχην
3154 3269 3214 3305 τε
3258 3251 3354 3305 καὶ
3382 3249 3556 3320 ὕνομα
3586 3248 3686 3302 καὶ

2111 3351 2213 3420 τὴν
2277 3349 2658 3420 ἑνεγκαμὲνην
2715 3348 2934 3419 ἀπῄτει.
2965 3345 3122 3399 Ἐπεὶ
3172 3343 3230 3398 δὲ
3281 3343 3546 3410 Θελσαίης
3584 3342 3686 3409 μὲν

2109 3419 2390 3513 όρμᾶσθαι
2462 3442 2562 3512 τῆς
2633 3439 2826 3511 κώμης
2901 3437 3235 3508 ἀπεκρίνατο
3269 3473 3286 3502 ,
3331 3431 3572 3506 Χριστοῦ
3627 3433 3687 3486 δὲ

2113 3530 2366 3587 διάκονον
2425 3531 2620 3585 ἑαυτὸν
2680 3529 2996 3599 ἐγνώριζεν,
3043 3528 3204 3587 εὐθὺς
3237 3529 3264 3580 6
3309 3525 3532 3596 ἡγεμὼν
3585 3523 3685 3594 τὴν

2112 3623 2224 3677 τῶν
2273 3621 2575 3693 βασιλικῶν
2624 3620 3072 3694 προσταγμάτων
3130 3619 3386 3690 ἀθέτησιν
3431 3617 3686 3686 ἔγκλημα

2112 3713 2194 3785 τῷ
2242 3714 2489 3787 μάρτυρι
2529 3716 2806 3786 περιῆπτε
2846 3729 2860 3744 ·
2917 3713 3014 3767 καὶ
3055 3713 3260 3782 δεῖγμα
3291 3709 3482 3764 τούτου
3513 3709 3687 3778 σαφὲς

2112 3808 2288 3876 ἔλεγε,
2345 3808 2408 3862 τὸ
2471 3807 2546 3880 μὴ
2596 3809 2674 3879 τῷ
2719 3811 2804 3862 Διὶ
2845 3807 3145 3863 λιϐανωτὸν
3207 3805 3483 3860 ὲπιθῦσαι.
3539 3802 3684 3872 Πρὸς

2110 3896 2288 3955 ταῦτα
2314 3900 2643 3972 Χριστιανὸν
2669 3901 2770 3972 μὲν
2802 3902 2998 3970 ἑαυτὸν
3023 3901 3052 3953 6
3089 3899 3316 3962 Ἀϐιϐος
3363 3896 3542 3961 ἔλεγε,
3584 3894 3686 3947 καὶ

2116 3993 2191 4064 μὴ
2236 3991 2306 4047 ἂν
2361 3991 2456 4047 τὸν
2505 3991 2759 4064 ἀληθινὸν
2810 3992 2946 4046 Θεον
2995 3991 3325 4047 καταλιπεῖν
3394 3986 3681 4050 δύνασθαι,

2111 4083 2346 4155 ἀψύχοις
2373 4083 2430 4137 δὲ
2457 4083 2618 4140 θῦσαι
2649 4085 2748 4142 καὶ
2771 4084 3121 4156 ἀναισθήτοις
3172 4083 3356 4154 ἔργοις
3385 4079 3606 4151 χειρῶν.
3621 4079 3684 4132 '0

2112 4172 2337 4243 ἡγεμὼν
2368 4173 2427 4227 δὲ
2459 4173 2716 4244 σχοινίοις
2739 4174 2929 4229 τοῦτον
2960 4173 3088 4233 τοὺς
3119 4171 3412 4243 βραχίονας
3435 4169 3686 4238 διειλημ-

2115 4266 2278 4336 μένον
2327 4267 2425 4320 ἐπὶ
2473 4266 2616 4337 ξύλῳ
2664 4265 3100 4337 μετεωρισθῆναι
3153 4264 3526 4334 προσέταττε,
3589 4261 3691 4316 καὶ

2117 4355 2361 4425 σιδηροῖς
2409 4355 2560 4421 ὕνυξι
2619 4355 3071 4422 καταξαίνεσθαι.
3131 4355 3243 4406 Καὶ
3295 4350 3364 4424 ἦν
3421 4354 3484 4404 τὸ
3555 4354 3694 4422 κρέ-

451 4433 888 4501 discerperetur,
923 4449 1048 4489 eum
1080 4435 1320 4490 violenta
1346 4437 1665 4494 extensione
1693 4440 1748 4495 ei
1779 4441 2007 4498 divelle-

2119 4445 2326 4517 μασθαι
2363 4445 2458 4498 τοῦ
2499 4445 2781 4510 ξαίνεσθαι
2825 4446 2958 4498 πολὺ
3005 4443 3691 4514 βιαιότερον’ὲκινδύνευε

445 4533 644 4580 rentur
668 4523 919 4585 brachia.

517 4701 634 4756 XV.
685 4700 911 4756 Interim
945 4700 1077 4757 dum
1104 4701 1152 4758 is
1183 4701 1448 4772 penderet
1476 4704 1750 4770 sublimis.
1781 4724 2012 4768 conver-

447 4809 546 4850 sus
569 4803 654 4849 est
694 4808 898 4864 praeses
925 4794 994 4848 ad
1031 4794 1344 4862 blanditias,
1395 4805 1450 4852 et
1480 4796 1722 4868 tingebat
1769 4815 1852 4856 se.
1890 4818 2012 4860 esse

448 4885 774 4956 patientem.
815 4884 1130 4941 Minabatur
1192 4897 1378 4943 autem
1433 4888 1602 4945 etiam
1657 4893 1931 4962 graviora,
1962 4896 2008 4951 si

444 4987 559 5033 non
587 4984 829 5033 mutaret
868 4977 1237 5048 propositum.
1283 4979 1383 5035 Ille
1409 4989 1595 5036 autem
1631 4998 1644 5036 :
1678 4982 1876 5049 Nemo,
1919 4984 2008 5039 in-

443 5070 591 5141 quit,
631 5084 720 5125 me
775 5068 1014 5126 abducet
1041 5083 1072 5124 a
1130 5068 1278 5135 ﬁde;
1317 5084 1498 5140 neque
1546 5073 1907 5141 persuadebit
1951 5085 2013 5130 ut

444 5161 668 5217 adorem
717 5159 1020 5224 daemones,
1065 5161 1284 5216 etiamsi
1325 5163 1483 5232 plura
1537 5174 1813 5221 tormenta
1868 5165 2014 5222 infe-

444 5260 532 5311 rat
560 5261 620 5307 et
669 5253 897 5325 majora.
953 5250 1098 5307 Cum
1145 5260 1328 5309 autem
1381 5255 1552 5311 vellet
1597 5255 1740 5312 scire
1789 5272 2011 5326 praeses,

445 5356 738 5410 quamnam
781 5342 835 5398 ei
915 5343 1211 5399 utilitatem
1287 5355 1557 5401 tormenta
1629 5347 2011 5414 conciliarent,

444 5447 566 5501 quae
621 5447 825 5504 corpus
896 5435 1070 5491 solum
1119 5446 1475 5502 consumunt,
1539 5435 1747 5492 Christi
1807 5447 2014 5509 martyr

445 5522 659 5578 Abibus
691 5541 704 5578 :
739 5526 860 5581 Non
887 5527 956 5582 ad
996 5543 1236 5598 praesens
1274 5543 1448 5598 usque
1501 5539 1739 5598 tempus,
1810 5529 2012 5600 inquit,

446 5627 632 5669 nostra
658 5617 966 5673 consistunt
995 5637 1008 5673 :
1041 5633 1142 5674 nec
1171 5633 1236 5674 ea
1301 5623 1482 5676 solum
1555 5623 1858 5692 sequimur,
1894 5636 2017 5692 quae

443 5716 768 5765 cernuntur.
799 5708 954 5774 Quod
981 5711 1029 5768 si
1059 5719 1118 5767 tu
1149 5727 1368 5784 quoque
1397 5713 1645 5771 volueris
1675 5714 1924 5786 aspicere
1948 5712 2014 5770 ad

2110 4540 2220 4611 γὰρ
2240 4539 2746 4609 διασπαραχθῆναι,
2781 4537 2892 4591 τῶν
2930 4535 3233 4609 βραχιόνων
3255 4535 3406 4606 αὐτῷ
3439 4536 3692 4591 διασπω-

2113 4631 2288 4700 μένων
2333 4632 2398 4700 τῇ
2461 4629 2552 4701 βίᾳ
2579 4631 2678 4700 τῆς
2710 4628 2940 4692 τάσεως.

2177 4724 2282 4776 IE’.
2324 4718 2483 4790 Εἶτα,
2527 4723 2586 4777 ὲν
2627 4723 2737 4794 ὅσῳ
2765 4723 3041 4794 μετέωρος
3083 4716 3242 4787 οὗτος
3267 4717 3356 4794 ἦν,
3388 4722 3418 4774 6
3458 4722 3689 4792 ἡγεμὼν

2111 4814 2207 4867 ἐπὶ
2234 4812 2475 4878 θωπείας
2499 4814 2767 4884 ἐτράπετο
2803 4815 2896 4868 καὶ
2925 4814 3300 4886 μακροθυμεῖν
3330 4814 3678 4883 ὑπεκρίνετο.

2129 4903 2444 4958 Ἦπείλειδὲ
2473 4905 2567 4959 καὶ
2592 4903 2660 4959 τὰ
2677 4905 3054 4976 χαλεπώτερα,
3080 4906 3129 4959 εί
3162 4904 3237 4976 μὴ
3263 4904 3555 4974 μεταϐάλοι
3587 4902 3686 4956 τοῦ

2115 4996 2480 5068 προκειμένου
2520 4997 2747 5051 σκοποῦ.
2797 4997 2856 5050 '0
2897 4996 2955 5049 δὲ
2986 5036 3001 5062 ,
3036 4995 3246 5060 Οὐδεὶς,
3278 4995 3405 5064 ἔφη,
3459 4995 3558 5065 τῆς
3592 4995 3688 5047 ἐπὶ

2114 5087 2354 5158 Χριστὸν
2403 5087 2706 5158 ἀποστήσει
2758 5103 2826 5158 με
2875 5087 3138 5151 πίστεως,
3189 5085 3314 5139 οὐδὲ
3357 5089 3685 5156 προσκυνεῖν

2116 5175 2337 5247 δαίμοσι
2393 5176 2739 5248 μεταπείσει,
2788 5175 2892 5229 κᾶν
2939 5177 2988 5228 εί
3032 5175 3252 5238 πλείους
3292 5174 3559 5245 βασάνους
3589 5175 3688 5228 καὶ

2121 5266 2375 5338 μείζονας
2409 5267 2701 5334 ἐπαγάγοι.
2742 5263 2830 5326 Ὠς
2853 5263 2910 5316 δὲ
2940 5265 3034 5316 καὶ
3065 5263 3261 5335 μαθεῖν
3297 5264 3477 5333 ἐζήτει
3503 5265 3688 5332 όὴγε-

2119 5357 2258 5426 μὼν,
2286 5357 2410 5409 τίνα
2431 5356 2528 5426 τὴν
2562 5354 2831 5424 ὠφέλειαν
2863 5353 3010 5423 αὐτῷ
3044 5353 3398 5424 προξενοῦσιν
3428 5354 3484 5406 αἱ
3515 5352 3688 5423 βάσα-

2116 5465 2197 5501 νοι
2222 5447 2280 5499 τὸ
2312 5447 2470 5516 σῶμα
2499 5445 2960 5500 καταδαπανῶσαι
2993 5446 3191 5516 μόνον,
3225 5447 3254 5500 ό
3310 5444 3404 5499 τοῦ
3441 5445 3684 5515 Χριστοῦ

2120 5535 2330 5604 μάρτυς
2365 5533 2618 5595 Ἀϐιϐοςο
2652 5535 2725 5587 Οὐ
2767 5535 2930 5604 μέχρι
2961 5535 3056 5588 τοῦ
3101 5535 3391 5605 παρόντος,
3429 5530 3551 5588 εἷπε
3573 5573 3589 5601 ,
3615 5533 3687 5587 τά

2115 5623 2362 5693 ἡμέτερα
2389 5623 2602 5676 ἵσταται
2625 5663 2641 5688 ,
2673 5623 2795 5676 οὐδὲ
2831 5623 2938 5676 τῶν
2983 5625 3279 5694 ἐρωμένων
3315 5625 3502 5686 ἁπλῶς
3531 5625 3687 5691 γινόσε

2125 5712 2282 5784 μεθα.
2322 5715 2383 5770 Εἰ
2417 5715 2473 5770 δὲ
2517 5715 2611 5771 καὶ
2641 5713 2804 5778 αὐτὸς
2855 5714 2993 5785 πρὸς
3026 5716 3142 5788 ’τὴν
3194 5717 3384 5771 ἐλπίδα
3428 5716 3522 5771 καὶ
3567 5715 3669 5786 τὴν
