4060 6374
446 386 543 452 147

1671 384 1832 446 ΜΕΝ
1839 383 1956 444 SIS
1995 381 2418 447 NOVEMBER

3578 380 3681 452 148

434 509 624 562 silium
662 503 973 568 Edessenis,
999 519 1066 558 ne
1093 501 1146 557 in
1179 517 1374 557 manus
1405 502 1730 557 Hunnorum
1789 500 2005 556 veniret

2135 499 2188 572 ιη
2219 503 2324 558 ὑπὸ
2354 501 2574 558 Οΰννων
2607 501 2938 575 χειρωθῆναι
2982 500 3082 574 τὴν
3115 501 3294 558 πόλιν.
3356 503 3510 557 Ἐπεὶ
3551 505 3609 559 δὲ
3637 502 3686 559 οἱ

433 599 646 652 civitas.
671 595 806 650 Cum
848 609 1002 660 vero,
1052 595 1149 665 qui
1193 593 1348 650 missi
1389 593 1612 649 fuerant
1655 610 1684 649 a
1711 593 2006 657 Romanis,

434 691 537 752 iam
560 687 842 741 venissent
868 685 1156 749 Edessam,
1183 685 1390 741 accidit
1417 695 1479 740 ut
1512 685 1735 755 quidam
1768 685 2010 742 Gotthus

436 781 581 834 inter
605 793 722 843 eos,
773 787 831 834 et
860 779 1110 835 moribus
1138 780 1430 846 barbarus,
1475 789 1534 836 et
1579 789 1765 836 mente
1817 781 2009 851 perni-

435 870 643 936 ciosus,
673 871 1051 926 diversaretur
1079 870 1132 926 in
1185 873 1350 926 domo
1399 872 1684 943 cujusdam
1739 872 2008 938 mulieris,

441 962 661 1016 nomine
695 961 932 1032 Sophim.
972 963 1033 1017 Ei
1064 974 1248 1018 autem
1283 971 1400 1020 erat
1429 963 1588 1019 unica
1620 963 1754 1028 ﬁlia,
1787 963 2012 1018 nomine

440 1050 764 1120 Euphemia,
793 1051 996 1106 viventi
1030 1053 1084 1107 in
1109 1051 1398 1112 viduitate.
1443 1051 1592 1107 etde
1619 1050 1736 1107 sola
1765 1051 1876 1106 ﬁlia
1897 1052 2014 1107 sol-

439 1145 627 1199 licitas.
657 1144 1010 1199 Educabatur
1042 1160 1174 1216 ergo
1201 1145 1363 1199 matri
1408 1143 1540 1210 ﬁlia,
1589 1152 1850 1214 tanquam
1889 1159 2013 1215 ger-

441 1252 568 1292 men
599 1251 792 1292 recens
823 1238 1119 1307 pullulans,
1166 1237 1589 1308 temperantiam
1648 1250 1921 1292 exercens
1959 1245 2017 1291 et

389 1373 396 1380 .
439 1329 835 1400 virginitatem,
873 1336 930 1384 et
961 1328 1210 1384 studium
1265 1327 1556 1392 adhibens,
1581 1343 1649 1383 ne
1680 1336 2018 1382 cerneretur

367 1432 380 1446 ’
442 1437 473 1476 a
501 1420 870 1475 masculorum
898 1419 1098 1474 oculis.
1137 1419 1476 1473 Eratautem
1509 1418 1691 1488 puella
1718 1417 1858 1474 facie
1921 1417 2019 1473 de-

445 1525 599 1572 cora,
622 1520 678 1565 et
710 1509 908 1578 insigni
935 1508 1373 1580 pulchritudine.
1405 1507 1542 1564 Cum
1570 1523 1704 1575 ergo
1739 1508 1794 1562 in
1831 1523 1894 1562 ea
1919 1508 2020 1562 ba-

445 1601 714 1657 bitatione
741 1601 836 1656 diu
889 1609 1140 1657 versatus
1166 1611 1312 1657 esset
1337 1600 1597 1664 Gotthus,
1645 1601 1835 1658 nescio
1876 1615 2018 1670 quo-

448 1693 609 1748 modo
630 1693 844 1762 aspexit
875 1693 1134 1762 puellam,
1155 1700 1211 1747 et
1239 1692 1313 1748 ita
1331 1701 1522 1764 captus
1541 1691 1782 1761 fuitejus
1809 1705 2018 1753 amore,

453 1789 508 1834 ut
542 1797 812 1851 nusquam
866 1790 1106 1836 mentem
1161 1782 1270 1836 alio
1314 1789 1684 1845 converteret,
1740 1797 1904 1852 quam
1948 1780 2017 1834 ad

451 1874 743 1944 virginem.
778 1874 1072 1930 Personam
1108 1874 1292 1945 itaque
1348 1873 1585 1928 induens
1628 1873 1916 1939 bonitatis,
1963 1880 2020 1928 et

451 1980 509 2022 se
539 1966 774 2020 amicum
814 1981 934 2021 esse
954 1966 1241 2032 simulans,
1277 1965 1416 2020 abiit
1444 1964 1513 2018 ad
1541 1972 1796 2030 matrem,
1849 1971 1908 2018 et
1936 1979 2024 2019 as-

451 2058 857 2114 sentationibus
893 2073 1102 2113 conans
1141 2059 1192 2114 ei
1247 2058 1604 2128 persuadere,
1640 2066 1696 2112 et
1750 2056 2022 2112 bonorum

453 2148 764 2218 promissis,
795 2159 855 2204 ut
879 2148 928 2204 ei
970 2148 1127 2204 daret
1174 2147 1339 2203 ﬁliam
1373 2149 1428 2204 in
1457 2147 1892 2204 matrimonium.
1923 2147 2017 2203 Illa

456 2247 639 2296 autem
665 2239 909 2310 graviter
964 2239 1200 2304 ferebat,
1223 2249 1280 2294 et
1303 2241 1549 2295 animum
1585 2255 1695 2295 non
1721 2238 2026 2294 adhibebat

454 2333 524 2388 iis
545 2348 666 2403 qua:
691 2333 761 2387 ab
787 2333 908 2402 ipso
933 2331 1287 2387 dicebantur.
1316 2331 1394 2386 Eo
1442 2344 1576 2386 vero
1608 2346 1668 2387 se
1719 2330 2029 2386 insolenter

454 2425 804 2494 jactante,et
831 2422 994 2478 valde
1023 2422 1337 2490 minitante,
1371 2423 1461 2477 illa
1498 2439 1512 2477 :
1541 2421 1794 2486 Unicam,
1820 2421 2024 2492 inquit,

458 2530 581 2585 quae
604 2513 739 2569 mihi
763 2519 867 2578 est,
905 2511 1070 2568 ﬁliam
1111 2513 1228 2567 viro
1257 2512 1596 2584 conjungere
1619 2512 1858 2567 barbaro
1886 2529 2030 2568 nun-

461 2621 626 2676 quam
694 2605 1077 2661 sustinuerim.
1109 2604 1189 2660 Ne
1249 2619 1380 2675 ergo
1417 2605 1738 2667 assenteris,
1769 2620 1872 2660 nee
1926 2605 2031 2660 mi-

460 2697 791 2754 neris.Nam
819 2711 922 2753 nec
953 2711 1040 2752 me
1059 2695 1308 2753 emollies
1361 2694 1800 2758 adulationibus,
1848 2710 2031 2766 neque

459 2793 627 2850 minis
673 2791 927 2849 terrebis.
971 2790 1068 2846 Ille
1115 2800 1299 2847 autem
1341 2791 1621 2862 pergebat
1655 2789 1848 2844 eadem
1906 2805 2031 2844 rur-

461 2898 560 2940 sus
587 2884 791 2951 facere,
825 2892 882 2940 et
924 2898 1120 2938 rursus
1165 2900 1322 2944 suam
1367 2883 1695 2940 ostendebat
1743 2882 2036 2952 impuden-

463 2977 620 3044 tiam,
653 2977 797 3034 etde
828 2975 1024 3033 iisdem
1055 2976 1285 3034 assidue
1313 2991 1438 3032 cum
1471 2985 1647 3031 matre
1673 2975 2032 3045 loquebatur.

462 3066 674 3121 Deinde
696 3069 866 3123 etiam
899 3070 1140 3138 pretiosa
1165 3067 1432 3123 aﬁ'erebat
1452 3066 1520 3122 ad
1538 3081 1660 3120 eam
1688 3073 2033 3130 ornamenta,

2109 596 2246 667 πρὸς
2299 596 2589 668 Ῥωμαίων
2639 595 2943 659 σταλέντες,
2972 593 3072 665 τὴν
3107 593 3374 648 Ἔδεσσαν
3410 596 3514 666 ἢδη
3548 613 3686 650 κατ.

2111 689 2326 754 ἔλαϐον,
2356 688 2516 760 ἔτυχέ
2559 701 2682 742 τινα
2710 686 2907 740 Γότθον
2934 687 2996 740 ἔν
3050 685 3235 750 αὐτοῖς
3257 726 3271 749 ,
3317 687 3596 756 βάρϐαρόν
3625 704 3687 741 τι

2112 781 2203 835 τὸν
2231 781 2432 848 τρόπον
2471 780 2568 834 καὶ⁸
2600 779 2698 848 τὴν
2744 777 2972 848 γνώμην
2995 776 3266 846 ὀλέθριον,
3293 777 3350 830 ἔν
3378 794 3524 841 τινος
3551 778 3687 850 οἴκῳ

2113 870 2421 926 καταλῦσαι
2453 871 2654 940 Σοφὶας
2685 869 2861 940 ὄνομα
2888 869 3175 938 γυναικός.
3208 869 3288 940 Τῇ
3333 869 3390 922 δὲ
3417 864 3486 939 ἦν
3521 868 3692 936 θυγά-

2112 981 2220 1036 τηρ
2260 961 2556 1034 μονογενὴς
2609 960 2890 1032 Εὐφημία,
2946 961 3142 1031 χηρείᾳ
3193 977 3251 1013 τε
3298 958 3540 1030 συζώσῃ,
3595 958 3690 1013 καὶ

2116 1057 2212 1109 ἐπὶ
2249 1055 2386 1128 μόνῃ
2412 1056 2481 1126 τῇ
2515 1053 2750 1124 θυγατρὶ
2786 1052 3108 1124 σαλευούσῃ.
3151 1052 3414 1119 Ἀνήγετο
3461 1046 3578 1116 οῦν,
3613 1050 3693 1115 ῶς

2117 1165 2172 1202 τι
2200 1145 2457 1210 νεοθαλὲς
2485 1145 2640 1217 ἔρνος
2672 1146 2704 1215 ή
2735 1144 2864 1209 παῖς
2898 1145 2963 1214 τῇ
2999 1142 3200 1214 μητρὶ,
3237 1141 3598 1212 σωφροσύνην
3631 1159 3692 1195 τε

2118 1239 2369 1295 ἀσκοῦσα
2399 1239 2494 1292 καὶ
2529 1235 2853 1307 παρθενίαν,
2886 1237 2984 1289 καὶ
3007 1236 3070 1288 τὸ
3102 1235 3176 1303 μὴ
3205 1235 3452 1305 ἀρρένων
3475 1234 3691 1304 όμμασι

2120 1329 2386 1400 θεαθῆναι
2419 1328 2510 1382 διὰ
2570 1327 2815 1397 σπουδῆς
2858 1325 3080 1397 ἔχουσα.
3105 1321 3216 1378 Ἦν
3240 1325 3298 1377 δὲ
3333 1326 3365 1394 ἠ
3402 1325 3530 1386 παῖς
3584 1324 3695 1392 ἄρα

2118 1421 2220 1494 τὴν
2251 1420 2377 1491 όψιν
2397 1420 2685 1492 εὐπρεπὴς
2714 1419 2809 1474 καὶ
2843 1418 2905 1472 τὺ
2925 1417 3121 1480 κάλλος
3149 1417 3454 1488 ἀμήχανος.
3473 1415 3694 1486 Ἐπειδὴ

2121 1513 2306 1566 τοίνυν
2342 1513 2538 1582 συχνὸς
2572 1513 2632 1565 ὲν
2674 1511 2740 1580 τῇ
2789 1510 3093 1578 καταγωγῇ
3137 1507 3212 1576 τῷ
3259 1507 3447 1577 Γότθῳ
3501 1508 3696 1578 χρόνος

2122 1606 2392 1676 έτρίόετο,
2419 1605 2520 1659 οὐκ
2546 1598 2644 1657 οἷδ’
2670 1605 2820 1666 ὅπως
2843 1602 3032 1655 θεᾶται
3061 1599 3161 1671 τὴν
3187 1600 3376 1670 κόρην,
3407 1599 3501 1652 καὶ
3523 1598 3696 1662 οὕτως

2131 1697 2310 1767 αὐτῆς
2342 1696 2486 1751 ἑάλω
2515 1695 2592 1765 τῷ
2616 1694 2802 1766 ἔρωτι,
2829 1693 2906 1757 ὡς
2936 1693 3104 1762 μηδὲν
3151 1691 3296 1744 κατὰ
3333 1689 3460 1743 νοῦν
3505 1691 3696 1760 ἔτερον

2127 1790 2383 1860 στρέφειν
2429 1787 2465 1859 ἢ
2511 1789 2613 1856 τὴν
2663 1785 2962 1856 παρθένον.
2997 1784 3350 1854 Προσωπεῖον
3405 1779 3699 1851 τοιγαροῦν

2124 1881 2494 1954 χρηστότητος
2518 1877 2766 1933 ὑπελθὼν
2783 1877 2876 1930 καὶ
2895 1875 3049 1945 φίλος
3071 1869 3209 1927 εἶναι
3233 1871 3695 1942 ὑποκρινάμενος,

2125 1973 2316 2029 ἄπεισι
2377 1970 2531 2042 παρὰ
2593 1971 2694 2040 τὴν
2757 1968 2993 2039 μητέρα,
3047 1964 3364 2027 κολακείαις
3410 1979 3472 2016 τε
3525 1963 3699 2033 αὐτὴν

2125 2061 2424 2134 ἐπιχειρῶν
2455 2063 2667 2124 πεῖσαι,
2727 2059 2823 2113 καὶ
2871 2057 3094 2126 ἀγαθῶν
3145 2055 3508 2124 ἐπαγγελίαις
3563 2053 3702 2125 πρὸς

2128 2156 2310 2228 γάμον
2340 2155 2493 2226 αὒτῷ
2523 2153 2778 2207 ἐκδοῦναι
2804 2151 2909 2223 τὴν
2941 2149 3244 2219 θυγατέρα.
3297 2147 3361 2202 Ἦ
3395 2146 3450 2200 δὲ
3489 2145 3702 2217 βαρέως

2127 2265 2187 2302 τε
2238 2249 2424 2318 ἔφερε,
2468 2246 2565 2302 καὶ
2606 2247 2723 2308 τοῖς
2759 2243 2892 2314 παρ’
2923 2241 3088 2296 αὐτοῦ
3129 2239 3469 2310 λεγομένοιςι
3498 2239 3703 2308 ἥκιστα

2130 2344 2392 2414 προσεῖχε
2415 2341 2507 2394 τὸν
2535 2338 2684 2392 νοῦν.
2714 2337 2821 2390 Τοῦ
2845 2336 2901 2388 δὲ
2924 2333 3336 2405 θρασυνομένου
3365 2331 3458 2385 καὶ
3488 2329 3703 2401 μεγάλα

2128 2431 2557 2495 διαπειλοῦντος,
2601 2428 2782 2500 ἔκείνη
2808 2466 2824 2492 ,
2857 2428 2970 2494 Τὴν
3024 2426 3192 2497 μόνην
3222 2425 3346 2493 ἐμοὶ
3379 2420 3657 2490 θυγατέρα
3682 2457 3700 2486 ,

2130 2525 2258 2594 ἔφη,
2297 2521 2559 2594 βαρϐάρῳ
2591 2519 2850 2584 συζεῦξαι
2893 2517 3046 2588 ἀνδρὶ
3096 2517 3198 2569 ούκ
3245 2515 3312 2568 ἂν
3365 2512 3704 2582 ἀνασχοίμην

2132 2619 2265 2671 ποτέ
2293 2629 2310 2645 ⁸
2344 2615 2418 2686 μὴ
2449 2613 2714 2668 κολάκευε
2740 2611 2945 2674 τοίνυν,
2976 2608 3112 2679 μηδὲ
3136 2607 3350 2660 ἀπείλει
3382 2620 3400 2639 ⁶
3428 2603 3554 2659 οὔτε
3591 2604 3702 2675 γὰρ

2132 2707 2442 2781 χαυνῶσεις
2508 2706 2630 2768 ταῖς
2680 2702 3019 2763 κολακείαις,
3066 2699 3192 2752 οὕτε
3255 2696 3519 2768 φοϐήσεις
3583 2697 3705 2756 ταῖς

2136 2799 2418 2863 ἀπειλαῖς.
2459 2797 2521 2850 Ὅ
2552 2796 2611 2850 δὲ
2641 2795 2751 2848 τῶν
2779 2794 2984 2864 ὁμοίων
3020 2792 3114 2845 καὶ
3150 2789 3315 2843 πάλιν
3354 2789 3554 2859 εἴχετο,
3608 2787 3704 2839 καὶ

2137 2893 2302 2947 πάλιν
2333 2891 2395 2944 τὺ
2429 2888 2645 2951 ἀναιδὲς
2677 2885 3032 2938 ἐπεδείκνυτο
3057 2922 3072 2948 ,
3109 2881 3205 2935 καὶ⁵
3229 2879 3492 2952 περὶτῶν
3524 2875 3706 2930 αὐτῶν

2135 2985 2331 3041 ὁπόσαι
2372 2976 2513 3053 ὧραι
2541 2983 2610 3052 τῇ
2645 2977 2814 3049 μητρὶ
2857 2975 3156 3042 διελέγετο,
3185 2967 3304 3025 εἶτα
3336 2970 3432 3024 καὶ
3471 2968 3710 3038 κόσμους

2137 3077 2278 3149 αὐτῇ
2317 3073 2636 3134 πολυτελεῖς
2679 3067 3085 3141 προσεκόμιζε,
3129 3065 3225 3119 καὶ
3267 3061 3483 3116 πολλῶν
3533 3060 3710 3113 ἄλλων

462 3167 522 3212 ct
547 3158 852 3215 aﬁirmabat
877 3174 996 3215 eam
1022 3159 1138 3215 fore
1151 3159 1430 3214 dominam
1449 3157 1745 3213 multorum
1770 3158 2025 3212 aliorum.

2135 3169 2358 3226 ἔσεσθαι
2387 3165 2586 3237 κυρίαν
2607 3161 2943 3217 διεσεόαίου.
2980 3159 3045 3212 Ἠ
3069 3158 3126 3211 δὲ
3180 3157 3280 3226 τῆς
3309 3153 3498 3216 παιδὸς
3529 3153 3711 3222 μήτηρ

464 3250 638 3307 Mater
671 3261 854 3308 autem
887 3251 1079 3322 puellae
1111 3266 1179 3306 ne
1226 3251 1306 3307 sic
1336 3250 1561 3323 quidem
1616 3251 1899 3321 praebebat
1942 3265 2035 3306 au-

465 3355 580 3397 rem
612 3341 681 3396 iis
707 3356 831 3412 quae
850 3342 918 3397 ab
943 3340 1061 3412 ipso
1085 3341 1434 3399 dicebantur.

539 3434 706 3490 XVII.
756 3434 962 3490 Deinde
1009 3435 1104 3490 illo
1147 3445 1556 3506 perseverante,
1591 3450 1786 3492 rursus
1829 3435 2035 3506 Sophia

466 3527 617 3595 (cum
664 3525 853 3582 nescio
892 3525 1039 3582 unde
1069 3525 1372 3597 didicisset)
1406 3543 1419 3580 :
1455 3525 1596 3584 Sunt
1631 3527 1730 3583 tibi
1770 3537 1826 3584 et
1850 3529 1947 3583 ﬁlii
1981 3536 2038 3584 et

469 3631 629 3682 uxor,
676 3615 730 3672 el
778 3615 1062 3687 respondit
1111 3632 1128 3671 :
1181 3631 1286 3674 nec
1341 3631 1444 3688 ego
1493 3616 1591 3673 tibi
1641 3633 1817 3674 meam
1869 3618 2036 3675 ﬁliam

467 3706 713 3762 dederim
751 3706 804 3762 in
839 3707 1269 3764 matrimonium.
1297 3707 1392 3763 Ille
1416 3723 1549 3763 vero
1578 3708 1775 3779 partim
1814 3709 2036 3778 quidem

467 3813 656 3853 amore
692 3797 888 3868 puellas
936 3799 1138 3863 victus,
1193 3798 1390 3868 partim
1441 3807 1624 3854 autem
1679 3799 1893 3854 timoris
1940 3800 2036 3856 Dei

469 3895 676 3951 nullam
724 3892 936 3948 ducens
964 3891 1259 3957 rationem,
1302 3891 1474 3948 Deum
1528 3900 1762 3948 testatur
1792 3907 1852 3948 se
1891 3909 2038 3948 nun-

466 4002 633 4058 quam
685 3985 945 4041 habuisse
999 3997 1262 4047 uxorem,
1311 3997 1414 4038 nec
1457 3981 1620 4048 ﬁlios,
1673 3984 1769 4039 sed
1813 3999 1872 4040 se
1918 3985 2040 4055 ejus

471 4080 635 4134 ﬁliam
683 4077 822 4134 velle
871 4077 1077 4132 ducere
1128 4089 1377 4142 uxorem,
1418 4084 1476 4131 et
1518 4076 1763 4131 omnium
1811 4092 2036 4133 suorum

469 4171 742 4226 bonorum
791 4183 913 4225 eam
960 4167 1142 4224 facere
1194 4167 1498 4223 dominam.
1550 4165 1803 4224 Vincitur
1854 4170 2038 4240 itaque

472 4271 649 4318 mater
698 4260 892 4330 puella:
933 4274 965 4313 a
1007 4259 1195 4315 Gotthi
1261 4259 1468 4314 verbis.
1520 4259 1662 4326 Quid
1723 4261 1870 4316 enim
1921 4271 2040 4317 erat

470 4355 703 4414 factura,
753 4365 878 4406 eum
926 4357 1074 4406 esset
1106 4349 1330 4415 femina,
1366 4364 1488 4418 quae
1532 4349 1695 4406 facile
1742 4351 2036 4422 decipitur,

472 4453 530 4498 et
577 4450 1048 4497 sacramentorum
1093 4441 1310 4496 audiret
1357 4440 1629 4506 examina,
1675 4451 1732 4498 et
1783 4443 1834 4498 ei
1888 4455 2033 4500 metu

472 4541 793 4604 quateretur
837 4531 1099 4587 animus?
1132 4531 1319 4601 Itaque
1351 4546 1548 4588 manus
1591 4533 1644 4588 in
1692 4534 1891 4591 caelum
1938 4539 2043 4593 tol-
2069 4521 2120 4582 Ῐ)

473 4628 596 4682 lens
640 4642 655 4680 :
702 4624 866 4680 Pater
907 4623 1305 4693 orphanornm,
1347 4631 1402 4678 et
1433 4623 1688 4680 defensor
1728 4626 2042 4695 viduarum,

476 4717 708 4774 Domine
735 4725 792 4772 ct
820 4717 986 4780 Deus.
1023 4714 1226 4785 inquit,
1260 4728 1328 4770 ne
1358 4716 1675 4787 despexeris
1720 4717 1862 4774 hanc
1892 4722 2046 4790 puel-

476 4812 610 4874 lam,
651 4825 772 4881 qua:
799 4808 921 4864 viro
951 4806 1139 4878 ignoto
1182 4808 1555 4880 coniungitur.
1609 4809 1688 4867 Te
1732 4810 1880 4866 enim
1926 4813 2046 4883 ejus

477 4902 875 4973 promissorum
933 4899 1146 4969 accipio
1197 4897 1610 4971 inspectore");
1659 4913 1717 4958 et
1768 4912 1820 4958 te
1868 4904 2044 4970 freta,

478 4995 696 5049 unicam
729 5007 906 5049 meam
939 4992 1104 5047 ﬁliam
1139 4993 1296 5048 trado
1341 4993 1470 5049 huic
1507 4995 1816 5067 peregrino.
1853 4997 1921 5053 Et
1964 4998 2048 5053 in-

478 5085 642 5142 terim
695 5083 960 5140 scribitur
1011 5092 1332 5140 contractus
1384 5087 1753 5155 matrimonii,
1809 5100 1865 5146 et
1919 5105 2045 5146 cum

478 5179 822 5249 aliquantum
879 5177 1144 5245 temporis
1199 5176 1381 5231 Hunni
1434 5177 1693 5234 Edessam
1743 5181 2045 5238 circumse-

479 5273 714 5338 dissent,
759 5268 896 5326 socii
925 5277 1107 5324 autem
1143 5276 1199 5322 et
1223 5268 1502 5338 adjutores
1535 5269 1727 5326 urbem
1766 5271 2046 5328 defendis-

481 5373 623 5425 sent,
643 5361 994 5431 hostiumque
1025 5360 1288 5430 impetum
1322 5360 1754 5430 propulsassent,
1779 5361 1839 5417 ﬁt
1870 5365 2046 5434 puella

482 5467 768 5526 pregnans
813 5468 880 5508 ex
929 5451 1116 5508 Gotthi
1162 5451 1570 5520 conjunctione.
1617 5451 1872 5508 Nondum
1919 5470 2050 5510 vero

482 5557 702 5615 tempus
734 5544 978 5615 pariendi
1006 5545 1322 5604 advenerat,
1353 5553 1410 5598 et
1439 5543 1621 5598 Ilunni
1647 5545 1891 5615 quidem,
1923 5561 2047 5602 eum

485 5637 624 5694 nihil
673 5636 979 5706 potuissent
1026 5631 1207 5690 facere
1257 5650 1449 5689 eorum
1504 5651 1625 5706 quae
1672 5649 2047 5706 speraverant,

483 5731 594 5802 jam
634 5727 689 5782 in
731 5728 915 5783 animo
942 5725 1216 5780 habebant
1244 5723 1516 5795 proﬁcisci
1547 5725 1608 5778 in
1631 5724 1882 5794 patriam,
1913 5726 2049 5782 socii

487 5828 670 5878 autem
702 5825 759 5877 et
788 5817 1070 5891 adjutores
1100 5816 1356 5876 volebant
1391 5814 1573 5871 redire
1613 5815 1865 5872 Romam.
1912 5816 2049 5874 Cum

2133 3247 2263 3318 sese
2318 3259 2463 3314 οὕτω
2507 3259 2621 3320 τοῖς
2683 3252 2815 3322 παρ’
2873 3250 3040 3306 αὐτοῦ
3096 3247 3414 3320 λεγομένοις
3475 3243 3709 3314 παρεῖχε

2141 3356 2203 3410 τὸ
2244 3352 2361 3415 οὓς.

2214 3447 2317 3501 ΙΖ’.
2352 3438 2523 3508 Εἶτα,
2573 3440 2784 3496 ἐκείνου
2840 3438 2955 3498 τοῖς
3004 3430 3302 3506 προτέροις
3348 3427 3710 3500 ἐμμένοντος,

2142 3533 2301 3601 αὖθις
2345 3536 2381 3607 ἡ
2416 3533 2607 3604 Σοφία,
2657 3530 2769 3584 οὐδ’
2817 3523 2915 3582 οἷδ’
2948 3525 3070 3580 ὅθεν
3109 3519 3390 3594 μαθοῦσα,
3426 3517 3585 3569 Ἐστι
3627 3529 3712 3607 σοι

2144 3629 2242 3684 καὶ
2270 3605 2440 3682 τέκνα
2472 3623 2570 3678 καὶ
2609 3621 2782 3692 γυνὴ,
2829 3619 2969 3690 πρὸς
3000 3615 3166 3669 αὑτὸν
3197 3610 3563 3684 ἀπεκρίνατο,
3616 3605 3714 3658 καὶ

2143 3721 2245 3776 οὐκ
2292 3719 2361 3774 ἂν
2407 3716 2521 3785 ἐγώ
2570 3732 2656 3768 σοι
2713 3711 2852 3783 πρὸς
2886 3709 3066 3778 γάμον
3095 3704 3196 3777 τὴν
3243 3701 3383 3772 ἐμὴν
3415 3698 3710 3778 παῖδαοέκ-

2143 3812 2317 3883 δοίην.
2357 3810 2418 3862 ὐ
2448 3809 2504 3862 δὲ
2535 3805 2699 3861 τοῦτο
2731 3804 2830 3875 μὲν
2878 3800 2958 3871 τῷ
2998 3799 3164 3870 ἔρωτι
3213 3794 3316 3864 τῆς
3341 3793 3516 3863 κόρης
3545 3785 3715 3883 νικῷ-

2147 3877 2330 3974 μενος,
2358 3899 2516 3955 τοῦτο
2543 3898 2601 3954 δὲ
2624 3897 2721 3951 καὶ
2747 3895 2895 3948 θείου
2927 3891 3094 3982 φόβου
3132 3888 3215 3982 μη
3239 3883 3495 3982 φροντίδα
3521 3877 3714 3982 ποιού-

2149 4009 2335 4064 μενος,
2384 3988 2730 4062 ἐμαρτύρετο
2778 3981 2871 4037 τὸν
2927 3980 3062 4034 Θεὸν
3115 3977 3250 4048 μηδέ
3296 3989 3428 4028 ποτε
3476 3977 3714 4064 γυναῖκα

2149 4059 2284 4156 μηδὲ
2313 4059 2485 4137 τέκνα
2504 4059 2688 4149 σχεῖν,
2723 4075 2861 4130 ἀλλὰ
2901 4072 2996 4127 καὶ⁵
3021 4071 3102 4135 είς
3132 4068 3367 4156 σύζυγον
3405 4059 3714 4156 αγαγέσθαι

2144 4154 2244 4246 τὴν
2279 4173 2449 4245 κόρην
2499 4167 2810 4240 βούλεσθαι,
2852 4163 2949 4218 καὶ
3000 4159 3110 4215 τῶν
3154 4155 3326 4213 αὑτοῦ
3360 4154 3580 4252 πάντων
3617 4165 3718 4252 κυ-

2147 4243 2272 4340 ρίαν
2308 4243 2480 4334 αύτήὴν
2509 4258 2868 4331 ποιήσασθαι.
2911 4254 3177 4308 Ἦττᾶται
3222 4243 3584 4340 τοιγαροῦνῃή

2146 4332 2333 4420 παιδὸς
2393 4332 2579 4425 μήτηρ
2637 4350 2748 4404 τῶν
2795 4347 2889 4401 τοῦ
2942 4345 3140 4398 Γότθου
3176 4341 3464 4413 ῥημάτων.
3517 4335 3632 4388 Καὶ
3658 4332 3714 4384 τί

2144 4451 2253 4522 γὰρ
2307 4446 2503 4517 ἔμελλε
2553 4444 2688 4514 δρᾷν
2744 4440 2842 4495 καὶ
2896 4437 3034 4508 γυνὴ
3087 4433 3220 4488 οὖσα
3273 4431 3335 4485 τὸ
3379 4426 3716 4522 εὔκολιονείς

2145 4517 2382 4608 ἀπάτην,
2445 4536 2542 4590 καὶ
2597 4534 2780 4605 ὅρκων
2821 4529 3027 4598 ἐσμοὺς
3092 4524 3388 4586 ἀκούουσα,
3419 4519 3514 4574 καὶ
3563 4517 3718 4587 φόῦῳ

2147 4632 2246 4702 τὴν
2283 4625 2833 4699 ψυχὴνβαλλομένης
2862 4620 2974 4684 Τὰς
3004 4620 3196 4692 χεῖρας
3228 4611 3323 4670 οὖν
3351 4617 3430 4675 είς
3452 4609 3720 4683 οὐρανοὺς

2147 4721 2500 4780 ἀνατείνασαο
2545 4717 2604 4771 'U
2634 4715 2822 4787 Πατὴρ
2847 4713 2956 4768 τῶν
2983 4710 3253 4784 ὀρφανῶν,
3284 4708 3376 4760 καὶ
3404 4702 3721 4776 προστάτης

2145 4817 2252 4870 τῶν
2280 4811 2486 4885 χηρῶν,
2522 4811 2770 4864 Δέσποτα
2801 4808 2896 4860 καὶ
2925 4805 3050 4867 Oak,
3079 4805 3206 4873 ἔφη,
3239 4802 3312 4873 μὴ
3344 4799 3445 4869 τὴν
3468 4793 3717 4863 ὀρφανὴν

2146 4906 2308 4978 τήνδε
2356 4903 2606 4976 περιίδῃς
2638 4900 2905 4970 ἀγνώστῳ
2940 4895 3388 4966 συζευγνυμένην
3433 4889 3608 4959 ἀνδρί.
3645 4886 3721 4939 Σὲ

2148 4998 2260 5069 γάρ
2292 4996 2402 5050 τῶν
2437 4994 2605 5050 αὐτοῦ
2659 4992 3010 5063 ὑποσχέσεων
3063 4989 3258 5060 ἔφορον
3303 4983 3566 5054 δέχομαι,
3621 4979 3722 5033 καί

2149 5109 2233 5146 σοι
2297 5089 2612 5153 πεποιθυῖα,
2675 5087 2774 5156 τὴν
2820 5085 2988 5156 μόνην
3042 5083 3168 5153 ἐμοὶ
3225 5081 3393 5134 παῖδα
3440 5077 3517 5147 τῷ
3578 5075 3724 5143 ξένῳ

2147 5183 2327 5254 τούτῳ
2356 5181 2639 5252 ἔκδίδωμι.
2678 5177 2866 5238 Οὕτως
2931 5174 3061 5244 ἔφη,
3094 5173 3191 5227 καὶ
3241 5171 3449 5242 μεταξὺ
3499 5166 3726 5238 γαμικὰ

2154 5273 2466 5344 συμϐόλαια
2517 5269 2848 5339 γράφονται.
2902 5267 3015 5320 Καὶ
3078 5265 3142 5336 δή
3200 5280 3327 5318 τινα
3374 5263 3570 5334 χρόνον
3606 5264 3726 5327 τοῖς

2151 5365 2304 5436 παρὰ
2345 5364 2444 5434 τὴν
2489 5361 2762 5415 Ἔδεσσαν
2790 5358 2980 5420 τόποις
3011 5355 3118 5410 τῶν
3158 5356 3377 5410 Οῦννων
3413 5372 3724 5427 στρατοπε-

2150 5455 2524 5524 δευσαμὲνων,
2557 5452 2653 5506 καὶ
2701 5450 2813 5504 τῶν
2861 5449 3168 5520 συμμάχων
3208 5452 3274 5520 τῇ
3319 5448 3475 5501 πόλει
3525 5464 3728 5516 προσε-

2153 5546 2480 5618 δρευόντων,
2538 5542 2633 5595 καὶ
2685 5540 2784 5608 τὴν
2834 5540 2946 5594 τῶν
3010 5540 3291 5610 πολεμίων
3341 5539 3537 5607 ἔφοδον
3586 5541 3726 5592 ἀπο-

2151 5635 2532 5709 κρουομένων,
2561 5633 2824 5702 ἐγκύμων
2860 5632 2892 5702 ὴ
2924 5632 3058 5702 κόρη
3098 5634 3165 5702 τῇ
3193 5631 3287 5685 τοῦ
3324 5629 3528 5684 Γότθου
3571 5629 3722 5698 γίνε-

2151 5747 2240 5781 ται
2275 5724 2566 5794 συναφεία.
2595 5723 2764 5777 Οὔπω
2787 5719 2881 5778 οὖν
2907 5722 2936 5775 ό
2974 5721 3167 5793 καιρὸς
3203 5723 3344 5793 αὐτῇ
3373 5723 3483 5776 τῶν
3513 5722 3723 5776 ὠδίνων

2152 5817 2383 5888 ἔπόστη,
2429 5813 2528 5872 καὶ
2572 5813 2632 5867 τὸ
2686 5812 2790 5886 μὲν
2827 5809 3109 5879 Ούννικόν,
3157 5809 3312 5868 οὐδὲν
3361 5802 3438 5866 ὧν
3489 5810 3723 5883 ἠλπιστν
