4060 6374
339 353 448 418 149

1229 361 1697 425 ΜΑΒΤΥΗΗΙΜ
1737 365 1796 424 S.
1841 365 2106 428 ΕΙ]ωῶ
2149 368 2247 429 ΕΤ
2291 369 2712 432 SOCIORUM.

3477 365 3578 435 150

338 468 430 535 ιργ
443 463 679 557 ἀσασθαι
712 463 962 538 δυνηθὲν,
989 465 1252 537 ἀπαίρειν
1281 471 1384 542 ήδη
1417 473 1555 543 πρός
1580 473 1680 545 τὴν
1705 476 1914 532 οίκείαν

2038 498 2147 554 ergo
2195 483 2432 540 Gotthus
2492 499 2708 557 quoque
2761 492 2984 556 paratus
3031 493 3177 540 esset
3222 485 3385 539 simul
3430 483 3583 539 abire

334 554 636 610 διενοοῦντο
668 573 684 589 ο
729 559 779 610 οἱ
821 557 1104 629 σύμμαχοι
1151 560 1211 614 δὲ
1257 561 1481 618 ἀπιέναι
1527 565 1690 621 πάλιν
1760 571 1902 641 πρὸς

2038 588 2139 628 :um
2175 572 2456 640 Romanis,
2499 554 2555 630 et
2596 554 2939 632 cruciaretur
2983 583 3158 630 mater
3193 573 3320 629 illia:
3365 589 3587 645 separa-

353 646 579 720 Ῥώμην
607 649 918 705 ἐϐούλοντο.
948 648 1107 706 Ἐπεὶ
1140 650 1235 707 οῦν
1283 656 1381 710 καὶ
1433 659 1462 710 ό
1509 658 1707 726 Γότθος
1790 679 1914 716 συν-

334 742 566 796 απιέναι
596 739 895 811 Ῥωμαίοις
940 741 1266 815 ἡτοίμαστο,
1320 751 1514 819 ὴνιᾶτό
1559 769 1618 807 τε
1658 757 1691 824 ἡ
1729 757 1914 827 μήτηρ

337 831 416 902 τῷ
439 831 546 902 τῆς
581 833 778 896 παιδὸς
803 835 1073 906 χωρισμῷ
1098 876 1114 900 ,
1145 837 1240 891 καὶ
1267 839 1336 894 τὰ
1369 841 1656 914 σπλάγχνα
1687 846 1916 901 ὲκόπτε-

335 939 420 976 το.
473 921 762 977 Ἐντεῦθεν
791 925 972 994 εἴχετο
1009 928 1112 997 τῆς
1143 929 1337 994 παιδὸς
1375 935 1470 986 καὶ
1503 935 1912 1006 συναποδημεῖν

2017 663 2197 730 tione,
2242 664 2407 733 eique
2476 665 2864 722 scinderentur
2915 666 3163 730 viscera,
3221 663 3584 735 apprehendit

2017 754 2276 823 puellam,
2305 769 2410 811 nec
2446 754 2661 812 sinebat
2701 772 2821 812 eam
2863 771 2989 811 cum
3029 755 3232 812 Gottho
3276 754 3581 818 discedere,

2015 847 2228 902 etiamsi
2265 861 2387 902 eam
2429 862 2540 902 non
2587 855 2804 918 poterat
2836 848 3098 911 retinere,
3135 863 3259 902 eum
3302 846 3420 918 lege
3465 861 3584 900 ma-

2017 938 2264 993 trimonii
2295 944 2351 994 et
2381 946 2591 994 natura;
2621 939 2786 995 vellet
2813 939 2966 1009 sequi
3004 927 3284 993 maritum.

337 1015 416 1084 τῷ
454 1014 639 1085 Γότθῳ
668 1015 770 1068 οῦκ
800 1017 910 1081 εἷα,
944 1016 1050 1072 κᾶν
1097 1018 1218 1090 οὐχὶ
1261 1021 1354 1075 καὶ
1393 1027 1693 1096 κατασχεῖν
1742 1025 1915 1100 αὐτὴν
1949 1027 2193 1100 ἠδυνήθη
2223 1029 2374 1100 νόμῳ
2436 1029 2619 1100 γάμου
2655 1031 2750 1085 καὶ
2784 1028 2998 1099 φύσεως
3025 1028 3102 1100 τῷ
3130 1028 3290 1100 ἀνδρὶ
3351 1027 3584 1084 ἕπεσθαι

337 1110 439 1179 τῆς
463 1108 722 1175 γυναικὸς
750 1109 1106 1181 βουλομένης.

414 1199 526 1256 IH'.
574 1201 736 1272 Ἄρτι
777 1201 961 1257 τοίνυν
993 1205 1418 1277 ἀποδημοῦντας
1447 1210 1481 1279 ή
1515 1210 1702 1282 μήτηρ
1733 1231 1916 1283 παραα

341 1286 610 1354 λαϐοῦσα,
639 1289 741 1359 τὴν
764 1290 876 1344 τῶν
903 1293 1261 1364 ὀμολογητῶν
1285 1301 1698 1369 καταλαμϐάνει
1730 1303 1914 1372 σορὸν,

340 1382 434 1436 καὶ
462 1381 601 1452 πρὸς
644 1383 740 1434 τὸν
793 1384 996 1439 Γότθον
1025 1400 1039 1416 ·
1100 1390 1213 1441 οὐκ
1259 1389 1326 1444 ἂν
1354 1390 1466 1457 ἐγώ
1523 1409 1606 1447 σοι
1646 1393 1744 1466 τὴν
1773 1395 1918 1466 ἐμὴν

342 1473 507 1527 παῖδα
569 1477 867 1542 πιστεύσω,
927 1480 1084 1547 φησὶ,
1138 1482 1188 1535 εί
1234 1482 1330 1553 μὴ,
1363 1483 1464 1554 τῆς
1499 1486 1692 1556 τιμίας
1753 1489 1917 1560 σοροῦ

343 1563 498 1634 τῆσδε
561 1566 673 1619 τῶν
755 1568 894 1639 ὑπὲρ
977 1571 1217 1641 Χριστοῦ
1269 1573 1556 1630 παθόντων
1612 1578 1914 1649 ἁψάμενος,

2098 1213 2283 1271 XVIII.
2314 1213 2454 1270 Cum
2487 1215 2597 1285 jam
2643 1229 2775 1285 ergo
2813 1212 3049 1279 abirent,
3091 1221 3266 1268 mater
3306 1228 3399 1269 eos
3433 1228 3588 1269 assu-

2021 1322 2196 1374 mens,
2246 1306 2461 1362 accedit
2509 1305 2576 1361 ad
2629 1323 2846 1378 capsam
2893 1305 3307 1368 confessorum,
3356 1314 3409 1360 et
3458 1302 3592 1363 dicit

2020 1397 2223 1455 Gottho
2247 1413 2262 1451 :
2283 1398 2396 1469 Ego
2417 1404 2523 1452 tua
2545 1397 2669 1454 fidei
2699 1413 2874 1453 meam
2905 1396 3072 1453 ﬁliam
3095 1411 3205 1451 non
3230 1394 3589 1460 committam,

2019 1491 2127 1546 nisi
2179 1498 2408 1560 tangens
2457 1489 2600 1545 hanc
2646 1489 2942 1560 pretiosam
2991 1504 3208 1559 capsam
3259 1503 3450 1542 eorum
3497 1487 3590 1556 qui

2021 1595 2120 1650 pro
2159 1579 2380 1636 Christo
2419 1579 2566 1651 passi
2610 1589 2759 1646 sunt,
2791 1594 2890 1635 eos
2919 1578 3141 1634 dederis
3191 1576 3324 1630 mihi
3371 1573 3593 1646 ﬁdejus-

351 1657 626 1752 ιγγυητάς
676 1677 771 1752 μοι
821 1660 1050 1727 τούτους
1086 1665 1379 1737 παράσχῃς
1415 1667 1491 1738 μὴ
1538 1668 1699 1737 μόνον
1751 1672 1922 1742 μηδέν

2038 1685 2198 1736 tores,
2221 1671 2366 1741 quod
2398 1687 2508 1727 non
2539 1670 2718 1727 solum
2740 1671 2790 1727 ei
2815 1670 2952 1726 nihil
2978 1670 3052 1725 sis
3084 1669 3299 1724 molesti
3325 1667 3591 1731 facturus,

350 1764 400 1801 τι
446 1749 586 1818 πρὸς
633 1751 734 1822 τήν
769 1753 940 1809 παῖδα
993 1756 1240 1827 λυπηρὸν
1281 1757 1725 1830 διαπράξασθαι,
1782 1764 1920 1819 ἀλλά

347 1839 439 1892 καὶ
501 1840 687 1911 πάσης
741 1844 911 1914 αὐτὴν
966 1846 1200 1914 ἀξιῶσαι
1248 1849 1350 1920 τῆς
1397 1853 1714 1923 θεραπείας.
1752 1858 1860 1912 Καὶ
1893 1860 1922 1912 ὀ

351 1930 542 1995 Γάτθος
576 1932 767 1997 εὐθὺς,
818 1933 1012 2009 ῶσπερ
1064 1940 1124 1992 τὸ
1183 1941 1405 1997 πάντων
1444 1944 1821 2002 εὐκολώτατόν
1861 1967 1923 2005 τε

348 2023 438 2076 καὶ
465 2023 822 2092 ἀφοϐὡτατον
861 2027 1084 2092 δράσειν
1127 2032 1456 2103 ὲπιτραπείς
1478 2051 1494 2067 ο
1541 2037 1638 2092 Ἐκ
1666 2038 1776 2094 τῶν
1803 2057 1923 2111 χει-

353 2115 459 2185 ρῶν
489 2115 673 2185 ὑμῶν,
717 2117 889 2186 ἆγιοι,
917 2119 1018 2191 τὴν
1067 2122 1261 2194 κόρην,
1304 2120 1450 2193 εἶπε,
1482 2130 1921 2200 παραλαμϐάνω,

355 2210 450 2262 καὶ
475 2209 545 2279 τῇ
585 2211 752 2280 μητρὶ
781 2212 1059 2282 ἐγγυητὰς
1093 2216 1240 2285 ὑμᾶς
1265 2215 1458 2284 δίδωμι
1483 2220 1558 2284 ὡς
1603 2221 1718 2275 οὐδ’
1744 2223 1926 2279 ὁτιοῦν

351 2301 490 2371 αὐτῇ
543 2301 676 2372 παρ’
722 2303 862 2372 ἐμοῦ
907 2306 1210 2376 γενήσεται
1261 2308 1531 2382 λυπηρὸν,
1561 2313 1696 2369 ἀλλὰ
1725 2316 1929 2385 μᾶλλον

356 2395 447 2447 καὶ
485 2396 628 2465 πρὸς
656 2398 769 2451 πᾶν
795 2400 823 2452 ὅ
858 2417 912 2453 τι
941 2399 1188 2471 βούλοιτο
1209 2446 1226 2469 ,
1257 2403 1479 2475 ἕτοιμον
1523 2407 1635 2476 ἔξει
1681 2427 1751 2481 με
1788 2413 1926 2483 πλη-

357 2483 555 2553 ροῦντα
583 2487 761 2559 ταύτῃ
783 2489 850 2542 τὰ
869 2489 1213 2562 καταθύμια.
1249 2493 1322 2546 Οὐ
1352 2493 1528 2550 ταῦτα
1561 2499 1721 2568 μόνον
1747 2501 1775 2556 ὁ
1809 2502 1926 2556 ἀλι-

353 2579 562 2647 τήριος,
595 2579 741 2635 ἀλλᾶ
775 2581 870 2635 καὶ
894 2584 974 2646 εἰς
1000 2583 1102 2656 τὴν
1133 2587 1381 2660 μεγάλην
1403 2587 1496 2642 τοῦ
1537 2589 1674 2646 Θεοῦ
1701 2591 1932 2664 δύναμιν

355 2669 548 2740 θμνυσι
599 2672 702 2736 τὰς
759 2673 1088 2745 ὑποσχέσεις
1137 2679 1231 2733 ἐπὶ
1273 2680 1382 2734 τῶν
1432 2680 1611 2752 ἔργων
1674 2685 1930 2755 φυλάξαι.

355 2760 634 2832 Δεξαμένη
665 2763 849 2818 τοίνυν
879 2766 912 2834 ή
948 2769 1132 2839 μήτηρ
1161 2768 1254 2823 τὸν
1279 2769 1443 2840 ὅρκον
1463 2786 1476 2800 ’
1517 2771 1685 2841 ’Υμίν
1709 2814 1722 2837 ,
1761 2774 1930 2843 ἅγιοι,

358 2855 450 2922 τὴν
485 2855 656 2909 παῖδα
688 2858 830 2924 μετὰ
856 2857 991 2913 Θεὸν
1021 2860 1395 2933 ἀνατίθεμαι,
1429 2863 1524 2918 καὶ
1558 2865 1627 2918 δι’
1658 2863 1810 2935 ὑμῶν
1858 2867 1934 2940 τῷ

362 2945 563 3016 Γότθῳ,
592 2949 707 3010 τοῖς
739 2948 1038 3020 μάρτυσιν,
1070 2953 1397 3025 ἐπεϐόησεν.
1458 2955 1583 3009 Ἐπὶ
1599 2957 1811 3022 τούτοις
1841 2960 1931 3013 εὑ·

2023 1762 2118 1818 sed
2150 1763 2316 1818 etiam
2349 1763 2493 1834 ejus,
2530 1777 2691 1833 quam
2728 1777 2825 1832 par
2853 1770 2956 1827 est,
2985 1775 3174 1816 curam
3210 1761 3285 1815 sis
3318 1767 3590 1830 gesturus.

2023 1849 2260 1908 Gotthus
2309 1860 2492 1907 autem
2543 1853 2817 1922 protinus,
2877 1863 3136 1920 tanquam
3184 1850 3370 1920 jussus
3413 1848 3595 1904 facere

2024 1941 2102 2007 id,
2125 1944 2272 2014 quod
2295 1953 2441 2000 esset
2468 1943 2714 1998 omnium
2747 1941 3090 2006 facillimum,
3113 1953 3170 1996 et
3197 1941 3347 1996 omni
3378 1941 3596 2010 penitus

2025 2043 2174 2091 metu
2204 2043 2437 2091 vacuum
2468 2050 2483 2088 :
2515 2035 2560 2088 Α
2586 2033 2840 2089 manibus
2866 2033 3086 2098 vestris,
3120 2031 3317 2103 inquit,
3343 2046 3375 2085 o
3397 2033 3592 2096 sancti,

2025 2124 2235 2196 accipio
2285 2125 2523 2196 puellam
2575 2141 2590 2179 :
2640 2135 2696 2180 et
2741 2141 2840 2180 vos
2888 2123 2960 2179 do
3009 2123 3170 2179 matri
3223 2121 3597 2192 ﬁdeiussores,

2027 2217 2173 2288 quod
2220 2218 2273 2274 ei
2314 2233 2346 2274 a
2397 2234 2485 2274 me
2533 2218 2670 2273 nihil
2721 2217 2815 2274 ﬁet
2863 2217 3099 2282 molesti,
3134 2215 3230 2271 sed
3283 2230 3369 2270 me
3417 2213 3602 2285 potius

2028 2309 2254 2366 habebit
2301 2318 2554 2381 paratum
2604 2309 2656 2364 ei
2709 2308 2957 2379 implere,
3007 2320 3346 2378 quaecunque
3394 2303 3601 2359 volenti

2027 2409 2196 2456 erunt
2218 2400 2392 2456 cordi.
2418 2399 2532 2456 Nec
2559 2400 2676 2454 haec
2698 2399 2873 2454 solum
2905 2398 3225 2462 sceleratus,
3251 2393 3344 2451 sed
3376 2408 3603 2463 magnas

2029 2510 2250 2566 quoque
2276 2494 2427 2568 jurat
2456 2493 2552 2551 Dei
2580 2494 2749 2557 vires,
2779 2506 2836 2546 se
2868 2490 3137 2559 promissa
3165 2488 3346 2557 reipsa
3376 2501 3603 2541 conser-

2030 2595 2310 2642 vaturum.
2343 2585 2514 2640 Mater
2549 2598 2698 2654 ergo,
2734 2591 2962 2652 accepto
2989 2577 3366 2650 jurejurando,
3401 2577 3608 2636 sanctis

2032 2676 2354 2733 acclamavit
2403 2675 2732 2747 martyribus
2789 2689 2806 2730 :
2860 2672 3045 2738 Vobis,
3093 2687 3126 2726 ο
3179 2670 3375 2735 sancti,
3426 2683 3606 2724 meam

2034 2768 2199 2824 ﬁliam
2246 2777 2367 2837 post
2419 2768 2586 2823 Deum
2629 2765 2938 2828 committo,
2986 2773 3041 2819 et
3092 2780 3190 2832 per
3239 2779 3338 2817 vos
3381 2759 3606 2818 GOttho.

2033 2861 2163 2918 Post
2200 2861 2318 2916 haec
2355 2861 2527 2915 Deum
2574 2859 2802 2930 precati,
2855 2866 3030 2911 mater
3071 2855 3296 2925 quidem
3345 2853 3610 2908 amantis-

2035 2953 2175 3009 sime
2209 2953 2374 3009 tiliam
2420 2952 2690 3023 amplexa,
2725 2951 2949 3005 domum
3001 2947 3335 3013 revertitur;
3375 2944 3612 3001 Gotthus

360 3039 581 3109 ξάμενοι
605 3043 688 3112 τῷ
735 3043 878 3115 Θεῷ,
911 3049 1007 3100 καὶ
1037 3049 1070 3116 ή
1109 3049 1294 3120 μήτηρ
1335 3050 1437 3122 τὴν
1490 3051 1658 3106 παῖδα
1701 3053 1934 3125 περιϐα-

2038 3052 2219 3099 autem
2253 3044 2359 3098 iter
2398 3042 2499 3096 init
2528 3057 2651 3097 cum
2683 3041 2884 3111 puclla.
2921 3037 3129 3094 Deinde
3171 3053 3298 3094 cum
3330 3036 3614 3092 venissent

360 3132 526 3188 λοῦσα
572 3135 672 3188 καὶ
728 3138 1188 3212 περιπτυξαμένη
1234 3142 1303 3195 τὰ
1355 3142 1747 3210 ποθεινότατα,
1795 3144 1936 3218 αὑτὴ

2042 3135 2096 3190 in
2131 3133 2436 3206 regionem,
2486 3149 2554 3188 ex
2606 3148 2712 3204 qua
2748 3142 2902 3187 ortus
2949 3140 3071 3188 erat
3117 3129 3376 3195 Gotthus,
3411 3137 3469 3184 et
3500 3129 3615 3206 iam

361 3240 457 3296 μιν
499 3225 686 3280 οἴκαδε
735 3227 980 3300 ὲπακῄει,
1033 3232 1062 3286 ό
1094 3231 1150 3285 δὲ
1179 3233 1372 3296 Γότθος
1403 3234 1501 3304 τῆς
1533 3232 1655 3288 ὁδοῦ
1685 3235 1822 3306 μετά
1840 3237 1936 3306 τῆς

2039 3230 2224 3280 essent
2251 3237 2421 3294 prope
2451 3223 2571 3293 ejus
2599 3221 2846 3289 domum,
2877 3221 3084 3277 oblitus
3129 3220 3355 3292 quidem
3397 3219 3481 3274 vir
3511 3219 3615 3274 iste
3669 3218 3672 3220 ⁷

359 3319 551 3382 παιδὶς
583 3321 780 3390 εἴχετο.
809 3318 945 3374 Εἶτα
977 3321 1078 3392 τὴν
1117 3325 1303 3395 χώραν
1329 3319 1397 3397 ἧς
1429 3325 1457 3378 ὀ
1491 3324 1690 3391 Γότθος
1712 3324 1941 3399 ὥρμητο

361 3411 795 3478 καταλαϐόντες,
827 3413 952 3468 ἐπεὶ
985 3413 1086 3486 ἤδη
1112 3415 1252 3488 πρὸς
1285 3416 1387 3487 τὴν
1417 3416 1513 3470 τοῦ
1547 3417 1740 3488 ἀνδρὸς
1775 3420 1939 3491 ήγγι-

363 3496 458 3561 ζον
490 3499 698 3564 οίκίαν,
729 3501 1136 3573 ἐπιλαθόμενος
1175 3503 1276 3575 μὲν
1313 3504 1342 3557 ό
1384 3503 1560 3569 δεινὸς
1592 3505 1804 3571 ἐκεῖνος
1839 3496 1941 3578 τῆς

362 3591 499 3659 πρὸς
532 3591 632 3662 τὴν
657 3595 892 3660 γυναῖκα
926 3596 1184 3666 στοργῆς,
1211 3596 1646 3668 καταφρονήσας
1682 3597 1738 3652 δὲ
1765 3599 1942 3670 ὅρκων

366 3683 458 3735 καὶ
487 3684 816 3754 συνθηκῶν,
863 3686 954 3740 τδν
988 3685 1083 3740 τοῦ
1135 3687 1272 3740 Θεοῦ
1307 3705 1368 3741 τε
1411 3688 1578 3758 φόϐον
1625 3689 1719 3760 ἀφ’
1747 3689 1942 3743 ἑαυτοῦ

367 3772 779 3842 ποιησάμενος,
853 3773 900 3828 ὣ
964 3776 1128 3846 μέχρι
1197 3775 1366 3830 πόσου
1431 3778 1667 3848 προήκει
1726 3777 1939 3832 κακίαι

368 3863 595 3934 ἀφαιρεῖ
637 3863 736 3934 μὲν
774 3863 948 3934 αὐτῆς
985 3868 1053 3920 τὰ
1099 3865 1326 3936 ἱμάτια,
1379 3869 1842 3938 προσαφαιρεῖται
1887 3867 1943 3920 δὲ

369 3956 462 4008 καὶ
488 3957 586 4007 τδν
612 3955 841 4026 χρυσὸν,
867 3956 1034 4028 ῥάκος
1065 3973 1125 4009 τε
1153 3957 1325 4026 αὐτὴν
1367 3951 1456 4012 οἷα
1496 3957 1692 4029 δούλην
1736 3957 1945 4029 ἀτίμως

371 4043 701 4112 περιϐαλὼν,
741 4045 897 4116 Ἐμοὶ
935 4085 949 4111 ,
977 4041 1152 4111 εἶπεν,
1201 4041 1247 4101 ὦ
1278 4047 1459 4116 γύναι,
1504 4050 1600 4104 καὶ
1647 4048 1815 4104 τέκνα
1841 4049 1948 4103 είσὶ⁵

370 4140 460 4193 καὶ
516 4141 658 4210 γυνή
695 4154 711 4170 ·
737 4141 817 4194 διὸ
873 4133 969 4195 καὶ
1014 4142 1209 4214 δούλην
1263 4143 1609 4215 αἰχμάλωτόν
1668 4162 1728 4198 σε
1779 4143 1948 4215 αὐτὴν

371 4233 540 4299 κάλει,
575 4238 670 4287 καὶ
703 4233 839 4305 πρὸς
866 4234 964 4306 τὴν
993 4235 1134 4307 ἐμὴν
1187 4238 1424 4306 γυναῖκα
1445 4278 1460 4304 ,
1491 4238 1672 4291 πᾶσαν
1710 4236 1804 4290 ἔσο
1849 4251 1950 4305 φυ-

380 4324 651 4379 λάττουσα
708 4325 810 4396 τὴν
864 4327 1168 4400 ὑποταγὴν,
1232 4327 1308 4392 ὡς
1363 4328 1562 4400 κυρίαν
1630 4327 1800 4398 αὐτὴν
1853 4327 1949 4381 καὶ

2040 3316 2375 3372 inhumanus
2434 3314 2642 3370 amoris
2692 3314 2748 3369 in
2801 3329 3061 3379 uxorem,
3115 3322 3434 3382 contempto
3485 3325 3614 3365 vero

2033 3404 2397 3480 jurejurando
2417 3412 2473 3460 et
2502 3405 2676 3476 pactis
2707 3405 3015 3471 conventis,
3039 3412 3096 3459 et
3115 3401 3211 3459 Dei
3242 3412 3389 3457 metu
3423 3399 3614 3472 procul

2041 3511 2072 3552 a
2119 3512 2178 3552 se
2223 3494 2542 3562 amandato,
2595 3494 2687 3564 (ο,
2735 3509 3021 3565 quousque
3057 3493 3307 3566 procedit
3356 3491 3616 3559 vitium!)

2041 3588 2093 3644 ei
2123 3587 2343 3659 quidem
2373 3585 2555 3643 aufert
2587 3596 2764 3642 vestes
2784 3626 2800 3653 ,
2832 3601 3028 3640 aurum
3061 3600 3280 3656 quoque
3303 3583 3355 3639 ei
3381 3583 3562 3638 aul‘ert
3597 3599 3610 3636 :

2043 3697 2219 3754 eaque
2249 3692 2509 3754 tanquam
2533 3695 2691 3737 serva
2716 3679 2910 3749 pannis
2939 3679 3173 3750 turpiter
3205 3677 3392 3732 induta
3421 3693 3438 3732 ε
3466 3673 3617 3741 Mihi,

2046 3775 2247 3846 inquit,
2276 3792 2309 3832 ο
2341 3775 2560 3840 mulier,
2594 3784 2722 3830 sunt
2754 3773 2912 3830 liberi
2953 3781 3010 3828 et
3050 3787 3206 3827 uxor.
3252 3768 3620 3837 Quamobrem

2045 3881 2179 3923 voca
2219 3873 2270 3923 te
2307 3867 2560 3922 ancillam
2596 3866 2745 3922 bello
2795 3874 3033 3936 captam,
3081 3872 3140 3918 et
3187 3871 3243 3917 te
3277 3875 3412 3916 meae
3465 3858 3624 3914 uxori

2047 3958 2308 4015 omnibus
2339 3959 2518 4015 modis
2549 3958 2834 4021 submitte,
2866 3967 2923 4014 et
2966 3955 3018 4012 ei
3067 3969 3277 4010 morem
3313 3964 3460 4022 gere,
3503 3965 3623 4004 eam

2049 4055 2309 4119 tanquam
2337 4049 2614 4104 dominam
2642 4049 2920 4105 honoraris
2945 4057 3001 4103 et
3028 4045 3340 4102 nominans.
3371 4043 3425 4098 Si
3454 4041 3622 4105 enim,

2049 4140 2330 4212 quomodo
2361 4157 2419 4196 se
2449 4141 2692 4196 habeant
2721 4156 2809 4196 res
2839 4148 3065 4204 nostrar,
3096 4135 3494 4194 enuntiavcris,
3534 4142 3627 4187 aut

2049 4233 2219 4289 etiam
2253 4249 2387 4290 meae
2419 4234 2607 4290 uxoris
2636 4231 2904 4289 voluntati
2939 4246 3048 4287 non
3084 4229 3355 4302 parueris,
3391 4230 3497 4284 erit
3529 4227 3624 4283 tibi

2053 4341 2201 4380 mors
2234 4326 2587 4397 supplicium.

373 4424 591 4492 τιμῶσα
618 4423 712 4476 καὶ
735 4421 1106 4493 ὀνομάζουσα.
1134 4426 1194 4479 El
1222 4426 1332 4497 γὰρ
1359 4423 1570 4496 ἐκφορα
1600 4424 1670 4478 τὰ
1701 4423 1950 4495 ἡμέτερα
1989 4421 2200 4493 θήσεις,
2229 4421 2262 4494 ἢ
2293 4425 2385 4478 καὶ
2415 4419 2492 4494 τῷ
2521 4424 2622 4496 τῆς
2651 4421 2791 4493 ἐμῆς
2858 4421 3097 4492 συζύγου
3161 4419 3428 4492 θελήματι
3474 4419 3630 4474 ἀπει-

373 4518 581 4589 θήσεις,
622 4518 854 4574 θάνατον
889 4520 1033 4588 ἕξεις
1060 4521 1160 4592 τὴν
1190 4519 1486 4593 τιμωρίαν.

436 4598 537 4670 ἰδ’.
571 4611 638 4666 Τί
664 4614 800 4684 πρὸς
827 4615 1002 4670 ταῦτα
1027 4616 1221 4670 παθεῖν
1252 4615 1433 4671 οἴεσθε
1457 4617 1696 4685 γυναῖκα
1723 4628 1936 4684 γυμνω-

2126 4605 2269 4664 XIX.
2291 4605 2579 4677 Quomodo
2596 4604 2683 4661 his
2699 4601 2953 4661 aﬂ‘ectam
2981 4600 3215 4658 censetis
3244 4599 3412 4656 fuisse
3435 4601 3630 4655 mulie-

373 4710 550 4761 θεῖσαν
584 4705 684 4775 μὲν
725 4706 954 4778 μητρὸς,
991 4708 1377 4779 γυμνωθεῖσαν
1425 4707 1482 4760 δὶ
1519 4705 1805 4778 πατρίδος,
1858 4703 1949 4774 φί-

371 4794 476 4846 λων
523 4798 747 4850 πάντων
805 4798 903 4850 καὶ
955 4799 1258 4869 συγγενῶν,
1293 4800 1389 4853 καὶ
1444 4797 1579 4871 πρὸς
1637 4797 1814 4868 μόνην
1854 4795 1953 4866 τὴν

374 4887 579 4941 ἐκείνου
602 4889 785 4958 ψυχὴν
811 4890 1141 4960 βλέπουσαν,
1171 4889 1418 4946 τοιοῦτόν
1452 4908 1512 4945 τε
1539 4890 1601 4945 τὸ
1636 4890 1812 4962 πέρας
1844 4887 1953 4944 τῶν

379 4977 602 5044 μακρῶν
645 4979 876 5035 ικεὶνων
919 4983 1148 5036 ἐλπίδων
1200 4981 1452 5048 ἱδοῦσαν;
1504 4981 1753 5047 Πάντως,
1785 4981 1834 5034 εί
1877 4980 1954 5051 μὴ

375 5066 512 5132 λίθος
560 5064 653 5140 ἦν,
697 5072 748 5124 εί
793 5073 871 5145 μὴ
924 5074 1166 5145 σίδηρος,
1205 5071 1238 5145 ἢ
1287 5074 1417 5129 ἀλλο
1463 5090 1520 5127 τι
1551 5074 1660 5128 τῶν
1705 5073 1953 5144 ἀψύχων,

375 5161 676 5230 πληγεῖσαν
716 5163 794 5234 τῷ
819 5165 1124 5232 ἀνελπίστῳ
1155 5165 1252 5234 τῆς
1287 5165 1482 5236 ἀκοῆς,
1525 5165 1686 5230 εὐθὺς
1719 5165 1819 5237 τὴν
1841 5165 1952 5234 ψυ-

376 5252 471 5322 χήν
522 5256 768 5321 ἀφεῖναι,
822 5255 939 5309 ἀλλ’
970 5253 1021 5309 oi
1071 5254 1168 5324 τῆς
1207 5255 1413 5328 μητρδς
1450 5254 1720 5327 ἐγγυηταὶ
1747 5256 1954 5328 ταύτην

378 5339 597 5407 ἔσωζον,
632 5341 729 5406 οῦς
772 5344 993 5414 εἴληφεν
1053 5345 1239 5416 εκείνη
1289 5346 1444 5418 παρὰ
1482 5345 1577 5400 τοῦ
1617 5347 1654 5400 Γ
1658 5345 1814 5400 ότθου
1859 5346 1954 5402 ἐπὶ

380 5433 526 5503 κεκῷ
573 5435 677 5505 μὲν
722 5436 823 5504 τῆς
858 5440 1062 5510 μιαρᾶς
1097 5437 1264 5492 αὐτοῦ
1297 5439 1562 5508 κεφαλῆς,
1601 5439 1858 5510 δείγματι
1896 5440 1955 5495 δὲ

378 5529 472 5594 τῆς
517 5529 786 5598 μεγίστης
825 5530 1005 5584 αὐτῶν
1055 5532 1301 5604 χάριτος.
1357 5534 1518 5602 Μέγα
1553 5533 1734 5587 τοίνυν
1768 5533 1955 5588 στενά·

382 5616 513 5681 ξασα
542 5621 628 5671 xa‘
668 5618 852 5688 βύθιον
881 5622 990 5676 ἀπὸ
1033 5622 1130 5693 τῆς
1159 5624 1364 5696 ψυχῆςο
1399 5625 1512 5689 Σοὶ,
1563 5625 1759 5698 Κύριε,
1809 5623 1953 5692 εἷπε,

383 5709 472 5758 καὶ
499 5708 576 5779 τῷ
608 5708 686 5780 σῷ
709 5711 901 5782 ἀφάτῳ
933 5712 1069 5766 ἐλέει
1093 5715 1187 5768 ἐπὶ
1223 5717 1355 5769 πᾶσι
1379 5714 1591 5780 τούτοις
1620 5715 1951 5788 εὐχαριστῶ-

385 5791 507 5852 Elite
543 5804 636 5856 καί
679 5803 813 5874 πρὸς
848 5804 938 5862 τὸν
965 5806 1160 5863 Γότθον
1191 5810 1614 5881 ἐπιστραφιίσα,
1657 5806 1798 5880 Εὗγὲ
1849 5825 1952 5874 σοι»

2050 4719 2189 4769 rem,
2208 4721 2331 4776 qua:
2358 4713 2532 4761 matre
2553 4703 2774 4776 quidem
2797 4711 2916 4761 erat
2940 4704 3188 4776 privata,
3218 4701 3426 4772 privata
3447 4708 3630 4754 autem

2051 4797 2225 4867 patria
2245 4797 2613 4868 omnibusque
2634 4797 2827 4854 amicis
2846 4805 2904 4854 et
2924 4797 3194 4868 cognatis,
3213 4802 3268 4848 et
3289 4792 3356 4847 ad
3379 4793 3526 4847 illius
3544 4806 3632 4845 so—

2047 4894 2157 4949 lam
2174 4891 2475 4963 aspiciebat
2492 4891 2755 4958 animam,
2773 4901 2960 4960 etquae
2979 4890 3150 4959 longae
3171 4885 3316 4941 illius
3335 4883 3451 4953 spei
3471 4881 3629 4936 talem

2051 4985 2267 5040 viderat
2281 4983 2528 5040 exitum?
2548 4983 2784 5038 Omnino
2800 4981 2845 5038 si
2864 4996 2974 5036 non
2992 4987 3136 5034 esset
3154 4975 3314 5047 lapis,
3333 4976 3376 5030 si
3397 4989 3504 5029 non
3525 4973 3632 5028 fer-

2053 5091 2201 5140 rum,
2215 5084 2309 5130 aut
2325 5074 2529 5145 aliquid
2543 5072 2692 5130 aliud
2709 5072 3032 5135 inanimum,
3051 5069 3118 5124 iis
3131 5081 3248 5139 quae
3267 5076 3464 5136 praeter
3478 5079 3631 5134 Spem

2060 5166 2398 5228 acciderant,
2422 5165 2626 5220 auditis
2647 5164 2918 5236 perculsa,
2942 5162 3197 5232 protinus
3219 5156 3494 5212 emisisset
3515 5155 3633 5208 ani-

2061 5277 2226 5329 mam;
2241 5259 2337 5317 sed
2354 5275 2472 5316 eam
2485 5256 2886 5314 conservahant
2903 5251 3091 5309 matris
3110 5248 3633 5319 ﬁdejussores,quos

2061 5347 2152 5403 illa
2169 5347 2414 5404 aGottho
2429 5351 2736 5415 acceperat,
2756 5343 2823 5397 ad
2845 5342 3046 5396 malum
3068 5337 3294 5409 quidem
3311 5332 3634 5391 exsecrandi

2060 5440 2179 5510 ejus
2197 5439 2410 5508 capitis,
2427 5437 2495 5492 ad
2515 5433 2915 5492 ostendendam
2929 5439 3110 5485 autem
3134 5427 3423 5483 maximam
3442 5439 3635 5481 eorum

2062 5531 2311 5602 gratiam.
2326 5528 2494 5584 Valde
2509 5542 2643 5597 ergo
2661 5524 3046 5597 ingemiscens,
3061 5530 3116 5576 et
3133 5519 3416 5591 suspirans
3431 5535 3494 5573 ex
3518 5534 3638 5588 pro.

2063 5621 2233 5676 fundo
2249 5619 2430 5676 cordis
2451 5617 2626 5682 :Tibi,
2643 5615 2844 5682 aiebat,
2859 5631 2891 5670 ο
2913 5613 3159 5680 Domine,
3172 5622 3226 5670 et
3247 5611 3512 5668 iucﬂabili
3533 5620 3637 5667 ture

2064 5711 2453 5768 misericordiae
2475 5720 2699 5780 propter
2719 5711 2834 5766 haec
2855 5707 3036 5764 omnia
3063 5723 3165 5781 ago
3184 5708 3409 5780 gratias.
3427 5705 3636 5763 Deinde

2062 5805 2223 5861 etiam
2259 5803 2327 5860 ad
2357 5802 2619 5860 Gotthum
2659 5817 2920 5861 conversa
2950 5819 2962 5860 :
2993 5799 3140 5861 Bene
3176 5801 3274 5860 tibi
3309 5800 3398 5868 sit,
3431 5796 3632 5868 inquit.
