4060 6374
358 338 363 343 ,
421 259 519 327 151

1654 269 1706 328 M
1718 270 1816 330 ΕΝ
1819 270 1936 329 SIS
1969 269 2408 332 NOVEMBER.

3550 273 3654 337 152

413 394 558 451 quoa
581 399 707 439 cum
727 399 825 439 nos
845 397 1030 454 posses
1055 381 1242 436 tollere
1259 381 1326 436 de
1348 381 1549 447 medio,
1571 383 1674 437 hoc
1694 383 1812 438 solo
1834 383 1973 438 fuist‘

2095 384 2248 454 φησὶ,
2279 385 2513 453 γένοιτο,
2545 386 2627 440 ὅτι
2659 386 2754 440 καὶ
2781 385 3078 456 δυνάμενος
3111 387 3260 457 ἡμᾶς
3308 386 3518 444 ἀνελεῖν
3562 395 3649 462 ὴρ

413 483 728 539 contentus,
744 485 802 529 ut
822 489 906 528 me
925 488 1136 528 servam
1155 471 1364 530 faceres
1385 488 1484 544 pro
1506 472 1696 527 libera.
1713 473 1985 528 Promissa

413 565 592 633 reipsa
625 563 965 634 prastitisti;
999 561 1381 634 jusjurandum
1415 579 1604 618 revera
1631 563 1983 618 conﬁrmasti.

411 654 552 719 Quid
577 669 706 724 ergo
737 665 898 709 restat
929 655 1100 718 aliud,
1123 654 1226 710 nisi
1254 664 1310 708 ut
1331 655 1555 710 omnino
1588 655 1837 713 invocem
1863 673 1981 730 eos,

412 746 503 816 qui
526 761 587 800 ea
611 761 731 814 quae
761 746 962 800 fiebant
992 746 1367 816 inspexerunt,
1398 762 1536 815 quos
1561 757 1618 802 tu
1647 756 1778 804 tunc
1807 751 1985 808 addu-

383 833 537 888 'xisti
563 843 725 888 testes
757 833 826 889 iis
847 850 965 903 quae
987 843 1092 888 ate
1114 833 1475 888 dicebantur?
1499 834 1590 889 Eis
1610 835 1778 902 enim,
1799 846 1984 893 etnon

413 924 529 987 alii,
551 924 778 989 confisa,
795 939 913 979 mea
933 932 1124 994 sponte
1144 925 1401 978 constitui
1421 925 1656 997 disjnngi
1675 942 1704 980 a
1723 937 1948 997 parente
1965 969 1981 993 ,

411 1031 532 1070 eam
556 1031 676 1085 quae
702 1031 803 1070 nos
832 1015 1052 1081 tulerat,
1079 1015 1413 1085 relinquere,
1440 1024 1496 1070 et
1521 1024 1570 1070 te
1597 1017 1772 1071 solum
1800 1020 1980 1088 sequi.

412 1106 537 1160 Haec
561 1121 683 1161 cum
704 1106 950 1170 dixisset,
970 1107 1163 1160 animae
1181 1106 1368 1160 oculos
1384 1107 1450 1160 ad
1474 1106 1672 1161 caelum
1695 1108 1891 1162 tollens
1911 1109 1984 1162 si-

414 1199 524 1252 mul
547 1213 669 1253 cum
693 1199 1178 1253 sensilibuszDeus
1200 1206 1411 1266 patrum
1437 1213 1844 1264 meorum,cum
1868 1201 1984 1270 eju-

412 1289 524 1343 latu
551 1288 767 1343 dicebat
787 1298 841 1342 et
862 1288 1136 1358 lacrymis,
1161 1289 1307 1342 adsis
1328 1289 1461 1343 mihi
1485 1289 1694 1345 miseras
1719 1307 1733 1347 :
1759 1301 1814 1345 et
1833 1293 1980 1356 vide,

410 1380 542 1450 quid
565 1379 667 1434 iste
690 1378 911 1450 quidem
933 1386 984 1433 te
1003 1387 1141 1434 teste
1157 1391 1213 1434 et
1233 1380 1342 1433 tuis
1363 1381 1566 1434 sanctis
1582 1390 1636 1435 et
1654 1381 1974 1438 confessori-

410 1473 517 1527 bus
539 1481 624 1527 est
653 1471 954 1541 pollicitus,
986 1471 1116 1541 quid
1150 1480 1329 1526 autem
1357 1488 1505 1526 nunc
1535 1472 1713 1542 reipsa
1748 1473 1898 1539 facit,
1928 1482 1983 1530 et

2092 475 2294 546 κέσθης
2319 476 2495 546 τούτῳ
2521 476 2689 547 μόνῳ,
2717 477 2796 546 τῷ
2818 477 3013 547 δούλην
3047 478 3162 532 ἀντ’
3186 479 3478 551 ἐλευθέρας
3502 484 3661 555 ποιή-

2093 566 2311 621 σασθαι.
2345 567 2460 630 Τὰς
2497 569 2831 636 ἐπαγγελίας
2863 570 2955 622 ἐπὶ
2982 569 3092 622 τῶν
3122 567 3302 638 ἔργων
3336 571 3657 640 ἐξήνεγκαςο

2089 655 2216 720 τοὺς
2249 656 2444 726 ὅρκους
2473 656 2764 711 ἐπιστώσω
2791 660 2903 721 τοῖς
2927 659 3240 729 πράγμασι.
3281 660 3347 712 Τί
3387 661 3528 730 δῆτα
3549 663 3660 717 λοι-

2090 747 2188 800 πὸν
2232 747 2376 817 ἐμοὶ,
2416 746 2449 818 ἢ
2487 749 2731 813 ἐκείνους
2762 751 2981 814 πάντως
3009 752 3242 821 ἐφόρους
3266 755 3381 815 τοῖς
3415 771 3656 824 πραττοο

2091 837 2277 907 μένοις
2315 837 2616 906 ἐπικαλεῖν,
2671 839 2766 904 οὒς
2815 840 2938 894 τότε
3005 842 3290 912 μάρτυρας
3331 842 3497 907 αὐτὸς
3545 846 3659 908 τοῖς

2088 928 2239 998 παρά
2291 930 2386 984 σοῦ
2420 930 2735 1002 λεγομένοις
2782 933 2970 1006 ἐπῄεις
2998 951 3012 999 ;
3036 936 3229 999 Δύτοϊς
3262 936 3388 1007 γάρ,
3425 938 3523 991 καὶ
3557 937 3659 991 οὐκ

2087 1023 2251 1094 ἄλλῳ,
2304 1024 2651 1095 θαρῤήσασα,
2702 1025 2805 1094 τῆς
2861 1025 3126 1096 τεκούσης
3183 1027 3507 1100 διαζυγῆναι
3558 1030 3657 1100 τὴν

2087 1114 2460 1184 ἐνεγκαμένην
2503 1115 2812 1180 ἀπολιπεῖν,
2842 1117 2939 1172 καὶ
2970 1119 3053 1170 σοὶ
3095 1118 3241 1188 μόνῳ
3277 1119 3500 1191 εἱλόμην
3532 1123 3658 1175 ἀκο-

2085 1203 2317 1258 λουθεῖν.
2365 1203 2553 1258 Ταῦτα
2587 1204 2814 1257 εἰποῦσα
2842 1206 2968 1268 τοὺς
2995 1206 3096 1275 τῆς
3135 1207 3314 1278 ψυχῆς
3341 1210 3658 1278 ὀφθαλμοὺς

2086 1291 2204 1360 ἅμα
2251 1293 2366 1356 τοῖς
2413 1292 2693 1363 αἰσθητοῖς
2744 1294 2879 1363 πρὸς
2921 1295 3152 1365 οὐρανὸν
3184 1296 3388 1368 ἄρασα,
3425 1300 3484 1352 '0
3523 1301 3658 1364 Θεὸς

2085 1383 2194 1437 τῶν
2218 1385 2475 1455 πατέρων
2509 1401 2637 1455 μου,
2677 1385 2774 1439 σὺν
2801 1388 3074 1454 οἰμωγαῖς
3107 1389 3200 1442 καὶ
3242 1389 3509 1460 δάκρυσιν
3535 1391 3656 1444 ἐλε-

2085 1489 2170 1542 γε,
2207 1475 2522 1546 παράστηθί
2553 1493 2646 1545 μοι
2690 1478 2756 1546 τῇ
2806 1475 2998 1547 ἀθλίῳ,
3038 1479 3133 1531 καὶ
3168 1477 3243 1532 ίδε
3288 1481 3342 1532 τί
3369 1479 3468 1549 μέν
3496 1474 3655 1544 οὖτος

409 1580 509 1619 nos
536 1565 708 1619 libera
735 1563 802 1618 ab
833 1563 900 1617 iis
922 1563 1100 1629 malis,
1126 1579 1225 1632 pro
1253 1563 1411 1618 nobis
1437 1563 1832 1622 intercessores
1863 1573 1973 1622 tuos

2087 1565 2190 1619 ὑπὸ
2222 1567 2303 1618 σοι
2341 1567 2583 1637 μάρτυρι
2623 1565 2719 1622 καὶ
2749 1569 2860 1631 τοῖς
2895 1570 3006 1631 σοῖς
3038 1569 3214 1636 ἁγίοις
3252 1571 3346 1624 καλ⁸
3377 1572 3655 1643 ὁμολογη-

408 1665 625 1712 sanctos
673 1656 952 1726 accipiens
1002 1674 1015 1710 :
1061 1656 1321 1726 quoniam
1371 1656 1458 1711 his
1502 1667 1624 1726 post
1659 1667 1712 1712 te
1756 1658 1973 1724 conﬁsa,

2087 1658 2213 1720 ταῖς
2260 1657 2628 1728 ἐπηγγείλατο
2649 1699 2664 1725 ,
2692 1658 2746 1712 τί
2785 1657 2842 1712 δέ
2894 1659 2987 1712 νῦν
3013 1661 3105 1713 ἐπὶ
3135 1661 3244 1714 τῶν
3276 1660 3454 1731 ἔργων
3489 1665 3654 1717 ποιεί·

407 1748 699 1817 praesentia
730 1725 841 1802 haec
872 1747 1012 1802 mala
1042 1725 1472 1802 sustineo.'Cum
1502 1725 1580 1802 sic
1607 1748 1786 1818 puella
1813 1750 1973 1804 tacite

2087 1751 2183 1802 καὶ
2213 1749 2320 1802 τῶν
2347 1725 2538 1804 δεινῶν
2565 1749 2770 1804 τούτων
2797 1751 2946 1820 ἡμᾶς
2972 1750 3180 1817 ἐξελοῦ,
3217 1725 3480 1823 πρίσόεις
3512 1753 3654 1826 ύπέρ

410 1838 580 1891 Deum
629 1847 896 1907 rogasset,
930 1837 982 1892 in
1028 1836 1212 1892 Gotthi
1268 1847 1450 1890 autem
1484 1837 1630 1894 ardes
1661 1847 1847 1894 essent
1899 1839 1973 1893 in-

2084 1840 2245 1910 ήμῶν
2293 1841 2420 1904 τοὺς
2475 1841 2760 1914 μάρτυράς
2811 1859 2905 1895 σου
2960 1843 3270 1914 δεχόμενος,
3327 1844 3410 1897 ὅτι
3443 1843 3656 1906 τούτοις

409 1931 604 1999 gressi,
654 1929 953 2000 aspexisset
1002 1945 1131 1984 vero
1180 1929 1300 2000 ejus
1346 1930 1546 2000 conjux
1601 1931 1861 2000 puellam,
1925 1939 1973 1987 et

2085 1931 2410 2004 θαρῤήσασα
2441 1933 2580 2003 μετά
2609 1933 2667 1986 σέ
2699 1933 2768 1988 τά
2803 1933 3046 2004 παρόντα
3072 1934 3657 2006 ύφίσταμαι.Τοιαῦτα

409 2019 885 2075 animadvertisset
951 2021 1071 2090 ejus
1135 2020 1598 2089 pulchritudinem
1635 2063 1648 2087 ,
1714 2021 1973 2093 zelotypia

2083 2022 2184 2092 τῆς
2225 2023 2396 2095 κόρης
2452 2025 2627 2095 ἠσυχῆ
2675 2024 2771 2079 τοῦ
2803 2024 2939 2078 Θεοῦ
2979 2025 3286 2097 δεηθείσης,
3326 2026 3516 2098 ἐπειδὴ
3562 2027 3657 2080 τὸν

412 2119 471 2167 et
520 2111 836 2182 suspicione
893 2109 950 2165 in
1005 2112 1188 2166 animo
1240 2112 1424 2166 statim
1483 2112 1745 2182 repletur.
1806 2112 1973 2182 Rogat

2082 2115 2177 2168 τοῦ
2226 2116 2424 2170 Γότθου
2469 2112 2618 2170 οἷκον
2659 2117 2934 2188 εἰσῄεσαν,
2989 2117 3022 2186 ὴ
3059 2117 3152 2170 τοῦ
3185 2116 3378 2187 ἀνδρὸς
3418 2117 3655 2186 σύζυγος

407 2203 592 2275 itaque
624 2204 904 2269 maritum,
939 2218 1186 2274 quamam
1223 2203 1336 2274 ipsa
1367 2210 1532 2268 esset,
1562 2213 1618 2258 et
1650 2202 1795 2257 unde
1828 2211 1973 2258 esset

2078 2207 2178 2278 τὴν
2206 2207 2376 2279 κόρην
2409 2209 2743 2280 θεασαμένη,
2771 2210 2864 2262 καὶ
2893 2209 2954 2262 τὸ
2987 2207 3185 2272 κάλλος
3221 2203 3333 2262 οἷον
3381 2211 3439 2263 ἐν
3479 2213 3651 2280 ταύτῃ

409 2305 552 2361 orta,
575 2304 631 2349 et
661 2310 831 2364 quare
854 2309 973 2349 eam
1002 2309 1186 2350 secum
1218 2309 1366 2348 nunc
1396 2293 1642 2348 duceret.
1669 2293 1761 2348 Ille
1789 2303 1971 2347 autem

2079 2298 2485 2368 κατανοήσασα,
2533 2298 2698 2369 ζήλου
2750 2299 2844 2351 καὶ
2895 2298 3150 2362 ὑπονοίας
3197 2298 3510 2368 πίμπλαται
3549 2297 3652 2368 τὴν

408 2401 531 2440 eam
565 2400 687 2440 esse
722 2385 1014 2456 captivam,
1058 2385 1127 2438 ab
1170 2383 1372 2439 Edessa
1412 2384 1722 2450 abductam,
1755 2383 1972 2439 ductam

2078 2387 2275 2458 ψυχήν.
2309 2387 2472 2442 Ὅθεν
2525 2388 2622 2441 καὶ
2683 2388 3013 2443 ἐπυνθάνετο
3061 2388 3156 2442 τοῦ
3215 2388 3406 2458 ἀνδρὸς
3453 2386 3537 2451 τίς
3587 2405 3649 2440 τε

405 2489 540 2530 vero
582 2490 727 2540 esse,
779 2485 838 2529 ut
885 2475 936 2528 ei
979 2475 1240 2541 serviret,
1292 2475 1592 2544 respondit.
1648 2475 1739 2529 llla
1785 2484 1968 2529 autem

405 2567 637 2621 formam
672 2567 844 2636 magis
881 2565 1194 2632 attendens,
1239 2581 1404 2636 quam
1429 2568 1548 2638 ejus
1575 2565 1738 2621 verba
1769 2587 1781 2620 :
1815 2565 1966 2636 Ejus,

407 2656 610 2727 inquit,
641 2657 825 2712 vultus
857 2672 1201 2727 nequaquam
1232 2673 1354 2713 eam
1381 2657 1556 2728 arguit
1584 2671 1704 2712 esse
1733 2671 1967 2711 servam.

405 2747 642 2802 Gotthus
671 2755 853 2803 autem
884 2767 897 2802 :
925 2749 994 2803 At
1027 2761 1080 2804 tu
1112 2764 1174 2804 ea
1207 2758 1361 2804 utere
1394 2760 1650 2818 tanquam
1680 2748 1898 2803 ancilla.

2074 2477 2214 2546 α’ύτη
2241 2478 2328 2545 εἴη
2355 2481 2446 2530 καὶ
2479 2477 2599 2532 ὅθεν
2623 2481 2881 2550 ὁρμᾶται,
2922 2479 3016 2533 καὶ
3047 2479 3131 2547 ἐφ’
3169 2478 3277 2548 ὅτῳ
3311 2479 3431 2546 μεθ’
3453 2478 3648 2532 ἐαυτοῦ

2076 2566 2286 2639 ταύτην
2323 2567 2544 2636 ἀγάγει.
2579 2567 2641 2623 '0
2685 2569 2742 2623 δὲ
2777 2571 3123 2641 αἰχμάλωτόν
3162 2587 3220 2623 τε
3250 2565 3392 2622 εἶναι
3424 2570 3517 2623 καὶ
3543 2570 3650 2640 ,τῆς

2089 2659 2344 2730 Ἐδέσσης
2379 2659 2655 2731 ἀχθεῖσαν.
2701 2661 2932 2732 ἀχθῆναι
2983 2661 3041 2715 δέ
3091 2661 3177 2729 ἐφ’
3206 2657 3250 2729 ᾧ
3310 2660 3648 2714 δουλεύσειεν

2079 2752 2240 2822 αὐτῇ,
2273 2751 2633 2823 ἀπεκρίνατο.
2676 2751 2746 2806 Ἦ
2785 2752 2863 2818 δέ,
2896 2755 2960 2823 τῇ
2998 2753 3180 2822 μορφῇ
3214 2750 3414 2822 μᾶλλον
3467 2750 3499 2820 ἢ
3533 2752 3646 2812 τοῖς

404 2842 571 2897 αὐτοῦ
605 2843 783 2913 λόγοις
828 2846 1195 2916 προσέχουσα,
1239 2845 1300 2902 '0
1335 2846 1432 2917 τῆς
1463 2845 1663 2916 ὅψεως,
1715 2845 1872 2917 φησὶ,
1906 2847 2190 2919 χαρακτὴρ
2251 2848 2312 2901 ού
2379 2847 2623 2904 δουλείαν
2663 2849 2962 2921 κατηγορεῖ
3003 2847 3101 2918 τῆς
3129 2846 3408 2916 γυναικός.
3476 2843 3587 2897 Καὶ
3619 2841 3648 2893 ὁ

404 2940 623 3004 Γότθος,
657 2940 728 2992 Σὺ
753 2940 810 2993 δὲ
844 2940 980 2994 ἀλλά
1013 2941 1213 3010 χρῆσαι
1239 2941 1375 3012 αὐτῇ
1407 2941 1509 2994 ὅσα
1535 2941 1628 2994 καὶ
1660 2940 1902 2994 οίκέτιδι.

474 3030 592 3086 XX.
619 3029 832 3086 Exhinc
860 3031 1045 3100 itaque
1077 3030 1256 3101 puella
1279 3038 1426 3084 metu
1451 3029 1646 3098 agebat
1671 3029 1973 3096 silentium,

2153 3027 2238 3081 K'.
2278 3023 2619 3095 Ἐντεῦθενή
2654 3024 2792 3096 κόρη
2844 3026 3057 3095 σιωπήν
3084 3041 3141 3079 τε
3175 3025 3332 3096 ἤσκει
3376 3023 3456 3095 τῷ
3497 3023 3647 3094 φόϐῳ

401 3132 458 3177 et
493 3138 614 3193 quae
641 3122 1073 3192 imperabantur,
1109 3119 1346 3176 faciebat
1377 3119 1654 3176 ocissime.
1682 3120 1973 3176 Nesciebat

403 3213 572 3278 enim,
608 3212 869 3283 quidnam
917 3220 1102 3280 posset
1133 3209 1339 3276 facere,
1374 3213 1519 3280 quod
1547 3225 1668 3266 eam
1711 3210 1974 3280 liberaret

403 3322 435 3358 a
483 3304 640 3360 malis
688 3301 1073 3373 praesentibus.
1126 3301 1340 3356 Sanctis
1389 3310 1569 3356 autem
1619 3301 1838 3356 assidue
1886 3301 1972 3356 di-

402 3394 560 3448 ccbat
589 3393 642 3447 in
679 3391 846 3449 corde
881 3407 981 3459 suo
1013 3410 1028 3447 :
1064 3392 1338 3448 Festinate
1366 3392 1434 3447 ad
1467 3394 1730 3448 auxilium
1761 3393 1975 3449 ancilla:

403 3494 622 3550 vestrae,
669 3500 702 3538 ο
736 3483 934 3546 sancti,
982 3484 1259 3551 festinate,
1308 3499 1487 3553 neque
1534 3485 1785 3541 fraudem
1837 3484 1970 3540 mihi

407 3577 605 3631 factam
632 3574 917 3645 despicite.
943 3575 1142 3630 Puella:
1167 3591 1298 3630 vero
1325 3575 1545 3630 domina
1568 3591 1678 3630 non
1705 3577 1970 3645 legitima,

405 3671 458 3722 in
491 3683 607 3722 eam
649 3677 798 3722 mota
845 3666 1132 3738 zelotypia,
1180 3667 1360 3736 puella
1409 3669 1648 3738 graviter
1694 3669 1970 3735 utebatur,

404 3770 460 3816 ct
485 3761 533 3815 ei
565 3760 813 3830 graviora
842 3775 1008 3828 opera
1041 3760 1367 3829 imperabat,
1402 3760 1629 3830 perinde
1653 3777 1718 3818 ac
1752 3761 1796 3817 si
1826 3762 1970 3816 illius

403 3854 637 3919 labores,
672 3851 891 3906 invidia:
928 3866 1034 3921 qua
1076 3850 1356 3917 utebatur,
1399 3849 1511 3920 ipsa
1549 3855 1833 3925 proprium
1868 3854 1968 3910 ha-

401 3944 560 3998 beret
603 3942 878 3998 solatium.
926 3941 1082 4008 Quod
1129 3950 1309 3995 autem
1341 3953 1458 3998 erat
1506 3947 1751 4001 omnium
1796 3951 1970 4003 maxi-

405 4051 577 4103 mum,
608 4052 676 4090 ne
705 4051 827 4091 eam
859 4033 1080 4105 quidem
1131 4034 1348 4088 volebat
1398 4037 1624 4107 alloqui.
1673 4038 1968 4110 Postquam

405 4136 588 4184 autem
621 4127 952 4197 procedente
999 4137 1244 4198 tempore
1289 4129 1526 4200 puellam
1579 4131 1804 4185 rescivit
1847 4145 1970 4186 esse

404 4218 707 4288 gravidam,
734 4217 1015 4287 zelotypia:
1035 4217 1252 4274 ﬂamma
1282 4222 1452 4290 magis
1478 4236 1732 4288 accensa,
1761 4224 1973 4292 gravis-

403 4311 606 4365 simum
651 4323 788 4379 opus
835 4313 903 4365 ab
949 4324 1014 4364 ea
1055 4313 1327 4382 exigebat.
1374 4311 1486 4367 Cur
1536 4313 1679 4368 hoc?
1732 4313 1971 4368 Studens

2077 3119 2172 3171 καὶ
2211 3116 2352 3171 κατά
2388 3117 2552 3186 τάχος
2589 3118 2763 3170 ἐποίει
2817 3116 2886 3170 τά
2920 3117 3368 3189 προσταττόμενα
3390 3133 3402 3147 ·
3434 3117 3495 3171 ού
3535 3116 3643 3186 γὰρ

2076 3205 2220 3279 εἶχεν
2252 3210 2279 3262 ὅ
2306 3225 2358 3263 τι
2389 3210 2482 3262 καὶ
2506 3208 2747 3278 δράσειε,
2789 3208 2898 3262 τῶν
2925 3209 3212 3279 παρόντων
3252 3209 3422 3278 αὐτὴν
3456 3209 3646 3263 κακῶν

2077 3298 2375 3370 δυνάμενον
2400 3297 2728 3364 ἀπαλλάξαι.
2763 3300 2906 3371 Πρὸς
2937 3299 2993 3352 δέ
3033 3301 3158 3363 τοὺς
3189 3300 3376 3368 ἁγίους
3411 3300 3645 3372 διαπαν-

2075 3391 2165 3453 τὸς
2191 3391 2249 3443 ἐν
2275 3393 2342 3461 τῇ
2383 3389 2580 3462 καρδία
2611 3391 2781 3460 αὐτῆς
2809 3390 2960 3460 ἔλεγε
2999 3407 3014 3422 ο
3049 3391 3332 3444 Σπεύσατε
3360 3391 3498 3463 πρὸς
3546 3392 3646 3460 τὴν

2077 3481 2334 3553 βοήθειαν
2364 3482 2462 3553 τῆς
2483 3481 2678 3552 δούλης
2712 3482 2888 3554 ὑμῶν,
2933 3481 3103 3549 ἅγιοι,
3147 3481 3422 3536 σπεύσατε
3443 3499 3458 3514 ⁸
3510 3483 3645 3552 μηδέ

2072 3575 2166 3627 τὸν
2214 3572 2336 3627 κατ’
2363 3573 2497 3644 ἐμοῦ
2532 3572 2789 3645 παρίδητε
2815 3573 2986 3630 δόλον.
3022 3573 3091 3626 Ἦ
3135 3572 3192 3626 δὲ
3220 3574 3318 3643 τῆς
3357 3573 3528 3644 κόρης
3569 3572 3645 3642 μὴ

2074 3664 2216 3718 κατά
2249 3664 2450 3732 νόμους
2503 3665 2666 3734 κυρία
2701 3663 3017 3733 ζηλοτύπως
3049 3664 3250 3735 ἔχουσα
3301 3665 3438 3734 πρὸς
3474 3665 3645 3735 αὐτὴν

2076 3756 2287 3828 βαρέως
2314 3775 2372 3811 τε
2397 3759 2464 3827 τῇ
2492 3757 2628 3827 κόρῃ
2660 3757 2880 3827 ἐχρῆτο,
2913 3758 3005 3812 καὶ
3040 3759 3347 3829 βαρυτέρας
3375 3759 3510 3829 αὐτῇ
3545 3760 3645 3822 τᾶς

2073 3847 2338 3918 ἐργασίας
2384 3847 2700 3911 ἐπέταττεν,
2759 3846 2948 3916 ὥσπερ
2997 3850 3126 3912 τοὺς
3173 3849 3390 3920 ἐκείνης
3447 3849 3642 3913 πόνους

2071 3935 2164 3988 τ’ιῦ
2194 3935 2398 4006 ταύτην
2433 3936 2772 3999 διακαίοντος
2803 3937 3000 4006 φθόνου
3033 3939 3164 3992 ἴδιον
3201 3940 3338 4010 αὐτῇ
3381 3940 3640 4010 παραμύ-

2074 4029 2188 4084 θιον
2222 4029 2442 4098 ἔχουσα.
2485 4029 2558 4082 Τὸ
2594 4029 2651 4083 δέ
2686 4047 2747 4098 γε
2783 4031 2970 4100 μεῖζον
2995 4031 3169 4086 δεινὸν
3195 4032 3277 4084 ὅτι
3307 4032 3442 4103 μηδέ
3483 4032 3640 4099 λόγου

2073 4127 2211 4196 αὐτῇ
2250 4128 2528 4180 κοινωνεῖν
2573 4125 2747 4196 ἠξίου.
2795 4127 2951 4180 Ἐπεὶ
2987 4127 3042 4181 δέ
3091 4129 3186 4181 καὶ
3212 4129 3535 4198 ἐγκυμονεῖν
3565 4126 3643 4196 τῷ

2073 4218 2250 4288 χρόνῳ
2297 4219 2397 4287 τὴν
2451 4219 2621 4289 κόρην
2666 4219 2956 4288 ἐμάνθανε,
3007 4219 3106 4290 τὴν
3157 4220 3256 4288 τῆς
3308 4218 3644 4288 ζηλοτυπίας

2075 4310 2250 4380 φλόγα
2298 4309 2556 4362 ἐπιπλέον
2613 4309 2931 4362 ἐκκαύσασα
2991 4308 3298 4379 βαρυτάτην
3353 4307 3413 4370 ἐξ
3466 4308 3643 4376 αὐτῆς

403 4402 594 4458 videre
624 4410 858 4458 mortem
895 4405 1112 4472 puellae,
1153 4381 1301 4459 ictus
1343 4403 1487 4458 facta
1516 4403 1824 4460 abortionc.
1859 4405 1966 4460 Sed

2078 4405 2269 4475 ἀπῄτει
2299 4403 2396 4473 τὴν
2425 4402 2710 4472 ἐργασίαν.
2743 4402 2807 4454 Τί
2839 4402 3027 4466 τοῦτο;
3069 4401 3442 4466 σπουδάζουσα
3477 4402 3644 4456 θάνα-

404 4491 622 4547 invictze
655 4501 813 4548 erant
850 4493 1056 4548 Christi
1089 4493 1258 4556 vires,
1290 4501 1346 4547 et
1374 4506 1564 4547 eorum
1612 4495 1706 4562 qui
1745 4501 1972 4563 propter

402 4585 686 4640 Christum
718 4585 860 4654 passi
898 4593 1027 4639 sunt
1062 4603 1075 4640 :
1109 4601 1205 4655 per
1234 4601 1370 4655 quas
1404 4585 1581 4655 puella
1611 4595 1666 4640 et
1696 4586 1972 4655 superavit

403 4675 705 4739 molestias,
739 4685 798 4730 et
833 4677 1032 4730 mansit
1066 4677 1292 4731 minime
1339 4677 1465 4731 laesa
1517 4692 1548 4732 a
1599 4676 1774 4731 malis.
1812 4677 1968 4730 Post-

403 4783 566 4836 quam
612 4775 795 4821 autem
836 4766 1069 4822 accessit
1121 4776 1336 4837 tempus
1375 4775 1584 4837 partus,
1624 4767 1767 4836 parit
1801 4765 1969 4821 lilium

403 4858 732 4923 masculum,
771 4860 869 4928 qui
923 4858 1095 4928 patris
1136 4859 1367 4928 eﬂigiem
1410 4859 1467 4913 in
1514 4858 1696 4928 scipso
1742 4872 1971 4912 conser-

401 4950 588 5014 vabat,
627 4958 683 5005 et
721 4959 839 5005 erat
867 4948 1070 5007 Gottho
1114 4951 1262 5004 omni
1309 4966 1377 5005 ex
1419 4960 1574 5020 parte
1611 4950 1825 5005 similis.
1857 4947 1972 5004 Hoc

405 5055 533 5095 cum
579 5039 884 5110 aSpexisset
913 5039 1100 5095 Gotthi
1134 5041 1354 5110 conjux,
1395 5049 1452 5094 et
1495 5041 1971 5096 animadvertisset

404 5145 569 5199 quam
607 5137 755 5186 esset
801 5144 1058 5200 expressa
1105 5130 1430 5196 similitudo,
1476 5131 1615 5186 nihil
1660 5131 1813 5187 aliud
1846 5146 1970 5186 ver-

405 5221 562 5277 sabat
608 5221 664 5276 in
711 5221 916 5284 animo,
970 5237 1132 5291 quam
1172 5223 1446 5291 quomodo
1497 5238 1730 5292 puerum
1774 5223 1968 5278 interi-

406 5321 617 5376 meret;
647 5313 846 5367 marito
875 5323 1058 5366 autem
1089 5312 1303 5368 dicebat
1337 5331 1348 5366 :
1379 5313 1492 5382 Ego
1525 5313 1621 5368 tibi
1653 5329 1760 5368 non
1792 5313 1971 5368 credi-

406 5403 604 5468 derim,
645 5404 790 5472 quod
830 5419 956 5458 cum
1003 5404 1180 5473 puella
1225 5418 1334 5457 non
1368 5403 1623 5458 coiveris.
1658 5402 1790 5456 Nam
1823 5401 1968 5471 quod

407 5509 473 5548 cx
506 5508 571 5549 ea
610 5504 798 5550 natum
834 5505 936 5561 est,
975 5505 1185 5563 patrem
1226 5504 1413 5564 aperte
1444 5495 1758 5553 conﬁtetur.
1796 5494 1971 5550 forma

409 5585 636 5656 perinde
675 5595 854 5657 utens,
885 5601 948 5641 ac
989 5588 1194 5655 lingua.
1226 5587 1319 5641 llle
1347 5601 1476 5641 vero
1515 5586 1817 5641 afﬁrmabat
1846 5601 1967 5640 eam

410 5691 522 5733 non
551 5689 741 5732 verum
777 5676 996 5746 dicere;
1022 5678 1251 5749 jubebat
1282 5687 1468 5735 autem
1498 5693 1561 5735 ea
1591 5677 1668 5733 uti
1712 5686 1967 5748 tanquam

2073 4509 2166 4547 τον
2211 4493 2306 4562 τῆς
2361 4492 2529 4562 κόρης
2568 4492 2696 4544 ἰδεῖν
2733 4489 3104 4560 ἐκτρωθέντος
3159 4489 3298 4560 αὐτῇ
3363 4490 3438 4560 μὴ
3498 4489 3642 4543 κατά

2076 4585 2267 4656 καιρὸν
2299 4583 2392 4637 τοῦ
2422 4583 2686 4654 ἐμϐρύου.
2729 4582 2866 4635 Ἀλλ’
2895 4583 2928 4653 ἡ
2955 4581 3050 4635 τοῦ
3097 4581 3356 4654 Χριστοῦ,
3388 4584 3483 4635 καὶ
3533 4583 3640 4636 τῶν

2073 4673 2161 4728 διά
2213 4673 2449 4743 Χριστὸν
2505 4671 2784 4724 παθόντων
2835 4673 2988 4742 ίσχὺς
3053 4671 3265 4740 ἄμαχος
3313 4666 3403 4742 ἦν,
3456 4671 3525 4724 δι’
3570 4668 3641 4743 ἧς

2074 4766 2335 4836 κρείττων
2363 4767 2477 4834 τεὴ
2513 4765 2650 4834 κόρη
2676 4763 2782 4816 τῶν
2827 4765 3116 4832 ἀλγεινῶν,
3159 4765 3254 4817 καὶ
3289 4763 3504 4836 ἀπαθὴς
3535 4782 3634 4818 κα-

2075 4857 2185 4911 κῶν
2231 4855 2443 4927 ἔμενεν.
2485 4855 2639 4908 Ἐπεὶ
2681 4855 2737 4910 δέ
2780 4854 2809 4907 ό
2863 4855 2970 4909 τῶν
3000 4855 3204 4909 ὠδίνων
3254 4856 3392 4926 αὐτῇ
3433 4855 3635 4926 ἐπέστη

2074 4946 2283 5017 καιρὸς,
2305 4945 2477 4999 τίκτει
2509 4943 2721 4999 παιδίον
2748 4945 2939 5016 ἄρρεν,
2975 4946 3067 4998 τὸν
3099 4943 3426 5014 χαρακτῆρά
3453 4961 3510 4996 τε
3540 4947 3636 4997 τοῦ

2074 5037 2281 5109 πατρὸς
2310 5035 2396 5106 ἐφ’
2427 5033 2620 5089 ἐαυτοῦ
2647 5033 2911 5098 διασῶζον
2935 5035 3028 5087 καὶ
3050 5035 3130 5102 τῷ
3158 5032 3344 5103 Γότθῳ
3366 5032 3434 5085 τὰ
3461 5033 3637 5086 πάντα

2072 5129 2412 5199 προσεοικός.
2463 5127 2634 5180 Τοῦτο
2683 5127 2714 5195 ἡ
2762 5125 2854 5177 τοῦ
2905 5126 2944 5177 Γ
2947 5125 3101 5179 ότθου
3153 5124 3389 5192 σύζυγος
3438 5124 3636 5177 θεασα-

2076 5221 2248 5290 μένη,
2300 5220 2393 5271 καὶ
2427 5215 2595 5286 αὐτὴν
2656 5216 2958 5283 ἐννοήσασα
3014 5215 3115 5282 τῆς
3173 5216 3492 5284 ὁμοιότητος
3534 5214 3635 5286 τὴν

2073 5309 2385 5379 ἀκρίϐειαν,
2411 5305 2564 5358 οὐδὲν
2594 5300 2661 5368 ἦν
2694 5304 2878 5371 ἕτερον
2912 5303 3221 5372 στρέφουσα
3251 5307 3392 5358 κατά
3418 5305 3564 5359 νοῦν·
3595 5307 3630 5378 ἢ

2072 5401 2219 5462 ὅπως
2249 5399 2309 5452 τὸ
2339 5397 2550 5449 παιδίον
2579 5395 2765 5466 ἀνέλῃ.
2798 5394 2939 5464 Πρὸς
2980 5395 3038 5448 δέ
3067 5396 3154 5448 τὸν
3180 5397 3370 5466 ἄνδρα,
3419 5398 3533 5452 Ούκ
3567 5399 3636 5453 ἂν

2073 5493 2182 5561 ἐγώ
2227 5509 2311 5544 σοι
2358 5487 2736 5557 πιστεύσαιμι,
2774 5488 2901 5556 ἔφη,
2933 5491 2999 5557 τῇ
3034 5489 3170 5560 κόρῃ
3201 5507 3275 5560 μη
3335 5492 3633 5547 συνελθεῖν

2071 5584 2133 5638 τὸ
2181 5583 2288 5654 γὰρ
2334 5579 2394 5646 ἐξ
2440 5580 2609 5649 αὐτῆς
2633 5577 2823 5648 τεχθὲν
2853 5579 3038 5648 σαφῶς
3063 5579 3368 5650 διομολογεῖ
3399 5582 3490 5637 τὸν
3526 5601 3633 5636 πα·

2073 5677 2228 5748 τέρα,
2263 5675 2512 5744 καθάπερ
2549 5671 2783 5743 γλώττῃ,
2817 5674 2884 5742 τῇ
2921 5674 3100 5743 μορφῇ
3136 5673 3436 5745 χρώμενον.
3480 5675 3539 5728 ’0
3575 5674 3631 5728 δὲ
