4060 6374
290 292 396 358 153

1177 294 1645 360 MARTYRIUM
1679 296 1739 357 S.
1781 294 2065 357 GURIB'
2086 295 2184 357 ET
2217 294 2631 359 SOCIORUM.

3433 291 3536 358 154

292 408 374 479 μὴ
394 402 573 475 ἀληθῆ
595 401 779 471 λέγειν
800 400 978 474 αὐτὴν
1017 402 1350 475 ἰσχυρίζετο·
1393 404 1765 476 προετρέπετο
1796 403 1854 458 δὲ

1974 399 2176 474 incilia,
2222 406 2417 464 dicens
2462 424 2477 461 :
2523 405 2640 461 Hoc
2677 402 2855 462 .fidem
2895 403 3085 471 faciat,
3117 418 3206 463 me
3250 422 3535 480 nunquam

286 498 366 561 ὡς
414 494 580 566 δούλῃ
609 494 940 565 κεχρῆσθαι,
972 494 1145 549 Τοῦτό
1176 512 1235 549 σε
1270 496 1627 565 πιστώσεται,
1664 497 1863 564 λέγων,

289 589 571 659 μηδέποτε
617 586 793 658 ταύτῃ
851 584 1132 640 συνελθεῖν
1171 588 1295 657 ἐμέ.
1349 587 1483 641 Οὐδὲ
1527 588 1635 656 γὰρ
1681 586 1746 641 ἀν
1781 605 1865 642 σοι

288 681 515 744 πάντως
563 680 645 743 είς
695 677 950 747 ἐξουσίαν
987 676 1162 757 οὖτῳς
1218 679 1464 735 ὲδέδοτο’
1499 679 1729 751 κιρνῶσι
1756 681 1865 752 γὰρ

288 772 500 843 φιλίας,
529 770 591 824 οὐ
622 769 899 824 διιστῶσιν
927 771 976 823 σί
1006 768 1232 840 ἔρωτες.

360 863 497 921 KA'.
539 864 673 916 Τότε
706 861 888 916 τοίνυν
912 864 940 916 6
974 863 1038 915 ἐκ
1077 862 1276 916 πολλοῦ
1307 863 1386 934 τῷ
1410 863 1741 935 ἀνθρωπείῳ
1772 864 1867 934 γέο

284 976 374 1012 νει
410 957 687 1027 πολέμιος,
717 959 817 1027 τὴν
848 956 942 1010 τοῦ
970 956 1166 1010 Γότθου
1201 956 1432 1025 σύζυγον
1475 953 1742 1023 ὑπελθὼν,
1781 958 1866 1023 ἑξ-

288 1049 466 1119 έμηνε
492 1047 634 1100 κατὰ
666 1046 758 1119 τοῦ
788 1047 1001 1111 παιδὸς,
1032 1048 1125 1101 καὶ
1149 1048 1238 1100 διὰ
1276 1046 1434 1101 τοῦτο
1463 1048 1629 1102 πόνον
1650 1065 1711 1102 τε
1738 1065 1865 1115 σνν-

289 1139 594 1208 ελάμὸσνε,
618 1138 713 1191 καὶ
752 1138 985 1209 ἀνομίαν
1013 1139 1299 1206 άπέτικτε,
1328 1141 1423 1194 καί
1454 1157 1513 1193 τι
1535 1139 1863 1213 δηλητήριον

288 1229 400 1281 ὑπὸ
421 1228 621 1281 κόλπον
645 1227 819 1298 αὐτῆς
850 1230 1117 1300 ἐνθεμένη
1150 1230 1249 1301 τὴν
1279 1230 1379 1299 μὲν
1407 1230 1501 1285 τοῦ
1534 1231 1724 1295 παιδὸς
1761 1248 1867 1303 μη-

285 1319 424 1390 τέρα
468 1318 610 1372 κατά
641 1335 765 1371 τινα
802 1318 963 1389 δῆθεν
992 1320 1189 1389 χρείαν
1218 1322 1316 1386 τῆς
1344 1321 1526 1384 οίκίας
1553 1323 1861 1393 ὲμπέμπει.

288 1411 402 1464 Καὶ
435 1412 466 1481 ή
501 1411 604 1480 μὲν
631 1410 835 1477 ἔξεισιν
875 1411 1072 1466 ἀνῦσαι
1100 1413 1162 1467 τὸ
1196 1415 1541 1485 προσταχθέν
1565 1431 1579 1446 ·
1620 1418 1653 1486 ή
1702 1416 1759 1470 δὲ
1788 1415 1866 1488 τῷ

288 1501 382 1556 τοῦ
431 1501 627 1565 παιδὸς
684 1502 915 1572 στόματι
967 1503 1229 1574 ἐμϐάλλει
1278 1504 1341 1558 τὸ
1381 1506 1728 1577 δηλητήριον,
1770 1510 1865 1562 καὶ

285 1594 368 1664 τῷ
398 1594 712 1665 δηλητηρίῳ
756 1593 986 1658 θάνατος
1029 1596 1191 1660 εὐθὺς
1237 1596 1545 1667 ἠκολούθει.
1601 1599 1862 1658 Ἐπανελ-

1967 514 2093 555 cum
2129 515 2194 555 ea
2234 515 2357 556 esse
2398 514 2770 569 congressum.
2812 497 3002 570 Neque
3035 499 3182 556 enim
3222 517 3253 557 a
3299 518 3386 559 me
3426 519 3534 561 un-

1966 604 2130 661 quam
2158 590 2383 645 omnino
2414 590 2470 644 in
2502 598 2651 644 tuam
2697 585 2894 643 tradita
2940 587 3134 646 fuisset
3177 598 3530 661 potestatein.

1964 681 2250 737 Amicitias
2288 680 2439 736 enim
2480 680 2821 752 coniungunt
2865 693 3106 746 amores,
3155 697 3267 738 non
3315 683 3533 755 disjun-

1963 781 2119 845 sunt.

2036 864 2179 920 XXI.
2233 864 2389 920 Tunc
2436 871 2618 920 autem
2668 864 2761 934 qui
2815 864 2978 931 longe
3033 863 3235 919 abhinc
3287 874 3535 936 tempere

1968 956 2211 1012 humano
2255 955 2444 1026 generi
2486 965 2573 1011 est
2616 955 2895 1017 inimicus,
2927 953 3115 1010 Gotthi
3154 970 3379 1011 uxorem
3409 958 3537 1013 sub-

1965 1049 2106 1113 iens,
2140 1062 2260 1102 eam
2306 1047 2567 1102 adversus
2598 1046 2872 1116 infantem:
2899 1045 3084 1102 furore
3126 1048 3443 1115 concitavit,
3479 1055 3538 1103 et

1965 1149 2255 1233 propterea
2278 1140 2531 1233 concepit
2551 1139 2815 1204 laborem,
2839 1147 2897 1193 et
2923 1139 3143 1209 peperit
3166 1139 3536 1210 iniquitatem,

1964 1230 2165 1289 etcum
2214 1230 2492 1302 quoddam
2540 1245 2816 1286 venenum
2863 1230 2920 1285 in
2966 1230 3147 1285 sinum
3196 1231 3536 1297 immisisset,

1965 1324 2123 1397 pueri
2168 1324 2393 1395 quidem
2429 1330 2661 1379 matrem
2709 1324 2921 1379 emittit
2965 1323 3034 1378 ad
3088 1323 3401 1379 faciendum
3436 1324 3537 1378 ali-

1964 1416 2129 1488 quid,
2181 1416 2328 1487 quod
2378 1424 2499 1471 erat
2544 1430 2702 1483 Opus.
2751 1416 2821 1471 Et
2874 1432 2938 1471 ea
2984 1416 3207 1486 quidem
3255 1416 3539 1485 egreditur

1964 1508 2477 1578 adessequendum
2535 1507 2589 1562 id
2622 1508 2770 1578 quod
2816 1508 2996 1563 fuerat
3049 1509 3410 1578 imperatum;
3445 1509 3537 1563 illa

1965 1610 2148 1657 autem
2180 1617 2456 1657 venenum
2492 1601 2738 1656 immittit
2780 1601 2836 1655 in
2869 1614 2932 1655 os
2967 1600 3146 1669 pueri,
3178 1607 3236 1654 et
3261 1614 3534 1655 venenum

289 1686 467 1794 θρῦσα
492 1687 821 1794 τοίνυν1μετν
859 1687 1041 1755 ὀλίγον
1084 1690 1117 1760 ή
1148 1690 1356 1762 μήτηρ,
1385 1692 1480 1748 καὶ
1527 1695 1724 1764 νεκρὸν
1766 1695 1865 1766 μὲν

1974 1708 2118 1749 mors
2145 1692 2330 1749 statim
2353 1700 2440 1749 est
2471 1707 2788 1748 consecuta.
2813 1691 2981 1746 Paulo
3005 1701 3134 1762 post
3155 1706 3290 1762 ergo
3320 1705 3539 1745 reversa

287 1779 349 1831 τὸ
388 1778 605 1831 παιδίον
636 1778 902 1848 εὑροῦσα,
930 1782 1363 1851 περικεχυμένον
1393 1782 1452 1837 δὲ
1483 1786 1599 1849 τοῖς
1622 1786 1863 1852 χείλεσιν

1974 1794 2164 1851 mater,
2192 1800 2318 1841 cum
2353 1785 2614 1839 infantem
2648 1782 2873 1853 quidem
2906 1784 3203 1838 invenisset
3234 1790 3534 1846 mortuum,

286 1869 501 1922 ἐκείνου
532 1868 592 1921 τὸ
619 1868 975 1940 δηλητήριον,
1010 1869 1312 1940 πλήττεται
1350 1872 1451 1941 μὲν
1478 1874 1579 1944 τὴν
1609 1876 1860 1946 καρδίαν,

287 1963 384 2015 καὶ
435 1962 637 2033 πάσχει
684 1963 788 2032 τὴν
829 1961 1008 2034 ψυχήν
1059 1963 1326 2037 ίσχυρῶςο
1359 1963 1596 2034 κρύπτει
1626 1968 1684 2022 δὲ
1713 1969 1864 2038 ὅμως

285 2053 346 2104 τὸ
378 2052 549 2116 πάθος
587 2053 647 2104 ὲν
677 2053 1003 2124 ἀπορρήτῳ,
1030 2053 1092 2108 τὸ
1132 2054 1232 2125 μὲν
1262 2054 1339 2118 ὡς
1375 2058 1563 2128 μήτηρ
1588 2059 1861 2127 παθοῦσα,

287 2143 348 2196 τὸ
387 2144 447 2196 δὲ
496 2146 571 2207 ὡς
602 2145 864 2216 νουνεχὴς
915 2145 1219 2214 φυλάξασα.
1277 2144 1412 2203 Εἶτα
1455 2149 1648 2205 κώδιον
1702 2152 1866 2222 ipsa;

288 2234 564 2299 λαϐοῦσα,
595 2237 686 2289 καὶ
712 2238 770 2290 τὸ
802 2238 979 2308 στόμα
1009 2239 1103 2293 τοῦ
1137 2239 1375 2311 βρέφους
1403 2242 1691 2312 ἐκμάξασα
1722 2246 1865 2314 παρ’

288 2328 459 2398 ἑαυτῇ
494 2331 716 2399 κατεῖχε
756 2329 819 2383 τὸ
847 2330 1021 2400 ἔριον,
1056 2331 1264 2399 γνῶναι
1288 2332 1380 2387 διὰ
1411 2334 1511 2405 τῆς
1541 2335 1741 2405 πείρας
1769 2337 1868 2389 τά·

289 2413 454 2482 ληθὲς
504 2414 829 2489 βουλομένη.
876 2418 1032 2471 Μετὰ
1070 2417 1203 2487 γοῦν
1250 2421 1468 2493 ἡμέρας
1517 2423 1711 2491 ὀλίγας
1755 2425 1867 2481 τῶν

289 2503 465 2572 φίλων
497 2508 592 2559 καὶ
626 2509 909 2575 συγγενῶν
936 2525 1089 2572 τινας
1135 2511 1229 2565 ἰπὶ
1281 2512 1500 2569 δεῖπνον
1537 2516 1631 2571 τοῦ
1660 2515 1865 2581 ⁴Γότθου

290 2597 731 2665 παραλαϐόντος,
768 2586 1010 2668 δρπάζει
1051 2602 1143 2656 τὸν
1195 2605 1388 2676 καιρὸν
1418 2609 1451 2678 ή
1481 2607 1620 2677 κόρη
1655 2608 1750 2663 καὶ
1799 2611 1865 2681 τῇ

292 2689 478 2744 κύλικι
510 2692 874 2748 έναποπλύνει
902 2695 963 2748 τὸ
991 2695 1166 2766 ἔριον,
1202 2699 1297 2751 τοῦ
1330 2699 1532 2755 Γότθου
1570 2701 1635 2755 τὸ
1674 2705 1739 2774 τῇ
1768 2721 1868 2774 γυ-

293 2782 441 2834 ναικὶ
495 2781 811 2849 ἀναδίδωσι,
869 2785 1104 2857 τάληθὲς
1133 2827 1147 2852 ,
1205 2786 1395 2861 ὥσπερ
1452 2790 1611 2863 ἔφην,
1674 2794 1867 2865 μαθεῖν

290 2871 597 2953 βουλομένη
627 2874 736 2927 είτε
767 2879 1047 2950 φαρμάκῳ
1077 2879 1171 2935 τὸν
1203 2882 1371 2936 παῖδα
1403 2884 1713 2956 ἐζημιώθη,
1754 2887 1868 2942 εἴτε

290 2966 385 3018 καὶ
409 2967 613 3037 καιρίῳ
642 2967 861 3040 Θανάτῳ
893 2969 1086 3025 τοῦτον
1112 2972 1414 3030 ἀπέϐαλεν.
1451 2975 1612 3045 ’ῼετο
1640 2977 1739 3046 μὲν
1760 2978 1868 3050 γὰρ

1964 1876 2116 1933 illius
2151 1892 2279 1932 vero
2308 1875 2482 1932 labris
2515 1875 2756 1931 infusum
2804 1890 3100 1940 venenum,
3129 1874 3183 1927 in
3214 1873 3379 1929 corde
3415 1873 3538 1942 qui-

1965 1970 2088 2025 dem
2113 1969 2412 2035 sauciatur,
2445 1977 2502 2024 et
2535 1968 2687 2038 gravi
2714 1967 2885 2022 animi
2911 1967 3102 2022 dolore
3126 1966 3379 2027 afﬁcitur,
3408 1979 3536 2020 eum

1968 2069 2151 2116 tamen
2200 2061 2364 2123 celat,
2408 2071 2466 2115 et
2510 2068 2662 2115 tenet
2705 2058 2763 2112 in
2806 2057 2994 2113 abdito
3029 2056 3267 2111 :dolore
3312 2055 3537 2125 quidem

1965 2151 2182 2217 aﬂ‘ecta,
2212 2161 2271 2207 ut
2302 2160 2499 2214 mater,
2541 2159 2814 2206 secretum
2845 2157 3031 2203 autem
3070 2156 3283 2209 tenens,
3313 2153 3374 2198 ut
3411 2160 3543 2213 pru-

1966 2245 2104 2300 dens
2127 2253 2184 2299 et
2219 2241 2464 2298 cordata.
2490 2239 2700 2296 Deinde
2738 2254 2864 2294 cum
2890 2237 3066 2293 vellus
3105 2235 3452 2305 sumpsisset,
3481 2240 3540 2286 et

1965 2353 2028 2393 os
2072 2335 2299 2392 infantis
2326 2334 2698 2392 abstersisset,
2740 2331 2925 2385 lanam
2975 2328 3122 2397 apud
3163 2343 3224 2383 se
3276 2325 3537 2389 detinuit,

1966 2428 2306 2497 experientia
2358 2426 2550 2481 volens
2597 2426 2739 2480 scire
2785 2421 3102 2476 veritatem.
3150 2418 3348 2474 Paucis
3389 2426 3540 2472 certe

1967 2530 2090 2593 post
2127 2520 2359 2585 diebus,
2407 2532 2534 2573 cum
2579 2532 2647 2571 ex
2690 2514 2882 2569 amicis
2927 2521 2985 2568 et
3023 2511 3272 2582 cognatis
3304 2508 3542 2564 Gottlius

1968 2613 2255 2669 invitasset
2295 2610 2532 2679 aliquos,
2585 2606 2764 2677 puella
2813 2604 3010 2674 arripit
3056 2603 3440 2663 occasionem,
3484 2607 3542 2655 et

1967 2705 2148 2760 lanam
2195 2701 2422 2772 intingit
2467 2700 2526 2754 in
2569 2699 2759 2762 calice,
2806 2708 2865 2754 et
2905 2696 3095 2752 ϐαιτὴί
3146 2695 3310 2749 tradit
3355 2692 3539 2755 uxori,

1966 2795 2177 2861 volens,
2205 2801 2268 2849 ut
2296 2792 2657 2856 dixi,,verum
2693 2790 2857 2855 scire,
2885 2801 3171 2843 venenone
3222 2786 3437 2854 privata
3469 2784 3541 2837 sit

1970 2886 2198 2950 infante,
2247 2901 2316 2941 an
2359 2882 2641 2940 communi
2690 2889 2867 2935 morte
2913 2894 3039 2935 eum
3085 2876 3357 2935 amiserit.
3404 2874 3540 2929 Nam

1969 2977 2316 3034 existimabat
2357 2976 2604 3047 quidem,
2649 2972 2795 3044 quod
2842 2972 2888 3026 si
2933 2979 3099 3041 epoto
3140 2968 3542 3024 medicamento

289 3056 387 3123 ὡς,
441 3059 493 3111 εί
545 3058 752 3113 πιοῦσα
797 3060 892 3114 τοῦ
929 3064 1226 3134 φαρμάκου
1275 3066 1456 3137 ζήσοι,
1509 3065 1737 3136 εῦδηλον
1785 3070 1870 3123 ὅτι

1974 3073 2225 3140 vixisset,
2252 3071 2482 3127 evidens
2513 3077 2679 3134 esset,
2707 3066 2853 3138 quod
2880 3079 2984 3121 nec
3012 3063 3158 3119 ﬁlius
3192 3064 3311 3133 ejus
3350 3060 3543 3114 fuisset

291 3146 431 3217 μηδὲ
457 3150 485 3201 6
516 3151 648 3213 παῖς
680 3152 959 3223 φαρμάκῳ
984 3152 1248 3225 ἀνῄρητο’
1283 3156 1333 3209 εί
1371 3156 1429 3209 δὲ
1459 3156 1741 3214 καὶτοῦτο
1770 3160 1870 3212 αὑ-

286 3239 392 3309 τὴν
422 3241 629 3306 ἀνέλοι,
661 3243 841 3297 ἐκεῖνο
874 3244 1127 3300 πείσεται
1154 3246 1398 3315 πάντως,
1437 3248 1577 3318 ὅπερ
1608 3248 1749 3321 αὐτή
1781 3249 1869 3303 δέ·

288 3330 522 3399 δρακεν.
565 3332 726 3386 Ἐπεὶ
764 3329 860 3387 οὖν
896 3336 929 3406 ή
960 3336 1053 3390 τοῦ
1092 3337 1294 3393 Γότθου
1329 3340 1471 3410 γυνή
1506 3318 1869 3412 μηδὲνπονητ

290 3424 393 3494 ρὸν
447 3425 674 3497 ὕφεὼρα
710 3427 847 3497 μηδὲ
879 3426 1173 3483 ὑπώπτευε
1213 3431 1510 3503 δεξαμένη,
1569 3432 1716 3486 πίνει
1772 3434 1873 3506 τὴν

291 3518 519 3584 κύλικα,
552 3519 652 3574 καὶ
678 3521 842 3584 εὐθὺς
874 3522 1213 3595 ἐπέστρεφεν
1241 3524 1269 3576 6
1303 3524 1465 3599 πόνος
1490 3527 1573 3589 είς
1602 3525 1870 3599 κεφαλὴν,

292 3611 395 3664 καὶ
444 3612 544 3664 ἐπὶ
597 3613 845 3686 κορυφήν
890 3616 925 3683 ἡ
978 3616 1165 3670 ἀδικία
1214 3616 1382 3687 αὐτῆς
1412 3617 1759 3685 κατέϐαινεν,
1793 3622 1874 3683 είς

290 3703 491 3774 βόθρον
543 3722 603 3758 τε
657 3705 948 3761 ἐνέπιπτεν
979 3707 1041 3761 δν
1074 3708 1396 3778 είργάσατο,
1446 3710 1543 3763 καὶ
1591 3712 1650 3764 ὲν
1684 3711 1874 3779 παγίδι

292 3788 330 3867 ᾖ
363 3794 575 3865 ἔκρυψε
616 3794 846 3859 δικαίως
880 3797 1342 3868 συνελαμϐάνετο.
1374 3797 1598 3854 Ἐκειτο
1637 3800 1736 3870 μὲν
1781 3800 1876 3855 οῦν

291 3890 538 3957 ἐκτάδην
587 3889 795 3959 νεκρὰ,
841 3890 967 3952 τοὺς
1012 3891 1257 3960 καρποὺς
1301 3885 1499 3956 ἀξίους
1532 3892 1641 3946 τῶν
1700 3892 1877 3949 πόνων

292 3982 674 4051 κομισαμένη·
712 3981 924 4051 ἀθυμία
952 3981 1009 4036 δὲ
1037 3982 1131 4037 τὸν
1162 3984 1201 4036 Γ
1203 3984 1383 4051 ότθον,
1409 3985 1537 4049 τοὺς
1567 3986 1877 4055 προσήκον-

290 4088 420 4135 τας,
462 4072 595 4134 τοὺς
643 4071 987 4142 ἐπιτηδείους
1033 4074 1285 4143 κατεῖχεν
1310 4090 1323 4103 ·
1357 4074 1478 4127 ὅλον
1509 4073 1753 4144 ἐπλήρου
1784 4077 1879 4130 τὸν

286 4159 448 4219 οἷκον
500 4164 691 4232 ἀηδία,
732 4165 1029 4236 στυγνότης
1062 4206 1078 4232 ,
1135 4167 1409 4236 κατήφεια
1455 4169 1546 4221 ἐπὶ
1591 4169 1657 4237 τῇ
1711 4168 1879 4240 ἀώρῳ

287 4260 477 4328 ταύτῃ
518 4255 626 4326 τῆς
677 4258 939 4326 γυναικὸς
968 4259 1214 4330 τελευτῇ.
1261 4258 1401 4312 Ἀλλ’
1421 4260 1571 4330 ὅμως
1609 4261 1706 4313 καὶ⁵
1748 4260 1882 4332 θρη-

286 4353 476 4405 νεῖται
529 4350 662 4421 παρ’
684 4351 866 4404 αὐτῶν
910 4351 978 4405 τὰ
1023 4353 1234 4419 εἰκότα,
1267 4353 1451 4422 ταφῆς
1480 4342 1560 4407 ’τε
1618 4352 1879 4424 λαμπρᾶς

281 4442 575 4509 ἀξιοῦται,
605 4442 701 4495 καὶ
734 4441 1046 4505 πολυτελῶς
1069 4442 1450 4500 κατατίθεται.

359 4532 502 4587 KB’.
551 4531 705 4585 Ἐπεὶ
745 4532 803 4586 δὲ
853 4532 991 4601 μετὰ
1026 4532 1124 4604 τὴν
1182 4532 1360 4602 ταφὴν
1410 4532 1551 4586 έπτά
1600 4532 1879 4604 παρῆλθον

279 4629 533 4700 ἡμέραι,
569 4628 664 4681 καὶ
701 4625 901 4688 ἱκανῶς
929 4626 1058 4696 περὶ
1088 4626 1153 4681 τὸ
1226 4625 1399 4688 πάθος
1445 4625 1768 4697 ἠσχόληντο,
1797 4623 1883 4678 ἐν·

277 4720 415 4776 νοιὰ
470 4736 561 4781 τις
606 4718 794 4780 αὐτοῖς
826 4716 1133 4787 γίνεταιτῇ
1163 4714 1263 4785 τῆς
1300 4714 1700 4785 αίχμαλώτιδος
1760 4715 1885 4767 ὲπιο

276 4814 469 4882 ϐουλῇ
530 4808 791 4865 τεθνάναι
848 4807 1064 4872 τούτοις
1124 4806 1224 4878 τὴν
1283 4805 1544 4875 συγγενῆ.
1598 4804 1883 4860 Ἐντεῦθεν

272 4904 593 4959 ἐϐούλοντο
620 4902 722 4973 μὲν
772 4899 943 4972 αὐτὴν
971 4897 1307 4971 παραδοῦναι
1336 4897 1416 4969 τῷ
1451 4896 1703 4968 ἡγεμόνι,
1737 4898 1885 4961 ὅπως

274 4997 381 5050 ὑπ’
416 4994 645 5048 ἐκείνου
673 4993 1014 5064 ἀναιρεθείη*
1054 4992 1113 5047 οὐ
1145 4992 1254 5060 γὰρ
1288 4990 1416 5061 ἐξῆν
1457 4991 1639 5052 αὐτοῖς
1672 4988 1885 5057 ἀνθρὼ-

274 5105 375 5158 πῳ
435 5087 671 5156 σίδηρον
715 5086 1070 5153 ἐπιτρέπειν
1103 5083 1227 5135 ἐπεὶ
1268 5083 1327 5136 δὲ
1377 5081 1676 5152 ἀποδημῶν
1732 5078 1886 5142 οὗτος

272 5182 520 5251 ἔτυχεν,
565 5177 723 5231 αὐτοὶ
776 5176 899 5230 καθ’
947 5175 1173 5238 ἑαυτοὺς
1229 5173 1779 5243 συνδιασκεψάμενοι,
1830 5173 1888 5224 ὲν

272 5266 454 5343 ᾧπερ
488 5272 522 5340 η
547 5269 644 5323 τοῦ
675 5269 875 5322 Γότθου
910 5266 1141 5336 σύζυγος
1177 5265 1474 5321 ὲντέθαπτο
1530 5264 1776 5335 μνήματι
1827 5263 1890 5316 τό

269 5384 343 5437 γε
403 5361 521 5418 νῦν
559 5362 686 5432 ἔχον
737 5359 913 5432 αὐτὴν
958 5358 1366 5422 κατακλείουσι,
1423 5355 1557 5423 λίθῳ
1606 5372 1667 5408 τε
1699 5356 1893 5425 τραχεῖ

270 5462 378 5516 τὸν
416 5456 613 5527 τάφον
643 5454 1119 5523 διασφαλίζονται,
1163 5452 1260 5505 καὶ
1309 5449 1556 5521 φύλακας
1581 5447 1730 5518 αὑτῷ
1768 5451 1891 5518 ὲφι-

276 5556 497 5610 στᾶσε.
536 5545 962 5621 Προσϐαλοῦσης
990 5546 1049 5599 δὲ
1072 5545 1211 5616 αὐτῇ
1239 5543 1337 5613 τῆς
1365 5540 1461 5595 τοῦ
1488 5539 1688 5612 νεκροῦ
1719 5541 1891 5594 δυσω-

273 5647 439 5710 δίας,
512 5638 718 5709 πολλῆς
757 5637 1171 5707 ἀναπλησοεῖσα
1228 5637 1326 5705 τῆς
1373 5633 1563 5704 ἀηδίας
1595 5647 1609 5663 ⁸
1640 5630 1815 5702 Κύριε
1863 5633 1892 5685 6

275 5739 433 5800 Θεὸς
478 5731 599 5787 τῶν
641 5729 949 5801 δυνάμεων,
986 5727 1020 5799 ἡ
1071 5726 1200 5792 παῖς
1227 5725 1434 5795 ἔλεγεν,
1476 5723 1503 5776 6
1544 5722 1614 5778 τὰ
1645 5721 1753 5777 τῶν
1784 5721 1892 5777 σῶν

1912 4402 1959 4462 D

1970 3174 2199 3220 necatus
2233 3177 2464 3218 veneno.
2494 3159 2649 3227 Quod
2681 3158 2726 3213 si
2755 3156 2808 3212 id
2838 3171 2961 3212 eam
2988 3152 3375 3215 interfecisset,
3407 3148 3543 3203 illud

1972 3256 2197 3311 omnino
2239 3268 2467 3324 passura
2503 3259 2669 3315 esset,
2700 3248 2846 3319 quod
2892 3248 3007 3316 ipsa
3037 3245 3190 3300 fecit.
3229 3241 3366 3298 Cum
3413 3253 3544 3310 ergo

1971 3345 2160 3403 Gotthi
2219 3359 2354 3399 uxor
2408 3342 2547 3397 nihil
2602 3341 2731 3395 mali
2795 3340 3208 3408 suspicaretur,
3265 3332 3547 3402 accipiens

1973 3436 2150 3493 ebibit
2187 3434 2439 3498 calicem,
2487 3432 2784 3500 statimque
2826 3429 2982 3484 labor
3030 3439 3331 3482 conversus
3361 3435 3446 3479 est
3487 3421 3544 3476 in

1975 3536 2160 3598 caput,
2204 3535 2262 3582 et
2300 3525 2358 3580 in
2401 3525 2524 3595 ejus
2554 3524 2821 3578 verticem
2855 3519 3144 3576 descendit
3176 3517 3459 3587 iniquitas,
3487 3522 3547 3570 et

1975 3619 2175 3676 cecidit
2218 3618 2275 3673 in
2320 3616 2530 3672 foveam
2562 3630 2728 3686 quam
2780 3613 2913 3669 fecit
2959 3632 2973 3668 :
3019 3620 3076 3667 et
3100 3613 3247 3682 juste
3291 3621 3547 3678 compre-

1976 3711 2147 3767 hensa
2190 3709 2294 3764 fuit
2339 3708 2396 3763 in
2441 3710 2673 3777 laqueo,
2726 3719 2891 3775 quem
2937 3702 3321 3758 absconderat.
3366 3698 3546 3767 Atque

1977 3802 2070 3857 illa
2098 3800 2318 3871 quidem
2353 3788 2570 3871 iacebat
2612 3806 2851 3864 mortua,
2889 3804 3114 3851 extenso
3143 3805 3396 3861 corpore,
3431 3788 3548 3841 fru-

1977 3899 2100 3948 ctus
2128 3891 2312 3947 ferens
2351 3891 2545 3961 dignos
2588 3888 2894 3945 laboribus.
2934 3886 3114 3939 Animi
3157 3892 3343 3937 autem
3384 3882 3545 3949 aegri-

1979 3984 2113 4041 tudo
2155 3984 2432 4039 invaserat
2473 3983 2760 4045 Gottbum,
2809 3981 3038 4048 ejusque
3071 3974 3413 4031 necessarios
3437 4013 3451 4035 ,
3490 3976 3549 4024 et

1978 4078 2073 4147 qui
2115 4092 2316 4148 genere
2356 4075 2428 4130 ad
2470 4089 2599 4131 eum
2647 4070 2956 4127 attinebant
3002 4084 3017 4120 :
3067 4074 3235 4120 totam
3288 4061 3549 4132 implebat

1979 4169 2203 4225 domum
2259 4180 2467 4221 maeror
2520 4173 2576 4219 et
2633 4158 2852 4216 tristitia
2901 4157 2971 4212 ob
3022 4154 3374 4208 immaturam
3428 4149 3551 4219 ejus

1980 4262 2170 4316 uxoris
2201 4268 2458 4315 mortem.
2480 4257 2564 4312 Ab
2596 4255 2675 4311 eis
2698 4263 2878 4309 tamen
2900 4250 3139 4320 lugetur,
3176 4253 3238 4300 ut
3273 4249 3393 4299 erat
3411 4255 3551 4295 con-

1981 4359 2325 4415 sentaneum,
2357 4356 2414 4404 et
2456 4346 2775 4418 praeclaram
2797 4337 3158 4408 consequitur
3185 4332 3549 4404 sepulturam,

1980 4451 2038 4497 et
2066 4442 2354 4511 magniﬁce
2393 4438 2710 4507 deponitur.
3146 4474 3151 4477 .

2052 4533 2220 4589 XXII.
2251 4532 2386 4588 Cum
2413 4542 2596 4586 autem
2619 4535 2830 4597 septem
2857 4524 2977 4580 dies
3010 4520 3402 4594 praeteriissent
3430 4521 3554 4586 post

1982 4625 2351 4696 sepulturam,
2390 4631 2447 4678 et
2487 4621 2620 4678 satis
2678 4617 2944 4689 temporis
2985 4613 3456 4684 consumpsissem
3497 4606 3552 4660 in

1983 4731 2242 4784 mmrore,
2264 4715 2416 4771 venit
2441 4714 2522 4770 eis
2549 4712 2604 4767 in
2628 4720 2889 4777 mentem,
2914 4708 3143 4777 captiva;
3170 4704 3383 4760 insidiis
3411 4714 3557 4755 mor-

1985 4817 2134 4864 tuam
2175 4822 2294 4864 esse
2339 4819 2533 4861 eorum
2572 4809 2876 4872 cognatam.
2915 4800 3054 4855 Hinc
3092 4797 3296 4851 factum
3339 4799 3454 4855 est,
3498 4796 3557 4842 ut

1985 4915 2105 4955 eam
2140 4898 2363 4968 quidem
2419 4895 2622 4950 vellent
2681 4891 2898 4947 tradere
2942 4887 3195 4959 praesidi,
3243 4893 3304 4937 ut
3347 4881 3417 4935 ab
3463 4879 3556 4933 illo

1987 4993 2269 5048 tolleretur
2314 4988 2382 5043 de
2429 4986 2645 5050 medio;
2695 4998 2807 5038 non
2853 4981 3001 5037 enim
3047 4977 3246 5033 licebat
3290 4972 3372 5027 eis
3412 4971 3558 5027 ferro

1989 5083 2135 5138 illam
2181 5078 2461 5136 invadere.
2502 5076 2641 5132 Cum
2686 5083 2868 5130 autem
2919 5073 2966 5126 is
3010 5070 3246 5131 abesset,
3281 5064 3383 5134 ipsi
3434 5074 3560 5115 cum

1990 5176 2133 5231 inter
2152 5188 2212 5229 se
2239 5173 2665 5233 consultassent,
2691 5167 2745 5221 in
2764 5171 3142 5227 monumento,
3166 5161 3221 5213 in
3246 5172 3355 5227 quo
3382 5154 3559 5209 fuerat

1989 5266 2201 5338 sepulta
2234 5280 2372 5320 uxor
2403 5262 2615 5324 Gotthi,
2652 5274 2773 5314 eam
2818 5254 3110 5310 includunt
3151 5252 3205 5306 in
3246 5243 3557 5320 prtesentia,

1990 5336 2384 5427 et‘sepulcrum
2413 5351 2668 5406 muniunt
2693 5361 2889 5417 aspero
2913 5343 3114 5413 lapide,
3140 5350 3195 5397 et
3221 5340 3272 5394 ei
3298 5336 3562 5392 adhibent

1995 5449 2273 5505 custodes.
2305 5448 2441 5502 Cum
2487 5455 2618 5498 vero
2651 5439 2717 5493 ad
2747 5452 2869 5493 eam
2904 5436 3120 5490 veniret
3149 5431 3288 5487 odor
3332 5428 3563 5485 cadave-

1995 5539 2092 5602 ris,
2124 5551 2318 5608 magna
2355 5532 2564 5603 repleta
2605 5529 2852 5584 molestia
2881 5543 2893 5579 :
2924 5524 3154 5580 Domine
3196 5522 3342 5578 Deus
3384 5522 3562 5574 virtu-

1998 5638 2147 5693 tum,
2200 5626 2418 5681 dicebat
2474 5622 2688 5693 puella,
2737 5619 2841 5689 qui
2883 5626 3102 5672 tuorum
3155 5623 3455 5686 martyrum
3508 5620 3565 5665 et

1997 5719 2372 5778 confessorum
2420 5730 2520 5788 pro
2570 5723 2624 5771 te
2666 5713 2848 5771 fusum
2892 5709 3250 5782 sanguinem,
3308 5717 3567 5776 tanquam
