4066 6372
473 339 576 404 155

1684 327 1968 390 MENSIS
2002 319 2444 387 NOVEMBEB.

3611 308 3716 373 156

428 446 654 513 ’νὶνιιτιι
697 451 954 523 accepisti
999 448 1327 506 sacriﬁcium
1356 487 1370 512 ,
1419 446 1487 502 ad
1539 460 1628 501 me
1669 444 1874 514 aspice,
1921 455 2082 512 quati

2181 439 2448 511 Laptdpmv
2471 435 2564 490 καὶ
2589 430 2936 506 ὁμολογητῶν
2964 427 3105 498 ὑπερ
3136 424 3232 480 σοῦ
3265 423 3476 494 αἵματα
3508 424 3585 489 ὡς
3615 425 3721 487 ζῶ-

468 556 694 621 propter
743 553 896 599 tuum
927 551 982 597 et
1006 554 1198 597 eorum
1244 539 1339 610 qui
1373 546 1598 611 propter
1629 547 1682 593 te
1713 533 1858 606 passi
1890 543 2039 600 sunt,

469 649 783 698 sanctorum
817 649 1040 699 nomen,
1085 633 1207 687 viro
1249 632 1436 702 ignoto
1463 640 1524 686 et
1569 626 1904 698 alienigenae'
1930 640 2045 681 me-

471 729 647 798 ipsam
697 724 930 786 credidi.
959 736 1015 780 et
1053 739 1173 778 sum
1209 732 1501 794 propterea
1547 721 1798 777 damnata
1843 718 1911 774 ad
1944 718 2046 773 hoc

475 829 844 884 tormentum;
881 826 939 872 tu
970 814 1104 870 mihi
1151 826 1302 870 tuum
1349 814 1417 868 da
1462 812 1748 877 auxilium,
1777 821 1834 866 et
1862 825 1948 866 me
1977 810 2045 864 li-

476 912 609 968 bera
630 927 658 966 a
683 909 941 981 praesenti
968 909 1234 978 periculo.
1257 907 1363 963 Vos
1380 904 1794 977 quoquc,saucti
1818 902 2044 967 Christi,

475 1002 569 1073 qui
619 1001 708 1056 illa
757 1000 1181 1056 innumerabilia
1232 998 1532 1054 certamina
1601 1005 1825 1073 prepter
1867 994 2047 1064 ipsum

476 1093 834 1151 sustinuistis.
861 1100 919 1146 et
947 1107 1071 1146 eum
1101 1105 1222 1146 esse
1246 1090 1430 1145 vivum
1480 1089 1651 1143 Deum
1681 1102 1865 1142 coram
1900 1086 2050 1158 regi-

478 1189 585 1246 bus
606 1186 843 1243 confessi
869 1185 1027 1252 estis,
1051 1200 1190 1256 quos
1213 1184 1372 1239 matri
1400 1198 1534 1238 mea:
1559 1182 1793 1253 praebuit
1815 1181 2051 1238 Gotthus

479 1287 707 1351 prepter
736 1293 822 1332 me
855 1278 1232 1349 ﬁdejussores.
1278 1277 1380 1346 ipsi
1416 1291 1561 1330 nunc
1601 1276 1790 1330 adeste
1827 1273 1959 1328 mihi
1995 1273 2051 1327 in

481 1371 640 1426 malis
670 1370 950 1441 adjutores
978 1385 994 1423 :
1024 1384 1126 1424 nec
1153 1383 1274 1422 eam
1299 1367 1639 1438 despiciatis,
1661 1382 1784 1437 quas
1813 1381 1869 1422 se
1899 1364 2053 1420 vobis

483 1461 777 1518 dedicavit.
827 1462 960 1516 Cum
1015 1461 1086 1513 ita
1133 1467 1278 1514 esset
1320 1467 1561 1529 precata,
1606 1474 1718 1513 non
1765 1459 2076 1532 tardarunt.

487 1553 856 1623 lldejussores,
901 1567 1082 1621 neque
1127 1551 1464 1606 distulerunt
1493 1553 1543 1606 ei
1574 1551 1718 1607 ferre
1765 1549 2054 1611 auxilium.

2148 551 2248 589 σαν
2289 529 2724 603 προσδεξάμενος
2759 523 2976 589 θυσίαν,
3012 517 3308 588 ὲπίϐλεψον
3338 517 3425 570 ἔπ’
3461 517 3586 586 tm,
3619 518 3720 588 τὴν

2145 625 2237 679 ἐπὶ
2284 623 2362 694 τῷ
2411 622 2489 692 σῷ
2527 638 2586 674 τε
2617 618 2712 673 καὶ
2761 615 2839 685 τῷ
2868 615 2978 668 τῶν
3011 610 3098 666 διά
3126 610 3187 664 σὲ
3227 608 3509 664 παθόντων
3549 608 3722 678 άγῖων

2146 718 2392 786 ὀνόματι,
2417 713 2682 782 ἀγνώστῳ
2710 707 2866 780 ἀνδρὶ
2895 705 2992 760 καὶ
3016 701 3302 772 ἀλλοφύλῳ
3328 698 3527 770 ἑαυτὴν
3556 700 3723 768 ἐμπι-

2149 808 2478 870 στεύσασαν,
2527 804 2624 858 καὶ¹
2670 803 2761 856 διὰ
2822 798 2982 854 τοῦτο
3032 795 3239 863 ταύτην
3291 792 3723 862 κατακριθεῖσαν

2147 900 2244 970 τὴν
2278 899 2533 970 βάσανον,
2592 894 2755 956 αὐτός
2807 907 2898 962 μοι
2955 889 3056 960 τὴν
3113 885 3262 956 παρὰ
3303 884 3398 938 σοῦ
3432 883 3721 953 παράσχου

2151 979 2428 1067 βοήθειαν,
2469 989 2566 1044 καὶ
2609 987 2705 1041 τοῦ
2749 984 3017 1055 παρόντος
3068 977 3254 1047 ἐξελοῦ
3285 977 3555 1031 κινδύνου.
3615 976 3726 1029 Καὶ

2152 1066 2314 1158 ύμεῖς
2339 1085 2416 1149 δὲ,
2442 1085 2490 1136 oi
2512 1081 2606 1135 τοῦ
2634 1077 2872 1148 Χριστοῦ
2897 1077 3066 1143 άγιοι,
3096 1074 3145 1127 oi
3177 1072 3302 1134 τοὺς
3333 1070 3564 1140 μυρίους
3587 1066 3727 1120 ὲκείο

2153 1196 2282 1242 νους
2319 1177 2517 1240 ἀθλους
2552 1174 2621 1227 δι’
2654 1171 2816 1225 αὑτὸν
2849 1169 3188 1228 ὑποστάντες
3219 1164 3311 1217 καὶ
3337 1161 3527 1215 τοῦτον
3547 1159 3728 1223 ζῶντα

2153 1273 2284 1326 Θεὸν
2315 1268 2560 1323 ἐναντίον
2617 1261 2883 1335 βασιλέων
2913 1257 3374 1328 ὁμολογήσαντες,
3410 1250 3505 1313 οῦς
3527 1266 3586 1302 τε
3619 1249 3728 1318 ἐμῇ

2158 1363 2327 1434 μητρὶ
2363 1359 2638 1430 παρέσχεν
2665 1357 2694 1409 ὁ
2720 1351 2917 1413 Γότθος
2956 1346 3236 1418 ἐγγυητάς
3273 1342 3360 1396 ἐπ’
3386 1338 3731 1434 ὲμοὶηαὺτοί

2159 1429 2250 1525 μοι
2275 1429 2379 1505 ’νῦν
2409 1429 2543 1522 πρδς
2570 1448 2641 1501 τὰ
2669 1445 2819 1498 δεινά
2849 1441 3166 1512 παράστητε
3208 1434 3393 1506 βοηθοὶ
3418 1474 3451 1525 ,_
3470 1432 3602 1525 μηδὲ
3633 1429 3736 1525 τὴν

2159 1519 2289 1614 ύμῖν
2318 1519 2661 1612 ἀναθήεμὲνην
2690 1537 2760 1591 τά
2787 1533 2912 1590 κατ’
2945 1531 3116 1600 αὐτὴν
3162 1523 3514 1596 περιόψεσθε.
3547 1519 3732 1573 Ταῦτα

489 1647 596 1702 Sed
624 1646 775 1700 videt
807 1655 917 1700 tres
942 1647 1090 1700 viros
1112 1646 1234 1700 luce
1255 1644 1642 1709 circumdatos,
1668 1644 1731 1698 ad
1756 1657 1919 1712 quam
1946 1657 2056 1696 non

2181 1634 2632 1706 τροσευξαμένης,
2666 1630 2768 1683 οὐκ
2796 1625 3024 1696 ἔμελλον
3052 1625 3101 1676 οἱ
3132 1617 3424 1690 ἐγγυηταὶ,
3450 1615 3571 1669 οὐδὲ
3596 1614 3738 1684 πρὸς

490 1745 640 1808 patet
679 1737 880 1801 aditus,
924 1749 978 1792 et
1025 1737 1190 1793 laetor
1235 1737 1326 1792 ille
1367 1751 1492 1790 mox
1541 1750 1842 1790 conversus
1871 1732 1972 1786 fuit
2001 1731 2057 1786 in

2181 1731 2260 1798 τὴν
2294 1727 2464 1793 αὐτῆς
2493 1725 2746 1796 βοήθειαν
2772 1718 3154 1778 ἀνεϐάλλοντο,
3189 1710 3325 1808 ἀλλά
3357 1708 3738 1808 τρεῖς-ἄνδρας

490 1823 694 1877 bonum
721 1826 970 1888 odorem,
995 1825 1133 1879 adeo
1163 1832 1223 1878 ut
1253 1824 1520 1878 mirabilis
1545 1824 1766 1893 quidam
1795 1830 1852 1878 et
1875 1821 2060 1876 suavis

2181 1791 2282 1887 ρῶς
2305 1791 2598 1884 ἀπρόσιτον
2629 1809 3050 1883 περικειμένους
3080 1804 3184 1875 δρᾷ
3237 1801 3333 1854 καὶ
3363 1800 3430 1893 τὰ
3469 1799 3566 1893 τῆς
3603 1797 3736 1849 δυσ·

490 1914 629 1968 odor
670 1915 738 1969 ad
786 1930 904 1970 eam
949 1915 1254 1970 accederet.
1286 1916 1375 1982 Et,
1429 1916 1579 1970 Bono
1611 1917 1796 1970 animo
1835 1925 1973 1980 esto,
2007 1912 2060 1968 ei

2181 1908 2328 1970 υδὶας
2374 1905 2541 1969 εὐθὺς
2573 1907 2654 1966 είς
2713 1901 2940 1955 εὐωδίαν
2973 1893 3322 1969 μετέϐαλλεν,
3356 1891 3498 1945 ὥστε
3529 1888 3745 1982 θαυμαί-

491 2007 705 2072 dicunt,
729 2023 762 2064 ο
786 2009 1010 2074 mulier,
1029 2023 1135 2062 nec
1160 2009 1323 2073 time;
1354 2009 1463 2063 cito
1489 2007 1636 2063 enim
1661 2008 1891 2062 salutem
1916 2021 2067 2063 asses

2181 2002 2304 2070 ςτήν
2335 2015 2458 2053 τινα
2489 1997 2585 2051 καὶ
2616 1997 2800 2067 ἡδεῖαν
2835 1989 3202 2066 προσϐάλλειν
3238 1987 3380 2055 αὐτῇ
3413 1984 3512 2053 τὴν
3543 1980 3745 2074 ὀσμήν,

493 2101 701 2168 queris.
742 2101 880 2158 nihil
921 2101 1146 2156 omnino
1181 2116 1345 2171 grave
1389 2115 1567 2170 passa,
1614 2114 1718 2156 nec
1766 2101 2060 2170 ingratum.

495 2191 681 2265 Neque
701 2196 848 2250 enim
873 2195 1123 2251 {alienius
1147 2194 1576 2264 ﬁdeiussiouem,
1598 2209 1778 2264 neque
1803 2192 2066 2249 dilatione

498 2294 719 2341 utemur
749 2287 802 2341 in
838 2287 1034 2342 salute.

568 2554 760 2611 XXIII.
784 2554 920 2611 Cum
955 2554 1071 2609 luec
1094 2568 1224 2621 ergo
1252 2555 1425 2615 sancti
1460 2554 1510 2610 ei
1539 2553 1824 2617 dixissent.
1857 2570 1922 2611 ea
1958 2566 2074 2610 sta-

502 2644 596 2699 tim
644 2652 902 2713 tanquam
931 2659 963 2698 a
989 2658 1048 2698 se
1074 2643 1439 2709 discessisset,
1488 2644 1780 2699 resolvitur
1813 2645 1868 2699 in
1903 2661 2070 2715 sopo-

501 2750 639 2799 rem,
664 2735 870 2805 Deique
902 2733 1124 2798 invicta,
1149 2751 1451 2805 eorumque
1503 2735 1595 2804 qui
1627 2735 1807 2805 ipsum
1833 2736 2072 2791 confessi

501 2827 734 2889 fuerant,
761 2828 984 2894 virtute,
1010 2828 1065 2896 (ο
1093 2827 1418 2882 miraculum
1453 2826 1673 2898 dignum
1698 2827 1792 2882 Dei
1827 2828 2078 2898 benigni-

503 2928 613 2976 tate
641 2929 698 2975 et
725 2921 1028 2989 potentia!)
1084 2920 1360 2990 quomodo
1393 2920 1535 2975 alius
1565 2920 1788 2990 quidam
1821 2921 2075 2978 Habacuc

504 3012 767 3082 propheta
787 3022 1064 3068 momento
1084 3014 1346 3083 temporis
1367 3013 1756 3084 Hierosolymis
1780 3015 2076 3070 translatus

2171 2091 2285 2146 Καὶ
2329 2089 2542 2161 θάρσει,
2593 2087 2778 2156 γύναι,
2825 2083 2960 2153 φασὶ
3006 2081 3144 2152 πρὸς
3189 2079 3358 2150 αὐτὴν
3392 2077 3608 2138 ἐκείνοι,
3650 2071 3750 2125 καὶ

2176 2185 2250 2254 μὴ
2288 2181 2478 2252 φοϐοῦ·
2512 2179 2738 2249 ταχείας
2771 2177 2879 2246 γάρ
2909 2173 3090 2239 τεύξει
3117 2171 3218 2242 τῆς
3247 2169 3543 2239 σωτηρίας,
3570 2163 3747 2220 δεινὸν

2173 2275 2347 2339 οὐδὲν,
2373 2273 2494 2326 οὺδδ
2527 2272 2693 2340 ἀχαρι
2722 2267 3090 2335 ὐπομείνασα’
3122 2262 3245 2317 οὕτε
3274 2261 3386 2331 γὰρ
3411 2255 3749 2329 τὴνζὲγγύην

2172 2366 2514 2438 ψευσόμεθα,
2545 2362 2670 2417 οὔτε
2715 2359 2950 2429 ἀναϐολῇ
2986 2356 3117 2429 περὶ
3148 2356 3248 2427 τὴν
3297 2353 3574 2424 σωτηρίαν
3614 2364 3752 2422 χρη-

2178 2459 2407 2530 σὸμεθα.

2252 2547 2384 2606 Kl".
2407 2546 2592 2601 Ταῦτα
2618 2543 2800 2598 τοίνυν
2833 2540 2942 2595 τῶν
2974 2539 3146 2609 ἁγίων
3172 2537 3310 2609 αὐτῇ
3342 2530 3754 2603 διαλεχθέντων,

2183 2644 2381 2698 αὐτίκα
2420 2639 2612 2710 ῶσπερ
2638 2640 2700 2689 ἐν
2730 2636 2986 2690 ἐκστάσει
3025 2632 3293 2701 γενομένη
3345 2627 3503 2681 ὑπνοῖ
3537 2626 3602 2694 τῇ
3658 2620 3752 2676 τοῦ

2181 2734 2318 2790 Θεοῦ
2367 2750 2426 2786 τε
2459 2732 2656 2802 ἀμάχῳ
2690 2731 2786 2783 καὶ
2814 2727 2924 2779 τῶν
2955 2724 3120 2778 αὑτὸν
3149 2719 3610 2791 ὁμολογησάντων
3660 2715 3794 2770 δυο.

2181 2830 2368 2898 νάμει,
2398 2823 2445 2878 ὣ
2470 2823 2746 2892 θαύματος
2776 2817 2928 2883 ἀξίου
2959 2817 3060 2882 τῆς
3095 2813 3190 2868 τοῦ
3213 2811 3349 2865 θεοῦ
3384 2808 3757 2881 χρηστότητος

2182 2938 2244 2976 τε
2295 2919 2388 2972 καὶ
2436 2915 2763 2986 δυνάμεωςι
2814 2911 3068 2980 καθάπερ
3113 2923 3195 2970 τις
3231 2905 3391 2968 ἀλλος
3434 2901 3758 2972 Ἀμϐακοὺμ

2187 3004 2476 3084 προφήτης
2510 3010 2570 3064 ἐν
2606 3009 2704 3078 μιᾷ
2743 3004 2937 3074 καιροῦ
2976 3003 3116 3074 ῥοπῇ
3171 2999 3278 3052 ἀπὸ
3313 2997 3422 3052 τῶν
3459 2991 3761 3084 Ἰεροσολύ-

505 3079 623 3158 l'uit
653 3104 983 3176 Babylonem
1027 3105 1069 3136 "
1113 3121 1129 3158 :
1172 3079 1267 3158 aut
1311 3115 1370 3158 ut
1399 3079 1705 3174 discipulus
1738 3105 2024 3175 Philippus
2053 3121 2082 3160 a

2191 3079 2318 3174 μων
2341 3079 2480 3171 πρὸς
2511 3097 2611 3167 τὴν
2639 3093 2938 3148 Βαϐυλῶνα
2971 3087 3258 3162 μετετέθη⁶
3286 3084 3320 3156 ἢ
3355 3085 3430 3146 ὡς
3455 3084 3482 3136 6
3514 3079 3766 3182 μαθητὴς

505 3196 644 3252 l‘acie
671 3197 914 3252 eunuchi
947 3196 1219 3265 Ethiopis
1257 3207 1446 3266 raptus
1473 3212 1502 3251 a
1535 3197 1745 3266 Spiritu
1767 3199 1811 3230 ι’
1841 3216 1855 3252 :
1887 3199 2080 3254 eodem

507 3289 674 3344 modo
716 3289 832 3359 ipsa
875 3304 1096 3360 quoque
1141 3290 1422 3344 dormiens
1458 3289 1786 3344 transfertur
1822 3306 1851 3344 a
1886 3307 2084 3346 monu-

508 3392 698 3437 mento
719 3392 776 3436 et
799 3383 1112 3437 restituitur
1140 3382 1195 3436 in
1221 3382 1484 3452 templum
1517 3384 1892 3438 conlessorum
1919 3383 2085 3440 simul

510 3481 566 3527 et
589 3484 908 3544 martyrum.
937 3472 1172 3528 Reddita
1199 3487 1331 3542 ergo
1366 3473 1496 3527 huic
1527 3475 1730 3544 templo
1762 3485 2083 3546 martyrum,

511 3579 636 3618 cum
670 3579 827 3618 mane
853 3579 974 3618 eam
1017 3579 1244 3620 somnus
1275 3565 1596 3630 remisisset,
1630 3566 1781 3620 videt
1809 3567 1857 3620 ei
1894 3582 2089 3622 rursus

513 3664 760 3712 astantes
782 3657 985 3712 Christi
1016 3658 1380 3721 confessores,
1411 3669 1464 3712 et
1492 3659 1780 3713 dicentes:
1839 3658 2087 3713 Scisnam

515 3747 680 3802 modo”
727 3749 819 3805 ubi
852 3752 970 3804 sis?
1001 3749 1138 3805 Cum
1187 3751 1298 3805 huc
1341 3766 1470 3820 ergo
1499 3761 1556 3807 et
1584 3751 1718 3806 illuc
1754 3752 2090 3819 circumspeo

517 3837 710 3898 sisset.
739 3848 796 3892 et
825 3839 994 3893 veluti
1022 3840 1088 3893 ad
1115 3855 1175 3893 se
1205 3840 1480 3904 rediisset,
1505 3849 1560 3893 et
1586 3841 1758 3895 aedem
1783 3841 2093 3910 agnovisset

518 3927 852 3991 oratoriam,
907 3930 1127 3999 impleta
1174 3929 1281 3984 fuit
1325 3931 1475 3984 omni
1525 3930 1758 4000 gaudio,
1799 3938 1855 3982 et
1899 3941 2092 3997 uiagua

518 4018 715 4075 all‘ecta
739 4019 840 4074 fuit
859 4021 1245 4077 admiratione.
1269 4021 1578 4076 Laeta-batur
1599 4021 1811 4087 videns,
1835 4022 2094 4091 stupebat

518 4116 703 4168 animo
731 4114 994 4184 cogitans,
1028 4114 1130 4168 sibi
1161 4113 1458 4177 diuidebat,
1485 4114 1763 4169 nesciebat
1786 4113 1918 4183 quid
1959 4128 2092 4183 age-

520 4215 646 4260 ret:
679 4217 961 4276 postremo
994 4207 1232 4275 procidit
1261 4207 1328 4261 ad
1363 4206 1532 4277 pedes
1561 4215 1902 4268 sanctorum,
1933 4215 1989 4260 et
2013 4206 2097 4259 eis

521 4299 630 4367 agit
657 4301 878 4366 gratias.
909 4300 989 4354 llli
1017 4309 1202 4354 autem
1222 4299 1275 4353 ei
1303 4299 1566 4354 dixerunt
1598 4317 1612 4354 :
1645 4300 1841 4354 Nostra
1873 4299 2095 4369 impleta

520 4399 604 4444 est
633 4389 934 4459 ﬁdeiussio.
966 4392 1110 4446 Vade
1159 4393 1213 4446 in
1247 4408 1378 4461 pace
1426 4392 1493 4446 ad
1544 4403 1774 4448 matrem
1827 4403 1997 4446 tuam.
2030 4391 2097 4446 Et

2181 3169 2451 3254 ιίνίλιππος
2480 3189 2588 3242 ἀπὸ
2633 3184 2926 3260 προσώπου
2959 3182 3058 3236 τοῦ
3108 3179 3365 3246 εὐνούχου
3400 3174 3630 3246 ἡρπάγη
3658 3169 3767 3223 ὑπὸ

2181 3286 2277 3341 τοῦ
2310 3282 2652 3352 Πνεύματος,
2694 3277 2786 3330 τὸν
2824 3276 2988 3329 αὑτὸν
3021 3274 3195 3343 δήπου
3248 3269 3340 3327 καὶ
3373 3267 3512 3334 αὐτῇ
3561 3263 3768 3352 τρόπον

2183 3378 2280 3431 τοῦ
2318 3351 2604 3446 μνήματος
2641 3367 2982 3423 καθεύδουσα
3013 3360 3384 3435 μετατίθεται,
3418 3358 3515 3410 καὶ⁵
3545 3353 3624 3424 τῷ
3654 3351 3770 3422 ναῷ

2187 3471 2298 3523 τῶν
2349 3463 2706 3537 δμολογητῶν
2745 3459 2884 3530 ὁμοῦ
2915 3459 3009 3511 καὶ
3043 3454 3340 3528 μαρτύρων
3390 3447 3766 3503 ἀποκαθίστα·

2185 3579 2299 3616 ται.
2350 3559 2442 3627 Τῷ
2486 3556 2676 3625 τοιῷδε
2713 3553 2807 3606 οὖν
2835 3548 3271 3606 ἀποκαταστᾶσα
3301 3543 3412 3596 τῶν
3475 3537 3771 3609 μαρτύρων

2187 3651 2316 3723 νεῷ,
2351 3651 2492 3705 κατὰ
2529 3648 2592 3699 τδ
2631 3643 2962 3716 περξορθρον
2993 3638 3082 3694 τοῦ
3131 3637 3302 3691 ὕπνου
3330 3634 3500 3704 αὐτὴν
3541 3629 3775 3684 ὑπανέν-

2186 3760 2300 3807 τος,
2340 3739 2698 3810 παρεστῶτας
2733 3737 2874 3805 αὐτῇ
2931 3732 3058 3795 τοὺς
3088 3728 3180 3783 τοῦ
3212 3724 3450 3796 Χριστοῦ
3488 3723 3777 3792 μάρτυρας

2189 3838 2284 3889 καὶ
2321 3833 2478 3895 αὖθις
2523 3831 2645 3900 δρᾷ,
2673 3830 2788 3890 καὶ,
2824 3821 2998 3878 Οἶσθα
3048 3821 3150 3875 ποῦ
3189 3820 3316 3889 άρτι
3349 3812 3397 3870 εί
3431 3833 3446 3881 ;
3494 3815 3774 3880 λέγοντας.

2191 3923 2649 3995 Περιϐλεψαμένη
2705 3919 2800 3973 οὖν
2835 3908 2984 3989 τῇδε
3051 3915 3277 3969 κάκεῖσε
3325 3913 3421 3965 καὶ
3470 3907 3657 3975 ὥσπερ
3717 3908 3778 3956 ἐν

2193 4019 2363 4087 ἑαυτῇ
2417 4014 2692 4084 γενομένη
2726 4012 2820 4066 καὶ
2853 4012 2948 4063 τὸν
2975 3995 3286 4078 εύκτήριον
3328 4004 3439 4056 τῶν
3478 3999 3778 4071 μαρτύρων

2193 4109 2344 4166 οἷκον
2403 4107 2853 4177 ἀναγνωρίσασα,
2888 4103 3073 4171 πάσης
3102 4118 3162 4152 τε
3194 4097 3388 4169 ἡδονῆς
3424 4093 3778 4160 πεπλήρωτο,

2196 4205 2290 4258 καὶ⁸
2330 4201 2514 4271 πολλῷ
2543 4199 2620 4270 τῷ
2647 4198 2886 4268 θαύματι
2919 4194 3342 4261 κατεπλήττετο,
3377 4187 3600 4257 ἔχαιρεν
3638 4181 3780 4252 ὁρῶ-

2198 4311 2289 4357 σα,
2321 4294 2574 4359 ἐξίστατο
2622 4288 2904 4348 ἐννοοῦσα,
2937 4286 3104 4354 ἑαυτῇ
3158 4281 3458 4349 διηπίστει,
3495 4277 3598 4328 οὐκ
3631 4271 3780 4342 εἶχεν

2198 4388 2225 4440 ὅ
2251 4403 2304 4439 τι
2329 4386 2424 4437 καὶ
2461 4383 2692 4450 γένοιτο.
2727 4381 2918 4441 Τέλος,
2947 4379 3060 4437 τοῖς
3103 4372 3212 4426 τῶν
3243 4370 3414 4436 ἁγίων
3449 4366 3786 4434 προσπίπτει

524 4477 601 4533 illi
632 4479 852 4548 quidem
879 4497 944 4535 ex
970 4483 1144 4536 oculis
1172 4451 1353 4536 statim
1385 4492 1744 4538 evanuerunt.
1779 4483 1872 4537 llla
1900 4491 2082 4536 autem

2206 4475 2354 4535 ποσὶ,
2376 4472 2471 4524 καὶ
2503 4471 2604 4532 τὰς
2629 4462 3086 4536 εὐχαριστηρίους
3123 4456 3288 4526 εὐχὰς
3315 4453 3664 4508 ἀποδίδωσιν.
3719 4451 3787 4503 υἱ

524 4571 590 4625 ad
614 4586 807 4624 eorum
831 4587 1046 4641 capsam
1073 4573 1360 4639 accedens,
1381 4584 1437 4628 et
1459 4575 1717 4628 ardenter
1739 4574 2094 4642 amplectens,

523 4671 581 4716 et
609 4662 875 4733 lacrymas
898 4664 1173 4733 Voluptate
1203 4674 1259 4719 et
1291 4666 1488 4720 timore
1516 4665 1679 4719 simul
1709 4665 1899 4722 mistas
1923 4664 2102 4720 eli'un-

526 4756 664 4811 deus
697 4773 712 4810 :
746 4758 891 4812 Deus
938 4770 1146 4822 noster,
1181 4756 1418 4823 dicebat,
1454 4759 1507 4812 in
1554 4759 1696 4813 coelo
1736 4767 1791 4812 et
1836 4758 1892 4812 in
1934 4765 2098 4827 terra,

527 4851 710 4905 omnia
759 4866 1102 4921 quaecunque
1152 4851 1347 4917 voluit,
1382 4851 1511 4906 fecit
1537 4868 1551 4904 :
1580 4852 1766 4906 emisit
1794 4865 1825 4906 e
1855 4852 2016 4918 cmlo,
2046 4861 2102 4908 et

529 4958 616 4996 me
641 4947 898 4999 servavit.
929 4945 1255 5000 Benedictus
1276 4961 1356 5010 es,
1391 4945 1640 5009 Domine,
1667 4944 1760 5014 qui
1792 4959 1982 4999 servas
2000 4959 2097 4999 eos

532 5035 626 5105 qui
657 5047 880 5106 sperant
908 5039 960 5090 in
993 5049 1064 5092 te.
1092 5040 1330 5107 Vespere
1360 5035 1628 5090 habitavit
1655 5050 1868 5090 mecum
1897 5035 2098 5101 luctus,

532 5136 587 5182 et
618 5143 779 5183 mane
817 5129 1114 5185 exsultatio
1141 5130 1210 5185 ⁸⁸.

2206 4567 2263 4621 δὲ
2315 4563 2451 4634 πρὸς
2493 4561 2683 4629 αὐτὴν,
2737 4558 2821 4610 Τά
2851 4556 2948 4624 τῆς
2973 4551 3251 4622 ἡμετέρας
3286 4547 3421 4609 ίδοὺ,
3476 4546 3665 4608 φασὶν,
3693 4546 3790 4606 εγ-

2207 4658 2345 4728 γύης
2379 4654 2758 4723 πεπλήρωται.
2795 4646 3035 4717 Πορεύου
3084 4643 3238 4712 παρά
3285 4641 3385 4710 τὴν
3424 4640 3637 4708 μητέρα
3687 4635 3789 4703 τὴν

2209 4753 2312 4821 σὴν
2355 4751 2414 4803 ὲν
2465 4748 2684 4818 εἰρήνῃ.
2723 4745 2834 4798 Καὶ
2878 4744 2927 4795 οί
2975 4741 3074 4810 μὲν
3124 4737 3289 4799 εὐθὺς
3323 4733 3432 4786 τῶν
3487 4729 3788 4821 ὀφθαλμῶν

2208 4818 2426 4910 ἐκείνης
2471 4840 2802 4907 διέστησαν·
2855 4837 2890 4906 η
2937 4833 2996 4886 δὲ
3040 4835 3109 4903 τῇ
3167 4827 3375 4881 τούτων
3411 4818 3788 4892 προσελθθιῦσα

2212 4936 2376 5009 σορῷ,
2415 4933 2634 5004 θερμῶς
2666 4947 2723 4983 τε
2759 4924 3214 5001 περιπτυξαμένη
3271 4921 3367 4974 καὶ
3415 4919 3629 5009 δάκρυα

2213 5003 2498 5100 νῆςόμοῦ
2543 5026 2639 5080 καὶ
2689 5023 2859 5093 φόϐου
2907 5017 3156 5088 συμμιγῆ
3193 5012 3528 5082 καταχέασα,
3572 5006 3633 5057 ’0
3660 5003 3797 5100 Deo;

2213 5096 2409 5194 ἡμῶν,
2433 5119 2641 5187 ἔλεγεν,
2673 5118 2731 5168 ὲν
2759 5114 2838 5183 τῷ
2866 5108 3082 5180 ούρανῷ
3139 5108 3234 5160 καὶ
3285 5105 3342 5156 ὲν
3378 5102 3562 5194 τῇ
3612 5096 3794 5194 πάντα

533 5223 634 5275 ὅσα
679 5221 947 5290 ἠθέλησεν
999 5221 1276 5291 ἐποίησεν,
1323 5218 1705 5284 ἐξαπέστειλεν
1754 5219 1813 5286 ἐξ
1869 5215 2103 5288 ούρανοῦ
2143 5191 2456 5269 καί-ίὲσωσέ
2511 5227 2602 5279 με.
2659 5203 2964 5273 Εὐλογητὸς
3003 5197 3072 5265 εί,
3111 5197 3309 5268 Κύριε,
3353 5195 3380 5246 ὁ
3411 5191 3600 5252 σώζων
3666 5191 3800 5245 τοὶς

534 5313 854 5378 ἐλπίζοντας
895 5313 988 5368 ἐπὶ
1024 5313 1124 5367 σοί.
1161 5315 1234 5366 Τὸ
1262 5313 1503 5381 ἑσπέρας
1532 5311 1764 5382 ηὐλίσθη
1816 5327 1908 5382 μοι
1942 5308 2244 5380 κλαυθμὸς,
2281 5306 2376 5361 καὶ
2409 5306 2488 5367 είς
2513 5303 2574 5354 τὸ
2608 5297 2753 5370 πρωῒ
2780 5293 3131 5364 ἀγαλλίασις.

613 5407 801 5462 XXIV.
827 5407 962 5462 Cum
989 5424 1120 5479 ergo
1141 5408 1273 5462 satis
1300 5408 1466 5477 longo
1497 5415 1742 5476 tempore
1770 5422 1960 5477 preces
1985 5419 2110 5459 cum

541 5499 801 5572 lacrymis
846 5501 1239 5572 producentem
1290 5501 1524 5569 puellam
1574 5499 1787 5554 videret
1832 5496 2112 5560 sacerdos,

547 5591 644 5663 qui
669 5599 788 5646 erat
814 5593 869 5646 in
901 5593 1125 5663 templo,
1153 5601 1210 5647 et
1233 5591 1450 5649 audiret
1486 5591 1782 5664 gratiarum
1817 5588 2110 5650 actionem,

2292 5396 2420 5453 KA'.
2463 5396 2579 5464 Ἐφ’
2622 5393 2806 5446 ἱκανὸν
2837 5385 2928 5442 οὖν
2963 5389 3062 5457 τῆς
3093 5384 3247 5455 ὥρας
3273 5383 3374 5443 τὰς
3401 5373 3567 5445 εὐχὰς
3597 5371 3804 5464 δάκρυ-

2219 5509 2303 5544 σιν
2359 5488 2790 5559 παρατείνασαν,
2840 5485 2867 5535 ὁ
2897 5481 2956 5534 ὲν
3002 5479 3082 5551 τῷ
3121 5477 3232 5546 ναῷ
3281 5471 3461 5544 ἱερεὺς
3489 5469 3590 5564 την
3628 5463 3800 5564 κόρην

2217 5584 2400 5645 ὁρῶν,
2448 5582 2541 5635 καὶ
2585 5578 2692 5634 τῶν
2742 5573 3174 5647 εὐχαριστηρίων
3223 5565 3460 5634 ἀκούων,
3519 5560 3804 5628 διαπορῶν

631 5766 678 5800 ⁸⁸
713 5766 847 5822 Dan.
883 5782 990 5835 xxv,
1029 5764 1121 5824 '55.
1199 5766 1242 5800 "
1269 5763 1390 5820 Act.
1423 5777 1541 5827 vm,
1579 5760 1668 5818 '59.
1749 5759 1793 5791 ⁸ο
1821 5755 1962 5815 Psal.
1989 5763 2206 5819 cum,
2235 5746 2288 5803 6.
