4060 6374
300 375 406 446 15⁸1

1189 371 1658 436 MARTYRIUM
1692 371 1755 436 S.
1791 367 2059 431 GURLE
2098 370 2194 432 ET
2225 370 2638 435 SOCIORUM.

3453 371 3554 438 158

295 482 394 558 ἦν.
439 481 574 539 Εἶτα
617 483 788 554 ἤρετο
827 481 1145 552 προσελθὼν
1170 485 1272 556 τὴν
1299 485 1500 551 αίτίαν,
1548 483 1619 538 δι’
1642 484 1710 555 ἢν
1740 481 1884 536 οὕτω

2004 482 2293 540 lubitabat.
2327 481 2533 539 Deinde
2571 479 2858 548 accedens,
2909 479 3134 552 rogabat
3178 493 3422 543 causam.
3456 498 3556 538 cur

297 595 364 633 τε
411 575 830 649 προσευχομένη
867 573 1128 644 ὠδύρετο,
1161 577 1260 631 καὶ
1286 577 1527 632 τοσαῦτα
1583 575 1768 646 ἐκχέοι
1811 574 1881 628 τὰ

298 672 535 740 δάκρυα,
566 667 662 720 καὶ
691 666 833 736 ὑπὲρ
858 666 980 720 ὅτου
1009 667 1110 732 τὰς
1159 669 1514 739 εὐχαριστίας
1553 668 1882 738 προσφέροι.

309 762 380 816 Ἦ
407 761 466 814 δὲ
497 758 648 827 αύτῷ
685 758 865 813 πάντα
912 747 1112 829 διεξῄει
1141 759 1211 813 τὰ
1240 761 1359 814 κατ’
1391 759 1584 828 αὐτὴν,
1631 760 1782 818 ὅπως
1819 772 1882 809 τε

298 852 382 922 τῷ
418 850 605 917 Γότθῳ
665 847 818 917 παρά
869 849 969 917 τῆς
1006 850 1215 919 μητρὸς
1275 851 1602 920 συναφθείη,
1662 850 1758 902 καὶ
1806 847 1884 911 ὡς

298 944 476 1011 τούτῳ
505 941 962 1011 συναποδημῆσαι
992 944 1105 1005 τοῖς
1135 943 1324 1013 ὅρκοις
1351 942 1712 1006 πιστεύσασα,
1733 942 1883 1004 ὅπως

299 1053 364 1088 τε
395 1035 456 1087 τὸ
493 1032 685 1101 τεχθὲν
715 1032 856 1103 αὐτῇ
887 1031 993 1085 ὑπὸ
1032 1031 1110 1102 τῷ
1142 1031 1330 1102 Γότθῳ·
1359 1032 1640 1103 φαρμάκῳ
1670 1030 1883 1102 ζημιω-

303 1125 452 1195 θείη,
493 1123 590 1175 καὶ
645 1122 793 1182 ὅπως
847 1122 926 1192 τῷ
963 1122 1122 1192 τάφῳ
1151 1123 1594 1193 κατακλεισθείη,
1636 1124 1731 1177 καὶ
1761 1124 1886 1188 οἵας

304 1219 406 1289 τῆς
456 1213 625 1284 τύχης
679 1216 1022 1283 πειράσαιτο,
1081 1215 1179 1268 καὶ
1239 1217 1374 1278 οῐας-
1413 1216 1514 1286 τῆς
1561 1215 1885 1286 ἀπαλλαγῆς

307 1305 466 1376 παρά
495 1307 611 1359 τῶν
647 1304 822 1372 ἁγίων
855 1303 1030 1372 τύχοι.
1067 1303 1284 1357 Τούτων
1319 1306 1348 1358 ὁ
1403 1306 1587 1375 ίερευς
1615 1303 1883 1366 ἀκούσας,

308 1398 562 1462 ὲξίστατο
598 1395 820 1460 ἑαυτοῦ,
870 1395 1189 1466 διηπορεῖτο
1221 1394 1298 1465 τῷ
1333 1393 1552 1465 μεγέθει
1607 1393 1702 1448 τοῦ
1757 1393 1889 1446 θαύ-

313 1508 507 1560 ματος,
541 1490 680 1558 πρὸς
707 1488 971 1542 ἀπιστίαν
1001 1487 1097 1539 καὶ
1125 1486 1313 1540 πίστιν
1359 1487 1459 1557 τὴν
1488 1485 1667 1556 ψυχὴν
1699 1485 1890 1554 ἐμερί-

313 1581 463 1643 ζετο.
491 1579 658 1633 Ὅθεν
693 1580 791 1632 καὶ
823 1577 1160 1646 τελε.ότερον
1207 1577 1279 1632 τὰ
1317 1579 1436 1630 κατ’
1467 1577 1637 1647 αὐτὴν
1686 1593 1892 1630 πιστω-

316 1669 482 1738 θῆναι
523 1668 852 1738 βουλόμενος
884 1668 968 1730 τίς
1003 1685 1064 1721 τε
1091 1671 1124 1738 ἡ
1166 1670 1351 1740 μήτηρ
1381 1670 1478 1740 τῆς
1507 1672 1679 1739 κόρης
1723 1670 1891 1722 ἐπυν-

1985 577 2067 632 εἱο
2111 591 2274 632 orans
2301 576 2716 635 lamentaretur,
2760 581 2818 629 et
2852 581 2962 627 tam
2994 573 3203 628 multas
3244 573 3557 630 cﬂ‘underet

1985 668 2275 738 lacrymas,
2303 675 2357 721 et
2385 676 2486 736 pro
2514 681 2624 736 quo
2660 665 2888 720 offerret
2917 665 3212 735 gratiarum
3254 666 3554 720 actionem.

1987 758 2081 813 Illa
2110 767 2293 811 autem
2321 755 2372 812 ei
2405 756 2646 810 narravit
2676 769 2790 808 rem
2827 769 3066 818 omnem,
3091 753 3556 823 quemadmodum

1985 859 2042 905 et
2080 847 2284 903 Gottho
2329 862 2360 902 a
2404 855 2580 901 matre
2621 847 2810 916 juncta
2858 843 3052 898 fuisset
3091 845 3464 907 matrimonio,
3499 850 3559 897 et

1988 941 2451 1014 quemadmodum
2483 955 2606 995 cum
2634 955 2701 994 eo
2731 937 2977 1001 abiisset,
3006 937 3166 990 fidem
3193 936 3402 990 habens
3429 936 3558 990 dato

1987 1036 2058 1091 ab
2097 1051 2164 1090 eo
2192 1033 2548 1106 jurejurando
2587 1049 2602 1086 :
2637 1038 2693 1086 et
2734 1028 3195 1100 quemadmodum
3247 1029 3408 1090 fetus,
3459 1029 3552 1096 qui

1989 1128 2194 1184 Gottho
2216 1142 2280 1182 ex
2303 1142 2363 1181 ea
2384 1135 2502 1181 erat
2529 1131 2708 1190 natus,
2744 1136 2953 1176 veneno
2985 1121 3270 1191 periissetv:
3291 1127 3346 1174 et
3366 1133 3561 1187 quem-

1989 1212 2286 1269 admodum
2331 1213 2524 1269 fuisset
2571 1213 2781 1268 inclusa
2829 1211 2880 1264 in
2928 1210 3202 1279 sepulcro,
3251 1216 3307 1262 et
3345 1207 3562 1277 qualem

1989 1315 2215 1375 experta
2248 1315 2394 1361 esset
2437 1303 2736 1367 fortunam,
2767 1309 2822 1356 et
2853 1301 3071 1371 qualem
3117 1315 3144 1352 a
3177 1298 3381 1352 sanctis
3413 1313 3562 1352 asse-

1989 1406 2114 1452 cuta
2146 1405 2292 1452 esset
2320 1395 2725 1450 liberationem.
2771 1392 2895 1447 Haec
2925 1407 3048 1445 cum
3080 1389 3346 1444 audiisset
3371 1404 3558 1442 sacer-

1991 1488 2112 1550 dos.
2141 1503 2172 1542 a
2200 1504 2259 1543 se
2295 1488 2454 1557 plane
2484 1485 2820 1546 discedebat,
2857 1483 3140 1538 dubitabat
3175 1491 3400 1550 propter
3443 1495 3561 1533 ma-

1991 1579 2332 1652 gnitudinem
2381 1580 2522 1649 ejus,
2557 1577 2705 1648 quod
2743 1576 3072 1630 narrabatur
3123 1593 3136 1626 :
3175 1572 3563 1627 incredulitate

1991 1683 2048 1730 et
2076 1673 2180 1727 fide
2207 1674 2328 1742 ejus
2353 1670 2704 1726 dividebatur
2733 1669 2969 1722 animus.
2992 1665 3148 1721 Unde
3176 1666 3341 1718 etiam
3372 1663 3565 1719 volens

315 1760 533 1863 θάνετο,
580 1760 672 1812 καὶ
722 1754 940 1829 ἧστινος
995 1759 1222 1830 ὥρμητο
1272 1760 1372 1830 τῆς
1417 1761 1616 1824 οἰκίας.
1661 1759 1774 1830 Τῆς
1829 1761 1886 1814 δὲ

2004 1765 2065 1820 de
2093 1779 2158 1820 ea
2213 1763 2418 1818 certior
2457 1761 2595 1825 fieri,
2638 1758 2864 1829 rogabat
2905 1770 3154 1827 quaenam
3201 1763 3348 1808 esset
3393 1763 3568 1806 mater

315 1852 490 1906 ταῦτα
517 1852 596 1921 τῷ
622 1852 760 1921 ίερεί
782 1851 1234 1921 ἀποκριναμένης
1261 1851 1360 1921 τὴν
1385 1852 1485 1922 μὲν
1510 1853 1682 1923 κόρην
1716 1851 1888 1915 οὕτως

2004 1855 2209 1926 puellae.
2239 1862 2296 1908 et
2329 1868 2360 1907 e
2396 1868 2503 1922 qua
2537 1852 2700 1906 domo
2743 1860 2890 1904 esset
2931 1858 3069 1902 orta.
3108 1845 3244 1901 Cum
3289 1860 3350 1898 ea
3383 1852 3566 1897 autem

318 1946 380 1998 ιν
405 1943 480 2013 τῷ
511 1941 626 2012 ναῷ
658 1943 902 2011 κατέχει,
963 1943 1381 2012 μεταστέλλεται
1411 1945 1468 1998 δὲ
1515 1945 1613 2016 τὴν
1671 1944 1891 2015 μητέρα

320 2040 460 2106 πρὸς
505 2039 722 2091 ἑαυτόν.
761 2037 826 2091 Ἦ
867 2037 924 2090 δὲ
972 2038 1067 2091 τὸν
1112 2037 1405 2109 εύκτήριον
1454 2036 1606 2094 οἷκον
1657 2039 1894 2093 καταλα-

319 2126 516 2191 ϐοῦσα,
570 2127 667 2180 καὶ
699 2126 801 2197 τὴν
857 2125 1155 2196 θυγατέρα,
1211 2127 1290 2197 τῷ
1343 2128 1481 2197 ἱερεῖ
1529 2127 1893 2198 παρεστῶσαν

319 2215 585 2283 ἐξαίφνης
614 2215 944 2284 θεασαμένη,
971 2218 1163 2285 πρῶτα
1202 2215 1305 2286 μὲν
1340 2217 1658 2287 περιϐάλλει
1687 2215 1893 2286 ταύτην

319 2307 418 2358 καὶ
465 2305 686 2376 θερμῶς
738 2305 1208 2374 προσπτύσσεται,
1256 2305 1350 2360 τοῦ
1395 2307 1622 2377 φίλτρου
1677 2308 1896 2371 πάντως

321 2397 512 2458 ἁπλῶς
544 2397 826 2459 ποιοῦντος
856 2398 916 2450 τὸ
947 2398 1078 2451 ίδιον
1102 2415 1117 2430 ·
1161 2391 1281 2453 εἶτα
1316 2399 1411 2453 ἐπὶ
1442 2399 1575 2453 πολὺ
1601 2399 1695 2452 καὶ
1725 2400 1894 2470 ἀλλή-

322 2489 441 2551 λαις
468 2487 934 2556 δφησυχάζουσαι,
969 2489 1070 2558 τῆς
1108 2490 1364 2559 οίμωγῆς
1411 2490 1602 2554 αὑταῖς
1641 2491 1739 2562 τὴν
1783 2509 1895 2559 φω-

323 2581 424 2650 νὴν
453 2581 779 2652 ιπεχούσης,
818 2580 1048 2635 καὶτῶν
1084 2580 1334 2651 δακρύων
1360 2581 1461 2652 τὴν
1509 2581 1728 2652 ὁμιλίαν
1777 2583 1898 2636 δια-

324 2673 637 2726 κοπτόντων
661 2690 678 2706 ο
726 2673 827 2741 τῆς
861 2673 962 2744 μὲν
998 2673 1108 2743 γὰρ
1154 2672 1459 2746 ὑπέθραττε
1504 2674 1604 2746 τὴν
1630 2676 1808 2746 ψυχὴν
1862 2677 1894 2748 ἡ

326 2766 457 2828 παῖς
503 2764 762 2835 ὁρωμένη
802 2765 863 2817 ἑν
910 2765 1174 2828 δουλικοῖς
1216 2765 1484 2834 ἐνδύμασι
1513 2767 1609 2820 καὶ⁸
1647 2769 1898 2838 προσχή-

331 2871 490 2925 μασι,
527 2856 565 2926 η
605 2855 849 2926 θυγάτηρ
897 2857 955 2912 δὲ
1006 2858 1173 2911 πάλιν
1224 2857 1520 2928 ὲπλήττετο
1545 2859 1644 2929 τὴν
1670 2859 1900 2928 καρδίαν

327 2946 412 2999 ὃτι
468 2947 563 3000 ἐπὶ
618 2951 884 3018 χρησταῖς
933 2948 1114 3003 ἐλπίσι
1143 2950 1247 3019 τῆς
1306 2951 1513 3020 μητρὸς
1557 2951 1897 3019 διαζυγεῖσα,

327 3037 506 3102 οὕτως
551 3041 824 3108 ἐπανῆκεν
859 3041 1096 3110 ἀτίμως,
1155 3042 1228 3104 ὡς
1263 3042 1616 3096 ἐκκαλεῖσθαι
1662 3045 1756 3096 καὶ
1793 3044 1902 3096 ἀπὸ

1996 1946 2368 2017 respondisset
2398 1942 2694 2008 sacerdoti,
2729 1943 2774 1995 is
2809 1940 3031 2010 quidem
3072 1938 3307 2007 puellam
3341 1936 3396 1990 in
3431 1943 3570 1989 tern-

1993 2040 2085 2111 plo
2130 2039 2382 2102 detinet,
2451 2045 2680 2090 matrem
2716 2043 2898 2087 autem
2946 2033 3012 2087 ad
3061 2047 3118 2086 se
3162 2031 3420 2086 accersit.
3474 2028 3569 2082 llla

2001 2147 2136 2187 vero
2165 2146 2291 2185 cum
2337 2130 2402 2184 ad
2434 2129 2606 2183 aedem
2647 2123 3249 2185 venissetoratoriam,
3295 2130 3352 2176 et
3403 2122 3569 2174 filiam

1996 2222 2266 2279 sacerdoti
2306 2221 2651 2275 assistentem
2692 2225 2920 2285 repente
2961 2216 3288 2283 aspexisset.
3332 2213 3571 2282 primum

1996 2314 2218 2385 quidem
2263 2327 2383 2367 eam
2415 2309 2675 2364 ardenter
2713 2306 3083 2375 amplectitur,
3119 2319 3305 2358 amore
3345 2304 3572 2358 omnino

2003 2422 2104 2463 suo
2156 2405 2415 2474 fungente
2454 2400 2653 2456 officio.
2693 2397 2900 2453 Deinde
2950 2397 3043 2451 diu
3095 2397 3238 2450 inter
3281 2409 3340 2449 se
3388 2395 3572 2460 silent,

1996 2498 2149 2553 luctu
2202 2509 2393 2550 vocem
2441 2491 2796 2562 reprimente,
2848 2498 2906 2543 et
2959 2487 3214 2559 lacrymis
3261 2500 3570 2540 sermonem

1997 2585 2548 2654 interrumpentibus.
2595 2581 2730 2636 Nam
2780 2579 2970 2634 matris
3016 2578 3240 2648 quidem
3293 2575 3576 2646 frangebat

1999 2680 2240 2735 animum
2277 2677 2407 2739 lilia,
2439 2688 2560 2741 qua:
2587 2669 2918 2726 cernebatur
2955 2669 3010 2722 in
3057 2667 3245 2722 servili
3289 2667 3491 2720 vestitu
3523 2673 3579 2718 et

2004 2769 2221 2825 habitu.
2279 2766 2414 2821 Filia
2465 2773 2646 2818 autem
2713 2777 2907 2815 rursus
2962 2760 3144 2815 animo
3205 2757 3574 2821 sauciabatur,

2000 2857 2148 2930 quod
2197 2857 2341 2911 bona
2377 2869 2492 2924 spe.
2539 2867 2568 2906 a
2615 2860 2788 2905 matre
2834 2850 3129 2918 disjuncta,
3184 2856 3294 2900 tam
3345 2847 3581 2914 turpiter

2001 2954 2280 3018 rediisset,
2316 2961 2376 3006 ut
2415 2950 2501 3004 vel
2533 2947 2649 3002 solo
2680 2953 2901 3012 aspectu
2951 2947 3274 3010 provocarvt
3305 2937 3369 2990 ad
3416 2937 3580 2990 mise-

2003 3043 2317 3099 ricordiam.
2355 3039 2491 3094 Cum
2531 3050 2660 3104 ergo
2693 3035 2781 3088 vix
2832 3033 3049 3087 tandem
3088 3038 3264 3082 mater
3307 3041 3366 3079 se
3410 3025 3577 3079 colle-

331 3130 505 3198 μόνης
531 3131 632 3200 τῆς
670 3131 802 3194 θέας
840 3132 932 3184 τδν
966 3131 1135 3187 ἔλεον.
1163 3133 1337 3194 Μόλις
1362 3132 1494 3200 γοῦν
1520 3134 1552 3202 ή
1589 3132 1776 3204 μήτηρ
1803 3134 1901 3202 τῆς

2006 3138 2172 3208 gisset
2221 3134 2288 3188 ab
2339 3131 2535 3186 acerba
2584 3128 2674 3182 illa
2727 3125 3072 3186 confusione,
3128 3119 3340 3189 rogavit
3389 3116 3576 3180 filiam,

329 3222 539 3291 πικρᾶς
588 3223 813 3292 ἐκείνης
866 3223 1234 3292 ἀνενεγκοῢσα
1259 3223 1572 3292 συγχύσεως
1600 3224 1900 3278 ἀνεπυνθά-

2007 3245 2256 3303 quaenam
2279 3229 2329 3282 ei
2355 3225 2702 3284 accidissent,
2729 3230 2784 3276 et
2809 3215 3270 3289 quemadmodum
3301 3211 3576 3271 rediisset,

330 3330 455 3368 νετο
484 3314 584 3385 τῆς
617 3315 810 3379 παιδὸς
854 3316 980 3370 τίνα
1007 3332 1064 3369 τε
1094 3316 1232 3385 αὐτῇ
1265 3316 1333 3379 τᾴ
1368 3315 1774 3384 συμϐεϐηκότα,
1806 3318 1901 3370 καὶ

2004 3301 2061 3379 et
2092 3321 2352 3392 quidnam
2399 3316 2594 3372 fecerit
2630 3329 2749 3369 eam
2799 3311 2953 3366 indui
2999 3319 3105 3363 tam
3153 3305 3448 3362 serviliter.
3481 3301 3580 3356 llla

328 3405 482 3468 ὅπως
509 3405 778 3474 ἐπανῆκε,
810 3407 904 3461 καὶ
919 3407 972 3460 τί
1003 3407 1065 3459 τδ
1090 3407 1350 3470 δουλικῶς
1376 3406 1548 3477 αὐτὴν
1573 3405 1716 3460 οὕτω
1745 3424 1904 3478 περι-

330 3495 636 3565 δεὸλῆσθαι
670 3496 927 3562 ποιῆσαν.
963 3498 1028 3552 Ἥ
1056 3499 1112 3553 δὲ
1141 3498 1325 3553 πάντα
1351 3498 1418 3553 τὰ
1448 3495 1570 3551 κατ’
1601 3497 1771 3569 αὐτὴν
1826 3501 1902 3565 ὡς

332 3584 446 3657 εἶχε
495 3590 566 3659 τῇ
627 3590 794 3658 μητρὶ
844 3590 1067 3661 διεξῄει,
1100 3591 1231 3662 ἡδέα
1287 3592 1426 3661 μετά
1455 3591 1556 3661 τὴν
1587 3593 1904 3664 ἀπαλλαγὴν

332 3677 461 3731 ὄντα
493 3679 593 3732 καὶ
623 3679 902 3747 λέγεσθαι,
936 3683 1030 3735 καὶ
1061 3683 1378 3741 ἀκούεσθαι.
1430 3685 1587 3741 Ἐπεὶ
1617 3683 1713 3741 οὖν
1745 3688 1840 3739 καὶ
1871 3687 1903 3755 ὴ

335 3771 550 3842 μήτηρ;
587 3771 659 3824 τὰ
688 3771 784 3825 τοῦ
812 3773 948 3825 Θεοῦ
976 3790 1036 3829 τε
1070 3776 1166 3828 καὶ
1193 3776 1303 3830 τῶν
1335 3777 1690 3848 όμολογητῶν
1739 3779 1906 3834 αὐτοῦ

335 3861 430 3914 καὶ
461 3863 762 3934 μαρτύρων
787 3866 867 3927 είς
897 3864 996 3936 τὴν
1025 3865 1300 3940 θυγατέρα
1353 3870 1615 3939 γεγονότα
1645 3871 1909 3941 τεράστια

335 3953 568 4007 ἐπύθετο
616 3957 744 4026 παρ’
780 3957 973 4026 αὐτῆς,
1007 3959 1187 4012 πᾶσαν
1237 3961 1454 4032 εκείνην
1483 3963 1584 4031 τὴν
1628 3964 1846 4034 ἡμέραν
1880 3965 1908 4017 ὁ

335 4045 628 4116 εύκτήριος
655 4048 764 4101 τῶν
797 4049 1093 4121 μαρτύρων
1120 4049 1270 4115 οἶκος
1302 4054 1620 4125 ἀμφοτέρας
1649 4053 1764 4125 εἶχε
1817 4071 1912 4124 με-

336 4137 677 4203 γαλυνούσας
724 4140 818 4194 τὸν
859 4139 1066 4212 Κύριον
1098 4157 1112 4172 θ
1145 4143 1388 4213 ἑσπέρας
1417 4145 1474 4196 δὲ
1511 4146 1636 4217 ἄρτι
1665 4146 1908 4200 καταλα-

336 4228 541 4297 ϐούσης
574 4231 750 4295 ἐξίασι
802 4231 898 4286 τοῦ
945 4231 1072 4298 νεὼ,
1120 4235 1215 4288 καὶ
1249 4236 1328 4306 τῷ
1353 4235 1496 4307 οἴκῳ
1546 4237 1645 4305 μὲν
1700 4237 1911 4291 ἑαυτῶν

337 4321 682 4376 ἀποδίδονται
708 4339 723 4354 ο
755 4327 821 4394 τῇ
851 4325 1082 4398 ιπιούσῃ
1108 4325 1164 4380 δὲ
1193 4316 1448 4398 πανταχῆ
1502 4344 1562 4381 τε
1591 4328 1656 4382 τὸ
1685 4329 1909 4397 γεγονὸς

338 4411 611 4477 διεδίδοτο,
645 4415 739 4467 καὶ
767 4415 828 4467 τὸ
860 4416 1061 4486 πλῆθος
1085 4418 1179 4472 ἐπὶ
1203 4418 1305 4489 τὴν
1336 4421 1508 4490 κόρην
1541 4422 1638 4473 καὶ
1670 4421 1780 4474 τῶν
1814 4421 1910 4475 ἄλ-

2007 3418 2188 3469 autem
2225 3408 2469 3465 narravit
2508 3404 2691 3461 omnia
2727 3403 2908 3464 matri,
2947 3409 3005 3454 ut
3035 3413 3094 3454 se
3131 3395 3426 3455 habebant,
3460 3403 3582 3460 qua:

2011 3515 2133 3576 post
2154 3503 2537 3558 liberationem
2567 3505 2726 3552 erant
2749 3492 2993 3566 jucunda
3019 3499 3075 3544 et
3096 3490 3246 3543 dictu
3281 3495 3336 3539 et
3364 3483 3580 3536 auditu.

2007 3574 2143 3656 Cum
2177 3609 2309 3666 ergo
2341 3602 2538 3655 mater,
2571 3603 2694 3661 qua:
2732 3605 2760 3641 a
2795 3587 2904 3640 Deo
2940 3592 2995 3638 et
3023 3584 3142 3651 ejus
3175 3574 3584 3634 ronfessoribus

2008 3699 2066 3746 et
2094 3663 2430 3757 martj'ribus
2470 3683 2612 3736 facta
2657 3681 2880 3734 fuerant
2908 3677 2962 3729 in
2999 3674 3165 3726 filiam
3198 3667 3484 3729 miracula,
3516 3663 3584 3717 ab

2009 3798 2073 3838 ea
2121 3779 2461 3839 audivisset,
2511 3783 2687 3829 totum
2755 3771 2908 3824 illum
2965 3768 3108 3820 diem
3155 3764 3394 3816 oratoria
3443 3760 3587 3810 renes

2009 3884 2313 3945 martyrum
2343 3870 2534 3924 ambas
2563 3865 2757 3920 habuit
2788 3862 3080 3916 Dominum
3114 3855 3422 3910 laudantes.
3447 3847 3583 3903 Cum

2009 3943 2250 4024 venisset
2300 3973 2482 4017 autem
2532 3972 2783 4026 vespera.
2832 3953 3192 4024 egrediuntur
3225 3961 3256 4000 e
3298 3943 3500 4011 templo
3531 3947 3588 3994 et

2012 4059 2234 4114 domum
2287 4059 2659 4108 revertuntur.
2711 4047 2807 4101 Die
2848 4059 2980 4099 vero
3017 4037 3290 4109 sequenti,
3336 4043 3392 4088 et
3440 4030 3586 4101 quod

2009 4150 2214 4204 factum
2237 4145 2435 4208 fuerat,
2460 4143 2512 4195 in
2534 4153 2752 4194 omnem
2777 4145 2984 4206 partem
3010 4134 3114 4186 fuit
3133 4126 3583 4184 disseminatum:

2012 4247 2067 4296 et
2102 4235 2399 4292 multitudo
2424 4231 2734 4288 confluebat
2758 4228 2824 4281 ad
2851 4225 3090 4296 puellam
3116 4235 3306 4276 eorum
3331 4219 3424 4285 qui
3452 4215 3589 4268 alio-

2015 4332 2110 4402 qui
2144 4327 2211 4384 ad
2241 4341 2361 4382 eam
2389 4322 2717 4380 attinebant.
2749 4319 3030 4394 Deumque
3072 4311 3235 4367 simul
3265 4323 3390 4363 cum
3420 4319 3506 4368 ea.
3535 4311 3591 4356 et

2015 4439 2134 4487 eos,
2157 4421 2250 4492 qui
2283 4426 2505 4490 pr0pter
2535 4417 2713 4484 ipsum
2747 4410 2893 4481 passi
2923 4409 3162 4468 fuerant,
3193 4402 3590 4473 glorificantes.

339 4500 442 4563 hu;
499 4505 896 4575 προσηκόντων
952 4508 1272 4579 συνέρρεον,
1334 4489 1428 4562 τὸν
1486 4509 1622 4564 Θεόν
1716 4527 1776 4564 τε
1831 4511 1949 4582 ἀμα
1987 4513 2125 4581 αὐτῇ
2175 4489 2453 4567 καὶτοὺς
2501 4504 2569 4557 δι’
2633 4501 2793 4556 αὑτὸν
2886 4496 3158 4558 παθόντας
3223 4492 3410 4559 ἁγίους
3476 4489 3589 4541 ἑδό⁴

342 4597 529 4662 ξαζον.

408 4689 541 4747 κε’.
594 4691 786 4762 Χρόνῳ
833 4692 892 4746 δὲ
950 4689 1217 4761 ὕστερον,
1249 4691 1382 4755 Θεὸς
1451 4693 1480 4742 ό
1529 4692 1640 4745 τῶν
1695 4695 1901 4764 ἐκδικὴ⁴

2091 4689 2257 4747 XXV.
2292 4683 2602 4755 Aliquando
2646 4691 2827 4736 autem
2864 4685 2990 4748 post
3031 4684 3273 4742 tempore
3308 4670 3453 4724 Deus
3493 4667 3600 4720 Do-

342 4797 485 4832 σεων
562 4780 808 4848 Κύριος,
855 4779 1342 4849 ιπαρρησιάσατο,
1396 4778 1584 4850 ὑψώθη
1641 4781 1671 4832 ό
1718 4782 1919 4852 κρίνων

339 4873 439 4940 τὴν
506 4871 632 4939 ﬁt,
692 4870 976 4924 ἀπέδωκεν
1031 4869 1406 4924 ἀνταπόδοσιν
1468 4874 1580 4933 τοῖς
1634 4871 1919 4942 ὑπερηφά-

342 4975 474 5023 νοις.
509 4961 751 5031 Πέρσαις
806 4961 917 5030 γὰρ
962 4958 1179 5014 οὖννων
1219 4959 1642 5032 προσθεμένων,
1677 4964 1922 5028 καὶτοὺς

343 5053 473 5120 περὶ
517 5051 620 5122 τὴν
672 5052 937 5108 Ἔδεσσαν
1001 5053 1200 5116 τόπους
1279 5053 1360 5107 ἐτι
1434 5054 1920 5124 κατατρεχόντων,

344 5146 627 5198 στέλλεται
686 5145 786 5215 μὲν
863 5145 960 5199 καὶ
1033 5142 1190 5209 αὖθις
1254 5147 1581 5209 Ἐδεσσινοῖς
1648 5149 1728 5208 είς
1781 5164 1924 5214 συμ-

346 5235 550 5305 μαχίαν
613 5235 767 5305 παρὰ
837 5234 1123 5305 Ῥωμαίων
1189 5237 1460 5304 στρατὸς,
1507 5228 1668 5303 ἐφίἶ)
1718 5237 1826 5290 τῶν
1865 5237 1922 5291 δὲ

341 5321 426 5390 εἷς
473 5323 542 5399 ἦν
571 5326 666 5380 καὶ
722 5328 752 5380 ό
793 5327 962 5389 πολὺς
995 5325 1094 5396 τὴν
1131 5325 1436 5398 μοχθηρίαν
1465 5328 1685 5395 Γότθος,
1727 5331 1818 5382 καὶ
1853 5333 1920 5400 τῇ

335 5418 441 5487 τῆς
505 5417 766 5485 γυναικὸς
831 5419 983 5490 οίκίᾳ
1031 5420 1195 5473 πάλιν
1243 5422 1534 5490 ἐπιδημεῖ·
1579 5421 1839 5492 ἐπιδημεῖ
1864 5421 1920 5475 δὲ

336 5509 692 5573 πεποιθότως
768 5509 864 5563 ἇτε
927 5510 1181 5581 γαμϐρὸς
1253 5512 1410 5583 ἑστία
1465 5513 1766 5582 πενθερικῇ
1828 5514 1922 5566 καὶ

338 5603 514 5671 μηδὲν
563 5595 643 5657 ὧν
671 5604 731 5656 ἐν
761 5600 841 5672 τῷ
873 5603 1072 5676 ἀφανεῖ
1099 5602 1464 5658 ιπεδούλευσε
1498 5603 1735 5675 φανερὸν
1762 5603 1920 5674 γενέ-

338 5691 474 5745 σθαι
510 5693 783 5749 ὑπονοῶν.
819 5693 1030 5748 Γνοῦσα
1063 5695 1244 5750 τοίνυν
1275 5697 1309 5767 ἠ
1352 5697 1454 5766 τῆς
1510 5696 1700 5758 παιδὸς
1735 5697 1918 5766 μήτηρ

338 5782 454 5852 τὴν
501 5784 594 5842 τοῦ
649 5785 848 5859 ἀνδρὸς
881 5787 1214 5859 παρουσίαν,
1240 5788 1340 5861 τὴν
1384 5789 1485 5860 μὲν
1515 5787 1794 5858 θυγατέρα
1842 5789 1910 5856 τῇ

2021 4788 2204 4842 minus
2251 4780 2520 4834 ultionum
2563 4775 2734 4829 libere
2784 4772 2914 4842 egit,
2965 4770 3020 4821 in
3073 4768 3241 4820 altum
3292 4766 3466 4817 elatus
3509 4769 3595 4812 est

2020 4872 2112 4943 qui
2141 4869 2350 4941 judicat
2384 4876 2606 4926 terram,
2636 4861 2875 4916 reddidit
2906 4856 3161 4926 superbis
3203 4849 3600 4906 remuneratio-

2020 4939 2168 5019 nem.
2198 4962 2330 5016 Nam
2356 4972 2481 5013 cum
2513 4954 2690 5009 Hunni
2725 4951 2904 5007 Persis
2935 4964 2992 5003 se
3021 4945 3419 5015 adjnnxissent,
3453 4947 3508 4993 et
3538 4939 3594 4991 in

2019 5057 2164 5120 loca,
2192 5067 2313 5124 qua:
2339 5057 2498 5106 erant
2525 5046 2668 5101 circa
2706 5043 2985 5104 Edessam,
3015 5039 3196 5093 adhuc
3231 5035 3472 5088 facerent
3506 5031 3590 5084 in-

2024 5147 2324 5207 cursiones,
2353 5154 2545 5196 rursus
2573 5137 2793 5209 quidem
2819 5134 2884 5188 ad
2910 5133 3213 5187 Edessenos
3238 5129 3290 5180 in
3323 5125 3586 5178 auxilium

2022 5253 2053 5292 a
2082 5236 2340 5292 Romanis
2390 5232 2629 5286 mittitur
2672 5229 2968 5283 exercitus.
3017 5223 3172 5277 Unus
3216 5228 3396 5272 autem
3426 5213 3592 5268 exiis

2027 5335 2148 5381 erat
2177 5332 2339 5380 etiam
2369 5319 2825 5377 sceleratissimus
2845 5304 3110 5379 Gotthus;
3143 5320 3197 5366 et
3228 5309 3377 5362 venit
3406 5318 3599 5358 rursus

2024 5419 2079 5474 in
2110 5417 2336 5472 domum
2372 5413 2641 5468 mulieris.
2665 5411 2828 5465 Venit
2861 5415 3045 5463 autem
3075 5402 3440 5461 confidenter,
3475 5406 3592 5448 tan-

2023 5527 2186 5581 quam
2222 5521 2390 5580 gencr
2422 5507 2477 5559 in
2510 5507 2734 5558 domum
2780 5514 2994 5562 socrus,
3038 5496 3176 5551 nihil
3209 5507 3421 5554 eorum,
3471 5502 3597 5558 qua

2031 5602 2242 5658 occulte
2267 5605 2630 5669 perpetrarat,
2656 5592 3004 5648 manifestum
3029 5588 3269 5644 evasisse
3290 5584 3596 5654 suspicans.

2029 5694 2162 5750 Cum
2192 5706 2323 5761 ergo
2353 5689 2700 5760 cognovisset
2727 5693 2902 5738 mater
2928 5683 3048 5753 ejus
3077 5680 3397 5737 adventura,
3429 5674 3592 5728 filiam

2027 5783 2250 5856 quidem
2287 5781 2520 5838 includit
2563 5779 2620 5835 in
2664 5777 2829 5834 domo
2875 5775 3164 5836 interiore,
3200 5768 3449 5840 cogitans
3480 5778 3598 5820 rem
