4060 6374
447 299 550 364 159
1669 296 1952 359 MENSIS
1987 296 2186 358 NOVE
2197 298 2427 362 MBER.
3571 295 3674 362 160

442 419 625 476 facere
671 413 1098 485 sapientiorem,
1158 425 1322 480 quam
1373 424 1495 480 quae
1546 409 1798 465 videatur
1848 424 2045 480 posse.

2072 433 2082 469 ι
2121 409 2376 482 ἐνδοτέρᾳ
2401 409 2549 482 οίκίᾳ
2577 410 2979 479 ἐγκατακλείεὶ,
3010 408 3320 479 σοφώτερον
3345 407 3376 480 ἦ
3404 409 3545 462 κατά
3573 425 3675 477 γυ·

441 510 636 565 eadere
667 507 723 560 in
755 504 1063 559 mulierem.
1107 501 1202 556 Illa
1242 511 1425 558 autem
1475 517 1602 558 eum
1647 503 1850 573 excipit
1879 518 2006 558 cum

2105 505 2267 556 ναῖκα
2305 505 2536 574 πρᾶγμα
2568 503 2772 574 δρᾶσαι
2801 501 3176 572 διανοουμένη.
3229 501 3292 554 Ἢ
3329 501 3384 554 δὲ
3425 502 3562 571 μετά
3587 517 3677 556 πε-

442 599 660 670 gaudio,
682 594 960 666 quomodo
989 595 1102 663 ipse
1128 609 1187 649 se
1214 594 1435 659 habeat,
1467 597 1842 662 interrogans;
1871 611 2009 667 quo-

2108 596 2390 668 ριχαρείας
2433 596 2597 649 αὐτὸν
2639 595 2981 664 ὑποδέχεται,
3031 594 3185 656 ὅπως
3229 593 3329 661 μὲν
3354 590 3528 660 ορτως
3562 593 3676 663 ἔχοι

441 690 603 744 modo
632 702 764 741 vero
810 686 920 741 ﬁlia
955 687 1061 740 iter
1089 686 1145 740 in
1175 687 1293 756 ejus
1323 686 1546 741 domum
1589 686 1924 754 confecerit;
1954 695 2010 742 et

2106 683 2441 755 διερωτῶσα,
2474 683 2621 745 ὅπως
2655 683 2712 736 δὲ
2743 683 2842 752 τὴν
2882 683 2975 734 ἐπὶ
3007 680 3077 733 τὰ
3123 681 3301 733 οίκετα
3335 681 3526 734 τούτου
3560 681 3678 734 ὁδὸν

440 773 714 843 quomodo
755 773 827 828 sit
873 781 1229 840 conservata;
1272 785 1330 829 et
1363 775 1848 843 quemadmodum,
1881 790 2008 832 cum

2108 775 2142 844 ή
2184 775 2431 846 θυγάτηρ
2483 774 2753 844 διήνυσεν,
2784 773 2936 836 ὅπως
2972 789 3032 825 τε
3080 771 3336 842 διεσώθη,
3379 773 3475 825 καὶ
3519 771 3681 839 ἐγκύ-

439 871 584 918 esset
621 863 864 933 gravida,
899 863 1171 931 pepererit
1196 881 1212 922 ;
1239 873 1293 918 et
1321 865 1465 932 quod
1493 875 1798 935 pepererat,
1835 877 2009 923 esset-

2111 879 2227 932 μων
2264 858 2400 916 οὖσα
2427 861 2636 928 τέτοκε,
2672 861 2766 915 καὶ
2798 863 2824 914 ὃ
2852 879 2906 914 τι
2929 862 2991 914 τὸ
3020 861 3232 931 τεχθὲν,
3273 863 3444 932 appet:
3473 862 3506 932 ἢ
3542 861 3678 930 θῆλύ

440 969 510 1007 ne
557 952 854 1015 masculus,
908 967 978 1005 an
1029 951 1252 1007 femina.
1307 953 1422 1023 Ego
1469 955 1637 1020 enim,
1691 957 1890 1026 inquit,
1941 956 2010 1013 de

2111 953 2278 1007 ἐστιν.
2337 952 2483 1020 Ἐγὼ
2532 953 2663 1021 γὰρ,
2721 954 2874 1024 φησὶ,
2927 952 3129 1024 πολλὴν
3181 952 3282 1024 τὴν
3335 955 3468 1023 περὶ¹
3525 954 3681 1023 ὑμῶν

440 1045 600 1100 vobis
649 1061 798 1101 eram
839 1047 993 1102 valde
1046 1047 1318 1113 sollicita,
1369 1063 1438 1104 ne
1487 1047 1642 1104 vobis
1685 1048 1742 1102 in
1787 1049 1909 1114 via,
1957 1059 2013 1106 et

2111 1043 2413 1114 ἐποιούμην
2441 1045 2720 1114 φροντίδα,
2749 1045 2824 1115 μή
2855 1044 2960 1097 πού
2986 1061 3038 1096 τι
3075 1042 3214 1097 κατά
3239 1043 3338 1113 τὴν
3363 1044 3679 1114 ὁδοιπορίαν

443 1140 679 1193 maxime
714 1138 839 1192 lilite
870 1154 1005 1195 mea:
1033 1155 1197 1210 grave
1228 1139 1436 1209 aliquid
1465 1140 1762 1205 accideret,
1798 1148 1859 1195 ut
1891 1157 2013 1212 qua:

2112 1135 2240 1205 ὑμῖν
2274 1135 2370 1188 καὶ
2406 1134 2641 1204 μάλιστα
2670 1137 2734 1206 τῇ
2772 1137 2879 1206 ἐμῇ
2919 1133 3152 1206 θυγατρὶ⁵
3179 1135 3471 1206 συνενεχθῇ
3499 1135 3684 1206 δυσχεο

443 1235 588 1294 esset
636 1243 942 1298 prmgnans,
973 1236 1028 1283 et
1060 1229 1311 1299 pariendi
1360 1239 1574 1300 tempus
1599 1230 1714 1301 jam
1746 1231 1798 1286 ei
1841 1247 2013 1302 appe-

2114 1226 2230 1298 ρές,
2256 1226 2520 1296 ἐγκύμονί
2553 1243 2611 1278 τε
2662 1228 2756 1279 καὶ
2794 1226 2894 1295 ἥδη
2931 1227 3068 1296 πρὸς
3094 1226 3155 1280 τὸ
3188 1226 3394 1280 τίκτειν
3432 1227 3687 1280 καθιστα-

446 1328 607 1374 teret.
644 1318 880 1373 Gotthus
917 1327 1123 1385 autem,
1159 1327 1220 1373 ut
1260 1320 1355 1389 qui
1399 1335 1510 1375 non
1539 1336 1606 1375 ex
1636 1321 1704 1377 iis
1745 1338 1867 1392 quae
1897 1323 2013 1392 ipse

2117 1318 2273 1390 μένῃ.
2316 1318 2429 1372 Καὶ
2467 1319 2494 1372 ό
2523 1317 2722 1382 Γότθος
2753 1317 2945 1386 ὥσπερ
2975 1318 3074 1371 οὐκ
3101 1317 3193 1386 ἀφ’
3221 1313 3298 1372 ὧν
3335 1318 3499 1379 αὐτὸς
3529 1317 3686 1388 έδρα-

367 1437 371 1443 -
445 1410 682 1474 fecerat,
728 1409 826 1464 sed
867 1425 935 1464 ex
982 1410 1048 1465 iis
1094 1426 1215 1481 quae
1267 1411 1560 1468 ineﬂabilis
1603 1412 1970 1483 dispensaver:

2117 1426 2230 1478 σεν,
2261 1409 2379 1464 ἀλλ’
2409 1411 2504 1479 ἀφ’
2532 1403 2608 1463 ὧν
2665 1411 2699 1482 ἡ
2739 1411 2982 1481 άρρητος
3020 1410 3374 1482 ᾠκονόμησεν
3408 1411 3686 1482 ἀγαθότης

446 1503 685 1564 bonitas.
736 1503 1094 1573 responderet
1125 1522 1139 1558 :
1168 1504 1384 1571 Omnia,
1435 1505 1677 1571 dicebat,
1727 1515 1875 1562 recte
1907 1507 2017 1562 tuis

2115 1505 2214 1567 τάς
2276 1504 2615 1574 ἀποκρίσεις
2681 1504 3044 1571 ποιούμενος·
3085 1503 3174 1556 Ἐν
3233 1503 3450 1570 καλοῖς,
3506 1505 3683 1572 ἔλεγε,

445 1609 762 1651 successere
793 1596 1068 1666 precibus.
1095 1596 1226 1654 Sine
1250 1598 1360 1653 ulla
1391 1608 1577 1654 autem
1602 1600 1849 1656 molestia
1870 1600 2014 1655 viam

2116 1595 2298 1652 πάντα
2329 1598 2452 1657 ταῖς
2483 1598 2604 1659 σαῖς
2635 1594 2946 1666 προσῆλθον
2983 1593 3190 1664 εὐχαῖς.
3232 1595 3477 1658 ’Λλύπως
3505 1597 3562 1649 δέ
3591 1596 3686 1648 καὶ

447 1701 576 1740 cum
607 1696 699 1741 tua
726 1687 836 1741 lilia
866 1689 1198 1758 peregimus,
1224 1697 1279 1744 et
1309 1690 1376 1745 ad
1403 1691 1548 1746 aedes
1579 1707 1728 1747 meas
1759 1691 2016 1747 alacriter

2083 1687 2216 1758 ﬁ"er
2255 1687 2372 1739 ὁδὸν
2407 1686 2524 1756 ἅμα
2557 1689 2624 1757 τῇ
2660 1688 2727 1756 σῇ
2777 1684 3009 1756 θυγατρὶ
3058 1684 3415 1757 διηνύσαμεν,
3447 1686 3541 1740 καὶ
3572 1689 3686 1749 τοῖς

447 1778 830 1846 pervenimus;
873 1780 1087 1848 peperit
1135 1791 1317 1836 autem
1371 1783 1541 1838 ﬁlium
1588 1784 1914 1849 masculum,
1965 1799 2022 1842 et

2088 1754 2092 1793 ί
2123 1746 2276 1849 ἐμοῖς
2319 1746 2574 1846 εὐθύμως·
2597 1746 2880 1846 ἀπέσὼθη,
2909 1746 3002 1829 καὶ
3031 1778 3114 1829 ὅτι
3134 1746 3304 1829 ’τέκοι-
3329 1746 3541 1829 παιδίον
3591 1746 3691 1848 ἆῤζ

447 1883 594 1922 nunc
624 1883 755 1922 sana
799 1878 855 1922 et
886 1869 1004 1923 laeta
1038 1869 1135 1923 tibi
1173 1871 1462 1940 plurimam
1504 1889 1602 1942 per
1643 1890 1729 1929 me
1761 1877 1891 1930 dicit
1932 1893 2021 1932 sa-

2126 1872 2240 1940 ῥεν,
2271 1870 2362 1921 καὶ
2394 1868 2489 1923 νῦν
2521 1868 2582 1920 ἐν
2613 1867 2774 1938 ὑγεία
2811 1867 2943 1920 οὖσα
2973 1869 3068 1921 καλ⁵
3098 1867 3355 1938 εὐθυμία,
3408 1868 3580 1922 πολλά
3628 1885 3688 1920 σε

447 1958 639 2012 lutem.
676 1958 831 2024 Quod
864 1961 970 2016 nisi
1012 1972 1236 2032 repente
1277 1964 1429 2020 missi
1460 1980 1708 2020 essemus
1733 1968 1799 2021 ad
1831 1968 2019 2023 feren-

2123 1959 2190 2013 δι’
2230 1959 2364 2030 ἐμοῦ
2399 1958 2801 2031 προσαγορεύει
2828 1977 2889 2012 τε
2919 1961 3011 2012 καὶ
3049 1958 3380 2020 ἀσπάζεται.
3415 1956 3481 2011 Εἰ
3511 1957 3569 2010 δέ
3613 1959 3690 2028 μὴ

449 2049 578 2105 dum
609 2051 894 2117 auxilium,
921 2053 1035 2123 ipsa
1062 2070 1283 2126 quoque
1307 2057 1376 2112 ad
1414 2066 1466 2114 te
1498 2074 1714 2115 mecum
1743 2061 2015 2117 rediisset.

2123 2051 2187 2102 ἐκ
2213 2049 2306 2102 τοῦ
2337 2049 2581 2119 ἀφνιδίου
2613 2048 2750 2120 πρὸς
2785 2047 3101 2118 συμμαχίαν
3139 2047 3464 2117 ἐστάλημεν,
3517 2047 3688 2100 ἐπαν-

2122 2141 2258 2211 ῆκεν
2292 2140 2358 2194 ἄν
2392 2157 2476 2192 σοι
2512 2139 2607 2193 καὶ
2636 2139 2774 2208 αὑτὴ
2809 2139 2908 2192 σὺν
2941 2138 3086 2207 ἐμοί.

522 2225 714 2282 XXVI.
747 2228 872 2283 Ilaec
911 2244 1035 2283 cum
1069 2242 1243 2286 mater
1273 2233 1512 2301 audiret,
1554 2236 1633 2290 ira
1665 2236 2023 2305 replebantur

2199 2227 2346 2297 KG".
2374 2229 2592 2282 Τούτων
2625 2229 2657 2296 ἡ
2691 2231 2876 2298 μήτηρ
2908 2226 3213 2292 ἀκούσασα,
3247 2225 3416 2298 ὀργῆς
3440 2243 3500 2278 τε
3529 2225 3695 2294 ἐπλη-

450 2327 506 2368 ct
537 2317 900 2372 versabantur
940 2321 1061 2389 ejus
1091 2321 1324 2387 viscera,
1355 2333 1415 2380 ut
1443 2340 1565 2394 qua:
1610 2327 2024 2382 abominaretur

2129 2322 2288 2393 ροῦτο
2323 2321 2418 2374 καὶ
2455 2321 2524 2374 τὰ
2570 2319 2854 2388 σπλάγχνα
2929 2319 3240 2388 ἐστρέφετο,
3283 2317 3460 2388 ἐργων
3496 2318 3695 2372 ἀδίκων

451 2406 597 2461 bona
631 2409 826 2476 verba,
871 2411 1028 2466 factis
1061 2413 1278 2483 injustis
1313 2415 1471 2471 illita.
1518 2418 1728 2473 Deinde
1755 2435 1880 2474 cum
1910 2435 2022 2475 non

2125 2412 2463 2465 ἐπίπλαστον
2488 2410 2867 2481 μυσαττομένη
2890 2427 2996 2481 χρη
3008 2411 3311 2478 στολογίαν.
3336 2407 3468 2464 Εῐτα
3497 2409 3693 2480 μηκέτι

453 2506 639 2567 posset
687 2502 922 2570 amplius
959 2502 1107 2558 ferre
1144 2505 1348 2575 justam
1398 2507 1557 2572 iram,
1606 2523 1727 2577 quae
1762 2510 1812 2563 in
1849 2513 2026 2566 mani-

2125 2502 2398 2573 δυναμένη
2447 2503 2744 2570 διενεγκεῖν
2802 2501 2972 2569 θυμὸν
3034 2501 3242 2554 δίκαιον
3299 2503 3381 2564 είς
3453 2503 3695 2574 φανερὰν

453 2588 648 2643 festam
688 2590 984 2649 insultabat
1036 2594 1408 2666 iniquitatem,
1461 2599 1743 2657 infremuit
1794 2613 1924 2659 tunc
1970 2605 2024 2659 in

2093 2598 2095 2602 ’
2127 2594 2357 2666 ᾇττοντα
2389 2593 2755 2664 παρανομίαν,
2788 2592 3189 2663 ἐνεϐριμήσατό
3219 2611 3275 2647 τε
3310 2593 3386 2663 τῷ
3406 2593 3473 2647 τὰ
3517 2595 3696 2650 πάντα

455 2680 654 2744 virum,
701 2683 850 2736 omni
911 2699 981 2738 ex
1039 2696 1192 2755 parte
1241 2689 1402 2758 longe
1453 2689 1906 2760 injustissimum;
1949 2706 2025 2760 et,

2128 2689 2300 2758 ἀδίκῳ
2335 2689 2491 2758 ἀνδρὶ
2516 2689 2633 2753 καὶ,
2663 2689 2838 2752 Δόλιε,
2871 2688 3031 2757 φησὶ,
3063 2687 3156 2740 καὶ
3183 2687 3368 2754 φονεῦ,
3413 2688 3468 2740 τί
3517 2703 3599 2756 με-
3629 2687 3697 2740 τά

453 2769 498 2823 Ο
519 2771 888 2838 fraudulente,
921 2775 1120 2845 inquit,
1143 2787 1199 2832 et
1225 2779 1518 2848 parricida,
1541 2782 1671 2849 quid
1699 2782 1877 2838 fecisti
1901 2800 2025 2838 cum

2127 2782 2227 2851 τῆς
2258 2782 2396 2851 ἐμῆς
2449 2782 2758 2849 πεποίηκας
2806 2781 3110 2850 θυγατρός;
3159 2780 3397 2834 Τοιαῦτά
3435 2797 3523 2850 μοι
3579 2779 3697 2848 μεθ’

455 2875 575 2915 mea
601 2861 752 2917 ﬁlia?
785 2864 983 2920 llaecne
1031 2867 1164 2920 mihi
1193 2868 1549 2939 jurejurando
1581 2871 1706 2925 dato
1733 2888 1795 2927 es
1820 2874 2030 2943 pollici-

2129 2873 2306 2943 ὅρκων
2337 2871 2672 2941 ἐπηγγείλω,
2709 2871 2802 2922 ἐπὶ
2850 2871 3060 2933 τούτοις
3107 2871 3381 2940 ἐγγυητὰς
3432 2871 3557 2940 ἐμοὶ
3603 2869 3699 2922 καὶ

455 2953 582 3006 tus?
609 2953 836 3024 Propter
883 2957 1072 3012 haecne
1107 2958 1457 3027 lidejussores
1483 2970 1539 3016 et
1571 2971 1838 3033 nnrtyres
1892 2967 2026 3020 mihi

2135 2964 2421 3034 μάρτυρας
2480 2964 2607 3027 τοὺς
2659 2964 2748 3016 διὰ
2792 2963 3028 3032 Χριστὸν
3072 2963 3343 3024 παθόντας
3380 2962 3697 3032 παρέσχεςς

455 3042 657 3099 dedisti
699 3061 826 3111 eos,
867 3048 962 3116 qui
1001 3051 1141 3118 passi
1171 3059 1297 3104 sunt
1328 3061 1550 3120 propter
1576 3053 1892 3111 Christum?
1921 3057 2025 3113 Sed
2052 3099 2058 3136 ε

2143 3052 2284 3106 Ἀλλ’
2321 3053 2474 3107 αὐτοί
2496 3071 2555 3106 σε
2574 3054 2813 3118 πάντως,
2835 3052 2928 3116 οὒς
2955 3055 3228 3122 ἐγγυητὰς
3255 3053 3514 3119 δέδωκας,
3551 3051 3702 3104 αὐτοί

458 3133 560 3202 ipsi
619 3136 873 3202 omnino,
930 3153 1069 3206 quos
1123 3140 1320 3194 dedisti
1375 3142 1763 3212 ﬁdejussores,
1815 3145 1918 3215 ipsi
1977 3133 2061 3203 te‘

2133 3157 2192 3194 σε
2251 3143 2352 3213 τῆς
2409 3145 2653 3213 πονηρᾶς
2702 3144 3112 3214 τιμωρήσονται
3161 3142 3406 3213 γνώμης,
3460 3157 3555 3196 και
3598 3142 3701 3211 τῆς

456 3225 686 3301 puni‘ent
740 3236 966 3296 propter
1000 3231 1196 3284 malam
1254 3241 1401 3288 tuam
1453 3245 1714 3300 mentem,
1746 3244 1802 3290 et
1842 3253 2031 3309 poenas

2132 3239 2319 3292 ἀδίκου
2392 3236 2595 3307 ταύτης
2671 3237 2966 3306 ἐπιϐουλῆς
3029 3235 3412 3306 εἰσπράξονται
3492 3234 3649 3297 δίκας
3683 3251 3699 3266 ο

457 3323 678 3369 sument
713 3315 781 3370 de
819 3317 900 3372 bis
936 3318 1153 3388 injustis
1199 3320 1446 3383 insidiis;
1479 3339 1574 3379 eos
1605 3341 1735 3394 ergo
1769 3328 2032 3385 invocabo

2133 3329 2330 3391 αὐτοὺς
2360 3327 2438 3390 είς
2471 3329 2688 3396 ἄμυναν
2716 3325 2827 3394 ἐγὼ
2859 3326 3097 3391 καλέσω,
3145 3325 3240 3389 οὒς
3279 3327 3358 3389 είς
3399 3325 3604 3393 ἐγγύην
3637 3323 3702 3376 σὺ

459 3405 526 3459 ad
579 3406 912 3473 vindictam,
965 3427 1102 3479 quos
1161 3421 1290 3468 tunc
1341 3416 1600 3485 accepisti
1656 3417 2029 3487 lidejussores.

2133 3421 2254 3473 τότε
2288 3419 2665 3489 παρείληφας.
2715 3417 2903 3471 Ταῦτα
2956 3419 2989 3487 ἡ
3039 3419 3221 3486 μήτηρ
3252 3418 3486 3470 είπουσα
3520 3415 3705 3483 ἐξάγει

460 3502 586 3556 Haec
608 3515 733 3554 cum
759 3501 1006 3568 dixisset,
1032 3506 1267 3561 educite
1291 3509 1454 3563 domo
1483 3509 1668 3576 ﬁliam;
1692 3519 1781 3566 et:
1806 3513 2032 3568 Nostine

2133 3515 2230 3583 τῆς
2253 3512 2427 3574 οἰκίας
2454 3511 2552 3581 τὴν
2584 3510 2876 3580 θυγατέρα,
2902 3510 3017 3572 καὶ,
3041 3506 3199 3572 Οἶδας
3224 3510 3308 3572 τίς
3336 3509 3496 3579 αὕτη,
3519 3509 3703 3578 φησὶν,

459 3609 706 3662 quaenam
740 3593 856 3648 haec
886 3596 977 3656 sit,
1005 3613 1037 3650 ο
1067 3597 1251 3667 impie,
1283 3599 1462 3653 nosti?
1495 3600 1652 3665 dixit,
1683 3617 1801 3656 eam
1832 3601 2033 3658 Gottbo

2134 3606 2355 3672 ἀνόσως
2390 3604 2468 3674 τῷ
2502 3603 2686 3672 Γότθῳ
2709 3603 2964 3668 δείξασα·
3009 3597 3156 3664 οἶδας
3185 3600 3390 3670 ταύτην
3431 3601 3525 3654 καὶ
3571 3601 3706 3653 ὅπου

461 3683 792 3748 ostendens,
826 3693 881 3740 et
917 3684 1006 3741 ubi
1041 3703 1160 3742 eam
1199 3689 1512 3755 incluseris,
1559 3701 1613 3747 et
1657 3693 1805 3761 quali
1855 3704 2054 3749 morte"

2134 3693 2341 3762 ταύτην
2385 3691 2766 3756 κατέκλεισας,
2819 3692 2914 3744 καὶ
2941 3690 3039 3760 οἴῳ
3091 3689 3395 3760 ἠϐουλήθης
3435 3689 3709 3760 παραδοῦ-

461 3788 580 3827 eam
611 3776 825 3830 tradere
854 3777 1114 3840 volueris,
1140 3795 1248 3833 non
1291 3780 1460 3850 leges,
1495 3782 1693 3850 inquit,
1725 3799 1832 3836 non
1865 3786 2035 3838 maxi-

2137 3803 2224 3841 ναι
2263 3785 2503 3854 θανάτῳ,
2547 3784 2621 3854 μὴ
2663 3783 2846 3851 φύσιν,
2885 3783 2959 3853 μὴ
2987 3783 3208 3852 νόμους,
3244 3783 3318 3853 μὴ
3348 3783 3547 3851 ὅρκους
3582 3783 3709 3844 τοὺς

464 3880 614 3918 mum
648 3867 783 3920 illud
815 3883 844 3920 a
876 3877 928 3923 te
960 3868 1148 3924 datum
1179 3871 1560 3941 jusjurandum
1589 3873 1899 3928 reveritus?
1929 3875 2035 3931 Sed

2140 3876 2359 3949 μακρὰν
2389 3876 2633 3938 ἐκείνους
2664 3872 2990 3943 εὐλαϐηθείς
3024 3891 3038 3938 ;
3081 3873 3223 3928 Ἀλλ’
3262 3875 3310 3927 οἱ
3339 3874 3430 3950 τοῦ
3466 3872 3705 3943 Χριστοῦ

463 3956 666 4012 Christi
699 3959 1040 4016 confessores
1083 3970 1137 4017 et
1183 3975 1473 4033 martyres,
1520 3965 1804 4032 Samonas,
1837 3965 2036 4023 Gurias

2137 3968 2467 4038 όμολογηταὶ
2521 3968 2614 4021 καὶ
2675 3966 2952 4036 μάρτυρες
3003 3967 3310 4035 Σαμιυνᾶς,
3374 3966 3568 4033 Γορίας
3615 3965 3707 4017 καὶ

464 4059 520 4105 et
541 4049 770 4117 Abibus,
813 4054 1013 4122 quibus
1043 4069 1142 4124 ego
1187 4055 1466 4110 conﬁdens
1495 4073 1614 4110 eam
1645 4058 1898 4113 barbara:
1932 4069 2037 4115 tua:

2142 4059 2386 4122 ’Λϐιϐος,
2438 4059 2526 4128 ἐφ’
2577 4053 2658 4120 οἷς
2691 4056 2803 4124 ἐγὼ
2846 4056 3171 4128 θαρῤήσασα
3205 4058 3271 4125 τῇ
3311 4055 3572 4125 βαρϐάρῳ
3613 4069 3709 4105 σου

466 4145 716 4200 commisi
756 4146 1012 4213 dexterae,
1071 4149 1146 4202 illi
1188 4149 1321 4202 mihi
1372 4159 1569 4218 praeter
1613 4165 1762 4220 spem
1813 4167 2033 4208 omnem

2140 4152 2344 4221 ταύτην
2401 4150 2688 4202 ἐπίστευον
2737 4146 2910 4218 δεξιᾷ,
2966 4147 3167 4199 ἐκεῖνοί
3210 4162 3299 4214 μοι
3353 4145 3486 4215 παρ’
3523 4143 3712 4197 ἐλπίδα

466 4250 586 4292 eam
619 4248 1014 4294 conservarunt
1039 4250 1094 4296 et
1124 4241 1176 4295 in
1216 4257 1397 4296 meum
1440 4243 1620 4297 sinum
1652 4244 2034 4300 restituerunt.

2144 4246 2321 4297 πᾶσαν
2367 4241 2538 4312 αὐτὴν
2591 4239 2927 4294 διεσώσαντο
2964 4238 3060 4291 καὶ
3095 4239 3207 4300 τοῖς
3230 4238 3381 4306 ἐμοῖς
3429 4235 3711 4288 ἐπέδωκαν

2142 4335 2384 4394 κόλποις.

540 4412 753 4468 XXVII.
787 4415 910 4470 Ilaec
943 4426 1227 4488 postquam
1271 4419 1443 4473 audiit
1474 4419 1710 4476 Gottbus
1742 4431 1798 4477 et
1845 4431 2032 4478 astan-
2067 4439 2110 4495 ι)

2104 4451 2110 4487 μ
2210 4422 2334 4479 ΚΖ’.
2366 4422 2582 4475 Τούτων
2613 4421 2800 4490 ἐπειδὴ
2832 4423 2860 4472 ό
2889 4417 3087 4481 Γότθος
3116 4418 3338 4487 ἢκουσε,
3388 4418 3482 4469 καὶ
3533 4432 3707 4487 παρε-

476 4511 583 4557 tem
618 4504 755 4556 vidit
789 4506 1050 4573 puellam,
1099 4522 1211 4576 pra:
1258 4508 1467 4576 pudore
1512 4521 1566 4563 et
1618 4519 1765 4564 metu
1835 4512 1886 4564 ei
1933 4529 2038 4566 vox

2142 4516 2354 4569 στῶσαν
2383 4509 2489 4565 εϊδε
2523 4512 2620 4580 τὴν
2661 4511 2855 4581 κόρην,
2917 4508 3082 4562 όπότε
3139 4509 3236 4576 τῆς
3269 4507 3532 4576 αἰσχύνης
3561 4505 3711 4576 αύτῷ

468 4596 734 4650 exstincta
763 4605 846 4650 est
876 4615 890 4650 :
928 4607 1152 4666 eratque
1200 4608 1400 4662 mutus,
1428 4615 1494 4654 ne
1518 4615 1578 4654 os
1607 4599 1828 4670 quidem
1853 4601 2042 4655 valens

2140 4608 2234 4661 καὶ
2261 4605 2355 4659 τοῦ
2399 4603 2564 4674 φόϐου
2607 4603 2669 4656 τδ
2710 4600 2935 4670 φθέγμα
2979 4598 3237 4668 ἐσϐέσθη,
3279 4599 3374 4650 καὶ
3407 4597 3619 4664 ἄφωνος
3645 4591 3713 4663 ἦν

468 4686 704 4753 aperire.
739 4685 944 4740 Deinde
973 4703 1096 4741 cum
1136 4703 1221 4741 res
1242 4697 1388 4743 esset
1422 4698 1609 4758 aperta
1663 4698 1718 4743 et
1754 4690 2043 4744 convictus

2146 4699 2220 4767 μὴ
2280 4692 2590 4757 ἀναπτύξαι
2645 4689 2706 4744 τὸ
2767 4689 2943 4760 στόμα
2975 4689 3294 4757 δυνάμενος,
3360 4681 3475 4739 εἶτα
3525 4684 3714 4753 ἐπειδὴ

467 4785 612 4832 esset
651 4776 766 4830 haze
800 4777 992 4832 fecisse
1022 4778 1234 4848 puellae,
1294 4795 1363 4834 ne
1409 4780 1460 4833 ci
1502 4779 1724 4849 quidem
1781 4781 2042 4850 loquendi

2144 4788 2364 4856 ἐλεγχος
2397 4782 2463 4855 ἦν
2507 4782 2766 4854 ἀκριϐὴς,
2818 4784 2913 4836 καὶ
2967 4780 3201 4850 φανερὸς
3247 4779 3458 4848 ὑπῆρχε
3491 4776 3714 4829 τοιαῦτα

470 4879 797 4940 potestatem
835 4870 1123 4937 facientes,
1171 4872 1267 4941 qui
1294 4872 1543 4938 aderant,
1577 4888 1701 4928 eum
1727 4881 1845 4928 tuto
1870 4873 2045 4928 inclu-

2145 4877 2286 4930 κατά
2321 4878 2421 4946 τῆς
2456 4874 2627 4944 κόρης
2665 4871 3134 4941 διαπραξάμενος,
3190 4869 3326 4938 μηδὲ
3356 4868 3518 4934 λόγου
3553 4883 3718 4937 μετα-

471 4963 630 5017 dunt.
671 4965 840 5019 Mater
873 4973 1053 5017 autem
1102 4979 1228 5019 cum
1280 4965 1412 5031 ﬁlia,
1473 4965 1710 5020 adducto
1753 4967 2043 5036 scriptore,

2145 4968 2325 5028 δόντες
2365 4965 2512 5035 αύτῷ
2562 4966 2612 5017 οἱ
2656 4963 2944 5032 παρόντες,
2972 4959 3232 5029 ἀσφαλῶς
3277 4958 3713 5011 κατακλείουσιν.

472 5068 600 5107 cum
641 5069 761 5121 quae
784 5062 1082 5110 evenerant
1116 5055 1301 5109 omnia
1356 5055 1782 5119 recensuissent,
1815 5055 2047 5109 sanctis-

2162 5061 2226 5113 'l-I
2260 5059 2318 5111 δὲ
2351 5058 2533 5128 μήτηρ
2567 5056 2662 5108 σὺν
2693 5057 2756 5124 τῇ
2789 5052 3022 5121 θυγατρὶ
3052 5051 3142 5103 τὸν
3174 5050 3501 5119 ὑπογραφέα
3539 5064 3717 5118 παρα-

473 5145 616 5200 simo
642 5145 859 5202 Edessze
911 5147 1166 5218 episcopo
1196 5148 1265 5216 (is
1292 5155 1473 5202 autem
1522 5154 1640 5201 erat
1673 5146 1952 5216 Eulogius)
1985 5162 2047 5200 ea

2153 5149 2513 5220 στησάμεναι,
2556 5146 2650 5199 καὶ
2698 5143 2767 5197 τά
2813 5141 3200 5212 συμϐεϐηκότα
3247 5139 3421 5194 πάντα
3455 5131 3718 5208 διαχειρά-

476 5239 724 5293 tradunt.
757 5241 848 5295 Ille
872 5256 1006 5295 vero
1040 5256 1166 5295 cum
1199 5255 1264 5294 ea
1312 5238 1656 5309 perlegisset,
1707 5238 1869 5292 simul
1924 5254 2046 5293 cum

2155 5243 2338 5306 ξασαι,
2369 5239 2446 5308 τῷ
2474 5238 2541 5290 τὰ
2573 5236 2750 5289 πάντα
2783 5234 2916 5302 ὁσίῳ
2951 5233 3053 5301 τῆς
3099 5233 3360 5300 Ἐδέσσης
3405 5230 3713 5297 ἐπισκόπῳ,

480 5331 738 5386 universo
783 5333 953 5395 clero,
985 5332 1134 5387 vadit
1160 5331 1226 5386 ad
1250 5335 1554 5401 [praetorem
1607 5329 1865 5392 civitatis,
1907 5340 1958 5384 et
1999 5331 2050 5384 ei

2155 5333 2409 5399 Εύλόγιος
2439 5330 2495 5383 δὲ
2522 5323 2676 5390 οὗτος
2707 5323 2806 5397 ἦν,
2861 5324 3244 5394 ἐγχειρίζουσι.
3297 5321 3407 5376 Καὶ
3437 5322 3515 5387 ὃς,
3544 5321 3715 5374 ταῦτα

483 5421 672 5484 tradit,
707 5439 827 5491 qua:
844 5424 1046 5493 scripta
1089 5422 1329 5477 fuerant.
1393 5419 1497 5488 Qui
1539 5435 1663 5476 eum
1698 5436 1760 5474 ea
1810 5421 2051 5490 legisset,

2155 5419 2459 5487 δ;εξελοὼν,
2500 5419 2714 5487 σύναμα
2743 5416 2820 5486 τῷ
2851 5415 3033 5484 κλήρῳ
3061 5415 3226 5467 παντὶ
3286 5416 3435 5483 παρὰ
3482 5413 3575 5464 τὸν
3619 5413 3717 5478 τῆς

489 5511 726 5581 primum
753 5515 975 5581 quidem
1000 5514 1232 5570 allectus
1266 5513 1369 5568 fuit
1397 5512 1782 5578 admiratione,
1836 5521 1890 5567 ct
1933 5529 2053 5567 eam

2160 5514 2366 5576 πόλεως
2398 5512 2586 5568 ἄπεισι
2630 5507 3030 5579 στρατηλάτην,
3092 5505 3188 5558 καὶ
3243 5505 3303 5557 τὸ
3342 5505 3722 5574 γραμματεῖον

490 5617 606 5656 rem
642 5603 832 5659 babuit
863 5620 959 5674 pro
986 5606 1290 5660 miraculo:
1334 5614 1390 5659 ct
1436 5605 1676 5660 laudavit
1711 5606 1880 5662 Deum
1931 5607 2056 5660 uni-

2162 5603 2310 5670 αὐτῷ
2339 5603 2679 5658 ἀναδίδωσιν.
2731 5600 2794 5654 '0
2835 5599 2892 5654 δὲ
2937 5599 3033 5652 καὶ
3075 5597 3236 5660 αὐτὸς
3263 5598 3329 5650 τὰ
3361 5595 3723 5666 γεγραμμένα

493 5711 804 5762 versorum.
834 5701 923 5756 cui
960 5718 1057 5770 per
1089 5717 1218 5759 suos
1264 5709 1528 5773 martyres
1573 5702 1677 5759 hoc
1737 5717 1956 5768 novum,
2008 5709 2061 5756 et

2163 5695 2580 5766 ἐπιλεξάμενος,
2609 5692 2799 5765 πρῶτα
2835 5691 2930 5763 μὲν
2959 5691 3015 5746 ἐν
3047 5689 3324 5760 θαύματος
3352 5688 3496 5758 λόγῳ
3529 5685 3596 5741 τὰ
3624 5683 3718 5740 τοῦ
