4060 6374
295 283 397 354 161

1187 287 1658 351 MARTYRIUM
1694 288 1759 350 S.
1795 289 2066 351 GURIIE
2102 291 2200 353 ET
2239 291 2652 354 SOCIORUM.

3433 298 3536 364 162

288 405 631 476 πράγματος
683 381 958 466 ἐποιεῖτο,
1007 400 1102 454 καὶ
1148 400 1238 454 τὸν
1282 403 1376 456 ἐπὶ
1437 401 1654 456 πάντων
1713 401 1863 473 ὕμνει

1985 405 2132 475 quod
2163 405 2411 460 omnium
2441 420 2604 460 aures
2630 403 3016 476 obstupefacit,
3042 406 3174 464 fecit
3200 409 3545 468 miraculum.

287 496 453 558 Θεὸν,
501 493 578 556 ὡς
608 492 701 548 διὰ
733 493 842 546 τῶν
874 490 1044 544 αὐτοῦ
1085 488 1380 560 μαρτύρων
1411 490 1474 544 τὸ
1501 490 1688 544 καινὸν
1715 489 1874 545 τοῦτο

286 587 393 642 καὶ
423 587 609 640 πᾶσαν
642 583 1094 653 ῦπερεκπλῆττον
1114 580 1285 652 ἀκοὴν
1309 581 1494 650 θαῦμα
1521 581 1825 652 πεποίηκεν
1853 599 1868 615 ο

288 679 484 733 ἔπειτα
507 677 676 740 πολὺς
696 673 765 746 ἦν
787 674 928 729 κατὰ
950 673 1044 726 τοῦ
1069 671 1268 724 Γότθου
1296 673 1616 742 φερόμενος,
1647 673 1874 744 τοιούτῳ

283 771 486 825 ἑαυτὸν
528 769 847 839 τολμήματι
893 765 1189 829 ἐπιδόντος.
1240 763 1568 834 Χαλεπήνας
1619 765 1802 819 τοίνυν
1844 767 1872 820 ὁ

285 863 698 934 στρατηλάτης,
731 857 1101 929 συγκάθεδρον
1139 856 1240 928 μὲν
1286 856 1480 909 ἐαυτοῦ
1528 857 1620 910 τὸν
1650 856 1873 910 ἐπίσκο-

285 974 396 1012 πον
455 955 719 1016 ποιεῖται,
781 950 975 1003 ἔπειτα
1030 949 1122 1001 τὸν
1168 949 1208 1000 Γ
1211 946 1366 1000 ότθον
1415 947 1511 1001 καὶ
1547 946 1646 1017 τὴν
1702 948 1872 1019 κόρην

284 1049 617 1119 παρίστησι,
643 1045 737 1096 καὶ
762 1044 844 1106 είς
877 1042 1112 1111 ἐπήκοον
1142 1039 1238 1094 τοῦ
1264 1039 1420 1109 ὄχλου
1451 1041 1674 1102 παντὸς,
1701 1039 1870 1103 πολὺς

284 1139 346 1192 δὲ
377 1138 488 1208 ἄρα
523 1133 976 1202 συνδεδραμήκει,
1015 1129 1085 1182 τὰ
1109 1128 1250 1182 κατὰ
1277 1128 1369 1182 τοῦ
1395 1129 1590 1181 Γότθου
1613 1129 1870 1196 ¹άνειιγνωιι

290 1228 484 1294 σθῆναι
514 1224 908 1278 διακελεύεται.
951 1219 1435 1288 Ἀναγνωσθέντων
1457 1217 1571 1285 οὖν,
1612 1221 1660 1272 εἰ
1691 1218 1868 1289 άληθῆ

287 1319 462 1372 ταῦτα
495 1315 609 1372 εἶεν
635 1315 732 1368 τοῦ
775 1315 814 1367 Γ
817 1313 974 1368 ότθου
1014 1310 1436 1366 ἀνεπυνθάνετο.
1477 1311 1540 1364 '0
1569 1310 1626 1363 δὲ
1655 1310 1731 1381 (τί
1760 1311 1868 1379 γὰρ

288 1408 355 1462 ἂν
388 1408 484 1461 καὶ
537 1404 761 1476 δράσειέ
811 1421 896 1466 τις
954 1402 1046 1471 ὑφ’
1087 1401 1282 1454 ἐαυτοῦ
1322 1400 1416 1454 καὶ
1471 1400 1573 1471 τῆς
1603 1399 1868 1471 ἀληθείας

291 1500 543 1570 φανερῶς
569 1498 932 1566 ἐλεγχόμενος
960 1511 974 1560 ;
1023 1494 1190 1564 μηδὲν
1220 1493 1428 1547 τούτων
1454 1493 1650 1563 ψευδὲς
1702 1490 1864 1564 εἶναι)

291 1590 634 1660 διωμολόγει,
673 1591 769 1641 καὶ⁵
806 1587 906 1656 τὴν
945 1585 1086 1656 ὑπὲρ
1117 1585 1299 1638 αὐτῶν
1331 1584 1450 1655 ᾔτει
1491 1582 1862 1654 συμπάθειαν.

291 1682 402 1736 Καὶ
423 1683 452 1734 6
477 1677 876 1750 στρατηλάτης,
903 1676 1116 1738 ’Λδικε,
1141 1676 1296 1744 φησὶ,
1320 1675 1417 1728 καὶ
1444 1673 1630 1744 φονεῦ,
1656 1675 1706 1725 τί
1731 1673 1865 1744 δῆτα

1975 494 2184 550 Deinde
2211 510 2344 550 vero
2368 494 2728 550 vehementer
2759 495 2814 549 in
2860 494 3120 552 Gotthum
3153 507 3237 554 est
3271 498 3544 565 invectus,

1970 585 2065 653 qui
2093 584 2198 640 tale
2227 599 2396 639 ausus
2451 583 2632 640 fuerat
2674 584 2906 640 facinus.
2957 585 3124 656 Egre
3177 586 3358 641 ferens
3415 602 3546 659 ergo

1971 681 2216 742 praetor,
2266 687 2451 727 secum
2499 673 2722 741 quidem
2793 673 2924 728 facit
2963 674 3277 730 considere
3335 677 3547 745 episco-

1972 778 2126 834 pum.
2171 763 2380 818 Deinde
2402 761 2667 818 Gotthum
2714 774 2769 819 et
2795 765 3033 833 puellam
3075 766 3232 836 jubet
3287 767 3453 822 sisti:
3489 777 3547 822 et

1971 854 2228 909 audiente
2253 862 2365 908 tota
2384 853 2736 908 multitudine
2773 857 3150 923 (concurrerat
3202 867 3384 913 autem
3428 875 3544 913 ma.

1970 944 2166 1014 xima),
2191 944 2348 1014 jubet
2369 959 2434 999 ea
2463 944 2594 1014 legi,
2627 960 2747 1014 qua:
2795 946 2996 1016 scripta
3045 957 3200 1002 erant
3231 949 3296 1003 de
3320 948 3544 1004 Gottho.

1969 1035 2106 1091 Cum
2148 1051 2214 1092 ca
2265 1051 2401 1107 ergo.
2447 1037 2589 1092 lecta
2626 1047 2833 1102 essent,
2882 1054 2951 1092 an
3001 1039 3119 1094 haec
3168 1057 3298 1096 vera
3337 1053 3542 1109 essrnt,

1968 1127 2233 1184 Gotthum
2275 1128 2598 1200 interrogat.
2649 1130 2743 1186 lllc
2794 1141 2978 1187 autem
3031 1135 3210 1204 (quid
3266 1137 3412 1190 enim
3463 1137 3545 1190 fa-

1968 1226 2140 1285 ceret,
2177 1220 2270 1289 qui
2321 1235 2352 1274 a
2390 1220 2572 1290 seipso
2619 1227 2674 1275 et
2719 1236 2748 1276 a
2795 1224 3024 1279 veritate
3081 1233 3268 1295 aperte
3319 1226 3549 1281 convin-

1967 1308 2274 1377 cebatur?)
2327 1307 2465 1364 nihil
2514 1308 2716 1365 horum
2750 1326 2871 1367 esse
2910 1312 3108 1369 falsum
3157 1314 3544 1377 conﬁtebatur.

1966 1407 2022 1454 et
2068 1415 2168 1469 pro
2236 1399 2322 1454 his
2378 1401 2600 1471 petebat
2653 1403 3110 1460 misericordiam.
3190 1406 3396 1460 Prmtor
3449 1421 3548 1460 au-

1967 1501 2076 1546 tem
2109 1507 2124 1546 :
2153 1491 2426 1547 Scelerate
2453 1533 2467 1558 ,
2507 1494 2709 1563 inquit,
2760 1503 2817 1549 et
2857 1495 3152 1565 parricida,
3184 1511 3281 1550 cur
3327 1511 3396 1550 ne
3445 1497 3542 1550 Βυί

1968 1582 2190 1650 quidem
2213 1582 2441 1637 timuisti
2472 1584 2766 1654 judicium,
2818 1601 2921 1640 nec
2979 1588 3120 1657 ejus,
3180 1603 3342 1657 quem
3401 1587 3539 1642 nihil

1969 1672 2124 1740 latet,
2165 1676 2408 1740 oculum,
2437 1674 2652 1729 etiamsi
2680 1675 2928 1732 homines
2973 1677 3141 1732 latere
3190 1678 3389 1732 liceat?
3429 1678 3540 1732 Cur

295 1772 424 1843 μηδὲ
458 1772 558 1842 τὴν
578 1772 766 1839 κρίσιν
800 1769 1012 1830 ἔδεισας
1052 1766 1147 1819 τοῦ
1183 1766 1340 1830 Θεοῦ,
1382 1766 1518 1837 μηδὲ
1542 1766 1632 1818 τὸν
1657 1765 1862 1835 ὀφθαλ-

1967 1780 2076 1820 ηοιι
2101 1765 2330 1820 timuisti
2358 1765 2782 1836 jusjurandum?
2808 1782 2907 1821 cur
2932 1781 3041 1821 non
3094 1768 3243 1838 leges
3265 1769 3540 1823 Romano-

297 1864 394 1933 μον
423 1882 439 1927 ;
473 1862 528 1916 ετ
572 1879 633 1915 τε
679 1863 773 1916 καὶ
806 1859 1132 1931 ἀνθρώπους
1171 1859 1455 1912 λανθάνειν
1491 1858 1638 1926 ἐξῆν,
1682 1856 1736 1909 τί
1787 1857 1861 1928 μὴ

1972 1873 2093 1912 rum
2147 1873 2208 1913 es
2251 1859 2476 1923 veritus,
2517 1867 2626 1913 tam
2676 1860 2906 1928 impium
2967 1875 3254 1930 aggressus
3291 1860 3542 1920 facinus?

291 1957 412 2019 τοὺς
465 1956 668 2025 ὅρκους
719 1950 1100 2022 ἐδυσωπήθης,
1151 1949 1205 2001 τί
1249 1950 1325 2020 μὴ
1380 1950 1528 2012 τοὺς
1572 1948 1860 2018 Ῥωμαίων

1966 1950 2238 2016 Quoniam
2272 1965 2403 2019 ergo
2439 1951 2726 2006 convictus
2748 1967 2810 2008 es
2838 1951 2953 2007 haec
2997 1955 3184 2008 "omnia
3229 1956 3535 2025 despicere,

291 2047 525 2118 ᾐδέσθης
573 2045 794 2116 νόμους,
859 2043 1032 2106 οὕτως
1094 2042 1442 2111 ἀνοσιωτάτῳ
1500 2042 1860 2112 ἐπιχειρήσας

1966 2051 2078 2098 ate
2124 2043 2289 2098 etiam
2334 2037 2555 2114 grauius
2595 2045 2844 2114 exigetur
2880 2045 3233 2114 supplicium.
3285 2047 3450 2110 Dixit,
3483 2054 3541 2101 et

288 2139 640 2208 τολμήματι;
704 2134 861 2187 Ἐπεὶ
923 2133 1018 2187 οὖν
1060 2134 1280 2196 πάντων
1330 2131 1552 2185 τούτων⁹
1585 2130 1859 2203 ἠλέγχθης

1966 2136 2116 2204 jubet
2146 2136 2324 2206 gladio
2352 2147 2516 2206 caput
2543 2138 2662 2208 ejus
2703 2138 2997 2206 amputari,
3020 2149 3076 2192 et
3108 2153 3307 2208 corpus
3338 2139 3456 2210 ejus
3481 2142 3536 2194 in

289 2227 676 2296 καταφρονῶν,
726 2225 1036 2296 βαρυτέραν
1080 2225 1174 2277 καὶ
1225 2223 1321 2295 τὴν
1361 2223 1584 2277 κόλασιν
1626 2227 1859 2294 εἰσπρα-

1967 2228 2148 2298 ignem
2172 2228 2386 2297 projici,
2421 2237 2572 2284 utne
2605 2229 2778 2297 pulvis
2809 2229 3029 2298 quidem
3087 2231 3158 2285 sit
3192 2230 3310 2300 ejus
3343 2233 3534 2300 pulve-

290 2318 490 2389 χθήσῃ.
529 2315 690 2383 Εἶπε,
730 2316 823 2370 καὶ
859 2316 1006 2384 ξίφει
1037 2315 1133 2386 τὴν
1167 2315 1333 2368 αὐτοῦ
1379 2314 1624 2384 κεφαλὴν
1661 2315 1863 2368 ἀποκο-

1969 2320 2046 2374 ris
2078 2320 2373 2390 particeps,
2404 2335 2506 2374 nec
2543 2328 2790 2376 tradatur
2819 2321 3097 2377 communi
3121 2324 3366 2377 omnium
3423 2339 3537 2377 tua-

291 2410 460 2479 πῆναι
487 2410 839 2480 προστάττει,
881 2410 979 2462 καὶ
1018 2409 1161 2463 κατὰ
1201 2406 1374 2477 πυρὸς
1401 2407 1570 2461 αὐτοῦ
1614 2407 1674 2460 τὸ
1705 2406 1863 2478 σῶμα

1971 2410 2069 2474 tri,
2100 2411 2195 2479 qui
2220 2425 2278 2464 se
2315 2411 2390 2464 ita
2411 2412 2642 2482 gesserit
2676 2413 2731 2467 in
2763 2421 3045 2483 cognatos.

290 2504 535 2573 ῥιφῆναι,
566 2501 643 2562 ὼς
671 2501 738 2555 ἂν
772 2501 910 2572 μηδὲ
941 2502 970 2554 6
1003 2500 1131 2572 χοῦς
1160 2500 1325 2554 αὐτοῦ
1349 2502 1672 2573 κοινωνήσοι
1751 2501 1899 2571 χοὸς,
1942 2502 2080 2574 μηδέ
2113 2505 2180 2574 τῇ
2223 2506 2383 2574 κοινῇ
2433 2505 2655 2561 πάντων
2725 2506 2906 2578 δοθείη
2954 2510 3124 2579 μητρὶ
3155 2509 3378 2562 τοιαῦτα
3411 2513 3538 2578 περὶ

286 2596 348 2648 τὸ
375 2595 633 2662 συγγενὲς
659 2593 1056 2664 ἐνδειξάμενος.

357 2683 499 2741 KH'.
549 2686 637 2740 ’Ev
668 2687 782 2756 ὅσῳ
809 2685 868 2738 δέ
897 2687 946 2738 οἱ
995 2683 1328 2755 στρατιῶται
1364 2683 1460 2738 τοῦ
1504 2684 1865 2755 προστάγμα-

285 2794 374 2840 τος
407 2778 642 2848 εἴχοντο,
682 2780 710 2830 6
745 2777 826 2846 τῷ
867 2777 986 2848 Θεῷ
1023 2778 1175 2846 φίλος
1223 2776 1524 2840 ἐπίσκοπος
1557 2777 1728 2830 ἐδεῖτο
1764 2775 1860 2830 τοῦ

288 2870 659 2941 στρατηλάτου
711 2869 1118 2940 φιλανθρωπίας
1166 2870 1290 2922 ὅσον
1347 2868 1492 2930 εἰκὸς
1557 2867 1651 2920 τὸν
1691 2867 1861 2938 ἄνδρα

286 2966 489 3032 τυχεῖν,
539 2962 677 3032 μηδέ
728 2965 794 3031 τῇ
823 2961 1021 3015 ἐαυτοῦ
1049 2961 1283 3031 ἀπονοίᾳ
1313 2959 1738 3015 συναπολέσθαι.
1802 2961 1859 3014 '0

2039 2679 2280 2735 XXVIII.
2325 2678 2462 2735 Cum
2498 2689 2681 2736 autem
2731 2680 2800 2735 ad
2858 2696 2974 2736 rem
3024 2683 3427 2752 exsequendam
3478 2700 3539 2741 se

1968 2775 2229 2838 pararent
2260 2767 2482 2828 milites,
2507 2769 2602 2824 Dei
2629 2769 2840 2824 amicus
2863 2770 3160 2840 episcopus
3189 2773 3367 2828 oravit
3390 2790 3539 2843 prai-

1967 2869 2145 2915 torem
2176 2868 2260 2925 ut,
2295 2869 2562 2929 quantum
2622 2861 2738 2916 ﬁeri
2777 2871 2981 2931 posset,
3017 2863 3071 2916 in
3129 2879 3258 2919 eum
3294 2872 3541 2921 uteretur

1967 2951 2312 3007 clementia:
2369 2968 2545 3022 neque
2590 2953 2639 3006 is
2696 2969 2793 3008 sua
2857 2955 3063 3023 periret
3113 2957 3374 3011 amentia.
3443 2958 3540 3013 Ille

294 3059 375 3122 δέ,
410 3059 549 3121 Τοὺς
582 3057 680 3110 τοῦ
709 3057 974 3126 Χριστοῦ,
995 3056 1151 3126 (mal;
1178 3055 1390 3108 δέδοικα
1431 3054 1736 3126 μάρτυρας,
1767 3051 1861 3116 οὓς

1966 3058 2144 3098 vero:
2181 3043 2398 3109 Timeo,
2443 3045 2641 3114 inquit,
2702 3044 2912 3100 Christi
2972 3055 3262 3117 martyres,
3323 3061 3465 3115 quos
3492 3048 3540 3104 is

283 3144 439 3211 οὗτος
474 3123 951 3215 ἐγγυητὰς-αὐτοῦ
973 3123 1227 3201 δέδωκεν.
1269 3123 1442 3200 Οὗτοι
1466 3123 1576 3215 γάρ
1605 3123 1695 3198 οἷα
1732 3143 1863 3214 παρ’

283 3240 451 3295 αὐτοῦ
479 3239 831 3310 ψευσθέντες,
873 3239 922 3290 ει
955 3237 1029 3308 μὴ
1053 3237 1208 3300 δίκας
1252 3236 1343 3288 ὑπ’
1373 3236 1507 3305 ἐμοῦ
1538 3235 1647 3288 τῶν
1682 3235 1864 3288 τετολ-

286 3332 552 3398 μημένων
582 3322 738 3392 οὗτος
774 3327 982 3380 ἐκτίσει
1023 3324 1262 3388 δικαίας,
1310 3323 1437 3393 ἐμοὶ
1481 3324 1718 3385 πάντως,
1761 3323 1862 3375 οὐκ

285 3421 438 3491 αὐτῷ
473 3421 573 3488 τὴν
601 3418 964 3488 ὀφειλομένην
1008 3417 1270 3482 ἐπάξουσι
1314 3413 1608 3484 τιμωρίαν.
1647 3414 1860 3476 ’Ἄλλως

281 3531 340 3566 τε
365 3514 466 3566 καὶ
495 3512 730 3574 πολλοὺς
753 3512 976 3580 ἐτέρους
1002 3509 1224 3579 ὁμοίους
1254 3507 1512 3577 γενέσθαι
1544 3523 1863 3577 παρασκευ-

282 3605 431 3667 άσει,
479 3602 557 3674 μὴ
595 3603 812 3656 δικαίαν
865 3603 966 3673 τὴν
1017 3599 1174 3669 δίκην
1211 3600 1304 3652 ἐπὶ
1351 3601 1464 3662 τοῖς
1506 3599 1743 3668 φθάσασι
1775 3599 1862 3651 δε-

279 3696 492 3759 δωκὼς.
549 3693 708 3747 Ἐπεὶ
741 3694 798 3746 δὲ
825 3695 855 3747 6
876 3691 1176 3754 ἐπίσκοπος
1213 3691 1538 3760 προσέκειτο
1567 3689 1728 3742 πλέον
1764 3690 1859 3743 καὶ

284 3785 630 3857 θερμοτέραν
667 3786 767 3853 τὴν
816 3784 957 3853 ὑπὲρ
1010 3781 1106 3836 τοῦ
1157 3781 1350 3852 ἀνδρὸς
1403 3782 1640 3834 ἐποιεῖτο
1687 3797 1859 3851 πρεσ-

281 3875 458 3942 6είαν,
515 3878 747 3948 ἀφαιρεί
784 3876 885 3944 μὲν
923 3874 1022 3942 τῆς
1071 3872 1347 3944 τιμωρίας
1394 3873 1422 3924 6
1481 3870 1860 3942 στρατηλάτης

282 3970 342 4020 τὸ
372 3969 507 4041 πῦρ,
533 3967 637 4038 τὴν
665 3967 723 4021 δὲ
753 3967 842 4019 διὰ
869 3964 964 4018 τοῦ
1007 3963 1196 4034 ξίφους
1227 3961 1469 4032 ἐκκοπὴν
1491 3962 1590 4032 τῆς
1614 3962 1860 4031 κεφαλῆς

281 4056 573 4110 ἐπιτείνει.
630 4052 1053 4124 Παραλαϐόντες
1089 4047 1182 4104 οὖν
1217 4051 1311 4104 τὸν
1362 4051 1563 4104 Γότθον
1601 4051 1652 4102 οἱ
1697 4065 1861 4119 στρα-

280 4147 497 4212 τιῶται,
549 4146 650 4199 καί
695 4145 797 4214 τῆς
851 4144 1061 4206 πόλεως
1112 4140 1478 4211 ἐξαγαγόντες
1534 4141 1683 4211 ξίφει
1720 4142 1859 4194 κατὰ

278 4241 340 4290 το
374 4236 672 4290 κελευσθὲν
697 4236 885 4298 αὐτοῖς
913 4233 1214 4305 ἀφαιροῦσι
1238 4233 1430 4288 τούτου
1462 4234 1560 4302 τὴν
1591 4231 1856 4302 κεφαλήν,

1965 3136 2119 3191 dedit
2148 3137 2233 3191 sui
2270 3136 2638 3206 lidejussores'.
2666 3137 2705 3191 li
2735 3137 2904 3204 enim,
2938 3147 3001 3194 ut
3028 3153 3167 3208 quos
3231 3138 3351 3207 ipse
3382 3137 3541 3195 fefel-

1962 3228 2112 3293 lerit,
2140 3228 2245 3283 nisi
2280 3243 2495 3291 eorum,
2541 3245 2663 3298 quas
2721 3229 2961 3293 admisit,
3019 3245 3120 3300 ego
3169 3229 3343 3302 justas
3371 3230 3440 3284 de
3470 3243 3538 3283 co

1963 3334 2250 3389 sumpsero
2298 3334 2510 3388 pugnas,
2557 3319 2692 3375 mihi
2747 3321 2996 3387 omnino,
3049 3335 3159 3374 non
3213 3319 3341 3389 ipsi,
3387 3317 3534 3385 quod

1962 3409 2236 3475 debetur“
2254 3407 2492 3462 intererit
2516 3408 2892 3476 supplicium:
2948 3417 3005 3461 et
3056 3406 3261 3475 alioqui
3307 3404 3528 3471 elﬁciet,

1964 3508 2027 3554 ut
2047 3499 2205 3554 multi
2232 3513 2290 3552 se
2321 3506 2513 3566 gerant
2539 3497 2815 3560 similiter,
2844 3496 2950 3550 nisi
2994 3511 3095 3565 pro
3130 3495 3217 3562 iis,
3273 3510 3397 3559 qua:
3447 3494 3530 3549 fe-

1963 3591 2059 3656 cit,
2085 3592 2260 3661 justas
2293 3603 2485 3658 poenas
2512 3587 2702 3642 luerit.
2753 3586 2891 3642 Cum
2925 3596 3110 3642 autem
3143 3587 3316 3656 magis
3368 3587 3539 3640 insta-

1963 3691 2050 3738 ret
2076 3681 2392 3752 episcopus,
2420 3687 2477 3734 et
2499 3679 2886 3734 vehementius
2909 3694 3011 3748 pro
3051 3693 3119 3733 eo
3149 3676 3534 3739 intercederet,

1963 3785 1995 3826 a
2023 3771 2294 3840 supplicio
2317 3768 2540 3840 quidem
2566 3777 2767 3840 praetor
2795 3768 2976 3823 autert
3025 3767 3206 3838 ignem
3236 3785 3250 3822 :
3283 3779 3538 3837 perseve-

1963 3873 2049 3916 rat
2074 3869 2256 3914 autem
2293 3861 2349 3914 in
2375 3875 2464 3925 eo,
2490 3859 2636 3929 quod
2665 3861 2786 3930 e'jus
2837 3868 3002 3927 caput
3041 3858 3221 3929 gladio
3282 3865 3534 3925 ampute-

1964 3961 2046 4006 tur
2108 3949 2244 4006 Cum
2301 3965 2434 4020 ergo
2479 3949 2749 4024 Gottbum
2807 3950 3152 4018 accepissent
3199 3947 3423 4010 milites,
3475 3955 3534 4000 et

1959 4050 2115 4098 extra
2145 4041 2424 4096 civitatem
2479 4039 2827 4104 eduxissent,
2875 4038 3076 4108 gladio,
3096 4045 3160 4090 ut
3210 4036 3292 4090 eis
3319 4037 3530 4103 jussum

1960 4132 2168 4196 fuerat,
2199 4132 2279 4185 illi
2308 4139 2474 4199 caput
2504 4130 2780 4184 adimunt.
2821 4130 3049 4195 Propter
3071 4126 3216 4194 quod
3262 4124 3536 4179 Servatori

1961 4222 2214 4286 Christo,
2246 4229 2303 4276 et
2325 4221 2416 4286 iis,
2441 4221 2535 4289 qu—i
2570 4227 2793 4290 propter
2834 4218 3012 4287 ipsum
3038 4215 3182 4285 passi
3212 4224 3364 4277 sunt,
3390 4228 3536 4266 uiar-

290 4327 409 4395 'Ep’
448 4321 496 4396 ᾧ
527 4327 681 4397 παρὰ
715 4325 937 4380 πάντων
966 4299 1118 4388 αἶνος
1159 4324 1239 4394 τῷ
1279 4324 1487 4393 σωτῆρι
1513 4299 1737 4392 Χριστῷ
1763 4299 1856 4375 καί

1966 4312 2176 4384 tyribus
2211 4309 2569 4387 emittebatur
2622 4307 2868 4364 laudatio
2931 4306 3000 4362 ab
3054 4303 3335 4366 omnibus,
3385 4299 3533 4371 quod

275 4423 388 4482 τοῖς
423 4420 497 4473 δι’
539 4420 704 4474 αὐτὸν
754 4416 1046 4482 παθοῦσιν,
1079 4416 1153 4480 ὼς
1184 4417 1244 4470 τὸ
1288 4416 1458 4480 εἰκὸς,
1501 4414 1857 4485 ἀνεπέμπετο

1966 4401 2216 4472 superbis
2244 4399 2547 4456 reddiderit
2596 4394 3118 4458 remunerationem,
3177 4391 3244 4446 ad
3300 4390 3529 4461 gloriam

278 4513 558 4582 μάρτυσιν
587 4531 602 4544 ο
636 4513 723 4566 ὅτι
749 4515 864 4575 τοῖς
891 4511 1267 4582 ὑπερηφάνοις
1293 4508 1580 4562 ἀπέδωκεν
1623 4508 1861 4562 ἀνταπό-

271 4603 424 4657 δοσιν
459 4605 546 4667 είς
574 4605 732 4670 δόξαν
777 4603 1015 4675 Πατρδς,
1039 4602 1168 4656 Υίοῦ
1201 4603 1296 4656 καὶ
1329 4600 1486 4670 ἁγίου
1516 4599 1854 4670 Πνεύματος,

273 4694 371 4746 νῦν
403 4697 510 4750 καὶ
531 4697 621 4750 ἀεὶ
645 4696 742 4752 καὶ
768 4698 850 4762 είς
875 4695 1002 4760 τοὺς
1025 4694 1226 4758 αίῶνας
1254 4693 1362 4749 τῶν
1382 4692 1618 4750 αἰώνων.
1659 4693 1857 4763 Ἀμήν.

1961 4492 2141 4550 Patris
2161 4501 2216 4548 et
2245 4492 2367 4548 Filii
2396 4501 2454 4547 et
2477 4491 2713 4561 Spiritus
2755 4485 2949 4553 sancti,
2990 4499 3134 4541 nunc
3189 4493 3245 4540 et
3295 4496 3535 4552 semper,

1966 4591 2025 4640 et
2051 4585 2106 4639 in
2132 4583 2325 4640 secula
2354 4583 2699 4638 saeculorum.
2732 4579 2929 4634 Amen.
