  <div class='ocr_page' id='page_1' title='image "/cluster/home/n/w/nwhite01/storage/ocr_20150623/116/hvd.32044073502221/087.png"; bbox 0 0 4066 6372; ppageno 0'>
   <div class='ocr_carea' id='block_1_1' title="bbox 474 223 578 290">
    <p class='ocr_par' dir='ltr' id='par_1_1' title="bbox 474 223 578 290">
     <span class='ocr_line' id='line_1_1' title="bbox 474 223 578 290; baseline -0.029 -1"><span class='ocrx_word' id='word_1_1' title='bbox 474 223 578 290; x_wconf 82' lang='grc'><strong>163</strong></span> 
     </span>
    </p>
   </div>
   <div class='ocr_carea' id='block_1_2' title="bbox 1721 211 2486 276">
    <p class='ocr_par' dir='ltr' id='par_1_2' title="bbox 1721 211 2486 276">
     <span class='ocr_line' id='line_1_2' title="bbox 1721 211 2486 276; baseline 0.001 -3"><span class='ocrx_word' id='word_1_2' title='bbox 1721 213 2003 274; x_wconf 83' lang='lat' dir='ltr'><strong>MENSIS</strong></span> <span class='ocrx_word' id='word_1_3' title='bbox 2044 211 2486 276; x_wconf 75' lang='lat' dir='ltr'><strong>NOVEMBER.</strong></span> 
     </span>
    </p>
   </div>
   <div class='ocr_carea' id='block_1_3' title="bbox 3609 209 3716 278">
    <p class='ocr_par' dir='ltr' id='par_1_3' title="bbox 3609 209 3716 278">
     <span class='ocr_line' id='line_1_3' title="bbox 3609 209 3716 278; baseline 0.037 -5"><span class='ocrx_word' id='word_1_4' title='bbox 3609 209 3716 278; x_wconf 69' lang='lat' dir='ltr'><strong>1M</strong></span> 
     </span>
    </p>
   </div>
   <div class='ocr_carea' id='block_1_4' title="bbox 1073 369 3708 397">
    <p class='ocr_par' dir='ltr' id='par_1_4' title="bbox 1073 369 3708 397">
     <span class='ocr_line' id='line_1_4' title="bbox 1073 369 3708 397; baseline -0.005 -2"><span class='ocrx_word' id='word_1_5' title='bbox 1073 369 3708 397; x_wconf 51' lang='lat' dir='ltr'>ww</span> 
     </span>
    </p>
   </div>
   <div class='ocr_carea' id='block_1_5' title="bbox 1402 535 2800 649">
    <p class='ocr_par' dir='ltr' id='par_1_5' title="bbox 1402 535 2800 649">
     <span class='ocr_line' id='line_1_5' title="bbox 1402 535 2800 649; baseline -0.005 0"><span class='ocrx_word' id='word_1_6' title='bbox 1402 535 1704 649; x_wconf 84' lang='lat' dir='ltr'><strong>VITA</strong></span> <span class='ocrx_word' id='word_1_7' title='bbox 1780 541 1945 644; x_wconf 89' lang='lat' dir='ltr'><strong>ET</strong></span> <span class='ocrx_word' id='word_1_8' title='bbox 2007 539 2371 644; x_wconf 79' lang='lat' dir='ltr'><strong>MART</strong></span> <span class='ocrx_word' id='word_1_9' title='bbox 2387 538 2800 642; x_wconf 81' lang='lat' dir='ltr'><strong>YRIUM</strong></span> 
     </span>
    </p>
   </div>
   <div class='ocr_carea' id='block_1_6' title="bbox 1684 733 2504 793">
    <p class='ocr_par' dir='ltr' id='par_1_6' title="bbox 1684 733 2504 793">
     <span class='ocr_line' id='line_1_6' title="bbox 1684 733 2504 793; baseline -0.004 0"><span class='ocrx_word' id='word_1_10' title='bbox 1684 734 1976 793; x_wconf 67' lang='lat' dir='ltr'><strong>SANCTE</strong></span> <span class='ocrx_word' id='word_1_11' title='bbox 2009 736 2100 791; x_wconf 86' lang='lat' dir='ltr'><strong>ET</strong></span> <span class='ocrx_word' id='word_1_12' title='bbox 2139 733 2504 792; x_wconf 62' lang='lat' dir='ltr'><strong>GLORIOSxE</strong></span> 
     </span>
    </p>
   </div>
   <div class='ocr_carea' id='block_1_7' title="bbox 973 892 3196 1035">
    <p class='ocr_par' dir='ltr' id='par_1_7' title="bbox 973 892 3196 1035">
     <span class='ocr_line' id='line_1_7' title="bbox 973 892 3196 1035; baseline -0.003 -18"><span class='ocrx_word' id='word_1_13' title='bbox 973 897 1558 1017; x_wconf 75' lang='lat' dir='ltr'><strong>CHRISTI</strong></span> <span class='ocrx_word' id='word_1_14' title='bbox 1638 892 2388 1008; x_wconf 81' lang='lat' dir='ltr'><strong>MABTYBIS</strong></span> <span class='ocrx_word' id='word_1_15' title='bbox 2479 893 3196 1035; x_wconf 63' lang='lat' dir='ltr'><strong>CASCILIE,</strong></span> 
     </span>
    </p>
   </div>
   <div class='ocr_carea' id='block_1_8' title="bbox 1735 1107 2460 1159">
    <p class='ocr_par' dir='ltr' id='par_1_8' title="bbox 1735 1107 2460 1159">
     <span class='ocr_line' id='line_1_8' title="bbox 1735 1107 2460 1159; baseline -0.006 -9"><span class='ocrx_word' id='word_1_16' title='bbox 1735 1110 1808 1150; x_wconf 75' lang='grc' dir='ltr'><strong>ΕΤ</strong></span> <span class='ocrx_word' id='word_1_17' title='bbox 1854 1109 1944 1157; x_wconf 80' lang='lat' dir='ltr'><strong>QUI</strong></span> <span class='ocrx_word' id='word_1_18' title='bbox 1984 1109 2087 1149; x_wconf 65' lang='lat' dir='ltr'><strong>CUM</strong></span> <span class='ocrx_word' id='word_1_19' title='bbox 2122 1107 2236 1147; x_wconf 71' lang='lat' dir='ltr'><strong>IPSA</strong></span> <span class='ocrx_word' id='word_1_20' title='bbox 2269 1107 2460 1159; x_wconf 72' lang='lat' dir='ltr'><strong>ERANT,</strong></span> 
     </span>
    </p>
   </div>
   <div class='ocr_carea' id='block_1_9' title="bbox 1146 1176 3062 1304">
    <p class='ocr_par' dir='ltr' id='par_1_9' title="bbox 1146 1176 3062 1304">
     <span class='ocr_line' id='line_1_9' title="bbox 1146 1176 3062 1304; baseline -0.005 -1"><span class='ocrx_word' id='word_1_21' title='bbox 1146 1234 1636 1304; x_wconf 78' lang='lat' dir='ltr'><strong>SANCTOBUM</strong></span> <span class='ocrx_word' id='word_1_22' title='bbox 1682 1231 2144 1304; x_wconf 79' lang='lat' dir='ltr'><strong>VALERIANI,</strong></span> <span class='ocrx_word' id='word_1_23' title='bbox 2189 1229 2541 1292; x_wconf 83' lang='lat' dir='ltr'><strong>TIBURTII</strong></span> <span class='ocrx_word' id='word_1_24' title='bbox 2587 1176 2690 1292; x_wconf 39' lang='lat' dir='ltr'><strong>EIT</strong></span> <span class='ocrx_word' id='word_1_25' title='bbox 2729 1231 3062 1294; x_wconf 83' lang='lat' dir='ltr'><strong>MAXIMI.</strong></span> 
     </span>
    </p>
   </div>
   <div class='ocr_carea' id='block_1_10' title="bbox 1005 1375 3148 1454">
    <p class='ocr_par' dir='ltr' id='par_1_10' title="bbox 1005 1375 3148 1454">
     <span class='ocr_line' id='line_1_10' title="bbox 1005 1375 3148 1454; baseline -0.005 -13"><span class='ocrx_word' id='word_1_26' title='bbox 1005 1391 1203 1454; x_wconf 86' lang='lat' dir='ltr'><strong>(Latine</strong></span> <span class='ocrx_word' id='word_1_27' title='bbox 1223 1385 1353 1450; x_wconf 88' lang='lat' dir='ltr'><strong>apud</strong></span> <span class='ocrx_word' id='word_1_28' title='bbox 1378 1381 1576 1434; x_wconf 90' lang='lat' dir='ltr'><strong>Surium</strong></span> <span class='ocrx_word' id='word_1_29' title='bbox 1600 1380 1661 1431; x_wconf 86' lang='lat' dir='ltr'><strong>ad</strong></span> <span class='ocrx_word' id='word_1_30' title='bbox 1679 1378 1812 1429; x_wconf 91' lang='lat' dir='ltr'><strong>diem</strong></span> <span class='ocrx_word' id='word_1_31' title='bbox 1834 1378 1896 1426; x_wconf 77' lang='lat'><strong>22</strong></span> <span class='ocrx_word' id='word_1_32' title='bbox 1913 1375 2234 1437; x_wconf 83' lang='lat' dir='ltr'><strong>Novembris;</strong></span> <span class='ocrx_word' id='word_1_33' title='bbox 2259 1376 2430 1428; x_wconf 63' lang='lat' dir='ltr'><strong>Grece</strong></span> <span class='ocrx_word' id='word_1_34' title='bbox 2453 1389 2551 1426; x_wconf 90' lang='lat' dir='ltr'><strong>non</strong></span> <span class='ocrx_word' id='word_1_35' title='bbox 2571 1380 2735 1427; x_wconf 88' lang='lat' dir='ltr'><strong>exstat</strong></span> <span class='ocrx_word' id='word_1_36' title='bbox 2758 1380 2805 1428; x_wconf 90' lang='lat' dir='ltr'><strong>in</strong></span> <span class='ocrx_word' id='word_1_37' title='bbox 2826 1393 2942 1430; x_wconf 86' lang='lat' dir='ltr'><strong>mss.</strong></span> <span class='ocrx_word' id='word_1_38' title='bbox 2973 1381 3148 1445; x_wconf 82' lang='lat' dir='ltr'><strong>Paris.)</strong></span> 
     </span>
    </p>
   </div>
   <div class='ocr_carea' id='block_1_11' title="bbox 2049 1557 2120 1570">
    <p class='ocr_par' dir='ltr' id='par_1_11' title="bbox 2049 1557 2120 1570">
     <span class='ocr_line' id='line_1_11' title="bbox 2049 1557 2120 1570; baseline 0 0"><span class='ocrx_word' id='word_1_39' title='bbox 2049 1557 2120 1570; x_wconf 67' lang='grc' dir='ltr'><strong>α-</strong></span> 
     </span>
    </p>
   </div>
   <div class='ocr_carea' id='block_1_12' title="bbox 555 1696 3726 1776">
    <p class='ocr_par' dir='ltr' id='par_1_12' title="bbox 555 1696 3726 1776">
     <span class='ocr_line' id='line_1_12' title="bbox 555 1696 3726 1776; baseline -0.005 -1"><span class='ocrx_word' id='word_1_40' title='bbox 555 1720 598 1776; x_wconf 89' lang='grc' dir='ltr'><strong>ῐ.</strong></span> <span class='ocrx_word' id='word_1_41' title='bbox 629 1713 940 1773; x_wconf 73' lang='lat' dir='ltr'><strong>Senatoris</strong></span> <span class='ocrx_word' id='word_1_42' title='bbox 973 1708 1148 1766; x_wconf 82' lang='lat' dir='ltr'><strong>nostri</strong></span> <span class='ocrx_word' id='word_1_43' title='bbox 1189 1713 1247 1762; x_wconf 89' lang='lat' dir='ltr'><strong>et</strong></span> <span class='ocrx_word' id='word_1_44' title='bbox 1294 1705 1392 1762; x_wconf 90' lang='lat' dir='ltr'><strong>Dei</strong></span> <span class='ocrx_word' id='word_1_45' title='bbox 1439 1716 1474 1759; x_wconf 90' lang='lat' dir='ltr'><strong>e</strong></span> <span class='ocrx_word' id='word_1_46' title='bbox 1529 1702 1684 1759; x_wconf 75' lang='lat' dir='ltr'><strong>cmlis</strong></span> <span class='ocrx_word' id='word_1_47' title='bbox 1750 1700 2294 1762; x_wconf 71' lang='lat' dir='ltr'><strong>descensusAnans</strong></span> <span class='ocrx_word' id='word_1_48' title='bbox 2313 1704 2497 1753; x_wconf 86' lang='lat' dir='ltr'><strong>autem</strong></span> <span class='ocrx_word' id='word_1_49' title='bbox 2529 1706 2587 1751; x_wconf 93' lang='lat' dir='ltr'><strong>et</strong></span> <span class='ocrx_word' id='word_1_50' title='bbox 2633 1711 2824 1763; x_wconf 84' lang='lat' dir='ltr'><strong>orans,</strong></span> <span class='ocrx_word' id='word_1_51' title='bbox 2872 1696 3106 1768; x_wconf 88' lang='lat' dir='ltr'><strong>seipsam</strong></span> <span class='ocrx_word' id='word_1_52' title='bbox 3155 1700 3574 1757; x_wconf 73' lang='lat' dir='ltr'><strong>commendabat</strong></span> <span class='ocrx_word' id='word_1_53' title='bbox 3619 1704 3726 1760; x_wconf 88' lang='lat' dir='ltr'><strong>Do—</strong></span> 
     </span>
    </p>
   </div>
   <div class='ocr_carea' id='block_1_13' title="bbox 481 1792 2048 1874">
    <p class='ocr_par' dir='ltr' id='par_1_13' title="bbox 481 1792 2048 1874">
     <span class='ocr_line' id='line_1_13' title="bbox 481 1792 2048 1874; baseline -0.016 -3"><span class='ocrx_word' id='word_1_54' title='bbox 481 1812 797 1871; x_wconf 84' lang='lat' dir='ltr'><strong>conciliavit</strong></span> <span class='ocrx_word' id='word_1_55' title='bbox 855 1819 1048 1874; x_wconf 89' lang='lat' dir='ltr'><strong>magna</strong></span> <span class='ocrx_word' id='word_1_56' title='bbox 1102 1802 1246 1856; x_wconf 88' lang='lat' dir='ltr'><strong>bona</strong></span> <span class='ocrx_word' id='word_1_57' title='bbox 1299 1795 1487 1868; x_wconf 90' lang='lat' dir='ltr'><strong>generi</strong></span> <span class='ocrx_word' id='word_1_58' title='bbox 1543 1793 1853 1848; x_wconf 85' lang='lat' dir='ltr'><strong>hominum.</strong></span> <span class='ocrx_word' id='word_1_59' title='bbox 1911 1792 2048 1847; x_wconf 83' lang='lat' dir='ltr'><strong>Nam</strong></span> 
     </span>
    </p>
   </div>
   <div class='ocr_carea' id='block_1_14' title="bbox 481 1881 2056 1957">
    <p class='ocr_par' dir='ltr' id='par_1_14' title="bbox 481 1881 2056 1957">
     <span class='ocr_line' id='line_1_14' title="bbox 481 1881 2056 1957; baseline -0.013 0"><span class='ocrx_word' id='word_1_60' title='bbox 481 1916 608 1957; x_wconf 89' lang='lat' dir='ltr'><strong>cum</strong></span> <span class='ocrx_word' id='word_1_61' title='bbox 641 1907 786 1953; x_wconf 84' lang='lat' dir='ltr'><strong>esset</strong></span> <span class='ocrx_word' id='word_1_62' title='bbox 820 1896 964 1949; x_wconf 89' lang='lat' dir='ltr'><strong>Deus</strong></span> <span class='ocrx_word' id='word_1_63' title='bbox 987 1907 1052 1946; x_wconf 94' lang='lat' dir='ltr'><strong>ex</strong></span> <span class='ocrx_word' id='word_1_64' title='bbox 1087 1889 1220 1949; x_wconf 80' lang='lat' dir='ltr'><strong>Deo.</strong></span> <span class='ocrx_word' id='word_1_65' title='bbox 1262 1892 1489 1941; x_wconf 80' lang='lat' dir='ltr'><strong>etesset</strong></span> <span class='ocrx_word' id='word_1_66' title='bbox 1516 1883 1572 1938; x_wconf 91' lang='lat' dir='ltr'><strong>in</strong></span> <span class='ocrx_word' id='word_1_67' title='bbox 1605 1883 1777 1938; x_wconf 83' lang='lat' dir='ltr'><strong>forma</strong></span> <span class='ocrx_word' id='word_1_68' title='bbox 1816 1881 1932 1945; x_wconf 88' lang='lat' dir='ltr'><strong>Dei,</strong></span> <span class='ocrx_word' id='word_1_69' title='bbox 1959 1881 2056 1951; x_wconf 88' lang='lat' dir='ltr'><strong>qui</strong></span> 
     </span>
    </p>
   </div>
   <div class='ocr_carea' id='block_1_15' title="bbox 485 1972 2058 2062">
    <p class='ocr_par' dir='ltr' id='par_1_15' title="bbox 485 1972 2058 2062">
     <span class='ocr_line' id='line_1_15' title="bbox 485 1972 2058 2062; baseline -0.015 -14"><span class='ocrx_word' id='word_1_70' title='bbox 485 1996 662 2062; x_wconf 87' lang='lat' dir='ltr'><strong>ipsum</strong></span> <span class='ocrx_word' id='word_1_71' title='bbox 705 1986 897 2057; x_wconf 80' lang='lat' dir='ltr'><strong>genuit</strong></span> <span class='ocrx_word' id='word_1_72' title='bbox 950 1978 1352 2052; x_wconf 89' lang='lat' dir='ltr'><strong>impatibiliter,</strong></span> <span class='ocrx_word' id='word_1_73' title='bbox 1386 1993 1406 2028; x_wconf 78' lang='grc' dir='ltr'><strong>ι</strong></span> <span class='ocrx_word' id='word_1_74' title='bbox 1445 1988 1555 2030; x_wconf 89' lang='lat' dir='ltr'><strong>non</strong></span> <span class='ocrx_word' id='word_1_75' title='bbox 1603 1972 1851 2043; x_wconf 75' lang='lat' dir='ltr'><strong>rapinam</strong></span> <span class='ocrx_word' id='word_1_76' title='bbox 1905 1973 2058 2026; x_wconf 85' lang='lat' dir='ltr'><strong>arbi-</strong></span> 
     </span>
    </p>
   </div>
   <div class='ocr_carea' id='block_1_16' title="bbox 486 2063 2058 2140">
    <p class='ocr_par' dir='ltr' id='par_1_16' title="bbox 486 2063 2058 2140">
     <span class='ocr_line' id='line_1_16' title="bbox 486 2063 2058 2140; baseline -0.015 -1"><span class='ocrx_word' id='word_1_77' title='bbox 486 2095 664 2140; x_wconf 84' lang='lat' dir='ltr'><strong>tratus</strong></span> <span class='ocrx_word' id='word_1_78' title='bbox 687 2090 772 2135; x_wconf 89' lang='lat' dir='ltr'><strong>est</strong></span> <span class='ocrx_word' id='word_1_79' title='bbox 800 2093 858 2132; x_wconf 89' lang='lat' dir='ltr'><strong>se</strong></span> <span class='ocrx_word' id='word_1_80' title='bbox 885 2089 1006 2130; x_wconf 92' lang='lat' dir='ltr'><strong>esse</strong></span> <span class='ocrx_word' id='word_1_81' title='bbox 1038 2075 1148 2127; x_wconf 88' lang='lat' dir='ltr'><strong>Deo</strong></span> <span class='ocrx_word' id='word_1_82' title='bbox 1171 2069 1435 2140; x_wconf 62' lang='lat' dir='ltr'><strong>aequalem</strong></span> <span class='ocrx_word' id='word_1_83' title='bbox 1461 2084 1476 2120; x_wconf 91' lang='lat'><strong>:</strong></span> <span class='ocrx_word' id='word_1_84' title='bbox 1512 2064 1609 2122; x_wconf 85' lang='lat' dir='ltr'><strong>sed</strong></span> <span class='ocrx_word' id='word_1_85' title='bbox 1666 2064 1905 2133; x_wconf 91' lang='lat' dir='ltr'><strong>seipsum</strong></span> <span class='ocrx_word' id='word_1_86' title='bbox 1944 2063 2058 2117; x_wconf 87' lang='lat' dir='ltr'><strong>exi-</strong></span> 
     </span>
    </p>
   </div>
   <div class='ocr_carea' id='block_1_17' title="bbox 490 2156 2057 2238">
    <p class='ocr_par' dir='ltr' id='par_1_17' title="bbox 490 2156 2057 2238">
     <span class='ocr_line' id='line_1_17' title="bbox 490 2156 2057 2238; baseline -0.013 -5"><span class='ocrx_word' id='word_1_87' title='bbox 490 2176 725 2238; x_wconf 88' lang='lat' dir='ltr'><strong>nanivit,</strong></span> <span class='ocrx_word' id='word_1_88' title='bbox 757 2172 900 2230; x_wconf 87' lang='lat' dir='ltr'><strong>servi</strong></span> <span class='ocrx_word' id='word_1_89' title='bbox 955 2167 1186 2222; x_wconf 77' lang='lat' dir='ltr'><strong>formam</strong></span> <span class='ocrx_word' id='word_1_90' title='bbox 1239 2160 1538 2232; x_wconf 89' lang='lat' dir='ltr'><strong>accipiens,</strong></span> <span class='ocrx_word' id='word_1_91' title='bbox 1584 2158 1641 2213; x_wconf 92' lang='lat' dir='ltr'><strong>in</strong></span> <span class='ocrx_word' id='word_1_92' title='bbox 1695 2156 2057 2213; x_wconf 84' lang='lat' dir='ltr'><strong>similitudine</strong></span> 
     </span>
    </p>
   </div>
   <div class='ocr_carea' id='block_1_18' title="bbox 487 2249 2056 2322">
    <p class='ocr_par' dir='ltr' id='par_1_18' title="bbox 487 2249 2056 2322">
     <span class='ocr_line' id='line_1_18' title="bbox 487 2249 2056 2322; baseline -0.013 -1"><span class='ocrx_word' id='word_1_93' title='bbox 487 2269 776 2322; x_wconf 82' lang='lat' dir='ltr'><strong>hominum</strong></span> <span class='ocrx_word' id='word_1_94' title='bbox 813 2263 1013 2322; x_wconf 82' lang='lat' dir='ltr'><strong>factus,</strong></span> <span class='ocrx_word' id='word_1_95' title='bbox 1071 2267 1127 2314; x_wconf 92' lang='lat' dir='ltr'><strong>et</strong></span> <span class='ocrx_word' id='word_1_96' title='bbox 1175 2254 1366 2310; x_wconf 88' lang='lat' dir='ltr'><strong>habitu</strong></span> <span class='ocrx_word' id='word_1_97' title='bbox 1432 2252 1688 2306; x_wconf 87' lang='lat' dir='ltr'><strong>inventus</strong></span> <span class='ocrx_word' id='word_1_98' title='bbox 1740 2260 1802 2303; x_wconf 86' lang='lat' dir='ltr'><strong>ut</strong></span> <span class='ocrx_word' id='word_1_99' title='bbox 1854 2249 2056 2313; x_wconf 90' lang='lat' dir='ltr'><strong>homo;</strong></span> 
     </span>
    </p>
   </div>
   <div class='ocr_carea' id='block_1_19' title="bbox 488 2338 2056 2423">
    <p class='ocr_par' dir='ltr' id='par_1_19' title="bbox 488 2338 2056 2423">
     <span class='ocr_line' id='line_1_19' title="bbox 488 2338 2056 2423; baseline -0.015 -9"><span class='ocrx_word' id='word_1_100' title='bbox 488 2357 804 2414; x_wconf 87' lang='lat' dir='ltr'><strong>humiliavit</strong></span> <span class='ocrx_word' id='word_1_101' title='bbox 835 2355 1101 2423; x_wconf 82' lang='lat' dir='ltr'><strong>seipsum,</strong></span> <span class='ocrx_word' id='word_1_102' title='bbox 1124 2347 1304 2405; x_wconf 78' lang='lat' dir='ltr'><strong>factus</strong></span> <span class='ocrx_word' id='word_1_103' title='bbox 1322 2342 1582 2398; x_wconf 88' lang='lat' dir='ltr'><strong>obediens</strong></span> <span class='ocrx_word' id='word_1_104' title='bbox 1615 2355 1788 2408; x_wconf 90' lang='lat' dir='ltr'><strong>usque</strong></span> <span class='ocrx_word' id='word_1_105' title='bbox 1818 2338 1884 2393; x_wconf 92' lang='lat' dir='ltr'><strong>ad</strong></span> <span class='ocrx_word' id='word_1_106' title='bbox 1915 2353 2056 2392; x_wconf 90' lang='lat' dir='ltr'><strong>mor-</strong></span> 
     </span>
    </p>
   </div>
   <div class='ocr_carea' id='block_1_20' title="bbox 487 2428 2060 2511">
    <p class='ocr_par' dir='ltr' id='par_1_20' title="bbox 487 2428 2060 2511">
     <span class='ocr_line' id='line_1_20' title="bbox 487 2428 2060 2511; baseline -0.013 -7"><span class='ocrx_word' id='word_1_107' title='bbox 487 2458 623 2511; x_wconf 86' lang='lat' dir='ltr'><strong>tem,</strong></span> <span class='ocrx_word' id='word_1_108' title='bbox 665 2457 895 2500; x_wconf 89' lang='lat' dir='ltr'><strong>mortem</strong></span> <span class='ocrx_word' id='word_1_109' title='bbox 930 2448 1112 2496; x_wconf 88' lang='lat' dir='ltr'><strong>autem</strong></span> <span class='ocrx_word' id='word_1_110' title='bbox 1138 2437 1319 2492; x_wconf 90' lang='lat' dir='ltr'><strong>crucis</strong></span> <span class='ocrx_word' id='word_1_111' title='bbox 1346 2435 1386 2497; x_wconf 74' lang='grc' dir='ltr'><strong>ι,</strong></span> <span class='ocrx_word' id='word_1_112' title='bbox 1416 2441 1479 2487; x_wconf 91' lang='lat' dir='ltr'><strong>ut</strong></span> <span class='ocrx_word' id='word_1_113' title='bbox 1513 2445 1639 2486; x_wconf 89' lang='lat' dir='ltr'><strong>eum</strong></span> <span class='ocrx_word' id='word_1_114' title='bbox 1681 2429 1911 2490; x_wconf 88' lang='lat' dir='ltr'><strong>deleret,</strong></span> <span class='ocrx_word' id='word_1_115' title='bbox 1962 2428 2060 2498; x_wconf 88' lang='lat' dir='ltr'><strong>qui</strong></span> 
     </span>
    </p>
   </div>
   <div class='ocr_carea' id='block_1_21' title="bbox 493 2519 2056 2598">
    <p class='ocr_par' dir='ltr' id='par_1_21' title="bbox 493 2519 2056 2598">
     <span class='ocr_line' id='line_1_21' title="bbox 493 2519 2056 2598; baseline -0.015 -6"><span class='ocrx_word' id='word_1_116' title='bbox 493 2538 690 2593; x_wconf 90' lang='lat' dir='ltr'><strong>mortis</strong></span> <span class='ocrx_word' id='word_1_117' title='bbox 718 2535 958 2590; x_wconf 84' lang='lat' dir='ltr'><strong>habebat</strong></span> <span class='ocrx_word' id='word_1_118' title='bbox 1016 2529 1332 2598; x_wconf 88' lang='lat' dir='ltr'><strong>imperium,</strong></span> <span class='ocrx_word' id='word_1_119' title='bbox 1362 2523 1470 2578; x_wconf 91' lang='lat' dir='ltr'><strong>hoc</strong></span> <span class='ocrx_word' id='word_1_120' title='bbox 1502 2529 1609 2585; x_wconf 86' lang='lat' dir='ltr'><strong>est,</strong></span> <span class='ocrx_word' id='word_1_121' title='bbox 1641 2519 1918 2574; x_wconf 90' lang='lat' dir='ltr'><strong>diabolum</strong></span> <span class='ocrx_word' id='word_1_122' title='bbox 1942 2519 1990 2582; x_wconf 82' lang='lat'><strong>&#39;;</strong></span> <span class='ocrx_word' id='word_1_123' title='bbox 2036 2535 2056 2568; x_wconf 72' lang='grc' dir='ltr'><strong>ι</strong></span> 
     </span>
    </p>
   </div>
   <div class='ocr_carea' id='block_1_22' title="bbox 485 2608 2070 2688">
    <p class='ocr_par' dir='ltr' id='par_1_22' title="bbox 485 2608 2070 2688">
     <span class='ocr_line' id='line_1_22' title="bbox 485 2608 2070 2688; baseline -0.015 -1"><span class='ocrx_word' id='word_1_124' title='bbox 485 2643 546 2688; x_wconf 86' lang='lat' dir='ltr'><strong>et</strong></span> <span class='ocrx_word' id='word_1_125' title='bbox 575 2643 794 2686; x_wconf 87' lang='lat' dir='ltr'><strong>omnem</strong></span> <span class='ocrx_word' id='word_1_126' title='bbox 837 2623 1218 2681; x_wconf 86' lang='lat' dir='ltr'><strong>manuducens</strong></span> <span class='ocrx_word' id='word_1_127' title='bbox 1247 2615 1662 2678; x_wconf 88' lang='lat' dir='ltr'><strong>humanitatem,</strong></span> <span class='ocrx_word' id='word_1_128' title='bbox 1693 2610 1952 2667; x_wconf 86' lang='lat' dir='ltr'><strong>eveheret</strong></span> <span class='ocrx_word' id='word_1_129' title='bbox 1993 2608 2070 2664; x_wconf 81' lang='lat' dir='ltr'><strong>ad</strong></span> 
     </span>
    </p>
   </div>
   <div class='ocr_carea' id='block_1_23' title="bbox 489 2705 2058 2792">
    <p class='ocr_par' dir='ltr' id='par_1_23' title="bbox 489 2705 2058 2792">
     <span class='ocr_line' id='line_1_23' title="bbox 489 2705 2058 2792; baseline -0.015 -12"><span class='ocrx_word' id='word_1_130' title='bbox 489 2727 663 2780; x_wconf 61' lang='lat' dir='ltr'><strong>caios</strong></span> <span class='ocrx_word' id='word_1_131' title='bbox 695 2736 793 2792; x_wconf 90' lang='lat' dir='ltr'><strong>per</strong></span> <span class='ocrx_word' id='word_1_132' title='bbox 828 2717 1129 2790; x_wconf 85' lang='lat' dir='ltr'><strong>pretiosam</strong></span> <span class='ocrx_word' id='word_1_133' title='bbox 1161 2720 1216 2768; x_wconf 92' lang='lat' dir='ltr'><strong>et</strong></span> <span class='ocrx_word' id='word_1_134' title='bbox 1253 2709 1492 2766; x_wconf 83' lang='lat' dir='ltr'><strong>divinam</strong></span> <span class='ocrx_word' id='word_1_135' title='bbox 1539 2720 1693 2761; x_wconf 88' lang='lat' dir='ltr'><strong>suam</strong></span> <span class='ocrx_word' id='word_1_136' title='bbox 1728 2705 2058 2760; x_wconf 87' lang='lat' dir='ltr'><strong>doctrinam.</strong></span> 
     </span>
    </p>
   </div>
   <div class='ocr_carea' id='block_1_24' title="bbox 493 2793 2062 2882">
    <p class='ocr_par' dir='ltr' id='par_1_24' title="bbox 493 2793 2062 2882">
     <span class='ocr_line' id='line_1_24' title="bbox 493 2793 2062 2882; baseline -0.015 -11"><span class='ocrx_word' id='word_1_137' title='bbox 493 2816 663 2872; x_wconf 83' lang='lat' dir='ltr'><strong>Primi</strong></span> <span class='ocrx_word' id='word_1_138' title='bbox 721 2814 907 2882; x_wconf 84' lang='lat' dir='ltr'><strong>itaque</strong></span> <span class='ocrx_word' id='word_1_139' title='bbox 961 2807 1208 2864; x_wconf 90' lang='lat' dir='ltr'><strong>omnium</strong></span> <span class='ocrx_word' id='word_1_140' title='bbox 1289 2816 1416 2858; x_wconf 89' lang='lat' dir='ltr'><strong>eum</strong></span> <span class='ocrx_word' id='word_1_141' title='bbox 1471 2798 1647 2854; x_wconf 86' lang='lat' dir='ltr'><strong>secuti</strong></span> <span class='ocrx_word' id='word_1_142' title='bbox 1709 2804 1839 2851; x_wconf 90' lang='lat' dir='ltr'><strong>sunt</strong></span> <span class='ocrx_word' id='word_1_143' title='bbox 1886 2793 2062 2849; x_wconf 89' lang='lat' dir='ltr'><strong>sancti</strong></span> 
     </span>
    </p>
   </div>
   <div class='ocr_carea' id='block_1_25' title="bbox 485 2894 2062 2973">
    <p class='ocr_par' dir='ltr' id='par_1_25' title="bbox 485 2894 2062 2973">
     <span class='ocr_line' id='line_1_25' title="bbox 485 2894 2062 2973; baseline -0.013 -15"><span class='ocrx_word' id='word_1_144' title='bbox 485 2903 760 2973; x_wconf 74' lang='lat' dir='ltr'><strong>apostoli;</strong></span> <span class='ocrx_word' id='word_1_145' title='bbox 807 2907 932 2970; x_wconf 91' lang='lat' dir='ltr'><strong>post</strong></span> <span class='ocrx_word' id='word_1_146' title='bbox 973 2897 1270 2967; x_wconf 84' lang='lat' dir='ltr'><strong>apostolos,</strong></span> <span class='ocrx_word' id='word_1_147' title='bbox 1294 2898 1596 2961; x_wconf 84' lang='lat' dir='ltr'><strong>martyres;</strong></span> <span class='ocrx_word' id='word_1_148' title='bbox 1622 2894 1742 2957; x_wconf 90' lang='lat' dir='ltr'><strong>post</strong></span> <span class='ocrx_word' id='word_1_149' title='bbox 1771 2895 2062 2956; x_wconf 82' lang='lat' dir='ltr'><strong>martyres,</strong></span> 
     </span>
    </p>
   </div>
   <div class='ocr_carea' id='block_1_26' title="bbox 2157 1787 3727 1866">
    <p class='ocr_par' dir='ltr' id='par_1_26' title="bbox 2157 1787 3727 1866">
     <span class='ocr_line' id='line_1_26' title="bbox 2157 1787 3727 1866; baseline 0.003 -22"><span class='ocrx_word' id='word_1_150' title='bbox 2157 1788 2309 1844; x_wconf 82' lang='lat' dir='ltr'><strong>mino</strong></span> <span class='ocrx_word' id='word_1_151' title='bbox 2374 1787 2673 1858; x_wconf 85' lang='lat' dir='ltr'><strong>precibus:</strong></span> <span class='ocrx_word' id='word_1_152' title='bbox 2706 1787 2930 1857; x_wconf 85' lang='lat' dir='ltr'><strong>angelos</strong></span> <span class='ocrx_word' id='word_1_153' title='bbox 2952 1787 3167 1843; x_wconf 90' lang='lat' dir='ltr'><strong>Domini</strong></span> <span class='ocrx_word' id='word_1_154' title='bbox 3209 1789 3522 1856; x_wconf 79' lang='lat' dir='ltr'><strong>invocabat,</strong></span> <span class='ocrx_word' id='word_1_155' title='bbox 3550 1795 3727 1866; x_wconf 84' lang='lat' dir='ltr'><strong>lacry-</strong></span> 
     </span>
    </p>
   </div>
   <div class='ocr_carea' id='block_1_27' title="bbox 2159 1878 3724 1950">
    <p class='ocr_par' dir='ltr' id='par_1_27' title="bbox 2159 1878 3724 1950">
     <span class='ocr_line' id='line_1_27' title="bbox 2159 1878 3724 1950; baseline 0.005 -16"><span class='ocrx_word' id='word_1_156' title='bbox 2159 1881 2266 1934; x_wconf 90' lang='lat' dir='ltr'><strong>mis</strong></span> <span class='ocrx_word' id='word_1_157' title='bbox 2295 1878 2623 1950; x_wconf 88' lang='lat' dir='ltr'><strong>precabatur</strong></span> <span class='ocrx_word' id='word_1_158' title='bbox 2638 1879 2934 1948; x_wconf 90' lang='lat' dir='ltr'><strong>apostolos,</strong></span> <span class='ocrx_word' id='word_1_159' title='bbox 2967 1889 3024 1935; x_wconf 88' lang='lat' dir='ltr'><strong>et</strong></span> <span class='ocrx_word' id='word_1_160' title='bbox 3051 1881 3246 1936; x_wconf 87' lang='lat' dir='ltr'><strong>orabat</strong></span> <span class='ocrx_word' id='word_1_161' title='bbox 3272 1897 3468 1938; x_wconf 89' lang='lat' dir='ltr'><strong>omnes</strong></span> <span class='ocrx_word' id='word_1_162' title='bbox 3505 1897 3724 1942; x_wconf 86' lang='lat' dir='ltr'><strong>sanctas</strong></span> 
     </span>
    </p>
   </div>
   <div class='ocr_carea' id='block_1_28' title="bbox 2159 1970 3728 2046">
    <p class='ocr_par' dir='ltr' id='par_1_28' title="bbox 2159 1970 3728 2046">
     <span class='ocr_line' id='line_1_28' title="bbox 2159 1970 3728 2046; baseline 0.001 -17"><span class='ocrx_word' id='word_1_163' title='bbox 2159 1971 2363 2029; x_wconf 89' lang='lat' dir='ltr'><strong>Christi</strong></span> <span class='ocrx_word' id='word_1_164' title='bbox 2398 1970 2649 2032; x_wconf 86' lang='lat' dir='ltr'><strong>ancillas,</strong></span> <span class='ocrx_word' id='word_1_165' title='bbox 2684 1976 2747 2022; x_wconf 92' lang='lat' dir='ltr'><strong>ut</strong></span> <span class='ocrx_word' id='word_1_166' title='bbox 2775 1984 2893 2023; x_wconf 91' lang='lat' dir='ltr'><strong>eam</strong></span> <span class='ocrx_word' id='word_1_167' title='bbox 2920 1972 3310 2029; x_wconf 89' lang='lat' dir='ltr'><strong>conﬁrmarent</strong></span> <span class='ocrx_word' id='word_1_168' title='bbox 3355 1976 3472 2030; x_wconf 90' lang='lat' dir='ltr'><strong>suis</strong></span> <span class='ocrx_word' id='word_1_169' title='bbox 3518 1977 3728 2046; x_wconf 86' lang='lat' dir='ltr'><strong>suppli-</strong></span> 
     </span>
    </p>
   </div>
   <div class='ocr_carea' id='block_1_29' title="bbox 2161 2058 3728 2126">
    <p class='ocr_par' dir='ltr' id='par_1_29' title="bbox 2161 2058 3728 2126">
     <span class='ocr_line' id='line_1_29' title="bbox 2161 2058 3728 2126; baseline 0.003 -9"><span class='ocrx_word' id='word_1_170' title='bbox 2161 2061 2493 2126; x_wconf 88' lang='lat' dir='ltr'><strong>cationibus,</strong></span> <span class='ocrx_word' id='word_1_171' title='bbox 2563 2058 2877 2114; x_wconf 84' lang='lat' dir='ltr'><strong>castitatem</strong></span> <span class='ocrx_word' id='word_1_172' title='bbox 2952 2074 3110 2114; x_wconf 91' lang='lat' dir='ltr'><strong>suam</strong></span> <span class='ocrx_word' id='word_1_173' title='bbox 3182 2065 3576 2120; x_wconf 81' lang='lat' dir='ltr'><strong>commendans</strong></span> <span class='ocrx_word' id='word_1_174' title='bbox 3623 2066 3728 2122; x_wconf 83' lang='lat' dir='ltr'><strong>Do-</strong></span> 
     </span>
    </p>
   </div>
   <div class='ocr_carea' id='block_1_30' title="bbox 2163 2157 2338 2209">
    <p class='ocr_par' dir='ltr' id='par_1_30' title="bbox 2163 2157 2338 2209">
     <span class='ocr_line' id='line_1_30' title="bbox 2163 2157 2338 2209; baseline -0.017 0"><span class='ocrx_word' id='word_1_175' title='bbox 2163 2157 2338 2209; x_wconf 86' lang='lat' dir='ltr'><strong>mino.</strong></span> 
     </span>
    </p>
   </div>
   <div class='ocr_carea' id='block_1_31' title="bbox 2231 2243 3722 2314">
    <p class='ocr_par' dir='ltr' id='par_1_31' title="bbox 2231 2243 3722 2314">
     <span class='ocr_line' id='line_1_31' title="bbox 2231 2243 3722 2314; baseline 0.005 -15"><span class='ocrx_word' id='word_1_176' title='bbox 2231 2244 2323 2299; x_wconf 89' lang='lat' dir='ltr'><strong>Ill.</strong></span> <span class='ocrx_word' id='word_1_177' title='bbox 2356 2243 2654 2314; x_wconf 84' lang='lat' dir='ltr'><strong>Postquam</strong></span> <span class='ocrx_word' id='word_1_178' title='bbox 2681 2253 2865 2300; x_wconf 86' lang='lat' dir='ltr'><strong>autem</strong></span> <span class='ocrx_word' id='word_1_179' title='bbox 2903 2245 3020 2300; x_wconf 62' lang='lat' dir='ltr'><strong>haec</strong></span> <span class='ocrx_word' id='word_1_180' title='bbox 3047 2246 3189 2302; x_wconf 82' lang='lat' dir='ltr'><strong>facta</strong></span> <span class='ocrx_word' id='word_1_181' title='bbox 3215 2257 3364 2313; x_wconf 87' lang='lat' dir='ltr'><strong>sunt,</strong></span> <span class='ocrx_word' id='word_1_182' title='bbox 3388 2263 3494 2304; x_wconf 87' lang='lat' dir='ltr'><strong>nox</strong></span> <span class='ocrx_word' id='word_1_183' title='bbox 3528 2251 3675 2306; x_wconf 80' lang='lat' dir='ltr'><strong>venit</strong></span> <span class='ocrx_word' id='word_1_184' title='bbox 3709 2271 3722 2306; x_wconf 91' lang='lat'><strong>:</strong></span> 
     </span>
    </p>
   </div>
   <div class='ocr_carea' id='block_1_32' title="bbox 2162 2332 3732 2412">
    <p class='ocr_par' dir='ltr' id='par_1_32' title="bbox 2162 2332 3732 2412">
     <span class='ocr_line' id='line_1_32' title="bbox 2162 2332 3732 2412; baseline 0.006 -24"><span class='ocrx_word' id='word_1_185' title='bbox 2162 2332 2220 2388; x_wconf 91' lang='lat' dir='ltr'><strong>in</strong></span> <span class='ocrx_word' id='word_1_186' title='bbox 2240 2350 2347 2404; x_wconf 92' lang='lat' dir='ltr'><strong>qua</strong></span> <span class='ocrx_word' id='word_1_187' title='bbox 2379 2350 2506 2389; x_wconf 91' lang='lat' dir='ltr'><strong>cum</strong></span> <span class='ocrx_word' id='word_1_188' title='bbox 2536 2349 2638 2389; x_wconf 92' lang='lat' dir='ltr'><strong>suo</strong></span> <span class='ocrx_word' id='word_1_189' title='bbox 2664 2349 2868 2404; x_wconf 86' lang='lat' dir='ltr'><strong>sponso</strong></span> <span class='ocrx_word' id='word_1_190' title='bbox 2892 2335 2946 2390; x_wconf 91' lang='lat' dir='ltr'><strong>in</strong></span> <span class='ocrx_word' id='word_1_191' title='bbox 2972 2346 3227 2406; x_wconf 87' lang='lat' dir='ltr'><strong>separato</strong></span> <span class='ocrx_word' id='word_1_192' title='bbox 3267 2339 3521 2396; x_wconf 75' lang='lat' dir='ltr'><strong>cubiculo</strong></span> <span class='ocrx_word' id='word_1_193' title='bbox 3569 2343 3732 2412; x_wconf 86' lang='lat' dir='ltr'><strong>quie-</strong></span> 
     </span>
    </p>
   </div>
   <div class='ocr_carea' id='block_1_33' title="bbox 2163 2431 3731 2498">
    <p class='ocr_par' dir='ltr' id='par_1_33' title="bbox 2163 2431 3731 2498">
     <span class='ocr_line' id='line_1_33' title="bbox 2163 2431 3731 2498; baseline 0.006 -12"><span class='ocrx_word' id='word_1_194' title='bbox 2163 2439 2272 2486; x_wconf 88' lang='lat' dir='ltr'><strong>tem</strong></span> <span class='ocrx_word' id='word_1_195' title='bbox 2297 2438 2454 2493; x_wconf 84' lang='lat' dir='ltr'><strong>nacta</strong></span> <span class='ocrx_word' id='word_1_196' title='bbox 2475 2440 2532 2485; x_wconf 92' lang='lat' dir='ltr'><strong>et</strong></span> <span class='ocrx_word' id='word_1_197' title='bbox 2561 2431 2862 2498; x_wconf 86' lang='lat' dir='ltr'><strong>silentium,</strong></span> <span class='ocrx_word' id='word_1_198' title='bbox 2897 2431 2977 2487; x_wconf 90' lang='lat' dir='ltr'><strong>sic</strong></span> <span class='ocrx_word' id='word_1_199' title='bbox 2996 2448 3121 2487; x_wconf 92' lang='lat' dir='ltr'><strong>eum</strong></span> <span class='ocrx_word' id='word_1_200' title='bbox 3157 2442 3240 2488; x_wconf 90' lang='lat' dir='ltr'><strong>est</strong></span> <span class='ocrx_word' id='word_1_201' title='bbox 3287 2435 3522 2491; x_wconf 85' lang='lat' dir='ltr'><strong>allocuta</strong></span> <span class='ocrx_word' id='word_1_202' title='bbox 3554 2455 3570 2492; x_wconf 89' lang='lat'><strong>:</strong></span> <span class='ocrx_word' id='word_1_203' title='bbox 3599 2439 3731 2495; x_wconf 81' lang='lat' dir='ltr'><strong>Dul-</strong></span> 
     </span>
    </p>
   </div>
   <div class='ocr_carea' id='block_1_34' title="bbox 2163 2521 3730 2598">
    <p class='ocr_par' dir='ltr' id='par_1_34' title="bbox 2163 2521 3730 2598">
     <span class='ocr_line' id='line_1_34' title="bbox 2163 2521 3730 2598; baseline 0.006 -22"><span class='ocrx_word' id='word_1_204' title='bbox 2163 2521 2382 2576; x_wconf 88' lang='lat' dir='ltr'><strong>cissime</strong></span> <span class='ocrx_word' id='word_1_205' title='bbox 2403 2521 2743 2584; x_wconf 89' lang='lat' dir='ltr'><strong>adolescens,</strong></span> <span class='ocrx_word' id='word_1_206' title='bbox 2779 2530 2862 2577; x_wconf 90' lang='lat' dir='ltr'><strong>est</strong></span> <span class='ocrx_word' id='word_1_207' title='bbox 2907 2523 3040 2576; x_wconf 92' lang='lat' dir='ltr'><strong>mihi</strong></span> <span class='ocrx_word' id='word_1_208' title='bbox 3092 2539 3376 2589; x_wconf 88' lang='lat' dir='ltr'><strong>arcanum,</strong></span> <span class='ocrx_word' id='word_1_209' title='bbox 3427 2529 3574 2598; x_wconf 85' lang='lat' dir='ltr'><strong>quod</strong></span> <span class='ocrx_word' id='word_1_210' title='bbox 3629 2529 3730 2587; x_wconf 77' lang='lat' dir='ltr'><strong>tibi</strong></span> 
     </span>
    </p>
   </div>
   <div class='ocr_carea' id='block_1_35' title="bbox 2162 2612 3734 2684">
    <p class='ocr_par' dir='ltr' id='par_1_35' title="bbox 2162 2612 3734 2684">
     <span class='ocr_line' id='line_1_35' title="bbox 2162 2612 3734 2684; baseline 0.005 -17"><span class='ocrx_word' id='word_1_211' title='bbox 2162 2612 2500 2682; x_wconf 87' lang='lat' dir='ltr'><strong>aperiam,si</strong></span> <span class='ocrx_word' id='word_1_212' title='bbox 2551 2621 2607 2667; x_wconf 88' lang='lat' dir='ltr'><strong>tu</strong></span> <span class='ocrx_word' id='word_1_213' title='bbox 2649 2612 3014 2684; x_wconf 80' lang='lat' dir='ltr'><strong>jurejurando</strong></span> <span class='ocrx_word' id='word_1_214' title='bbox 3064 2615 3195 2669; x_wconf 87' lang='lat' dir='ltr'><strong>mihi</strong></span> <span class='ocrx_word' id='word_1_215' title='bbox 3252 2616 3630 2684; x_wconf 78' lang='lat' dir='ltr'><strong>aﬁirmaveris,</strong></span> <span class='ocrx_word' id='word_1_216' title='bbox 3679 2629 3734 2675; x_wconf 91' lang='lat' dir='ltr'><strong>te</strong></span> 
     </span>
    </p>
   </div>
   <div class='ocr_carea' id='block_1_36' title="bbox 2161 2705 3736 2782">
    <p class='ocr_par' dir='ltr' id='par_1_36' title="bbox 2161 2705 3736 2782">
     <span class='ocr_line' id='line_1_36' title="bbox 2161 2705 3736 2782; baseline 0.007 -25"><span class='ocrx_word' id='word_1_217' title='bbox 2161 2706 2347 2757; x_wconf 86' lang='lat' dir='ltr'><strong>omnia</strong></span> <span class='ocrx_word' id='word_1_218' title='bbox 2373 2705 2705 2758; x_wconf 87' lang='lat' dir='ltr'><strong>celaturum.</strong></span> <span class='ocrx_word' id='word_1_219' title='bbox 2759 2705 2815 2758; x_wconf 77' lang='lat' dir='ltr'><strong>Ei</strong></span> <span class='ocrx_word' id='word_1_220' title='bbox 2863 2713 3047 2762; x_wconf 80' lang='lat' dir='ltr'><strong>autem</strong></span> <span class='ocrx_word' id='word_1_221' title='bbox 3078 2707 3289 2777; x_wconf 89' lang='lat' dir='ltr'><strong>juravit</strong></span> <span class='ocrx_word' id='word_1_222' title='bbox 3333 2710 3454 2779; x_wconf 87' lang='lat' dir='ltr'><strong>ejus</strong></span> <span class='ocrx_word' id='word_1_223' title='bbox 3500 2726 3736 2782; x_wconf 85' lang='lat' dir='ltr'><strong>sponsus</strong></span> 
     </span>
    </p>
   </div>
   <div class='ocr_carea' id='block_1_37' title="bbox 2164 2795 3737 2865">
    <p class='ocr_par' dir='ltr' id='par_1_37' title="bbox 2164 2795 3737 2865">
     <span class='ocr_line' id='line_1_37' title="bbox 2164 2795 3737 2865; baseline 0.004 -14"><span class='ocrx_word' id='word_1_224' title='bbox 2164 2795 2509 2860; x_wconf 76' lang='lat' dir='ltr'><strong>Valerianus,</strong></span> <span class='ocrx_word' id='word_1_225' title='bbox 2539 2795 2696 2860; x_wconf 91' lang='lat' dir='ltr'><strong>seid,</strong></span> <span class='ocrx_word' id='word_1_226' title='bbox 2727 2796 2876 2865; x_wconf 88' lang='lat' dir='ltr'><strong>quod</strong></span> <span class='ocrx_word' id='word_1_227' title='bbox 2935 2797 3240 2864; x_wconf 85' lang='lat' dir='ltr'><strong>dicebatur,</strong></span> <span class='ocrx_word' id='word_1_228' title='bbox 3292 2802 3462 2857; x_wconf 91' lang='lat' dir='ltr'><strong>nullis</strong></span> <span class='ocrx_word' id='word_1_229' title='bbox 3512 2803 3737 2858; x_wconf 89' lang='lat' dir='ltr'><strong>omnino</strong></span> 
     </span>
    </p>
   </div>
   <div class='ocr_carea' id='block_1_38' title="bbox 2162 2886 3736 2964">
    <p class='ocr_par' dir='ltr' id='par_1_38' title="bbox 2162 2886 3736 2964">
     <span class='ocr_line' id='line_1_38' title="bbox 2162 2886 3736 2964; baseline 0.006 -23"><span class='ocrx_word' id='word_1_230' title='bbox 2162 2887 2384 2942; x_wconf 86' lang='lat' dir='ltr'><strong>insidiis</strong></span> <span class='ocrx_word' id='word_1_231' title='bbox 2429 2886 2804 2958; x_wconf 87' lang='lat' dir='ltr'><strong>proditurum,</strong></span> <span class='ocrx_word' id='word_1_232' title='bbox 2876 2903 3055 2964; x_wconf 85' lang='lat' dir='ltr'><strong>neque</strong></span> <span class='ocrx_word' id='word_1_233' title='bbox 3107 2891 3160 2945; x_wconf 92' lang='lat' dir='ltr'><strong>id</strong></span> <span class='ocrx_word' id='word_1_234' title='bbox 3207 2907 3329 2948; x_wconf 88' lang='lat' dir='ltr'><strong>esse</strong></span> <span class='ocrx_word' id='word_1_235' title='bbox 3393 2906 3736 2964; x_wconf 88' lang='lat' dir='ltr'><strong>aperturum,</strong></span> 
     </span>
    </p>
   </div>
   <div class='ocr_carea' id='block_1_39' title="bbox 487 2979 3744 3080">
    <p class='ocr_par' dir='ltr' id='par_1_39' title="bbox 487 2979 3744 3080">
     <span class='ocr_line' id='line_1_39' title="bbox 487 2979 3744 3080; baseline -0.003 -30"><span class='ocrx_word' id='word_1_236' title='bbox 487 2996 870 3057; x_wconf 74' lang='lat' dir='ltr'><strong>confessores;</strong></span> <span class='ocrx_word' id='word_1_237' title='bbox 905 2998 1028 3060; x_wconf 90' lang='lat' dir='ltr'><strong>post</strong></span> <span class='ocrx_word' id='word_1_238' title='bbox 1071 2985 1435 3046; x_wconf 82' lang='lat' dir='ltr'><strong>conlessores,</strong></span> <span class='ocrx_word' id='word_1_239' title='bbox 1459 2979 1801 3041; x_wconf 81' lang='lat' dir='ltr'><strong>sacerdotes;</strong></span> <span class='ocrx_word' id='word_1_240' title='bbox 1830 2985 1950 3048; x_wconf 89' lang='lat' dir='ltr'><strong>post</strong></span> <span class='ocrx_word' id='word_1_241' title='bbox 1975 2990 2063 3030; x_wconf 80' lang='lat' dir='ltr'><strong>sa-</strong></span> <span class='ocrx_word' id='word_1_242' title='bbox 2099 3025 2140 3080; x_wconf 72' lang='grc' dir='ltr'><strong><em>Β</em></strong></span> <span class='ocrx_word' id='word_1_243' title='bbox 2167 2992 2502 3058; x_wconf 84' lang='lat' dir='ltr'><strong>quacunque</strong></span> <span class='ocrx_word' id='word_1_244' title='bbox 2529 2988 2819 3048; x_wconf 78' lang='lat' dir='ltr'><strong>cogeretur</strong></span> <span class='ocrx_word' id='word_1_245' title='bbox 2842 2981 3192 3036; x_wconf 84' lang='lat' dir='ltr'><strong>necessitate.</strong></span> <span class='ocrx_word' id='word_1_246' title='bbox 3221 2982 3376 3038; x_wconf 89' lang='lat' dir='ltr'><strong>Tunc</strong></span> <span class='ocrx_word' id='word_1_247' title='bbox 3396 2984 3486 3039; x_wconf 92' lang='lat' dir='ltr'><strong>illa</strong></span> <span class='ocrx_word' id='word_1_248' title='bbox 3519 3001 3744 3058; x_wconf 80' lang='lat' dir='ltr'><strong>respon-</strong></span> 
     </span>
    </p>
   </div>
   <div class='ocr_carea' id='block_1_40' title="bbox 489 3070 2070 3154">
    <p class='ocr_par' dir='ltr' id='par_1_40' title="bbox 489 3070 2070 3154">
     <span class='ocr_line' id='line_1_40' title="bbox 489 3070 2070 3154; baseline -0.014 -11"><span class='ocrx_word' id='word_1_249' title='bbox 489 3088 768 3148; x_wconf 80' lang='lat' dir='ltr'><strong>cerdotes,</strong></span> <span class='ocrx_word' id='word_1_250' title='bbox 797 3084 1074 3154; x_wconf 80' lang='lat' dir='ltr'><strong>virgines;</strong></span> <span class='ocrx_word' id='word_1_251' title='bbox 1107 3089 1230 3149; x_wconf 90' lang='lat' dir='ltr'><strong>post</strong></span> <span class='ocrx_word' id='word_1_252' title='bbox 1256 3075 1519 3145; x_wconf 89' lang='lat' dir='ltr'><strong>virgines,</strong></span> <span class='ocrx_word' id='word_1_253' title='bbox 1559 3071 1758 3133; x_wconf 66' lang='lat' dir='ltr'><strong>viduae;</strong></span> <span class='ocrx_word' id='word_1_254' title='bbox 1809 3077 1936 3138; x_wconf 90' lang='lat' dir='ltr'><strong>post</strong></span> <span class='ocrx_word' id='word_1_255' title='bbox 1987 3070 2070 3122; x_wconf 90' lang='lat' dir='ltr'><strong>vi-</strong></span> 
     </span>
    </p>
   </div>
   <div class='ocr_carea' id='block_1_41' title="bbox 499 3157 2068 3242">
    <p class='ocr_par' dir='ltr' id='par_1_41' title="bbox 499 3157 2068 3242">
     <span class='ocr_line' id='line_1_41' title="bbox 499 3157 2068 3242; baseline -0.015 -10"><span class='ocrx_word' id='word_1_256' title='bbox 499 3177 656 3240; x_wconf 86' lang='lat' dir='ltr'><strong>duas,</strong></span> <span class='ocrx_word' id='word_1_257' title='bbox 687 3170 1093 3228; x_wconf 89' lang='lat' dir='ltr'><strong>misericordes.</strong></span> <span class='ocrx_word' id='word_1_258' title='bbox 1139 3167 1206 3220; x_wconf 86' lang='lat' dir='ltr'><strong>Et</strong></span> <span class='ocrx_word' id='word_1_259' title='bbox 1231 3173 1291 3218; x_wconf 88' lang='lat' dir='ltr'><strong>ut</strong></span> <span class='ocrx_word' id='word_1_260' title='bbox 1347 3160 1516 3218; x_wconf 88' lang='lat' dir='ltr'><strong>semel</strong></span> <span class='ocrx_word' id='word_1_261' title='bbox 1567 3159 1766 3242; x_wconf 85' lang='lat' dir='ltr'><strong>dicam,</strong></span> <span class='ocrx_word' id='word_1_262' title='bbox 1814 3157 2068 3212; x_wconf 87' lang='lat' dir='ltr'><strong>omnibus</strong></span> 
     </span>
    </p>
   </div>
   <div class='ocr_carea' id='block_1_42' title="bbox 494 3249 2069 3332">
    <p class='ocr_par' dir='ltr' id='par_1_42' title="bbox 494 3249 2069 3332">
     <span class='ocr_line' id='line_1_42' title="bbox 494 3249 2069 3332; baseline -0.014 -8"><span class='ocrx_word' id='word_1_263' title='bbox 494 3265 889 3323; x_wconf 86' lang='lat' dir='ltr'><strong>accedentibus</strong></span> <span class='ocrx_word' id='word_1_264' title='bbox 947 3268 1132 3332; x_wconf 87' lang='lat' dir='ltr'><strong>aperta</strong></span> <span class='ocrx_word' id='word_1_265' title='bbox 1163 3257 1267 3313; x_wconf 82' lang='lat' dir='ltr'><strong>l‘uit</strong></span> <span class='ocrx_word' id='word_1_266' title='bbox 1291 3253 1493 3312; x_wconf 88' lang='lat' dir='ltr'><strong>Christi</strong></span> <span class='ocrx_word' id='word_1_267' title='bbox 1525 3251 1814 3307; x_wconf 71' lang='lat' dir='ltr'><strong>medicina:</strong></span> <span class='ocrx_word' id='word_1_268' title='bbox 1833 3249 2069 3304; x_wconf 74' lang='lat' dir='ltr'><strong>ofﬁcina.</strong></span> 
     </span>
    </p>
   </div>
   <div class='ocr_carea' id='block_1_43' title="bbox 495 3353 2072 3429">
    <p class='ocr_par' dir='ltr' id='par_1_43' title="bbox 495 3353 2072 3429">
     <span class='ocr_line' id='line_1_43' title="bbox 495 3353 2072 3429; baseline -0.015 -12"><span class='ocrx_word' id='word_1_269' title='bbox 495 3361 793 3429; x_wconf 73' lang='lat' dir='ltr'><strong>Propterea</strong></span> <span class='ocrx_word' id='word_1_270' title='bbox 829 3354 1072 3424; x_wconf 84' lang='lat' dir='ltr'><strong>quotidie</strong></span> <span class='ocrx_word' id='word_1_271' title='bbox 1096 3356 1296 3407; x_wconf 82' lang='lat' dir='ltr'><strong>ctamat</strong></span> <span class='ocrx_word' id='word_1_272' title='bbox 1340 3361 1439 3419; x_wconf 88' lang='lat' dir='ltr'><strong>per</strong></span> <span class='ocrx_word' id='word_1_273' title='bbox 1463 3353 1684 3401; x_wconf 89' lang='lat' dir='ltr'><strong>sanctos</strong></span> <span class='ocrx_word' id='word_1_274' title='bbox 1719 3355 1850 3396; x_wconf 89' lang='lat' dir='ltr'><strong>suos</strong></span> <span class='ocrx_word' id='word_1_275' title='bbox 1900 3355 2072 3395; x_wconf 88' lang='lat' dir='ltr'><strong>evan-</strong></span> 
     </span>
    </p>
   </div>
   <div class='ocr_carea' id='block_1_44' title="bbox 499 3433 2074 3524">
    <p class='ocr_par' dir='ltr' id='par_1_44' title="bbox 499 3433 2074 3524">
     <span class='ocr_line' id='line_1_44' title="bbox 499 3433 2074 3524; baseline -0.013 -16"><span class='ocrx_word' id='word_1_276' title='bbox 499 3453 758 3524; x_wconf 87' lang='lat' dir='ltr'><strong>gelistas:</strong></span> <span class='ocrx_word' id='word_1_277' title='bbox 795 3466 813 3499; x_wconf 75' lang='grc' dir='ltr'><strong>ι</strong></span> <span class='ocrx_word' id='word_1_278' title='bbox 848 3447 1042 3503; x_wconf 78' lang='lat' dir='ltr'><strong>Venite</strong></span> <span class='ocrx_word' id='word_1_279' title='bbox 1069 3445 1136 3499; x_wconf 90' lang='lat' dir='ltr'><strong>ad</strong></span> <span class='ocrx_word' id='word_1_280' title='bbox 1185 3456 1296 3507; x_wconf 88' lang='lat' dir='ltr'><strong>me,</strong></span> <span class='ocrx_word' id='word_1_281' title='bbox 1319 3453 1511 3494; x_wconf 89' lang='lat' dir='ltr'><strong>omnes</strong></span> <span class='ocrx_word' id='word_1_282' title='bbox 1558 3437 1651 3506; x_wconf 89' lang='lat' dir='ltr'><strong>qui</strong></span> <span class='ocrx_word' id='word_1_283' title='bbox 1709 3433 1974 3491; x_wconf 78' lang='lat' dir='ltr'><strong>laboratis</strong></span> <span class='ocrx_word' id='word_1_284' title='bbox 2015 3439 2074 3490; x_wconf 86' lang='lat' dir='ltr'><strong>et</strong></span> 
     </span>
    </p>
   </div>
   <div class='ocr_carea' id='block_1_45' title="bbox 494 3527 1688 3604">
    <p class='ocr_par' dir='ltr' id='par_1_45' title="bbox 494 3527 1688 3604">
     <span class='ocr_line' id='line_1_45' title="bbox 494 3527 1688 3604; baseline -0.016 -7"><span class='ocrx_word' id='word_1_285' title='bbox 494 3542 711 3598; x_wconf 81' lang='lat' dir='ltr'><strong>onerati</strong></span> <span class='ocrx_word' id='word_1_286' title='bbox 756 3537 910 3603; x_wconf 89' lang='lat' dir='ltr'><strong>estis,</strong></span> <span class='ocrx_word' id='word_1_287' title='bbox 961 3546 1018 3590; x_wconf 89' lang='lat' dir='ltr'><strong>et</strong></span> <span class='ocrx_word' id='word_1_288' title='bbox 1071 3547 1174 3604; x_wconf 86' lang='lat' dir='ltr'><strong>ego</strong></span> <span class='ocrx_word' id='word_1_289' title='bbox 1205 3529 1444 3584; x_wconf 88' lang='lat' dir='ltr'><strong>reﬁciam</strong></span> <span class='ocrx_word' id='word_1_290' title='bbox 1479 3542 1580 3582; x_wconf 83' lang='lat' dir='ltr'><strong>vos</strong></span> <span class='ocrx_word' id='word_1_291' title='bbox 1607 3527 1688 3579; x_wconf 75' lang='grc'><strong>⁸.»</strong></span> 
     </span>
    </p>
   </div>
   <div class='ocr_carea' id='block_1_46' title="bbox 579 3617 2072 3702">
    <p class='ocr_par' dir='ltr' id='par_1_46' title="bbox 579 3617 2072 3702">
     <span class='ocr_line' id='line_1_46' title="bbox 579 3617 2072 3702; baseline -0.013 -14"><span class='ocrx_word' id='word_1_292' title='bbox 579 3635 643 3689; x_wconf 83' lang='lat' dir='ltr'><strong>H.</strong></span> <span class='ocrx_word' id='word_1_293' title='bbox 678 3632 851 3702; x_wconf 85' lang='lat' dir='ltr'><strong>Hujus</strong></span> <span class='ocrx_word' id='word_1_294' title='bbox 895 3625 1265 3683; x_wconf 88' lang='lat' dir='ltr'><strong>venerandam</strong></span> <span class='ocrx_word' id='word_1_295' title='bbox 1330 3629 1387 3677; x_wconf 78' lang='lat' dir='ltr'><strong>et</strong></span> <span class='ocrx_word' id='word_1_296' title='bbox 1435 3617 1817 3675; x_wconf 88' lang='lat' dir='ltr'><strong>suavissimam</strong></span> <span class='ocrx_word' id='word_1_297' title='bbox 1880 3630 2072 3672; x_wconf 82' lang='lat' dir='ltr'><strong>vocem</strong></span> 
     </span>
    </p>
   </div>
   <div class='ocr_carea' id='block_1_47' title="bbox 502 3709 2073 3780">
    <p class='ocr_par' dir='ltr' id='par_1_47' title="bbox 502 3709 2073 3780">
     <span class='ocr_line' id='line_1_47' title="bbox 502 3709 2073 3780; baseline -0.011 0"><span class='ocrx_word' id='word_1_298' title='bbox 502 3741 626 3780; x_wconf 80' lang='lat' dir='ltr'><strong>cum</strong></span> <span class='ocrx_word' id='word_1_299' title='bbox 655 3723 921 3778; x_wconf 88' lang='lat' dir='ltr'><strong>audiisset</strong></span> <span class='ocrx_word' id='word_1_300' title='bbox 976 3719 1143 3772; x_wconf 90' lang='lat' dir='ltr'><strong>etiam</strong></span> <span class='ocrx_word' id='word_1_301' title='bbox 1201 3712 1420 3769; x_wconf 67' lang='lat' dir='ltr'><strong>Caecilia</strong></span> <span class='ocrx_word' id='word_1_302' title='bbox 1473 3710 1776 3766; x_wconf 88' lang='lat' dir='ltr'><strong>clarissima</strong></span> <span class='ocrx_word' id='word_1_303' title='bbox 1824 3709 1982 3779; x_wconf 84' lang='lat' dir='ltr'><strong>virgo</strong></span> <span class='ocrx_word' id='word_1_304' title='bbox 2017 3715 2073 3762; x_wconf 86' lang='lat' dir='ltr'><strong>et</strong></span> 
     </span>
    </p>
   </div>
   <div class='ocr_carea' id='block_1_48' title="bbox 497 3798 2072 3887">
    <p class='ocr_par' dir='ltr' id='par_1_48' title="bbox 497 3798 2072 3887">
     <span class='ocr_line' id='line_1_48' title="bbox 497 3798 2072 3887; baseline -0.011 -16"><span class='ocrx_word' id='word_1_305' title='bbox 497 3817 762 3887; x_wconf 85' lang='lat' dir='ltr'><strong>gloriosa,</strong></span> <span class='ocrx_word' id='word_1_306' title='bbox 800 3823 854 3866; x_wconf 92' lang='lat' dir='ltr'><strong>et</strong></span> <span class='ocrx_word' id='word_1_307' title='bbox 889 3811 945 3865; x_wconf 87' lang='lat' dir='ltr'><strong>in</strong></span> <span class='ocrx_word' id='word_1_308' title='bbox 964 3824 1097 3864; x_wconf 86' lang='lat' dir='ltr'><strong>eum</strong></span> <span class='ocrx_word' id='word_1_309' title='bbox 1133 3803 1481 3867; x_wconf 81' lang='lat' dir='ltr'><strong>credidisset,</strong></span> <span class='ocrx_word' id='word_1_310' title='bbox 1515 3801 1844 3856; x_wconf 82' lang='lat' dir='ltr'><strong>absconsum</strong></span> <span class='ocrx_word' id='word_1_311' title='bbox 1866 3798 2072 3854; x_wconf 80' lang='lat' dir='ltr'><strong>Christi</strong></span> 
     </span>
    </p>
   </div>
   <div class='ocr_carea' id='block_1_49' title="bbox 503 3893 2076 3977">
    <p class='ocr_par' dir='ltr' id='par_1_49' title="bbox 503 3893 2076 3977">
     <span class='ocr_line' id='line_1_49' title="bbox 503 3893 2076 3977; baseline -0.013 -13"><span class='ocrx_word' id='word_1_312' title='bbox 503 3906 856 3977; x_wconf 85' lang='lat' dir='ltr'><strong>Evangelium</strong></span> <span class='ocrx_word' id='word_1_313' title='bbox 919 3915 1136 3970; x_wconf 89' lang='lat' dir='ltr'><strong>semper</strong></span> <span class='ocrx_word' id='word_1_314' title='bbox 1181 3895 1605 3952; x_wconf 83' lang='lat' dir='ltr'><strong>circumierebat</strong></span> <span class='ocrx_word' id='word_1_315' title='bbox 1654 3893 1710 3947; x_wconf 91' lang='lat' dir='ltr'><strong>in</strong></span> <span class='ocrx_word' id='word_1_316' title='bbox 1747 3900 1990 3962; x_wconf 88' lang='lat' dir='ltr'><strong>pectore,</strong></span> <span class='ocrx_word' id='word_1_317' title='bbox 2019 3897 2076 3945; x_wconf 89' lang='lat' dir='ltr'><strong>et</strong></span> 
     </span>
    </p>
   </div>
   <div class='ocr_carea' id='block_1_50' title="bbox 504 3982 2076 4055">
    <p class='ocr_par' dir='ltr' id='par_1_50' title="bbox 504 3982 2076 4055">
     <span class='ocr_line' id='line_1_50' title="bbox 504 3982 2076 4055; baseline -0.011 -1"><span class='ocrx_word' id='word_1_318' title='bbox 504 4015 608 4054; x_wconf 89' lang='lat' dir='ltr'><strong>nec</strong></span> <span class='ocrx_word' id='word_1_319' title='bbox 632 4004 826 4055; x_wconf 81' lang='lat' dir='ltr'><strong>noctu.</strong></span> <span class='ocrx_word' id='word_1_320' title='bbox 861 4008 963 4047; x_wconf 91' lang='lat' dir='ltr'><strong>nec</strong></span> <span class='ocrx_word' id='word_1_321' title='bbox 987 3989 1229 4046; x_wconf 89' lang='lat' dir='ltr'><strong>interdiu</strong></span> <span class='ocrx_word' id='word_1_322' title='bbox 1262 3985 1664 4043; x_wconf 87' lang='lat' dir='ltr'><strong>intermittebat</strong></span> <span class='ocrx_word' id='word_1_323' title='bbox 1689 3983 1871 4038; x_wconf 77' lang='lat' dir='ltr'><strong>divina</strong></span> <span class='ocrx_word' id='word_1_324' title='bbox 1896 3982 2076 4051; x_wconf 77' lang='lat' dir='ltr'><strong>legere</strong></span> 
     </span>
    </p>
   </div>
   <div class='ocr_carea' id='block_1_51' title="bbox 503 4074 2076 4159">
    <p class='ocr_par' dir='ltr' id='par_1_51' title="bbox 503 4074 2076 4159">
     <span class='ocr_line' id='line_1_51' title="bbox 503 4074 2076 4159; baseline -0.01 -13"><span class='ocrx_word' id='word_1_325' title='bbox 503 4089 744 4159; x_wconf 87' lang='lat' dir='ltr'><strong>eloquia,</strong></span> <span class='ocrx_word' id='word_1_326' title='bbox 779 4095 836 4141; x_wconf 90' lang='lat' dir='ltr'><strong>et</strong></span> <span class='ocrx_word' id='word_1_327' title='bbox 879 4085 1052 4140; x_wconf 91' lang='lat' dir='ltr'><strong>Deum</strong></span> <span class='ocrx_word' id='word_1_328' title='bbox 1087 4095 1269 4136; x_wconf 89' lang='lat' dir='ltr'><strong>orare.</strong></span> <span class='ocrx_word' id='word_1_329' title='bbox 1321 4079 1446 4134; x_wconf 72' lang='lat' dir='ltr'><strong>Ilzec</strong></span> <span class='ocrx_word' id='word_1_330' title='bbox 1478 4092 1610 4147; x_wconf 84' lang='lat' dir='ltr'><strong>ergo</strong></span> <span class='ocrx_word' id='word_1_331' title='bbox 1649 4077 1808 4132; x_wconf 89' lang='lat' dir='ltr'><strong>beata</strong></span> <span class='ocrx_word' id='word_1_332' title='bbox 1860 4074 2076 4131; x_wconf 68' lang='lat' dir='ltr'><strong>Caecilia</strong></span> 
     </span>
    </p>
   </div>
   <div class='ocr_carea' id='block_1_52' title="bbox 507 4171 2073 4246">
    <p class='ocr_par' dir='ltr' id='par_1_52' title="bbox 507 4171 2073 4246">
     <span class='ocr_line' id='line_1_52' title="bbox 507 4171 2073 4246; baseline -0.01 -10"><span class='ocrx_word' id='word_1_333' title='bbox 507 4181 858 4236; x_wconf 68' lang='lat' dir='ltr'><strong>Valerianum</strong></span> <span class='ocrx_word' id='word_1_334' title='bbox 879 4173 1170 4246; x_wconf 83' lang='lat' dir='ltr'><strong>quemdam</strong></span> <span class='ocrx_word' id='word_1_335' title='bbox 1196 4171 1433 4227; x_wconf 81' lang='lat' dir='ltr'><strong>habebat</strong></span> <span class='ocrx_word' id='word_1_336' title='bbox 1481 4171 1738 4242; x_wconf 86' lang='lat' dir='ltr'><strong>juvenem</strong></span> <span class='ocrx_word' id='word_1_337' title='bbox 1774 4182 2073 4240; x_wconf 85' lang='lat' dir='ltr'><strong>sponsum:</strong></span> 
     </span>
    </p>
   </div>
   <div class='ocr_carea' id='block_1_53' title="bbox 507 4261 2075 4343">
    <p class='ocr_par' dir='ltr' id='par_1_53' title="bbox 507 4261 2075 4343">
     <span class='ocr_line' id='line_1_53' title="bbox 507 4261 2075 4343; baseline -0.006 -18"><span class='ocrx_word' id='word_1_338' title='bbox 507 4274 600 4343; x_wconf 88' lang='lat' dir='ltr'><strong>qui</strong></span> <span class='ocrx_word' id='word_1_339' title='bbox 619 4270 840 4340; x_wconf 89' lang='lat' dir='ltr'><strong>quidem</strong></span> <span class='ocrx_word' id='word_1_340' title='bbox 868 4267 1089 4338; x_wconf 83' lang='lat' dir='ltr'><strong>juvenis</strong></span> <span class='ocrx_word' id='word_1_341' title='bbox 1127 4279 1394 4320; x_wconf 90' lang='lat' dir='ltr'><strong>accensus</strong></span> <span class='ocrx_word' id='word_1_342' title='bbox 1427 4277 1617 4319; x_wconf 89' lang='lat' dir='ltr'><strong>amore</strong></span> <span class='ocrx_word' id='word_1_343' title='bbox 1648 4263 1900 4333; x_wconf 85' lang='lat' dir='ltr'><strong>virginis,</strong></span> <span class='ocrx_word' id='word_1_344' title='bbox 1931 4261 2075 4316; x_wconf 91' lang='lat' dir='ltr'><strong>diem</strong></span> 
     </span>
    </p>
   </div>
   <div class='ocr_carea' id='block_1_54' title="bbox 506 4351 2078 4429">
    <p class='ocr_par' dir='ltr' id='par_1_54' title="bbox 506 4351 2078 4429">
     <span class='ocr_line' id='line_1_54' title="bbox 506 4351 2078 4429; baseline -0.006 -11"><span class='ocrx_word' id='word_1_345' title='bbox 506 4373 775 4419; x_wconf 88' lang='lat' dir='ltr'><strong>statuerat</strong></span> <span class='ocrx_word' id='word_1_346' title='bbox 800 4360 1136 4429; x_wconf 88' lang='lat' dir='ltr'><strong>nuptiarum.</strong></span> <span class='ocrx_word' id='word_1_347' title='bbox 1182 4355 1398 4412; x_wconf 72' lang='lat' dir='ltr'><strong>Caecilia</strong></span> <span class='ocrx_word' id='word_1_348' title='bbox 1431 4364 1614 4409; x_wconf 90' lang='lat' dir='ltr'><strong>autem</strong></span> <span class='ocrx_word' id='word_1_349' title='bbox 1671 4353 1728 4408; x_wconf 90' lang='lat' dir='ltr'><strong>in</strong></span> <span class='ocrx_word' id='word_1_350' title='bbox 1782 4368 1947 4408; x_wconf 91' lang='lat' dir='ltr'><strong>carne</strong></span> <span class='ocrx_word' id='word_1_351' title='bbox 1989 4351 2078 4408; x_wconf 89' lang='lat' dir='ltr'><strong>in-</strong></span> 
     </span>
    </p>
   </div>
   <div class='ocr_carea' id='block_1_55' title="bbox 2171 3069 3742 3144">
    <p class='ocr_par' dir='ltr' id='par_1_55' title="bbox 2171 3069 3742 3144">
     <span class='ocr_line' id='line_1_55' title="bbox 2171 3069 3742 3144; baseline 0.005 -19"><span class='ocrx_word' id='word_1_352' title='bbox 2171 3070 2274 3135; x_wconf 92' lang='lat' dir='ltr'><strong>dit,</strong></span> <span class='ocrx_word' id='word_1_353' title='bbox 2299 3069 2524 3124; x_wconf 88' lang='lat' dir='ltr'><strong>dicens:</strong></span> <span class='ocrx_word' id='word_1_354' title='bbox 2557 3069 2693 3124; x_wconf 92' lang='lat' dir='ltr'><strong>Volo</strong></span> <span class='ocrx_word' id='word_1_355' title='bbox 2715 3078 2768 3125; x_wconf 90' lang='lat' dir='ltr'><strong>te</strong></span> <span class='ocrx_word' id='word_1_356' title='bbox 2804 3071 2970 3139; x_wconf 89' lang='lat' dir='ltr'><strong>scire,</strong></span> <span class='ocrx_word' id='word_1_357' title='bbox 3011 3088 3098 3128; x_wconf 90' lang='lat' dir='ltr'><strong>me</strong></span> <span class='ocrx_word' id='word_1_358' title='bbox 3132 3075 3385 3144; x_wconf 86' lang='lat' dir='ltr'><strong>angelum</strong></span> <span class='ocrx_word' id='word_1_359' title='bbox 3412 3076 3507 3131; x_wconf 91' lang='lat' dir='ltr'><strong>Dei</strong></span> <span class='ocrx_word' id='word_1_360' title='bbox 3537 3077 3742 3133; x_wconf 88' lang='lat' dir='ltr'><strong>habere</strong></span> 
     </span>
    </p>
   </div>
   <div class='ocr_carea' id='block_1_56' title="bbox 2169 3159 3742 3232">
    <p class='ocr_par' dir='ltr' id='par_1_56' title="bbox 2169 3159 3742 3232">
     <span class='ocr_line' id='line_1_56' title="bbox 2169 3159 3742 3232; baseline 0.004 -18"><span class='ocrx_word' id='word_1_361' title='bbox 2169 3159 2432 3221; x_wconf 86' lang='lat' dir='ltr'><strong>amicum,</strong></span> <span class='ocrx_word' id='word_1_362' title='bbox 2461 3159 2557 3227; x_wconf 90' lang='lat' dir='ltr'><strong>qui</strong></span> <span class='ocrx_word' id='word_1_363' title='bbox 2585 3173 2804 3215; x_wconf 88' lang='lat' dir='ltr'><strong>summo</strong></span> <span class='ocrx_word' id='word_1_364' title='bbox 2829 3162 2947 3217; x_wconf 82' lang='lat' dir='ltr'><strong>zelo</strong></span> <span class='ocrx_word' id='word_1_365' title='bbox 2993 3177 3198 3232; x_wconf 86' lang='lat' dir='ltr'><strong>corpus</strong></span> <span class='ocrx_word' id='word_1_366' title='bbox 3240 3179 3421 3220; x_wconf 87' lang='lat' dir='ltr'><strong>meum</strong></span> <span class='ocrx_word' id='word_1_367' title='bbox 3475 3167 3742 3222; x_wconf 87' lang='lat' dir='ltr'><strong>custodit.</strong></span> 
     </span>
    </p>
   </div>
   <div class='ocr_carea' id='block_1_57' title="bbox 2171 3248 3740 3326">
    <p class='ocr_par' dir='ltr' id='par_1_57' title="bbox 2171 3248 3740 3326">
     <span class='ocr_line' id='line_1_57' title="bbox 2171 3248 3740 3326; baseline 0.007 -23"><span class='ocrx_word' id='word_1_368' title='bbox 2171 3248 2229 3303; x_wconf 89' lang='lat' dir='ltr'><strong>Is</strong></span> <span class='ocrx_word' id='word_1_369' title='bbox 2249 3248 2294 3302; x_wconf 88' lang='lat' dir='ltr'><strong>si</strong></span> <span class='ocrx_word' id='word_1_370' title='bbox 2319 3249 2401 3305; x_wconf 88' lang='lat' dir='ltr'><strong>vel</strong></span> <span class='ocrx_word' id='word_1_371' title='bbox 2427 3249 2716 3304; x_wconf 88' lang='lat' dir='ltr'><strong>minimum</strong></span> <span class='ocrx_word' id='word_1_372' title='bbox 2765 3251 2936 3307; x_wconf 74' lang='lat' dir='ltr'><strong>fuerit</strong></span> <span class='ocrx_word' id='word_1_373' title='bbox 2983 3253 3316 3326; x_wconf 85' lang='lat' dir='ltr'><strong>suspicatus.</strong></span> <span class='ocrx_word' id='word_1_374' title='bbox 3357 3257 3505 3326; x_wconf 89' lang='lat' dir='ltr'><strong>quod</strong></span> <span class='ocrx_word' id='word_1_375' title='bbox 3559 3268 3617 3312; x_wconf 92' lang='lat' dir='ltr'><strong>tu</strong></span> <span class='ocrx_word' id='word_1_376' title='bbox 3650 3260 3740 3315; x_wconf 82' lang='lat' dir='ltr'><strong>in-</strong></span> 
     </span>
    </p>
   </div>
   <div class='ocr_carea' id='block_1_58' title="bbox 2170 3342 3744 3418">
    <p class='ocr_par' dir='ltr' id='par_1_58' title="bbox 2170 3342 3744 3418">
     <span class='ocr_line' id='line_1_58' title="bbox 2170 3342 3744 3418; baseline 0.007 -23"><span class='ocrx_word' id='word_1_377' title='bbox 2170 3349 2324 3396; x_wconf 83' lang='lat' dir='ltr'><strong>cesto</strong></span> <span class='ocrx_word' id='word_1_378' title='bbox 2346 3355 2434 3395; x_wconf 92' lang='lat' dir='ltr'><strong>me</strong></span> <span class='ocrx_word' id='word_1_379' title='bbox 2457 3354 2646 3396; x_wconf 87' lang='lat' dir='ltr'><strong>amore</strong></span> <span class='ocrx_word' id='word_1_380' title='bbox 2678 3342 2912 3412; x_wconf 84' lang='lat' dir='ltr'><strong>polluas,</strong></span> <span class='ocrx_word' id='word_1_381' title='bbox 2950 3344 3086 3398; x_wconf 87' lang='lat' dir='ltr'><strong>iram</strong></span> <span class='ocrx_word' id='word_1_382' title='bbox 3130 3361 3286 3401; x_wconf 90' lang='lat' dir='ltr'><strong>suam</strong></span> <span class='ocrx_word' id='word_1_383' title='bbox 3317 3349 3576 3418; x_wconf 77' lang='lat' dir='ltr'><strong>protinus</strong></span> <span class='ocrx_word' id='word_1_384' title='bbox 3606 3349 3662 3404; x_wconf 88' lang='lat' dir='ltr'><strong>in</strong></span> <span class='ocrx_word' id='word_1_385' title='bbox 3689 3360 3744 3406; x_wconf 89' lang='lat' dir='ltr'><strong>te</strong></span> 
     </span>
    </p>
   </div>
   <div class='ocr_carea' id='block_1_59' title="bbox 2167 3431 3746 3512">
    <p class='ocr_par' dir='ltr' id='par_1_59' title="bbox 2167 3431 3746 3512">
     <span class='ocr_line' id='line_1_59' title="bbox 2167 3431 3746 3512; baseline 0.007 -27"><span class='ocrx_word' id='word_1_386' title='bbox 2167 3431 2460 3495; x_wconf 80' lang='lat' dir='ltr'><strong>accendet,</strong></span> <span class='ocrx_word' id='word_1_387' title='bbox 2485 3441 2542 3488; x_wconf 90' lang='lat' dir='ltr'><strong>et</strong></span> <span class='ocrx_word' id='word_1_388' title='bbox 2570 3433 2838 3504; x_wconf 87' lang='lat' dir='ltr'><strong>elegantis</strong></span> <span class='ocrx_word' id='word_1_389' title='bbox 2889 3443 2996 3491; x_wconf 74' lang='lat' dir='ltr'><strong>tute</strong></span> <span class='ocrx_word' id='word_1_390' title='bbox 3041 3438 3350 3508; x_wconf 87' lang='lat' dir='ltr'><strong>juventutis</strong></span> <span class='ocrx_word' id='word_1_391' title='bbox 3399 3441 3588 3497; x_wconf 87' lang='lat' dir='ltr'><strong>ﬁorem</strong></span> <span class='ocrx_word' id='word_1_392' title='bbox 3620 3457 3746 3512; x_wconf 81' lang='lat' dir='ltr'><strong>per-</strong></span> 
     </span>
    </p>
   </div>
   <div class='ocr_carea' id='block_1_60' title="bbox 2169 3521 3746 3602">
    <p class='ocr_par' dir='ltr' id='par_1_60' title="bbox 2169 3521 3746 3602">
     <span class='ocr_line' id='line_1_60' title="bbox 2169 3521 3746 3602; baseline 0.007 -24"><span class='ocrx_word' id='word_1_393' title='bbox 2169 3522 2287 3580; x_wconf 88' lang='lat' dir='ltr'><strong>det.</strong></span> <span class='ocrx_word' id='word_1_394' title='bbox 2313 3521 2412 3578; x_wconf 88' lang='lat' dir='ltr'><strong>Sin</strong></span> <span class='ocrx_word' id='word_1_395' title='bbox 2437 3533 2622 3582; x_wconf 75' lang='lat' dir='ltr'><strong>autem</strong></span> <span class='ocrx_word' id='word_1_396' title='bbox 2672 3527 3014 3596; x_wconf 81' lang='lat' dir='ltr'><strong>cognoverit,</strong></span> <span class='ocrx_word' id='word_1_397' title='bbox 3043 3529 3189 3598; x_wconf 86' lang='lat' dir='ltr'><strong>quod</strong></span> <span class='ocrx_word' id='word_1_398' title='bbox 3217 3538 3272 3585; x_wconf 92' lang='lat' dir='ltr'><strong>tu</strong></span> <span class='ocrx_word' id='word_1_399' title='bbox 3304 3532 3539 3602; x_wconf 86' lang='lat' dir='ltr'><strong>simplici</strong></span> <span class='ocrx_word' id='word_1_400' title='bbox 3565 3543 3622 3588; x_wconf 85' lang='lat' dir='ltr'><strong>et</strong></span> <span class='ocrx_word' id='word_1_401' title='bbox 3642 3534 3746 3589; x_wconf 82' lang='lat' dir='ltr'><strong>im-</strong></span> 
     </span>
    </p>
   </div>
   <div class='ocr_carea' id='block_1_61' title="bbox 2173 3613 3745 3692">
    <p class='ocr_par' dir='ltr' id='par_1_61' title="bbox 2173 3613 3745 3692">
     <span class='ocr_line' id='line_1_61' title="bbox 2173 3613 3745 3692; baseline 0.01 -24"><span class='ocrx_word' id='word_1_402' title='bbox 2173 3613 2448 3669; x_wconf 84' lang='lat' dir='ltr'><strong>maculato</strong></span> <span class='ocrx_word' id='word_1_403' title='bbox 2475 3615 2582 3670; x_wconf 90' lang='lat' dir='ltr'><strong>mei</strong></span> <span class='ocrx_word' id='word_1_404' title='bbox 2603 3629 2792 3670; x_wconf 88' lang='lat' dir='ltr'><strong>amore</strong></span> <span class='ocrx_word' id='word_1_405' title='bbox 2815 3619 3072 3682; x_wconf 78' lang='lat' dir='ltr'><strong>tenearis,</strong></span> <span class='ocrx_word' id='word_1_406' title='bbox 3101 3629 3158 3674; x_wconf 89' lang='lat' dir='ltr'><strong>et</strong></span> <span class='ocrx_word' id='word_1_407' title='bbox 3179 3621 3547 3692; x_wconf 77' lang='lat' dir='ltr'><strong>virginitatem</strong></span> <span class='ocrx_word' id='word_1_408' title='bbox 3569 3641 3745 3682; x_wconf 85' lang='lat' dir='ltr'><strong>meam</strong></span> 
     </span>
    </p>
   </div>
   <div class='ocr_carea' id='block_1_62' title="bbox 2175 3706 3747 3778">
    <p class='ocr_par' dir='ltr' id='par_1_62' title="bbox 2175 3706 3747 3778">
     <span class='ocr_line' id='line_1_62' title="bbox 2175 3706 3747 3778; baseline 0.009 -18"><span class='ocrx_word' id='word_1_409' title='bbox 2175 3706 2449 3774; x_wconf 78' lang='lat' dir='ltr'><strong>integram</strong></span> <span class='ocrx_word' id='word_1_410' title='bbox 2511 3715 2571 3762; x_wconf 91' lang='lat' dir='ltr'><strong>et</strong></span> <span class='ocrx_word' id='word_1_411' title='bbox 2635 3707 2981 3776; x_wconf 86' lang='lat' dir='ltr'><strong>impollutam</strong></span> <span class='ocrx_word' id='word_1_412' title='bbox 3035 3713 3338 3778; x_wconf 83' lang='lat' dir='ltr'><strong>custodias,</strong></span> <span class='ocrx_word' id='word_1_413' title='bbox 3375 3723 3426 3768; x_wconf 92' lang='lat' dir='ltr'><strong>te</strong></span> <span class='ocrx_word' id='word_1_414' title='bbox 3459 3716 3604 3772; x_wconf 83' lang='lat' dir='ltr'><strong>sicut</strong></span> <span class='ocrx_word' id='word_1_415' title='bbox 3657 3733 3747 3774; x_wconf 89' lang='lat' dir='ltr'><strong>me</strong></span> 
     </span>
    </p>
   </div>
   <div class='ocr_carea' id='block_1_63' title="bbox 2175 3797 3748 3873">
    <p class='ocr_par' dir='ltr' id='par_1_63' title="bbox 2175 3797 3748 3873">
     <span class='ocr_line' id='line_1_63' title="bbox 2175 3797 3748 3873; baseline 0.01 -21"><span class='ocrx_word' id='word_1_416' title='bbox 2175 3797 2384 3866; x_wconf 84' lang='lat' dir='ltr'><strong>diliget,</strong></span> <span class='ocrx_word' id='word_1_417' title='bbox 2427 3805 2480 3852; x_wconf 87' lang='lat' dir='ltr'><strong>et</strong></span> <span class='ocrx_word' id='word_1_418' title='bbox 2513 3799 2771 3854; x_wconf 85' lang='lat' dir='ltr'><strong>ostendet</strong></span> <span class='ocrx_word' id='word_1_419' title='bbox 2804 3799 2904 3854; x_wconf 91' lang='lat' dir='ltr'><strong>tibi</strong></span> <span class='ocrx_word' id='word_1_420' title='bbox 2935 3815 3091 3856; x_wconf 86' lang='lat' dir='ltr'><strong>suam</strong></span> <span class='ocrx_word' id='word_1_421' title='bbox 3127 3806 3378 3873; x_wconf 90' lang='lat' dir='ltr'><strong>gratiam.</strong></span> <span class='ocrx_word' id='word_1_422' title='bbox 3410 3807 3566 3864; x_wconf 85' lang='lat' dir='ltr'><strong>Tunc</strong></span> <span class='ocrx_word' id='word_1_423' title='bbox 3585 3810 3748 3866; x_wconf 79' lang='lat' dir='ltr'><strong>Vale-</strong></span> 
     </span>
    </p>
   </div>
   <div class='ocr_carea' id='block_1_64' title="bbox 2173 3892 3746 3971">
    <p class='ocr_par' dir='ltr' id='par_1_64' title="bbox 2173 3892 3746 3971">
     <span class='ocr_line' id='line_1_64' title="bbox 2173 3892 3746 3971; baseline 0.008 -23"><span class='ocrx_word' id='word_1_424' title='bbox 2173 3892 2386 3955; x_wconf 85' lang='lat' dir='ltr'><strong>rianus,</strong></span> <span class='ocrx_word' id='word_1_425' title='bbox 2419 3893 2516 3949; x_wconf 89' lang='lat' dir='ltr'><strong>Dei</strong></span> <span class='ocrx_word' id='word_1_426' title='bbox 2553 3903 2715 3958; x_wconf 84' lang='lat' dir='ltr'><strong>nutu,</strong></span> <span class='ocrx_word' id='word_1_427' title='bbox 2757 3894 2954 3952; x_wconf 90' lang='lat' dir='ltr'><strong>timore</strong></span> <span class='ocrx_word' id='word_1_428' title='bbox 2987 3896 3240 3964; x_wconf 75' lang='lat' dir='ltr'><strong>aﬁectus,</strong></span> <span class='ocrx_word' id='word_1_429' title='bbox 3270 3901 3446 3957; x_wconf 90' lang='lat' dir='ltr'><strong>dicit:</strong></span> <span class='ocrx_word' id='word_1_430' title='bbox 3478 3903 3535 3959; x_wconf 86' lang='lat' dir='ltr'><strong>Si</strong></span> <span class='ocrx_word' id='word_1_431' title='bbox 3574 3906 3678 3971; x_wconf 84' lang='lat' dir='ltr'><strong>vis,</strong></span> <span class='ocrx_word' id='word_1_432' title='bbox 3710 3921 3746 3960; x_wconf 82' lang='grc' dir='ltr'><strong>ο</strong></span> 
     </span>
    </p>
   </div>
   <div class='ocr_carea' id='block_1_65' title="bbox 2175 3984 3747 4058">
    <p class='ocr_par' dir='ltr' id='par_1_65' title="bbox 2175 3984 3747 4058">
     <span class='ocr_line' id='line_1_65' title="bbox 2175 3984 3747 4058; baseline 0.009 -19"><span class='ocrx_word' id='word_1_433' title='bbox 2175 3984 2526 4051; x_wconf 85' lang='lat' dir='ltr'><strong>charissima,</strong></span> <span class='ocrx_word' id='word_1_434' title='bbox 2559 3994 2622 4039; x_wconf 92' lang='lat' dir='ltr'><strong>ut</strong></span> <span class='ocrx_word' id='word_1_435' title='bbox 2650 3985 2874 4041; x_wconf 88' lang='lat' dir='ltr'><strong>credam</strong></span> <span class='ocrx_word' id='word_1_436' title='bbox 2913 3987 2982 4041; x_wconf 90' lang='lat' dir='ltr'><strong>iis</strong></span> <span class='ocrx_word' id='word_1_437' title='bbox 3009 4005 3132 4058; x_wconf 79' lang='lat' dir='ltr'><strong>qua:</strong></span> <span class='ocrx_word' id='word_1_438' title='bbox 3164 3991 3324 4056; x_wconf 86' lang='lat' dir='ltr'><strong>dicis.</strong></span> <span class='ocrx_word' id='word_1_439' title='bbox 3355 3995 3583 4052; x_wconf 90' lang='lat' dir='ltr'><strong>ostende</strong></span> <span class='ocrx_word' id='word_1_440' title='bbox 3611 3997 3747 4053; x_wconf 84' lang='lat' dir='ltr'><strong>mihi</strong></span> 
     </span>
    </p>
   </div>
   <div class='ocr_carea' id='block_1_66' title="bbox 2175 4074 3748 4146">
    <p class='ocr_par' dir='ltr' id='par_1_66' title="bbox 2175 4074 3748 4146">
     <span class='ocr_line' id='line_1_66' title="bbox 2175 4074 3748 4146; baseline 0.009 -16"><span class='ocrx_word' id='word_1_441' title='bbox 2175 4074 2356 4146; x_wconf 85' lang='lat' dir='ltr'><strong>ipsum</strong></span> <span class='ocrx_word' id='word_1_442' title='bbox 2385 4076 2675 4146; x_wconf 87' lang='lat' dir='ltr'><strong>angelum;</strong></span> <span class='ocrx_word' id='word_1_443' title='bbox 2737 4085 2797 4132; x_wconf 89' lang='lat' dir='ltr'><strong>et</strong></span> <span class='ocrx_word' id='word_1_444' title='bbox 2844 4077 2891 4132; x_wconf 87' lang='lat' dir='ltr'><strong>si</strong></span> <span class='ocrx_word' id='word_1_445' title='bbox 2951 4078 3276 4136; x_wconf 85' lang='lat' dir='ltr'><strong>intellexero</strong></span> <span class='ocrx_word' id='word_1_446' title='bbox 3310 4099 3435 4139; x_wconf 90' lang='lat' dir='ltr'><strong>eum</strong></span> <span class='ocrx_word' id='word_1_447' title='bbox 3467 4102 3588 4142; x_wconf 87' lang='lat' dir='ltr'><strong>esse</strong></span> <span class='ocrx_word' id='word_1_448' title='bbox 3617 4103 3748 4143; x_wconf 90' lang='lat' dir='ltr'><strong>vere</strong></span> 
     </span>
    </p>
   </div>
   <div class='ocr_carea' id='block_1_67' title="bbox 2174 4168 3746 4241">
    <p class='ocr_par' dir='ltr' id='par_1_67' title="bbox 2174 4168 3746 4241">
     <span class='ocr_line' id='line_1_67' title="bbox 2174 4168 3746 4241; baseline 0.008 -19"><span class='ocrx_word' id='word_1_449' title='bbox 2174 4169 2453 4237; x_wconf 83' lang='lat' dir='ltr'><strong>angelum,</strong></span> <span class='ocrx_word' id='word_1_450' title='bbox 2485 4168 2682 4223; x_wconf 82' lang='lat' dir='ltr'><strong>faciam</strong></span> <span class='ocrx_word' id='word_1_451' title='bbox 2712 4185 2836 4238; x_wconf 74' lang='lat' dir='ltr'><strong>quae</strong></span> <span class='ocrx_word' id='word_1_452' title='bbox 2869 4170 3154 4241; x_wconf 85' lang='lat' dir='ltr'><strong>hortaris;</strong></span> <span class='ocrx_word' id='word_1_453' title='bbox 3209 4174 3294 4229; x_wconf 91' lang='lat' dir='ltr'><strong>sin</strong></span> <span class='ocrx_word' id='word_1_454' title='bbox 3348 4187 3532 4233; x_wconf 87' lang='lat' dir='ltr'><strong>autem</strong></span> <span class='ocrx_word' id='word_1_455' title='bbox 3579 4180 3746 4235; x_wconf 88' lang='lat' dir='ltr'><strong>alium</strong></span> 
     </span>
    </p>
   </div>
   <div class='ocr_carea' id='block_1_68' title="bbox 2180 4258 3748 4330">
    <p class='ocr_par' dir='ltr' id='par_1_68' title="bbox 2180 4258 3748 4330">
     <span class='ocr_line' id='line_1_68' title="bbox 2180 4258 3748 4330; baseline 0.011 -18"><span class='ocrx_word' id='word_1_456' title='bbox 2180 4258 2362 4313; x_wconf 87' lang='lat' dir='ltr'><strong>virum</strong></span> <span class='ocrx_word' id='word_1_457' title='bbox 2388 4274 2560 4326; x_wconf 87' lang='lat' dir='ltr'><strong>amas,</strong></span> <span class='ocrx_word' id='word_1_458' title='bbox 2595 4269 2652 4316; x_wconf 91' lang='lat' dir='ltr'><strong>et</strong></span> <span class='ocrx_word' id='word_1_459' title='bbox 2701 4269 2756 4314; x_wconf 91' lang='lat' dir='ltr'><strong>te</strong></span> <span class='ocrx_word' id='word_1_460' title='bbox 2818 4269 2876 4316; x_wconf 91' lang='lat' dir='ltr'><strong>et</strong></span> <span class='ocrx_word' id='word_1_461' title='bbox 2921 4263 3072 4318; x_wconf 91' lang='lat' dir='ltr'><strong>illum</strong></span> <span class='ocrx_word' id='word_1_462' title='bbox 3109 4281 3242 4320; x_wconf 90' lang='lat' dir='ltr'><strong>ense</strong></span> <span class='ocrx_word' id='word_1_463' title='bbox 3274 4268 3544 4325; x_wconf 90' lang='lat' dir='ltr'><strong>occidam.</strong></span> <span class='ocrx_word' id='word_1_464' title='bbox 3593 4272 3748 4330; x_wconf 88' lang='lat' dir='ltr'><strong>Tunc</strong></span> 
     </span>
    </p>
   </div>
   <div class='ocr_carea' id='block_1_69' title="bbox 2175 4348 3750 4428">
    <p class='ocr_par' dir='ltr' id='par_1_69' title="bbox 2175 4348 3750 4428">
     <span class='ocr_line' id='line_1_69' title="bbox 2175 4348 3750 4428; baseline 0.011 -25"><span class='ocrx_word' id='word_1_465' title='bbox 2175 4348 2310 4405; x_wconf 90' lang='lat' dir='ltr'><strong>dicit</strong></span> <span class='ocrx_word' id='word_1_466' title='bbox 2338 4351 2389 4406; x_wconf 93' lang='lat' dir='ltr'><strong>ei</strong></span> <span class='ocrx_word' id='word_1_467' title='bbox 2423 4351 2579 4406; x_wconf 89' lang='lat' dir='ltr'><strong>beata</strong></span> <span class='ocrx_word' id='word_1_468' title='bbox 2609 4350 2827 4408; x_wconf 69' lang='lat' dir='ltr'><strong>Caecilia</strong></span> <span class='ocrx_word' id='word_1_469' title='bbox 2859 4373 2874 4408; x_wconf 87' lang='lat'><strong>:</strong></span> <span class='ocrx_word' id='word_1_470' title='bbox 2910 4351 2968 4408; x_wconf 90' lang='lat' dir='ltr'><strong>Si</strong></span> <span class='ocrx_word' id='word_1_471' title='bbox 3006 4354 3090 4409; x_wconf 85' lang='lat' dir='ltr'><strong>vis</strong></span> <span class='ocrx_word' id='word_1_472' title='bbox 3122 4359 3257 4411; x_wconf 84' lang='lat' dir='ltr'><strong>meis</strong></span> <span class='ocrx_word' id='word_1_473' title='bbox 3315 4371 3508 4428; x_wconf 89' lang='lat' dir='ltr'><strong>parere</strong></span> <span class='ocrx_word' id='word_1_474' title='bbox 3563 4365 3750 4420; x_wconf 84' lang='lat' dir='ltr'><strong>consi-</strong></span> 
     </span>
    </p>
   </div>
   <div class='ocr_carea' id='block_1_70' title="bbox 508 4413 3750 4519">
    <p class='ocr_par' dir='ltr' id='par_1_70' title="bbox 508 4413 3750 4519">
     <span class='ocr_line' id='line_1_70' title="bbox 508 4413 3750 4519; baseline 0 -8"><span class='ocrx_word' id='word_1_475' title='bbox 508 4456 639 4511; x_wconf 89' lang='lat' dir='ltr'><strong>duta</strong></span> <span class='ocrx_word' id='word_1_476' title='bbox 662 4452 866 4514; x_wconf 85' lang='lat' dir='ltr'><strong>cilicio,</strong></span> <span class='ocrx_word' id='word_1_477' title='bbox 900 4451 1251 4504; x_wconf 80' lang='lat' dir='ltr'><strong>extrinsecus</strong></span> <span class='ocrx_word' id='word_1_478' title='bbox 1291 4443 1479 4500; x_wconf 84' lang='lat' dir='ltr'><strong>aureis</strong></span> <span class='ocrx_word' id='word_1_479' title='bbox 1524 4443 1716 4499; x_wconf 87' lang='lat' dir='ltr'><strong>induta</strong></span> <span class='ocrx_word' id='word_1_480' title='bbox 1755 4453 1877 4498; x_wconf 89' lang='lat' dir='ltr'><strong>erat</strong></span> <span class='ocrx_word' id='word_1_481' title='bbox 1908 4442 2075 4498; x_wconf 84' lang='lat' dir='ltr'><strong>vesti-</strong></span> <span class='ocrx_word' id='word_1_482' title='bbox 2102 4413 2150 4477; x_wconf 69' lang='grc' dir='ltr'>ο</span> <span class='ocrx_word' id='word_1_483' title='bbox 2176 4444 2290 4509; x_wconf 79' lang='lat' dir='ltr'><strong>liis,</strong></span> <span class='ocrx_word' id='word_1_484' title='bbox 2321 4459 2356 4498; x_wconf 89' lang='grc' dir='ltr'>ο</span> <span class='ocrx_word' id='word_1_485' title='bbox 2379 4443 2706 4499; x_wconf 90' lang='lat' dir='ltr'><strong>charissime</strong></span> <span class='ocrx_word' id='word_1_486' title='bbox 2735 4445 3081 4513; x_wconf 86' lang='lat' dir='ltr'><strong>adolescens,</strong></span> <span class='ocrx_word' id='word_1_487' title='bbox 3114 4455 3172 4501; x_wconf 92' lang='lat' dir='ltr'><strong>et</strong></span> <span class='ocrx_word' id='word_1_488' title='bbox 3213 4413 3494 4519; x_wconf 77' lang='lat' dir='ltr'><strong>poIIiceris</strong></span> <span class='ocrx_word' id='word_1_489' title='bbox 3524 4413 3750 4512; x_wconf 46' lang='lat' dir='ltr'><strong>tenes-se</strong></span> 
     </span>
    </p>
   </div>
   <div class='ocr_carea' id='block_1_71' title="bbox 508 4532 2074 4608">
    <p class='ocr_par' dir='ltr' id='par_1_71' title="bbox 508 4532 2074 4608">
     <span class='ocr_line' id='line_1_71' title="bbox 508 4532 2074 4608; baseline -0.01 -7"><span class='ocrx_word' id='word_1_490' title='bbox 508 4546 631 4602; x_wconf 87' lang='lat' dir='ltr'><strong>bus.</strong></span> <span class='ocrx_word' id='word_1_491' title='bbox 667 4543 802 4597; x_wconf 79' lang='lat' dir='ltr'><strong>Nam</strong></span> <span class='ocrx_word' id='word_1_492' title='bbox 827 4554 952 4595; x_wconf 89' lang='lat' dir='ltr'><strong>cum</strong></span> <span class='ocrx_word' id='word_1_493' title='bbox 985 4546 1242 4608; x_wconf 88' lang='lat' dir='ltr'><strong>parentes</strong></span> <span class='ocrx_word' id='word_1_494' title='bbox 1289 4541 1348 4588; x_wconf 92' lang='lat' dir='ltr'><strong>et</strong></span> <span class='ocrx_word' id='word_1_495' title='bbox 1383 4547 1622 4603; x_wconf 85' lang='lat' dir='ltr'><strong>sponsus</strong></span> <span class='ocrx_word' id='word_1_496' title='bbox 1649 4533 1769 4603; x_wconf 89' lang='lat' dir='ltr'><strong>ejus</strong></span> <span class='ocrx_word' id='word_1_497' title='bbox 1819 4533 1934 4587; x_wconf 65' lang='lat' dir='ltr'><strong>haec</strong></span> <span class='ocrx_word' id='word_1_498' title='bbox 1958 4532 2074 4587; x_wconf 86' lang='lat' dir='ltr'><strong>vel-</strong></span> 
     </span>
    </p>
   </div>
   <div class='ocr_carea' id='block_1_72' title="bbox 505 4625 2074 4703">
    <p class='ocr_par' dir='ltr' id='par_1_72' title="bbox 505 4625 2074 4703">
     <span class='ocr_line' id='line_1_72' title="bbox 505 4625 2074 4703; baseline -0.01 -10"><span class='ocrx_word' id='word_1_499' title='bbox 505 4638 644 4696; x_wconf 86' lang='lat' dir='ltr'><strong>lent,</strong></span> <span class='ocrx_word' id='word_1_500' title='bbox 671 4635 788 4703; x_wconf 88' lang='lat' dir='ltr'><strong>ipsa</strong></span> <span class='ocrx_word' id='word_1_501' title='bbox 819 4645 1053 4700; x_wconf 79' lang='lat' dir='ltr'><strong>corpore</strong></span> <span class='ocrx_word' id='word_1_502' title='bbox 1075 4627 1210 4683; x_wconf 88' lang='lat' dir='ltr'><strong>adeo</strong></span> <span class='ocrx_word' id='word_1_503' title='bbox 1237 4634 1356 4682; x_wconf 85' lang='lat' dir='ltr'><strong>erat</strong></span> <span class='ocrx_word' id='word_1_504' title='bbox 1382 4625 1645 4694; x_wconf 88' lang='lat' dir='ltr'><strong>eliquata,</strong></span> <span class='ocrx_word' id='word_1_505' title='bbox 1703 4633 1763 4680; x_wconf 90' lang='lat' dir='ltr'><strong>ut</strong></span> <span class='ocrx_word' id='word_1_506' title='bbox 1809 4640 1917 4679; x_wconf 89' lang='lat' dir='ltr'><strong>non</strong></span> <span class='ocrx_word' id='word_1_507' title='bbox 1945 4639 2074 4694; x_wconf 89' lang='lat' dir='ltr'><strong>pos-</strong></span> 
     </span>
    </p>
   </div>
   <div class='ocr_carea' id='block_1_73' title="bbox 507 4718 2073 4788">
    <p class='ocr_par' dir='ltr' id='par_1_73' title="bbox 507 4718 2073 4788">
     <span class='ocr_line' id='line_1_73' title="bbox 507 4718 2073 4788; baseline -0.009 -4"><span class='ocrx_word' id='word_1_508' title='bbox 507 4738 594 4784; x_wconf 88' lang='lat' dir='ltr'><strong>set</strong></span> <span class='ocrx_word' id='word_1_509' title='bbox 619 4727 797 4781; x_wconf 80' lang='lat' dir='ltr'><strong>celare</strong></span> <span class='ocrx_word' id='word_1_510' title='bbox 837 4722 1020 4778; x_wconf 90' lang='lat' dir='ltr'><strong>cordis</strong></span> <span class='ocrx_word' id='word_1_511' title='bbox 1063 4721 1147 4774; x_wconf 86' lang='lat' dir='ltr'><strong>sui</strong></span> <span class='ocrx_word' id='word_1_512' title='bbox 1197 4718 1556 4782; x_wconf 87' lang='lat' dir='ltr'><strong>desiderium,</strong></span> <span class='ocrx_word' id='word_1_513' title='bbox 1613 4727 1670 4773; x_wconf 89' lang='lat' dir='ltr'><strong>et</strong></span> <span class='ocrx_word' id='word_1_514' title='bbox 1707 4718 1853 4788; x_wconf 89' lang='lat' dir='ltr'><strong>quod</strong></span> <span class='ocrx_word' id='word_1_515' title='bbox 1902 4718 2073 4787; x_wconf 80' lang='lat' dir='ltr'><strong>solius</strong></span> 
     </span>
    </p>
   </div>
   <div class='ocr_carea' id='block_1_74' title="bbox 503 4805 2078 4879">
    <p class='ocr_par' dir='ltr' id='par_1_74' title="bbox 503 4805 2078 4879">
     <span class='ocr_line' id='line_1_74' title="bbox 503 4805 2078 4879; baseline -0.008 -7"><span class='ocrx_word' id='word_1_516' title='bbox 503 4816 711 4872; x_wconf 86' lang='lat' dir='ltr'><strong>Christi</strong></span> <span class='ocrx_word' id='word_1_517' title='bbox 758 4811 1064 4868; x_wconf 85' lang='lat' dir='ltr'><strong>Servatoris</strong></span> <span class='ocrx_word' id='word_1_518' title='bbox 1112 4819 1266 4879; x_wconf 86' lang='lat' dir='ltr'><strong>capta</strong></span> <span class='ocrx_word' id='word_1_519' title='bbox 1319 4816 1438 4863; x_wconf 90' lang='lat' dir='ltr'><strong>erat</strong></span> <span class='ocrx_word' id='word_1_520' title='bbox 1493 4822 1699 4871; x_wconf 86' lang='lat' dir='ltr'><strong>amore,</strong></span> <span class='ocrx_word' id='word_1_521' title='bbox 1739 4805 2078 4876; x_wconf 87' lang='lat' dir='ltr'><strong>signiﬁcabat</strong></span> 
     </span>
    </p>
   </div>
   <div class='ocr_carea' id='block_1_75' title="bbox 514 4897 2075 4977">
    <p class='ocr_par' dir='ltr' id='par_1_75' title="bbox 514 4897 2075 4977">
     <span class='ocr_line' id='line_1_75' title="bbox 514 4897 2075 4977; baseline -0.004 -17"><span class='ocrx_word' id='word_1_522' title='bbox 514 4905 737 4977; x_wconf 88' lang='lat' dir='ltr'><strong>proprie</strong></span> <span class='ocrx_word' id='word_1_523' title='bbox 762 4901 1167 4972; x_wconf 63' lang='lat' dir='ltr'><strong>astrigmatibus.</strong></span> <span class='ocrx_word' id='word_1_524' title='bbox 1199 4900 1320 4954; x_wconf 86' lang='lat' dir='ltr'><strong>Non</strong></span> <span class='ocrx_word' id='word_1_525' title='bbox 1345 4897 1518 4952; x_wconf 89' lang='lat' dir='ltr'><strong>multo</strong></span> <span class='ocrx_word' id='word_1_526' title='bbox 1547 4905 1670 4966; x_wconf 91' lang='lat' dir='ltr'><strong>post</strong></span> <span class='ocrx_word' id='word_1_527' title='bbox 1697 4905 1878 4952; x_wconf 86' lang='lat' dir='ltr'><strong>autem</strong></span> <span class='ocrx_word' id='word_1_528' title='bbox 1925 4897 2075 4953; x_wconf 87' lang='lat' dir='ltr'><strong>venit</strong></span> 
     </span>
    </p>
   </div>
   <div class='ocr_carea' id='block_1_76' title="bbox 511 4989 2077 5066">
    <p class='ocr_par' dir='ltr' id='par_1_76' title="bbox 511 4989 2077 5066">
     <span class='ocr_line' id='line_1_76' title="bbox 511 4989 2077 5066; baseline -0.006 -13"><span class='ocrx_word' id='word_1_529' title='bbox 511 5000 652 5059; x_wconf 85' lang='lat' dir='ltr'><strong>dies,</strong></span> <span class='ocrx_word' id='word_1_530' title='bbox 686 4998 741 5051; x_wconf 90' lang='lat' dir='ltr'><strong>in</strong></span> <span class='ocrx_word' id='word_1_531' title='bbox 766 5012 877 5066; x_wconf 93' lang='lat' dir='ltr'><strong>quo</strong></span> <span class='ocrx_word' id='word_1_532' title='bbox 903 5002 1124 5066; x_wconf 88' lang='lat' dir='ltr'><strong>paratus</strong></span> <span class='ocrx_word' id='word_1_533' title='bbox 1159 5001 1278 5046; x_wconf 89' lang='lat' dir='ltr'><strong>erat</strong></span> <span class='ocrx_word' id='word_1_534' title='bbox 1313 4989 1585 5044; x_wconf 85' lang='lat' dir='ltr'><strong>thalamus</strong></span> <span class='ocrx_word' id='word_1_535' title='bbox 1614 5006 1626 5042; x_wconf 88' lang='lat'><strong>:</strong></span> <span class='ocrx_word' id='word_1_536' title='bbox 1679 4996 1737 5043; x_wconf 92' lang='lat' dir='ltr'><strong>et</strong></span> <span class='ocrx_word' id='word_1_537' title='bbox 1775 5002 1900 5043; x_wconf 87' lang='lat' dir='ltr'><strong>cum</strong></span> <span class='ocrx_word' id='word_1_538' title='bbox 1929 4998 2077 5044; x_wconf 87' lang='lat' dir='ltr'><strong>esset</strong></span> 
     </span>
    </p>
   </div>
   <div class='ocr_carea' id='block_1_77' title="bbox 511 5078 2078 5160">
    <p class='ocr_par' dir='ltr' id='par_1_77' title="bbox 511 5078 2078 5160">
     <span class='ocr_line' id='line_1_77' title="bbox 511 5078 2078 5160; baseline -0.005 -18"><span class='ocrx_word' id='word_1_539' title='bbox 511 5088 840 5160; x_wconf 78' lang='lat' dir='ltr'><strong>symphonia</strong></span> <span class='ocrx_word' id='word_1_540' title='bbox 869 5088 1385 5145; x_wconf 87' lang='lat' dir='ltr'><strong>instrumentorum,</strong></span> <span class='ocrx_word' id='word_1_541' title='bbox 1419 5079 1510 5133; x_wconf 88' lang='lat' dir='ltr'><strong>illa</strong></span> <span class='ocrx_word' id='word_1_542' title='bbox 1549 5079 1606 5132; x_wconf 90' lang='lat' dir='ltr'><strong>in</strong></span> <span class='ocrx_word' id='word_1_543' title='bbox 1650 5078 1815 5132; x_wconf 87' lang='lat' dir='ltr'><strong>corde</strong></span> <span class='ocrx_word' id='word_1_544' title='bbox 1841 5093 1942 5133; x_wconf 88' lang='lat' dir='ltr'><strong>suo</strong></span> <span class='ocrx_word' id='word_1_545' title='bbox 1973 5078 2078 5134; x_wconf 88' lang='lat' dir='ltr'><strong>soli</strong></span> 
     </span>
    </p>
   </div>
   <div class='ocr_carea' id='block_1_78' title="bbox 512 5169 2074 5249">
    <p class='ocr_par' dir='ltr' id='par_1_78' title="bbox 512 5169 2074 5249">
     <span class='ocr_line' id='line_1_78' title="bbox 512 5169 2074 5249; baseline -0.008 -13"><span class='ocrx_word' id='word_1_546' title='bbox 512 5181 626 5236; x_wconf 83' lang='lat' dir='ltr'><strong>Deo</strong></span> <span class='ocrx_word' id='word_1_547' title='bbox 661 5178 949 5249; x_wconf 90' lang='lat' dir='ltr'><strong>psallebat,</strong></span> <span class='ocrx_word' id='word_1_548' title='bbox 985 5176 1217 5230; x_wconf 88' lang='lat' dir='ltr'><strong>dicens:</strong></span> <span class='ocrx_word' id='word_1_549' title='bbox 1249 5192 1267 5225; x_wconf 76' lang='grc' dir='ltr'><strong>ι</strong></span> <span class='ocrx_word' id='word_1_550' title='bbox 1309 5172 1449 5237; x_wconf 88' lang='lat' dir='ltr'><strong>Fiat,</strong></span> <span class='ocrx_word' id='word_1_551' title='bbox 1478 5169 1731 5232; x_wconf 87' lang='lat' dir='ltr'><strong>Domine,</strong></span> <span class='ocrx_word' id='word_1_552' title='bbox 1759 5185 1856 5225; x_wconf 93' lang='lat' dir='ltr'><strong>cor</strong></span> <span class='ocrx_word' id='word_1_553' title='bbox 1889 5185 2074 5223; x_wconf 89' lang='lat' dir='ltr'><strong>meum</strong></span> 
     </span>
    </p>
   </div>
   <div class='ocr_carea' id='block_1_79' title="bbox 511 5259 2077 5338">
    <p class='ocr_par' dir='ltr' id='par_1_79' title="bbox 511 5259 2077 5338">
     <span class='ocr_line' id='line_1_79' title="bbox 511 5259 2077 5338; baseline -0.006 -15"><span class='ocrx_word' id='word_1_554' title='bbox 511 5279 573 5323; x_wconf 89' lang='lat' dir='ltr'><strong>et</strong></span> <span class='ocrx_word' id='word_1_555' title='bbox 595 5283 797 5338; x_wconf 87' lang='lat' dir='ltr'><strong>corpus</strong></span> <span class='ocrx_word' id='word_1_556' title='bbox 830 5281 1013 5322; x_wconf 87' lang='lat' dir='ltr'><strong>meum</strong></span> <span class='ocrx_word' id='word_1_557' title='bbox 1064 5265 1474 5320; x_wconf 88' lang='lat' dir='ltr'><strong>immaculatum</strong></span> <span class='ocrx_word' id='word_1_558' title='bbox 1508 5261 1564 5316; x_wconf 91' lang='lat' dir='ltr'><strong>in</strong></span> <span class='ocrx_word' id='word_1_559' title='bbox 1593 5259 1704 5314; x_wconf 90' lang='lat' dir='ltr'><strong>tuis</strong></span> <span class='ocrx_word' id='word_1_560' title='bbox 1731 5260 2077 5330; x_wconf 81' lang='lat' dir='ltr'><strong>justiﬁcatio—</strong></span> 
     </span>
    </p>
   </div>
   <div class='ocr_carea' id='block_1_80' title="bbox 517 5351 2074 5427">
    <p class='ocr_par' dir='ltr' id='par_1_80' title="bbox 517 5351 2074 5427">
     <span class='ocr_line' id='line_1_80' title="bbox 517 5351 2074 5427; baseline -0.006 -12"><span class='ocrx_word' id='word_1_561' title='bbox 517 5360 704 5424; x_wconf 86' lang='lat' dir='ltr'><strong>nibus,</strong></span> <span class='ocrx_word' id='word_1_562' title='bbox 735 5367 795 5413; x_wconf 88' lang='lat' dir='ltr'><strong>ut</strong></span> <span class='ocrx_word' id='word_1_563' title='bbox 827 5374 938 5413; x_wconf 92' lang='lat' dir='ltr'><strong>non</strong></span> <span class='ocrx_word' id='word_1_564' title='bbox 965 5357 1190 5427; x_wconf 84' lang='lat' dir='ltr'><strong>pudore</strong></span> <span class='ocrx_word' id='word_1_565' title='bbox 1235 5354 1438 5410; x_wconf 71' lang='lat' dir='ltr'><strong>alliciar</strong></span> <span class='ocrx_word' id='word_1_566' title='bbox 1473 5351 1516 5406; x_wconf 71' lang='grc'><strong>⁸.</strong></span> <span class='ocrx_word' id='word_1_567' title='bbox 1555 5371 1573 5404; x_wconf 76' lang='grc' dir='ltr'><strong>ι</strong></span> <span class='ocrx_word' id='word_1_568' title='bbox 1627 5351 1849 5406; x_wconf 81' lang='lat' dir='ltr'><strong>Manens</strong></span> <span class='ocrx_word' id='word_1_569' title='bbox 1892 5360 2074 5406; x_wconf 84' lang='lat' dir='ltr'><strong>autem</strong></span> 
     </span>
    </p>
   </div>
   <div class='ocr_carea' id='block_1_81' title="bbox 515 5442 2077 5534">
    <p class='ocr_par' dir='ltr' id='par_1_81' title="bbox 515 5442 2077 5534">
     <span class='ocr_line' id='line_1_81' title="bbox 515 5442 2077 5534; baseline -0.005 -28"><span class='ocrx_word' id='word_1_570' title='bbox 515 5451 723 5534; x_wconf 64' lang='lat' dir='ltr'><strong>jejuna,</strong></span> <span class='ocrx_word' id='word_1_571' title='bbox 751 5451 891 5505; x_wconf 91' lang='lat' dir='ltr'><strong>duos</strong></span> <span class='ocrx_word' id='word_1_572' title='bbox 924 5459 1019 5504; x_wconf 92' lang='lat' dir='ltr'><strong>aut</strong></span> <span class='ocrx_word' id='word_1_573' title='bbox 1046 5458 1157 5504; x_wconf 91' lang='lat' dir='ltr'><strong>tres</strong></span> <span class='ocrx_word' id='word_1_574' title='bbox 1186 5447 1304 5502; x_wconf 90' lang='lat' dir='ltr'><strong>dies</strong></span> <span class='ocrx_word' id='word_1_575' title='bbox 1337 5461 1368 5500; x_wconf 91' lang='lat' dir='ltr'><strong>a</strong></span> <span class='ocrx_word' id='word_1_576' title='bbox 1393 5443 1516 5501; x_wconf 91' lang='lat' dir='ltr'><strong>cibo</strong></span> <span class='ocrx_word' id='word_1_577' title='bbox 1569 5442 1834 5499; x_wconf 89' lang='lat' dir='ltr'><strong>abstinuit</strong></span> <span class='ocrx_word' id='word_1_578' title='bbox 1866 5460 1880 5497; x_wconf 91' lang='lat'><strong>:</strong></span> <span class='ocrx_word' id='word_1_579' title='bbox 1937 5445 2077 5515; x_wconf 87' lang='lat' dir='ltr'><strong>jeju-</strong></span> 
     </span>
    </p>
   </div>
   <div class='ocr_carea' id='block_1_82' title="bbox 2177 4531 3752 4608">
    <p class='ocr_par' dir='ltr' id='par_1_82' title="bbox 2177 4531 3752 4608">
     <span class='ocr_line' id='line_1_82' title="bbox 2177 4531 3752 4608; baseline 0.01 -22"><span class='ocrx_word' id='word_1_580' title='bbox 2177 4531 2526 4600; x_wconf 87' lang='lat' dir='ltr'><strong>expiaturum</strong></span> <span class='ocrx_word' id='word_1_581' title='bbox 2554 4542 2762 4589; x_wconf 76' lang='lat' dir='ltr'><strong>:eterno</strong></span> <span class='ocrx_word' id='word_1_582' title='bbox 2793 4533 3016 4589; x_wconf 85' lang='lat' dir='ltr'><strong>lavacro</strong></span> <span class='ocrx_word' id='word_1_583' title='bbox 3057 4541 3512 4608; x_wconf 87' lang='lat' dir='ltr'><strong>regenerationis,</strong></span> <span class='ocrx_word' id='word_1_584' title='bbox 3543 4553 3597 4599; x_wconf 90' lang='lat' dir='ltr'><strong>et</strong></span> <span class='ocrx_word' id='word_1_585' title='bbox 3625 4561 3752 4602; x_wconf 86' lang='lat' dir='ltr'><strong>cre-</strong></span> 
     </span>
    </p>
   </div>
   <div class='ocr_carea' id='block_1_83' title="bbox 2177 4621 3754 4703">
    <p class='ocr_par' dir='ltr' id='par_1_83' title="bbox 2177 4621 3754 4703">
     <span class='ocr_line' id='line_1_83' title="bbox 2177 4621 3754 4703; baseline 0.009 -27"><span class='ocrx_word' id='word_1_586' title='bbox 2177 4621 2267 4676; x_wconf 87' lang='lat' dir='ltr'><strong>dis</strong></span> <span class='ocrx_word' id='word_1_587' title='bbox 2296 4622 2352 4676; x_wconf 91' lang='lat' dir='ltr'><strong>in</strong></span> <span class='ocrx_word' id='word_1_588' title='bbox 2378 4637 2548 4676; x_wconf 91' lang='lat' dir='ltr'><strong>unum</strong></span> <span class='ocrx_word' id='word_1_589' title='bbox 2574 4639 2763 4678; x_wconf 88' lang='lat' dir='ltr'><strong>verum</strong></span> <span class='ocrx_word' id='word_1_590' title='bbox 2791 4625 2984 4690; x_wconf 84' lang='lat' dir='ltr'><strong>Deum,</strong></span> <span class='ocrx_word' id='word_1_591' title='bbox 3011 4629 3105 4698; x_wconf 93' lang='lat' dir='ltr'><strong>qui</strong></span> <span class='ocrx_word' id='word_1_592' title='bbox 3131 4629 3269 4684; x_wconf 86' lang='lat' dir='ltr'><strong>vivit</strong></span> <span class='ocrx_word' id='word_1_593' title='bbox 3311 4629 3366 4684; x_wconf 91' lang='lat' dir='ltr'><strong>in</strong></span> <span class='ocrx_word' id='word_1_594' title='bbox 3391 4633 3567 4696; x_wconf 72' lang='lat' dir='ltr'><strong>caelis,</strong></span> <span class='ocrx_word' id='word_1_595' title='bbox 3595 4643 3754 4703; x_wconf 82' lang='lat' dir='ltr'><strong>potes</strong></span> 
     </span>
    </p>
   </div>
   <div class='ocr_carea' id='block_1_84' title="bbox 2178 4714 3750 4794">
    <p class='ocr_par' dir='ltr' id='par_1_84' title="bbox 2178 4714 3750 4794">
     <span class='ocr_line' id='line_1_84' title="bbox 2178 4714 3750 4794; baseline 0.008 -26"><span class='ocrx_word' id='word_1_596' title='bbox 2178 4727 2306 4768; x_wconf 87' lang='lat' dir='ltr'><strong>eum</strong></span> <span class='ocrx_word' id='word_1_597' title='bbox 2367 4714 2754 4784; x_wconf 81' lang='lat' dir='ltr'><strong>cantemplari.</strong></span> <span class='ocrx_word' id='word_1_598' title='bbox 2809 4715 2952 4772; x_wconf 76' lang='lat' dir='ltr'><strong>Dicit</strong></span> <span class='ocrx_word' id='word_1_599' title='bbox 3002 4719 3056 4774; x_wconf 92' lang='lat' dir='ltr'><strong>ei</strong></span> <span class='ocrx_word' id='word_1_600' title='bbox 3112 4719 3475 4778; x_wconf 83' lang='lat' dir='ltr'><strong>Valerianus:</strong></span> <span class='ocrx_word' id='word_1_601' title='bbox 3520 4723 3588 4778; x_wconf 85' lang='lat' dir='ltr'><strong>Et</strong></span> <span class='ocrx_word' id='word_1_602' title='bbox 3623 4726 3750 4794; x_wconf 90' lang='lat' dir='ltr'><strong>quis</strong></span> 
     </span>
    </p>
   </div>
   <div class='ocr_carea' id='block_1_85' title="bbox 2148 4805 3752 4886">
    <p class='ocr_par' dir='ltr' id='par_1_85' title="bbox 2148 4805 3752 4886">
     <span class='ocr_line' id='line_1_85' title="bbox 2148 4805 3752 4886; baseline 0.009 -28"><span class='ocrx_word' id='word_1_603' title='bbox 2148 4814 2292 4869; x_wconf 88' lang='lat' dir='ltr'><strong>est,</strong></span> <span class='ocrx_word' id='word_1_604' title='bbox 2327 4805 2422 4875; x_wconf 92' lang='lat' dir='ltr'><strong>qui</strong></span> <span class='ocrx_word' id='word_1_605' title='bbox 2469 4821 2556 4861; x_wconf 90' lang='lat' dir='ltr'><strong>me</strong></span> <span class='ocrx_word' id='word_1_606' title='bbox 2582 4807 2849 4877; x_wconf 81' lang='lat' dir='ltr'><strong>expiabit,</strong></span> <span class='ocrx_word' id='word_1_607' title='bbox 2908 4818 2972 4865; x_wconf 88' lang='lat' dir='ltr'><strong>ut</strong></span> <span class='ocrx_word' id='word_1_608' title='bbox 3031 4826 3132 4882; x_wconf 78' lang='lat' dir='ltr'><strong>ego</strong></span> <span class='ocrx_word' id='word_1_609' title='bbox 3183 4811 3399 4868; x_wconf 86' lang='lat' dir='ltr'><strong>videam</strong></span> <span class='ocrx_word' id='word_1_610' title='bbox 3456 4816 3752 4886; x_wconf 73' lang='lat' dir='ltr'><strong>angelum!</strong></span> 
     </span>
    </p>
   </div>
   <div class='ocr_carea' id='block_1_86' title="bbox 2182 4897 3749 4978">
    <p class='ocr_par' dir='ltr' id='par_1_86' title="bbox 2182 4897 3749 4978">
     <span class='ocr_line' id='line_1_86' title="bbox 2182 4897 3749 4978; baseline 0.008 -26"><span class='ocrx_word' id='word_1_611' title='bbox 2182 4897 2491 4968; x_wconf 80' lang='lat' dir='ltr'><strong>Respondit</strong></span> <span class='ocrx_word' id='word_1_612' title='bbox 2526 4899 2768 4966; x_wconf 65' lang='lat' dir='ltr'><strong>Caecilia,</strong></span> <span class='ocrx_word' id='word_1_613' title='bbox 2797 4909 2854 4956; x_wconf 91' lang='lat' dir='ltr'><strong>et</strong></span> <span class='ocrx_word' id='word_1_614' title='bbox 2883 4902 3022 4957; x_wconf 84' lang='lat' dir='ltr'><strong>dixit</strong></span> <span class='ocrx_word' id='word_1_615' title='bbox 3047 4921 3060 4958; x_wconf 91' lang='lat'><strong>:</strong></span> <span class='ocrx_word' id='word_1_616' title='bbox 3104 4905 3201 4960; x_wconf 88' lang='lat' dir='ltr'><strong>Est</strong></span> <span class='ocrx_word' id='word_1_617' title='bbox 3233 4920 3401 4960; x_wconf 88' lang='lat' dir='ltr'><strong>senex</strong></span> <span class='ocrx_word' id='word_1_618' title='bbox 3426 4906 3480 4961; x_wconf 92' lang='lat' dir='ltr'><strong>in</strong></span> <span class='ocrx_word' id='word_1_619' title='bbox 3509 4908 3749 4978; x_wconf 90' lang='lat' dir='ltr'><strong>quodam</strong></span> 
     </span>
    </p>
   </div>
   <div class='ocr_carea' id='block_1_87' title="bbox 2177 4986 3752 5062">
    <p class='ocr_par' dir='ltr' id='par_1_87' title="bbox 2177 4986 3752 5062">
     <span class='ocr_line' id='line_1_87' title="bbox 2177 4986 3752 5062; baseline 0.008 -22"><span class='ocrx_word' id='word_1_620' title='bbox 2177 4986 2324 5052; x_wconf 92' lang='lat' dir='ltr'><strong>loco,</strong></span> <span class='ocrx_word' id='word_1_621' title='bbox 2357 4987 2451 5058; x_wconf 90' lang='lat' dir='ltr'><strong>qui</strong></span> <span class='ocrx_word' id='word_1_622' title='bbox 2483 4987 2712 5056; x_wconf 88' lang='lat' dir='ltr'><strong>pulchre</strong></span> <span class='ocrx_word' id='word_1_623' title='bbox 2742 4991 2847 5044; x_wconf 91' lang='lat' dir='ltr'><strong>scit</strong></span> <span class='ocrx_word' id='word_1_624' title='bbox 2898 5006 3131 5062; x_wconf 89' lang='lat' dir='ltr'><strong>purgare</strong></span> <span class='ocrx_word' id='word_1_625' title='bbox 3181 4993 3454 5062; x_wconf 82' lang='lat' dir='ltr'><strong>homines,</strong></span> <span class='ocrx_word' id='word_1_626' title='bbox 3515 5005 3576 5052; x_wconf 93' lang='lat' dir='ltr'><strong>ut</strong></span> <span class='ocrx_word' id='word_1_627' title='bbox 3631 4997 3752 5053; x_wconf 78' lang='lat' dir='ltr'><strong>etii-</strong></span> 
     </span>
    </p>
   </div>
   <div class='ocr_carea' id='block_1_88' title="bbox 2181 5082 3752 5158">
    <p class='ocr_par' dir='ltr' id='par_1_88' title="bbox 2181 5082 3752 5158">
     <span class='ocr_line' id='line_1_88' title="bbox 2181 5082 3752 5158; baseline 0.007 -23"><span class='ocrx_word' id='word_1_628' title='bbox 2181 5082 2399 5136; x_wconf 86' lang='lat' dir='ltr'><strong>ciantur</strong></span> <span class='ocrx_word' id='word_1_629' title='bbox 2448 5082 2622 5153; x_wconf 88' lang='lat' dir='ltr'><strong>digni,</strong></span> <span class='ocrx_word' id='word_1_630' title='bbox 2675 5083 2772 5153; x_wconf 89' lang='lat' dir='ltr'><strong>qui</strong></span> <span class='ocrx_word' id='word_1_631' title='bbox 2826 5083 3147 5139; x_wconf 87' lang='lat' dir='ltr'><strong>intueantur</strong></span> <span class='ocrx_word' id='word_1_632' title='bbox 3197 5087 3442 5158; x_wconf 86' lang='lat' dir='ltr'><strong>angelos.</strong></span> <span class='ocrx_word' id='word_1_633' title='bbox 3494 5089 3640 5144; x_wconf 86' lang='lat' dir='ltr'><strong>Dixit</strong></span> <span class='ocrx_word' id='word_1_634' title='bbox 3698 5092 3752 5147; x_wconf 91' lang='lat' dir='ltr'><strong>ei</strong></span> 
     </span>
    </p>
   </div>
   <div class='ocr_carea' id='block_1_89' title="bbox 2181 5173 3753 5248">
    <p class='ocr_par' dir='ltr' id='par_1_89' title="bbox 2181 5173 3753 5248">
     <span class='ocr_line' id='line_1_89' title="bbox 2181 5173 3753 5248; baseline 0.007 -22"><span class='ocrx_word' id='word_1_635' title='bbox 2181 5173 2552 5228; x_wconf 82' lang='lat' dir='ltr'><strong>Valerianus:</strong></span> <span class='ocrx_word' id='word_1_636' title='bbox 2608 5174 2677 5230; x_wconf 88' lang='lat' dir='ltr'><strong>Et</strong></span> <span class='ocrx_word' id='word_1_637' title='bbox 2733 5175 2824 5230; x_wconf 92' lang='lat' dir='ltr'><strong>ubi</strong></span> <span class='ocrx_word' id='word_1_638' title='bbox 2884 5191 3122 5245; x_wconf 69' lang='lat' dir='ltr'><strong>quaeram</strong></span> <span class='ocrx_word' id='word_1_639' title='bbox 3187 5192 3290 5248; x_wconf 89' lang='lat' dir='ltr'><strong>ego</strong></span> <span class='ocrx_word' id='word_1_640' title='bbox 3339 5193 3464 5233; x_wconf 91' lang='lat' dir='ltr'><strong>eum</strong></span> <span class='ocrx_word' id='word_1_641' title='bbox 3526 5184 3753 5236; x_wconf 80' lang='lat' dir='ltr'><strong>senem?</strong></span> 
     </span>
    </p>
   </div>
   <div class='ocr_carea' id='block_1_90' title="bbox 2183 5263 3749 5340">
    <p class='ocr_par' dir='ltr' id='par_1_90' title="bbox 2183 5263 3749 5340">
     <span class='ocr_line' id='line_1_90' title="bbox 2183 5263 3749 5340; baseline 0.006 -22"><span class='ocrx_word' id='word_1_642' title='bbox 2183 5263 2488 5332; x_wconf 80' lang='lat' dir='ltr'><strong>Respondit</strong></span> <span class='ocrx_word' id='word_1_643' title='bbox 2513 5263 2773 5324; x_wconf 69' lang='lat' dir='ltr'><strong>Catcilia:</strong></span> <span class='ocrx_word' id='word_1_644' title='bbox 2822 5267 2968 5323; x_wconf 83' lang='lat' dir='ltr'><strong>Vade</strong></span> <span class='ocrx_word' id='word_1_645' title='bbox 3029 5268 3097 5322; x_wconf 86' lang='lat' dir='ltr'><strong>ad</strong></span> <span class='ocrx_word' id='word_1_646' title='bbox 3157 5269 3381 5323; x_wconf 91' lang='lat' dir='ltr'><strong>tertium</strong></span> <span class='ocrx_word' id='word_1_647' title='bbox 3427 5270 3666 5340; x_wconf 88' lang='lat' dir='ltr'><strong>lapidem</strong></span> <span class='ocrx_word' id='word_1_648' title='bbox 3719 5288 3749 5328; x_wconf 88' lang='lat' dir='ltr'><strong>a</strong></span> 
     </span>
    </p>
   </div>
   <div class='ocr_carea' id='block_1_91' title="bbox 2182 5355 3753 5435">
    <p class='ocr_par' dir='ltr' id='par_1_91' title="bbox 2182 5355 3753 5435">
     <span class='ocr_line' id='line_1_91' title="bbox 2182 5355 3753 5435; baseline 0.007 -26"><span class='ocrx_word' id='word_1_649' title='bbox 2182 5355 2407 5411; x_wconf 89' lang='lat' dir='ltr'><strong>civitate</strong></span> <span class='ocrx_word' id='word_1_650' title='bbox 2435 5360 2548 5422; x_wconf 89' lang='lat' dir='ltr'><strong>via,</strong></span> <span class='ocrx_word' id='word_1_651' title='bbox 2574 5375 2696 5428; x_wconf 71' lang='lat' dir='ltr'><strong>qua:</strong></span> <span class='ocrx_word' id='word_1_652' title='bbox 2726 5359 2931 5415; x_wconf 90' lang='lat' dir='ltr'><strong>dicitur</strong></span> <span class='ocrx_word' id='word_1_653' title='bbox 2957 5361 3129 5430; x_wconf 82' lang='lat' dir='ltr'><strong>Appia</strong></span> <span class='ocrx_word' id='word_1_654' title='bbox 3161 5361 3274 5417; x_wconf 76' lang='lat' dir='ltr'><strong>tibi</strong></span> <span class='ocrx_word' id='word_1_655' title='bbox 3327 5362 3574 5420; x_wconf 85' lang='lat' dir='ltr'><strong>invenies</strong></span> <span class='ocrx_word' id='word_1_656' title='bbox 3611 5379 3753 5435; x_wconf 87' lang='lat' dir='ltr'><strong>pau-</strong></span> 
     </span>
    </p>
   </div>
   <div class='ocr_carea' id='block_1_92' title="bbox 2186 5447 3755 5521">
    <p class='ocr_par' dir='ltr' id='par_1_92' title="bbox 2186 5447 3755 5521">
     <span class='ocr_line' id='line_1_92' title="bbox 2186 5447 3755 5521; baseline 0.006 -22"><span class='ocrx_word' id='word_1_657' title='bbox 2186 5461 2366 5516; x_wconf 88' lang='lat' dir='ltr'><strong>peres,</strong></span> <span class='ocrx_word' id='word_1_658' title='bbox 2395 5447 2490 5516; x_wconf 90' lang='lat' dir='ltr'><strong>qui</strong></span> <span class='ocrx_word' id='word_1_659' title='bbox 2524 5447 2729 5504; x_wconf 90' lang='lat' dir='ltr'><strong>victum</strong></span> <span class='ocrx_word' id='word_1_660' title='bbox 2757 5459 2950 5521; x_wconf 90' lang='lat' dir='ltr'><strong>petunt</strong></span> <span class='ocrx_word' id='word_1_661' title='bbox 3003 5466 3034 5505; x_wconf 92' lang='lat' dir='ltr'><strong>a</strong></span> <span class='ocrx_word' id='word_1_662' title='bbox 3086 5451 3515 5521; x_wconf 86' lang='lat' dir='ltr'><strong>transeuntibus,</strong></span> <span class='ocrx_word' id='word_1_663' title='bbox 3564 5453 3635 5510; x_wconf 85' lang='lat' dir='ltr'><strong>ab</strong></span> <span class='ocrx_word' id='word_1_664' title='bbox 3684 5453 3755 5520; x_wconf 65' lang='lat' dir='ltr'><strong>ii.</strong></span> 
     </span>
    </p>
   </div>
   <div class='ocr_carea' id='block_1_93' title="bbox 599 5623 2068 5702">
    <p class='ocr_par' dir='ltr' id='par_1_93' title="bbox 599 5623 2068 5702">
     <span class='ocr_line' id='line_1_93' title="bbox 599 5623 2068 5702; baseline -0.004 -16"><span class='ocrx_word' id='word_1_665' title='bbox 599 5631 617 5666; x_wconf 87' lang='grc'>¹</span> <span class='ocrx_word' id='word_1_666' title='bbox 644 5631 882 5702; x_wconf 85' lang='lat' dir='ltr'><strong>Philipp.</strong></span> <span class='ocrx_word' id='word_1_667' title='bbox 913 5648 972 5697; x_wconf 87' lang='grc' dir='ltr'><strong>ιι,</strong></span> <span class='ocrx_word' id='word_1_668' title='bbox 995 5631 1048 5696; x_wconf 86' lang='lat'><strong>6,</strong></span> <span class='ocrx_word' id='word_1_669' title='bbox 1072 5632 1127 5687; x_wconf 87' lang='grc'><strong>7.</strong></span> <span class='ocrx_word' id='word_1_670' title='bbox 1203 5632 1224 5662; x_wconf 86' lang='grc'><strong>¹</strong></span> <span class='ocrx_word' id='word_1_671' title='bbox 1248 5624 1386 5684; x_wconf 85' lang='lat' dir='ltr'><strong>IIeb.</strong></span> <span class='ocrx_word' id='word_1_672' title='bbox 1430 5640 1493 5691; x_wconf 86' lang='lat' dir='ltr'><strong>tt,</strong></span> <span class='ocrx_word' id='word_1_673' title='bbox 1514 5623 1602 5680; x_wconf 77' lang='grc' dir='ltr'><strong>Η.</strong></span> <span class='ocrx_word' id='word_1_674' title='bbox 1679 5625 2068 5696; x_wconf 70' lang='lat' dir='ltr'><strong>&#39;Matth._xt,21</strong></span> 
     </span>
    </p>
   </div>
   <div class='ocr_carea' id='block_1_94' title="bbox 2170 5623 2707 5702">
    <p class='ocr_par' dir='ltr' id='par_1_94' title="bbox 2191 5626 2707 5696">
     <span class='ocr_line' id='line_1_94' title="bbox 2191 5626 2707 5696; baseline -0.002 -14"><span class='ocrx_word' id='word_1_675' title='bbox 2191 5626 2210 5654; x_wconf 84' lang='lat'><strong>&quot;</strong></span> <span class='ocrx_word' id='word_1_676' title='bbox 2231 5627 2372 5682; x_wconf 84' lang='lat' dir='ltr'><strong>Psal.</strong></span> <span class='ocrx_word' id='word_1_677' title='bbox 2399 5643 2578 5696; x_wconf 84' lang='lat' dir='ltr'><strong>cxvm,</strong></span> <span class='ocrx_word' id='word_1_678' title='bbox 2621 5627 2707 5684; x_wconf 81' lang='lat'><strong>80.</strong></span> 
     </span>
    </p>
   </div>
  </div>
