4060 6374
319 288 422 354 165

1476 287 1657 352 VITA
1700 286 1760 349 S.
1806 285 2146 348 CECILIE
2186 286 2283 347 ET
2318 284 2477 352 SOC.

3471 273 3582 337 166

313 410 469 467 enim
497 421 620 463 sum
653 412 870 469 curata,
904 402 998 473 qui
1019 400 1245 473 quidem
1274 409 1405 457 sunt
1455 401 1621 473 hujus
1652 402 1759 457 mei
1814 405 2218 473 air-Agentes,
2278 399 2530 468 rosisque
2592 402 2649 451 et
2717 392 2851 450 liliis
2903 388 3278 463 splendentes.
3336 388 3580 457 Quarum

314 516 439 557 eam
479 498 799 571 participes.
837 496 947 551 Eos
980 505 1036 551 tu
1078 495 1301 565 quando
1354 494 1581 559 videris,
1634 494 1793 549 dabis
1824 494 1908 549 eis

316 608 498 648 meam
525 588 995 650 benedictionem,
1026 585 1254 640 dicens:
1291 584 1506 640 Caecilia
1544 601 1631 640 me
1660 585 1813 639 misit
1839 584 1906 638 ad

318 698 441 743 vos,
472 690 529 735 ut
552 680 862 736 ostendatis
902 677 1035 731 mihi
1080 685 1333 732 sanctum
1373 692 1562 731 senem
1604 677 1909 742 Urbanum,

320 776 587 843 quoniam
620 773 687 826 ad
715 773 895 841 ipsum
925 771 1101 824 habeo
1143 776 1355 822 secreta
1385 769 1457 822 ab
1508 784 1573 822 ea
1624 784 1908 838 responsa,

322 882 449 937 qua:
478 866 527 919 ei
554 864 808 918 reddam.
847 862 988 916 Eum
1017 860 1238 931 quando
1260 858 1489 921 videris,
1540 874 1703 913 narra
1758 875 1911 928 qua:-

321 968 548 1026 cunque
589 955 844 1015 tibidixi.
878 961 933 1007 et
966 951 1192 1022 quando
1219 960 1273 1006 te
1323 951 1660 1014 lustraverit,
1718 950 1909 1006 induet

320 1058 379 1101 te
416 1047 757 1100 indumentis
803 1044 963 1098 novis
1025 1054 1081 1099 et
1146 1042 1468 1111 splendidis.
1524 1057 1646 1098 cum
1706 1044 1910 1112 quibus

326 1141 484 1195 illico
508 1140 731 1193 veniens
777 1138 830 1191 in
868 1139 972 1192 hoc
1012 1136 1352 1202 cubiculum,
1400 1135 1615 1191 videbis
1660 1144 1908 1190 sanctum

325 1232 605 1299 angelum.
643 1230 737 1298 qui
772 1239 899 1283 tuus
928 1228 1127 1283 evadet
1172 1228 1403 1293 amicus,
1458 1237 1515 1282 et
1571 1243 1911 1299 quascunque

321 1330 479 1387 petes
506 1320 574 1372 ab
612 1320 751 1387 ipso,
789 1319 1058 1372 invenies.

399 1414 553 1467 Tunc
580 1413 863 1482 profectus
897 1420 982 1466 est
1032 1411 1374 1476 Valerianus,
1418 1422 1472 1464 et
1521 1412 1915 1466 convenienter

324 1507 522 1575 signis.
557 1522 677 1572 qum
700 1507 914 1572 accepit
953 1504 1021 1557 ab
1056 1505 1171 1571 ipsa
1194 1513 1384 1557 sancta
1425 1501 1665 1566 Caacilia,
1703 1503 1915 1558 invenit

326 1604 580 1647 sanctum
618 1592 901 1647 Urbanum
949 1592 1267 1661 episcopum
1318 1592 1435 1659 qui,
1493 1607 1617 1646 cum
1671 1593 1914 1647 secundo

327 1686 523 1741 fuisset
574 1686 884 1747 confessor,
937 1684 1140 1737 latebat
1188 1684 1438 1738 occultus
1488 1682 1542 1737 in
1595 1694 1908 1738 sanctorum

326 1788 627 1848 martyrum
654 1745 1045 1829 monumentis.
1078 1773 1177 1829 Cui
1206 1774 1428 1845 quidem
1455 1784 1746 1846 postquam
1768 1776 1909 1832 dixit
1938 1745 1984 1807 Β

327 1873 533 1932 omnia,
584 1885 707 1938 qua:
755 1868 967 1921 dixerat
1025 1866 1262 1927 Caecilia.
1321 1884 1519 1938 magno
1577 1868 1776 1938 gaudio
1828 1880 1911 1924 est

325 1963 650 2026 aﬂectus,et
689 1960 921 2030 genibus
946 1959 1096 2013 humi
1138 1959 1313 2025 flexis,
1349 1971 1405 2013 et
1438 1962 1691 2015 manibus
1718 1962 1772 2015 in
1798 1977 1912 2017 εω-

326 2056 438 2109 lutn
508 2054 769 2111 extensis.
828 2052 1129 2105 dixitcum
1170 2051 1459 2121 lacryinis:
1514 2053 1738 2106 Domine
1778 2054 1907 2108 Jcsu

324 2148 774 2214 Cbriste,pastor
803 2153 993 2199 sancte
1024 2154 1078 2197 et
1129 2145 1290 2207 bone,
1323 2143 1539 2199 Caecilia
1571 2154 1661 2199 tua
1690 2146 1907 2213 ancilla,

330 2247 594 2306 tanquam
643 2236 823 2291 multis
876 2236 1159 2289 laboribus
1200 2238 1441 2291 exercita
1471 2252 1630 2306 agna,
1684 2239 1781 2293 tibi
1827 2243 1910 2295 est

329 2329 606 2392 dedicata,
628 2328 1074 2397 quandoquidem
1107 2343 1370 2397 sponsum
1422 2343 1605 2389 suum,
1633 2330 1726 2398 qui
1777 2347 1907 2401 per-

332 2420 459 2473 inde
489 2435 554 2473 ac
625 2421 711 2473 leo
734 2420 980 2473 cohiberi
1014 2435 1120 2473 non
1168 2429 1401 2487 poterat.
1434 2422 1664 2490 accepit.
1706 2432 1759 2476 et
1782 2437 1908 2490 erga

330 2519 385 2563 te
407 2520 668 2578 tanquam
722 2526 920 2580 agnum
970 2510 1215 2565 reddidit
1278 2514 1806 2567 mansuetissimum.
1858 2513 1909 2567 Is

328 2600 478 2653 enim
511 2603 613 2654 nisi
641 2602 988 2664 credidisset,
1023 2603 1091 2655 ad
1126 2618 1228 2655 nos
1256 2618 1365 2657 non
1404 2604 1665 2657 venisset.
1718 2604 1907 2672 Aperi,

328 2692 596 2758 Bon-ine,
631 2696 833 2747 ostium
870 2694 1055 2747 cordis
1097 2695 1217 2764 ejus
1245 2695 1432 2749 verbis
1458 2696 1585 2757 luis.
1611 2707 1671 2749 ut
1696 2711 1821 2751 cum
1856 2706 1907 2751 te

332 2787 654 2852 cognoverit
681 2799 802 2839 esse
828 2786 949 2855 ejus
1001 2786 1323 2840 effectorem
1366 2795 1425 2841 et
1474 2789 1788 2854 Dominum,
1822 2804 1911 2842 re-

329 2876 782 2929 nuntietdiahulo
796 2884 850 2928 et
867 2876 1125 2945 Operibus
1149 2876 1288 2945 ejus,
1316 2887 1371 2931 et
1393 2876 1535 2931 dolis
1551 2880 1690 2947 ejus.
1715 2879 1838 2933 ilice
1852 2886 1909 2935 et

330 2968 418 3022 bis
448 2968 655 3021 similia
679 2978 873 3021 orante
926 2978 1116 3022 sancto
1141 2968 1364 3022 Urbano
1404 2970 1684 3039 episcopo,
1740 2986 1909 3027 senex

2011 509 2174 551 unam
2200 493 2419 562 quidem
2459 488 2613 545 dedit
2649 486 2903 552 Cecilic,
2935 486 3169 540 alteram
3233 498 3369 539 vero
3417 482 3579 538 Vale-

2012 586 2192 646 riano,
2228 582 2457 636 dicens:
2494 581 2601 635 llas
2638 592 2870 634 coronas
2922 578 3091 632 corde
3126 574 3480 631 immaculato
3526 584 3584 631 et

2011 692 2154 747 puro
2181 688 2421 743 corpore
2469 671 2779 735 custodite;
2810 684 2905 724 eas
2928 669 3075 723 enim
3106 684 3173 723 ex
3208 668 3461 737 paradiso
3488 666 3584 724 Dei

2010 770 2077 823 ad
2111 783 2209 822 vos
2244 766 2423 820 attuli.
2448 762 2563 817 Hoc
2595 772 2777 817 autem
2808 761 2917 816 erit
2955 761 3111 815 vobis
3139 763 3354 830 signum
3388 760 3583 815 :Nun-

2010 875 2173 931 quam
2210 864 2551 912 martzeseent
2580 870 2609 908 a
2646 854 2824 916 vobis,
2856 868 3035 921 neque
3066 867 3307 921 unquam
3330 850 3586 906 amittent

2011 953 2337 1008 suavitatem
2388 949 2600 1006 odoris.
2661 962 2836 1015 neque
2904 960 3146 1013 unquam
3205 952 3466 1014 poterunt
3512 942 3584 998 ab

2012 1046 2135 1100 aliis
2166 1042 2359 1113 aspici,
2411 1039 2603 1094 nisiab
2638 1038 2747 1093 illis
2788 1037 2992 1107 quibus
3032 1036 3113 1090 sic
3147 1036 3386 1104 placebit
3413 1038 3583 1091 casti-

2012 1147 2115 1200 tas,
2141 1134 2418 1204 quomodo
2456 1132 2747 1202 probatum
2779 1138 2866 1185 est
2893 1144 3014 1183 eam
3048 1127 3208 1182 vobis
3239 1128 3477 1196 placere.
3520 1126 3587 1181 Et

2012 1229 2271 1300 quoniam
2326 1238 2405 1289 tu,
2468 1240 2501 1278 ο
2556 1223 2866 1284 Valeriane,
2912 1235 3170 1276 assensus
3231 1234 3294 1273 es
3351 1217 3588 1273 consilio

2014 1319 2300 1381 castitatis,
2328 1331 2414 1370 me
2442 1316 2508 1370 ad
2543 1325 2594 1370 te
2626 1314 2775 1368 misit
2796 1313 3060 1367 Dominus
3111 1312 3272 1367 Jesus
3310 1308 3584 1374 Christus,

2014 1418 2068 1462 ut
2094 1422 2216 1462 eam
2245 1406 2485 1475 accipias
2510 1419 2674 1474 quam
2741 1403 2897 1457 voles
2968 1401 3313 1472 petitionem.
3358 1400 3452 1454 Ille
3489 1414 3589 1453 au-

2014 1508 2121 1555 tem
2152 1515 2275 1553 cum
2300 1497 2588 1560 audiissct,
2623 1495 2874 1550 adoravit
2915 1504 2973 1550 et
3004 1493 3186 1547 dixit:
3248 1491 3396 1546 Nihil
3446 1490 3584 1545 mihi

2011 1601 2097 1646 est
2129 1593 2182 1644 in
2208 1591 2307 1644 hac
2330 1589 2441 1642 vita
2464 1589 2702 1651 dulcius,
2744 1602 2906 1656 quam
2954 1584 3266 1640 charissimi
3324 1590 3382 1637 et
3433 1582 3585 1638 unici

2015 1686 2200 1741 fratris
2243 1685 2558 1756 praesentia.
2603 1683 2972 1748 Quamobrem
3011 1681 3212 1737 merito
3256 1695 3455 1749 arguar
3481 1679 3621 1735 imv

2012 1779 2252 1849 pietatis,
2288 1780 2333 1835 si
2390 1792 2477 1832 me
2508 1777 2740 1831 liberato
2784 1775 2853 1829 ah
2899 1789 3092 1829 errore
3139 1771 3583 1835 simulacrorum“,

2012 1871 2230 1927 fratrem
2284 1887 2462 1927 meum
2487 1871 2749 1941 majorem
2792 1869 3095 1937 despexero
3125 1866 3177 1919 in
3214 1862 3461 1935 periculo
3504 1865 3589 1919 in-

2012 1965 2231 2019 teritus.
2268 1964 2427 2018 lianc
2448 1979 2610 2017 unam
2662 1978 2730 2017 ex
2763 1960 3021 2015 omnibus
3059 1974 3311 2029 propono
3357 1957 3583 2027 petitio-

2010 2072 2159 2123 nem,
2188 2064 2243 2111 et
2265 2056 2493 2125 supplex
2536 2053 2833 2118 contendo,
2883 2059 2943 2108 ut
2989 2052 3213 2106 fratrem
3260 2065 3444 2105 meum
3490 2049 3584 2103 Ti-

2011 2147 2281 2212 burtium,
2309 2148 2452 2202 sicut
2475 2162 2580 2211 me,
2623 2146 2882 2216 dignetur
2914 2145 3175 2207 liberare,
3202 2154 3258 2197 et
3281 2142 3446 2197 faciat
3481 2155 3586 2195 nos

2012 2241 2203 2295 ambos
2226 2241 2501 2310 perfectos
2536 2240 2589 2294 in
2632 2240 2980 2295 confessione
3009 2238 3128 2308 ejus
3159 2236 3418 2290 nominis.
3443 2233 3582 2290 Cum

2009 2331 2127 2385 haec
2158 2341 2341 2385 autem
2378 2332 2644 2385 audiissct
2678 2331 2929 2399 angelus,
2963 2330 3088 2384 lzeto
3111 2332 3266 2381 vultu
3306 2327 3357 2382 ei
3402 2326 3581 2381 dixit:

2009 2421 2468 2491 Quandoquidem
2498 2438 2528 2476 a
2555 2421 2775 2477 Christo
2818 2421 3049 2491 petiisti,
3081 2420 3227 2490 quod
3277 2428 3363 2474 est
3413 2419 3589 2473 hone-

2010 2515 2169 2580 stius,
2203 2514 2249 2568 is
2283 2514 2478 2581 Deum,
2524 2516 2667 2569 sicut
2701 2523 2780 2577 tu,
2827 2514 2989 2569 colet.
3022 2512 3306 2579 Quomodo
3330 2511 3478 2566 enim
3534 2520 3588 2566 te

2008 2620 2109 2674 per
2131 2603 2383 2657 ancillam
2403 2604 2677 2659 Caeciliam
2712 2603 2989 2659 lucrifecit
3032 2604 3319 2667 Dominus,
3372 2601 3446 2657 ita
3488 2617 3590 2672 per

2012 2706 2064 2752 te
2091 2698 2313 2752 fratrem
2348 2712 2566 2766 quoque
2594 2705 2748 2751 tuum
2807 2695 3135 2761 lucrifaciet,
3182 2703 3239 2750 et
3289 2709 3414 2749 cum
3465 2694 3589 2764 ipso

2008 2790 2199 2845 venies
2221 2789 2286 2843 ad
2318 2799 2599 2844 certamen
2629 2789 2902 2860 martyrii.

2079 2880 2169 2936 Vl.
2203 2879 2300 2934 liis
2328 2896 2460 2951 ergo
2500 2880 2670 2934 finitis
2721 2881 3094 2945 sermonibus,
3123 2880 3299 2935 forma
3355 2878 3588 2935 visionis

2009 2974 2269 3044 angelica:
2296 2980 2573 3040 assumpta
2598 2981 2680 3025 est
2707 2971 2763 3025 in
2805 2971 2981 3035 cwlis,
3013 2970 3232 3041 illisque
3270 2971 3325 3025 in
3362 2970 3587 3026 Christo

328 3069 453 3113 ante
484 3074 615 3113 eum
641 3067 870 3127 repente
898 3060 1174 3127 apparuit.
1213 3058 1439 3113 indutus
1476 3059 1727 3114 candidis
1743 3063 1910 3115 vesti-
1936 3082 1981 3142 ρ
2010 3067 2349 3125 lactantibus.
2381 3073 2436 3119 et
2481 3065 2536 3117 in
2566 3063 2931 3118 aedificatione
2976 3073 3167 3118 sancta
3207 3062 3585 3132 loquentibus,

330 3152 532 3206 mentis
577 3153 723 3205 sicut
788 3150 905 3213 nix,
961 3159 1155 3205 tenens
1204 3150 1260 3205 in
1311 3151 1568 3206 manibus
1620 3152 1897 3217 tabellam,

329 3247 515 3299 aureis
541 3243 864 3308 inscriptam
894 3241 1121 3296 litteris.
1150 3240 1322 3307 Quem
1371 3257 1495 3295 cum
1542 3244 1770 3297 vidisset
1796 3243 1903 3298 Va-

329 3335 602 3395 lerianus,
631 3333 974 3402 stupefactus
997 3343 1053 3386 et
1099 3332 1302 3387 cadens
1349 3334 1402 3386 in
1460 3342 1685 3396 terram,
1728 3333 1905 3389 factus

330 3436 412 3481 est
442 3438 710 3495 tanquam
743 3434 1012 3478 mortuus.
1043 3423 1198 3477 Tunc
1224 3438 1391 3478 senex
1426 3438 1551 3478 eum
1589 3425 1786 3491 erexit,
1820 3425 1904 3479 di-

330 3532 501 3571 cens:
535 3518 708 3585 Lege,
744 3531 778 3569 o
803 3516 899 3580 fili,
930 3523 1242 3569 eontextum
1290 3515 1453 3584 hujus
1511 3515 1656 3577 libri,
1709 3525 1768 3569 ut
1820 3517 1905 3570 di-

329 3624 469 3678 gnus
494 3610 778 3671 hahearis,
825 3610 917 3677 qui
981 3608 1236 3676 purgeris
1300 3616 1356 3659 et
1395 3607 1582 3661 videas
1624 3607 1899 3678 angelum,

330 3701 488 3769 cujus
515 3710 876 3767 conspectum
914 3699 1010 3750 tibi
1036 3712 1189 3764 virgo
1208 3694 1425 3750 Cmcilia
1473 3711 1599 3750 cum
1652 3708 1904 3766 prompto

331 3794 500 3845 animi
523 3792 713 3846 studio
732 3802 817 3845 est
842 3790 1108 3859 pollicita.
1143 3788 1301 3842 Tunc
1338 3789 1686 3851 Valerianus,
1709 3790 1905 3845 defixis

338 3885 534 3943 oculis,
570 3884 742 3952 caspit
772 3884 824 3936 in
849 3898 915 3937 eo
936 3882 1140 3952 legere.
1196 3882 1328 3937 Erat
1364 3890 1546 3935 autem
1606 3882 1723 3936 haec
1764 3882 1907 3937 scri-

334 3987 513 4043 ptura,
548 3991 673 4043 quae
698 3984 817 4029 erat
848 3975 900 4027 in
945 3975 1145 4029 tabella
1190 3992 1204 4028 :
1265 3992 1284 4025 ε
1365 3972 1521 4028 Unus
1576 3974 1745 4039 Deus,
1796 3988 1905 4027 una

336 4066 490 4131 fides,
532 4083 705 4121 unum
738 4067 1043 4136 baptisma;
1078 4082 1221 4121 unus
1274 4067 1418 4121 Deus
1471 4073 1528 4119 et
1578 4065 1740 4120 Pater
1786 4081 1904 4120 om-

333 4159 507 4223 nium,
529 4160 625 4227 qui
650 4167 736 4212 cst
759 4172 925 4225 super
945 4156 1150 4221 omnia,
1166 4156 1299 4210 etin
1331 4156 1608 4209 omnibus.
1628 4153 1800 4209 Amen
1825 4155 1899 4211 ⁸.»

412 4247 482 4305 V.
539 4247 836 4315 Postquam
868 4262 998 4318 ergo
1030 4246 1147 4302 hinc
1202 4246 1346 4315 apud
1379 4260 1437 4300 se
1480 4245 1631 4315 legit,
1675 4244 1811 4301 dixit
1854 4244 1906 4300 ei

335 4340 594 4394 sacerdos
624 4355 637 4391 :
666 4337 883 4402 Credis,
906 4337 1005 4403 fili,
1035 4338 1151 4391 haec
1184 4337 1259 4391 ita
1296 4351 1438 4399 esse,
1472 4351 1539 4390 an
1572 4337 1754 4392 adhuc
1802 4339 1908 4393 du-

2010 3156 2243 3211 accessit
2304 3153 2593 3209 Tiburtius
2656 3152 2828 3207 frater
2865 3152 3164 3216 Valeriani,
3192 3161 3248 3207 et
3283 3152 3585 3221 ingressus,

2010 3259 2270 3318 tanquam
2352 3263 2507 3301 suam
2582 3261 2838 3315 sponsam
2933 3246 3213 3300 osculatus
3278 3253 3362 3298 est
3419 3255 3586 3314 caput

2009 3352 2209 3397 sancta:
2251 3340 2502 3404 Caeciliae,
2550 3348 2606 3395 et
2638 3340 2818 3394 dixit:
2854 3338 3020 3393 Valde
3047 3340 3235 3402 miror,
3286 3339 3392 3393 hoc
3449 3347 3587 3392 lem-

2010 3448 2144 3504 pore
2173 3433 2265 3485 hic
2301 3447 2455 3486 rosas
2486 3439 2540 3485 et
2564 3430 2678 3484 lilia
2728 3430 3013 3485 olfaciens.
3073 3428 3211 3483 Nam
3244 3429 3290 3481 si
3326 3427 3473 3497 ipsas
3497 3442 3586 3483 ro-

2009 3539 2097 3579 sas
2144 3533 2199 3577 et
2232 3524 2345 3578 lilia
2381 3532 2625 3577 tenerem
2684 3522 2739 3576 in
2789 3522 3067 3585 manibus,
3109 3535 3177 3574 ne
3224 3521 3305 3574 sic
3357 3520 3582 3587 quidem

2010 3618 2141 3672 mihi
2172 3623 2395 3686 possent
2420 3615 2663 3683 prmbere
2700 3625 2807 3669 tam
2834 3630 3053 3669 suavem
3085 3614 3334 3667 odorem.
3374 3612 3578 3667 Fateor

2009 3713 2185 3769 vobis.
2212 3728 2244 3764 ο
2266 3711 2598 3771 charissimi,
2635 3710 2708 3763 ita
2748 3724 2849 3778 ego
2899 3709 2965 3763 ad
2996 3724 3082 3762 me
3119 3708 3362 3771 redii,ut
3395 3716 3582 3776 putem

2011 3819 2097 3857 me
2123 3812 2294 3856 totum
2326 3810 2554 3870 repente
2607 3815 2728 3855 esse
2775 3811 3121 3855 renovatum.
3158 3799 3302 3854 Dicit
3341 3802 3390 3853 ei
3426 3799 3585 3853 Vale-

2012 3894 2203 3947 rianus
2236 3910 2250 3947 :
2283 3893 2493 3945 Bonum
2519 3892 2745 3945 odorem
2785 3892 3077 3960 accepiSti,
3133 3907 3167 3945 o
3213 3892 3400 3954 frater,
3457 3905 3582 3945 cum

2012 3996 2113 4050 ego
2147 3982 2382 4050 rogarim
2408 3982 2601 4044 Deum,
2654 3990 2713 4033 ut
2740 3981 3043 4050 acciperes.
3097 3980 3174 4034 Te
3225 3990 3407 4034 autem
3465 3982 3580 4050 jam

2014 4072 2290 4134 credente,
2342 4072 2577 4140 accipies
2606 4072 2771 4125 etiam
2825 4070 3265 4125 amaranthinam
3324 4085 3584 4124 coronam

2017 4164 2461 4232 incorruptionis,
2495 4172 2550 4217 et
2574 4163 2741 4216 laetari
2786 4162 2839 4216 in
2898 4164 3011 4231 ipsa
3064 4176 3243 4223 rosea.
3302 4171 3357 4215 et
3402 4169 3589 4214 mente

2015 4265 2140 4307 eum
2171 4250 2478 4319 percipere,
2528 4250 2686 4319 cujus
2720 4249 2774 4303 in
2811 4249 2952 4303 rosis
3001 4247 3226 4318 sanguis
3248 4246 3507 4311 ﬂorescit,
3532 4255 3590 4301 et

2017 4344 2072 4398 in
2107 4343 2238 4399 liliis
2258 4345 2417 4414 cujus
2435 4357 2635 4413 corpus
2660 4341 2904 4397 'albescit
2937 4350 2993 4396 et
3050 4341 3251 4396 anima.
3312 4338 3591 4395 Habemus

335 4432 512 4487 bitas?
559 4432 716 4486 Tunc
791 4431 1117 4486 Valerianus
1178 4428 1437 4485 clamavit
1487 4444 1680 4499 magna
1733 4446 1903 4487 voce:
1940 4428 2157 4491 Denim
2188 4451 2437 4500 coronas,
2480 4450 2618 4505 quas
2651 4435 2729 4489 tui
2780 4434 2922 4489 oculi
2980 4449 3088 4488 non
3140 4440 3372 4503 possunt
3404 4432 3589 4502 perci-

336 4525 451 4579 Non
481 4534 569 4579 est
606 4538 797 4577 revera
838 4522 985 4577 aliud
1032 4522 1136 4578 sub
1198 4522 1360 4585 casio,
1393 4522 1481 4576 cui
1517 4522 1703 4578 verius
1753 4523 1905 4579 credi

336 4618 529 4686 possit.
558 4616 857 4685 Postquam
882 4630 1015 4684 ergo
1062 4615 1177 4669 haec
1234 4613 1373 4668 dixit
1426 4615 1768 4679 Valerianus,
1817 4616 1907 4671 ille

336 4722 504 4765 senex
535 4723 606 4762 ex
636 4708 757 4778 ejus
776 4707 950 4761 oculis
1000 4706 1246 4761 evanuit.
1284 4706 1445 4761 Tune
1483 4715 1705 4763 sanctus
1734 4705 1911 4763 Urba-

332 4816 460 4862 nus.
488 4816 617 4855 cum
649 4815 776 4856 eum
820 4799 1217 4861 admonuisset.
1263 4808 1318 4853 et
1354 4798 1689 4855 catechismo
1747 4799 1909 4853 insti-

331 4895 551 4956 tuisset,
594 4893 1038 4961 baptizaviteum
1077 4892 1132 4946 in
1162 4891 1386 4945 nomine
1450 4891 1629 4945 Patris
1674 4899 1731 4946 et
1788 4891 1909 4945 Filii

329 4993 388 5037 et
425 4986 666 5051 Spiritus
696 4985 891 5046 sancti,
924 4995 980 5038 et
1029 5000 1153 5037 cum
1183 5000 1312 5039 eum
1370 4985 1651 5038 docuisset
1689 4998 1909 5037 omnem

333 5076 582 5145 regulam
610 5075 759 5140 fidei,
792 5076 1001 5130 dimisit
1027 5077 1093 5130 ad
1125 5076 1423 5140 Caeciliam,
1462 5077 1511 5130 ei
1561 5078 1724 5147 jactis
1775 5076 1917 5145 opti-

331 5184 421 5222 me
452 5169 851 5223 fundamentis.
890 5170 1026 5225 Cum
1066 5178 1249 5222 autem
1306 5170 1548 5224 venisset
1598 5167 1920 5223 Valerianus

333 5260 390 5314 in
432 5262 776 5317 indumentis
804 5264 1073 5327 candidis,
1104 5263 1312 5317 invenit
1351 5262 1621 5317 Caeciliam
1666 5272 1914 5315 orantem

332 5354 392 5408 in
430 5355 715 5419 cubiculo,
780 5367 836 5411 et
884 5358 1137 5428 angelum
1190 5356 1407 5411 Domini
1458 5364 1695 5410 stantem
1747 5368 1915 5424 prope

328 5460 479 5510 eam,
530 5447 831 5518 fulgentem
883 5451 1083 5519 pennis
1133 5447 1423 5512 ﬂammeis,
1482 5456 1537 5501 et
1590 5445 1911 5502 scintillanti

326 5538 543 5607 specie,
572 5539 711 5595 duas
736 5555 970 5599 coronas
996 5541 1290 5598 habentem
1340 5538 1397 5596 in
1431 5538 1683 5595 manibus
1734 5536 1910 5592 reful-

411 5722 431 5755 ·
449 5722 651 5797 spites.
678 5741 733 5794 ν,
763 5726 819 5783 6.

2011 4539 2163 4595 pere,
2188 4525 2348 4595 igneo
2376 4539 2513 4578 rosae
2566 4524 2769 4579 rubore
2815 4533 2873 4578 et
2921 4521 3065 4577 nivis
3121 4521 3361 4576 candore
3418 4521 3591 4577 reful~

2012 4626 2225 4687 gentes.
2254 4616 2399 4671 Dicit
2428 4617 2476 4670 ei
2504 4615 2828 4670 Tiburtius:
2864 4615 2921 4670 In
2950 4614 3233 4670 somnisne
3256 4615 3370 4669 haec
3401 4614 3588 4680 audio,

2016 4724 2085 4763 an
2115 4708 2342 4763 veritate
2372 4709 2488 4763 haec
2526 4707 2686 4773 dicis,
2719 4721 2753 4760 ο
2779 4706 2949 4760 frater
2986 4705 3316 4761 Valeriane?
3340 4706 3590 4775 Respon-

2018 4799 2101 4854 dit
2133 4801 2461 4855 Valerianus
2499 4818 2513 4853 :
2551 4799 2609 4853 ln
2675 4799 2883 4853 somnis
2930 4798 3217 4869 hucusque
3269 4800 3526 4863 viximus,
3555 4813 3591 4853 ο

2019 4894 2190 4948 frater
2222 4892 2556 4947 charissime.
2590 4890 2723 4945 Nam
2743 4892 2853 4961 jam
2887 4892 2981 4945 Dei
3045 4892 3215 4959 gratia
3280 4898 3335 4945 et
3391 4892 3591 4943 volun-

2021 4996 2152 5050 tate,
2185 5000 2373 5040 sumus
2407 4985 2459 5037 in
2484 4984 2629 5037 omni
2656 4985 2910 5046 veritate,
2967 4991 3023 5037 et
3062 4998 3170 5036 non
3228 4990 3314 5035 est
3347 4982 3401 5035 in
3430 4983 3593 5035 nobis

2016 5079 2385 5134 mendacium.
2430 5076 2513 5130 Dii
2550 5076 2721 5139 enim,
2752 5091 2891 5145 quos
2955 5076 3241 5142 hucusque
3292 5074 3588 5137 coluimus,

2014 5182 2206 5221 revera
2237 5173 2365 5219 sunt
2418 5164 2545 5217 mali
2582 5163 2861 5216 daemones
2905 5170 2960 5215 et
3021 5158 3312 5213 immundi.
3363 5160 3507 5212 Dicit
3536 5159 3588 5210 ci

2014 5259 2305 5312 Tiburtius
2358 5279 2368 5311 :
2423 5254 2711 5321 Quomodo
2771 5253 2874 5307 hoc
2934 5251 3261 5322 cognovisti,
3308 5265 3342 5303 ο
3383 5247 3593 5301 frater?

2012 5348 2317 5419 Respondit
2365 5347 2734 5400 Valerianus:
2789 5344 3031 5413 Angelus
3081 5342 3176 5396 Dei
3232 5356 3319 5395 me
3380 5339 3589 5405 docuit,

2012 5456 2174 5512 quem
2200 5450 2255 5493 tu
2291 5452 2511 5507 quoque
2574 5434 2784 5505 poteris
2814 5434 3037 5497 intueri,
3068 5434 3113 5487 si
3147 5431 3316 5486 fueris
3350 5428 3593 5485 mundus

2010 5536 2079 5591 ab
2106 5532 2367 5590 omnibus
2393 5526 2649 5585 sordibus
2672 5526 2969 5583 idolorum.
3000 5525 3145 5582 Dicit
3166 5525 3221 5581 ei
3259 5521 3546 5579 Tiburtius
3572 5538 3589 5577 :
