4072 6390
439 222 536 285 161

1675 203 1954 266 MENSIS
1988 199 2423 262 NOVEMBER.

3565 188 3667 253 168

435 333 494 390 Si
530 329 648 387 ﬁeri
680 335 874 400 potest,
896 333 956 380 ut
993 335 1093 393 ego
1119 332 1337 391 quoque
1367 315 1618 385 angelum
1640 313 1735 368 Dei
1761 313 1998 376 intuear,
2035 313 2077 370 Α
2105 320 2162 366 et
2194 311 2322 364 dum
2345 305 2685 363 divinitatem
2721 303 3038 374 quaerimus,
3071 313 3195 372 qua:
3225 301 3358 356 latet
3403 301 3460 356 in
3489 299 3666 367 caelis,

436 437 685 495 quaenam
734 428 816 474 est
866 429 1015 470 mora
1048 408 1485 483 purificationis?
1522 401 2006 474 ResponditValet—

437 493 671 570 rianus:
712 511 906 573 Nulla;
951 507 1059 560 hoc
1093 513 1276 558 autem
1302 501 1477 555 solum
1528 497 1662 552 mihi
1716 493 2000 564 pollicere,

437 603 582 674 quod
616 600 801 654 omnia
825 593 1164 651 exsecranda
1211 600 1268 645 et
1298 587 1666 644 abominanda
1713 581 2006 639 simulacra

437 667 734 761 abnegans,
761 686 965 751 credis,
991 697 1162 738 unum
1192 694 1313 735 esse
1342 679 1513 733 Deum
1569 675 1624 729 in
1658 671 1834 729 cmlis.
1861 667 2007 724 Dioit

439 783 726 839 Tiburtius
756 798 770 834 :
804 779 926 833 Non
956 775 1224 844 intelligo,
1259 784 1498 842 quonam
1533 781 1700 836 scopo
1724 765 1843 819 haec
1867 760 2006 817 mihi

438 875 722 946 proponis.

517 966 630 1022 Vll.
694 963 834 1017 Dicit
888 966 1075 1014 sancta
1127 953 1343 1010 Caecilia
1375 968 1388 1006 :
1424 951 1497 1007 Ut
1548 946 1820 1018 intelligas
1880 958 2007 1002 esse

440 1060 645 1114 formas
671 1065 960 1116 testaceas,
990 1060 1046 1106 et
1073 1063 1320 1120 gypseas,
1348 1052 1404 1099 et
1457 1043 1684 1113 ligneas,
1727 1049 1784 1096 et
1805 1051 2006 1100 aeneas,

441 1160 496 1203 et
528 1146 772 1217 cujusvis
805 1142 1008 1197 metalli
1033 1159 1046 1207 ;
1075 1150 1131 1195 et
1165 1154 1275 1194 non
1296 1137 1443 1191 dicas
1469 1148 1562 1188 eos
1614 1146 1735 1186 esse
1765 1130 1918 1194 deos,
1952 1129 2008 1181 in

443 1240 645 1310 quibus
675 1238 866 1291 vivunt
902 1248 1136 1296 araneae,
1192 1240 1245 1285 et
1297 1229 1551 1283 volucres
1596 1234 1838 1279 stercora
1885 1235 2012 1290 ege-

446 1339 576 1384 runt
605 1347 619 1387 :
656 1330 710 1383 in
751 1342 984 1397 quorum
1015 1323 1285 1394 capitibus
1339 1321 1519 1376 solent
1548 1315 1832 1370 nidiﬁcare
1867 1313 2013 1367 cico—

444 1421 574 1485 nise,
603 1434 742 1490 quos
785 1417 997 1471 faciunt
1055 1412 1424 1475 condemnati,
1489 1408 1707 1479 quando
1772 1401 2012 1460 damnati

446 1522 672 1582 propter
719 1508 988 1562 maleﬁcia
1039 1505 1335 1558 mittuntur
1404 1500 1460 1553 in
1532 1497 1833 1552 metallum.
1875 1494 2012 1550 Cum

446 1600 824 1672 ergo-initium
866 1597 1227 1668 accipiantex
1291 1591 1692 1654 condemnatis,
1737 1585 2013 1658 quomodo

447 1694 752 1750 existimari
785 1696 1016 1760 possunt
1062 1698 1156 1742 aut
1203 1685 1352 1741 credi
1397 1684 1512 1737 dii?
1561 1684 1711 1737 inter
1765 1687 2016 1734 mortuos

447 1786 596 1839 enim
628 1793 684 1838 et
719 1780 1024 1842 simulacra
1057 1778 1205 1830 nulla
1231 1784 1315 1831 est
1341 1773 1671 1828 differentia.
1705 1767 2012 1835 Quomodo,

447 1874 594 1928 enim
625 1881 872 1926 mortuus
912 1869 1076 1923 habet
1106 1867 1327 1935 quidem
1357 1864 1542 1918 omnia
1576 1861 1846 1926 membra,
1903 1859 2017 1928 spi-

450 1965 617 2018 ritum
675 1970 947 2016 autemet
996 1972 1186 2012 vocem
1238 1970 1347 2009 non
1397 1961 1578 2023 potest
1626 1952 1851 2016 habere,
1916 1963 2019 2004 nec

450 2068 700 2119 sensum,
742 2053 818 2106 ita
861 2051 1027 2106 etiam
1089 2050 1205 2103 haec
1246 2062 1381 2102 vana
1433 2045 1744 2108 simulacra,
1792 2044 2018 2097 deorum

450 2147 674 2217 quidem
708 2143 915 2198 habent
938 2141 1181 2204 nomina,
1219 2145 1628 2207 cognoscuntur
1682 2145 1866 2189 autem
1898 2146 2020 2187 esse

451 2235 708 2300 infelicia,
773 2233 1025 2302 malaque
1090 2241 1146 2285 ct
1208 2228 1508 2283 terrestria.
1574 2226 1706 2292 Quae
1797 2223 2017 2294 Quidem

451 2326 820 2382 ostenduntur
849 2337 970 2376 esse
1020 2319 1274 2374 homines
1323 2316 1548 2380 mortui,
1592 2313 1852 2384 quoniam
1895 2319 2022 2366 sunt

451 2422 534 2475 eis
567 2419 732 2474 etiam
765 2415 1032 2478 membra,
1058 2413 1200 2468 sicut
1229 2411 1548 2484 hominum._
1577 2405 1830 2473 Quandiu
1873 2404 2019 2458 enim

452 2513 732 2576 vixerunt,
801 2509 975 2563 oculis
1019 2513 1370 2576 aspexerunt,
1417 2513 1473 2558 et
1523 2501 1752 2558 auribus
1800 2499 2027 2553 audive-

455 2612 610 2668 runt,
643 2613 699 2658 et
721 2600 955 2672 pedibus
995 2599 1368 2661 ambularunt,
1400 2601 1457 2649 et
1482 2609 1580 2649 ore
1601 2591 1768 2648 locuti
1793 2597 1941 2653 sunt,
1969 2596 2026 2643 et

455 2694 709 2749 manibus
733 2692 1115 2761 palpaverunt,
1147 2696 1203 2742 et
1229 2686 1457 2741 naribus
1508 2684 1814 2740 olfecerunt
1847 2699 1861 2736 :
1916 2693 2028 2734 cce-

453 2793 656 2858 perunt
691 2794 871 2839 tamen
934 2797 965 2836 a
1044 2789 1241 2846 morte,
1280 2789 1337 2835 et
1386 2780 1441 2834 in
1488 2784 1722 2832 mortem
1763 2784 2025 2829 mtcrnam

455 2883 800 2949 permanent,
861 2871 1009 2942 quod
1051 2871 1414 2927 ostendantur
1469 2863 1747 2938 nunquam
1799 2863 2022 2928 vixisse,

2047 1649 2086 1706 Β

2107 401 2418 455 incidemus
2449 400 2502 453 in
2535 399 2696 459 iram,
2723 411 2843 466 qua:
2881 394 3200 450 accenditur
3234 393 3290 447 in
3320 399 3484 447 terra.
3525 390 3670 446 Dicit

2105 493 2155 546 ei
2186 502 2374 546 sancta
2401 490 2615 544 Caecilia
2649 505 2663 542 :
2698 487 2755 541 Si
2785 487 2901 540 haec
2929 485 3040 539 vita
3095 494 3240 539 esset
3279 483 3416 547 sola,
3449 490 3508 538 et
3559 496 3668 537 non

2106 589 2250 635 esset
2273 578 2418 644 alia,
2449 579 2575 648 jure
2604 593 2724 646 qua:
2748 576 2840 630 hic
2872 583 3022 640 sunt,
3060 574 3379 628 timeremus
3415 573 3671 643 perdere.

2104 668 2240 723 Cum
2279 675 2464 721 autem
2487 667 2561 720 sit
2586 666 2693 720 alia
2720 659 2852 731 vita,
2887 680 3008 735 qua:
3035 675 3119 719 est
3145 665 3246 718 hac
3278 663 3451 718 multo
3481 664 3674 718 melior

2107 768 2162 814 et
2191 756 2505 822 sublimior,
2537 765 2594 810 et
2627 769 2907 824 nunquam
2941 762 3122 823 potest
3178 753 3347 817 ﬁniri,
3389 767 3488 806 cur
3517 753 3675 806 time:-

2108 865 2231 905 mus
2269 849 2412 903 hanc
2435 847 2690 917 perdere,
2726 845 2947 916 quando
2979 861 3079 915 per
3132 844 3295 915 hujus
3323 845 3673 899 amissionem

2107 941 2176 995 ad
2203 940 2350 994 illam
2377 938 2730 994 accedimus?
2773 937 3079 1008 Respondit
3135 935 3420 990 Tiburtius
3457 954 3470 989 :
3525 936 3678 990 Nun-

2109 1048 2270 1104 quam
2295 1040 2454 1086 antea
2479 1031 2665 1086 audivi
2714 1045 2836 1086 esse
2870 1030 3030 1082 aliam
3061 1028 3248 1094 vitam,
3282 1038 3479 1098 prater
3513 1026 3675 1081 hanc.

2112 1124 2254 1180 Dicit
2283 1123 2333 1178 ei
2373 1122 2591 1178 Caecilia
2625 1139 2638 1175 :
2670 1121 2828 1176 Nunc
2849 1121 2953 1174 hoc
2978 1129 3129 1174 certo
3153 1118 3315 1180 scias,
3353 1133 3386 1172 ο
3420 1116 3680 1172 οιιπίεεὶο

2111 1233 2220 1282 me,
2256 1217 2402 1288 quod
2435 1215 2680 1287 quandiu
2720 1215 2775 1268 in
2828 1213 2933 1267 hoc
2965 1211 3169 1266 mundo
3219 1209 3471 1272 vivimus,
3509 1209 3678 1261 vitam

2109 1311 2434 1367 laboriosam
2461 1317 2518 1365 et
2551 1309 2739 1364 dolore
2765 1307 2978 1377 plenam
3009 1305 3241 1375 agimus,
3262 1303 3314 1356 in
3333 1300 3598 1372 angustiis
3624 1310 3681 1354 ct

2113 1406 2541 1462 afflictionibus:
2591 1401 3037 1473 quandoquidem
3089 1397 3429 1451 inﬂammant
3488 1394 3681 1448 humo-

2115 1516 2226 1564 res,
2288 1499 2544 1552 minuunt
2611 1496 2851 1558 labores,
2913 1491 3070 1546 valde
3149 1489 3425 1545 exsiccant
3479 1486 3678 1548 febres,

2116 1591 2340 1644 rheuma
2369 1587 2591 1643 assidue
2632 1585 2845 1639 inducit
2898 1597 3013 1646 aer,
3072 1579 3180 1634 cibi
3208 1578 3420 1642 inflant,
3455 1577 3682 1630 molesta

2117 1686 2245 1733 sunt
2271 1675 2498 1747 jejunio,
2517 1673 2629 1728 ludi
2651 1672 2976 1731 dissolvunt,
2997 1684 3141 1723 cura:
3161 1667 3536 1729 contrahunt,
3565 1680 3683 1734 per-

2117 1769 2198 1824 dit
2232 1767 2584 1837 negligentia,
2622 1764 2849 1818 .divitiaa
2879 1761 3168 1832 abjieiunt,
3200 1758 3418 1828 expellit
3446 1773 3684 1826 pauper-

2119 1871 2220 1924 tas,
2271 1863 2444 1914 elatos
2495 1856 2679 1912 reddit
2725 1856 3011 1924 juventus,
3084 1853 3334 1906 incurvat
3405 1859 3681 1910 senectus,

2117 1948 2764 2021 deprimitimbecillitas,
2820 1945 3106 2016 perturbat
3152 1944 3255 2010 ira,
3285 1951 3341 1997 et
3371 1942 3514 1996 inter
3568 1939 3685 1994 haec

2119 2044 2300 2100 omnia
2331 2057 2481 2098 mors
2519 2041 2790 2097 exscindit
2835 2057 2958 2096 cum
3007 2040 3193 2105 minis,
3235 2048 3290 2092 et
3339 2039 3419 2093 sic
3457 2037 3685 2107 imponit

2120 2135 2284 2190 ﬁnem
2315 2134 2572 2189 omnibus
2601 2133 2880 2202 corporeis
2938 2132 3162 2198 laetitiis,
3227 2139 3286 2185 ut
3314 2130 3382 2185 ab
3414 2145 3502 2193 eo,
3537 2127 3685 2199 quod

2120 2236 2368 2290 estesse,
2393 2227 2675 2290 recedens,
2711 2241 2780 2280 ne
2823 2225 2992 2280 fuisse
3042 2225 3264 2294 quidem
3299 2233 3540 2292 putetur.
3583 2222 3688 2276 Pro

2123 2320 2296 2375 nihilo
2327 2318 2474 2374 enim
2521 2318 2588 2373 de
2618 2328 2812 2372 caetero
2847 2317 3102 2381 habetur,
3143 2315 3410 2386 quidquid
3443 2329 3552 2368 non
3581 2323 3687 2368 est.

2124 2415 2220 2470 llla
2253 2421 2440 2468 autem
2467 2412 2580 2465 vita
2605 2419 2834 2476 aeterna,
2867 2411 3007 2463 hanc
3037 2409 3201 2462 vitam
3229 2407 3489 2462 caducam
3529 2405 3686 2458 mise-

2125 2517 2352 2572 ramque
2380 2511 2436 2555 et
2467 2500 2688 2555 brevem
2710 2499 3010 2568 excipiens,
3045 2513 3170 2552 cum
3197 2496 3420 2551 aeternis
3447 2494 3692 2550 afﬂictio-

2125 2595 2290 2650 nibus
2319 2601 2376 2648 et
2399 2591 2688 2647 tormentis
2711 2591 2871 2645 datur
2907 2590 3068 2644 malis
3097 2600 3154 2644 et
3201 2589 3422 2657 injustis
3455 2602 3472 2640 :
3503 2585 3692 2641 laetitia

2128 2699 2262 2740 vero
2291 2692 2493 2739 aeterna
2533 2692 2590 2738 et
2613 2682 2903 2739 exsultatio
2928 2681 3204 2753 praebetur
3226 2680 3410 2751 justis.

2198 2773 2292 2829 IX.
2322 2772 2404 2828 Ad
2445 2773 2560 2828 haec
2612 2772 2895 2842 respondit
2951 2773 3264 2834 Tiburtius.
3309 2782 3367 2826 et
3417 2770 3594 2826 dixit:
3626 2769 3694 2824 Et

2128 2871 2252 2940 quis
2278 2877 2381 2936 est,
2409 2870 2504 2939 qui
2535 2870 2647 2925 illic
2684 2870 2812 2936 fuit,
2843 2879 2899 2925 et
2925 2870 3075 2924 illine
3108 2870 3218 2924 huc
3265 2871 3512 2934 veniens,
3575 2868 3693 2922 haec

454 2970 570 3024 vel'
608 2967 849 3038 potuisse
897 2966 1105 3020 vivere.
1167 2963 1323 3016 Tune
1374 2963 1512 3016 dixit
1561 2962 1846 3017 Tiburtius
1899 2976 2023 3017 cum
2049 2988 2098 3048 ε
2131 2961 2311 3030 potuit
2340 2961 2528 3016 nobis
2558 2961 2908 3027 a-nnuntiare,
2961 2970 3023 3016 ut
3081 2961 3220 3016 haec
3251 2963 3523 3030 possimus
3564 2973 3694 3014 vera

457 3057 608 3113 omni
638 3056 1102 3125 compunctione:
1138 3053 1240 3118 Qui
1265 3052 1344 3105 sic
1370 3066 1479 3105 non
1520 3051 1718 3115 credit,
1763 3062 1847 3107 est
1893 3053 2026 3107 bru-

458 3159 598 3214 tum,
625 3158 680 3202 et
707 3164 819 3202 non
869 3146 1022 3201 venit
1075 3145 1130 3198 in
1179 3142 1468 3214 judicium.
1520 3141 1886 3208 Quamobrem
1925 3159 2028 3214 ego

458 3255 680 3310 quoque
707 3239 828 3293 dico
861 3252 988 3291 cum
1020 3234 1170 3291 omni
1216 3235 1474 3302 veritate,
1529 3249 1640 3289 non
1684 3249 1805 3290 esse
1857 3235 2028 3289 alium

459 3333 656 3394 Deum,
685 3329 791 3385 nisi
817 3330 986 3383 Deum
1035 3325 1496 3398 Christianorum,
1541 3333 1598 3380 et
1643 3339 1730 3379 me
1768 3323 2028 3395 deinceps

461 3437 588 3478 eum
625 3421 802 3476 solum
836 3419 1017 3474 colere
1047 3427 1104 3472 et
1163 3416 1417 3473 adorare.
1474 3420 1602 3471 Haec
1651 3431 1778 3470 cum
1822 3415 2030 3471 diceret

463 3512 770 3574 Tiburtius,
808 3521 997 3564 sancta
1033 3507 1250 3563 Cmcilia
1283 3505 1598 3562 deosculata
1637 3516 1717 3561 est
1770 3507 1889 3577 ejus
1935 3521 2031 3576 pe-

462 3614 611 3667 ctus,
639 3611 695 3657 et
751 3601 934 3656 dixit:
995 3600 1206 3655 Revera
1258 3599 1423 3654 hodie
1483 3598 1748 3654 conﬁteor
1805 3609 1857 3654 te
1909 3614 2031 3654 esse

463 3697 624 3767 plane
653 3711 833 3749 meum
887 3692 1136 3749 fratrem.
1186 3690 1471 3759 Qimmodo
1530 3693 1677 3748 enim
1735 3691 1832 3748 Dei
1875 3709 2031 3747 amor

466 3797 622 3844 tuum
683 3788 910 3842 fratrem
973 3772 1288 3840 fecit‘esse
1337 3798 1518 3839 meum
1579 3784 1900 3854 coniugem:
1958 3785 2032 3839 ita

465 3884 629 3938 etiam
678 3882 1099 3937 simulacrorum
1158 3877 1494 3947 contemptio
1559 3877 1688 3932 fecit
1742 3887 1795 3933 te
1848 3893 2030 3933 meum

466 3988 588 4030 esse
633 3973 883 4028 fratrem.
945 3971 1310 4038 Quamobrem
1376 3968 1636 4038 quoniam
1695 3984 1753 4024 es
1808 3977 2034 4038 paratus

469 4066 698 4122 credere
746 4067 802 4120 in
835 4065 1124 4119 Dominum
1171 4071 1422 4117 nostrum
1473 4061 1660 4117 Jesnm
1732 4061 2030 4124 Christum,

469 4156 609 4211 vade
641 4156 752 4210 cito
782 4171 905 4210 cum
940 4164 1036 4210 tuo
1066 4155 1254 4219 fratre,
1293 4164 1354 4208 ut
1387 4155 1561 4224 ipsam
1618 4153 1856 4223 accipias
1885 4153 2034 4222 puri-

469 4248 780 4303 ficationem
827 4261 927 4314 per
964 4255 1209 4300 sanctum
1265 4245 1597 4313 baptismum
1650 4261 1664 4297 :
1722 4258 1821 4313 per
1868 4257 2030 4312 quem

2127 3071 2252 3112 esse
2282 3055 2547 3111 credere?
2575 3054 2730 3109 Tunc
2762 3070 2992 3125 surgens
3012 3055 3171 3111 beata
3219 3053 3455 3120 Caecilia,
3491 3055 3696 3109 consti-

2132 3147 2218 3213 tit,
2257 3157 2462 3203 etcum
2489 3161 2681 3218 magna
2710 3146 2790 3202 sic
2811 3147 2948 3202 dixit
2994 3147 3221 3202 audacia
3253 3145 3426 3202 :Coeli
3454 3154 3510 3201 et
3537 3155 3696 3200 terrae

2128 3248 2187 3293 et
2216 3238 2385 3292 maris
2403 3245 2460 3292 et
2489 3237 2731 3291 omnium
2759 3237 3068 3300 volucrum,
3097 3253 3218 3307 qua:
3248 3237 3433 3290 volant
3462 3238 3517 3290 in
3541 3249 3692 3300 aere,

2127 3327 2656 3399 quadrupedumque
2737 3335 2796 3382 et
2860 3328 3138 3397 reptilium
3187 3326 3436 3392 Creator,
3484 3343 3549 3381 ex
3609 3342 3693 3390 se.

2129 3420 2448 3489 priusquam
2482 3419 2664 3473 omnia
2693 3417 2922 3482 faceret,
2965 3420 3154 3489 genuit
3181 3419 3402 3483 Filium,
3458 3428 3516 3473 et
3568 3433 3698 3488 pro-

2130 3511 2288 3566 duxit
2313 3526 2382 3564 ex
2417 3526 2511 3564 sua
2543 3510 2787 3578 potentia
2839 3510 3104 3580 Spiritum
3142 3520 3390 3566 sanctum
3422 3526 3437 3562 :
3473 3509 3693 3571 Filium,

2133 3611 2194 3656 ut
2221 3601 2426 3658 faceret
2445 3600 2631 3662 omnia
2651 3617 2665 3668 ;
2682 3599 2968 3672 .Spiritum
3013 3612 3284 3669 sanctum,
3313 3601 3697 3659 nuniﬁcaret

2131 3699 2410 3753 universa.
2441 3696 2635 3751 Omnia
2668 3707 2848 3750 autem
2874 3712 2995 3767 quae
3027 3696 3168 3752 facta
3211 3706 3359 3762 sunt,
3391 3697 3698 3751 construxit

2133 3784 2304 3844 Filius
2330 3803 2395 3841 ex
2419 3788 2576 3842 Patre
2595 3787 2833 3858 genitus,
2856 3798 2912 3842 et
2940 3789 3120 3842 omnia
3145 3805 3266 3858 quae
3313 3790 3534 3844 fuerant
3567 3804 3697 3844 con-

2131 3890 2362 3945 structa,
2393 3896 2457 3934 ex
2482 3879 2640 3935 Patre
2672 3882 2975 3950 procedens
3008 3882 3245 3951 Spiritus
3296 3891 3519 3938 sanctus
3573 3883 3693 3936 ani-

2133 3973 2327 4028 mavit.
2359 3971 2576 4026 Dicitei
2600 3971 2883 4027 Tiburtius
2922 3990 2936 4026 :
2977 3972 3272 4044 Hucusque
3323 3975 3529 4030 dictum
3587 3982 3690 4038 est,

2133 4065 2286 4120 credi
2311 4077 2568 4135 oportere
2591 4080 2759 4119 unum
2789 4065 2959 4120 Deum
2989 4081 3110 4121 esse
3132 4067 3187 4121 in
3209 4067 3382 4122 cmlis.
3409 4068 3695 4134 Quomodo

2134 4165 2315 4211 autem
2374 4167 2525 4212 nunc
2582 4168 2692 4212 tres
2751 4159 2969 4213 testaris
3013 4174 3132 4214 esse
3184 4159 3356 4214 deos?
3397 4159 3698 4230 Respondit

2134 4257 2321 4301 sancta
2341 4246 2582 4310 Caecilia,
2605 4257 2659 4302 et
2683 4249 2821 4302 dixit
2855 4268 2868 4303 :
2901 4249 3050 4312 Unus
3073 4258 3157 4303 est
3197 4249 3338 4304 Deus
3379 4251 3428 4303 in
3454 4266 3553 4306 sua
3579 4252 3697 4306 vir-

466 4341 632 4395 etiam
663 4338 861 4408 dignus
897 4337 1190 4392 habeberis
1219 4339 1492 4406 angelicas
1522 4349 1784 4405 personas
1805 4333 2028 4400 intueri,
2063 4330 2106 4385 D
2138 4345 2272 4402 tute,
2300 4352 2463 4406 quem
2497 4338 2576 4393 sic
2629 4339 2684 4392 in
2714 4349 2899 4392 sancta
2934 4339 3201 4394 Trinitate
3235 4340 3521 4410 partimur,
3559 4359 3699 4414 quo.

469 4439 528 4486 et
550 4428 794 4484 omnium
821 4427 1153 4482 delictorum
1185 4437 1407 4482 tuorum
1428 4427 1646 4481 veniam
1683 4425 1954 4481 invenire.

539 4520 674 4577 Vill.
701 4519 855 4575 Tune
881 4520 1014 4574 dicit
1049 4518 1204 4572 fratri
1251 4533 1354 4574 suo
1380 4518 1710 4573 Tiburtius:
1744 4519 1895 4587 Rogo
1951 4527 2026 4584 te,

469 4611 662 4676 frater,
700 4620 762 4666 ut
793 4609 928 4664 mihi
965 4609 1138 4674 dicas,
1173 4609 1239 4663 ad
1270 4624 1433 4678 quem
1474 4623 1560 4662 me
1585 4623 1648 4663 es
1671 4607 2027 4663 deducturus.

475 4701 795 4757 Valerianus
826 4700 1152 4770 respondit:
1197 4699 1277 4754 Ad
1334 4699 1516 4754 v‘irum
1563 4701 1894 4769 perfectum,
1935 4714 2033 4754 no-

469 4793 617 4848 mine
652 4792 953 4858 Urbanum,
988 4791 1042 4846 in
1063 4806 1172 4862 quo
1195 4803 1279 4846 est
1313 4792 1523 4860 species
1547 4793 1812 4861 angelica,
1837 4799 2030 4846 ornata

471 4882 693 4947 canitie,
717 4897 883 4938 verus
908 4897 1110 4947 sermo,
1150 4891 1205 4937 et
1255 4882 1483 4952 insignis
1525 4881 1835 4951 prudentia.
1888 4882 2032 4937 Dicit

468 4975 519 5029 ei
555 4972 840 5028 Tiburtius
889 4989 903 5026 :
959 4972 1040 5026 Tu
1087 4972 1242 5026 illum
1302 4971 1440 5026 dicis
1499 4969 1802 5038 Urbanum,
1865 4988 2028 5042 quem

467 5063 970 5120 Cbristianidicunt
1004 5078 1124 5119 esse
1156 5077 1314 5118 suum
1342 5064 1574 5132 papam?
1597 5064 1736 5117 Eum
1767 5063 1930 5118 audio
1948 5063 2032 5118 bis

465 5157 576 5228 jam
606 5155 775 5212 fuisse
799 5156 1245 5218 condemnatum,
1292 5163 1349 5209 et
1406 5171 1597 5210 rursus
1649 5164 1872 5226 prepter
1907 5171 2028 5212 eam

469 5246 650 5316 ipsum
678 5248 971 5314 actionem,
1030 5255 1254 5318 propter
1290 5261 1453 5316 quam
1485 5246 1588 5301 fuit
1614 5248 2027 5315 condemnatus,

467 5351 623 5393 suam
678 5341 998 5412 religionem
1050 5355 1175 5395 cum
1223 5348 1374 5395 metu
1432 5340 1668 5395 latenter
1707 5341 2026 5411 praedicare.

467 5425 608 5484 Eum
661 5431 707 5483 si
771 5432 1063 5502 contigerit
1111 5431 1368 5497 inveniri,
1438 5433 1574 5488 citra
1628 5433 2028 5488 dubitationem

469 5518 637 5573 ullam
673 5519 784 5591 igni
836 5523 1208 5589 mandabitur,
1261 5531 1317 5579 et
1369 5540 1470 5580 nos
1521 5541 1739 5596 quoque
1793 5541 1919 5580 cum
1961 5540 2028 5580 co

469 5607 783 5682 puniemur,
808 5613 853 5668 si
891 5613 1096 5670 inventi
1128 5613 1396 5672 fuerimus
1418 5616 1483 5672 ad
1501 5631 1628 5672 eum
1651 5615 2025 5680 ambulantes;
2085 5611 2093 5646 ‘
2133 5635 2252 5676 esse
2278 5619 2523 5676 locutum

2134 4431 2297 4485 modo
2335 4429 2391 4484 in
2420 4444 2529 4483 uno
2553 4429 2770 4483 homine
2800 4428 2980 4484 inesse
3008 4429 3242 4488 dicimus
3274 4441 3469 4499 artem,
3492 4449 3697 4490 memo-

2134 4521 2294 4587 riam,
2325 4529 2382 4574 et
2405 4518 2863 4588 intelligentiam;
2913 4521 3173 4589 quoniam
3216 4533 3332 4578 arte
3363 4523 3693 4592 invenimus,

2133 4610 2189 4666 id
2228 4612 2377 4680 quod
2405 4626 2514 4664 non
2543 4608 2877 4675 didicimus;
2931 4613 3196 4668 memoria
3243 4623 3300 4670 et
3337 4616 3694 4688 intelligentia

2132 4703 2673 4774 comprehendimus,
2696 4703 2741 4757 si
2767 4703 2898 4773 quid
2930 4718 3031 4758 nos
3064 4720 3302 4775 unquam
3336 4710 3693 4779 contemplari

2133 4794 2426 4864 contigerit
2477 4803 2575 4848 aut
2630 4795 2846 4850 audire.
2892 4796 3164 4862 Quidnam
3203 4812 3333 4868 ergo
3395 4797 3695 4855 faciemus?

2131 4887 2274 4941 Num
2306 4887 2420 4940 haec
2447 4886 2550 4940 tria
2577 4887 2631 4941 in
2656 4887 2877 4942 homine
2900 4905 3004 4942 una
3024 4890 3268 4959 possidet
3295 4891 3695 4963 intelligentia?

2134 4977 2192 5033 Si
2219 4994 2348 5049 ergo
2376 4979 2541 5034 homo
2575 4980 2631 5034 in
2676 4995 2783 5034 una
2822 4981 3174 5052 intelligentia
3223 4983 3466 5053 possidet
3496 5001 3692 5040 nomen

2134 5072 2300 5126 trium
2331 5070 2783 5142 signiﬁcatorum,
2812 5072 3088 5140 quomodo
3121 5088 3234 5127 non
3262 5073 3404 5129 Deus
3446 5076 3696 5145 omnipo-

2133 5171 2276 5227 tens,
2345 5163 2401 5217 in
2449 5179 2556 5218 una
2609 5172 2664 5219 et
2711 5163 2899 5218 eadem
2961 5163 3250 5219 divinitate
3329 5167 3437 5222 vim
3481 5168 3699 5224 obtinet

2133 5254 2457 5309 Trinitatis?
2485 5254 2639 5308 Tunc
2665 5255 2972 5319 Tiburtius,
3017 5271 3142 5311 cum
3201 5258 3255 5311 in
3301 5267 3500 5313 terram
3557 5263 3698 5316 oeci.

2132 5342 2764 5411 disset,cmpitclamare
2793 5352 2851 5396 et
2877 5343 3102 5398 dicere:
3149 5345 3378 5410 Revera,
3427 5362 3460 5400 ο
3511 5349 3696 5402 chari-

2131 5433 2288 5495 sima,
2330 5448 2436 5486 non
2509 5434 2644 5489 mihi
2728 5433 2948 5489 videtur
3019 5436 3200 5507 lingua
3267 5438 3696 5498 humana'dare

2133 5540 2479 5594 responsum,
2502 5525 2599 5581 sed
2633 5526 2867 5598 conjicio
2917 5527 3009 5583 Dei
3039 5529 3290 5600 angelum
3330 5547 3428 5600 per
3452 5547 3516 5588 os
3542 5542 3696 5590 tuun‘.

2574 5635 2591 5675 :
2636 5627 2690 5678 et
2727 5635 2948 5693 magnas
2987 5622 3097 5692 egit
3136 5622 3361 5693 gratias,
3395 5625 3540 5696 quod
3583 5626 3692 5682 cito
