4060 6374
366 349 477 416 169

1531 346 1706 406 VITA
1739 346 1796 405 S.
1832 346 2168 406 C.‘l‘ZCII.I:E
2207 348 2297 407 ET
2338 349 2492 409 SOC.

3506 356 3608 420 170

363 477 539 520 unum
565 471 687 516 esse
745 457 916 512 Deum
980 457 1034 510 in
1098 457 1272 511 tritius
1332 455 1602 524 persmiis,
1649 455 1699 509 ei
1755 464 1941 526 aperte
1971 457 2015 516 Α
2042 456 2278 520 derunt,
2311 467 2572 514 vocantes
2611 475 2734 514 eum
2783 474 2998 532 magum
3041 467 3095 514 ct
3127 461 3353 532 impium
3388 478 3402 517 :
3439 474 3494 518 et
3522 481 3612 520 se-

359 553 710 625 probaverlt.
1736 630 1744 634 ι

434 645 503 700 Χ.
539 644 854 698 Conversus
894 640 1079 709 itaque
1135 640 1201 694 ad
1257 639 1479 694 fratrem
1534 655 1694 694 suum
1752 639 1934 693 dixit:

357 737 440 790 De
473 751 582 789 uno
621 735 730 788 Deo
762 732 893 786 mihi
930 731 1097 786 fuisse
1149 730 1480 789 satisfactum
1527 731 1811 796 confiteor,
1842 731 1938 785 sed

357 842 540 879 meam
571 825 957 894 quaestionem,
1014 825 1157 877 sicut
1213 823 1367 892 prius
1421 822 1752 892 inceperam,
1823 823 1940 878 vel-

358 917 472 971 lem
505 917 670 970 scire.
709 914 855 968 Dixit
910 925 1094 968 sancta
1124 914 1339 970 Czecilia
1401 933 1413 970 :
1465 914 1537 969 De
1593 930 1656 968 ea
1722 929 1936 968 mecum

359 1010 610 1076 lnquere,
640 1006 897 1074 quoniam
932 1005 1172 1060 brevitas
1199 1007 1466 1075 temporis
1494 1013 1578 1060 est
1636 1005 1791 1059 fratri
1843 1015 1936 1060 tuo

359 1097 784 1166 impedimento,
839 1096 1133 1166 quominus
1183 1095 1375 1150 reddat
1457 1111 1799 1165 reSponsum.
1855 1095 1936 1149 Me

359 1198 568 1247 autem,
597 1201 764 1255 quam
805 1186 1008 1241 Christi
1071 1187 1342 1256 sapientia
1389 1187 1580 1241 docuit
1645 1202 1675 1241 a
1735 1185 1937 1240 teneris

357 1279 694 1347 unguiculis,
723 1278 790 1332 de
831 1294 1160 1348 quacunque
1208 1295 1267 1334 re
1311 1294 1398 1334 me
1430 1279 1672 1334 volueris
1703 1279 1936 1333 interro—

354 1383 507 1435 gare,
548 1382 662 1420 non
719 1369 932 1436 poteris
977 1367 1232 1423 invenire
1287 1370 1630 1440 imparatam.
1688 1369 1830 1423 Dicit
1883 1369 1933 1423 ci

357 1456 690 1511 Tiburtius:
730 1454 844 1512 Hoc
888 1475 1065 1527 nuper
1107 1460 1357 1528 qua-sivi,
1408 1471 1463 1515 et
1509 1476 1656 1514 nunc
1713 1473 1933 1529 quoque

355 1564 545 1618 quxro
574 1566 588 1602 :
616 1549 883 1614 Quisnam
917 1565 983 1603 ex
1014 1550 1082 1604 iis
1112 1552 1204 1619 qui
1233 1551 1344 1606 illic
1377 1560 1527 1614 sunt,
1555 1552 1661 1605 huc
1684 1551 1929 1612 veniens,

353 1641 597 1695 ostendit
624 1628 784 1694 nobis
815 1642 976 1695 aliam
1018 1642 1204 1707 vitam,
1239 1659 1400 1712 quam
1442 1660 1539 1698 vos
1587 1642 1932 1712 praedicatis?

356 1731 557 1787 Sancta
589 1733 728 1788 dixit
771 1733 1032 1789 Czecilia:
1102 1735 1455 1806 Unigenitum
1517 1752 1672 1790 suum
1730 1735 1925 1789 Filium

354 1822 516 1878 Pater
579 1840 680 1894 per
734 1835 981 1880 sanctam
1049 1825 1328 1895 Virginem
1397 1826 1616 1880 Mariam
1678 1827 1823 1880 misit
1875 1827 1930 1878 in

355 1927 579 1980 terram,
609 1917 704 1987 qui
732 1927 882 1974 stans
938 1919 994 1972 in
1050 1927 1240 1973 s'ancto
1294 1929 1501 1984 monte,
1555 1935 1748 1987 magna
1801 1933 1931 1973 voce

351 2007 629 2071 clamavit,
654 2007 884 2065 dicens:
934 2008 1129 2063 Venite
1167 2008 1232 2062 ad
1263 2024 1370 2074 me,
1409 2023 1599 2063 omnes
1634 2009 1844 2078 populi,
1877 2019 1932 2063 et

349 2113 450 2168 ego
485 2100 629 2153 dabo
668 2100 822 2154 vobis
844 2100 1014 2154 vitam
1045 2111 1328 2154 :etcrnam.
1385 2118 1404 2151 ›
1434 2098 1727 2153 Concurrit
1748 2107 1929 2152 autem

353 2191 420 2242 ad
474 2206 602 2244 eum
657 2191 834 2244 onmis
888 2206 1046 2254 caro,
1096 2191 1278 2244 omnis
1338 2199 1490 2254 tetas,
1545 2204 1707 2243 omne
1760 2203 1931 2259 genus

357 2283 669 2338 hominum.
696 2282 849 2336 Tunc
878 2282 1019 2336 dixit
1074 2283 1330 2338 omnibus
1386 2299 1400 2335 :
1473 2299 1492 2332 ι
1542 2281 1928 2336 Ptenitentiam

353 2375 496 2444 agite
585 2383 810 2444 propter
875 2383 1114 2429 vestram
1183 2374 1547 2445 ignorantiam
1600 2392 1613 2428 :
1671 2373 1929 2442 quoniam

352 2467 816 2535 appropinquavit
875 2481 1104 2537 regnum
1139 2466 1257 2532 Dei,
1292 2465 1439 2535 quod
1494 2465 1647 2520 tollet
1701 2481 1928 2535 regnum

353 2557 639 2611 hominum
672 2557 752 2611 ³.»
789 2557 961 2612 Suum
987 2566 1169 2612 autem
1230 2573 1459 2628 regnum
1492 2557 1609 2610 vult
1656 2556 1800 2610 Deus
1850 2555 1931 2610 di-

350 2648 538 2702 videre
566 2648 634 2701 iis
657 2649 749 2718 qui
771 2649 1026 2711 credunt,
1055 2649 1110 2703 in
1134 2665 1244 2718 quo
1263 2650 1351 2704 ille
1377 2649 1592 2704 exsistit
1614 2648 1923 2704 sublimior.

349 2739 464 2793 Illic
516 2755 653 2810 ergo
717 2749 1038 2808 peccatores
1100 2741 1326 2810 quidem
1395 2741 1926 2796 consummabuntur

345 2831 568 2884 :eternis
599 2830 906 2895 doloribus,
941 2841 998 2886 et
1031 2832 1179 2902 igne,
1208 2833 1302 2902 qui
1353 2847 1634 2902 nunquam
1664 2832 1928 2887 termina-

349 2921 495 2976 bitur
523 2923 695 2992 :justi
740 2935 924 2978 autem
959 2925 1238 2994 accipient
1271 2925 1448 2979 lucem
1475 2935 1694 2980 aeternae
1739 2925 1928 2994 gloriae

346 3023 399 3068 et
422 3015 638 3084 gaudii,
670 3031 794 3084 qua:
819 3016 1032 3070 nullum
1057 3032 1302 3086 unquam
1353 3019 1516 3072 linem
1573 3019 1794 3087 accipit.
1851 3018 1925 3074 De

342 3116 540 3161 caetero
568 3107 762 3172 nolite,
793 3124 826 3162 ο
857 3108 954 3162 ﬁlii
981 3109 1292 3176 hominum,
1336 3109 1506 3181 hujus
1549 3112 1674 3166 vita:
1708 3111 1926 3181 fugien-
1950 3133 1995 3190 ρ

347 3209 452 3253 tem
508 3215 763 3269 quaerere
813 3200 1084 3265 laetitiam,
1153 3211 1214 3256 ut
1277 3201 1520 3256 laetitiam
1599 3203 1747 3259 illius
1802 3203 1926 3258 vitae

345 3301 608 3346 aeternam
639 3292 987 3362 possideatis,
1031 3309 1150 3363 quae
1194 3294 1336 3349 hanc
1389 3295 1556 3349 vitam
1597 3295 1818 3364 excipit.
1867 3296 1923 3350 In

347 3382 442 3436 hac
472 3385 625 3438 enim
659 3385 768 3438 vita
793 3385 963 3440 breve
993 3394 1209 3456 tempus
1257 3385 1481 3451 vivitis;
1536 3387 1590 3440 in
1643 3386 1734 3440 illa
1771 3400 1920 3452 vero,

343 3473 395 3527 in
411 3488 578 3529 omne
595 3490 794 3530 aevum.

408 3565 501 3620 XI.
557 3568 696 3621 Cum
742 3567 859 3622 haac
907 3577 1090 3622 autem
1136 3567 1442 3622 audiissent
1491 3583 1684 3623 omnes
1731 3569 1920 3637 populi

344 3654 617 3720 inﬁdeles,
653 3671 761 3710 una
795 3671 930 3711 voce
960 3657 1240 3710 dixerunt:
1277 3657 1344 3710 Et
1370 3656 1496 3725 quis
1529 3656 1644 3710 illic
1689 3657 1824 3723 fuit,
1865 3665 1921 3711 et

342 3762 464 3802 cum
495 3748 652 3802 illinc
697 3748 806 3802 huc
832 3749 1097 3812 venisset,
1129 3748 1307 3818 potuit
1353 3748 1554 3803 docere
1602 3763 1731 3803 vera
1776 3764 1916 3814 esse,

343 3855 457 3910 qua:
485 3840 668 3894 dicis?
694 3841 848 3896 Tunc
875 3841 972 3896 Dei
1005 3841 1180 3896 Filius
1218 3841 1356 3896 dixit
1390 3841 1474 3896 eis
1504 3840 1594 3896 :Si
1627 3842 1921 3897 ostendero

342 3932 495 3986 vobis
521 3931 831 3987 surrexisse
859 3945 1129 3998 mortuos,
1156 3949 1267 3988 non
1298 3933 1526 3989 creditis
1561 3935 1824 3990 veritati?
1852 3936 1921 3992 Ut

344 4030 525 4076 autem
554 4021 926 4076 dubitationis
957 4031 1014 4077 et
1039 4023 1377 4093 suspicionis
1407 4023 1618 4078 nullum
1663 4039 1917 4079 remane-

344 4125 422 4170 ret
445 4115 764 4185 vestigium,
813 4129 938 4169 cum
971 4115 1190 4184 populis
1242 4113 1525 4184 profectus
1573 4123 1659 4170 est
1708 4115 1775 4169 ad
1830 4131 1918 4170 se-

344 4207 555 4275 pulcra,
589 4217 648 4260 et
690 4206 963 4261 triduanis
997 4215 1054 4260 et
1083 4206 1465 4275 quatriduanis
1491 4215 1546 4260 et
1582 4207 1693 4277 jam
1721 4206 1916 4261 faeten-

345 4297 486 4350 tibus
540 4299 800 4360 mortuis,
851 4312 1012 4363 quam
1071 4299 1371 4351 amiserant
1415 4299 1624 4363 vitam,
1680 4305 1740 4350 ut
1775 4298 1918 4352 Deus

345 4387 600 4442 reddidit.
631 4387 962 4443 'I‘ransntisit
994 4403 1160 4452 mare,
1198 4404 1366 4457 super
1389 4391 1588 4443 ﬂuctus
1632 4389 1916 4444 ambulans

2041 548 2303 604 ditionem
2333 553 2640 605 excitarunt
2681 553 2734 606 in
2765 553 2983 621 populo,
3018 561 3078 606 ut
3118 568 3244 608 eum
3303 556 3448 609 cruci
3498 555 3612 611 alli-

2040 650 2247 707 gerent.
2306 640 2417 695 IIoc
2481 653 2662 695 autem
2725 644 2814 698 ille
2868 646 3202 712 praesciens,
3261 662 3362 715 pro
3417 649 3610 704 mundi

2041 731 2215 783 salute
2258 733 2506 799 permisit
2557 747 2614 786 sc
2665 733 3002 802 apprehendi
3057 745 3113 790 et
3159 737 3338 802 illudi,
3395 739 3610 810 injuriis

2040 820 2197 885 allici,
2227 821 2406 892 ﬂagris
2437 823 2567 876 credi
2596 833 2651 878 et
2685 825 2881 879 occidi.
2919 826 3138 882 Sciebat
3171 829 3317 883 enim
3355 839 3416 884 ut
3442 831 3607 897 Deus,

2039 912 2184 980 quod
2217 929 2322 966 non
2355 914 2515 967 aliter
2541 915 2642 968 nisi
2677 929 2775 984 per
2804 917 3098 984 pretiosam
3129 927 3186 972 et
3227 921 3609 976 intemeratam

2039 1015 2192 1054 suam
2225 1001 2552 1068 passionem,
2579 1010 2725 1056 esset
2754 1005 3030 1072 captivum
3061 1004 3382 1060 redditurus
3413 1007 3610 1061 diabo-

2039 1091 2179 1155 lum,
2220 1093 2487 1161 maliSque
2525 1103 2580 1148 et
2623 1094 2922 1149 immundis
2961 1095 3252 1165 spiritibus
3307 1098 3476 1153 malas
3521 1099 3610 1152 in.

2036 1180 2199 1235 ferret
2228 1197 2436 1251 poenas.

2107 1272 2222 1326 XII.
2259 1275 2557 1344 Propterea
2588 1291 2718 1346 ergo
2747 1275 2838 1330 ille
2875 1277 2977 1332 fuit
3023 1279 3486 1349 comprehensus,
3515 1283 3609 1351 qui

2035 1372 2319 1432 peccatum
2356 1382 2463 1420 non
2509 1367 2672 1430 fecit,
2723 1378 2784 1421 ut
2830 1368 3160 1424 liberaretur
3199 1387 3373 1440 genus
3416 1373 3608 1429 huma-

2036 1471 2189 1518 num,
2223 1458 2373 1524 quod
2398 1457 2751 1514 detinebatur
2774 1462 3016 1514 vinctum
3049 1461 3102 1515 in
3128 1462 3350 1517 vinculo
3375 1468 3608 1534 peccati.

2034 1544 2134 1609 Qui
2171 1554 2253 1599 est
2299 1545 2648 1612 benedictus,
2697 1549 2801 1604 fuit
2843 1550 2945 1604 sub
2981 1552 3271 1607 maledicto
3327 1564 3384 1607 ut
3434 1571 3534 1610 nos
3579 1572 3609 1609 a

2035 1634 2326 1690 maledicto
2372 1637 2672 1705 eximeret;
2732 1639 2996 1694 sustinuit
3047 1641 3370 1708 illusiones,
3415 1654 3474 1698 ut
3507 1660 3610 1700 nos

2035 1725 2296 1780 liberaret
2337 1728 2405 1782 ab
2433 1729 2688 1784 illusione
2735 1731 3065 1797 daimonum,
3099 1734 3191 1802 qui
3226 1743 3516 1788 versantur
3552 1735 3607 1789 in

1966 1796 2003 1848 Β
2034 1817 2141 1871 hoc
2174 1819 2396 1873 mundo.
2439 1820 2695 1889 Spincam
2743 1838 3000 1878 coronam
3042 1825 3256 1894 accepit
3298 1825 3355 1880 in
3405 1827 3604 1897 capite,

2034 1922 2092 1964 tit
2130 1913 2419 1980 capitalem
2475 1914 2690 1968 tolleret
2742 1916 3114 1981 sententiam,
3143 1933 3267 1987 qum
3309 1933 3376 1973 ex
3431 1918 3608 1988 spinis

2032 2013 2385 2071 peccatorum
2427 2004 2480 2058 in
2529 2019 2630 2058 nos
2676 2005 2786 2059 lata
2819 2006 3019 2061 fuerat.
3059 2008 3152 2062 Fel
3200 2010 3253 2062 in
3294 2009 3419 2062 cibo
3447 2022 3605 2064 acce-

2031 2094 2132 2162 pit,
2162 2100 2221 2147 ut
2250 2094 2463 2149 dulcem
2493 2097 2656 2166 primi
2703 2097 2942 2153 hominis
2971 2108 3226 2168 gustum,
3263 2100 3410 2154 unde
3460 2116 3608 2154 mors

2032 2185 2088 2238 in
2127 2185 2393 2239 mundum
2440 2187 2544 2241 fuit
2600 2187 2877 2257 ingressa,
2930 2199 3316 2245 commutaret.
3378 2191 3606 2247 I’otatus

2031 2287 2115 2332 est
2169 2289 2362 2344 aceto,
2416 2288 2477 2332 ut
2528 2280 2923 2343 acrimoniam,
2986 2297 3093 2351 qua
3139 2290 3328 2336 noster
3381 2286 3607 2354 sanguis

2002 2369 2267 2435 "ebulliit,
2320 2371 2374 2425 in
2417 2386 2473 2426 se
2506 2372 2832 2441 susciperet,
2883 2381 2938 2426 et
2990 2374 3136 2429 hunc
3188 2376 3330 2430 bibit
3383 2377 3606 2432 calicem

2031 2462 2338 2530 passionis,
2391 2464 2482 2532 qui
2534 2464 2738 2518 uestris
2784 2463 3089 2520 debebatur
3139 2467 3306 2522 vitiis.
3359 2469 3610 2525 Nudatus

2029 2563 2152 2617 cst,
2210 2565 2268 2610 ut
2325 2547 2641 2612 nostrorum
2695 2566 2984 2626 parentum
3040 2560 3383 2625 nuditatem,
3440 2579 3604 2632 quam

2031 2648 2174 2717 passi
2215 2658 2344 2702 sunt
2375 2649 2606 2702 consilio
2630 2649 2936 2718 serpentis,
2983 2650 3158 2707 niveis
3193 2661 3402 2723 tegeret
3441 2656 3607 2709 indu-

2031 2738 2249 2793 mentis.
2286 2739 2345 2792 In
2383 2739 2530 2809 ligno
2561 2739 2666 2794 fuit
2696 2756 3020 2810 suspensus,
3051 2752 3111 2796 ut
3134 2744 3265 2814 ligni
3299 2753 3607 2816 transgres-

2030 2827 2272 2891 sionem,
2303 2842 2399 2896 per
2429 2828 2739 2897 passionem
2782 2829 2912 2897 ligni
2948 2829 3133 2883 crucis
3181 2845 3293 2884 suae
3339 2831 3602 2886 aboleret.

2030 2915 2260 2969 Mortem
2296 2917 2360 2970 ad
2392 2931 2448 2970 se
2487 2917 2676 2972 venire
2703 2917 2946 2982 admisit,
2982 2928 3044 2972 ut
3082 2934 3268 2974 secum
3304 2920 3602 2977 luctantem

2031 3009 2328 3074 sauciaret,
2356 3019 2411 3064 et
2449 3024 2678 3079 regnum
2709 3009 2856 3080 quod
2885 3009 3096 3064 invenit
3125 3026 3224 3080 per
3249 3021 3558 3080 serpentem
3587 3053 3602 3073 ,

2031 3102 2348 3167 amitteret,
2405 3111 2462 3157 et
2509 3117 2634 3156 cum
2690 3101 2810 3171 ipso
2861 3111 3116 3171 serpente
3174 3102 3449 3167 sauciata,
3507 3119 3605 3173 per

2027 3195 2308 3248 Christum
2361 3194 2517 3250 ﬁeret
2568 3191 2804 3263 captiva.
2859 3193 3226 3259 Quamobrem
3261 3193 3445 3248 omnia
3487 3194 3603 3249 cle-

2028 3299 2214 3341 menta
2263 3302 2388 3342 cum
2438 3287 2707 3341 vidissent
2758 3302 2918 3342 suum
2963 3286 3283 3342 effectorem
3344 3288 3602 3354 sublime,

2026 3389 2210 3433 actum
2267 3381 2320 3432 in
2370 3393 2620 3440 crucem,
2663 3393 2860 3448 magno
2923 3389 3071 3434 metu
3124 3386 3596 3434 contremuerunt.

2025 3471 2158 3524 Nam
2210 3485 2275 3522 cx
2335 3484 2440 3524 una
2477 3477 2632 3537 parte
2685 3480 2832 3524 mota
2883 3478 2970 3524 est
3026 3478 3191 3533 terra.
3244 3481 3300 3524 et
3333 3486 3401 3526 ex
3431 3472 3598 3526 altera

2025 3559 2198 3612 fracta
2245 3567 2372 3613 sunt
2418 3560 2618 3628 templa
2669 3569 2724 3613 et
2769 3571 2970 3628 petrae,
3006 3560 3142 3629 fugit
3186 3559 3339 3626 dies;
3373 3563 3454 3616 sol
3495 3562 3600 3615 fuit

2024 3648 2375 3717 conterritus,
2419 3661 2473 3706 et
2525 3652 2853 3707 obscuratus
2901 3653 3034 3706 texit
3089 3654 3332 3708 tenebris
3378 3656 3600 3710 univcr-

2023 3758 2142 3798 sum
2176 3735 2496 3807 mundum:
2532 3744 2661 3798 luna
2707 3760 2818 3798 suae
2860 3744 2998 3800 lucis
3049 3745 3396 3814 splendorem
3447 3748 3594 3802 nube

2021 3841 2254 3886 cruenta
2302 3833 2548 3901 operuit;
2595 3844 2740 3889 astra
2789 3835 2912 3889 (ξωιί
2974 3834 3098 3888 luce
3150 3836 3594 3904 resplendentia,

2021 3925 2201 3983 omnia
2234 3925 2396 3979 simul
2447 3934 2575 3979 sunt
2617 3933 2845 3979 mutata.
2883 3925 3092 3980 Stridet
3119 3935 3281 3990 terra,
3337 3936 3392 3983 et
3425 3929 3593 3982 veluti

2021 4018 2242 4087 pariens
2268 4058 2281 4080 ,
2312 4015 2479 4084 coepit
2523 4017 2724 4070 multos
2757 4025 2977 4071 sanctos
3007 4016 3240 4071 reddere
3291 4033 3357 4072 ex
3410 4020 3596 4088 sepul-

2020 4109 2130 4164 cris
2162 4128 2174 4162 :
2210 4111 2304 4178 qui
2353 4109 2575 4178 quidem
2631 4109 2736 4164 hoc
2783 4109 2983 4162 dabant
3016 4109 3415 4176 testimonium,
3444 4113 3592 4181 quod

2021 4199 2327 4253 Servatoris
2361 4201 2660 4254 descensus
2703 4199 2771 4254 ad
2821 4198 3024 4253 inferos
3066 4199 3316 4254 dissolvit
3363 4217 3593 4272 regnum

2019 4291 2242 4364 diaboli,
2273 4298 2328 4344 et
2360 4299 2610 4346 mortuus
2658 4299 2890 4345 mortem
2937 4290 3120 4345 affecit
3165 4291 3500 4362 ignominia,
3536 4308 3594 4351 et

2020 4398 2334 4452 percussam
2365 4382 2575 4447 vinxit,
2630 4391 2686 4437 et
2729 4383 2964 4452 subjecit
3016 4382 3250 4452 pedibus
3301 4400 3589 4442 servorum

345 4491 448 4530 non
482 4477 807 4532 madefactis
844 4478 1096 4548 pedibus.
1143 4479 1451 4550 Imperabat
1498 4480 1697 4545 ventis,
1751 4483 1913 4536 easti-
1951 4468 1992 4520 ί)
2019 4492 2266 4530 suorum.
2302 4475 2457 4529 Illinc
2494 4475 2700 4530 clarum
2738 4483 2842 4539 est,
2885 4475 3030 4545 quod
3065 4491 3166 4544 pro
3203 4478 3425 4532 nomine
3471 4478 3590 4548 ejus

345 4569 498 4636 gabat
526 4568 762 4634 ﬂuctus,
795 4579 850 4623 et
893 4584 1013 4640 qua:
1041 4570 1426 4626 excitabantur
1478 4579 1831 4640 tempestates
1860 4582 1917 4627 et

349 4659 613 4713 tumultus
677 4659 926 4714 scdabat.
975 4659 1146 4716 Ctecis
1179 4661 1356 4715 visum
1392 4661 1701 4726 reddebat,
1734 4662 1917 4716 aridas

349 4763 535 4804 manus
564 4750 835 4806 reddebat
873 4766 1057 4816 sanas,
1103 4751 1315 4806 claudis
1357 4752 1703 4822 ingressum,
1749 4754 1914 4806 mutis

349 4857 530 4897 vocem
580 4843 886 4907 reddebat,
928 4852 986 4897 et
1033 4842 1216 4897 surdis
1267 4843 1538 4898 auditum.
1581 4844 1912 4914 Paralyticos

350 4935 505 4988 terbo
532 4933 788 4998 curabat,
815 4935 1066 5003 leprosos
1108 4934 1258 4989 dicto
1295 4935 1630 4999 mundabat,
1680 4935 1912 4989 infirmis

346 5025 686 5091 medebatur,
723 5026 994 5080 lunaticos
1028 5026 1384 5090 restituebat,
1423 5035 1480 5080 et
1508 5026 1784 5082 daemones
1827 5027 1913 5079 fu-

345 5117 519 5185 gabat.
554 5118 662 5172 Sed
697 5133 825 5172 cum
857 5127 1037 5172 mente
1077 5111 1224 5188 capti
1265 5130 1323 5173 et
1362 5117 1512 5186 impii
1548 5117 1808 5172 Pharisaei
1855 5129 1911 5172 et

350 5210 628 5266 Pontiﬁces
679 5212 732 5266 ei
785 5213 1135 5278 invidissent,
1172 5224 1462 5283 propterea
1495 5213 1639 5282 quod
1699 5213 1907 5283 populi,

349 5300 422 5355 eis
458 5303 689 5367 relictis,
723 5304 842 5373 ejus
886 5305 1258 5379 sequebantur
1287 5305 1515 5374 vestigia
1541 5345 1555 5370 ,
1601 5314 1914 5361 sternentes

351 5403 521 5448 vestes
549 5410 681 5448 suas
707 5403 834 5448 ante
859 5397 1028 5464 pedes
1058 5397 1200 5465 ejus,
1253 5405 1309 5450 et
1358 5397 1658 5451 clamantes
1686 5413 1700 5450 :
1734 5397 1911 5453 Bene-

348 5485 518 5541 dictus
549 5488 642 5557 qui
685 5488 837 5541 venit
867 5489 923 5541 in
951 5490 1171 5542 nomine
1202 5488 1419 5542 Domini
1447 5491 1467 5520 ⁶
1496 5507 1509 5542 :
1542 5490 1597 5544 in
1648 5506 1774 5546 eum
1831 5492 1911 5546 ira

350 5579 534 5646 perciti
561 5579 842 5644 Pharisaei,
883 5579 1101 5634 cuidam
1125 5578 1301 5636 Pilato
1329 5581 1548 5650 praesidi
1581 5597 1706 5638 eum
1742 5583 1911 5638 tradi-

417 5757 436 5785 ⁸
477 5756 667 5810 Matth.
708 5773 779 5816 tv,
819 5757 904 5810 I7.
986 5758 1006 5786 ‘
1048 5757 1241 5814 Matth.
1288 5775 1395 5820 xxt,
1429 5759 1481 5813 9.

665 5854 936 5908 I’nnoc.
987 5852 1030 5908 (ἶ
1045 5870 1102 5911 n.
1152 5851 1354 5913 CXVI.

2023 4571 2199 4638 puniti
2225 4570 2526 4640 gaudemus
2570 4578 2626 4622 et
2661 4568 2962 4639 gloriamur
2992 4569 3046 4623 in
3089 4570 3592 4638 persecutionibus,

2021 4661 2167 4730 quod
2198 4662 2340 4716 hanc
2367 4670 2609 4716 nostram
2637 4660 2828 4727 vitam,
2879 4676 3000 4729 quae
3032 4661 3102 4716 ad
3159 4671 3374 4732 tempus
3433 4671 3488 4718 et
3538 4665 3592 4717 in

2021 4767 2183 4818 quam
2237 4753 2386 4807 cadit
2443 4752 2723 4816 interitus,
2784 4759 2988 4806 acterna
3039 4763 3094 4806 et
3139 4768 3260 4822 quae
3309 4769 3591 4824 nunquam

2020 4841 2227 4896 desinit
2261 4843 2369 4897 vita
2415 4843 2620 4912 excipit
2654 4860 2668 4896 :
2703 4857 2865 4912 quam
2901 4843 2996 4897 Dei
3047 4843 3236 4905 Filius,
3292 4857 3414 4896 cum
3464 4861 3589 4898 sur-

2020 4935 2251 4988 rexisset
2281 4949 2311 4988 a
2344 4935 2608 5000 mortuis,
2641 4935 2754 4989 suis
2786 4936 3031 4991 ostendit
3060 4935 3324 5004 apostolis
3344 4974 3360 5002 ,
3389 4937 3593 5005 quibus

2017 5027 2433 5096 aspicientibus.
2469 5038 2782 5098 assumptus
2803 5028 2908 5083 fuit
2937 5029 2990 5082 in
3022 5028 3212 5083 cmlos.

2089 5117 2228 5173 XIII.
2273 5117 2387 5173 I'Ioc
2423 5136 2554 5189 ergo
2605 5120 2651 5174 si
2689 5121 2742 5174 in
2772 5122 2940 5174 trium
2991 5127 3262 5174 conventu
3320 5120 3590 5173 ostendis-

2018 5220 2137 5276 set,
2192 5212 2616 5283 intelligentium
2655 5212 3016 5283 cogitationes
3062 5227 3171 5265 non
3220 5219 3444 5280 possent
3488 5211 3590 5265 du-

2019 5304 2214 5358 bitare.
2273 5304 2488 5369 Quanto
2541 5312 2723 5358 autem
2782 5304 2988 5373 magis,
3047 5301 3193 5372 quod
3247 5318 3356 5355 non
3406 5302 3584 5357 solum

2017 5395 2305 5450 duodecim
2365 5395 2688 5463 discipulis,
2739 5395 2834 5448 sed
2893 5395 3014 5462 plus
3071 5408 3235 5462 quam
3285 5393 3592 5464 quingintis

2018 5488 2182 5542 simul
2213 5487 2450 5556 seipsum
2486 5487 2743 5555 dignatus
2784 5491 2869 5538 est
2921 5484 3252 5544 ostendere,
3289 5499 3358 5538 nc
3419 5486 3590 5539 vesti-

2013 5582 2160 5651 giutn
2213 5580 2435 5648 quidem
2482 5579 2800 5646 relinquens
2849 5577 3012 5632 ullius
3049 5575 3457 5634 dubitationis?
3504 5577 3587 5633 Illi
