4072 6390
455 331 552 399 l'll

1695 329 1984 390 MENSIS
2013 322 2274 387 NOVEM
2288 328 2454 389 BER.

3599 323 3698 389 1⁷2

447 456 654 510 autem,
681 445 776 516 qui
813 444 865 496 in
889 444 974 496 his
1008 441 1173 496 rebus
1202 449 1362 497 erant
1390 439 1612 505 initiati,
1639 439 1774 494 etin
1801 453 2021 494 omnem
2054 442 2100 497 Α
2127 451 2258 507 ergo
2306 438 2360 490 in
2421 436 2503 492 eis
2554 443 2946 501 versarentur,
2982 433 3260 504 quomodo
3317 432 3497 488 solent
3571 433 3700 490 boni

451 537 716 594 mundum
751 536 901 590 missi
932 534 1000 588 ad
1039 532 1474 602 praedicandum,
1504 531 1678 602 signis
1708 541 1763 588 et
1812 529 2024 600 magnis

451 628 714 701 prodigiis
740 626 1140 682 confirmabant
1179 640 1334 680 suam
1380 622 1848 694 praedicationem.
1889 620 2022 674 Nam

445 734 504 778 et
560 734 754 774 omnes
803 717 1152 772 inﬁrmitates
1199 724 1467 772 curarunt
1523 715 1577 769 in
1617 715 1736 785 ejus
1780 714 2025 776 nomine,

451 815 714 884 fugarunt
739 810 1039 873 daemones,
1072 818 1128 865 et
1170 810 1340 864 vitam
1379 807 1742 863 reddiderunt
1769 806 2023 862 mortuis.

449 903 668 958 Nullam
704 901 802 955 tibi
827 901 1064 955 arbitror
1093 915 1378 954 remanere
1413 901 1798 969 quaestionem,
1829 898 1934 952 nisi
1967 906 2027 950 ut

451 996 595 1050 hanc
626 994 798 1049 vitam
822 991 1007 1048 animo
1049 1001 1105 1047 et
1153 1007 1386 1062 corpore
1416 990 1725 1061 despicias,
1777 1001 1832 1045 ct
1878 990 2026 1044 illam

449 1088 809 1144 vehementer
835 1093 891 1141 et
914 1095 1232 1141 constanter
1266 1085 1533 1154 inquiras.
1567 1083 1702 1137 Nam
1727 1084 1818 1151 qui
1851 1083 2028 1136 credit

450 1181 508 1236 in
540 1181 639 1235 Dei
671 1179 892 1244 Filium,
920 1185 975 1234 et
1019 1179 1140 1248 ejus
1172 1177 1419 1232 adhaeret
1451 1175 1736 1246 prmceptis
1762 1216 1776 1240 ,
1810 1173 2031 1244 quando

452 1274 741 1336 morietur,
767 1271 887 1341 ejus
919 1284 1122 1338 corpus
1165 1284 1196 1323 a
1232 1278 1408 1324 morte
1450 1268 1599 1323 nulla
1631 1268 1899 1322 allicietur
1949 1267 2032 1321 in—

447 1365 615 1436 juria,
652 1363 747 1418 sed
777 1378 809 1416 a
843 1361 1050 1416 sanctis
1078 1361 1285 1431 angelis
1318 1361 1372 1415 in
1414 1360 1561 1414 ulnis
1601 1360 1930 1429 excipiatur,
1977 1368 2032 1412 et

452 1457 509 1510 in
539 1457 721 1511 locum
753 1453 995 1524 paradisi
1023 1453 1347 1507 abducetur.
1382 1450 1522 1505 llinc
1569 1465 1718 1505 mors
1756 1465 1882 1504 cum
1913 1449 2032 1502 dia-

452 1547 580 1603 bolo
606 1545 773 1601 ellicit
792 1586 808 1612 ,
837 1554 899 1599 ut
937 1542 1176 1600 diversis
1206 1542 1570 1613 pravitatibus
1597 1550 1812 1596 mentes
1860 1539 2036 1593 homi-

452 1652 586 1692 num
652 1635 912 1705 colliget,
987 1634 1151 1689 etin
1224 1633 1394 1688 variis
1459 1647 1566 1686 non
1632 1629 2034 1685 animadversis

451 1727 876 1783 necessitatibus
936 1733 1170 1795 occupet
1217 1748 1229 1780 ε
1275 1737 1331 1779 et
1375 1739 1523 1778 nunc
1569 1721 1793 1792 quidem
1846 1719 2031 1774 damni

456 1827 668 1874 terrore
699 1817 868 1872 allicit
896 1856 913 1883 ,
949 1833 1094 1871 nunc
1141 1825 1324 1872 autem
1363 1815 1432 1870 ad
1465 1815 1646 1886 gulam
1694 1812 1934 1876 excitat,
1968 1826 2034 1865 ex

453 1911 692 1966 diversis
727 1909 1060 1964 abstrahens
1089 1909 1310 1970 studiis,
1345 1910 1412 1961 de
1451 1908 1554 1961 hac
1585 1906 1702 1960 sola
1746 1905 1858 1958 vita
1904 1903 2036 1956 facit

455 2004 689 2056 miseros
736 2001 990 2055 homines
1037 2015 1160 2055 esse
1213 1999 1525 2062 sollicitos,
1574 2007 1634 2051 ut
1684 2013 1751 2052 ex
1801 2010 2034 2064 corpore

440 2094 805 2166 egredientes
861 2093 1107 2148 inveniat
1150 2097 1384 2147 miseros
1430 2101 1487 2146 et
1541 2091 1740 2154 nudos,
1787 2101 1845 2144 et
1893 2089 2036 2143 nihil

443 2198 642 2238 secum
695 2189 980 2252 portantes
1027 2190 1225 2250 praeter
1263 2191 1506 2250 peccata.
1571 2180 1684 2233 Hoc
1717 2178 1815 2232 tibi
1850 2179 2038 2248 paucis

442 2271 711 2342 exposui,
746 2286 779 2325 ο
813 2271 1167 2324 charissime.
1194 2271 1249 2324 Si
1285 2270 1418 2339 quid
1452 2281 1637 2324 autem
1693 2268 1791 2324 tibi
1843 2270 2036 2324 deesse

446 2362 764 2428 existimas,
800 2376 994 2416 rursus
1023 2376 1230 2431 quaere.
2021 2369 2024 2374 '

528 2498 670 2553 XIV.
711 2497 868 2551 Tunc
905 2496 1190 2550 Tiburtius
1222 2497 1289 2551 ad
1319 2497 1439 2567 ejus
1481 2497 1649 2567 pedes
1676 2497 2035 2567 provolutus,

459 2592 603 2645 dixit
639 2605 762 2644 cum
804 2589 1100 2659 gemitibus
1127 2588 1369 2658 ﬂetuque
1398 2598 1454 2644 et
1486 2591 1745 2661 Iacrymis
1779 2609 1791 2643 :
1833 2590 1909 2644 De
1936 2590 2039 2644 hac

457 2684 570 2739 vita
610 2683 678 2738 de
715 2691 914 2737 caetero
960 2682 1007 2736 si
1050 2682 1137 2736 vel
1194 2682 1526 2753 cogitatione
1564 2683 1897 2752 quuisiero,
1951 2682 2038 2736 vel

458 2777 643 2830 animo
694 2775 992 2846 agitavere,
1044 2774 1100 2828 in
1144 2774 1234 2828 illa
1276 2775 1386 2828 vita
1432 2790 1714 2845 nunquam
1766 2774 2036 2829 inveniar.

457 2863 710 2920 Habeant
742 2879 874 2934 ergo
900 2864 1224 2934 insipientes
1257 2864 1476 2918 lucrum
1509 2863 1796 2934 praesentis
1823 2873 2039 2933 tempo-

460 2957 558 3009 ris.
591 2955 704 3025 Ego
732 2964 937 3022 autem,
965 2956 1057 3023 qui
1091 2955 1147 3008 in
1180 2954 1507 3008 hodiernum
1538 2969 1711 3024 usque
1749 2953 1896 3009 diem
1930 2953 2040 3008 vixi

458 3044 580 3099 sine
609 3044 847 3107 ratione,
898 3043 1040 3098 absit
1073 3051 1132 3097 ut
1163 3043 1280 3098 sine
1310 3045 1524 3098 ratione
1548 3045 1616 3099 de
1645 3053 1842 3098 caetero
1870 3046 2037 3098 vitam

464 3137 651 3206 agam!
679 3135 748 3190 Et
781 3135 897 3189 haec
926 3149 1056 3189 cum
1087 3135 1337 3199 dixisset,
1363 3135 1430 3188 ad
1460 3152 1619 3190 suum
1651 3137 1876 3189 fratrem
1907 3151 2042 3190 con-
2066 3140 2113 3202 ο

459 3243 677 3292 versus,
738 3228 1212 3280 dixitzlliserere
1267 3227 1397 3291 mei,
1454 3231 1626 3282 frater
1683 3229 1926 3294 dilecte,
1983 3237 2040 3283 et

451 3317 732 3385 abrumpe
776 3315 1110 3381 tarditatem,
1141 3330 1305 3386 quam
1341 3316 1580 3386 transegi
1622 3318 1678 3372 in
1709 3318 2037 3388 ignorantia.

456 3408 730 3474 Quocirca
755 3423 952 3463 vereor
983 3423 1188 3476 moras;
1222 3409 1442 3478 pondus
1473 3409 1616 3463 ferre
1652 3425 1761 3463 non
1788 3425 2036 3480 possunt;

459 3513 595 3569 rogo
625 3508 698 3564 te,
732 3499 840 3554 duc
869 3514 956 3554 me
991 3500 1061 3554 ad
1094 3501 1374 3555 hominem
1405 3501 1537 3568 Dei,
1573 3511 1631 3556 ut
1666 3518 1752 3556 me
1796 3502 2037 3572 perfecte

459 3588 838 3660 purificatum,
897 3590 1045 3645 illius
1097 3591 1224 3645 vita:
1274 3591 1436 3645 faciat
1481 3593 1830 3662 participem.
1885 3593 2040 3648 Tunc

461 3680 787 3737 Valerianus
818 3681 1043 3736 deduxit
1073 3681 1300 3736 fratrem
1326 3698 1486 3737 suum
1516 3683 1585 3737 ad
1630 3684 2036 3739 sanctissimum

461 3787 658 3842 papam
707 3771 1011 3828 Urbanum.
1068 3772 1170 3827 Cui
1214 3782 1505 3844 postquam
1536 3775 1782 3830 narravit
1806 3777 1992 3831 omnia
2022 3816 2036 3842 ,

461 3880 583 3934 qum
612 3863 758 3919 dicta
800 3873 857 3918 et
884 3864 1026 3918 facta
1061 3863 1305 3930 fuerant,
1360 3867 1594 3937 benigno
1634 3869 1745 3920 Deo
1771 3868 1881 3937 egit
1914 3883 2039 3938 gra-

464 3958 586 4011 tias.
619 3956 923 4024 Acceptum
957 3965 1142 4011 autem
1175 3973 1300 4011 cum
1328 3958 1475 4010 omni
1508 3957 1709 4028 gaudio
1749 3969 1806 4012 et
1851 3961 2038 4015 exsul-

454 4049 669 4103 latione
709 4047 1024 4104 Tiburtium
1050 4090 1064 4114 ,
1101 4064 1225 4104 cum
1258 4049 1655 4115 admonuisset,
1703 4055 2039 4107 catechismo

461 4140 826 4204 instituisset,
877 4140 1213 4212 baptizasset
1260 4143 1316 4197 in
1365 4144 1587 4198 nomine
1620 4143 1798 4198 Patris
1830 4155 1886 4199 et
1917 4145 2038 4200 Filii

461 4241 519 4286 et
564 4231 804 4300 Spiritus
853 4232 1051 4300 sancti,
1094 4234 1260 4304 jussit
1306 4249 1492 4289 secum
1543 4250 1685 4300 esse,
1741 4235 1919 4292 donec
1975 4253 2039 4292 ea

464 4321 790 4391 deponeret,
821 4338 944 4393 quae
975 4327 1217 4380 recentis
1261 4335 1391 4380 sunt
1442 4327 1880 4384 illuminationis.
1912 4331 2042 4396 Quae

464 4413 686 4482 quidem
721 4428 848 4468 cum
888 4414 1132 4483 perfecta
1165 4416 1401 4473 fuissent
1444 4419 1564 4489 ejus
1595 4419 1844 4474 doctrina
1871 4462 1883 4485 ,
1917 4432 2042 4492 post

465 4512 675 4573 septem
702 4504 823 4560 dies
866 4503 1073 4560 Christi
1120 4508 1350 4563 militem
1383 4510 1647 4566 restituit.
1679 4510 1907 4566 Tantam
1939 4529 2034 4566 au-

456 4607 578 4652 .tem
612 4596 845 4667 gratiam
892 4613 922 4652 a
963 4598 1185 4653 Christo
1237 4609 1322 4655 est
1362 4612 1718 4668 consecutus,
1774 4616 1833 4658 ut
1874 4605 2040 4659 etiam

461 4688 564 4744 Dei
591 4689 814 4761 angelos
850 4689 1060 4746 videret
1090 4691 1377 4760 quotidie:
1412 4703 1468 4749 et
1491 4709 1833 4764 quaecunque
1863 4712 1892 4750 a
1931 4697 2042 4752 Deo

465 4783 728 4851 petebat,
765 4781 928 4837 facile
971 4783 1321 4852 impetrabat.
1369 4784 1477 4840 Sed
1527 4787 1788 4856 quoniam
1820 4789 2042 4859 longum

463 4881 616 4928 esset
664 4873 849 4927 omnia
908 4874 1104 4929 ordine
1160 4890 1473 4946 exponere,
1537 4879 1720 4949 qualia
1773 4891 1826 4935 et
1879 4898 2040 4952 quam

468 4963 643 5017 multa
671 4964 801 5018 fecit
830 4965 1098 5020 Dominus
1123 4981 1220 5035 per
1249 4983 1346 5022 eos
1367 4968 1712 5026 admirabilia
1737 5013 1750 5038 ,
1808 4988 2040 5028 conver-

467 5063 649 5108 tamur
679 5055 747 5110 ad
771 5057 1036 5126 gloriosas
1063 5072 1255 5111 eorum
1285 5061 1692 5129 perpessioncs.

537 5189 654 5247 XV.
692 5191 958 5257 Turcius,
987 5192 1084 5263 qui
1113 5193 1277 5248 etiam
1326 5194 1682 5260 Almachius,
1727 5212 1851 5251 cum
1898 5210 2044 5254 esset

467 5284 762 5354 praefectus
787 5283 966 5346 urbis,
995 5293 1052 5340 et
1079 5294 1303 5340 sanctos
1333 5286 1428 5342 Dei
1458 5300 1727 5358 martyres
1767 5290 2043 5347 occideret

467 5375 740 5444 quotidie,
783 5377 1017 5446 jubebat
1072 5391 1266 5432 eorum
1323 5393 1554 5448 corpora
1613 5380 1848 5450 relinqui
1897 5382 2044 5437 insc—

467 5462 638 5530 pulta.
672 5464 958 5520 Tiburtius
987 5475 1171 5521 autem
1203 5475 1260 5521 et
1287 5467 1612 5522 Valerianus
1646 5466 1714 5521 ad
1762 5467 1867 5522 hoc
1907 5483 2041 5538 ope-

468 5569 584 5606 ram
613 5555 860 5623 quotidie
917 5557 1274 5623 adhibebant,
1332 5568 1392 5613 ut
1443 5570 1759 5613 sanctorum
1807 5575 2041 5630 corpora

466 5643 535 5698 ad
565 5646 939 5714 sepeliendum
971 5662 1366 5719 componerent
1421 5660 1477 5706 et
1508 5651 1661 5706 humi
1695 5651 2040 5714 mandarent.

465 5734 829 5810 eleemosynis
889 5750 1143 5797 vacantes
1195 5755 1250 5798 et
1317 5743 1508 5800 divino
1554 5746 1747 5801 cultui.
1800 5745 1936 5801 Cum
2000 5747 2037 5802 ii

2130 529 2257 583 odio
2306 528 2496 584 haberi
2543 529 2612 582 ab
2671 527 2955 598 improbis,
3011 541 3106 581 cos
3155 525 3281 578 tnali
3333 524 3700 580 criminantur

2130 623 2272 692 apud
2323 621 2691 685 Almachium,
2741 619 3060 690 praefectum
3105 617 3279 680 urbis,
3330 617 3511 671 omnia
3561 617 3702 670 refe-

2131 724 2337 781 rentes,
2373 732 2494 786 quae
2545 731 2643 785 per
2682 715 2832 784 ipsos
2885 711 3153 766 Dominus
3200 707 3440 764 faciebat
3479 708 3533 762 in
3581 723 3707 778 cge-

2132 824 2234 863 nos
2273 818 2374 863 :et
2422 809 2566 878 quod
2606 806 2878 877 _improbe
2931 820 2997 860 ac
3056 789 3366 864 malitiose,
3421 816 3562 870 quos
3615 801 3705 855 ille

2131 898 2358 968 jubebat
2402 897 2600 964 occidi,
2652 898 2741 952 isti
2788 895 3121 950 mandabant
3163 891 3479 961 sepulturae.
3518 891 3705 962 Itaque

2135 1006 2166 1045 a
2219 990 2443 1044 militari
2488 990 2716 1045 cohorte
2763 986 3193 1057 comprehensi,
3241 983 3594 1037 adducuntur
3635 982 3704 1036 ad

2135 1083 2482 1139 Almachium
2530 1082 2873 1152 praefectum.
2926 1080 3075 1143 Quos
3119 1075 3340 1146 quidem
3390 1073 3707 1130 Almachius

2138 1175 2222 1230 his
2254 1175 2438 1230 verbis
2467 1183 2553 1229 est
2593 1173 2864 1228 allocutus
2897 1189 2910 1225 :
2941 1171 3076 1226 Cum
3106 1184 3201 1222 vos
3235 1167 3520 1221 character
3551 1167 3706 1219 nobi-

2139 1268 2306 1322 litatis
2364 1269 2538 1338 gloria
2590 1267 2832 1334 insignes
2885 1263 3223 1325 reddidertt,
3281 1274 3380 1313 cur
3440 1266 3707 1328 pr0pter,

2139 1359 2329 1414 nescio
2360 1375 2524 1430 quam
2556 1358 2900 1427 religionem,
2937 1371 3032 1409 vos
3081 1350 3352 1422 ignobiles
3397 1349 3627 1405 redditis
3655 1356 3708 1401 et

2141 1451 2423 1506 infelices?
2472 1451 2606 1505 Nam
2657 1459 2870 1502 vestras
2908 1446 3194 1500 facultates
3239 1445 3291 1498 in
3344 1442 3532 1498 nescio
3575 1455 3710 1509 quas

2140 1545 2383 1614 abjectas
2435 1557 2701 1612 personas
2754 1539 2920 1594 audio
2969 1553 3066 1591 vos
3109 1545 3400 1606 erogantes
3458 1547 3712 1588 consum-

2141 1638 2352 1707 psisse,
2393 1645 2451 1690 et
2498 1649 2594 1689 eos
2639 1633 2732 1702 qui
2793 1628 3040 1700 castigati
3089 1629 3314 1682 fuerunt
3362 1635 3584 1696 propter
3614 1639 3710 1678 sua

2143 1729 2371 1792 scelera,
2393 1743 2518 1781 cum
2551 1726 2699 1779 omni
2730 1724 2900 1794 gloria
2933 1720 3193 1776 mandare
3216 1719 3530 1788 sepulturae.
3563 1715 3713 1782 Quo-

2140 1821 2286 1872 circa
2345 1819 2475 1872 licet
2537 1814 2829 1885 suspicari,
2865 1828 2963 1867 vos
3016 1825 3137 1865 esse
3204 1809 3450 1865 initiatos
3516 1808 3709 1861 iisdem

2140 1910 2438 1982 mysteriis,
2471 1909 2674 1978 quibus
2723 1906 2780 1972 ii,
2813 1919 2953 1974 quos
3005 1911 3233 1972 propter
3274 1901 3710 1968 coniurationem

2139 2001 2414 2055 mandatis
2449 2000 2765 2069 sepultum.
2799 1997 3104 2066 Respondit
3136 1994 3444 2057 Tiburtius,
3477 2002 3532 2046 et
3581 1991 3715 2044 dicit

2137 2093 2397 2163 praefecto
2425 2109 2437 2144 :
2477 2091 2692 2146 Utinam
2722 2103 2827 2142 nos
2855 2088 3149 2157 dignentur
3177 2085 3386 2140 referre
3435 2085 3489 2136 in
3521 2097 3715 2136 nume—

2139 2201 2263 2238 rum
2309 2199 2536 2237 suorum
2585 2196 2890 2241 servorum,
2939 2194 3173 2248 quorum
3228 2189 3285 2232 tu
3340 2192 3442 2230 nos
3489 2175 3715 2244 conjicis

2137 2292 2262 2331 esse
2299 2275 2482 2329 socios
2508 2315 2521 2338 ,
2551 2275 2643 2343 qui
2676 2272 2899 2342 quidem
2938 2279 3269 2340 respuerunt
3315 2269 3369 2323 id
3411 2283 3532 2322 esse
3565 2265 3711 2335 quod

2137 2368 2356 2423 videtur
2415 2377 2471 2421 et
2529 2381 2638 2420 non
2683 2373 2802 2428 est,
2840 2373 2898 2419 et
2946 2363 3276 2418 invenerunt
3320 2361 3453 2415 illud
3483 2401 3496 2419 .
3566 2357 3712 2428 quod

2137 2459 2359 2513 videtur
2388 2473 2497 2512 non
2525 2472 2647 2511 esse
2689 2467 2744 2511 et
2773 2465 2874 2510 est.

2213 2548 2348 2605 XVI.
2411 2548 2731 2603 Almachius
2781 2547 3068 2618 praefectus
3104 2545 3285 2601 dixit:
3318 2545 3383 2599 Et
3415 2542 3548 2614 quid
3593 2550 3712 2603 est,

2139 2641 2286 2712 quod
2320 2640 2542 2696 videtur
2591 2656 2712 2695 esse
2758 2653 2815 2694 et
2865 2656 2974 2694 non
3016 2640 3140 2694 est?
3189 2638 3335 2692 Dixit
3380 2633 3710 2690 Tiburtius:

2139 2731 2334 2787 Omnia
2369 2747 2490 2801 qua:
2517 2740 2648 2785 sunt
2683 2731 2739 2784 in
2767 2729 2994 2792 mundo,
3018 2745 3139 2798 qua:
3162 2729 3372 2782 animas
3397 2735 3597 2780 vocant
3643 2723 3713 2778 ad

2140 2829 2372 2876 mortem
2423 2829 2686 2876 aeternam
2739 2835 2839 2889 per
2897 2819 3084 2873 brevis
3135 2819 3399 2887 temporis
3443 2816 3712 2870 laetitiam.

2139 2912 2288 2967 Dixit
2345 2912 2666 2967 Almachius
2716 2911 3008 2983 praefectus
3046 2911 3158 2966 :Et
3207 2910 3340 2981 quid
3398 2918 3519 2973 est,
3565 2907 3713 2978 quod

2141 3019 2252 3058 non
2284 3003 2505 3059 videtur
2545 3018 2666 3058 esse
2698 3013 2754 3058 ct
2791 3003 2912 3058 est?
2945 3003 3234 3058 Tiburtius
3277 3002 3418 3057 dixit
3469 3017 3486 3056 :
3550 3002 3673 3057 Vita
3696 3042 3712 3069 ,

2143 3110 2265 3165 quae
2291 3095 2476 3149 futura
2506 3096 2794 3166 estjustis,
2823 3107 2880 3151 et
2927 3097 3280 3166 supplicium,
3311 3096 3460 3167 quod
3492 3097 3716 3150 dabitur

2143 3187 2396 3257 injustis;
2425 3202 2493 3242 ex
2537 3197 2770 3258 utraque
2820 3189 2966 3242 enim
3008 3197 3162 3258 parte
3215 3190 3574 3260 cognovimus
3620 3204 3717 3244 ve-

2138 3293 2262 3332 rum
2295 3293 2417 3332 esse
2454 3293 2516 3333 ea
2574 3289 2808 3334 ventura
2840 3294 2854 3333 :
2886 3288 2942 3334 et
2970 3283 3025 3335 in
3066 3280 3244 3335 fausta
3279 3281 3671 3336 distributione
3697 3323 3712 3348 ,

2137 3367 2286 3438 quod
2343 3369 2518 3424 oculis
2559 3370 2742 3425 cordis
2795 3371 2969 3426 nostri
3018 3370 3403 3441 cognoscimus
3431 3410 3445 3435 ,
3490 3373 3542 3427 id
3587 3388 3713 3428 cor-

2137 3462 2290 3530 poris
2337 3462 2512 3516 nostri
2546 3463 2724 3517 oculis
2755 3463 3116 3532 spectandum
3169 3463 3465 3518 referimus
3490 3504 3506 3528 ,
3558 3475 3618 3519 ut
3660 3465 3714 3520 in

2138 3559 2324 3606 nostra
2364 3553 2704 3608 conscientia
2745 3569 2867 3622 quae
2911 3564 3040 3609 sunt
3090 3555 3264 3620 bona,
3317 3557 3475 3610 malis
3519 3557 3718 3611 obum-

2137 3643 2360 3698 bremus
2404 3645 2734 3699 rationibus.
2789 3645 2936 3700 Dixit
2981 3645 3277 3718 praefectus
3344 3648 3714 3705 Almachius:

2137 3735 2257 3790 Non
2303 3746 2439 3805 puto
2489 3746 2540 3792 te
2593 3747 2778 3792 mente
2831 3748 2924 3793 tua
2969 3740 3145 3808 loqui.
3181 3740 3328 3796 Dixit
3380 3742 3712 3797 Tiburtius:

2137 3827 2256 3881 Non
2286 3829 2483 3897 loquor
2515 3840 2699 3884 mente
2725 3845 2866 3896 mea,
2900 3832 2994 3885 sed
3030 3833 3206 3896 illius,
3243 3849 3406 3902 quem
3439 3839 3621 3904 accepi
3657 3836 3712 3889 in

2138 3919 2445 3973 visceribus
2476 3919 2675 3974 mentis
2707 3935 2860 3974 meae.
2890 3920 3036 3974 Dixit
3063 3922 3376 3976 Almachius
3403 3927 3712 3990 praefectus.

2136 4010 2413 4080 Numquid
2472 4013 2617 4067 nosti
2697 4013 2845 4082 quod
2920 4014 3094 4068 dicis?
3163 4017 3304 4069 llixit
3380 4015 3712 4073 Tiburtius:

2137 4102 2206 4156 Ει
2237 4102 2395 4167 novi,
2434 4111 2490 4156 et
2520 4103 2726 4166 didici,
2760 4115 2815 4159 et
2844 4106 3010 4160 credo
3037 4147 3050 4169 ,
3085 4108 3231 4176 quod
3258 4109 3444 4162 omnia
3468 4151 3480 4170 ,
3524 4125 3644 4178 qua:
3681 4124 3713 4164 a

2139 4209 2225 4250 me
2265 4195 2410 4250 dicta
2453 4205 2608 4261 sunt,
2658 4211 2999 4266 permanent.
3041 4199 3358 4254 Almachius
3388 4201 3714 4269 praefectus:

2139 4282 2315 4336 dixit:
2361 4283 2427 4337 Et
2468 4300 2568 4354 ego
2599 4302 2698 4339 cur
2736 4303 2846 4340 non
2894 4289 3159 4355 intelligo,
3196 4292 3340 4356 quod
3372 4306 3504 4358 ago,
3538 4307 3566 4343 a
3606 4306 3716 4360 quo

2141 4371 2258 4426 haec
2292 4385 2418 4426 sunt
2451 4376 2704 4429 condita?
2734 4376 3020 4430 Tiburtius
3048 4379 3186 4430 dixit
3213 4397 3227 4434 :
3255 4380 3520 4443 Quoniam
3552 4382 3718 4436 homo

2071 4482 2116 4538 ι)
2145 4463 2421 4517 belluinus
2457 4480 2563 4518 non
2611 4467 2799 4528 sentit,
2841 4483 2960 4536 quae
2993 4477 3122 4521 sunt
3158 4470 3404 4538 Spiritus.
3442 4472 3721 4540 Spiritalis

2142 4566 2324 4610 autem
2371 4555 2636 4626 dijudicat
2679 4557 2901 4622 omnia;
2940 4559 3056 4628 ipse
3086 4576 3215 4614 vero
3257 4577 3288 4616 a
3318 4563 3469 4618 nullo
3515 4565 3720 4636 dijudi-

2143 4658 2316 4704 catur.
2355 4649 2509 4703 Tunc
2549 4649 2730 4704 ridens
2762 4652 3088 4720 praefectus,
3124 4655 3289 4725 jussit
3335 4658 3535 4712 auferri
3589 4661 3718 4728 qui-

2143 4741 2266 4796 dem
2304 4740 2641 4806 Tibnrtium;
2668 4757 2850 4797 coram
2873 4758 2940 4798 eo
2969 4754 3149 4799 autem
3193 4747 3309 4800 sisti
3345 4747 3714 4806 Valerianum.

2144 4834 2244 4887 Cui
2269 4834 2433 4886 etiam
2463 4833 2600 4888 dixit
2629 4852 2640 4886 :
2679 4833 2946 4900 Quoniam
2979 4853 3086 4890 non
3119 4848 3202 4891 est
3244 4837 3412 4892 frater
3442 4849 3567 4896 tuus
3596 4844 3715 4897 sani

2143 4923 2377 4990 cerebri,
2411 4932 2467 4978 tu
2497 4925 2700 4992 poteris
2741 4927 3076 4995 respondere
3105 4929 3448 4998 sapientius?
3479 4932 3618 4985 Dicit
3664 4934 3716 4988 ei

2144 5014 2502 5069 Valerianus:
2529 5012 2814 5070 Falluntur
2845 5033 3007 5072 aures
3044 5026 3170 5080 tuae,
3201 5020 3462 5087 quoniam
3487 5037 3713 5091 scopum

2143 5115 2342 5159 nostra:
2373 5105 2639 5160 orationis
2681 5122 2788 5161 non
2837 5116 2992 5176 potes
3021 5106 3348 5178 intelligere.
3397 5111 3540 5164 Dixit
3579 5127 3719 5178 prae-

2143 5195 2318 5252 fectus
2351 5213 2364 5248 :
2396 5197 2566 5251 Nemo
2600 5197 2672 5252 ita
2701 5208 2872 5264 errat,
2907 5207 2967 5252 ut
2993 5212 3090 5252 vos
3121 5202 3316 5254 erratis
3341 5241 3354 5263 ,
3387 5203 3478 5271 qui
3509 5205 3720 5258 relictis

2144 5287 2468 5342 necessariis
2498 5289 2741 5342 numeris
2765 5297 2820 5342 et
2853 5289 3149 5357 responsis,
3182 5291 3353 5344 malos
3375 5292 3669 5360 sequimini
3700 5311 3714 5346 :

2143 5395 2263 5448 quae
2304 5389 2431 5433 sunt
2472 5378 2714 5448 jucunda
2755 5390 3095 5450 respuentes,
3148 5383 3390 5436 laetitiam
3435 5384 3594 5437 nihili
3641 5385 3723 5438 fa-

2143 5475 2352 5530 cientes
2373 5514 2387 5539 ,
2419 5483 2474 5529 et
2506 5490 2568 5528 ea
2599 5474 2983 5543 deepicientes,
3011 5491 3132 5545 quae
3163 5476 3287 5530 data
3336 5485 3465 5530 sunt
3496 5477 3563 5530 ad
3592 5477 3724 5530 vitae

2143 5565 2495 5629 alimentum,
2530 5565 2762 5619 maxima
2810 5565 3186 5621 benevolentia
3231 5566 3362 5621 illud
3401 5568 3721 5637 compleui-

2142 5657 2299 5722 mini,
2341 5657 2486 5727 quod
2512 5658 2670 5712 saluti
2707 5658 2962 5713 invenitis
3001 5661 3380 5724 contrarium,
3414 5668 3471 5716 et
3507 5660 3574 5714 iis
3597 5675 3721 5730 qum

2143 5755 2269 5804 sunt
2302 5748 2562 5820 jucunda,
2594 5749 2899 5806 inimicum.
