4060 6374
336 439 440 503 173

1471 432 1649 496 νιΤΑ
1693 433 1753 493 S.
1793 430 2132 491 CXECILLE
2166 431 2260 490 ET
2299 430 2456 494 SOC.

3483 423 3584 490 174

402 544 561 601 XVII.
587 543 670 600 Ad
695 544 810 599 haec
835 543 1125 612 respondit
1159 542 1480 598 Valerianus
1509 559 1524 598 :
1559 541 1836 598 Ludentes
1856 553 1912 598 et
1941 547 1986 604 Α
2015 551 2216 597 nostrae
2270 539 2582 596 aﬂlictionis
2605 579 2620 607 ,
2675 547 2731 595 et
2790 537 2950 595 nobis
2983 537 3316 610 ,laetantibus
3383 538 3594 596 ﬂebunt

324 639 606 701 ridentes,
660 643 719 691 et
788 635 844 690 in
902 634 1072 689 variis
1132 633 1346 690 deliciis
1399 635 1681 690 luxuriose
1742 635 1909 690 vitam

325 738 584 800 agentes,
623 727 738 781 vidi
783 726 981 781 hiemis
1018 735 1264 794 tempore
1315 742 1416 795 per
1465 741 1688 797 campos
1731 735 1910 780 trans-

326 829 545 876 euntes.
611 819 670 873 In
719 817 922 887 quibus
968 816 1177 886 campis
1219 817 1438 871 stabant
1479 818 1730 887 agricolae
1759 817 1914 886 plan-

327 922 531 978 tantes,
581 912 838 982 palmites
886 910 1196 980 infigentes,
1253 917 1309 964 et
1354 910 1608 978 spinosos
1659 925 1913 964 rosarum

329 1023 513 1061 ramos
545 1004 827 1075 ingeniose
864 1013 980 1057 toto
1010 994 1640 1071 animo'componeutes.
1677 1001 1782 1056 Alii
1815 1017 1912 1056 au-

330 1109 439 1154 tem
470 1098 669 1152 oliveta
733 1095 1040 1150 inserentes
1073 1111 1086 1147 :
1121 1092 1213 1146 alii
1255 1108 1387 1146 vero
1427 1093 1694 1147 radicitus
1740 1091 1915 1146 imbe-

334 1191 458 1244 cilla
477 1189 883 1252 exscindentes,
918 1195 973 1241 et
1002 1201 1124 1255 quae
1152 1195 1281 1240 sunt
1305 1200 1470 1255 opera
1503 1184 1911 1249 convenientia,

333 1298 532 1351 magno
579 1281 769 1334 labore
817 1286 1160 1348 peragentes.
1207 1276 1364 1331 Tunc
1412 1276 1522 1342 illi,
1557 1276 1652 1345 qui
1699 1275 1915 1330 deliciis

331 1375 659 1428 fruebantur
686 1381 742 1426 et
779 1371 1129 1435 laetabantur,
1168 1376 1457 1438 coeperunt
1503 1383 1598 1422 cos
1626 1367 1721 1437 qui
1762 1366 1917 1421 labo-

332 1467 564 1528 rabant,
602 1463 872 1518 ludificari
913 1471 969 1516 et
996 1461 1222 1516 dicere:
1254 1459 1440 1516 Miseri
1466 1467 1522 1514 et
1550 1457 1913 1522 miserabiles,

332 1558 480 1612 hunc
535 1558 630 1625 qui
681 1570 778 1609 vos
832 1553 1022 1624 aﬂligit
1073 1553 1317 1607 laborem
1364 1550 1657 1620 deponite,
1711 1555 1765 1603 et
1812 1564 1913 1602 no-

331 1648 546 1702 biscum
574 1647 841 1710 laetantes,
873 1659 971 1698 vos
999 1643 1214 1698 deliciis
1241 1642 1456 1713 explete
1485 1651 1542 1696 et
1571 1639 1916 1706 libidinibus,

332 1751 384 1794 et
421 1756 522 1794 cur
572 1749 829 1807 tanquam
879 1736 1203 1806 insipientes
1232 1735 1373 1790 duro
1425 1733 1616 1788 labore
1660 1731 1914 1788 dissolvi-

335 1832 489 1895 mini,
523 1839 580 1886 et
607 1840 800 1885 vestrae
831 1829 954 1882 vita:
985 1814 1231 1898 tempora
1259 1827 1317 1881 in
1350 1825 1586 1896 negotiis
1609 1865 1623 1891 ,
1659 1840 1780 1895 quae
1811 1838 1911 1878 vos

334 1923 613 1992 aﬂligunt,
647 1919 1016 1975 consumitis?
1065 1919 1192 1973 llaec
1235 1919 1505 1982 dicentes,
1561 1915 1916 1971 solvebantur

335 2016 388 2069 in
421 2015 617 2076 risum,
646 2022 703 2066 et
737 2012 940 2066 dabant
979 2013 1233 2081 plausum
1277 2009 1552 2073 manibus,
1609 2021 1915 2077 magnoque

333 2120 467 2160 sono
492 2120 589 2160 eos
633 2103 1027 2158 cachinnantes
1063 2100 1385 2155 irridebant.
1422 2099 1547 2153 Haec
1575 2107 1758 2153 autem
1806 2097 1916 2152 illis

335 2197 684 2262 facientibus,
712 2195 928 2265 pluvios
967 2193 1163 2248 hiemis
1203 2206 1421 2246 menses
1465 2190 1915 2260 tranquillissima

338 2297 589 2357 tempora
635 2293 972 2356 exceperunt
1003 2301 1018 2339 :
1046 2294 1102 2339 et
1141 2298 1269 2338 ecce
1309 2282 1664 2352 pulchrorum
1713 2290 1770 2337 et
1821 2296 1916 2334 va-

336 2382 542 2434 riorum
572 2377 767 2432 ﬂorum
813 2373 1182 2444 fragrantibus
1229 2387 1392 2427 omne
1435 2387 1607 2442 genus
1654 2370 1916 2426 odoribus

334 2479 488 2540 prata
539 2467 986 2528 exornabantur,
1041 2475 1097 2521 et
1148 2464 1340 2518 molles
1405 2463 1690 2518 botrorum
1744 2462 1916 2517 series

337 2560 719 2631 producebant
746 2557 1022 2628 palmites,
1055 2565 1113 2611 et
1151 2571 1182 2611 e
1223 2555 1376 2609 vario
1408 2569 1607 2624 genere
1653 2553 1915 2608 arborum

336 2652 470 2704 rami
501 2651 776 2704 stillantes
807 2648 968 2703 melle
1007 2647 1220 2702 fructus
1248 2645 1652 2715 producebant,
1683 2645 1747 2698 in
1787 2645 1913 2714 qui-

335 2741 439 2796 bus
488 2740 984 2796 animadvertimus
1032 2752 1205 2807 usque
1269 2739 1325 2790 in
1376 2737 1703 2790 hodiernum
1769 2735 1915 2789 diem

337 2832 622 2886 abundare
645 2831 807 2884 simul
829 2838 884 2884 et
912 2828 1162 2898 gratiam,
1193 2837 1248 2882 et
1274 2827 1534 2891 fructum,
1557 2825 1613 2881 e’t
1637 2825 1914 2880 decorem.

339 2923 492 2978 Tunc
523 2939 651 2977 cum
684 2924 998 2978 laetarentur
1024 2921 1102 2974 illi
1129 2957 1144 2984 ,
1180 2921 1275 2990 qui
1301 2918 1766 2974 existimabantur
1795 2932 1916 2972 esse

338 3017 685 3086 iisipientes,
721 3024 1005 3085 ceperunt
1032 3014 1219 3082 lugere
1249 3011 1309 3077 ii,
1337 3011 1431 3081 qui
1459 3011 1918 3066 existimabantur

336 3123 455 3164 esse
487 3110 640 3163 cives
677 3125 692 3163 :
723 3116 781 3161 et
811 3109 906 3176 qui
937 3116 1096 3160 erant
1117 3105 1340 3175 gloriosi
1371 3103 1426 3158 in
1463 3119 1563 3159 sua
1603 3103 1918 3175 intelligen-

338 3200 450 3262 tia,
505 3200 792 3269 perierunt
844 3199 898 3252 in
941 3197 1056 3251 acri
1102 3197 1564 3252 ratiocinatione:
1599 3208 1656 3252 et
1699 3197 1915 3252 tandem
1944 3237 1989 3296 ο

339 3291 482 3344 ducti
526 3289 874 3359 paenitentia,
903 3289 1050 3344 inter
1077 3304 1136 3344 se
1171 3297 1582 3343 murmurantes
1604 3297 1658 3343 et
1698 3303 1922 3358 gemen-

341 3393 420 3437 tes
451 3383 712 3436 dicebant
745 3399 760 3435 :
788 3381 852 3435 Hi
899 3391 1071 3447 sunt,
1117 3395 1254 3450 quos
1301 3381 1599 3435 habuimus
1647 3379 1921 3447 ludibrio;

338 3488 527 3526 eorum
580 3472 823 3526 laborem
881 3473 1146 3541 probrum
1191 3470 1640 3526 existimabamus
1677 3489 1692 3524 :
1727 3487 1922 3527 eorum

343 3563 506 3618 vitam
568 3563 729 3616 nihili
783 3562 1140 3626 faciebamus,
1199 3572 1458 3632 tauquam
1513 3563 1920 3628 miserabilem;

340 3667 529 3706 eorum
564 3650 793 3722 ﬂguram
819 3650 1203 3720 judicabamus
1227 3664 1350 3704 esse
1377 3650 1657 3720 indignam
1680 3690 1695 3714 ,
1747 3657 1804 3704 et
1835 3650 1920 3704 in-

343 3743 699 3811 telligentiam
728 3757 919 3797 eorum
953 3741 1072 3796 sine
1124 3741 1353 3795 honore.
1391 3741 1431 3795 li
1482 3750 1665 3796 autem
1712 3741 1920 3796 inventi

344 3845 466 3889 sunt
513 3834 882 3902 intelligentes
916 3848 930 3886 :
965 3841 1022 3887 et
1065 3847 1166 3886 nos
1194 3832 1416 3902 quidem
1457 3833 1760 3902 probamur
1791 3842 1921 3888 tunc

348 3927 505 3980 fuisse
563 3925 933 3988 miserabiles,
981 3924 1308 3992 insipientes
1355 3935 1412 3980 et
1457 3924 1650 3989 stulti,
1698 3925 1920 3996 quando

344 4033 515 4085 neque
547 4016 843 4085 nobisipsis
869 4018 1258 4086 operabamur,
1291 4033 1469 4087 neque
1499 4017 1566 4072 iis
1597 4020 1690 4088 qui
1724 4035 1922 4088 opera-

346 4109 538 4162 bantur
564 4149 578 4171 ,
616 4109 867 4164 dedimus
915 4111 973 4163 in
1017 4125 1186 4179 opere
1234 4111 1498 4165 auxilium
1527 4128 1540 4167 :
1569 4114 1662 4180 qui
1694 4112 1916 4182 quidem

343 4215 462 4253 cum
490 4215 740 4254 essemus
785 4201 839 4253 in
885 4199 1138 4264 delic.’.s,
1175 4216 1271 4254 eos
1317 4201 1472 4256 valde
1523 4202 1818 4266 irrisimns,
1865 4211 1920 4256 et

344 4292 487 4359 ipsos
535 4291 874 4345 credidimus
925 4307 1047 4346 esse
1104 4291 1450 4362 insipientes,
1505 4310 1646 4363 quos
1691 4294 1916 4364 quidem

343 4397 485 4435 nunc
517 4383 927 4451 resplendentes
956 4384 1448 4440 animadvertinms
1477 4396 1532 4440 et
1557 4386 1818 4442 ﬂorentes
1842 4389 1884 4444 ⁷.

413 4473 601 4528 XVIII.
639 4475 717 4527 Ad
744 4475 858 4529 haec
883 4475 1021 4529 dixit
1045 4475 1333 4545 praefectus
1360 4493 1373 4528 :
1403 4477 1480 4532 'I‘e
1509 4478 1730 4548 quidem
1757 4480 1917 4534 video

2017 625 2242 704 illi,'qui
2303 649 2450 688 nunc
2490 632 2798 687 efferuntur
2845 632 3085 696 laetitiis;
3137 639 3221 687 est
3263 631 3412 686 enim
3447 647 3597 687 nunc

2019 735 2235 796 tempus
2261 725 2591 781 seminandi.
2628 725 2732 792 Qui
2762 739 2894 795 ergo
2926 725 2983 780 in
3013 725 3118 780 hac
3147 725 3258 779 vita
3297 724 3594 790 seminant,

2017 833 2140 888 qua:
2188 825 2315 871 sunt
2365 817 2431 871 ad
2475 825 2708 886 tempus.
2760 817 3048 887 lacrymas,
3097 816 3151 870 in
3201 816 3294 870 illa
3333 815 3492 870 beata
3541 825 3600 871 et

2018 919 2222 964 (eterna
2255 909 2366 962 vita
2400 917 2604 963 metent
2635 907 2892 978 gaudium
2924 906 3324 977 sempiternum
3361 907 3404 962 ⁸.
3438 909 3599 964 Dixit

2019 1001 2352 1071 praefectus:
2389 1001 2529 1069 Ergo
2580 1009 2637 1055 et
2679 1015 2818 1065 nos,
2875 1008 2932 1055 et
2988 997 3176 1054 invicti
3238 999 3598 1067 imperatores

2019 1092 2227 1146 luctum
2262 1103 2523 1147 :eternum
2560 1090 2919 1155 habebimus;
2963 1103 3062 1144 vos
3106 1099 3286 1142 autem
3329 1095 3595 1142 arternum

2021 1182 2282 1252 gaudium
2311 1182 2702 1253 possidebitis?
2730 1181 3036 1250 Respondit
3060 1178 3384 1237 Valerianus
3410 1196 3425 1233 :
3453 1179 3598 1246 Quid

2020 1273 2169 1328 enim
2204 1274 2340 1329 estis
2387 1290 2516 1342 vos,
2569 1282 2663 1329 aut
2707 1274 2878 1330 vestri
2921 1273 3322 1344 imperatores?
3370 1271 3598 1342 lmpleto

2018 1367 2165 1422 enim
2197 1376 2382 1422 vestro
2413 1377 2657 1438 tempore
2690 1369 3022 1434 morientes,
3073 1381 3143 1423 eo
3181 1367 3440 1438 majorem
3485 1365 3598 1420 Deo

2017 1458 2153 1512 estis
2197 1457 2465 1511 reddituri
2507 1457 2776 1513 rationem
2803 1501 2818 1525 ,
2850 1473 2960 1528 quo
3009 1457 3169 1514 vobis
3213 1456 3284 1511 ah
3313 1471 3380 1512 eo
3425 1457 3598 1527 major

2020 1549 2144 1604 data
2205 1549 2308 1604 fuit
2362 1560 2622 1620 potestas.
2673 1551 2821 1607 Dixit
2869 1552 3160 1623 praefectus
3208 1552 3531 1607 Almachins
3581 1567 3596 1603 :

2019 1641 2160 1708 Quid
2210 1642 2264 1696 in
2307 1644 2491 1700 verbis
2540 1644 2828 1700 volvendis
2883 1645 3286 1701 immorantur?
3333 1645 3444 1698 Aut
3491 1643 3600 1699 diis

2020 1736 2148 1790 thus
2174 1735 2389 1802 oﬂ‘erte,
2418 1745 2474 1792 et
2518 1736 2670 1792 illaesi
2719 1737 2963 1792 recedite
3001 1746 3136 1792 :aut
3182 1737 3320 1791 male
3369 1735 3502 1791 estis
3541 1745 3598 1792 et

2017 1827 2212 1882 acerbe
2245 1828 2519 1883 morituri.
2549 1829 2726 1884 Ambo
2755 1829 3161 1898 responderunt
3187 1837 3242 1882 et
3293 1827 3554 1882 dixerunt
3581 1843 3598 1881 :

2021 1918 2131 1974 Nos
2161 1935 2269 1974 non
2295 1920 2418 1986 diis,
2448 1921 2543 1976 sed
2570 1923 2680 1976 Deo
2703 1921 2950 1992 quotidie
2977 1920 3264 1977 oﬂ‘erimus
3299 1919 3591 1976 sacrificia.

2021 2012 2167 2067 Dixit
2218 2012 2713 2082 prafectus:Qnis
2758 2022 2846 2069 est
2888 2014 3069 2082 Deus,
3123 2014 3211 2068 cui
3267 2013 3449 2068 dicitis
3498 2027 3596 2067 vos

2022 2115 2265 2159 vestrum
2307 2105 2506 2160 oﬂerre
2557 2105 2926 2161 sacrificium?
2969 2105 3156 2161 Sancti
3188 2105 3598 2175 responderunt

2021 2203 2076 2248 et
2109 2195 2368 2251 dixerunt
2401 2213 2414 2250 :
2447 2197 2514 2252 Et
2540 2197 2663 2266 quis
2694 2206 2776 2252 est
2808 2198 2948 2254 alius
2977 2198 3121 2253 Deus
3153 2205 3351 2268 praeter
3378 2197 3599 2268 ipsum?

2021 2285 2133 2340 Cur
2171 2285 2238 2341 de
2272 2286 2384 2340 Deo
2412 2301 2514 2341 nos
2545 2287 2885 2358 interrogas?
2926 2288 3025 2344 Est
3055 2289 3203 2343 enim
3237 2288 3380 2342 alius
3409 2287 3556 2342 Deus
3578 2327 3596 2352 ,

2024 2387 2221 2447 praeter
2264 2377 2465 2432 unum?
2511 2377 2658 2432 Dixit
2689 2377 3022 2448 praefectus:
3053 2377 3225 2445 Quem
3262 2391 3430 2433 unum
3473 2393 3599 2432 esse

2024 2469 2241 2535 dicitis,
2300 2469 2420 2539 ejus
2460 2469 2658 2524 nomen
2710 2469 2955 2540 requiro.
3007 2470 3160 2526 Dixit
3217 2470 3595 2526 Valerianus:

2025 2557 2120 2612 Dei
2167 2572 2368 2612 nomen
2413 2573 2523 2612 non
2575 2557 2872 2622 inveneris,
2927 2560 3140 2615 etiamsi
3189 2559 3369 2630 possis
3411 2559 3600 2614 volare

2024 2649 2240 2719 pennis.
2292 2648 2440 2705 Dixit
2483 2649 2818 2718 praefectus:
2856 2651 3008 2708 Jovis
3053 2665 3186 2720 ergo
3229 2666 3431 2707 nomen
3486 2666 3598 2706 non

2022 2749 2108 2794 est
2138 2739 2322 2794 Deus?
2359 2739 2504 2795 Dixit
2527 2741 2888 2796 Valerianus:
2926 2740 3023 2795 Est
3074 2755 3274 2796 nomen
3306 2751 3598 2810 corrupto-

2025 2830 2101 2886 ris
2127 2840 2185 2885 et
2222 2829 2478 2896 adulteri,
2514 2845 2678 2900 quem
2714 2830 2883 2886 fuisse
2927 2831 3233 2885 occisorem
3279 2830 3446 2886 vestri
3494 2846 3596 2886 au-

2024 2931 2204 2978 ClOI‘GS
2257 2929 2598 2987 memorant,
2636 2931 2691 2976 et
2731 2931 3108 2978 accusatorem
3158 2933 3362 2978 nostra:
3407 2933 3600 2979 osten-

2025 3015 2162 3068 dunt
2220 3012 2538 3083 Scriptum.
2585 3012 2742 3068 Hunc
2790 3023 2847 3068 tu
2916 3013 3088 3068 Deum
3139 3013 3316 3068 miror
3362 3029 3596 3083 quanam

2026 3104 2365 3174 impudentia
2395 3103 2727 3167 nominasti,
2756 3118 2880 3158 cum
2913 3103 3056 3157 Deus
3084 3102 3192 3157 dici
3239 3117 3348 3156 non
3386 3103 3559 3171 possit
3579 3141 3595 3166 ,

2026 3195 2131 3250 nisi
2169 3195 2262 3264 qui
2291 3202 2374 3248 est
2401 3194 2469 3249 ab
2496 3193 2646 3248 omni
2675 3201 2900 3262 peccato
2926 3193 3160 3258 alienus,
3188 3191 3283 3262 qui
3315 3199 3401 3246 est
3431 3193 3596 3247 etiam

2022 3288 2216 3357 plenus
2249 3286 2666 3357 omnipotentia.
2711 3285 2854 3341 Dixit
2898 3285 3232 3356 praefectus:
3266 3285 3410 3356 Ergo
3450 3294 3600 3342 errat

2021 3382 2202 3436 omnis
2231 3379 2488 3445 mundus,
2523 3389 2579 3435 et
2612 3389 2670 3434 tu
2713 3395 2838 3435 cum
2877 3389 2972 3436 tuo
2996 3379 3166 3435 fratre
3201 3380 3372 3434 Deum
3402 3391 3595 3434 verum

2020 3473 2362 3543 cognovisti?
2395 3471 2541 3526 Dixit
2575 3471 2936 3528 Valerianus:
2971 3471 3398 3528 lnnumerabilis
3450 3471 3595 3526 mul-

2023 3563 2199 3620 titudo
2227 3563 2634 3620 Christianismi
2664 3565 2879 3634 accepit
2915 3564 3283 3620 sanctitatem.
3319 3563 3433 3618 lmo
3467 3578 3597 3618 vero

2020 3671 2119 3711 vos
2157 3657 2312 3726 pauci
2351 3655 2520 3720 estis,
2551 3655 2644 3726 qui
2681 3656 3024 3712 remansistis
3054 3663 3311 3728 tanquam
3347 3656 3532 3712 scissa;
3563 3670 3597 3711 θ

2021 3747 2302 3817 naufragio
2333 3747 2530 3803 tabulae
2552 3785 2569 3813 ,
2621 3747 2690 3802 ad
2724 3746 2867 3802 nihil
2895 3746 3046 3802 aliud
3077 3747 3446 3818 proﬁcientes,
3489 3747 3595 3802 nisi

2021 3846 2082 3889 ut
2117 3835 2171 3888 in
2203 3837 2328 3906 igne
2350 3836 2654 3907 jaciamini.

2091 3923 2233 3979 XIX.
2293 3926 2449 3980 Tunc
2499 3926 2673 3981 iratus
2708 3925 3020 3996 praefectus,
3072 3925 3240 3995 jussit
3286 3941 3413 3982 eum
3457 3927 3592 3981 credi

2020 4013 2205 4082 virgis.
2257 4013 2353 4068 Illo
2403 4024 2586 4068 autem
2639 4015 2928 4069 confestim
2984 4014 3113 4068 dum
3161 4015 3593 4081 verberaretur,

2019 4105 2176 4159 laetus
2202 4105 2369 4174 coepit
2399 4105 2585 4160 dicere
2623 4122 2638 4160 :
2674 4106 2814 4160 Ecce
2844 4107 3002 4172 hora,
3040 4121 3203 4176 quam
3253 4107 3408 4161 valde
3442 4107 3594 4162 desi-

2019 4199 2276 4254 derabam
2300 4241 2313 4262 ,
2338 4209 2394 4253 et
2440 4213 2568 4254 ecce
2598 4199 2717 4254 dies
2745 4199 2895 4253 onmi
2927 4199 3064 4254 festo
3112 4200 3245 4255 mihi
3273 4201 3592 4272 jummdior.

2022 4293 2159 4345 llum
2215 4291 2410 4346 beatus
2463 4290 2885 4357 verberaretur,
2936 4307 3117 4363 praeco
3200 4309 3396 4364 magna
3463 4309 3598 4350 voce

2019 4382 2285 4437 clamabat
2321 4399 2334 4435 :
2373 4381 2514 4437 Deos
2554 4391 2612 4436 et
2652 4381 2782 4436 deas
2825 4384 2934 4438 noli
2970 4384 3272 4439 maledictis
3297 4386 3595 4441 incessere.

2022 4473 2114 4528 Ille
2140 4482 2322 4528 autem
2347 4473 2414 4527 ad
2446 4475 2708 4542 populum
2739 4473 3028 4540 clamabat,
3054 4475 3242 4532 dicens
3272 4495 3285 4530 :
3309 4477 3420 4532 Viri
3447 4478 3598 4533 cives

338 4579 460 4618 esse
521 4566 800 4634 saliienter
851 4566 968 4620 haec
1023 4578 1374 4637 persecutum
1423 4587 1437 4622 :
1472 4570 1564 4624 sed
1621 4573 1687 4625 ad
1735 4587 1915 4626 meum
1943 4573 1996 4633 1)
2023 4566 2414 4631 Romanorum,
2446 4566 2664 4632 videte,
2701 4582 2771 4621 ne
2812 4567 2925 4622 haec
2959 4567 3115 4638 plaga
3159 4584 3256 4624 vos
3298 4585 3329 4624 a
3369 4569 3598 4624 veritate

339 4669 666 4723 responsum
722 4672 833 4710 non
898 4657 1104 4712 videris
1174 4660 1528 4728 respondere.
1596 4662 1918 4719 "Valerianus

336 4747 512 4799 dixit:
543 4748 736 4802 Dixisti
785 4765 885 4804 nos
919 4766 1040 4806 esse
1086 4752 1284 4806 stultos
1321 4761 1379 4806 et
1431 4752 1786 4823 insipientes,
1821 4759 1916 4828 qui

330 4835 625 4890 facultates
669 4847 886 4893 nostras
915 4840 1112 4894 damus
1135 4841 1424 4909 egentibus
1444 4882 1458 4906 ,
1491 4843 1794 4914 prosclytos
1817 4861 1914 4900 ex-

328 4928 595 4996 cipimus,
621 4930 806 4986 viduis
833 4931 1252 5000 suppeditamus
1280 4948 1402 5003 quae
1433 4945 1560 4990 sunt
1584 4938 1913 5002 necessaria,

323 5017 599 5084 orphanis
646 5020 1027 5087 subvenimus,
1063 5036 1296 5092 corpora
1332 5024 1605 5094 insepulta
1639 5029 1870 5098 tegimus
1897 5069 1913 5096 ,

321 5118 388 5163 et
422 5123 544 5163 cum
596 5113 833 5168 maximo
866 5114 1076 5169 honore
1106 5115 1447 5171 celebramus
1475 5127 1776 5189 martyrum
1819 5120 1916 5176 de-

322 5203 659 5270 positiones.
695 5205 807 5259 Nos
827 5215 1010 5260 autem
1062 5206 1384 5278 insipientes
1419 5211 1679 5281 judicasti
1728 5222 1786 5267 et
1818 5214 1914 5268 de-

318 5295 594 5359 lirantes,
627 5298 720 5366 q'ui
763 5313 887 5352 cum
921 5300 988 5354 iis
1016 5300 1108 5370 qui
1149 5302 1424 5368 laetantur,
1472 5320 1582 5358 non
1625 5306 1874 5361 laetamur
1897 5346 1912 5372 ,

318 5401 438 5440 nec
468 5386 523 5439 in
557 5387 768 5443 deliciis
794 5390 1053 5457 vivimus,
1085 5407 1187 5448 nec
1218 5405 1435 5448 nostras
1465 5399 1749 5466 explemus
1789 5399 1915 5453 libi-

313 5477 512 5542 dines,
552 5495 652 5534 nec
681 5481 1032 5538 illiberaliter
1063 5499 1254 5539 sumus
1282 5485 1504 5542 lascivis
1536 5498 1590 5542 et
1625 5489 1912 5560 impudicis

310 5570 508 5623 oculis
533 5609 548 5633 ,
580 5575 935 5629 ostendentes
975 5591 1074 5630 nos
1101 5592 1220 5631 esse
1268 5578 1474 5634 liberos
1522 5588 1578 5635 et
1618 5581 1905 5652 ingenuos.

313 5658 528 5714 Veniet
557 5671 794 5734 tempus,
819 5681 929 5734 quo
954 5667 1286 5736 accipiemus
1318 5669 1465 5724 mille
1486 5672 1674 5739 cuplos
1697 5672 1906 5731 fructus

397 5843 422 5873 ν
465 5840 588 5910 Sap.
631 5860 684 5909 ς’,
735 5847 753 5897 l
805 5860 960 5913 seqq.
1077 5843 1098 5873 ‘
1146 5847 1289 5902 Psal.
1338 5865 1495 5916 cxxv,
1542 5853 1572 5904 5

2025 4670 2257 4725 avertat,
2296 4659 2390 4714 sed
2419 4669 2560 4715 state
2591 4659 2828 4724 fortiter,
2866 4668 2923 4714 et
2966 4660 3101 4716 deos
3142 4661 3390 4731 lapideos
3434 4670 3492 4716 et
3531 4662 3598 4717 li-

2024 4770 2222 4825 gneos,
2253 4769 2393 4824 quos
2421 4754 2552 4807 colit
2582 4752 2902 4808 Almacliius
2943 4754 3254 4822 praefectus.
3299 4753 3356 4807 in
3388 4753 3596 4808 calcem

2024 4847 2348 4902 convertite.
2400 4845 2536 4900 Nam
2569 4859 2793 4908 omnes,
2829 4844 3042 4914 quieos
3081 4845 3303 4910 colunt,
3333 4851 3498 4897 erunt
3539 4843 3596 4897 in

2024 4937 2320 4992 afﬂictione
2347 4947 2403 4993 et
2441 4935 2716 5007 supplicio
2741 4945 2968 4991 aeterno.
3002 4935 3157 4990 'I‘unc
3179 4934 3275 5004 qui
3301 4948 3424 4988 cum
3456 4946 3598 5004 prae-

2023 5031 2168 5086 fecto
2202 5030 2523 5085 considebat
2565 5029 2922 5099 Tarquinius,
2969 5027 3064 5098 qui
3102 5027 3267 5082 etiam
3297 5026 3480 5081 dictus
3509 5036 3596 5081 est

2022 5124 2243 5186 Laccas,
2280 5123 2537 5194 praefecto
2576 5121 2711 5176 dicit
2752 5121 2807 5175 in
2838 5129 3096 5176 secreto:
3124 5118 3387 5175 Invenisti
3439 5132 3596 5172 occa-

2021 5215 2267 5276 sionem,
2327 5212 2548 5267 domine
2595 5211 2712 5276 ml,
2772 5213 2901 5267 tolle
2955 5227 3052 5267 eos
3105 5211 3510 5282 quamprimum
3563 5225 3594 5264 a

2023 5315 2189 5361 terra.
2222 5306 2356 5360 Nam
2393 5305 2436 5360 si
2480 5304 2802 5369 tardaveris,
2835 5312 2891 5359 et
2924 5303 2992 5358 de
3017 5303 3106 5358 die
3136 5302 3190 5357 in
3218 5304 3362 5357 diem
3415 5310 3594 5356 traxe-

2021 5403 2118 5466 ris,
2162 5417 2354 5456 omnes
2385 5417 2512 5456 suas
2542 5399 2830 5454 facultates
2871 5399 3208 5454 distribuent
3231 5397 3590 5468 pauperibus,

2018 5505 2073 5550 et
2119 5495 2201 5548 eis
2239 5493 2508 5562 supplicio
2537 5491 2771 5551 aﬂ‘ectis,
2816 5497 2873 5543 tu
2925 5489 3064 5542 nihil
3113 5489 3382 5544 invenies.
3437 5487 3592 5544 Tunc

2016 5583 2339 5655 praefectus,
2367 5595 2492 5636 cum
2523 5581 2572 5634 ei
2604 5579 2903 5649 placuisset
2933 5576 3082 5632 illius
3121 5577 3435 5641 consilium,
3475 5575 3594 5646 jus-

2014 5677 2083 5731 sit
2129 5673 2456 5738 lictoribus,
2502 5681 2562 5726 ut
2608 5685 2704 5727 eos
2751 5671 3112 5742 abducerent,
3152 5671 3244 5726 ubi
3289 5679 3407 5726 erat
3439 5667 3590 5725 Iovis
