4060 6374
496 345 608 411 1⁸5

1769 348 2053 408 MENSIS
2088 349 2527 410 NOVEMBER.

3645 352 3742 417 1‘16

497 470 717 527 statua,
764 468 818 514 et
871 461 1035 529 jussit
1096 468 1175 525 ut,
1235 458 1343 516 nisi
1389 461 1552 516 ambo
1602 463 1805 518 vellent
1854 450 2073 534 imagini
2106 486 2146 533 Α
2180 466 2590 534 proﬁciscimini
2647 469 2715 522 ad
2776 483 3032 523 coronam
3072 467 3318 538 justitim,
3351 481 3512 536 quam
3560 471 3745 526 reddet

495 554 645 606 .lovis
694 552 1006 606 sacriﬁcare
1033 591 1048 618 ,
1093 551 1258 606 simul
1297 551 1552 608 subirent
1601 554 1929 624 supplicium
1975 571 2066 610 ca-

494 647 643 718 pitis.
678 646 834 700 Tunc
869 646 1169 700 venerandi
1201 654 1256 701 et
1293 647 1516 717 gloriosi
1553 647 1759 703 Christi
1797 660 2068 720 martyres

495 737 812 792 Valerianus
859 747 916 791 et
973 736 1260 792 Tiburtius
1315 739 1538 793 abducti
1586 750 1713 794 sunt
1765 756 1795 795 a
1835 742 2065 798 Maximo

493 827 730 894 praefecti
766 827 1108 881 cubiculario
1158 828 1213 882 in
1257 829 1460 894 locum,
1493 832 1586 900 qui
1622 832 1824 885 dicitur
1867 834 2061 902 Pagus.

488 918 592 982 Qui
621 919 842 988 quidem
876 920 1142 975 Maximus
1169 922 1336 990 ccepit
1357 936 1451 977 eos
1480 922 1713 988 deﬂere,
1750 932 1805 978 et
1833 925 2013 980 dicere
2047 946 2059 982 :

487 1014 531 1065 υ
565 1015 802 1082 pretiosa
838 1023 892 1068 et
921 1013 1124 1069 ﬂorens
1147 1016 1444 1085 juventus!
1474 1015 1517 1070 Ο
1549 1016 1826 1072 vinculum
1860 1034 2064 1088 magna:

488 1106 880 1160 fraternitatis!
914 1105 958 1161 Ο
997 1123 1098 1176 par
1129 1109 1560 1177 pulcherrimum
1612 1119 1669 1164 et
1696 1112 2058 1179 generosum!

489 1195 600 1250 tlur
637 1213 732 1252 vos
769 1200 822 1252 in
859 1199 1060 1253 malum
1103 1209 1159 1254 et
1195 1200 1425 1269 impium
1470 1202 1633 1254 finem
1677 1201 1923 1256 volentes
1965 1217 2062 1258 vos

484 1290 634 1356 ipsos
667 1291 964 1361 projicere,
996 1300 1052 1345 et
1091 1291 1160 1346 ad
1188 1292 1485 1347 maximum
1537 1292 1764 1348 tendere
1805 1296 2058 1362 exitium,

486 1384 556 1434 ita
603 1381 878 1437 festinatis
918 1392 1175 1452 tanquam
1204 1383 1298 1453 qui
1333 1383 1401 1438 ad
1431 1384 1700 1448 laatitiam,
1747 1396 1804 1440 et
1853 1388 2063 1458 magni-

486 1474 642 1526 ficam
668 1484 724 1528 et
765 1474 971 1528 lautam
1016 1489 1230 1529 coenam
1263 1476 1572 1530 voccmini?
1613 1476 1770 1532 Tunc
1793 1478 1927 1533 dixit
1968 1479 2061 1533 Ti-

485 1563 702 1618 burtius
730 1583 743 1619 :
777 1565 887 1620 Nos
911 1566 958 1620 si
989 1582 1099 1621 non
1139 1582 1268 1622 vere
1304 1567 1694 1623 didicissemus
1735 1570 1901 1624 aliam
1934 1587 2057 1628 esse

479 1653 653 1707 vitam
696 1664 979 1723 aeternam,
1035 1673 1158 1726 quae
1191 1657 1358 1712 vitam
1406 1669 1732 1729 prazsentem
1783 1663 2054 1732 sequitur,

483 1761 592 1800 non
627 1747 993 1816 gauderemus
1016 1764 1138 1803 eam
1166 1753 1440 1804 amittere.
1472 1751 1615 1805 Dicit
1644 1752 1726 1806 eis
1748 1752 2016 1810 Maximus
2041 1775 2054 1812 :

2171 559 2327 612 vobis
2357 560 2540 630 justus
2566 558 2741 615 Iudex
2773 577 2786 613 :
2818 574 2925 613 non
2977 559 3152 614 solum
3195 568 3379 613 autem
3422 560 3577 615 vobis
3600 601 3614 624 ,
3648 561 3740 616 sed

2169 649 2334 702 etiam
2393 649 2690 714 omnibus,
2739 649 2834 718 qui
2886 650 3125 718 diligunt
3165 649 3467 704 adventum
3519 652 3638 722 ejus
3680 654 3741 711 '°.

2170 741 2348 794 Locus
2378 749 2584 803 autem,
2613 741 2706 810 qui
2739 739 2939 794 dicitur
2969 740 3144 810 Pagus
3167 779 3182 805 ,
3210 750 3331 794 erat
3372 742 3513 796 situs
3551 752 3743 812 quarto

2169 832 2347 902 lapide
2373 833 2441 886 ab
2476 833 2614 887 urbe
2655 834 2849 897 Roma,
2879 832 2946 885 ad
2977 847 3141 900 quem
3185 841 3305 886 erat
3347 836 3741 888 transeundum

2169 939 2338 993 prope
2369 935 2579 993 portam
2607 925 2820 994 templi,
2855 937 2914 978 ut
2940 925 3260 993 quicunque
3295 923 3417 978 illae
3455 927 3741 991 transibat,

2169 1015 2273 1069 nisi
2309 1014 2456 1070 Jovis
2485 1017 2779 1071 simulacro
2809 1015 2934 1070 thus
2987 1015 3233 1080 oﬂcrrct,
3265 1014 3574 1084 puniretur.
3611 1016 3742 1072 Cum

2167 1108 2222 1161 in
2257 1121 2382 1160 eum
2411 1117 2594 1161 autem
2625 1109 2806 1162 locum
2841 1107 3121 1162 venissent
3167 1107 3342 1160 sancti
3378 1106 3663 1162 Tiburtius
3691 1118 3741 1164 et

2165 1197 2507 1259 Valerianus.
2543 1199 2843 1269 pretiosum
2901 1199 3029 1252 thus
3072 1198 3416 1262 obtulerunt,
3451 1199 3561 1253 Deo
3608 1199 3741 1254 oﬂ‘e-

2165 1299 2352 1344 rentes
2421 1304 2550 1344 suos
2602 1301 2950 1346 accusatores
2988 1306 3000 1342 :
3037 1297 3094 1343 et
3151 1288 3232 1343 sic
3258 1288 3412 1344 ﬂexis
3471 1289 3738 1360 genibus.

2165 1377 2318 1435 fuere
2351 1380 2478 1436 cazsi
2505 1381 2707 1451 gladio.
2745 1391 2802 1437 et
2830 1381 3033 1436 amisso
3063 1381 3170 1435 hoc
3196 1381 3406 1436 caduco
3431 1391 3486 1436 et
3523 1383 3738 1456 mortali

2164 1485 2420 1540 corpore,
2463 1480 2727 1526 aaternam
2765 1481 2823 1527 et
2861 1488 2982 1541 quae
3014 1487 3123 1526 non
3159 1481 3342 1540 potest
3382 1487 3738 1536 marcescere,

2162 1564 2408 1634 martyrii
2439 1579 2697 1618 coronam
2728 1578 3014 1633 accepere.

2233 1655 2377 1709 XXI.
2420 1654 2574 1710 Tunc
2605 1656 2871 1711 Maximus
2899 1657 3092 1728 jurans
3122 1655 3344 1710 dicebat
3374 1673 3387 1710 :
3425 1656 3541 1711 Vidi
3579 1672 3741 1728 ange-

2161 1744 2245 1799 los
2269 1745 2365 1800 Dei
2409 1755 2668 1816 tanquam
2697 1749 2871 1803 solen
2902 1748 3337 1817 reSplendentes,
3369 1763 3431 1803 ea
3458 1750 3592 1803 hora
3635 1764 3739 1820 qua

480 1837 548 1890 Et
579 1815 829 1906 quaenam
876 1849 1057 1908 potest
1101 1856 1222 1896 esse
1270 1843 1375 1896 alia
1417 1843 1568 1897 vita?
1610 1845 1915 1914 Respondit
1960 1846 2054 1900 Ti-
2092 1815 2130 1871 Β
2165 1835 2344 1906 gladio
2395 1815 2537 1890 sunt
2561 1838 2828 1906 percussi,
2880 1845 2938 1893 et
2985 1848 3253 1893 exeuntes
3296 1855 3487 1893 eorum
3531 1840 3741 1895 animas

462 1930 718 1996 .liurtius,
749 1939 805 1992 et
839 1931 972 1986 dixit
1002 1950 1014 1985 :
1042 1931 1330 1998 Quomodo
1355 1949 1557 2004 corpus
1603 1935 1854 1992 induitur
1897 1938 2056 1992 indu-

481 2022 699 2086 mentis,
735 2022 806 2075 ita
840 2022 1006 2076 etiam
1037 2027 1220 2078 anima
1253 2027 1504 2080 induitur
1533 2043 1788 2097 corpore.
1823 2028 1891 2082 Et
1931 2046 2058 2084 cor-

479 2128 582 2180 pus
635 2113 858 2181 quidem
909 2124 1168 2185 tanquam
1229 2133 1416 2173 semen
1458 2128 1719 2174 terrestre
1746 2159 1760 2183 ,
1797 2134 1895 2189 per
1923 2121 2051 2176 libio

478 2205 664 2258 dinem
703 2205 756 2258 in
791 2213 1063 2260 terrenam
1097 2211 1376 2262 matricem
1422 2210 1776 2264 immittitur:
1804 2211 2052 2280 genitum

476 2305 661 2348 autem
691 2305 747 2349 et
775 2297 1065 2360 nutritum,
1101 2306 1156 2352 et
1189 2299 1401 2367 lapsum
1434 2300 1489 2354 in
1515 2302 1709 2356 mortis
1731 2301 2051 2369 .interitum,

457 2397 531 2441 ct
575 2387 631 2441 in
676 2387 954 2457 pulverem
1005 2403 1360 2455 conversum,
1409 2401 1665 2461 tanquam
1697 2393 1925 2462 phoenix
1967 2394 2055 2449 fu-

463 2493 614 2534 tura:
649 2479 792 2535 lucis
847 2479 1030 2549 specie
1069 2482 1418 2537 excitabitur.
1479 2485 1676 2539 Anima
1717 2501 1849 2540 vero
1897 2487 1941 2541 si
1979 2487 2055 2542 sit

457 2581 683 2638 sancta,
712 2571 918 2626 feretur
966 2573 1020 2625 in
1057 2573 1297 2642 paradisi
1341 2573 1571 2629 delicias
1594 2615 1608 2640 ,
1656 2584 1715 2628 ut
1747 2574 1962 2630 ﬂorens
1994 2578 2046 2631 in

473 2665 726 2726 deliciis.
800 2675 1083 2734 exspectet
1153 2674 1367 2734 tempus
1415 2682 1528 2722 suae
1598 2671 2047 2724 resurrectionis.

471 2754 718 2810 Dicitreis
741 2755 1007 2810 Maximus
1035 2775 1048 2811 :
1089 2757 1292 2812 Vellem
1322 2773 1422 2828 ego
1447 2775 1669 2829 quoque
1700 2761 1840 2815 hanc
1876 2762 2045 2816 vitam

473 2861 760 2916 respuere,
795 2847 846 2902 si
885 2847 952 2904 de
983 2848 1050 2902 iis
1078 2864 1201 2918 qua:
1239 2850 1378 2904 dicis
1410 2866 1626 2919 possem
1661 2851 1778 2906 ﬁeri
1818 2853 2043 2908 certior.

471 2941 614 2995 Dicit
641 2941 693 2995 ei
728 2941 1046 2996 Valerianus
1078 2959 1091 2994 :
1127 2941 1397 3007 Quoniam
1429 2943 1568 2998 dicis
1614 2944 1711 2998 tibi
1769 2945 1907 3000 nihil
1951 2961 2048 3000 su-

473 3045 721 3097 peresse,
766 3031 872 3086 nisi
908 3039 968 3085 ut
1003 3032 1200 3100 probes
1230 3047 1356 3086 vera
1407 3047 1563 3094 esse.
1591 3049 1712 3102 quae
1755 3035 1853 3088 tibi
1903 3035 2046 3090 dixi-

471 3135 595 3174 mus
624 3138 637 3174 :
666 3135 731 3174 ea
777 3120 931 3183 hora,
985 3136 1094 3189 qua
1124 3120 1283 3175 faciet
1336 3121 1602 3177 Dominus
1648 3139 1748 3178 nos
1799 3125 2049 3194 corporis

473 3212 715 3266 tunicam
762 3225 966 3269 exuere
1016 3212 1070 3266 in
1119 3211 1358 3282 gloriosa
1405 3214 1645 3268 nosninis
1677 3216 1796 3286 ejus
1836 3216 2048 3271 confes-

471 3303 650 3370 sione,
695 3304 908 3374 aperiet
955 3304 1222 3360 Dominus
1267 3306 1461 3361 oculos
1503 3316 1657 3371 tuos,
1686 3317 1744 3361 et
1787 3306 1951 3363 faciet
1996 3319 2048 3364 te

471 3397 739 3464 aspicere,
778 3411 904 3452 cum
933 3406 1139 3467 quanta
1172 3396 1344 3467 gloria
1373 3397 1462 3451 illa
1507 3398 1617 3452 vita
1659 3398 1942 3464 redditur,
2001 3400 2048 3455 si

474 3499 660 3544 tamen
736 3490 1030 3560 promittas
1107 3489 1304 3556 nobis,
1363 3488 1512 3558 quod
1568 3502 1635 3544 ex
1691 3498 1808 3545 toto
1863 3491 2048 3545 animo

460 3581 664 3636 venies
689 3580 758 3637 ad
791 3583 870 3637 tui
896 3580 1104 3637 erroris
1128 3581 1529 3651 ptenitentiam.

535 3669 644 3725 .xx
687 3671 844 3727 Tunc
864 3671 1133 3727 Maximus
1161 3670 1510 3726 anathemate
1537 3673 1776 3740 scipsum
1801 3671 2044 3739 devovit,

469 3765 700 3821 dicens:
739 3763 999 3818 Flammis
1028 3763 1169 3834 ignis
1198 3777 1513 3828 consumar,
1546 3763 1651 3818 nisi
1683 3763 1752 3818 ab
1780 3763 1884 3818 hac
1910 3765 2044 3819 hora

468 3857 624 3912 illum
667 3856 853 3912 solum
898 3855 1068 3910 Deum
1101 3855 1428 3920 confitebor,
1485 3855 1578 3925 qui
1615 3854 1768 3921 facit,
1822 3864 1882 3910 ut
1923 3865 2046 3925 post

445 3949 611 4004 .hanc
643 3949 810 4003 vitam
840 3947 945 4002 alia
971 3947 1084 4001 vita
1108 3955 1391 4015 sequatur,
1424 3947 1528 4000 hoc
1555 3947 1689 4000 mihi
1729 3948 1906 4001 solum
1949 3964 2046 4004 vos

447 4038 782 4101 ostendite,
825 4036 972 4106 quod
1029 4036 1163 4091 estis
1211 4034 1460 4104 polliciti.
1517 4034 1581 4088 Ei
1633 4033 1824 4088 dicunt
1869 4034 2044 4089 sancti

447 4137 741 4200 .martyres
773 4127 1060 4182 Tiburtius
1083 4134 1140 4181 et
1163 4125 1488 4180 Valerianus
1513 4141 1530 4181 :
1555 4125 1696 4180 Jube
1734 4125 2042 4188 lictoribus,

455 4230 532 4275 .ut
555 4234 658 4273 nos
687 4219 741 4273 in
772 4217 993 4273 domum
1039 4225 1186 4272 tuam
1217 4216 1513 4281 abducant,
1551 4223 1607 4270 et
1650 4216 1916 4272 faciemus
1936 4257 1951 4282 ,
1983 4225 2044 4270 ut

471 4312 604 4366 illuc
651 4310 718 4364 ad
781 4319 833 4364 te
899 4308 1078 4362 veniat
1124 4307 1487 4378 puriﬁcator:
1551 4308 1644 4376 qui
1697 4310 1800 4362 hac
1859 4317 2039 4373 nocte,

447 4407 756 4470 postquam
798 4397 967 4451 fueris
1013 4396 1359 4466 puriﬁeatus,
1410 4395 1572 4452 faciet
1605 4406 1667 4452 ut
1717 4398 1908 4453 videas
1960 4399 2038 4464 id,

2165 1941 2196 1982 e
2228 1931 2556 1998 corporibus
2579 1969 2594 1994 ,
2626 1942 2886 1999 tanquam
2921 1930 3163 2000 virgines
3210 1947 3241 1985 e
3287 1931 3545 1987 thalamo.
3595 1932 3739 1998 Quas

2165 2033 2290 2074 cum
2340 2021 2485 2077 ulnis
2537 2023 2888 2092 excepissent
2938 2024 3148 2094 angeli,
3222 2024 3594 2092 strepentibus
3640 2024 3740 2079 alis

2161 2108 2481 2168 ferebantur
2537 2113 2592 2167 in
2623 2115 2844 2172 caelum.
2879 2115 3004 2170 Haec
3031 2114 3262 2170 Maximo
3301 2123 3556 2170 narrante
3611 2130 3736 2170 cum

2157 2202 2436 2274 laerymis,
2463 2205 2621 2258 multi
2646 2205 3002 2260 crediderunt
3041 2206 3096 2260 in
3141 2207 3434 2261 Dominum
3487 2219 3734 2262 nostrum

2161 2291 2348 2348 Jesum
2383 2293 2684 2359 Christum,
2717 2305 2771 2348 et
2801 2297 3051 2352 conversi
3086 2297 3154 2351 ab
3189 2313 3378 2352 errore
3416 2298 3737 2354 simulacro—

2161 2399 2305 2448 rum,
2347 2385 2561 2454 seipsos
2599 2386 2944 2441 tradiderunt
2992 2400 3180 2444 saneto
3229 2390 3437 2444 Vibano
3471 2406 3571 2444 suo
3619 2407 3734 2444 ma-

2155 2475 2348 2546 gistro.
2378 2477 2513 2532 Cum
2539 2487 2717 2532 autem
2753 2479 2820 2533 ad
2845 2479 3186 2534 Almaehium
3234 2481 3382 2535 urbis
3416 2481 3732 2552 prazfectum

2161 2566 2400 2621 venisset
2471 2567 2637 2634 fama,
2691 2569 2841 2638 quod
2882 2569 3147 2626 Maximus
3191 2572 3561 2628 cubicularius
3609 2589 3734 2628 cum

2161 2657 2418 2711 omnibus
2449 2659 2564 2712 suis
2599 2658 2780 2714 factus
2805 2671 2951 2717 esset
2985 2662 3336 2718 Christianus
3358 2705 3372 2728 ,
3395 2665 3562 2735 jussit
3607 2683 3734 2721 eum

2160 2751 2350 2804 tandiu
2388 2751 2667 2806 verberari
2709 2753 2886 2823 globis
2915 2755 3208 2824 plumbeis,
3259 2755 3434 2810 donec
3478 2757 3734 2826 spiritum

2154 2845 2456 2898 emitteret.
2525 2844 2696 2910 Quem
2741 2853 2930 2900 sancta
2979 2846 3188 2901 Christi
3251 2857 3457 2918 martyr
3517 2848 3736 2904 Caecilia

2154 2949 2281 2987 cum
2321 2936 2594 3004 posuisset
2641 2939 2889 3006 proxime
2937 2947 3155 2993 sanctos
3207 2937 3305 2992 Dei
3342 2947 3608 3010 martyres
3644 2941 3738 2994 Ti-

2155 3024 2402 3079 burtium
2435 3037 2491 3081 et
2519 3028 2889 3090 Valerianum,
2923 3027 3179 3098 deposuit
3207 3029 3264 3082 in
3294 3044 3439 3094 arca,
3486 3039 3542 3082 et
3570 3029 3736 3098 jussit

2153 3124 2213 3168 ut
2263 3116 2316 3169 in
2367 3132 2494 3172 area
2550 3119 2670 3188 ejus
2722 3120 3126 3189 insculperetur
3161 3119 3407 3190 phmnix,
3443 3120 3508 3174 ad
3551 3131 3738 3175 osten—

2153 3206 2387 3263 dendam
2425 3209 2547 3279 ejus
2589 3210 2774 3278 ﬁdem,
2805 3211 2900 3280 qui
2932 3226 2991 3265 se
3018 3211 3369 3266 inventurum
3398 3227 3518 3266 esse
3546 3227 3735 3266 resur-

2154 3303 2453 3356 rectionem
2497 3303 2772 3372 phcenicis
2813 3306 3064 3374 exemplo
3090 3305 3404 3362 admiserat.
3438 3307 3600 3361 Facta
3649 3316 3735 3362 est

2151 3400 2334 3446 autem
2373 3402 2497 3460 post
2526 3394 2642 3448 haec
2683 3395 2987 3465 inquisitio.
3019 3395 3199 3466 Caepit
3230 3399 3378 3451 enim
3407 3396 3733 3452 Almachius

2149 3481 2443 3550 praefectus
2496 3485 2786 3540 amborum
2830 3484 3064 3540 fratrum
3117 3498 3367 3556 quaerere
3417 3487 3730 3555 facultates,

2149 3587 2374 3642 promer
2413 3592 2551 3645 quas
2579 3578 2801 3632 volebat
2844 3579 3010 3653 etiam
3051 3595 3293 3650 quaerere
3328 3587 3576 3635 sanctam
3614 3581 3736 3635 Ca2-

2145 3665 2355 3730 ciliam,
2387 3677 2447 3722 ut
2475 3669 2745 3724 Valeriani
2787 3672 3096 3741 conjugem,
3135 3681 3191 3727 et
3227 3673 3394 3742 jussit
3424 3689 3544 3727 eam
3581 3676 3730 3742 apud

2147 3775 2206 3814 se
2253 3762 2390 3815 sisti.
2431 3761 2563 3828 Quae
2605 3764 2827 3833 quidem
2877 3777 3169 3836 postquam
3217 3766 3439 3829 omnia,
3472 3783 3592 3835 quae
3637 3781 3736 3819 su-

2148 3849 2465 3918 perfuerant
2501 3867 2567 3904 ex
2595 3868 2786 3906 eorum
2837 3853 3229 3922 facultatibus,
3267 3856 3502 3911 fideliter
3540 3856 3735 3910 distri-

2146 3937 2358 3994 buisset
2390 3944 2751 4011 pauperibus,
2795 3945 2962 4014 caspit
2988 3945 3079 4000 ille
3120 3962 3316 4016 urgere
3342 3986 3356 4012 ,
3403 3956 3545 4000 utea
3597 3947 3733 4002 thus

2145 4029 2393 4086 oﬁerret.
2430 4034 2470 4086 Τ
2477 4049 2583 4088 unc
2605 4034 2744 4090 dixit
2782 4036 3076 4105 ministris,
3125 4039 3220 4108 qui
3253 4053 3374 4094 eam
3418 4037 3728 4109 urgebant,

2146 4133 2206 4178 ut
2231 4125 2336 4181 hoc
2370 4127 2577 4183 faceret
2599 4145 2612 4183 :

2214 4215 2381 4271 XXII.
2429 4219 2630 4274 Audite
2681 4235 2809 4285 me,
2854 4219 3004 4276 cives
3049 4230 3106 4276 et
3156 4219 3530 4277 fratres:Vos
3591 4221 3733 4276 estis

2143 4307 2381 4363 ministri
2432 4301 2936 4381 vestri/praesidis,
2976 4321 3034 4366 et
3073 4311 3294 4366 videtur
3348 4313 3541 4377 vobis,
3571 4313 3726 4382 quod

2145 4401 2474 4458 desideratis
2507 4419 2629 4460 esse
2655 4404 2819 4459 alieni
2849 4404 2918 4458 ab
2944 4405 3066 4475 ejus
3107 4404 3403 4473 impietate.
3443 4404 3573 4458 Mihi
3622 4420 3726 4458 au-

457 4490 617 4561 quod
675 4488 776 4544 tibi
821 4487 1196 4558 promisimus.
1234 4487 1371 4542 Cum
1399 4497 1580 4544 autem
1615 4489 1883 4544 Maximus
1923 4491 2042 4560 jus-
2072 4512 2116 4570 ι)
2146 4502 2254 4549 tem
2282 4503 2366 4547 est
2403 4493 2701 4562 gloriosum
2752 4501 2808 4546 et
2843 4493 2999 4546 valde
3032 4492 3492 4557 desiderandum,
3536 4494 3730 4546 omnia

467 4582 630 4636 sisset
669 4579 994 4644 lictoribus,
1025 4577 1370 4632 abduxerunt
1409 4593 1508 4634 eos
1545 4579 1607 4633 in
1645 4579 1868 4634 domum
1901 4582 2040 4651 ejus.

465 4673 712 4739 Quorum
745 4670 1130 4741 praedicatione
1163 4670 1281 4740 ipse
1315 4671 1586 4726 Maximus
1621 4687 1744 4726 cum
1789 4679 1902 4726 tota
1943 4687 2040 4726 sua

465 4765 673 4820 familia
698 4773 754 4818 et
788 4763 925 4833 ipsis
951 4761 1244 4817 lictoribus
1275 4763 1630 4818 crediderunt
1664 4763 1719 4816 in
1747 4763 2039 4818 Dominum

463 4865 720 4914 nostrum
791 4855 978 4911 Jesum
1017 4855 1318 4909 Christum.
1387 4855 1542 4910 Tunc
1587 4865 1777 4911 sancta
1825 4855 2042 4911 Cmeilia

468 4948 620 5004 venit
648 4946 716 5000 ad
745 4945 894 5016 ipsos
931 4958 1098 5000 noctu
1129 4961 1254 5000 cum
1281 4947 1692 5011 sacerdotibus,
1725 4955 1781 5001 et
1812 4945 2038 5002 fuerunt

465 5055 659 5095 omnes
695 5038 956 5106 baptizati
999 5038 1053 5092 in
1078 5037 1301 5091 nomine
1337 5036 1516 5092 Patris
1565 5047 1622 5092 et
1653 5039 1775 5092 Filii
1817 5049 1877 5092 et
1918 5039 2040 5108 Spi-

470 5131 610 5184 ritus
660 5129 856 5184 sancti.
909 5127 1051 5183 Cum
1122 5137 1305 5182 autem
1359 5127 1612 5184 exoriens
1669 5131 2036 5196 matutinum,

465 5219 618 5273 nocti
664 5218 827 5272 ﬁnem
867 5217 1129 5280 dedisset,
1167 5232 1365 5288 magno
1416 5218 1634 5273 silentio
1685 5219 1852 5283 facto,
1902 5220 2040 5274 dixit

469 5321 654 5368 Sancta
705 5310 923 5365 Cmeilia
951 5329 963 5363 :
996 5311 1186 5366 Estote
1241 5310 1368 5366 forti
1419 5319 1476 5365 et
1529 5326 1726 5381 magno
1766 5313 1970 5376 animo,
2008 5327 2041 5366 ο

468 5402 568 5456 Dei
599 5401 832 5466 milites;
863 5402 1084 5472 abjicite
1128 5418 1296 5472 opera
1339 5403 1716 5467 tenebrarum,
1761 5413 1817 5458 et
1857 5403 2043 5457 indui-

470 5491 604 5545 niini
638 5507 788 5548 arma
816 5494 958 5549 lueis
985 5495 1028 5548 θ.
1065 5496 1364 5552 Pulchrum
1398 5503 1674 5550 certamen
1711 5495 2039 5560 certavistis,

470 5597 694 5640 cursum
724 5587 1032 5655 peregistis,
1066 5587 1226 5642 fidem
1251 5587 1694 5644 conscrvavistis.
1741 5590 1816 5645 De
1845 5599 2045 5645 Caetera

575 5761 598 5797 '
644 5761 804 5822 Rom.
855 5780 968 5836 xm,
1015 5767 1101 5820 η.
1189 5767 1231 5798 ¹⁰
1275 5767 1317 5823 ll
1360 5767 1502 5822 Tim.
1552 5783 1624 5834 tv,
1675 5767 1724 5824 7.

2147 4587 2260 4655 pati
2295 4587 2481 4657 gravia
2510 4601 2612 4657 pro
2637 4585 2843 4641 Christi
2897 4585 3264 4641 confessione.
3296 4586 3430 4640 Nam
3457 4601 3582 4640 cum
3620 4587 3735 4641 hac

2147 4678 2259 4732 vita
2285 4693 2566 4748 nunquam
2599 4677 2766 4733 statui
2798 4677 2965 4733 ullam
3010 4677 3217 4733 habere
3257 4677 3579 4731 amicitiam.
3615 4676 3731 4731 Sed

2145 4784 2215 4823 ne
2242 4769 2362 4825 sitis
2391 4769 2459 4824 de
2492 4778 2681 4824 nostra
2730 4769 2951 4824 solliciti
2985 4769 3298 4838 juventute,
3326 4783 3488 4838 quam
3538 4769 3731 4822 omnis

2145 4881 2293 4920 curre
2325 4865 2458 4920 estis
2486 4857 2766 4934 expertem
2814 4865 3112 4920 reddituri.
3151 4864 3334 4918 Facite
3372 4877 3526 4931 ergo,
3567 4863 3728 4932 quod

2145 4959 2213 5012 ab
2243 4958 2435 5027 iniquo
2469 4957 2699 5025 prreside
2737 4964 2822 5012 est
2857 4957 3015 5012 vobis
3058 4956 3410 5026 imperatum.
3438 4955 3595 5009 Tunc
3640 4954 3731 5008 illi

2145 5053 2433 5115 coeperunt
2489 5044 2779 5100 lamentari
2811 5052 2866 5098 et
2896 5043 3162 5112 conqueri
3206 5041 3352 5110 quod
3394 5049 3503 5093 tam
3544 5039 3729 5092 electa

2147 5137 2350 5206 puella,
2382 5144 2440 5193 et
2475 5143 2582 5190 tam
2615 5134 2926 5205 intelligens
2955 5143 3012 5188 et
3036 5133 3260 5197 nobilis,
3293 5141 3516 5201 cuperet
3552 5131 3735 5186 inter-

2147 5227 2237 5284 ﬁci
2277 5236 2368 5282 :el
2402 5243 2521 5281 eam
2557 5227 2842 5296 rogabant,
2877 5225 3148 5289 dicentes,
3177 5239 3246 5279 ne
3272 5224 3435 5278 talem
3463 5225 3730 5277 decorem

2147 5317 2464 5377 amitteret,
2510 5330 2690 5384 neque
2733 5315 2894 5369 talem
2945 5315 3184 5385 speciem
3239 5321 3593 5368 converteret
3653 5312 3729 5365 ad

2150 5417 2402 5462 mortem.
2451 5406 2664 5472 Quibus
2733 5406 2994 5460 ﬂentibus
3045 5416 3098 5460 et
3129 5406 3320 5461 dolore
3370 5404 3580 5457 vexatis
3643 5402 3731 5456 sic

2147 5509 2336 5554 sancta
2372 5499 2656 5568 respondit
2685 5498 2902 5553 Caecilia
2937 5514 2951 5552 :
2993 5497 3128 5562 Hoc,
3165 5513 3198 5552 ο
3231 5497 3466 5559 fratres,
3496 5509 3606 5548 non
3639 5503 3731 5550 est

2151 5592 2378 5662 perdere
2403 5591 2770 5663 juventutem,
2809 5591 2907 5648 sed
2939 5599 3316 5660 commutare;
3359 5589 3488 5645 dare
3518 5589 3726 5661 lutum,
