4060 6374
337 292 437 357 177

1472 308 1646 368 VITA
1681 309 1744 371 S.
1784 309 2129 370 εεΕειιιλΕ
2159 313 2254 373 ΕΤ
2297 315 2454 376 SOC.

3488 319 3588 381 ΠΒ

333 419 389 462 et
415 423 612 464 aurum
643 410 933 482 accipere;
984 414 1116 471 dare
1169 417 1582 476 tabernaculum
1635 423 1802 478 breve
1855 431 1910 478 et
1942 424 1985 482 Δ
2013 441 2264 496 quanam
2291 428 2360 483 sit
2415 427 2546 482 mihi
2584 427 2860 497 potestas?
2911 427 3058 482 Dixit
3101 428 3588 482 sanetaﬂmcilia:

340 500 682 569 miserabile,
729 512 786 560 et
842 521 1092 576 magnam
1122 511 1541 584 speciosamque
1581 525 1638 569 et
1682 515 1917 584 amplam

335 592 562 648 domum
609 595 895 666 accipere,
945 615 1014 654 ex
1057 601 1336 672 lapidibus
1378 606 1637 675 pretiosis
1679 614 1732 662 et
1782 623 1920 662 auro

337 683 661 739 aedificatam
693 703 707 740 :
734 686 866 742 dare
911 691 1172 760 angulum
1213 701 1564 750 tenebrosum
1588 738 1603 763 ,
1636 705 1691 750 et
1736 697 1917 752 locum

339 777 592 846 accipere
634 777 920 846 lucidum,
975 785 1288 853 margaritis
1341 788 1779 855 resplendentem
1813 803 1921 845 coe-

339 867 573 923 lestibus
606 885 621 922 :
653 868 789 925 dare
829 874 1232 940 possessionem
1277 892 1397 946 quae
1437 877 1578 945 perit
1603 915 1616 938 ,
1668 887 1724 932 et
1776 879 1921 933 acci-

338 971 474 1025 pere
524 960 931 1027 possessionem
982 977 1104 1030 qua:
1149 979 1261 1017 non
1296 967 1576 1034 cognoscit
1626 966 1824 1027 finem,
1866 976 1924 1021 et

345 1049 560 1117 ignorat
597 1059 868 1116 mortem;
897 1050 1032 1106 dare
1057 1053 1297 1122 lapidem
1334 1056 1726 1123 miserabilem,
1757 1072 1920 1126 quem

343 1138 576 1208 pedibus
613 1141 987 1207 conculcatis,
1032 1155 1089 1197 et
1133 1144 1382 1215 accipere
1426 1147 1661 1216 lapidem
1713 1151 1919 1218 pretio-

345 1246 503 1294 sum,
558 1232 653 1301 qui
702 1231 876 1287 forma
919 1234 1235 1304 resplendet
1284 1238 1338 1290 in
1395 1239 1545 1307 regio
1588 1239 1919 1295 diademate.

347 1321 518 1377 Hodie
551 1323 594 1377 si
621 1324 746 1392 quis
773 1325 856 1379 sic
885 1324 1082 1379 offerat
1107 1341 1327 1393 aureos,
1365 1340 1424 1382 ut
1451 1330 1732 1385 minimam
1764 1348 1923 1387 num-

347 1431 561 1470 morum
587 1417 951 1486 quantitatem
985 1433 1052 1472 ex
1083 1419 1151 1474 iis
1186 1419 1352 1474 alacri
1378 1421 1564 1478 animo
1594 1435 1920 1492 proventum

347 1507 618 1578 accipiat;
647 1526 778 1564 num
822 1524 920 1563 vos
956 1526 1175 1581 quoque
1220 1512 1476 1568 lubenter
1524 1517 1822 1572 curreretis
1853 1517 1920 1570 ad

348 1600 509 1655 talem
539 1603 990 1672 negotiationem,
1022 1612 1078 1658 et
1109 1619 1303 1660 omnes
1329 1618 1606 1675 parentes,
1648 1617 1705 1664 et
1739 1619 1921 1676 notos,

349 1699 403 1747 et
437 1704 716 1763 cognatos,
746 1695 1112 1766 dilectosque,
1150 1705 1206 1750 et
1231 1698 1592 1768 pr0pinquos,
1628 1707 1685 1754 et
1715 1702 1922 1757 amicos

346 1784 631 1838 vobiscum
676 1785 937 1843 faceretis
987 1789 1258 1844 currere?
1313 1789 1369 1843 Si
1426 1791 1551 1859 quis
1595 1801 1779 1847 autem
1826 1810 1925 1850 vos
1953 1768 1997 1823 Β

353 1882 640 1930 currentes
695 1886 1007 1943 averteret,
1041 1879 1278 1934 dicendo
1311 1896 1407 1936 vos
1434 1882 1705 1938 inutiliter
1738 1901 1928 1944 omnes

355 1974 558 2021 vestros
612 1982 864 2024 nummos
923 1984 1041 2024 esse
1087 1971 1344 2037 daturos,
1400 1989 1530 2027 num
1594 1992 1690 2030 eos
1735 1981 1930 2048 essetis

349 2055 563 2110 irrisuri
600 2065 663 2111 ut
689 2059 1025 2128 ignorantes.
1061 2071 1118 2118 et
1167 2065 1261 2134 qui
1312 2064 1450 2120 nihil
1484 2080 1877 2138 cognoscerent
1909 2089 1926 2128 :

349 2162 446 2202 vos
474 2158 659 2205 autem
693 2151 801 2206 laeti
832 2158 1151 2222 curreretis,
1185 2159 1331 2228 quod
1354 2176 1478 2216 cum
1515 2165 1759 2232 pretioso
1793 2183 1930 2224 auro

346 2241 551 2296 essetis
592 2248 957 2328 permutaturi
988 2264 1063 2304 aes
1102 2251 1442 2318 miserabile,
1487 2263 1544 2308 et
1587 2271 1697 2311 non
1748 2259 1929 2328 tnagni

349 2323 653 2400 pretii?Et
701 2351 798 2391 vos
837 2339 1059 2408 quidem
1105 2343 1321 2411 pondus
1369 2360 1470 2415 pro
1516 2348 1760 2416 pondere
1797 2323 1930 2421 gau-

347 2421 490 2476 detis
539 2425 819 2496 aecipere;
869 2429 1014 2486 Deus
1049 2442 1233 2488 autem
1284 2452 1394 2490 non
1429 2437 1524 2492 dat
1569 2440 1782 2509 pondus
1829 2458 1930 2512 pro

349 2514 617 2583 pondere,
650 2520 743 2573 sed
768 2523 970 2592 accipit
998 2524 1278 2595 simplum,
1306 2537 1361 2583 et
1384 2530 1564 2584 reddit
1586 2533 1928 2604 centuplum;

347 2617 606 2676 praeterea
651 2627 782 2667 vero
810 2614 977 2669 vitam
1017 2633 1238 2688 quoque
1269 2631 1554 2679 aeternam.

415 2699 607 2758 XXlll.
641 2701 779 2759 Cum
809 2705 924 2762 haec
953 2717 1136 2765 autem
1161 2713 1308 2768 dicta
1338 2703 1574 2771 essenta
1606 2718 1761 2774 beata
1808 2720 1928 2777 Ca:-

347 2792 493 2859 cilia,
522 2796 774 2850 ascendit
802 2814 966 2868 supra
992 2801 1224 2870 petram,
1253 2820 1375 2874 quae
1422 2817 1540 2862 erat
1564 2825 1736 2880 prope
1763 2814 1932 2882 pedes

347 2883 488 2952 ejus,
560 2894 619 2939 et
664 2886 800 2941 dicit
848 2892 1157 2948 omnibus:
1216 2893 1456 2953 Creditis
1505 2913 1589 2962 ea,
1636 2917 1757 2969 qua:
1819 2903 1930 2958 dixi

347 2973 545 3029 vobis?
576 2976 666 3030 Illi
697 2987 881 3033 autem
908 2996 1013 3035 una
1039 2999 1172 3038 voce
1201 2984 1462 3040 dixerunt
1494 3003 1687 3044 omnes
1726 3007 1738 3044 :
1766 2990 1929 3047 Certe

349 3066 629 3123 credimus
659 3069 714 3123 in
741 3071 1023 3127 Christum
1052 3076 1252 3130 Filium
1285 3078 1404 3143 Dei,
1441 3095 1569 3134 eum
1595 3098 1715 3138 esse
1740 3100 1928 3141 verum
1958 3108 2000 3166 ρ

350 3156 519 3210 Deum
557 3159 651 3226 qui
681 3167 730 3214 te
764 3163 923 3216 talem
960 3165 1120 3219 habet
1150 3167 1428 3222 ancillam.
1469 3171 1610 3226 Dicit
1637 3173 1718 3226 eis
1741 3185 1931 3231 sancta
1964 3156 1972 3231 ἶ

349 3246 618 3304 Caecilia:
694 3252 772 3306 lte
804 3252 872 3308 de
925 3264 1146 3322 caetero,
1207 3267 1263 3313 et
1327 3259 1493 3316 dicite
1551 3263 1932 3321 infelicissimo

351 3341 654 3406 Almachio,
697 3345 844 3413 quod
885 3362 984 3418 ego
1010 3365 1180 3403 unum
1212 3351 1419 3406 donum
1451 3364 1600 3424 peto,
1658 3373 1728 3413 ne
1766 3359 1935 3416 nimis

355 3432 630 3485 acceleret
688 3433 734 3486 is
767 3449 940 3489 meam
978 3436 1427 3495 decertationem.
1482 3443 1594 3514 Ego
1642 3455 1824 3502 autem
1857 3448 1939 3501 fa-

353 3519 514 3584 ciam,
548 3529 611 3573 ut
645 3520 700 3574 in
727 3521 949 3577 domum
977 3540 1152 3580 meam
1181 3529 1363 3584 veniat
1385 3533 1760 3588 sanctissimus
1797 3551 1938 3606 papa

353 3609 626 3674 Urbanus,
660 3623 720 3666 ut
749 3613 914 3668 faciat
945 3632 1042 3670 vos
1073 3632 1266 3673 omnes
1297 3620 1421 3675 vita:
1448 3633 1670 3678 aeternae
1713 3627 1935 3694 partici-

356 3715 467 3767 pes,
485 3709 541 3754 et
565 3701 646 3756 sic
673 3702 766 3756 Dei
800 3705 1150 3772 providentia
1195 3723 1295 3778 ego
1321 3725 1539 3780 quoque
1591 3728 1941 3769 consumma-

359 3791 473 3845 hor.
511 3793 670 3847 Tunc
701 3809 825 3848 cum
875 3796 929 3850 in
958 3798 1078 3867 ejus
1118 3797 1344 3853 domum
1383 3802 1625 3856 venisset
1656 3805 1931 3860 sanctissi.

361 3899 478 3938 mus
491 3901 629 3954 papa
651 3886 924 3952 Urbanus,
945 3888 1243 3958 baptizavit
1261 3891 1550 3961 plusquam
1571 3895 1936 3966 quadringen-

363 3985 459 4040 tos,
489 3977 699 4032 diversi
717 3993 904 4044 sexus,
933 3980 1169 4046 fortuna:
1196 3990 1252 4038 et
1270 3984 1465 4039 aetatis.
1487 3985 1635 4040 Inter
1656 4003 1796 4056 quos
1819 3998 1941 4045 erat

365 4068 444 4121 vir
487 4069 848 4136 clarissimus,
897 4074 1121 4129 nomine
1171 4074 1502 4131 Gordianus.
1543 4079 1593 4134 Is
1632 4094 1757 4133 cum
1791 4096 1943 4152 papae

369 4161 617 4227 precibus
640 4162 865 4217 domum
881 4175 1084 4220 sanctae
1099 4164 1331 4223 Caeciliae
1355 4170 1568 4222 vocavit
1607 4185 1674 4225 ex
1705 4187 1804 4225 suo
1839 4189 1942 4227 no-

370 4251 522 4318 mine,
540 4263 602 4306 ut
621 4254 676 4307 in
689 4255 906 4310 occulto
922 4272 988 4312 ex
1007 4257 1100 4312 illo
1124 4257 1236 4324 die,
1255 4275 1320 4313 ex
1340 4275 1451 4330 quo
1475 4261 1589 4316 illic
1602 4261 1803 4318 Christi
1822 4279 1944 4334 per-

369 4352 540 4399 actum
552 4356 641 4400 est
669 4346 958 4416 baptisma,
984 4349 1138 4404 fieret
1161 4350 1402 4407 Ecclesia
1461 4353 1743 4409 Dominica
1766 4371 1780 4420 ;
1805 4355 1942 4410 adeo

2025 515 2250 587 Ignoras
2273 527 2356 585 tu,
2382 532 2632 587 quaenam
2667 517 2738 572 sit
2784 516 2918 571 mihi
2954 525 3197 586 potestas
3224 519 3247 572 ?
3274 517 3408 572 Nam
3453 518 3499 572 si
3533 526 3589 571 tu

2022 622 2110 664 me
2138 608 2423 678 rogaveris
2464 609 2532 664 de
2583 617 2675 664 tua
2725 617 3017 678 potestate,
3071 609 3217 664 veris
3248 610 3434 664 verbis
3482 609 3584 663 tibi

2023 700 2289 768 aperiam.
2350 699 2493 755 Dicit
2550 702 2601 754 ei
2649 701 2937 769 praefectus
2963 717 2980 750 ι
3007 699 3125 763 Dic,
3159 701 3205 754 si
3261 698 3393 770 quid
3420 700 3587 753 nosti.

2023 789 2218 844 Sancta
2258 789 2395 844 dixit
2423 789 2641 843 Czccilia
2669 804 2682 841 :
2713 787 2908 843 Omnis
2964 789 3205 844 hominis
3232 796 3479 858 potestas
3508 797 3589 842 est

2022 880 2250 950 perinde
2312 895 2376 934 ac
2425 885 2550 933 uter
2597 888 2763 933 vento
2797 880 2994 948 plenus
3026 896 3040 931 :
3073 895 3237 949 quem
3269 880 3316 933 si
3354 895 3461 934 una
3491 895 3592 933 acu

2023 973 2342 1043 pupugeris,
2367 975 2547 1029 omnis
2577 983 2759 1028 tumor
2788 973 2909 1043 ejus
2935 970 3064 1026 colli
3119 969 3415 1024 flaccescit.
3448 969 3592 1036 Quin

2023 1064 2186 1120 etiam
2228 1065 2274 1119 si
2313 1065 2624 1121 invenietur
2658 1065 2714 1119 in
2750 1079 2872 1134 ipso
2901 1061 3109 1130 aliquid
3137 1070 3378 1130 portare,
3429 1061 3596 1116 inﬂe.

2023 1158 2213 1212 ctitur.
2260 1158 2407 1213 Dixit
2452 1159 2740 1230 praefectus
2773 1176 2788 1213 :
2823 1158 3052 1228 Coepisti
3087 1172 3117 1210 a
3153 1157 3509 1219 contumelia,
3544 1165 3600 1212 et

2024 1266 2346 1319 perseveras
2371 1252 2426 1305 in
2479 1252 2854 1307 contumeliis.
2914 1249 3061 1304 Dixit
3113 1259 3301 1305 sancta
3333 1248 3596 1304 Caecilia:

2022 1342 2140 1395 Non
2167 1341 2369 1396 dicitur
2396 1343 2749 1409 contumelia,
2775 1343 2878 1397 nisi
2906 1343 2962 1396 in
2991 1357 3085 1397 eos
3116 1342 3208 1412 qui
3246 1356 3419 1411 pauca
3460 1355 3590 1410 pec—

2026 1441 2174 1494 cant,
2236 1447 2346 1486 non
2420 1442 2673 1489 teneatur
2721 1432 3046 1488 moderatio.
3102 1431 3468 1498 Quamobrem
3513 1429 3598 1482 vel

2024 1523 2159 1576 doce
2234 1524 2648 1588 contumeliam,
2703 1524 2748 1579 si
2800 1523 2994 1578 falsum
3045 1537 3164 1577 sum
3230 1522 3442 1586 locuta;
3507 1520 3594 1574 vel

2024 1611 2256 1679 teipsum
2290 1613 2513 1684 castiga,
2548 1615 2875 1670 subeuntem
2914 1613 3209 1685 judicium.
3241 1612 3388 1667 Dixit
3415 1611 3600 1666 Alma-

2027 1703 2187 1757 chius
2241 1705 2534 1773 prmfectus
2580 1706 2871 1776 :lgnoras,
2942 1705 3088 1776 quod
3144 1704 3356 1759 domini
3411 1703 3596 1758 invicti

2029 1793 2389 1864 imperatores
2428 1797 2711 1867 jusserunt
2771 1805 2833 1851 ut
2873 1797 2966 1866 qui
3009 1811 3119 1850 non
3166 1794 3489 1866 negaverint
3541 1810 3602 1848 se

2027 1903 2147 1942 esse
2170 1887 2530 1952 Christianos,
2560 1888 2862 1958 puniantur
2887 1905 2902 1954 ;
2923 1888 3017 1958 qui
3046 1895 3230 1942 autem
3253 1886 3598 1957 negaverint,

2028 1977 2397 2034 dimittantur.
2426 1979 2573 2034 Dixit
2610 1989 2794 2036 sancta
2829 1979 3044 2036 Caecilia
3079 1999 3092 2035 :
3121 1981 3212 2036 Sic
3233 1979 3413 2036 vestri
3463 1994 3604 2034 sem-

2028 2086 2125 2140 per
2139 2073 2722 2143 er-rantimperatores,
2753 2072 3075 2128 sicutetiam
3100 2081 3280 2128 vestra
3303 2071 3595 2127 celsitudo.

2026 2162 2161 2216 Nam
2206 2179 2325 2234 quae
2357 2163 2425 2219 ab
2462 2163 2596 2234 ipsis
2630 2165 2902 2234 processit
2931 2164 3230 2230 sententia,
3251 2179 3350 2218 vos
3370 2161 3592 2233 quidem

2032 2259 2226 2306 testata
2255 2262 2339 2307 est
2381 2269 2503 2310 esse
2555 2253 2775 2324 impios,
2830 2269 2934 2310 nos
2976 2261 3159 2309 autem
3191 2268 3311 2309 esse
3363 2251 3606 2308 ostendit

2031 2341 2375 2398 innocentes.
2412 2343 2468 2399 Si
2493 2345 2641 2399 enim
2670 2347 2873 2399 malum
2911 2354 3056 2400 esset
3086 2345 3190 2400 hoc
3219 2358 3444 2410 nomen,
3489 2358 3592 2398 nos

2029 2433 2248 2502 quidem
2283 2434 2725 2505 negavissemus.
2761 2436 2873 2492 Vos
2922 2445 3130 2499 autem,
3195 2445 3256 2490 ut
3281 2449 3386 2490 nos
3433 2432 3607 2488 conti,

2031 2532 2228 2586 temur,
2262 2525 2488 2580 omnino
2530 2526 2868 2597 coegissetis.
2930 2526 3078 2581 Dixit
3126 2525 3463 2597 praefectus:
3496 2525 3604 2581 Pro

2030 2614 2234 2683 pietate
2275 2629 2372 2670 sua
2407 2617 2512 2673 hoc
2547 2617 2845 2673 valuerunt
2894 2627 3158 2683 statuere,
3198 2626 3259 2672 ut
3309 2633 3409 2674 sua
3449 2616 3609 2672 heni-

2035 2705 2243 2774 gnitate
2273 2706 2444 2760 vitam
2479 2708 2758 2774 donando,
2802 2710 2962 2765 vobis
3022 2708 3422 2780 gratiﬁcentur.
3458 2708 3604 2763 Dixit

2032 2806 2217 2851 sancta
2243 2797 2461 2854 Caecilia
2493 2818 2506 2854 :
2543 2799 2692 2855 Nihil
2722 2809 2806 2856 est
2834 2815 3001 2870 aeque
3030 2801 3283 2870 impium,
3303 2800 3440 2855 nihil
3459 2801 3612 2868 {vero

2037 2896 2148 2941 tam
2183 2888 2512 2945 innocentia:
2539 2890 2849 2958 inimicum,
2871 2906 3034 2961 quam
3057 2890 3170 2946 reis
3185 2891 3370 2946 omnia
3402 2889 3606 2946 inferre

2034 2979 2302 3049 supplicia
2331 2981 2400 3038 ad
2431 2981 2555 3047 hoc,
2589 2990 2651 3037 ut
2686 2997 2840 3037 suam
2867 2982 3112 3052 iniquam
3163 2988 3438 3036 testentur
3469 2995 3600 3050 qua-

2034 3071 2270 3134 litatem,
2311 3080 2366 3126 et
2401 3071 2469 3128 de
2503 3088 2692 3128 eorum
2754 3073 2811 3129 in
2852 3072 3113 3144 mysterio
3137 3073 3303 3127 sociis
3353 3073 3611 3142 gravissi-

2039 3177 2183 3217 mam
2216 3164 2418 3220 habere
2474 3164 2854 3234 quaestionem.
2887 3165 2998 3220 Nos
3037 3174 3222 3220 autem
3253 3180 3392 3234 quos
3448 3166 3612 3220 inno-

2037 3265 2223 3311 centes
2252 3257 2604 3327 cognoscitis,
2636 3258 2877 3312 nominis
2925 3257 3102 3312 solum
3167 3261 3460 3314 accusatis.
3503 3258 3610 3314 Sed

2039 3365 2158 3412 nos,
2188 3349 2280 3418 qui
2322 3356 2570 3404 sanetum
2631 3363 2832 3404 nomen
2862 3348 3072 3403 Christi
3126 3350 3532 3419 cognoscimus,
3559 3351 3610 3403 id

2039 3439 2265 3495 omnino
2316 3455 2517 3511 negare
2570 3456 2680 3495 non
2717 3455 3035 3510 possumus.
3074 3440 3172 3495 Est
3227 3441 3374 3494 enim
3416 3442 3614 3496 melius

2043 3531 2180 3583 mori
2208 3529 2459 3595 feliciter,
2497 3546 2662 3601 quam
2719 3530 2905 3585 vivere
2960 3530 3273 3587 infeliciter.
3299 3530 3420 3585 'Nos
3466 3531 3610 3586 enitn

2042 3638 2171 3677 vera
2199 3623 2469 3688 dicentes,
2492 3639 2588 3678 vos
2624 3623 2905 3693 punimus,
2937 3623 3142 3694 quibus
3161 3634 3247 3679 est
3269 3637 3611 3693 persuasum,

2043 3723 2101 3766 ut
2137 3713 2331 3768 falsum
2365 3715 2622 3770 audiatis.

2116 3802 2279 3858 XXV.
2305 3805 2454 3860 Dixit
2474 3805 2791 3861 Almacbius
2817 3807 3108 3876 praefectus
3136 3823 3148 3859 :
3179 3805 3329 3877 Elige
3354 3815 3410 3860 tu
3444 3822 3611 3862 unum

2043 3911 2106 3950 ex
2141 3895 2355 3952 duobus
2387 3913 2402 3950 :
2431 3908 2525 3952 aut
2547 3896 2814 3958 sacrifica,
2845 3906 2941 3952 aut
2965 3913 3098 3967 nega
3122 3906 3173 3952 te
3198 3913 3321 3952 esse
3349 3897 3644 3953 Christia-'

2044 4002 2194 4051 nam,
2218 3997 2275 4041 ut
2300 3986 2487 4041 delicti
2520 3987 2616 4040 tibi
2650 3986 2812 4040 detur
2855 3988 3034 4041 venia.
3083 3987 3239 4042 Tunc
3269 3986 3614 4042 dixitridens

2043 4085 2229 4132 sancta
2257 4076 2473 4132 Caecilia
2503 4094 2515 4130 :
2549 4075 2594 4130 Ο
2633 4077 2872 4146 iudicem
2931 4076 3138 4147 pudore
3189 4079 3502 4133 necessario
3537 4080 3616 4133 af-

2043 4167 2282 4224 fectum!
2317 4168 2444 4222 Vult
2469 4183 2555 4222 me
2611 4184 2840 4236 negare,
2875 4179 3076 4226 etesse
3108 4184 3196 4224 me
3237 4170 3612 4234 innocentem,

2045 4267 2106 4314 ut
2134 4260 2250 4329 ipse
2286 4274 2375 4314 me
2429 4259 2596 4314 faciat
2637 4259 2855 4314 crimini
2881 4261 3195 4316 obnoxiam.
3234 4260 3291 4316 Si
3325 4260 3411 4316 vis
3449 4277 3616 4318 accu-

2045 4364 2188 4413 sare,
2220 4364 2321 4404 cur
2351 4364 2439 4404 me
2477 4349 2812 4417 adhortaris,
2836 4361 2895 4405 ut
2917 4352 3146 4422 negem?
3179 4349 3276 4405 Sin
3312 4360 3496 4408 autem
3532 4355 3619 4409 vis

370 4437 801 4494 utsanctissimus
819 4456 1037 4511 quoque
1057 4459 1193 4514 papa
1211 4443 1462 4499 Urbanus
1481 4445 1593 4500 illic
1608 4447 1823 4501 occulte
1847 4447 1935 4501 ha-

2046 4435 2354 4502 absolvere,
2381 4451 2482 4491 cur
2506 4451 2616 4491 non
2647 4438 2732 4493 vis
2787 4439 3110 4509 iuquirere?
3146 4440 3289 4495 Dixit
3330 4443 3620 4511 praefectus

369 4526 558 4582 bitaret
576 4546 592 4594 ;
612 4530 791 4586 indies
817 4541 997 4586 autem
1016 4534 1093 4589 Cb
1104 4535 1217 4588 risti
1243 4536 1636 4604 redemptionis
1663 4536 1817 4592 lucra
1835 4537 1946 4592 illic

369 4629 693 4686 crescerent,
720 4623 988 4677 etdiaboli
1020 4632 1205 4680 essent
1233 4625 1430 4679 damna
1458 4627 1908 4683 innumerabilia.

433 4707 627 4764 XXIV.
657 4710 794 4764 Cum
830 4712 948 4768 haec
978 4723 1162 4768 autem
1199 4714 1412 4779 fierent,
1447 4715 1768 4772 Almachius
1789 4718 1943 4774 urbis

372 4800 662 4867 praefectus
712 4801 870 4873 jubet
926 4819 1109 4859 coram
1144 4820 1203 4860 se
1257 4805 1376 4860 sisti
1416 4806 1738 4875 Caeciliam;
1779 4824 1944 4877 quam

376 4892 743 4964 interrogans,
773 4896 821 4950 ei
859 4895 1040 4951 dicit:
1100 4894 1257 4962 Quod
1293 4909 1378 4951 est
1427 4915 1629 4954 nomen
1685 4909 1864 4966 tuum,
1911 4915 1945 4956 ο

377 4986 589 5052 puella?
620 4987 1128 5057 Responditsancta
1164 4987 1434 5045 :Caecilia.
1468 4991 1616 5045 Dixit
1655 4992 1946 5062 praefectus

375 5078 687 5134 Almachius
715 5079 919 5151 :Cujus
959 5096 1020 5135 es
1088 5081 1461 5137 conditionis?
1507 5082 1656 5138 Dixit
1689 5083 1942 5140 Caecilia:

377 5169 609 5240 lngenua
652 5188 722 5226 ex
772 5173 1118 5228 clarissimis.
1173 5173 1320 5226 Dixit
1372 5175 1704 5244 praefectus:
1741 5175 1854 5245 Ego
1894 5186 1947 5231 te

379 5275 506 5330 rogo
531 5261 601 5315 de
646 5261 936 5330 religione,
984 5278 1096 5317 non
1152 5272 1336 5317 autem
1401 5265 1469 5317 de
1494 5279 1718 5333 genere.
1750 5264 1946 5320 Sancta

376 5350 507 5406 dixit
523 5351 744 5408 Caicilia
781 5369 796 5408 :
831 5352 1196 5423 interrogatio
1229 5361 1320 5408 tua
1368 5355 1594 5408 stultum
1622 5355 1944 5426 cepitprin-

375 5445 598 5514 cipium,
631 5461 753 5515 quae
781 5443 894 5500 duo
930 5460 1194 5513 responsa
1228 5446 1448 5500 videtur
1484 5447 1685 5501 elicere
1715 5463 1782 5501 ex
1838 5464 1944 5502 una

377 5537 699 5606 quaestione.
729 5533 876 5588 Dixit
903 5533 1194 5602 praefectus
1227 5552 1239 5587 :
1273 5533 1557 5589 Undenatn
1588 5545 1672 5588 est
1704 5534 1803 5589 tibi
1827 5536 1945 5591 haec

381 5627 615 5682 fiducia?
648 5625 952 5697 Respondit
1009 5636 1196 5681 sancta
1234 5626 1347 5680 :Ex
1392 5625 1534 5680 bona
1575 5627 1943 5696 conscientia,

381 5725 431 5771 et
480 5717 583 5771 fide
629 5731 736 5771 non
791 5717 1068 5772 simulata.
1122 5715 1264 5769 Dixit
1327 5715 1662 5787 praefectus:
1716 5718 1942 5792 Ignoras

2047 4525 2372 4582 Amalchius
2409 4544 2423 4581 :
2461 4528 2677 4584 Adsunt
2721 4541 3090 4598 accusatores,
3127 4531 3219 4602 qui
3265 4541 3537 4588 testantur
3566 4542 3622 4589 te

2045 4635 2167 4675 esse
2190 4619 2584 4677 Christianam.
2627 4621 2684 4676 Si
2743 4638 2875 4694 ergo
2929 4625 3331 4695 quamprimum
3388 4642 3620 4696 negave'

2046 4712 2140 4774 ris,
2207 4713 2458 4783 impones
2543 4713 2704 4769 ﬁnem
2757 4731 2948 4770 eorum
3008 4717 3469 4772 accusationibus.
3525 4718 3619 4771 Sin

2042 4813 2227 4859 autem
2316 4805 2558 4859 nolueris
2624 4821 2846 4876 negare,
2931 4807 3036 4861 hoc
3130 4816 3234 4861 tute
3319 4807 3622 4876 imputabis

2047 4894 2320 4960 amentiae,
2353 4895 2578 4965 quando
2631 4897 2687 4949 in
2742 4905 2794 4951 te
2819 4897 2926 4950 lata
2956 4897 3120 4952 fuerit
3153 4896 3443 4950 sententia.
3476 4897 3622 4951 Dixit

2046 4993 2231 5039 sancta
2268 4984 2485 5041 Caecilia
2522 5003 2534 5039 :
2573 4986 2773 5041 Eorum
2811 4987 3089 5041 accusatio
3113 4994 3197 5041 est
3231 4985 3365 5040 mihi
3401 4987 3619 5042 deside-

2048 5075 2240 5138 randa,
2299 5084 2352 5130 et
2387 5077 2606 5146 punitio
2661 5087 2752 5133 tua
2782 5085 2868 5132 est
2897 5076 3148 5132 victoria.
3201 5076 3324 5131 Noli
3374 5093 3460 5131 me
3489 5094 3622 5148 ergo

2048 5170 2328 5240 corrigere
2358 5177 2615 5241 tanquam
2638 5179 2954 5227 errantem:
2980 5169 3072 5225 sed
3105 5170 3337 5239 teipsum
3373 5169 3619 5239 increpa,
3655 5185 3664 5193 '

2048 5262 2139 5332 qui
2198 5261 2484 5318 existimas
2564 5262 2680 5316 fore
2760 5272 2818 5316 ut
2867 5261 3146 5318 Christum
3203 5277 3416 5330 negetur.
3477 5262 3624 5318 Dixit

2050 5355 2384 5426 prmfectus:
2423 5354 2639 5416 Misera,
2664 5355 2842 5408 nescis
2869 5354 2995 5408 vitae
3014 5362 3069 5407 et
3103 5353 3257 5407 necis
3293 5363 3623 5423 potestatein
3661 5427 3664 5432 _

2050 5446 2184 5499 mihi
2225 5445 2405 5500 datam
2433 5459 2553 5498 esse
2584 5446 2652 5498 ab
2701 5445 3166 5513 imperatoribus?
3215 5445 3328 5501 Cur
3375 5448 3623 5517 loqueris
3658 5435 3667 5449 ’

2051 5550 2176 5590 cum
2255 5543 2406 5587 tanta
2458 5535 2760 5601 superbia?
2795 5535 2942 5588 Dixit
2994 5546 3234 5591 sancta:
3285 5539 3405 5593 Alio
3461 5541 3627 5593 modo

2051 5627 2181 5682 licet
2243 5625 2428 5679 dicere
2484 5624 2804 5693 superbum,
2835 5634 2891 5680 et
2937 5627 3042 5681 alio
3092 5630 3485 5687 confidentem.
3515 5631 3628 5701 Ego

2051 5717 2413 5778 confidenter,
2451 5733 2557 5771 non
2592 5726 2769 5772 autem
2798 5719 3058 5791 Superbe,
3101 5737 3220 5777 sum
3253 5723 3459 5779 locuta.
3489 5723 3621 5777 Nam
