  <div class='ocr_page' id='page_1' title='image "/cluster/home/n/w/nwhite01/storage/ocr_20150623/116/hvd.32044073502221/095.png"; bbox 0 0 4060 6374; ppageno 0'>
   <div class='ocr_carea' id='block_1_1' title="bbox 399 271 500 335">
    <p class='ocr_par' dir='ltr' id='par_1_1' title="bbox 399 271 500 335">
     <span class='ocr_line' id='line_1_1' title="bbox 399 271 500 335; baseline -0.059 0"><span class='ocrx_word' id='word_1_1' title='bbox 399 271 500 335; x_wconf 82' lang='lat'><strong>179</strong></span> 
     </span>
    </p>
   </div>
   <div class='ocr_carea' id='block_1_2' title="bbox 1663 265 2438 332">
    <p class='ocr_par' dir='ltr' id='par_1_2' title="bbox 1663 265 2438 332">
     <span class='ocr_line' id='line_1_2' title="bbox 1663 265 2438 332; baseline 0.001 -3"><span class='ocrx_word' id='word_1_2' title='bbox 1663 266 1952 329; x_wconf 80' lang='lat' dir='ltr'><strong>MENSIS</strong></span> <span class='ocrx_word' id='word_1_3' title='bbox 1991 265 2438 332; x_wconf 81' lang='lat' dir='ltr'><strong>NOVEMBER.</strong></span> 
     </span>
    </p>
   </div>
   <div class='ocr_carea' id='block_1_3' title="bbox 3543 269 3646 334">
    <p class='ocr_par' dir='ltr' id='par_1_3' title="bbox 3543 269 3646 334">
     <span class='ocr_line' id='line_1_3' title="bbox 3543 269 3646 334; baseline 0.01 -1"><span class='ocrx_word' id='word_1_4' title='bbox 3543 269 3646 334; x_wconf 82' lang='grc'><strong>180</strong></span> 
     </span>
    </p>
   </div>
   <div class='ocr_carea' id='block_1_4' title="bbox 395 379 3648 450">
    <p class='ocr_par' dir='ltr' id='par_1_4' title="bbox 395 379 3648 450">
     <span class='ocr_line' id='line_1_4' title="bbox 395 379 3648 450; baseline -0.001 -14"><span class='ocrx_word' id='word_1_5' title='bbox 395 394 500 436; x_wconf 89' lang='lat' dir='ltr'><strong>nos</strong></span> <span class='ocrx_word' id='word_1_6' title='bbox 529 393 750 450; x_wconf 84' lang='lat' dir='ltr'><strong>quoque</strong></span> <span class='ocrx_word' id='word_1_7' title='bbox 782 380 939 436; x_wconf 83' lang='lat' dir='ltr'><strong>valde</strong></span> <span class='ocrx_word' id='word_1_8' title='bbox 977 381 1262 450; x_wconf 82' lang='lat' dir='ltr'><strong>rejicimus</strong></span> <span class='ocrx_word' id='word_1_9' title='bbox 1287 379 1630 448; x_wconf 81' lang='lat' dir='ltr'><strong>superbiam.</strong></span> <span class='ocrx_word' id='word_1_10' title='bbox 1663 381 1748 436; x_wconf 89' lang='lat' dir='ltr'><strong>&#39;l‘u</strong></span> <span class='ocrx_word' id='word_1_11' title='bbox 1783 391 1969 435; x_wconf 88' lang='lat' dir='ltr'><strong>autem</strong></span> <span class='ocrx_word' id='word_1_12' title='bbox 1997 385 2046 441; x_wconf 81' lang='grc' dir='ltr'><strong>Α</strong></span> <span class='ocrx_word' id='word_1_13' title='bbox 2149 380 2242 437; x_wconf 84' lang='lat' dir='ltr'><strong>XX</strong></span> <span class='ocrx_word' id='word_1_14' title='bbox 2257 382 2342 438; x_wconf 79' lang='lat' dir='ltr'><strong>Vl.</strong></span> <span class='ocrx_word' id='word_1_15' title='bbox 2371 382 2528 439; x_wconf 86' lang='lat' dir='ltr'><strong>Tunc</strong></span> <span class='ocrx_word' id='word_1_16' title='bbox 2555 382 2710 439; x_wconf 98' lang='lat' dir='ltr'><strong>valde</strong></span> <span class='ocrx_word' id='word_1_17' title='bbox 2743 381 2921 437; x_wconf 90' lang='lat' dir='ltr'><strong>iratus</strong></span> <span class='ocrx_word' id='word_1_18' title='bbox 2945 379 3292 445; x_wconf 86' lang='lat' dir='ltr'><strong>Almacbius,</strong></span> <span class='ocrx_word' id='word_1_19' title='bbox 3319 379 3486 450; x_wconf 86' lang='lat' dir='ltr'><strong>jussit</strong></span> <span class='ocrx_word' id='word_1_20' title='bbox 3527 395 3648 435; x_wconf 89' lang='lat' dir='ltr'><strong>eam</strong></span> 
     </span>
    </p>
   </div>
   <div class='ocr_carea' id='block_1_5' title="bbox 396 472 1964 537">
    <p class='ocr_par' dir='ltr' id='par_1_5' title="bbox 396 472 1964 537">
     <span class='ocr_line' id='line_1_5' title="bbox 396 472 1964 537; baseline 0.002 -9"><span class='ocrx_word' id='word_1_21' title='bbox 396 475 441 528; x_wconf 98' lang='lat' dir='ltr'><strong>si</strong></span> <span class='ocrx_word' id='word_1_22' title='bbox 481 489 591 531; x_wconf 90' lang='lat' dir='ltr'><strong>non</strong></span> <span class='ocrx_word' id='word_1_23' title='bbox 629 475 789 530; x_wconf 87' lang='lat' dir='ltr'><strong>limes</strong></span> <span class='ocrx_word' id='word_1_24' title='bbox 821 473 1015 528; x_wconf 90' lang='lat' dir='ltr'><strong>audire</strong></span> <span class='ocrx_word' id='word_1_25' title='bbox 1074 472 1385 537; x_wconf 90' lang='lat' dir='ltr'><strong>veritatem,</strong></span> <span class='ocrx_word' id='word_1_26' title='bbox 1416 488 1612 528; x_wconf 83' lang='lat' dir='ltr'><strong>rursus</strong></span> <span class='ocrx_word' id='word_1_27' title='bbox 1663 473 1874 530; x_wconf 84' lang='lat' dir='ltr'><strong>docebo</strong></span> <span class='ocrx_word' id='word_1_28' title='bbox 1911 486 1964 531; x_wconf 88' lang='lat' dir='ltr'><strong>te</strong></span> 
     </span>
    </p>
   </div>
   <div class='ocr_carea' id='block_1_6' title="bbox 394 563 1962 636">
    <p class='ocr_par' dir='ltr' id='par_1_6' title="bbox 394 563 1962 636">
     <span class='ocr_line' id='line_1_6' title="bbox 394 563 1962 636; baseline 0.003 -18"><span class='ocrx_word' id='word_1_29' title='bbox 394 579 543 620; x_wconf 87' lang='lat' dir='ltr'><strong>nunc</strong></span> <span class='ocrx_word' id='word_1_30' title='bbox 575 565 706 619; x_wconf 80' lang='lat' dir='ltr'><strong>falsa</strong></span> <span class='ocrx_word' id='word_1_31' title='bbox 737 577 858 618; x_wconf 90' lang='lat' dir='ltr'><strong>esse</strong></span> <span class='ocrx_word' id='word_1_32' title='bbox 919 563 1188 619; x_wconf 92' lang='lat' dir='ltr'><strong>locutum.</strong></span> <span class='ocrx_word' id='word_1_33' title='bbox 1243 563 1390 619; x_wconf 78' lang='lat' dir='ltr'><strong>Dixit</strong></span> <span class='ocrx_word' id='word_1_34' title='bbox 1419 564 1739 622; x_wconf 81' lang='lat' dir='ltr'><strong>Almacbius</strong></span> <span class='ocrx_word' id='word_1_35' title='bbox 1765 566 1962 636; x_wconf 86' lang='lat' dir='ltr'><strong>praefe-</strong></span> 
     </span>
    </p>
   </div>
   <div class='ocr_carea' id='block_1_7' title="bbox 398 658 1966 726">
    <p class='ocr_par' dir='ltr' id='par_1_7' title="bbox 398 658 1966 726">
     <span class='ocr_line' id='line_1_7' title="bbox 398 658 1966 726; baseline 0.003 -16"><span class='ocrx_word' id='word_1_36' title='bbox 398 668 516 714; x_wconf 71' lang='lat' dir='ltr'><strong>ctus</strong></span> <span class='ocrx_word' id='word_1_37' title='bbox 550 678 563 713; x_wconf 92' lang='lat'><strong>:</strong></span> <span class='ocrx_word' id='word_1_38' title='bbox 595 659 867 726; x_wconf 85' lang='lat' dir='ltr'><strong>Quidnam</strong></span> <span class='ocrx_word' id='word_1_39' title='bbox 923 659 1046 715; x_wconf 87' lang='lat' dir='ltr'><strong>falsi</strong></span> <span class='ocrx_word' id='word_1_40' title='bbox 1076 672 1136 714; x_wconf 90' lang='lat' dir='ltr'><strong>es</strong></span> <span class='ocrx_word' id='word_1_41' title='bbox 1168 658 1224 712; x_wconf 90' lang='lat' dir='ltr'><strong>in</strong></span> <span class='ocrx_word' id='word_1_42' title='bbox 1267 658 1430 714; x_wconf 90' lang='lat' dir='ltr'><strong>nobis</strong></span> <span class='ocrx_word' id='word_1_43' title='bbox 1479 661 1776 715; x_wconf 64' lang='lat' dir='ltr'><strong>assecuta?</strong></span> <span class='ocrx_word' id='word_1_44' title='bbox 1817 660 1966 716; x_wconf 84' lang='lat' dir='ltr'><strong>Dixit</strong></span> 
     </span>
    </p>
   </div>
   <div class='ocr_carea' id='block_1_8' title="bbox 395 741 1966 822">
    <p class='ocr_par' dir='ltr' id='par_1_8' title="bbox 395 741 1966 822">
     <span class='ocr_line' id='line_1_8' title="bbox 395 741 1966 822; baseline 0.003 -20"><span class='ocrx_word' id='word_1_45' title='bbox 395 759 582 804; x_wconf 83' lang='lat' dir='ltr'><strong>sancta</strong></span> <span class='ocrx_word' id='word_1_46' title='bbox 614 741 834 806; x_wconf 73' lang='lat' dir='ltr'><strong>Caecilia</strong></span> <span class='ocrx_word' id='word_1_47' title='bbox 863 767 878 810; x_wconf 88' lang='lat'>:</span> <span class='ocrx_word' id='word_1_48' title='bbox 911 751 1048 816; x_wconf 79' lang='lat' dir='ltr'><strong>Hoc,</strong></span> <span class='ocrx_word' id='word_1_49' title='bbox 1101 750 1248 822; x_wconf 86' lang='lat' dir='ltr'><strong>quod</strong></span> <span class='ocrx_word' id='word_1_50' title='bbox 1280 749 1514 806; x_wconf 81' lang='lat' dir='ltr'><strong>aﬂirmas</strong></span> <span class='ocrx_word' id='word_1_51' title='bbox 1549 760 1675 808; x_wconf 88' lang='lat' dir='ltr'><strong>tuos</strong></span> <span class='ocrx_word' id='word_1_52' title='bbox 1729 753 1966 822; x_wconf 87' lang='lat' dir='ltr'><strong>impera-</strong></span> 
     </span>
    </p>
   </div>
   <div class='ocr_carea' id='block_1_9' title="bbox 397 841 1966 914">
    <p class='ocr_par' dir='ltr' id='par_1_9' title="bbox 397 841 1966 914">
     <span class='ocr_line' id='line_1_9' title="bbox 397 841 1966 914; baseline 0.004 -21"><span class='ocrx_word' id='word_1_53' title='bbox 397 850 545 894; x_wconf 90' lang='lat' dir='ltr'><strong>tores</strong></span> <span class='ocrx_word' id='word_1_54' title='bbox 588 841 688 896; x_wconf 92' lang='lat' dir='ltr'><strong>tibi</strong></span> <span class='ocrx_word' id='word_1_55' title='bbox 743 842 966 899; x_wconf 84' lang='lat' dir='ltr'><strong>dedisse</strong></span> <span class='ocrx_word' id='word_1_56' title='bbox 1001 843 1125 898; x_wconf 68' lang='lat' dir='ltr'><strong>vitae</strong></span> <span class='ocrx_word' id='word_1_57' title='bbox 1157 851 1214 899; x_wconf 85' lang='lat' dir='ltr'><strong>et</strong></span> <span class='ocrx_word' id='word_1_58' title='bbox 1248 844 1400 899; x_wconf 90' lang='lat' dir='ltr'><strong>necis</strong></span> <span class='ocrx_word' id='word_1_59' title='bbox 1428 854 1777 914; x_wconf 87' lang='lat' dir='ltr'><strong>potestatem.</strong></span> <span class='ocrx_word' id='word_1_60' title='bbox 1818 844 1966 900; x_wconf 76' lang='lat' dir='ltr'><strong>Dixit</strong></span> 
     </span>
    </p>
   </div>
   <div class='ocr_carea' id='block_1_10' title="bbox 396 927 1965 1004">
    <p class='ocr_par' dir='ltr' id='par_1_10' title="bbox 396 927 1965 1004">
     <span class='ocr_line' id='line_1_10' title="bbox 396 927 1965 1004; baseline 0.006 -23"><span class='ocrx_word' id='word_1_61' title='bbox 396 927 735 994; x_wconf 77' lang='lat' dir='ltr'><strong>praefectus:</strong></span> <span class='ocrx_word' id='word_1_62' title='bbox 800 932 944 1004; x_wconf 85' lang='lat' dir='ltr'><strong>Ergo</strong></span> <span class='ocrx_word' id='word_1_63' title='bbox 1010 948 1131 988; x_wconf 89' lang='lat' dir='ltr'><strong>sum</strong></span> <span class='ocrx_word' id='word_1_64' title='bbox 1181 933 1489 990; x_wconf 87' lang='lat' dir='ltr'><strong>mentitus?</strong></span> <span class='ocrx_word' id='word_1_65' title='bbox 1551 935 1748 992; x_wconf 89' lang='lat' dir='ltr'><strong>Sancta</strong></span> <span class='ocrx_word' id='word_1_66' title='bbox 1824 935 1965 990; x_wconf 80' lang='lat' dir='ltr'><strong>dixit</strong></span> 
     </span>
    </p>
   </div>
   <div class='ocr_carea' id='block_1_11' title="bbox 395 1018 1964 1096">
    <p class='ocr_par' dir='ltr' id='par_1_11' title="bbox 395 1018 1964 1096">
     <span class='ocr_line' id='line_1_11' title="bbox 395 1018 1964 1096; baseline 0.005 -22"><span class='ocrx_word' id='word_1_67' title='bbox 395 1018 664 1075; x_wconf 59' lang='lat' dir='ltr'><strong>Caecilia:</strong></span> <span class='ocrx_word' id='word_1_68' title='bbox 722 1023 955 1091; x_wconf 83' lang='lat' dir='ltr'><strong>Revera,</strong></span> <span class='ocrx_word' id='word_1_69' title='bbox 1005 1025 1050 1080; x_wconf 87' lang='lat' dir='ltr'><strong>si</strong></span> <span class='ocrx_word' id='word_1_70' title='bbox 1100 1025 1318 1096; x_wconf 88' lang='lat' dir='ltr'><strong>jubeas,</strong></span> <span class='ocrx_word' id='word_1_71' title='bbox 1374 1027 1571 1083; x_wconf 87' lang='lat' dir='ltr'><strong>falsum</strong></span> <span class='ocrx_word' id='word_1_72' title='bbox 1627 1037 1684 1082; x_wconf 92' lang='lat' dir='ltr'><strong>te</strong></span> <span class='ocrx_word' id='word_1_73' title='bbox 1758 1029 1964 1084; x_wconf 84' lang='lat' dir='ltr'><strong>dixisse</strong></span> 
     </span>
    </p>
   </div>
   <div class='ocr_carea' id='block_1_12' title="bbox 398 1112 1968 1186">
    <p class='ocr_par' dir='ltr' id='par_1_12' title="bbox 398 1112 1968 1186">
     <span class='ocr_line' id='line_1_12' title="bbox 398 1112 1968 1186; baseline 0.008 -24"><span class='ocrx_word' id='word_1_74' title='bbox 398 1112 706 1169; x_wconf 84' lang='lat' dir='ltr'><strong>ostendam.</strong></span> <span class='ocrx_word' id='word_1_75' title='bbox 757 1114 904 1171; x_wconf 79' lang='lat' dir='ltr'><strong>Dixit</strong></span> <span class='ocrx_word' id='word_1_76' title='bbox 962 1118 1254 1186; x_wconf 79' lang='lat' dir='ltr'><strong>praefectus</strong></span> <span class='ocrx_word' id='word_1_77' title='bbox 1305 1136 1319 1173; x_wconf 92' lang='lat'><strong>:</strong></span> <span class='ocrx_word' id='word_1_78' title='bbox 1376 1119 1494 1175; x_wconf 93' lang='lat' dir='ltr'><strong>Dic.</strong></span> <span class='ocrx_word' id='word_1_79' title='bbox 1561 1120 1763 1176; x_wconf 85' lang='lat' dir='ltr'><strong>Sancta</strong></span> <span class='ocrx_word' id='word_1_80' title='bbox 1829 1120 1968 1175; x_wconf 82' lang='lat' dir='ltr'><strong>dixit</strong></span> 
     </span>
    </p>
   </div>
   <div class='ocr_carea' id='block_1_13' title="bbox 395 1202 1968 1282">
    <p class='ocr_par' dir='ltr' id='par_1_13' title="bbox 395 1202 1968 1282">
     <span class='ocr_line' id='line_1_13' title="bbox 395 1202 1968 1282; baseline 0.007 -27"><span class='ocrx_word' id='word_1_81' title='bbox 395 1202 610 1258; x_wconf 66' lang='lat' dir='ltr'><strong>Caecilia</strong></span> <span class='ocrx_word' id='word_1_82' title='bbox 641 1222 655 1258; x_wconf 88' lang='lat'><strong>:</strong></span> <span class='ocrx_word' id='word_1_83' title='bbox 696 1205 890 1262; x_wconf 80' lang='lat' dir='ltr'><strong>Dixisti</strong></span> <span class='ocrx_word' id='word_1_84' title='bbox 930 1218 1058 1264; x_wconf 82' lang='lat' dir='ltr'><strong>tuos</strong></span> <span class='ocrx_word' id='word_1_85' title='bbox 1095 1210 1462 1282; x_wconf 85' lang='lat' dir='ltr'><strong>imperatores</strong></span> <span class='ocrx_word' id='word_1_86' title='bbox 1495 1213 1595 1267; x_wconf 93' lang='lat' dir='ltr'><strong>tibi</strong></span> <span class='ocrx_word' id='word_1_87' title='bbox 1619 1212 1840 1268; x_wconf 86' lang='lat' dir='ltr'><strong>dedisse</strong></span> <span class='ocrx_word' id='word_1_88' title='bbox 1870 1227 1968 1282; x_wconf 86' lang='lat' dir='ltr'><strong>po-</strong></span> 
     </span>
    </p>
   </div>
   <div class='ocr_carea' id='block_1_14' title="bbox 399 1296 1962 1372">
    <p class='ocr_par' dir='ltr' id='par_1_14' title="bbox 399 1296 1962 1372">
     <span class='ocr_line' id='line_1_14' title="bbox 399 1296 1962 1372; baseline 0.008 -25"><span class='ocrx_word' id='word_1_89' title='bbox 399 1303 649 1348; x_wconf 87' lang='lat' dir='ltr'><strong>testatem</strong></span> <span class='ocrx_word' id='word_1_90' title='bbox 673 1296 798 1352; x_wconf 74' lang='lat' dir='ltr'><strong>vitae</strong></span> <span class='ocrx_word' id='word_1_91' title='bbox 824 1307 879 1352; x_wconf 90' lang='lat' dir='ltr'><strong>et</strong></span> <span class='ocrx_word' id='word_1_92' title='bbox 907 1299 1080 1354; x_wconf 90' lang='lat' dir='ltr'><strong>necis.</strong></span> <span class='ocrx_word' id='word_1_93' title='bbox 1109 1300 1390 1370; x_wconf 84' lang='lat' dir='ltr'><strong>Cognosce</strong></span> <span class='ocrx_word' id='word_1_94' title='bbox 1416 1303 1622 1372; x_wconf 87' lang='lat' dir='ltr'><strong>itaque,</strong></span> <span class='ocrx_word' id='word_1_95' title='bbox 1659 1303 1757 1358; x_wconf 82' lang='lat' dir='ltr'><strong>tibi</strong></span> <span class='ocrx_word' id='word_1_96' title='bbox 1784 1306 1962 1360; x_wconf 90' lang='lat' dir='ltr'><strong>solum</strong></span> 
     </span>
    </p>
   </div>
   <div class='ocr_carea' id='block_1_15' title="bbox 396 1387 1964 1466">
    <p class='ocr_par' dir='ltr' id='par_1_15' title="bbox 396 1387 1964 1466">
     <span class='ocr_line' id='line_1_15' title="bbox 396 1387 1964 1466; baseline 0.011 -30"><span class='ocrx_word' id='word_1_97' title='bbox 396 1399 516 1440; x_wconf 78' lang='lat' dir='ltr'><strong>osse</strong></span> <span class='ocrx_word' id='word_1_98' title='bbox 549 1387 728 1443; x_wconf 90' lang='lat' dir='ltr'><strong>datam</strong></span> <span class='ocrx_word' id='word_1_99' title='bbox 752 1391 946 1445; x_wconf 90' lang='lat' dir='ltr'><strong>mortis</strong></span> <span class='ocrx_word' id='word_1_100' title='bbox 977 1400 1322 1461; x_wconf 89' lang='lat' dir='ltr'><strong>potestatem.</strong></span> <span class='ocrx_word' id='word_1_101' title='bbox 1356 1394 1490 1449; x_wconf 88' lang='lat' dir='ltr'><strong>Nam</strong></span> <span class='ocrx_word' id='word_1_102' title='bbox 1528 1396 1698 1450; x_wconf 88' lang='lat' dir='ltr'><strong>vitam</strong></span> <span class='ocrx_word' id='word_1_103' title='bbox 1742 1397 1964 1466; x_wconf 88' lang='lat' dir='ltr'><strong>quidem</strong></span> 
     </span>
    </p>
   </div>
   <div class='ocr_carea' id='block_1_16' title="bbox 399 1483 1970 1558">
    <p class='ocr_par' dir='ltr' id='par_1_16' title="bbox 399 1483 1970 1558">
     <span class='ocr_line' id='line_1_16' title="bbox 399 1483 1970 1558; baseline 0.006 -23"><span class='ocrx_word' id='word_1_104' title='bbox 399 1489 613 1549; x_wconf 87' lang='lat' dir='ltr'><strong>potesa</strong></span> <span class='ocrx_word' id='word_1_105' title='bbox 644 1483 786 1538; x_wconf 87' lang='lat' dir='ltr'><strong>vivis</strong></span> <span class='ocrx_word' id='word_1_106' title='bbox 842 1483 1072 1550; x_wconf 90' lang='lat' dir='ltr'><strong>tollere;</strong></span> <span class='ocrx_word' id='word_1_107' title='bbox 1123 1485 1356 1540; x_wconf 90' lang='lat' dir='ltr'><strong>mortuis</strong></span> <span class='ocrx_word' id='word_1_108' title='bbox 1412 1497 1596 1540; x_wconf 90' lang='lat' dir='ltr'><strong>autem</strong></span> <span class='ocrx_word' id='word_1_109' title='bbox 1639 1502 1749 1542; x_wconf 91' lang='lat' dir='ltr'><strong>non</strong></span> <span class='ocrx_word' id='word_1_110' title='bbox 1814 1497 1970 1558; x_wconf 85' lang='lat' dir='ltr'><strong>potes</strong></span> 
     </span>
    </p>
   </div>
   <div class='ocr_carea' id='block_1_17' title="bbox 399 1575 1970 1647">
    <p class='ocr_par' dir='ltr' id='par_1_17' title="bbox 399 1575 1970 1647">
     <span class='ocr_line' id='line_1_17' title="bbox 399 1575 1970 1647; baseline 0.004 -20"><span class='ocrx_word' id='word_1_111' title='bbox 399 1575 530 1628; x_wconf 84' lang='lat' dir='ltr'><strong>dare</strong></span> <span class='ocrx_word' id='word_1_112' title='bbox 560 1575 750 1629; x_wconf 85' lang='lat' dir='ltr'><strong>vitam.</strong></span> <span class='ocrx_word' id='word_1_113' title='bbox 782 1575 880 1630; x_wconf 93' lang='lat' dir='ltr'><strong>Dic</strong></span> <span class='ocrx_word' id='word_1_114' title='bbox 918 1591 1072 1646; x_wconf 86' lang='lat' dir='ltr'><strong>ergo,</strong></span> <span class='ocrx_word' id='word_1_115' title='bbox 1117 1577 1260 1646; x_wconf 90' lang='lat' dir='ltr'><strong>quod</strong></span> <span class='ocrx_word' id='word_1_116' title='bbox 1293 1578 1653 1647; x_wconf 83' lang='lat' dir='ltr'><strong>imperatores</strong></span> <span class='ocrx_word' id='word_1_117' title='bbox 1699 1588 1750 1634; x_wconf 92' lang='lat' dir='ltr'><strong>te</strong></span> <span class='ocrx_word' id='word_1_118' title='bbox 1773 1580 1970 1634; x_wconf 89' lang='lat' dir='ltr'><strong>volue-</strong></span> 
     </span>
    </p>
   </div>
   <div class='ocr_carea' id='block_1_18' title="bbox 401 1667 1972 1744">
    <p class='ocr_par' dir='ltr' id='par_1_18' title="bbox 401 1667 1972 1744">
     <span class='ocr_line' id='line_1_18' title="bbox 401 1667 1972 1744; baseline 0.006 -26"><span class='ocrx_word' id='word_1_119' title='bbox 401 1674 529 1719; x_wconf 87' lang='lat' dir='ltr'><strong>runt</strong></span> <span class='ocrx_word' id='word_1_120' title='bbox 569 1680 690 1721; x_wconf 91' lang='lat' dir='ltr'><strong>esse</strong></span> <span class='ocrx_word' id='word_1_121' title='bbox 739 1667 1053 1722; x_wconf 90' lang='lat' dir='ltr'><strong>ministrum</strong></span> <span class='ocrx_word' id='word_1_122' title='bbox 1107 1669 1324 1726; x_wconf 89' lang='lat' dir='ltr'><strong>mortis.</strong></span> <span class='ocrx_word' id='word_1_123' title='bbox 1377 1669 1513 1724; x_wconf 90' lang='lat' dir='ltr'><strong>Nam</strong></span> <span class='ocrx_word' id='word_1_124' title='bbox 1561 1671 1609 1728; x_wconf 89' lang='lat' dir='ltr'><strong>si</strong></span> <span class='ocrx_word' id='word_1_125' title='bbox 1647 1680 1704 1727; x_wconf 89' lang='lat' dir='ltr'><strong>tu</strong></span> <span class='ocrx_word' id='word_1_126' title='bbox 1736 1672 1972 1744; x_wconf 82' lang='lat' dir='ltr'><strong>amplius</strong></span> 
     </span>
    </p>
   </div>
   <div class='ocr_carea' id='block_1_19' title="bbox 2082 471 3651 540">
    <p class='ocr_par' dir='ltr' id='par_1_19' title="bbox 2082 471 3651 540">
     <span class='ocr_line' id='line_1_19' title="bbox 2082 471 3651 540; baseline -0.002 -12"><span class='ocrx_word' id='word_1_127' title='bbox 2082 473 2271 530; x_wconf 89' lang='lat' dir='ltr'><strong>reduci</strong></span> <span class='ocrx_word' id='word_1_128' title='bbox 2320 477 2374 529; x_wconf 91' lang='lat' dir='ltr'><strong>in</strong></span> <span class='ocrx_word' id='word_1_129' title='bbox 2431 475 2657 529; x_wconf 89' lang='lat' dir='ltr'><strong>domum</strong></span> <span class='ocrx_word' id='word_1_130' title='bbox 2703 488 2878 540; x_wconf 89' lang='lat' dir='ltr'><strong>suam,</strong></span> <span class='ocrx_word' id='word_1_131' title='bbox 2940 481 2998 529; x_wconf 91' lang='lat' dir='ltr'><strong>et</strong></span> <span class='ocrx_word' id='word_1_132' title='bbox 3045 472 3160 528; x_wconf 88' lang='lat' dir='ltr'><strong>illic</strong></span> <span class='ocrx_word' id='word_1_133' title='bbox 3191 471 3376 528; x_wconf 86' lang='lat' dir='ltr'><strong>balnei</strong></span> <span class='ocrx_word' id='word_1_134' title='bbox 3433 472 3651 526; x_wconf 87' lang='lat' dir='ltr'><strong>ﬂamma</strong></span> 
     </span>
    </p>
   </div>
   <div class='ocr_carea' id='block_1_20' title="bbox 2079 563 3650 637">
    <p class='ocr_par' dir='ltr' id='par_1_20' title="bbox 2079 563 3650 637">
     <span class='ocr_line' id='line_1_20' title="bbox 2079 563 3650 637; baseline 0 -19"><span class='ocrx_word' id='word_1_135' title='bbox 2079 565 2279 621; x_wconf 89' lang='lat' dir='ltr'><strong>torreri</strong></span> <span class='ocrx_word' id='word_1_136' title='bbox 2317 566 2416 637; x_wconf 83' lang='grc'><strong>(1).</strong></span> <span class='ocrx_word' id='word_1_137' title='bbox 2483 566 2619 622; x_wconf 88' lang='lat' dir='ltr'><strong>Cum</strong></span> <span class='ocrx_word' id='word_1_138' title='bbox 2657 573 2840 620; x_wconf 87' lang='lat' dir='ltr'><strong>autem</strong></span> <span class='ocrx_word' id='word_1_139' title='bbox 2873 572 3018 619; x_wconf 86' lang='lat' dir='ltr'><strong>esset</strong></span> <span class='ocrx_word' id='word_1_140' title='bbox 3059 564 3116 619; x_wconf 91' lang='lat' dir='ltr'><strong>in</strong></span> <span class='ocrx_word' id='word_1_141' title='bbox 3167 579 3296 618; x_wconf 89' lang='lat' dir='ltr'><strong>acre</strong></span> <span class='ocrx_word' id='word_1_142' title='bbox 3336 563 3520 619; x_wconf 88' lang='lat' dir='ltr'><strong>balnei</strong></span> <span class='ocrx_word' id='word_1_143' title='bbox 3567 563 3650 618; x_wconf 90' lang='lat' dir='ltr'><strong>sui</strong></span> 
     </span>
    </p>
   </div>
   <div class='ocr_carea' id='block_1_21' title="bbox 2077 656 3646 726">
    <p class='ocr_par' dir='ltr' id='par_1_21' title="bbox 2077 656 3646 726">
     <span class='ocr_line' id='line_1_21' title="bbox 2077 656 3646 726; baseline -0.003 -14"><span class='ocrx_word' id='word_1_144' title='bbox 2077 656 2311 722; x_wconf 87' lang='lat' dir='ltr'><strong>inclusa,</strong></span> <span class='ocrx_word' id='word_1_145' title='bbox 2341 667 2396 713; x_wconf 91' lang='lat' dir='ltr'><strong>et</strong></span> <span class='ocrx_word' id='word_1_146' title='bbox 2424 658 2622 713; x_wconf 86' lang='lat' dir='ltr'><strong>subtus</strong></span> <span class='ocrx_word' id='word_1_147' title='bbox 2666 666 2781 712; x_wconf 90' lang='lat' dir='ltr'><strong>toto</strong></span> <span class='ocrx_word' id='word_1_148' title='bbox 2805 656 2894 712; x_wconf 93' lang='lat' dir='ltr'><strong>die</strong></span> <span class='ocrx_word' id='word_1_149' title='bbox 2929 666 2984 712; x_wconf 90' lang='lat' dir='ltr'><strong>et</strong></span> <span class='ocrx_word' id='word_1_150' title='bbox 3014 665 3177 712; x_wconf 90' lang='lat' dir='ltr'><strong>nocte</strong></span> <span class='ocrx_word' id='word_1_151' title='bbox 3206 671 3402 726; x_wconf 86' lang='lat' dir='ltr'><strong>magna</strong></span> <span class='ocrx_word' id='word_1_152' title='bbox 3439 657 3522 710; x_wconf 91' lang='lat' dir='ltr'><strong>vis</strong></span> <span class='ocrx_word' id='word_1_153' title='bbox 3554 671 3646 708; x_wconf 91' lang='lat' dir='ltr'><strong>ar-</strong></span> 
     </span>
    </p>
   </div>
   <div class='ocr_carea' id='block_1_22' title="bbox 2073 747 3654 820">
    <p class='ocr_par' dir='ltr' id='par_1_22' title="bbox 2073 747 3654 820">
     <span class='ocr_line' id='line_1_22' title="bbox 2073 747 3654 820; baseline -0.003 -14"><span class='ocrx_word' id='word_1_154' title='bbox 2073 750 2410 820; x_wconf 87' lang='lat' dir='ltr'><strong>dentisligni</strong></span> <span class='ocrx_word' id='word_1_155' title='bbox 2437 750 2812 816; x_wconf 89' lang='lat' dir='ltr'><strong>adhiberetur,</strong></span> <span class='ocrx_word' id='word_1_156' title='bbox 2845 760 3103 820; x_wconf 85' lang='lat' dir='ltr'><strong>tanquam</strong></span> <span class='ocrx_word' id='word_1_157' title='bbox 3128 749 3181 804; x_wconf 91' lang='lat' dir='ltr'><strong>in</strong></span> <span class='ocrx_word' id='word_1_158' title='bbox 3244 749 3366 803; x_wconf 91' lang='lat' dir='ltr'><strong>loco</strong></span> <span class='ocrx_word' id='word_1_159' title='bbox 3422 747 3654 817; x_wconf 86' lang='lat' dir='ltr'><strong>refrige-</strong></span> 
     </span>
    </p>
   </div>
   <div class='ocr_carea' id='block_1_23' title="bbox 2077 839 3657 912">
    <p class='ocr_par' dir='ltr' id='par_1_23' title="bbox 2077 839 3657 912">
     <span class='ocr_line' id='line_1_23' title="bbox 2077 839 3657 912; baseline -0.003 -15"><span class='ocrx_word' id='word_1_160' title='bbox 2077 853 2197 898; x_wconf 90' lang='lat' dir='ltr'><strong>rato</strong></span> <span class='ocrx_word' id='word_1_161' title='bbox 2228 844 2395 897; x_wconf 81' lang='lat' dir='ltr'><strong>illaesa</strong></span> <span class='ocrx_word' id='word_1_162' title='bbox 2417 843 2722 912; x_wconf 87' lang='lat' dir='ltr'><strong>permansit</strong></span> <span class='ocrx_word' id='word_1_163' title='bbox 2750 846 2990 907; x_wconf 86' lang='lat' dir='ltr'><strong>etsalva,</strong></span> <span class='ocrx_word' id='word_1_164' title='bbox 3012 841 3229 895; x_wconf 84' lang='lat' dir='ltr'><strong>Domini</strong></span> <span class='ocrx_word' id='word_1_165' title='bbox 3253 841 3426 912; x_wconf 85' lang='lat' dir='ltr'><strong>gratia</strong></span> <span class='ocrx_word' id='word_1_166' title='bbox 3459 839 3657 905; x_wconf 88' lang='lat' dir='ltr'><strong>:adeo,</strong></span> 
     </span>
    </p>
   </div>
   <div class='ocr_carea' id='block_1_24' title="bbox 2078 933 3646 1006">
    <p class='ocr_par' dir='ltr' id='par_1_24' title="bbox 2078 933 3646 1006">
     <span class='ocr_line' id='line_1_24' title="bbox 2078 933 3646 1006; baseline -0.003 -16"><span class='ocrx_word' id='word_1_167' title='bbox 2078 945 2138 990; x_wconf 90' lang='lat' dir='ltr'><strong>ut</strong></span> <span class='ocrx_word' id='word_1_168' title='bbox 2168 935 2316 990; x_wconf 88' lang='lat' dir='ltr'><strong>nulla</strong></span> <span class='ocrx_word' id='word_1_169' title='bbox 2350 951 2473 1006; x_wconf 89' lang='lat' dir='ltr'><strong>pars</strong></span> <span class='ocrx_word' id='word_1_170' title='bbox 2505 937 2731 990; x_wconf 91' lang='lat' dir='ltr'><strong>omnino</strong></span> <span class='ocrx_word' id='word_1_171' title='bbox 2757 950 2825 989; x_wconf 84' lang='lat' dir='ltr'><strong>ex</strong></span> <span class='ocrx_word' id='word_1_172' title='bbox 2856 937 2977 1006; x_wconf 86' lang='lat' dir='ltr'><strong>ejus</strong></span> <span class='ocrx_word' id='word_1_173' title='bbox 2999 933 3266 989; x_wconf 88' lang='lat' dir='ltr'><strong>membris</strong></span> <span class='ocrx_word' id='word_1_174' title='bbox 3296 935 3381 988; x_wconf 86' lang='lat' dir='ltr'><strong>vel</strong></span> <span class='ocrx_word' id='word_1_175' title='bbox 3414 933 3646 987; x_wconf 91' lang='lat' dir='ltr'><strong>minimo</strong></span> 
     </span>
    </p>
   </div>
   <div class='ocr_carea' id='block_1_25' title="bbox 2081 1021 3656 1095">
    <p class='ocr_par' dir='ltr' id='par_1_25' title="bbox 2081 1021 3656 1095">
     <span class='ocr_line' id='line_1_25' title="bbox 2081 1021 3656 1095; baseline -0.002 -15"><span class='ocrx_word' id='word_1_176' title='bbox 2081 1025 2306 1080; x_wconf 83' lang='lat' dir='ltr'><strong>sudoris</strong></span> <span class='ocrx_word' id='word_1_177' title='bbox 2331 1024 2489 1095; x_wconf 87' lang='lat' dir='ltr'><strong>signo</strong></span> <span class='ocrx_word' id='word_1_178' title='bbox 2532 1025 2702 1081; x_wconf 91' lang='lat' dir='ltr'><strong>fuerit</strong></span> <span class='ocrx_word' id='word_1_179' title='bbox 2753 1021 3092 1080; x_wconf 72' lang='lat' dir='ltr'><strong>humecrata.</strong></span> <span class='ocrx_word' id='word_1_180' title='bbox 3125 1025 3282 1092; x_wconf 86' lang='lat' dir='ltr'><strong>Quod</strong></span> <span class='ocrx_word' id='word_1_181' title='bbox 3335 1041 3460 1080; x_wconf 90' lang='lat' dir='ltr'><strong>cum</strong></span> <span class='ocrx_word' id='word_1_182' title='bbox 3497 1023 3656 1078; x_wconf 89' lang='lat' dir='ltr'><strong>audi-</strong></span> 
     </span>
    </p>
   </div>
   <div class='ocr_carea' id='block_1_26' title="bbox 2080 1117 3648 1187">
    <p class='ocr_par' dir='ltr' id='par_1_26' title="bbox 2080 1117 3648 1187">
     <span class='ocr_line' id='line_1_26' title="bbox 2080 1117 3648 1187; baseline -0.001 -16"><span class='ocrx_word' id='word_1_183' title='bbox 2080 1117 2590 1172; x_wconf 64' lang='lat' dir='ltr'><strong>vissetAlmachius</strong></span> <span class='ocrx_word' id='word_1_184' title='bbox 2626 1118 2939 1187; x_wconf 66' lang='lat' dir='ltr'><strong>praefectus,</strong></span> <span class='ocrx_word' id='word_1_185' title='bbox 2973 1119 3106 1174; x_wconf 91' lang='lat' dir='ltr'><strong>illuc</strong></span> <span class='ocrx_word' id='word_1_186' title='bbox 3147 1117 3301 1172; x_wconf 92' lang='lat' dir='ltr'><strong>misit</strong></span> <span class='ocrx_word' id='word_1_187' title='bbox 3347 1118 3413 1172; x_wconf 88' lang='lat' dir='ltr'><strong>ad</strong></span> <span class='ocrx_word' id='word_1_188' title='bbox 3449 1117 3648 1186; x_wconf 86' lang='lat' dir='ltr'><strong>ipsam,</strong></span> 
     </span>
    </p>
   </div>
   <div class='ocr_carea' id='block_1_27' title="bbox 2081 1206 3657 1280">
    <p class='ocr_par' dir='ltr' id='par_1_27' title="bbox 2081 1206 3657 1280">
     <span class='ocr_line' id='line_1_27' title="bbox 2081 1206 3657 1280; baseline -0.001 -16"><span class='ocrx_word' id='word_1_189' title='bbox 2081 1210 2226 1264; x_wconf 89' lang='lat' dir='ltr'><strong>utin</strong></span> <span class='ocrx_word' id='word_1_190' title='bbox 2280 1209 2414 1278; x_wconf 85' lang='lat' dir='ltr'><strong>ipsis</strong></span> <span class='ocrx_word' id='word_1_191' title='bbox 2441 1208 2655 1265; x_wconf 86' lang='lat' dir='ltr'><strong>balneis</strong></span> <span class='ocrx_word' id='word_1_192' title='bbox 2703 1209 2756 1263; x_wconf 90' lang='lat' dir='ltr'><strong>ei</strong></span> <span class='ocrx_word' id='word_1_193' title='bbox 2809 1217 2975 1280; x_wconf 89' lang='lat' dir='ltr'><strong>caput</strong></span> <span class='ocrx_word' id='word_1_194' title='bbox 3009 1217 3413 1280; x_wconf 87' lang='lat' dir='ltr'><strong>amputaretur.</strong></span> <span class='ocrx_word' id='word_1_195' title='bbox 3479 1206 3657 1272; x_wconf 92' lang='lat' dir='ltr'><strong>Quam</strong></span> 
     </span>
    </p>
   </div>
   <div class='ocr_carea' id='block_1_28' title="bbox 2077 1297 3643 1372">
    <p class='ocr_par' dir='ltr' id='par_1_28' title="bbox 2077 1297 3643 1372">
     <span class='ocr_line' id='line_1_28' title="bbox 2077 1297 3643 1372; baseline -0.004 -16"><span class='ocrx_word' id='word_1_196' title='bbox 2077 1301 2378 1372; x_wconf 90' lang='lat' dir='ltr'><strong>spiculator</strong></span> <span class='ocrx_word' id='word_1_197' title='bbox 2413 1302 2589 1356; x_wconf 90' lang='lat' dir='ltr'><strong>tribus</strong></span> <span class='ocrx_word' id='word_1_198' title='bbox 2613 1300 2884 1370; x_wconf 86' lang='lat' dir='ltr'><strong>percussit</strong></span> <span class='ocrx_word' id='word_1_199' title='bbox 2915 1300 3137 1363; x_wconf 86' lang='lat' dir='ltr'><strong>ietihus,</strong></span> <span class='ocrx_word' id='word_1_200' title='bbox 3159 1307 3214 1354; x_wconf 92' lang='lat' dir='ltr'><strong>et</strong></span> <span class='ocrx_word' id='word_1_201' title='bbox 3248 1313 3356 1352; x_wconf 90' lang='lat' dir='ltr'><strong>non</strong></span> <span class='ocrx_word' id='word_1_202' title='bbox 3385 1297 3566 1367; x_wconf 92' lang='lat' dir='ltr'><strong>potuit</strong></span> <span class='ocrx_word' id='word_1_203' title='bbox 3593 1297 3643 1350; x_wconf 92' lang='lat' dir='ltr'><strong>ei</strong></span> 
     </span>
    </p>
   </div>
   <div class='ocr_carea' id='block_1_29' title="bbox 2080 1390 3662 1464">
    <p class='ocr_par' dir='ltr' id='par_1_29' title="bbox 2080 1390 3662 1464">
     <span class='ocr_line' id='line_1_29' title="bbox 2080 1390 3662 1464; baseline -0.003 -15"><span class='ocrx_word' id='word_1_204' title='bbox 2080 1403 2247 1464; x_wconf 88' lang='lat' dir='ltr'><strong>caput</strong></span> <span class='ocrx_word' id='word_1_205' title='bbox 2277 1400 2583 1463; x_wconf 87' lang='lat' dir='ltr'><strong>amputare.</strong></span> <span class='ocrx_word' id='word_1_206' title='bbox 2617 1391 2708 1446; x_wconf 91' lang='lat' dir='ltr'><strong>Sic</strong></span> <span class='ocrx_word' id='word_1_207' title='bbox 2741 1401 2925 1446; x_wconf 90' lang='lat' dir='ltr'><strong>autem</strong></span> <span class='ocrx_word' id='word_1_208' title='bbox 2949 1407 3072 1444; x_wconf 87' lang='lat' dir='ltr'><strong>eam</strong></span> <span class='ocrx_word' id='word_1_209' title='bbox 3119 1390 3451 1460; x_wconf 87' lang='lat' dir='ltr'><strong>semiputato</strong></span> <span class='ocrx_word' id='word_1_210' title='bbox 3481 1390 3662 1459; x_wconf 86' lang='lat' dir='ltr'><strong>capite</strong></span> 
     </span>
    </p>
   </div>
   <div class='ocr_carea' id='block_1_30' title="bbox 2081 1481 3660 1552">
    <p class='ocr_par' dir='ltr' id='par_1_30' title="bbox 2081 1481 3660 1552">
     <span class='ocr_line' id='line_1_30' title="bbox 2081 1481 3660 1552; baseline -0.003 -13"><span class='ocrx_word' id='word_1_211' title='bbox 2081 1483 2235 1540; x_wconf 85' lang='lat' dir='ltr'><strong>ferus</strong></span> <span class='ocrx_word' id='word_1_212' title='bbox 2255 1493 2311 1539; x_wconf 89' lang='lat' dir='ltr'><strong>et</strong></span> <span class='ocrx_word' id='word_1_213' title='bbox 2347 1483 2698 1539; x_wconf 91' lang='lat' dir='ltr'><strong>crudelisille</strong></span> <span class='ocrx_word' id='word_1_214' title='bbox 2731 1483 2892 1537; x_wconf 87' lang='lat' dir='ltr'><strong>lictor</strong></span> <span class='ocrx_word' id='word_1_215' title='bbox 2916 1482 3177 1552; x_wconf 87' lang='lat' dir='ltr'><strong>reliquit;</strong></span> <span class='ocrx_word' id='word_1_216' title='bbox 3213 1481 3349 1535; x_wconf 90' lang='lat' dir='ltr'><strong>adeo</strong></span> <span class='ocrx_word' id='word_1_217' title='bbox 3384 1489 3660 1535; x_wconf 91' lang='lat' dir='ltr'><strong>utomnes</strong></span> 
     </span>
    </p>
   </div>
   <div class='ocr_carea' id='block_1_31' title="bbox 2083 1574 3660 1650">
    <p class='ocr_par' dir='ltr' id='par_1_31' title="bbox 2083 1574 3660 1650">
     <span class='ocr_line' id='line_1_31' title="bbox 2083 1574 3660 1650; baseline -0.004 -16"><span class='ocrx_word' id='word_1_218' title='bbox 2083 1579 2283 1642; x_wconf 81' lang='lat' dir='ltr'><strong>turbae,</strong></span> <span class='ocrx_word' id='word_1_219' title='bbox 2304 1595 2424 1649; x_wconf 83' lang='lat' dir='ltr'><strong>quae</strong></span> <span class='ocrx_word' id='word_1_220' title='bbox 2449 1593 2548 1650; x_wconf 90' lang='lat' dir='ltr'><strong>per</strong></span> <span class='ocrx_word' id='word_1_221' title='bbox 2567 1579 2714 1632; x_wconf 88' lang='lat' dir='ltr'><strong>illam</strong></span> <span class='ocrx_word' id='word_1_222' title='bbox 2734 1576 3105 1642; x_wconf 89' lang='lat' dir='ltr'><strong>crediderant,</strong></span> <span class='ocrx_word' id='word_1_223' title='bbox 3120 1576 3446 1646; x_wconf 84' lang='lat' dir='ltr'><strong>sanguinem</strong></span> <span class='ocrx_word' id='word_1_224' title='bbox 3474 1574 3660 1628; x_wconf 89' lang='lat' dir='ltr'><strong>linteis</strong></span> 
     </span>
    </p>
   </div>
   <div class='ocr_carea' id='block_1_32' title="bbox 2083 1666 3660 1741">
    <p class='ocr_par' dir='ltr' id='par_1_32' title="bbox 2083 1666 3660 1741">
     <span class='ocr_line' id='line_1_32' title="bbox 2083 1666 3660 1741; baseline -0.004 -15"><span class='ocrx_word' id='word_1_225' title='bbox 2083 1678 2343 1741; x_wconf 79' lang='lat' dir='ltr'><strong>tanquam</strong></span> <span class='ocrx_word' id='word_1_226' title='bbox 2369 1671 2612 1741; x_wconf 85' lang='lat' dir='ltr'><strong>spongiis</strong></span> <span class='ocrx_word' id='word_1_227' title='bbox 2636 1670 2947 1724; x_wconf 85' lang='lat' dir='ltr'><strong>hauserint.</strong></span> <span class='ocrx_word' id='word_1_228' title='bbox 2975 1669 3176 1723; x_wconf 87' lang='lat' dir='ltr'><strong>Tribus</strong></span> <span class='ocrx_word' id='word_1_229' title='bbox 3204 1677 3412 1728; x_wconf 91' lang='lat' dir='ltr'><strong>autem,</strong></span> <span class='ocrx_word' id='word_1_230' title='bbox 3457 1666 3660 1734; x_wconf 84' lang='lat' dir='ltr'><strong>quibus</strong></span> 
     </span>
    </p>
   </div>
   <div class='ocr_carea' id='block_1_33' title="bbox 399 1730 3659 1835">
    <p class='ocr_par' dir='ltr' id='par_1_33' title="bbox 399 1730 3659 1835">
     <span class='ocr_line' id='line_1_33' title="bbox 399 1730 3659 1835; baseline -0.001 -24"><span class='ocrx_word' id='word_1_231' title='bbox 399 1757 631 1822; x_wconf 80' lang='lat' dir='ltr'><strong>dixeris,</strong></span> <span class='ocrx_word' id='word_1_232' title='bbox 685 1759 1124 1830; x_wconf 82' lang='lat' dir='ltr'><strong>deprehenderis</strong></span> <span class='ocrx_word' id='word_1_233' title='bbox 1184 1761 1321 1818; x_wconf 88' lang='lat' dir='ltr'><strong>falsa</strong></span> <span class='ocrx_word' id='word_1_234' title='bbox 1351 1761 1563 1831; x_wconf 90' lang='lat' dir='ltr'><strong>dicere,</strong></span> <span class='ocrx_word' id='word_1_235' title='bbox 1593 1774 1649 1820; x_wconf 91' lang='lat' dir='ltr'><strong>et</strong></span> <span class='ocrx_word' id='word_1_236' title='bbox 1700 1781 1822 1835; x_wconf 72' lang='lat' dir='ltr'><strong>quae</strong></span> <span class='ocrx_word' id='word_1_237' title='bbox 1865 1781 1973 1820; x_wconf 91' lang='lat' dir='ltr'><strong>non</strong></span> <span class='ocrx_word' id='word_1_238' title='bbox 2003 1730 2052 1789; x_wconf 74' lang='grc' dir='ltr'>Β</span> <span class='ocrx_word' id='word_1_239' title='bbox 2080 1760 2385 1830; x_wconf 83' lang='lat' dir='ltr'><strong>supervixit</strong></span> <span class='ocrx_word' id='word_1_240' title='bbox 2419 1759 2638 1826; x_wconf 89' lang='lat' dir='ltr'><strong>diebus,</strong></span> <span class='ocrx_word' id='word_1_241' title='bbox 2672 1775 2782 1814; x_wconf 92' lang='lat' dir='ltr'><strong>non</strong></span> <span class='ocrx_word' id='word_1_242' title='bbox 2818 1759 3056 1814; x_wconf 85' lang='lat' dir='ltr'><strong>cessavit</strong></span> <span class='ocrx_word' id='word_1_243' title='bbox 3083 1773 3297 1821; x_wconf 90' lang='lat' dir='ltr'><strong>omnes,</strong></span> <span class='ocrx_word' id='word_1_244' title='bbox 3351 1773 3490 1825; x_wconf 91' lang='lat' dir='ltr'><strong>quos</strong></span> <span class='ocrx_word' id='word_1_245' title='bbox 3522 1756 3659 1810; x_wconf 89' lang='lat' dir='ltr'><strong>aluit</strong></span> 
     </span>
    </p>
   </div>
   <div class='ocr_carea' id='block_1_34' title="bbox 400 1853 1972 1925">
    <p class='ocr_par' dir='ltr' id='par_1_34' title="bbox 400 1853 1972 1925">
     <span class='ocr_line' id='line_1_34' title="bbox 400 1853 1972 1925; baseline 0.008 -23"><span class='ocrx_word' id='word_1_246' title='bbox 400 1860 628 1918; x_wconf 87' lang='lat' dir='ltr'><strong>possunt</strong></span> <span class='ocrx_word' id='word_1_247' title='bbox 697 1853 1025 1908; x_wconf 85' lang='lat' dir='ltr'><strong>consistere.</strong></span> <span class='ocrx_word' id='word_1_248' title='bbox 1071 1853 1223 1908; x_wconf 77' lang='lat' dir='ltr'><strong>Dixit</strong></span> <span class='ocrx_word' id='word_1_249' title='bbox 1275 1855 1572 1925; x_wconf 77' lang='lat' dir='ltr'><strong>praefectus</strong></span> <span class='ocrx_word' id='word_1_250' title='bbox 1604 1857 1972 1914; x_wconf 83' lang='lat' dir='ltr'><strong>Almacbius:</strong></span> 
     </span>
    </p>
   </div>
   <div class='ocr_carea' id='block_1_35' title="bbox 400 1941 1976 2010">
    <p class='ocr_par' dir='ltr' id='par_1_35' title="bbox 400 1941 1976 2010">
     <span class='ocr_line' id='line_1_35' title="bbox 400 1941 1976 2010; baseline 0.007 -15"><span class='ocrx_word' id='word_1_251' title='bbox 400 1941 478 1996; x_wconf 88' lang='lat' dir='ltr'><strong>Ne</strong></span> <span class='ocrx_word' id='word_1_252' title='bbox 505 1941 579 1996; x_wconf 87' lang='lat' dir='ltr'><strong>sis</strong></span> <span class='ocrx_word' id='word_1_253' title='bbox 610 1944 867 2010; x_wconf 87' lang='lat' dir='ltr'><strong>verbosa,</strong></span> <span class='ocrx_word' id='word_1_254' title='bbox 893 1959 924 2000; x_wconf 91' lang='grc' dir='ltr'>ο</span> <span class='ocrx_word' id='word_1_255' title='bbox 948 1945 1171 2010; x_wconf 88' lang='lat' dir='ltr'><strong>mulier,</strong></span> <span class='ocrx_word' id='word_1_256' title='bbox 1194 1947 1290 2002; x_wconf 87' lang='lat' dir='ltr'><strong>sed</strong></span> <span class='ocrx_word' id='word_1_257' title='bbox 1317 1946 1385 2002; x_wconf 87' lang='lat' dir='ltr'><strong>de</strong></span> <span class='ocrx_word' id='word_1_258' title='bbox 1417 1957 1620 2003; x_wconf 71' lang='lat' dir='ltr'><strong>cmtero</strong></span> <span class='ocrx_word' id='word_1_259' title='bbox 1681 1957 1830 2005; x_wconf 87' lang='lat' dir='ltr'><strong>tuam</strong></span> <span class='ocrx_word' id='word_1_260' title='bbox 1875 1949 1976 2006; x_wconf 83' lang='lat' dir='ltr'><strong>de-</strong></span> 
     </span>
    </p>
   </div>
   <div class='ocr_carea' id='block_1_36' title="bbox 400 2032 1979 2102">
    <p class='ocr_par' dir='ltr' id='par_1_36' title="bbox 400 2032 1979 2102">
     <span class='ocr_line' id='line_1_36' title="bbox 400 2032 1979 2102; baseline 0.008 -17"><span class='ocrx_word' id='word_1_261' title='bbox 400 2045 544 2100; x_wconf 87' lang='lat' dir='ltr'><strong>pone</strong></span> <span class='ocrx_word' id='word_1_262' title='bbox 595 2032 908 2100; x_wconf 89' lang='lat' dir='ltr'><strong>audaciam,</strong></span> <span class='ocrx_word' id='word_1_263' title='bbox 940 2043 995 2090; x_wconf 90' lang='lat' dir='ltr'><strong>et</strong></span> <span class='ocrx_word' id='word_1_264' title='bbox 1042 2037 1193 2102; x_wconf 83' lang='lat' dir='ltr'><strong>veni,</strong></span> <span class='ocrx_word' id='word_1_265' title='bbox 1233 2049 1289 2094; x_wconf 92' lang='lat' dir='ltr'><strong>et</strong></span> <span class='ocrx_word' id='word_1_266' title='bbox 1348 2038 1456 2095; x_wconf 89' lang='lat' dir='ltr'><strong>diis</strong></span> <span class='ocrx_word' id='word_1_267' title='bbox 1506 2041 1776 2098; x_wconf 78' lang='lat' dir='ltr'><strong>sacrifica.</strong></span> <span class='ocrx_word' id='word_1_268' title='bbox 1833 2043 1979 2099; x_wconf 82' lang='lat' dir='ltr'><strong>Dixit</strong></span> 
     </span>
    </p>
   </div>
   <div class='ocr_carea' id='block_1_37' title="bbox 401 2122 1978 2190">
    <p class='ocr_par' dir='ltr' id='par_1_37' title="bbox 401 2122 1978 2190">
     <span class='ocr_line' id='line_1_37' title="bbox 401 2122 1978 2190; baseline 0.01 -15"><span class='ocrx_word' id='word_1_269' title='bbox 401 2133 588 2177; x_wconf 79' lang='lat' dir='ltr'><strong>sancta</strong></span> <span class='ocrx_word' id='word_1_270' title='bbox 622 2122 843 2179; x_wconf 68' lang='lat' dir='ltr'><strong>Caecilia</strong></span> <span class='ocrx_word' id='word_1_271' title='bbox 883 2143 895 2180; x_wconf 92' lang='lat'><strong>:</strong></span> <span class='ocrx_word' id='word_1_272' title='bbox 931 2126 1154 2190; x_wconf 88' lang='lat' dir='ltr'><strong>Nescio,</strong></span> <span class='ocrx_word' id='word_1_273' title='bbox 1184 2129 1408 2185; x_wconf 90' lang='lat' dir='ltr'><strong>ubinam</strong></span> <span class='ocrx_word' id='word_1_274' title='bbox 1441 2139 1566 2188; x_wconf 90' lang='lat' dir='ltr'><strong>tuos</strong></span> <span class='ocrx_word' id='word_1_275' title='bbox 1617 2134 1812 2190; x_wconf 91' lang='lat' dir='ltr'><strong>oculos</strong></span> <span class='ocrx_word' id='word_1_276' title='bbox 1836 2135 1978 2190; x_wconf 86' lang='lat' dir='ltr'><strong>ami-</strong></span> 
     </span>
    </p>
   </div>
   <div class='ocr_carea' id='block_1_38' title="bbox 400 2213 1976 2296">
    <p class='ocr_par' dir='ltr' id='par_1_38' title="bbox 400 2213 1976 2296">
     <span class='ocr_line' id='line_1_38' title="bbox 400 2213 1976 2296; baseline 0.008 -28"><span class='ocrx_word' id='word_1_277' title='bbox 400 2213 560 2268; x_wconf 86' lang='lat' dir='ltr'><strong>seris.</strong></span> <span class='ocrx_word' id='word_1_278' title='bbox 607 2214 744 2269; x_wconf 91' lang='lat' dir='ltr'><strong>Nam</strong></span> <span class='ocrx_word' id='word_1_279' title='bbox 779 2231 918 2285; x_wconf 90' lang='lat' dir='ltr'><strong>quos</strong></span> <span class='ocrx_word' id='word_1_280' title='bbox 942 2226 998 2272; x_wconf 93' lang='lat' dir='ltr'><strong>tu</strong></span> <span class='ocrx_word' id='word_1_281' title='bbox 1031 2219 1173 2274; x_wconf 89' lang='lat' dir='ltr'><strong>dicis</strong></span> <span class='ocrx_word' id='word_1_282' title='bbox 1206 2219 1362 2286; x_wconf 91' lang='lat' dir='ltr'><strong>deos,</strong></span> <span class='ocrx_word' id='word_1_283' title='bbox 1396 2239 1496 2293; x_wconf 88' lang='lat' dir='ltr'><strong>ego</strong></span> <span class='ocrx_word' id='word_1_284' title='bbox 1548 2233 1604 2278; x_wconf 91' lang='lat' dir='ltr'><strong>et</strong></span> <span class='ocrx_word' id='word_1_285' title='bbox 1635 2239 1849 2290; x_wconf 87' lang='lat' dir='ltr'><strong>omnes,</strong></span> <span class='ocrx_word' id='word_1_286' title='bbox 1882 2225 1976 2296; x_wconf 92' lang='lat' dir='ltr'><strong>qui</strong></span> 
     </span>
    </p>
   </div>
   <div class='ocr_carea' id='block_1_39' title="bbox 403 2306 1979 2382">
    <p class='ocr_par' dir='ltr' id='par_1_39' title="bbox 403 2306 1979 2382">
     <span class='ocr_line' id='line_1_39' title="bbox 403 2306 1979 2382; baseline 0.01 -25"><span class='ocrx_word' id='word_1_287' title='bbox 403 2311 532 2357; x_wconf 88' lang='lat' dir='ltr'><strong>sunt</strong></span> <span class='ocrx_word' id='word_1_288' title='bbox 561 2306 710 2361; x_wconf 87' lang='lat' dir='ltr'><strong>sanis</strong></span> <span class='ocrx_word' id='word_1_289' title='bbox 740 2307 937 2371; x_wconf 91' lang='lat' dir='ltr'><strong>oculis,</strong></span> <span class='ocrx_word' id='word_1_290' title='bbox 964 2308 1219 2366; x_wconf 79' lang='lat' dir='ltr'><strong>videmus</strong></span> <span class='ocrx_word' id='word_1_291' title='bbox 1252 2326 1384 2367; x_wconf 85' lang='lat' dir='ltr'><strong>esse</strong></span> <span class='ocrx_word' id='word_1_292' title='bbox 1436 2314 1670 2382; x_wconf 90' lang='lat' dir='ltr'><strong>lapides,</strong></span> <span class='ocrx_word' id='word_1_293' title='bbox 1713 2319 1780 2371; x_wconf 88' lang='lat' dir='ltr'><strong>et&#39;</strong></span> <span class='ocrx_word' id='word_1_294' title='bbox 1806 2332 1901 2382; x_wconf 78' lang='lat' dir='ltr'><strong>aes,</strong></span> <span class='ocrx_word' id='word_1_295' title='bbox 1922 2325 1979 2372; x_wconf 92' lang='lat' dir='ltr'><strong>et</strong></span> 
     </span>
    </p>
   </div>
   <div class='ocr_carea' id='block_1_40' title="bbox 401 2397 1980 2471">
    <p class='ocr_par' dir='ltr' id='par_1_40' title="bbox 401 2397 1980 2471">
     <span class='ocr_line' id='line_1_40' title="bbox 401 2397 1980 2471; baseline 0.011 -22"><span class='ocrx_word' id='word_1_296' title='bbox 401 2397 711 2464; x_wconf 84' lang='lat' dir='ltr'><strong>plumbum.</strong></span> <span class='ocrx_word' id='word_1_297' title='bbox 771 2399 918 2453; x_wconf 76' lang='lat' dir='ltr'><strong>Dixit</strong></span> <span class='ocrx_word' id='word_1_298' title='bbox 974 2402 1322 2471; x_wconf 64' lang='lat' dir='ltr'><strong>praefectus:</strong></span> <span class='ocrx_word' id='word_1_299' title='bbox 1387 2405 1736 2464; x_wconf 85' lang='lat' dir='ltr'><strong>Contumelia</strong></span> <span class='ocrx_word' id='word_1_300' title='bbox 1808 2409 1980 2467; x_wconf 72' lang='lat' dir='ltr'><strong>adicis</strong></span> 
     </span>
    </p>
   </div>
   <div class='ocr_carea' id='block_1_41' title="bbox 403 2489 1979 2569">
    <p class='ocr_par' dir='ltr' id='par_1_41' title="bbox 403 2489 1979 2569">
     <span class='ocr_line' id='line_1_41' title="bbox 403 2489 1979 2569; baseline 0.01 -27"><span class='ocrx_word' id='word_1_301' title='bbox 403 2489 734 2559; x_wconf 83' lang='lat' dir='ltr'><strong>religonem,</strong></span> <span class='ocrx_word' id='word_1_302' title='bbox 767 2489 1042 2560; x_wconf 89' lang='lat' dir='ltr'><strong>despectis</strong></span> <span class='ocrx_word' id='word_1_303' title='bbox 1085 2493 1454 2564; x_wconf 84' lang='lat' dir='ltr'><strong>philosophis,</strong></span> <span class='ocrx_word' id='word_1_304' title='bbox 1485 2513 1591 2552; x_wconf 85' lang='lat' dir='ltr'><strong>non</strong></span> <span class='ocrx_word' id='word_1_305' title='bbox 1624 2515 1846 2569; x_wconf 89' lang='lat' dir='ltr'><strong>possum</strong></span> <span class='ocrx_word' id='word_1_306' title='bbox 1876 2518 1979 2557; x_wconf 88' lang='lat' dir='ltr'><strong>au-</strong></span> 
     </span>
    </p>
   </div>
   <div class='ocr_carea' id='block_1_42' title="bbox 405 2581 1981 2649">
    <p class='ocr_par' dir='ltr' id='par_1_42' title="bbox 405 2581 1981 2649">
     <span class='ocr_line' id='line_1_42' title="bbox 405 2581 1981 2649; baseline 0.011 -18"><span class='ocrx_word' id='word_1_307' title='bbox 405 2591 512 2636; x_wconf 90' lang='lat' dir='ltr'><strong>tem</strong></span> <span class='ocrx_word' id='word_1_308' title='bbox 547 2581 689 2636; x_wconf 86' lang='lat' dir='ltr'><strong>ferre</strong></span> <span class='ocrx_word' id='word_1_309' title='bbox 713 2582 944 2637; x_wconf 90' lang='lat' dir='ltr'><strong>deorum</strong></span> <span class='ocrx_word' id='word_1_310' title='bbox 975 2587 1360 2642; x_wconf 84' lang='lat' dir='ltr'><strong>contumelias.</strong></span> <span class='ocrx_word' id='word_1_311' title='bbox 1394 2589 1540 2645; x_wconf 88' lang='lat' dir='ltr'><strong>Dixit</strong></span> <span class='ocrx_word' id='word_1_312' title='bbox 1572 2601 1762 2647; x_wconf 87' lang='lat' dir='ltr'><strong>sancta</strong></span> <span class='ocrx_word' id='word_1_313' title='bbox 1807 2592 1981 2649; x_wconf 63' lang='lat' dir='ltr'><strong>Caeci-</strong></span> 
     </span>
    </p>
   </div>
   <div class='ocr_carea' id='block_1_43' title="bbox 402 2673 1978 2753">
    <p class='ocr_par' dir='ltr' id='par_1_43' title="bbox 402 2673 1978 2753">
     <span class='ocr_line' id='line_1_43' title="bbox 402 2673 1978 2753; baseline 0.01 -27"><span class='ocrx_word' id='word_1_314' title='bbox 402 2673 474 2726; x_wconf 89' lang='lat' dir='ltr'><strong>lia</strong></span> <span class='ocrx_word' id='word_1_315' title='bbox 503 2689 518 2728; x_wconf 85' lang='lat'><strong>:</strong></span> <span class='ocrx_word' id='word_1_316' title='bbox 555 2673 636 2728; x_wconf 76' lang='lat' dir='ltr'><strong>Ex</strong></span> <span class='ocrx_word' id='word_1_317' title='bbox 662 2688 773 2744; x_wconf 90' lang='lat' dir='ltr'><strong>quo</strong></span> <span class='ocrx_word' id='word_1_318' title='bbox 813 2689 874 2730; x_wconf 90' lang='lat' dir='ltr'><strong>os</strong></span> <span class='ocrx_word' id='word_1_319' title='bbox 912 2677 1201 2745; x_wconf 87' lang='lat' dir='ltr'><strong>aperuisti,</strong></span> <span class='ocrx_word' id='word_1_320' title='bbox 1236 2680 1450 2736; x_wconf 88' lang='lat' dir='ltr'><strong>nullum</strong></span> <span class='ocrx_word' id='word_1_321' title='bbox 1482 2683 1716 2738; x_wconf 90' lang='lat' dir='ltr'><strong>verbum</strong></span> <span class='ocrx_word' id='word_1_322' title='bbox 1773 2685 1978 2753; x_wconf 90' lang='lat' dir='ltr'><strong>fecisti,</strong></span> 
     </span>
    </p>
   </div>
   <div class='ocr_carea' id='block_1_44' title="bbox 401 2765 1981 2845">
    <p class='ocr_par' dir='ltr' id='par_1_44' title="bbox 401 2765 1981 2845">
     <span class='ocr_line' id='line_1_44' title="bbox 401 2765 1981 2845; baseline 0.009 -27"><span class='ocrx_word' id='word_1_323' title='bbox 401 2765 548 2833; x_wconf 88' lang='lat' dir='ltr'><strong>quod</strong></span> <span class='ocrx_word' id='word_1_324' title='bbox 599 2781 708 2820; x_wconf 91' lang='lat' dir='ltr'><strong>non</strong></span> <span class='ocrx_word' id='word_1_325' title='bbox 761 2773 815 2821; x_wconf 86' lang='lat' dir='ltr'><strong>te</strong></span> <span class='ocrx_word' id='word_1_326' title='bbox 859 2767 1179 2824; x_wconf 83' lang='lat' dir='ltr'><strong>ostenderet</strong></span> <span class='ocrx_word' id='word_1_327' title='bbox 1225 2769 1511 2842; x_wconf 88' lang='lat' dir='ltr'><strong>injustum,</strong></span> <span class='ocrx_word' id='word_1_328' title='bbox 1545 2773 1895 2845; x_wconf 75' lang='lat' dir='ltr'><strong>insipientem</strong></span> <span class='ocrx_word' id='word_1_329' title='bbox 1925 2787 1981 2832; x_wconf 91' lang='lat' dir='ltr'><strong>et</strong></span> 
     </span>
    </p>
   </div>
   <div class='ocr_carea' id='block_1_45' title="bbox 400 2851 1981 2934">
    <p class='ocr_par' dir='ltr' id='par_1_45' title="bbox 400 2851 1981 2934">
     <span class='ocr_line' id='line_1_45' title="bbox 400 2851 1981 2934; baseline 0.013 -30"><span class='ocrx_word' id='word_1_330' title='bbox 400 2851 653 2907; x_wconf 80' lang='lat' dir='ltr'><strong>stultum.</strong></span> <span class='ocrx_word' id='word_1_331' title='bbox 689 2852 796 2909; x_wconf 87' lang='lat' dir='ltr'><strong>Sed</strong></span> <span class='ocrx_word' id='word_1_332' title='bbox 825 2856 973 2911; x_wconf 90' lang='lat' dir='ltr'><strong>enim</strong></span> <span class='ocrx_word' id='word_1_333' title='bbox 999 2857 1262 2928; x_wconf 89' lang='lat' dir='ltr'><strong>quidnam</strong></span> <span class='ocrx_word' id='word_1_334' title='bbox 1294 2861 1400 2916; x_wconf 88' lang='lat' dir='ltr'><strong>hoc</strong></span> <span class='ocrx_word' id='word_1_335' title='bbox 1419 2871 1526 2927; x_wconf 92' lang='lat' dir='ltr'><strong>est,</strong></span> <span class='ocrx_word' id='word_1_336' title='bbox 1563 2865 1712 2934; x_wconf 92' lang='lat' dir='ltr'><strong>quod</strong></span> <span class='ocrx_word' id='word_1_337' title='bbox 1736 2867 1981 2924; x_wconf 82' lang='lat' dir='ltr'><strong>externis</strong></span> 
     </span>
    </p>
   </div>
   <div class='ocr_carea' id='block_1_46' title="bbox 401 2938 1983 3026">
    <p class='ocr_par' dir='ltr' id='par_1_46' title="bbox 401 2938 1983 3026">
     <span class='ocr_line' id='line_1_46' title="bbox 401 2938 1983 3026; baseline 0.013 -32"><span class='ocrx_word' id='word_1_338' title='bbox 401 2945 577 3020; x_wconf 75' lang='lat' dir='ltr'><strong>oculis</strong></span> <span class='ocrx_word' id='word_1_339' title='bbox 600 2960 722 3001; x_wconf 87' lang='lat' dir='ltr'><strong>esse</strong></span> <span class='ocrx_word' id='word_1_340' title='bbox 772 2963 977 3003; x_wconf 72' lang='lat' dir='ltr'><strong>czscum</strong></span> <span class='ocrx_word' id='word_1_341' title='bbox 1015 2951 1284 3018; x_wconf 89' lang='lat' dir='ltr'><strong>ostendis,</strong></span> <span class='ocrx_word' id='word_1_342' title='bbox 1349 2955 1568 3022; x_wconf 86' lang='lat' dir='ltr'><strong>quando</strong></span> <span class='ocrx_word' id='word_1_343' title='bbox 1609 2958 1756 3026; x_wconf 88' lang='lat' dir='ltr'><strong>quod</strong></span> <span class='ocrx_word' id='word_1_344' title='bbox 1790 2938 1983 3015; x_wconf 87' lang='lat' dir='ltr'><strong>omnes</strong></span> 
     </span>
    </p>
   </div>
   <div class='ocr_carea' id='block_1_47' title="bbox 2079 1847 3660 1923">
    <p class='ocr_par' dir='ltr' id='par_1_47' title="bbox 2079 1847 3660 1923">
     <span class='ocr_line' id='line_1_47' title="bbox 2079 1847 3660 1923; baseline -0.006 -13"><span class='ocrx_word' id='word_1_345' title='bbox 2079 1861 2135 1910; x_wconf 91' lang='lat' dir='ltr'><strong>et</strong></span> <span class='ocrx_word' id='word_1_346' title='bbox 2167 1869 2307 1923; x_wconf 92' lang='lat' dir='ltr'><strong>quos</strong></span> <span class='ocrx_word' id='word_1_347' title='bbox 2357 1853 2564 1916; x_wconf 82' lang='lat' dir='ltr'><strong>docuit,</strong></span> <span class='ocrx_word' id='word_1_348' title='bbox 2597 1853 2924 1907; x_wconf 79' lang='lat' dir='ltr'><strong>confirmare</strong></span> <span class='ocrx_word' id='word_1_349' title='bbox 2978 1860 3034 1906; x_wconf 92' lang='lat' dir='ltr'><strong>et</strong></span> <span class='ocrx_word' id='word_1_350' title='bbox 3062 1851 3425 1906; x_wconf 88' lang='lat' dir='ltr'><strong>corroborare</strong></span> <span class='ocrx_word' id='word_1_351' title='bbox 3459 1851 3511 1903; x_wconf 92' lang='lat' dir='ltr'><strong>in</strong></span> <span class='ocrx_word' id='word_1_352' title='bbox 3555 1847 3660 1902; x_wconf 87' lang='lat' dir='ltr'><strong>fide</strong></span> 
     </span>
    </p>
   </div>
   <div class='ocr_carea' id='block_1_48' title="bbox 2056 1939 3664 2010">
    <p class='ocr_par' dir='ltr' id='par_1_48' title="bbox 2056 1939 3664 2010">
     <span class='ocr_line' id='line_1_48' title="bbox 2056 1939 3664 2010; baseline -0.004 -12"><span class='ocrx_word' id='word_1_353' title='bbox 2056 1943 2322 1998; x_wconf 87' lang='lat' dir='ltr'><strong>-Domini.</strong></span> <span class='ocrx_word' id='word_1_354' title='bbox 2353 1941 2568 2010; x_wconf 83' lang='lat' dir='ltr'><strong>Quibus</strong></span> <span class='ocrx_word' id='word_1_355' title='bbox 2593 1943 2757 1997; x_wconf 88' lang='lat' dir='ltr'><strong>etiam</strong></span> <span class='ocrx_word' id='word_1_356' title='bbox 2791 1941 3078 1996; x_wconf 90' lang='lat' dir='ltr'><strong>distribuit</strong></span> <span class='ocrx_word' id='word_1_357' title='bbox 3111 1940 3316 2003; x_wconf 82' lang='lat' dir='ltr'><strong>omnia,</strong></span> <span class='ocrx_word' id='word_1_358' title='bbox 3341 1956 3462 2010; x_wconf 82' lang='lat' dir='ltr'><strong>quae</strong></span> <span class='ocrx_word' id='word_1_359' title='bbox 3492 1939 3664 1993; x_wconf 82' lang='lat' dir='ltr'><strong>habe-</strong></span> 
     </span>
    </p>
   </div>
   <div class='ocr_carea' id='block_1_49' title="bbox 2078 2032 3658 2106">
    <p class='ocr_par' dir='ltr' id='par_1_49' title="bbox 2078 2032 3658 2106">
     <span class='ocr_line' id='line_1_49' title="bbox 2078 2032 3658 2106; baseline -0.004 -14"><span class='ocrx_word' id='word_1_360' title='bbox 2078 2037 2196 2104; x_wconf 89' lang='lat' dir='ltr'><strong>bat,</strong></span> <span class='ocrx_word' id='word_1_361' title='bbox 2231 2047 2287 2091; x_wconf 91' lang='lat' dir='ltr'><strong>et</strong></span> <span class='ocrx_word' id='word_1_362' title='bbox 2343 2037 2692 2092; x_wconf 89' lang='lat' dir='ltr'><strong>sanctissimo</strong></span> <span class='ocrx_word' id='word_1_363' title='bbox 2741 2051 2892 2106; x_wconf 63' lang='lat' dir='ltr'><strong>papae</strong></span> <span class='ocrx_word' id='word_1_364' title='bbox 2949 2035 3172 2092; x_wconf 87' lang='lat' dir='ltr'><strong>Urbano</strong></span> <span class='ocrx_word' id='word_1_365' title='bbox 3229 2032 3658 2088; x_wconf 82' lang='lat' dir='ltr'><strong>commendavit.</strong></span> 
     </span>
    </p>
   </div>
   <div class='ocr_carea' id='block_1_50' title="bbox 2079 2122 3659 2194">
    <p class='ocr_par' dir='ltr' id='par_1_50' title="bbox 2079 2122 3659 2194">
     <span class='ocr_line' id='line_1_50' title="bbox 2079 2122 3659 2194; baseline -0.007 -8"><span class='ocrx_word' id='word_1_366' title='bbox 2079 2129 2179 2186; x_wconf 87' lang='lat' dir='ltr'><strong>Cui</strong></span> <span class='ocrx_word' id='word_1_367' title='bbox 2213 2129 2378 2186; x_wconf 89' lang='lat' dir='ltr'><strong>etiam</strong></span> <span class='ocrx_word' id='word_1_368' title='bbox 2420 2129 2560 2184; x_wconf 79' lang='lat' dir='ltr'><strong>dixit</strong></span> <span class='ocrx_word' id='word_1_369' title='bbox 2597 2149 2608 2182; x_wconf 89' lang='lat'><strong>:</strong></span> <span class='ocrx_word' id='word_1_370' title='bbox 2649 2127 2840 2182; x_wconf 86' lang='lat' dir='ltr'><strong>’l&#39;rium</strong></span> <span class='ocrx_word' id='word_1_371' title='bbox 2884 2127 3102 2182; x_wconf 90' lang='lat' dir='ltr'><strong>dierum</strong></span> <span class='ocrx_word' id='word_1_372' title='bbox 3153 2125 3288 2179; x_wconf 89' lang='lat' dir='ltr'><strong>mihi</strong></span> <span class='ocrx_word' id='word_1_373' title='bbox 3325 2125 3434 2194; x_wconf 87' lang='lat' dir='ltr'><strong>jam</strong></span> <span class='ocrx_word' id='word_1_374' title='bbox 3491 2122 3659 2193; x_wconf 82' lang='lat' dir='ltr'><strong>petivi</strong></span> 
     </span>
    </p>
   </div>
   <div class='ocr_carea' id='block_1_51' title="bbox 2082 2215 3664 2284">
    <p class='ocr_par' dir='ltr' id='par_1_51' title="bbox 2082 2215 3664 2284">
     <span class='ocr_line' id='line_1_51' title="bbox 2082 2215 3664 2284; baseline -0.005 -9"><span class='ocrx_word' id='word_1_375' title='bbox 2082 2220 2408 2284; x_wconf 88' lang='lat' dir='ltr'><strong>terminum,</strong></span> <span class='ocrx_word' id='word_1_376' title='bbox 2435 2229 2499 2274; x_wconf 91' lang='lat' dir='ltr'><strong>ut</strong></span> <span class='ocrx_word' id='word_1_377' title='bbox 2525 2219 2739 2275; x_wconf 88' lang='lat' dir='ltr'><strong>tradam</strong></span> <span class='ocrx_word' id='word_1_378' title='bbox 2763 2221 2880 2274; x_wconf 65' lang='lat' dir='ltr'><strong>haec</strong></span> <span class='ocrx_word' id='word_1_379' title='bbox 2932 2229 3039 2274; x_wconf 74' lang='lat' dir='ltr'><strong>tuae</strong></span> <span class='ocrx_word' id='word_1_380' title='bbox 3079 2216 3381 2282; x_wconf 88' lang='lat' dir='ltr'><strong>sanctitati,</strong></span> <span class='ocrx_word' id='word_1_381' title='bbox 3415 2227 3473 2272; x_wconf 91' lang='lat' dir='ltr'><strong>et</strong></span> <span class='ocrx_word' id='word_1_382' title='bbox 3520 2215 3664 2269; x_wconf 87' lang='lat' dir='ltr'><strong>hanc</strong></span> 
     </span>
    </p>
   </div>
   <div class='ocr_carea' id='block_1_52' title="bbox 2081 2309 3666 2368">
    <p class='ocr_par' dir='ltr' id='par_1_52' title="bbox 2081 2309 3666 2368">
     <span class='ocr_line' id='line_1_52' title="bbox 2081 2309 3666 2368; baseline -0.003 -1"><span class='ocrx_word' id='word_1_383' title='bbox 2081 2313 2309 2368; x_wconf 91' lang='lat' dir='ltr'><strong>domum</strong></span> <span class='ocrx_word' id='word_1_384' title='bbox 2337 2327 2516 2366; x_wconf 85' lang='lat' dir='ltr'><strong>meam</strong></span> <span class='ocrx_word' id='word_1_385' title='bbox 2543 2311 2598 2365; x_wconf 88' lang='lat' dir='ltr'><strong>in</strong></span> <span class='ocrx_word' id='word_1_386' title='bbox 2643 2311 2905 2366; x_wconf 52' lang='lat' dir='ltr'><strong>saeculum</strong></span> <span class='ocrx_word' id='word_1_387' title='bbox 2935 2309 3194 2365; x_wconf 79' lang='lat' dir='ltr'><strong>Ecclesiae</strong></span> <span class='ocrx_word' id='word_1_388' title='bbox 3241 2309 3473 2364; x_wconf 88' lang='lat' dir='ltr'><strong>nomine</strong></span> <span class='ocrx_word' id='word_1_389' title='bbox 3528 2324 3666 2364; x_wconf 89' lang='lat' dir='ltr'><strong>con-</strong></span> 
     </span>
    </p>
   </div>
   <div class='ocr_carea' id='block_1_53' title="bbox 2080 2403 3666 2473">
    <p class='ocr_par' dir='ltr' id='par_1_53' title="bbox 2080 2403 3666 2473">
     <span class='ocr_line' id='line_1_53' title="bbox 2080 2403 3666 2473; baseline -0.003 -11"><span class='ocrx_word' id='word_1_390' title='bbox 2080 2419 2284 2462; x_wconf 83' lang='lat' dir='ltr'><strong>secres.</strong></span> <span class='ocrx_word' id='word_1_391' title='bbox 2342 2403 2586 2473; x_wconf 90' lang='lat' dir='ltr'><strong>lmpletis</strong></span> <span class='ocrx_word' id='word_1_392' title='bbox 2641 2411 2824 2459; x_wconf 88' lang='lat' dir='ltr'><strong>autem</strong></span> <span class='ocrx_word' id='word_1_393' title='bbox 2855 2403 3049 2469; x_wconf 90' lang='lat' dir='ltr'><strong>tribus,</strong></span> <span class='ocrx_word' id='word_1_394' title='bbox 3080 2410 3136 2457; x_wconf 91' lang='lat' dir='ltr'><strong>et</strong></span> <span class='ocrx_word' id='word_1_395' title='bbox 3187 2404 3356 2458; x_wconf 92' lang='lat' dir='ltr'><strong>Deum</strong></span> <span class='ocrx_word' id='word_1_396' title='bbox 3401 2411 3666 2472; x_wconf 89' lang='lat' dir='ltr'><strong>precante</strong></span> 
     </span>
    </p>
   </div>
   <div class='ocr_carea' id='block_1_54' title="bbox 2083 2499 3658 2569">
    <p class='ocr_par' dir='ltr' id='par_1_54' title="bbox 2083 2499 3658 2569">
     <span class='ocr_line' id='line_1_54' title="bbox 2083 2499 3658 2569; baseline -0.004 -12"><span class='ocrx_word' id='word_1_397' title='bbox 2083 2503 2243 2557; x_wconf 90' lang='lat' dir='ltr'><strong>beata</strong></span> <span class='ocrx_word' id='word_1_398' title='bbox 2263 2499 2505 2563; x_wconf 73' lang='lat' dir='ltr'><strong>Caecilia,</strong></span> <span class='ocrx_word' id='word_1_399' title='bbox 2533 2515 2657 2554; x_wconf 90' lang='lat' dir='ltr'><strong>cum</strong></span> <span class='ocrx_word' id='word_1_400' title='bbox 2682 2508 2869 2554; x_wconf 90' lang='lat' dir='ltr'><strong>essent</strong></span> <span class='ocrx_word' id='word_1_401' title='bbox 2896 2499 3078 2554; x_wconf 90' lang='lat' dir='ltr'><strong>adhuc</strong></span> <span class='ocrx_word' id='word_1_402' title='bbox 3099 2513 3292 2569; x_wconf 89' lang='lat' dir='ltr'><strong>preces</strong></span> <span class='ocrx_word' id='word_1_403' title='bbox 3312 2501 3369 2552; x_wconf 92' lang='lat' dir='ltr'><strong>in</strong></span> <span class='ocrx_word' id='word_1_404' title='bbox 3388 2513 3486 2552; x_wconf 90' lang='lat' dir='ltr'><strong>ore</strong></span> <span class='ocrx_word' id='word_1_405' title='bbox 3513 2499 3658 2567; x_wconf 85' lang='lat' dir='ltr'><strong>ejus,</strong></span> 
     </span>
    </p>
   </div>
   <div class='ocr_carea' id='block_1_55' title="bbox 2084 2587 3659 2663">
    <p class='ocr_par' dir='ltr' id='par_1_55' title="bbox 2084 2587 3659 2663">
     <span class='ocr_line' id='line_1_55' title="bbox 2084 2587 3659 2663; baseline -0.006 -14"><span class='ocrx_word' id='word_1_406' title='bbox 2084 2593 2310 2649; x_wconf 88' lang='lat' dir='ltr'><strong>tradidit</strong></span> <span class='ocrx_word' id='word_1_407' title='bbox 2346 2593 2643 2663; x_wconf 89' lang='lat' dir='ltr'><strong>pretiosam</strong></span> <span class='ocrx_word' id='word_1_408' title='bbox 2703 2600 2759 2646; x_wconf 91' lang='lat' dir='ltr'><strong>et</strong></span> <span class='ocrx_word' id='word_1_409' title='bbox 2819 2599 3068 2646; x_wconf 85' lang='lat' dir='ltr'><strong>sanctam</strong></span> <span class='ocrx_word' id='word_1_410' title='bbox 3119 2605 3274 2645; x_wconf 90' lang='lat' dir='ltr'><strong>suam</strong></span> <span class='ocrx_word' id='word_1_411' title='bbox 3309 2589 3550 2643; x_wconf 88' lang='lat' dir='ltr'><strong>animam</strong></span> <span class='ocrx_word' id='word_1_412' title='bbox 3601 2587 3659 2641; x_wconf 75' lang='lat' dir='ltr'><strong>in</strong></span> 
     </span>
    </p>
   </div>
   <div class='ocr_carea' id='block_1_56' title="bbox 2085 2680 3670 2747">
    <p class='ocr_par' dir='ltr' id='par_1_56' title="bbox 2085 2680 3670 2747">
     <span class='ocr_line' id='line_1_56' title="bbox 2085 2680 3670 2747; baseline -0.005 -5"><span class='ocrx_word' id='word_1_413' title='bbox 2085 2701 2282 2742; x_wconf 91' lang='lat' dir='ltr'><strong>manus</strong></span> <span class='ocrx_word' id='word_1_414' title='bbox 2315 2685 2412 2741; x_wconf 90' lang='lat' dir='ltr'><strong>Dei</strong></span> <span class='ocrx_word' id='word_1_415' title='bbox 2437 2683 2696 2747; x_wconf 86' lang='lat' dir='ltr'><strong>viventis,</strong></span> <span class='ocrx_word' id='word_1_416' title='bbox 2746 2685 2953 2737; x_wconf 91' lang='lat' dir='ltr'><strong>mensis</strong></span> <span class='ocrx_word' id='word_1_417' title='bbox 3011 2682 3338 2738; x_wconf 85' lang='lat' dir='ltr'><strong>Novembris</strong></span> <span class='ocrx_word' id='word_1_418' title='bbox 3385 2681 3481 2735; x_wconf 70' lang='lat'><strong>22.</strong></span> <span class='ocrx_word' id='word_1_419' title='bbox 3513 2680 3670 2734; x_wconf 90' lang='lat' dir='ltr'><strong>Tunc</strong></span> 
     </span>
    </p>
   </div>
   <div class='ocr_carea' id='block_1_57' title="bbox 2084 2771 3668 2845">
    <p class='ocr_par' dir='ltr' id='par_1_57' title="bbox 2084 2771 3668 2845">
     <span class='ocr_line' id='line_1_57' title="bbox 2084 2771 3668 2845; baseline -0.004 -14"><span class='ocrx_word' id='word_1_420' title='bbox 2084 2775 2466 2831; x_wconf 89' lang='lat' dir='ltr'><strong>sanctissimus</strong></span> <span class='ocrx_word' id='word_1_421' title='bbox 2505 2790 2644 2845; x_wconf 88' lang='lat' dir='ltr'><strong>papa</strong></span> <span class='ocrx_word' id='word_1_422' title='bbox 2692 2773 2972 2837; x_wconf 86' lang='lat' dir='ltr'><strong>Urbanus,</strong></span> <span class='ocrx_word' id='word_1_423' title='bbox 3023 2789 3149 2830; x_wconf 93' lang='lat' dir='ltr'><strong>cum</strong></span> <span class='ocrx_word' id='word_1_424' title='bbox 3201 2771 3668 2843; x_wconf 85' lang='lat' dir='ltr'><strong>gloriosissimum</strong></span> 
     </span>
    </p>
   </div>
   <div class='ocr_carea' id='block_1_58' title="bbox 2082 2857 3669 2937">
    <p class='ocr_par' dir='ltr' id='par_1_58' title="bbox 2082 2857 3669 2937">
     <span class='ocr_line' id='line_1_58' title="bbox 2082 2857 3669 2937; baseline -0.003 -16"><span class='ocrx_word' id='word_1_425' title='bbox 2082 2857 2202 2937; x_wconf 83' lang='lat' dir='ltr'><strong>ejus</strong></span> <span class='ocrx_word' id='word_1_426' title='bbox 2256 2881 2456 2936; x_wconf 90' lang='lat' dir='ltr'><strong>corpus</strong></span> <span class='ocrx_word' id='word_1_427' title='bbox 2507 2864 2835 2919; x_wconf 91' lang='lat' dir='ltr'><strong>subtulisset</strong></span> <span class='ocrx_word' id='word_1_428' title='bbox 2874 2869 3040 2917; x_wconf 89' lang='lat' dir='ltr'><strong>noctu</strong></span> <span class='ocrx_word' id='word_1_429' title='bbox 3100 2878 3225 2917; x_wconf 91' lang='lat' dir='ltr'><strong>cum</strong></span> <span class='ocrx_word' id='word_1_430' title='bbox 3268 2861 3546 2925; x_wconf 81' lang='lat' dir='ltr'><strong>diaconis,</strong></span> <span class='ocrx_word' id='word_1_431' title='bbox 3578 2875 3669 2916; x_wconf 85' lang='lat' dir='ltr'><strong>se-</strong></span> 
     </span>
    </p>
   </div>
   <div class='ocr_carea' id='block_1_59' title="bbox 2083 2957 3668 3031">
    <p class='ocr_par' dir='ltr' id='par_1_59' title="bbox 2083 2957 3668 3031">
     <span class='ocr_line' id='line_1_59' title="bbox 2083 2957 3668 3031; baseline -0.003 -18"><span class='ocrx_word' id='word_1_432' title='bbox 2083 2959 2239 3031; x_wconf 85' lang='lat' dir='ltr'><strong>peliit</strong></span> <span class='ocrx_word' id='word_1_433' title='bbox 2290 2958 2470 3029; x_wconf 88' lang='lat' dir='ltr'><strong>ipsum</strong></span> <span class='ocrx_word' id='word_1_434' title='bbox 2516 2957 2664 3011; x_wconf 90' lang='lat' dir='ltr'><strong>inter</strong></span> <span class='ocrx_word' id='word_1_435' title='bbox 2695 2957 2834 3010; x_wconf 88' lang='lat' dir='ltr'><strong>alios</strong></span> <span class='ocrx_word' id='word_1_436' title='bbox 2896 2957 3136 3027; x_wconf 81' lang='lat' dir='ltr'><strong>collegas</strong></span> <span class='ocrx_word' id='word_1_437' title='bbox 3177 2971 3310 3011; x_wconf 89' lang='lat' dir='ltr'><strong>suos</strong></span> <span class='ocrx_word' id='word_1_438' title='bbox 3353 2957 3668 3026; x_wconf 82' lang='lat' dir='ltr'><strong>episcopos,</strong></span> 
     </span>
    </p>
   </div>
   <div class='ocr_carea' id='block_1_60' title="bbox 401 3035 3667 3124">
    <p class='ocr_par' dir='ltr' id='par_1_60' title="bbox 401 3035 3667 3124">
     <span class='ocr_line' id='line_1_60' title="bbox 401 3035 3667 3124; baseline 0.004 -36"><span class='ocrx_word' id='word_1_439' title='bbox 401 3035 638 3105; x_wconf 69' lang='lat' dir='ltr'><strong>lapidem</strong></span> <span class='ocrx_word' id='word_1_440' title='bbox 699 3052 820 3092; x_wconf 89' lang='lat' dir='ltr'><strong>esse</strong></span> <span class='ocrx_word' id='word_1_441' title='bbox 853 3037 1178 3107; x_wconf 89' lang='lat' dir='ltr'><strong>aspicimus,</strong></span> <span class='ocrx_word' id='word_1_442' title='bbox 1209 3051 1266 3096; x_wconf 89' lang='lat' dir='ltr'><strong>et</strong></span> <span class='ocrx_word' id='word_1_443' title='bbox 1336 3042 1571 3112; x_wconf 89' lang='lat' dir='ltr'><strong>lapidem</strong></span> <span class='ocrx_word' id='word_1_444' title='bbox 1613 3045 1886 3112; x_wconf 92' lang='lat' dir='ltr'><strong>inutilem,</strong></span> <span class='ocrx_word' id='word_1_445' title='bbox 1921 3056 1974 3101; x_wconf 93' lang='lat' dir='ltr'><strong>tu</strong></span> <span class='ocrx_word' id='word_1_446' title='bbox 2003 3063 2048 3124; x_wconf 73' lang='grc' dir='ltr'><strong>ρ</strong></span> <span class='ocrx_word' id='word_1_447' title='bbox 2084 3053 2177 3107; x_wconf 92' lang='lat' dir='ltr'><strong>ubi</strong></span> <span class='ocrx_word' id='word_1_448' title='bbox 2226 3061 2355 3106; x_wconf 92' lang='lat' dir='ltr'><strong>sunt</strong></span> <span class='ocrx_word' id='word_1_449' title='bbox 2379 3065 2572 3105; x_wconf 91' lang='lat' dir='ltr'><strong>omnes</strong></span> <span class='ocrx_word' id='word_1_450' title='bbox 2611 3049 2956 3104; x_wconf 88' lang='lat' dir='ltr'><strong>confessores</strong></span> <span class='ocrx_word' id='word_1_451' title='bbox 2985 3057 3041 3103; x_wconf 91' lang='lat' dir='ltr'><strong>et</strong></span> <span class='ocrx_word' id='word_1_452' title='bbox 3095 3058 3367 3119; x_wconf 86' lang='lat' dir='ltr'><strong>martyres</strong></span> <span class='ocrx_word' id='word_1_453' title='bbox 3399 3047 3667 3116; x_wconf 73' lang='lat' dir='ltr'><strong>depositi.</strong></span> 
     </span>
    </p>
   </div>
   <div class='ocr_carea' id='block_1_61' title="bbox 402 3127 1983 3204">
    <p class='ocr_par' dir='ltr' id='par_1_61' title="bbox 402 3127 1983 3204">
     <span class='ocr_line' id='line_1_61' title="bbox 402 3127 1983 3204; baseline 0.008 -24"><span class='ocrx_word' id='word_1_454' title='bbox 402 3127 710 3184; x_wconf 77' lang='lat' dir='ltr'><strong>tleumessc</strong></span> <span class='ocrx_word' id='word_1_455' title='bbox 741 3130 1092 3187; x_wconf 74' lang='lat' dir='ltr'><strong>tcstaris‘iDo</strong></span> <span class='ocrx_word' id='word_1_456' title='bbox 1127 3132 1248 3198; x_wconf 78' lang='lat' dir='ltr'><strong>tibi,</strong></span> <span class='ocrx_word' id='word_1_457' title='bbox 1275 3135 1320 3187; x_wconf 79' lang='lat' dir='ltr'><strong>si</strong></span> <span class='ocrx_word' id='word_1_458' title='bbox 1361 3134 1546 3204; x_wconf 82' lang='lat' dir='ltr'><strong>jubcs,</strong></span> <span class='ocrx_word' id='word_1_459' title='bbox 1584 3138 1906 3204; x_wconf 87' lang='lat' dir='ltr'><strong>consilium,</strong></span> <span class='ocrx_word' id='word_1_460' title='bbox 1927 3150 1983 3193; x_wconf 85' lang='lat' dir='ltr'><strong>et</strong></span> 
     </span>
    </p>
   </div>
   <div class='ocr_carea' id='block_1_62' title="bbox 403 3218 1982 3295">
    <p class='ocr_par' dir='ltr' id='par_1_62' title="bbox 403 3218 1982 3295">
     <span class='ocr_line' id='line_1_62' title="bbox 403 3218 1982 3295; baseline 0.009 -26"><span class='ocrx_word' id='word_1_461' title='bbox 403 3232 528 3271; x_wconf 84' lang='lat' dir='ltr'><strong>eum</strong></span> <span class='ocrx_word' id='word_1_462' title='bbox 560 3227 806 3289; x_wconf 85' lang='lat' dir='ltr'><strong>tangens,</strong></span> <span class='ocrx_word' id='word_1_463' title='bbox 846 3218 995 3273; x_wconf 90' lang='lat' dir='ltr'><strong>disce</strong></span> <span class='ocrx_word' id='word_1_464' title='bbox 1027 3234 1149 3274; x_wconf 86' lang='lat' dir='ltr'><strong>esse</strong></span> <span class='ocrx_word' id='word_1_465' title='bbox 1180 3221 1458 3290; x_wconf 87' lang='lat' dir='ltr'><strong>lapidem;</strong></span> <span class='ocrx_word' id='word_1_466' title='bbox 1493 3223 1537 3279; x_wconf 88' lang='lat' dir='ltr'><strong>si</strong></span> <span class='ocrx_word' id='word_1_467' title='bbox 1586 3241 1694 3280; x_wconf 90' lang='lat' dir='ltr'><strong>non</strong></span> <span class='ocrx_word' id='word_1_468' title='bbox 1727 3229 1893 3295; x_wconf 88' lang='lat' dir='ltr'><strong>nosti,</strong></span> <span class='ocrx_word' id='word_1_469' title='bbox 1926 3228 1982 3284; x_wconf 92' lang='lat' dir='ltr'><strong>id</strong></span> 
     </span>
    </p>
   </div>
   <div class='ocr_carea' id='block_1_63' title="bbox 404 3309 1984 3390">
    <p class='ocr_par' dir='ltr' id='par_1_63' title="bbox 404 3309 1984 3390">
     <span class='ocr_line' id='line_1_63' title="bbox 404 3309 1984 3390; baseline 0.009 -28"><span class='ocrx_word' id='word_1_470' title='bbox 404 3309 722 3378; x_wconf 85' lang='lat' dir='ltr'><strong>aspiciens;</strong></span> <span class='ocrx_word' id='word_1_471' title='bbox 755 3319 840 3364; x_wconf 89' lang='lat' dir='ltr'><strong>est</strong></span> <span class='ocrx_word' id='word_1_472' title='bbox 871 3312 1020 3364; x_wconf 89' lang='lat' dir='ltr'><strong>enim</strong></span> <span class='ocrx_word' id='word_1_473' title='bbox 1055 3309 1321 3377; x_wconf 88' lang='lat' dir='ltr'><strong>dedecus,</strong></span> <span class='ocrx_word' id='word_1_474' title='bbox 1346 3329 1376 3368; x_wconf 89' lang='lat' dir='ltr'><strong>a</strong></span> <span class='ocrx_word' id='word_1_475' title='bbox 1414 3323 1527 3370; x_wconf 90' lang='lat' dir='ltr'><strong>toto</strong></span> <span class='ocrx_word' id='word_1_476' title='bbox 1559 3325 1612 3372; x_wconf 90' lang='lat' dir='ltr'><strong>te</strong></span> <span class='ocrx_word' id='word_1_477' title='bbox 1677 3319 1859 3375; x_wconf 88' lang='lat' dir='ltr'><strong>redire</strong></span> <span class='ocrx_word' id='word_1_478' title='bbox 1884 3336 1984 3390; x_wconf 82' lang='lat' dir='ltr'><strong>po-</strong></span> 
     </span>
    </p>
   </div>
   <div class='ocr_carea' id='block_1_64' title="bbox 403 3398 1986 3476">
    <p class='ocr_par' dir='ltr' id='par_1_64' title="bbox 403 3398 1986 3476">
     <span class='ocr_line' id='line_1_64' title="bbox 403 3398 1986 3476; baseline 0.01 -25"><span class='ocrx_word' id='word_1_479' title='bbox 403 3401 553 3470; x_wconf 88' lang='lat' dir='ltr'><strong>pulo.</strong></span> <span class='ocrx_word' id='word_1_480' title='bbox 578 3398 783 3455; x_wconf 87' lang='lat' dir='ltr'><strong>Omnes</strong></span> <span class='ocrx_word' id='word_1_481' title='bbox 819 3403 967 3456; x_wconf 89' lang='lat' dir='ltr'><strong>enim</strong></span> <span class='ocrx_word' id='word_1_482' title='bbox 997 3402 1180 3457; x_wconf 91' lang='lat' dir='ltr'><strong>sciunt</strong></span> <span class='ocrx_word' id='word_1_483' title='bbox 1204 3404 1376 3458; x_wconf 89' lang='lat' dir='ltr'><strong>Deum</strong></span> <span class='ocrx_word' id='word_1_484' title='bbox 1417 3420 1542 3462; x_wconf 90' lang='lat' dir='ltr'><strong>esse</strong></span> <span class='ocrx_word' id='word_1_485' title='bbox 1574 3407 1630 3462; x_wconf 90' lang='lat' dir='ltr'><strong>in</strong></span> <span class='ocrx_word' id='word_1_486' title='bbox 1666 3409 1842 3476; x_wconf 82' lang='lat' dir='ltr'><strong>caelis,</strong></span> <span class='ocrx_word' id='word_1_487' title='bbox 1868 3411 1986 3467; x_wconf 86' lang='lat' dir='ltr'><strong>haec</strong></span> 
     </span>
    </p>
   </div>
   <div class='ocr_carea' id='block_1_65' title="bbox 403 3493 1985 3576">
    <p class='ocr_par' dir='ltr' id='par_1_65' title="bbox 403 3493 1985 3576">
     <span class='ocr_line' id='line_1_65' title="bbox 403 3493 1985 3576; baseline 0.009 -31"><span class='ocrx_word' id='word_1_488' title='bbox 403 3501 610 3558; x_wconf 82' lang='lat' dir='ltr'><strong>autem,</strong></span> <span class='ocrx_word' id='word_1_489' title='bbox 641 3500 700 3546; x_wconf 91' lang='lat' dir='ltr'><strong>ut</strong></span> <span class='ocrx_word' id='word_1_490' title='bbox 726 3508 847 3563; x_wconf 70' lang='lat' dir='ltr'><strong>quae</strong></span> <span class='ocrx_word' id='word_1_491' title='bbox 869 3495 977 3549; x_wconf 91' lang='lat' dir='ltr'><strong>sint</strong></span> <span class='ocrx_word' id='word_1_492' title='bbox 1005 3493 1192 3549; x_wconf 87' lang='lat' dir='ltr'><strong>formae</strong></span> <span class='ocrx_word' id='word_1_493' title='bbox 1220 3495 1466 3567; x_wconf 71' lang='lat' dir='ltr'><strong>lapideae,</strong></span> <span class='ocrx_word' id='word_1_494' title='bbox 1499 3517 1596 3571; x_wconf 80' lang='lat' dir='ltr'><strong>pt‘r</strong></span> <span class='ocrx_word' id='word_1_495' title='bbox 1624 3501 1801 3571; x_wconf 81' lang='lat' dir='ltr'><strong>ignem</strong></span> <span class='ocrx_word' id='word_1_496' title='bbox 1826 3519 1985 3576; x_wconf 80' lang='lat' dir='ltr'><strong>posse</strong></span> 
     </span>
    </p>
   </div>
   <div class='ocr_carea' id='block_1_66' title="bbox 406 3584 1984 3661">
    <p class='ocr_par' dir='ltr' id='par_1_66' title="bbox 406 3584 1984 3661">
     <span class='ocr_line' id='line_1_66' title="bbox 406 3584 1984 3661; baseline 0.008 -23"><span class='ocrx_word' id='word_1_497' title='bbox 406 3584 603 3644; x_wconf 85' lang='lat' dir='ltr'><strong>melius</strong></span> <span class='ocrx_word' id='word_1_498' title='bbox 632 3584 832 3642; x_wconf 87' lang='lat' dir='ltr'><strong>mutari</strong></span> <span class='ocrx_word' id='word_1_499' title='bbox 904 3585 959 3642; x_wconf 91' lang='lat' dir='ltr'><strong>in</strong></span> <span class='ocrx_word' id='word_1_500' title='bbox 988 3585 1192 3641; x_wconf 89' lang='lat' dir='ltr'><strong>calcem</strong></span> <span class='ocrx_word' id='word_1_501' title='bbox 1231 3605 1242 3640; x_wconf 94' lang='lat'>:</span> <span class='ocrx_word' id='word_1_502' title='bbox 1274 3589 1534 3657; x_wconf 91' lang='lat' dir='ltr'><strong>quoniam</strong></span> <span class='ocrx_word' id='word_1_503' title='bbox 1571 3592 1684 3661; x_wconf 87' lang='lat' dir='ltr'><strong>jam</strong></span> <span class='ocrx_word' id='word_1_504' title='bbox 1737 3609 1837 3649; x_wconf 87' lang='lat' dir='ltr'><strong>suo</strong></span> <span class='ocrx_word' id='word_1_505' title='bbox 1869 3596 1984 3651; x_wconf 93' lang='lat' dir='ltr'><strong>otio</strong></span> 
     </span>
    </p>
   </div>
   <div class='ocr_carea' id='block_1_67' title="bbox 406 3677 1981 3758">
    <p class='ocr_par' dir='ltr' id='par_1_67' title="bbox 406 3677 1981 3758">
     <span class='ocr_line' id='line_1_67' title="bbox 406 3677 1981 3758; baseline 0.011 -30"><span class='ocrx_word' id='word_1_506' title='bbox 406 3685 664 3746; x_wconf 83' lang='lat' dir='ltr'><strong>pereunt,</strong></span> <span class='ocrx_word' id='word_1_507' title='bbox 711 3685 766 3732; x_wconf 91' lang='lat' dir='ltr'><strong>et</strong></span> <span class='ocrx_word' id='word_1_508' title='bbox 800 3691 978 3746; x_wconf 89' lang='lat' dir='ltr'><strong>neque</strong></span> <span class='ocrx_word' id='word_1_509' title='bbox 1033 3677 1154 3744; x_wconf 91' lang='lat' dir='ltr'><strong>tibi,</strong></span> <span class='ocrx_word' id='word_1_510' title='bbox 1188 3678 1234 3733; x_wconf 88' lang='lat' dir='ltr'><strong>si</strong></span> <span class='ocrx_word' id='word_1_511' title='bbox 1265 3679 1426 3735; x_wconf 88' lang='lat' dir='ltr'><strong>simul</strong></span> <span class='ocrx_word' id='word_1_512' title='bbox 1467 3699 1681 3752; x_wconf 82' lang='lat' dir='ltr'><strong>pereas,</strong></span> <span class='ocrx_word' id='word_1_513' title='bbox 1730 3701 1910 3758; x_wconf 87' lang='lat' dir='ltr'><strong>neque</strong></span> <span class='ocrx_word' id='word_1_514' title='bbox 1934 3688 1981 3744; x_wconf 91' lang='lat' dir='ltr'><strong>si</strong></span> 
     </span>
    </p>
   </div>
   <div class='ocr_carea' id='block_1_68' title="bbox 406 3766 1976 3839">
    <p class='ocr_par' dir='ltr' id='par_1_68' title="bbox 406 3766 1976 3839">
     <span class='ocr_line' id='line_1_68' title="bbox 406 3766 1976 3839; baseline 0.008 -19"><span class='ocrx_word' id='word_1_515' title='bbox 406 3768 462 3820; x_wconf 92' lang='lat' dir='ltr'><strong>in</strong></span> <span class='ocrx_word' id='word_1_516' title='bbox 490 3766 948 3837; x_wconf 59' lang='lat' dir='ltr'><strong>ignemponjecta:</strong></span> <span class='ocrx_word' id='word_1_517' title='bbox 971 3766 1201 3834; x_wconf 90' lang='lat' dir='ltr'><strong>fuerint,</strong></span> <span class='ocrx_word' id='word_1_518' title='bbox 1229 3769 1335 3823; x_wconf 89' lang='lat' dir='ltr'><strong>sibi</strong></span> <span class='ocrx_word' id='word_1_519' title='bbox 1359 3779 1621 3839; x_wconf 86' lang='lat' dir='ltr'><strong>poterunt</strong></span> <span class='ocrx_word' id='word_1_520' title='bbox 1659 3774 1976 3835; x_wconf 87' lang='lat' dir='ltr'><strong>subvenire.</strong></span> 
     </span>
    </p>
   </div>
   <div class='ocr_carea' id='block_1_69' title="bbox 2085 3139 3672 3217">
    <p class='ocr_par' dir='ltr' id='par_1_69' title="bbox 2085 3139 3672 3217">
     <span class='ocr_line' id='line_1_69' title="bbox 2085 3139 3672 3217; baseline -0.007 -15"><span class='ocrx_word' id='word_1_521' title='bbox 2085 3147 2218 3217; x_wconf 85' lang='lat' dir='ltr'><strong>Ejus</strong></span> <span class='ocrx_word' id='word_1_522' title='bbox 2248 3151 2432 3198; x_wconf 87' lang='lat' dir='ltr'><strong>autem</strong></span> <span class='ocrx_word' id='word_1_523' title='bbox 2465 3147 2686 3196; x_wconf 83' lang='lat' dir='ltr'><strong>domum</strong></span> <span class='ocrx_word' id='word_1_524' title='bbox 2749 3141 2803 3194; x_wconf 93' lang='lat' dir='ltr'><strong>in</strong></span> <span class='ocrx_word' id='word_1_525' title='bbox 2838 3151 3104 3194; x_wconf 67' lang='lat' dir='ltr'><strong>aeternum</strong></span> <span class='ocrx_word' id='word_1_526' title='bbox 3156 3139 3501 3194; x_wconf 86' lang='lat' dir='ltr'><strong>consecravit</strong></span> <span class='ocrx_word' id='word_1_527' title='bbox 3567 3153 3672 3191; x_wconf 85' lang='lat' dir='ltr'><strong>no-</strong></span> 
     </span>
    </p>
   </div>
   <div class='ocr_carea' id='block_1_70' title="bbox 2088 3232 3670 3302">
    <p class='ocr_par' dir='ltr' id='par_1_70' title="bbox 2088 3232 3670 3302">
     <span class='ocr_line' id='line_1_70' title="bbox 2088 3232 3670 3302; baseline -0.007 -10"><span class='ocrx_word' id='word_1_528' title='bbox 2088 3238 2234 3292; x_wconf 89' lang='lat' dir='ltr'><strong>mine</strong></span> <span class='ocrx_word' id='word_1_529' title='bbox 2256 3243 2459 3290; x_wconf 76' lang='lat' dir='ltr'><strong>sanctae</strong></span> <span class='ocrx_word' id='word_1_530' title='bbox 2493 3232 2774 3295; x_wconf 68' lang='lat' dir='ltr'><strong>Ecclesiae,</strong></span> <span class='ocrx_word' id='word_1_531' title='bbox 2796 3240 2851 3285; x_wconf 91' lang='lat' dir='ltr'><strong>et</strong></span> <span class='ocrx_word' id='word_1_532' title='bbox 2877 3233 2991 3286; x_wconf 89' lang='lat' dir='ltr'><strong>illic</strong></span> <span class='ocrx_word' id='word_1_533' title='bbox 3020 3239 3288 3302; x_wconf 87' lang='lat' dir='ltr'><strong>perpetuo</strong></span> <span class='ocrx_word' id='word_1_534' title='bbox 3323 3237 3670 3299; x_wconf 81' lang='lat' dir='ltr'><strong>peraguntur</strong></span> 
     </span>
    </p>
   </div>
   <div class='ocr_carea' id='block_1_71' title="bbox 2088 3322 3668 3396">
    <p class='ocr_par' dir='ltr' id='par_1_71' title="bbox 2088 3322 3668 3396">
     <span class='ocr_line' id='line_1_71' title="bbox 2088 3322 3668 3396; baseline -0.008 -12"><span class='ocrx_word' id='word_1_535' title='bbox 2088 3337 2279 3385; x_wconf 87' lang='lat' dir='ltr'><strong>sancta</strong></span> <span class='ocrx_word' id='word_1_536' title='bbox 2313 3327 2531 3381; x_wconf 90' lang='lat' dir='ltr'><strong>Domini</strong></span> <span class='ocrx_word' id='word_1_537' title='bbox 2561 3325 2818 3396; x_wconf 86' lang='lat' dir='ltr'><strong>mysteria</strong></span> <span class='ocrx_word' id='word_1_538' title='bbox 2849 3339 3022 3394; x_wconf 87' lang='lat' dir='ltr'><strong>usque</strong></span> <span class='ocrx_word' id='word_1_539' title='bbox 3057 3324 3108 3378; x_wconf 95' lang='lat' dir='ltr'><strong>in</strong></span> <span class='ocrx_word' id='word_1_540' title='bbox 3155 3323 3487 3377; x_wconf 85' lang='lat' dir='ltr'><strong>hodiernum</strong></span> <span class='ocrx_word' id='word_1_541' title='bbox 3522 3322 3668 3374; x_wconf 85' lang='lat' dir='ltr'><strong>diem</strong></span> 
     </span>
    </p>
   </div>
   <div class='ocr_carea' id='block_1_72' title="bbox 2092 3415 3668 3488">
    <p class='ocr_par' dir='ltr' id='par_1_72' title="bbox 2092 3415 3668 3488">
     <span class='ocr_line' id='line_1_72' title="bbox 2092 3415 3668 3488; baseline -0.008 -10"><span class='ocrx_word' id='word_1_542' title='bbox 2092 3423 2150 3479; x_wconf 89' lang='lat' dir='ltr'><strong>in</strong></span> <span class='ocrx_word' id='word_1_543' title='bbox 2184 3419 2507 3475; x_wconf 87' lang='lat' dir='ltr'><strong>memoriam</strong></span> <span class='ocrx_word' id='word_1_544' title='bbox 2535 3417 2760 3487; x_wconf 82' lang='lat' dir='ltr'><strong>quidem</strong></span> <span class='ocrx_word' id='word_1_545' title='bbox 2789 3416 3070 3488; x_wconf 84' lang='lat' dir='ltr'><strong>martyris,</strong></span> <span class='ocrx_word' id='word_1_546' title='bbox 3101 3415 3333 3486; x_wconf 83' lang='lat' dir='ltr'><strong>gloriam</strong></span> <span class='ocrx_word' id='word_1_547' title='bbox 3368 3423 3552 3468; x_wconf 85' lang='lat' dir='ltr'><strong>autem</strong></span> <span class='ocrx_word' id='word_1_548' title='bbox 3609 3422 3668 3466; x_wconf 91' lang='lat' dir='ltr'><strong>et</strong></span> 
     </span>
    </p>
   </div>
   <div class='ocr_carea' id='block_1_73' title="bbox 2090 3504 3669 3580">
    <p class='ocr_par' dir='ltr' id='par_1_73' title="bbox 2090 3504 3669 3580">
     <span class='ocr_line' id='line_1_73' title="bbox 2090 3504 3669 3580; baseline -0.008 -11"><span class='ocrx_word' id='word_1_549' title='bbox 2090 3512 2309 3570; x_wconf 88' lang='lat' dir='ltr'><strong>laudem</strong></span> <span class='ocrx_word' id='word_1_550' title='bbox 2349 3510 2529 3580; x_wconf 86' lang='lat' dir='ltr'><strong>magni</strong></span> <span class='ocrx_word' id='word_1_551' title='bbox 2563 3509 2661 3563; x_wconf 91' lang='lat' dir='ltr'><strong>Dei</strong></span> <span class='ocrx_word' id='word_1_552' title='bbox 2692 3517 2748 3564; x_wconf 92' lang='lat' dir='ltr'><strong>et</strong></span> <span class='ocrx_word' id='word_1_553' title='bbox 2768 3507 3075 3562; x_wconf 84' lang='lat' dir='ltr'><strong>Servatoris</strong></span> <span class='ocrx_word' id='word_1_554' title='bbox 3118 3507 3292 3562; x_wconf 92' lang='lat' dir='ltr'><strong>nostri</strong></span> <span class='ocrx_word' id='word_1_555' title='bbox 3329 3507 3463 3562; x_wconf 81' lang='lat' dir='ltr'><strong>Jesn</strong></span> <span class='ocrx_word' id='word_1_556' title='bbox 3501 3504 3669 3560; x_wconf 80' lang='lat' dir='ltr'><strong>Chri-</strong></span> 
     </span>
    </p>
   </div>
   <div class='ocr_carea' id='block_1_74' title="bbox 2092 3596 3668 3670">
    <p class='ocr_par' dir='ltr' id='par_1_74' title="bbox 2092 3596 3668 3670">
     <span class='ocr_line' id='line_1_74' title="bbox 2092 3596 3668 3670; baseline -0.005 -12"><span class='ocrx_word' id='word_1_557' title='bbox 2092 3603 2164 3658; x_wconf 87' lang='lat' dir='ltr'><strong>sti</strong></span> <span class='ocrx_word' id='word_1_558' title='bbox 2200 3600 2330 3656; x_wconf 82' lang='lat' dir='ltr'><strong>:cui</strong></span> <span class='ocrx_word' id='word_1_559' title='bbox 2368 3599 2538 3670; x_wconf 85' lang='lat' dir='ltr'><strong>gloria</strong></span> <span class='ocrx_word' id='word_1_560' title='bbox 2600 3605 2656 3652; x_wconf 88' lang='lat' dir='ltr'><strong>et</strong></span> <span class='ocrx_word' id='word_1_561' title='bbox 2684 3597 2930 3669; x_wconf 88' lang='lat' dir='ltr'><strong>potentia</strong></span> <span class='ocrx_word' id='word_1_562' title='bbox 2958 3613 3107 3652; x_wconf 91' lang='lat' dir='ltr'><strong>nunc</strong></span> <span class='ocrx_word' id='word_1_563' title='bbox 3161 3607 3218 3652; x_wconf 90' lang='lat' dir='ltr'><strong>et</strong></span> <span class='ocrx_word' id='word_1_564' title='bbox 3253 3613 3492 3667; x_wconf 86' lang='lat' dir='ltr'><strong>semper,</strong></span> <span class='ocrx_word' id='word_1_565' title='bbox 3521 3606 3576 3650; x_wconf 89' lang='lat' dir='ltr'><strong>et</strong></span> <span class='ocrx_word' id='word_1_566' title='bbox 3613 3596 3668 3650; x_wconf 87' lang='lat' dir='ltr'><strong>in</strong></span> 
     </span>
    </p>
   </div>
   <div class='ocr_carea' id='block_1_75' title="bbox 2091 3693 2903 3750">
    <p class='ocr_par' dir='ltr' id='par_1_75' title="bbox 2091 3693 2903 3750">
     <span class='ocr_line' id='line_1_75' title="bbox 2091 3693 2903 3750; baseline -0.007 0"><span class='ocrx_word' id='word_1_567' title='bbox 2091 3695 2288 3750; x_wconf 75' lang='lat' dir='ltr'><strong>szecula</strong></span> <span class='ocrx_word' id='word_1_568' title='bbox 2321 3693 2650 3750; x_wconf 70' lang='lat' dir='ltr'><strong>sarculorum</strong></span> <span class='ocrx_word' id='word_1_569' title='bbox 2705 3693 2903 3746; x_wconf 89' lang='lat' dir='ltr'><strong>Amen.</strong></span> 
     </span>
    </p>
   </div>
   <div class='ocr_carea' id='block_1_76' title="bbox 479 3883 3672 4012">
    <p class='ocr_par' dir='ltr' id='par_1_76' title="bbox 479 3883 3672 4012">
     <span class='ocr_line' id='line_1_76' title="bbox 479 3883 3672 4012; baseline 0.001 -71"><span class='ocrx_word' id='word_1_570' title='bbox 479 3883 1352 4012; x_wconf 46' lang='lat' dir='ltr'><strong>|(rll)wililbi;:s§igtgnabb.igﬁieADe</strong></span> <span class='ocrx_word' id='word_1_571' title='bbox 1411 3887 1515 3944; x_wconf 88' lang='lat' dir='ltr'><strong>hoc</strong></span> <span class='ocrx_word' id='word_1_572' title='bbox 1538 3892 1795 3962; x_wconf 90' lang='lat' dir='ltr'><strong>supplicii</strong></span> <span class='ocrx_word' id='word_1_573' title='bbox 1853 3909 2055 3965; x_wconf 85' lang='lat' dir='ltr'><strong>genere</strong></span> <span class='ocrx_word' id='word_1_574' title='bbox 2094 3891 2465 3952; x_wconf 87' lang='lat' dir='ltr'><strong>nobilioribus</strong></span> <span class='ocrx_word' id='word_1_575' title='bbox 2514 3891 2705 3948; x_wconf 90' lang='lat' dir='ltr'><strong>inferri</strong></span> <span class='ocrx_word' id='word_1_576' title='bbox 2767 3892 2930 3948; x_wconf 90' lang='lat' dir='ltr'><strong>solito</strong></span> <span class='ocrx_word' id='word_1_577' title='bbox 2981 3892 3209 3948; x_wconf 89' lang='lat' dir='ltr'><strong>consule</strong></span> <span class='ocrx_word' id='word_1_578' title='bbox 3248 3892 3372 3947; x_wconf 85' lang='lat' dir='ltr'><strong>Bar.</strong></span> <span class='ocrx_word' id='word_1_579' title='bbox 3422 3893 3474 3946; x_wconf 92' lang='lat' dir='ltr'><strong>in</strong></span> <span class='ocrx_word' id='word_1_580' title='bbox 3524 3890 3672 3946; x_wconf 88' lang='lat' dir='ltr'><strong>notis</strong></span> 
     </span>
    </p>
   </div>
   <div class='ocr_carea' id='block_1_77' title="bbox 407 3951 1304 4026">
    <p class='ocr_par' dir='ltr' id='par_1_77' title="bbox 407 3951 1304 4026">
     <span class='ocr_line' id='line_1_77' title="bbox 407 3951 1304 4026; baseline 0.004 -18"><span class='ocrx_word' id='word_1_581' title='bbox 407 3951 685 4026; x_wconf 61' lang='lat' dir='ltr'><strong>Ma&#39;rtyrol.</strong></span> <span class='ocrx_word' id='word_1_582' title='bbox 710 3957 770 4010; x_wconf 73' lang='grc'><strong>21</strong></span> <span class='ocrx_word' id='word_1_583' title='bbox 799 3957 1095 4013; x_wconf 85' lang='lat' dir='ltr'><strong>Novembr.</strong></span> <span class='ocrx_word' id='word_1_584' title='bbox 1113 3951 1216 4012; x_wconf 65' lang='lat' dir='ltr'><strong>lit.</strong></span> <span class='ocrx_word' id='word_1_585' title='bbox 1242 3959 1304 4012; x_wconf 84' lang='lat' dir='ltr'><strong>A.</strong></span> 
     </span>
    </p>
   </div>
   <div class='ocr_carea' id='block_1_78' title="bbox 421 4111 3295 4142">
    <p class='ocr_par' dir='ltr' id='par_1_78' title="bbox 421 4111 3295 4142">
     <span class='ocr_line' id='line_1_78' title="bbox 421 4111 3295 4142; baseline -0.001 -14"><span class='ocrx_word' id='word_1_586' title='bbox 421 4111 3295 4142; x_wconf 59' lang='lat' dir='ltr'><strong>mw</strong></span> 
     </span>
    </p>
   </div>
   <div class='ocr_carea' id='block_1_79' title="bbox 3331 4121 3589 4143">
    <p class='ocr_par' dir='ltr' id='par_1_79' title="bbox 3331 4121 3589 4143">
     <span class='ocr_line' id='line_1_79' title="bbox 3331 4121 3589 4143; baseline -0.004 -7"><span class='ocrx_word' id='word_1_587' title='bbox 3331 4121 3589 4143; x_wconf 62' lang='grc' dir='ltr'><strong>ρ*-</strong></span> 
     </span>
    </p>
   </div>
   <div class='ocr_carea' id='block_1_80' title="bbox 519 4289 3574 4488">
    <p class='ocr_par' dir='ltr' id='par_1_80' title="bbox 519 4289 3574 4488">
     <span class='ocr_line' id='line_1_80' title="bbox 519 4289 3574 4488; baseline -0.001 -41"><span class='ocrx_word' id='word_1_588' title='bbox 519 4291 977 4447; x_wconf 87' lang='lat' dir='ltr'><strong>VITA</strong></span> <span class='ocrx_word' id='word_1_589' title='bbox 1062 4292 1226 4449; x_wconf 70' lang='grc' dir='ltr'><strong>δ.</strong></span> <span class='ocrx_word' id='word_1_590' title='bbox 1327 4295 2406 4450; x_wconf 86' lang='lat' dir='ltr'><strong>CLEMENTIS</strong></span> <span class='ocrx_word' id='word_1_591' title='bbox 2501 4289 3574 4488; x_wconf 81' lang='lat' dir='ltr'><strong>MARTYRIS,</strong></span> 
     </span>
    </p>
   </div>
   <div class='ocr_carea' id='block_1_81' title="bbox 1750 4559 2348 4619">
    <p class='ocr_par' dir='ltr' id='par_1_81' title="bbox 1750 4559 2348 4619">
     <span class='ocr_line' id='line_1_81' title="bbox 1750 4559 2348 4619; baseline -0.008 0"><span class='ocrx_word' id='word_1_592' title='bbox 1750 4559 2055 4619; x_wconf 83' lang='lat' dir='ltr'><strong>EPISCOPI</strong></span> <span class='ocrx_word' id='word_1_593' title='bbox 2081 4559 2348 4617; x_wconf 79' lang='lat' dir='ltr'><strong>ROMANI</strong></span> 
     </span>
    </p>
   </div>
   <div class='ocr_carea' id='block_1_82' title="bbox 541 4748 3506 4914">
    <p class='ocr_par' dir='ltr' id='par_1_82' title="bbox 541 4748 3506 4914">
     <span class='ocr_line' id='line_1_82' title="bbox 541 4748 3506 4914; baseline -0.001 -12"><span class='ocrx_word' id='word_1_594' title='bbox 541 4751 1490 4914; x_wconf 85' lang='lat' dir='ltr'><strong>DISCIPULI</strong></span> <span class='ocrx_word' id='word_1_595' title='bbox 1590 4757 1750 4913; x_wconf 87' lang='lat' dir='ltr'><strong>S.</strong></span> <span class='ocrx_word' id='word_1_596' title='bbox 1878 4755 2455 4909; x_wconf 83' lang='lat' dir='ltr'>PETRI</span> <span class='ocrx_word' id='word_1_597' title='bbox 2552 4748 3506 4907; x_wconf 88' lang='lat' dir='ltr'><strong>APOSTOLI</strong></span> 
     </span>
    </p>
   </div>
   <div class='ocr_carea' id='block_1_83' title="bbox 413 5016 3666 5102">
    <p class='ocr_par' dir='ltr' id='par_1_83' title="bbox 413 5016 3666 5102">
     <span class='ocr_line' id='line_1_83' title="bbox 413 5016 3666 5102; baseline -0.002 -20"><span class='ocrx_word' id='word_1_598' title='bbox 413 5019 622 5083; x_wconf 78' lang='lat' dir='ltr'><strong>Habes</strong></span> <span class='ocrx_word' id='word_1_599' title='bbox 660 5019 848 5101; x_wconf 87' lang='lat' dir='ltr'><strong>hujus</strong></span> <span class='ocrx_word' id='word_1_600' title='bbox 875 5020 1156 5084; x_wconf 61' lang='lat' dir='ltr'><strong>historia;</strong></span> <span class='ocrx_word' id='word_1_601' title='bbox 1189 5034 1566 5087; x_wconf 83' lang='lat' dir='ltr'><strong>assertorem</strong></span> <span class='ocrx_word' id='word_1_602' title='bbox 1595 5025 1968 5102; x_wconf 83' lang='lat' dir='ltr'><strong>Gregorium</strong></span> <span class='ocrx_word' id='word_1_603' title='bbox 2013 5023 2452 5084; x_wconf 86' lang='lat' dir='ltr'><strong>Turonensem</strong></span> <span class='ocrx_word' id='word_1_604' title='bbox 2482 5018 2598 5083; x_wconf 93' lang='lat' dir='ltr'><strong>lib.</strong></span> <span class='ocrx_word' id='word_1_605' title='bbox 2655 5021 2755 5102; x_wconf 61' lang='lat' dir='ltr'><strong>De</strong></span> <span class='ocrx_word' id='word_1_606' title='bbox 2789 5019 2956 5102; x_wconf 56' lang='grc' dir='ltr'><strong>αῖον.</strong></span> <span class='ocrx_word' id='word_1_607' title='bbox 3007 5027 3190 5078; x_wconf 80' lang='lat' dir='ltr'><strong>mort.</strong></span> <span class='ocrx_word' id='word_1_608' title='bbox 3237 5037 3293 5079; x_wconf 77' lang='grc' dir='ltr'><strong>ο.</strong></span> <span class='ocrx_word' id='word_1_609' title='bbox 3353 5018 3427 5080; x_wconf 80' lang='grc'><strong>35</strong></span> <span class='ocrx_word' id='word_1_610' title='bbox 3461 5024 3521 5078; x_wconf 88' lang='lat' dir='ltr'><strong>et</strong></span> <span class='ocrx_word' id='word_1_611' title='bbox 3567 5016 3666 5087; x_wconf 84' lang='lat'><strong>36,</strong></span> 
     </span>
    </p>
   </div>
   <div class='ocr_carea' id='block_1_84' title="bbox 1100 5099 2954 5184">
    <p class='ocr_par' dir='ltr' id='par_1_84' title="bbox 1100 5099 2954 5184">
     <span class='ocr_line' id='line_1_84' title="bbox 1100 5099 2954 5184; baseline -0.002 -20"><span class='ocrx_word' id='word_1_612' title='bbox 1100 5104 1210 5182; x_wconf 90' lang='lat' dir='ltr'><strong>qui</strong></span> <span class='ocrx_word' id='word_1_613' title='bbox 1258 5110 1404 5166; x_wconf 84' lang='lat' dir='ltr'><strong>ante</strong></span> <span class='ocrx_word' id='word_1_614' title='bbox 1441 5102 1594 5165; x_wconf 88' lang='grc'><strong>1000</strong></span> <span class='ocrx_word' id='word_1_615' title='bbox 1642 5099 2110 5184; x_wconf 78' lang='lat' dir='ltr'><strong>propemodum</strong></span> <span class='ocrx_word' id='word_1_616' title='bbox 2160 5117 2364 5162; x_wconf 82' lang='lat' dir='ltr'><strong>annos</strong></span> <span class='ocrx_word' id='word_1_617' title='bbox 2410 5116 2488 5162; x_wconf 80' lang='lat' dir='ltr'><strong>ex</strong></span> <span class='ocrx_word' id='word_1_618' title='bbox 2511 5115 2584 5162; x_wconf 81' lang='lat' dir='ltr'><strong>ea</strong></span> <span class='ocrx_word' id='word_1_619' title='bbox 2614 5099 2954 5161; x_wconf 85' lang='lat' dir='ltr'><strong>scribebat.</strong></span> 
     </span>
    </p>
   </div>
   <div class='ocr_carea' id='block_1_85' title="bbox 1053 5245 3030 5313">
    <p class='ocr_par' dir='ltr' id='par_1_85' title="bbox 1053 5245 3030 5313">
     <span class='ocr_line' id='line_1_85' title="bbox 1053 5245 3030 5313; baseline -0.002 -14"><span class='ocrx_word' id='word_1_620' title='bbox 1053 5248 1249 5313; x_wconf 86' lang='lat' dir='ltr'><strong>(Latine</strong></span> <span class='ocrx_word' id='word_1_621' title='bbox 1281 5249 1410 5311; x_wconf 83' lang='lat' dir='ltr'><strong>apud</strong></span> <span class='ocrx_word' id='word_1_622' title='bbox 1431 5248 1629 5298; x_wconf 88' lang='lat' dir='ltr'><strong>Surium</strong></span> <span class='ocrx_word' id='word_1_623' title='bbox 1654 5249 1712 5297; x_wconf 87' lang='lat' dir='ltr'><strong>ad</strong></span> <span class='ocrx_word' id='word_1_624' title='bbox 1735 5248 1870 5298; x_wconf 90' lang='lat' dir='ltr'><strong>diem</strong></span> <span class='ocrx_word' id='word_1_625' title='bbox 1900 5249 1960 5296; x_wconf 74' lang='lat'><strong>23</strong></span> <span class='ocrx_word' id='word_1_626' title='bbox 1982 5246 2306 5307; x_wconf 85' lang='lat' dir='ltr'><strong>Novembris;</strong></span> <span class='ocrx_word' id='word_1_627' title='bbox 2329 5247 2499 5297; x_wconf 50' lang='lat' dir='ltr'><strong>Graece</strong></span> <span class='ocrx_word' id='word_1_628' title='bbox 2528 5261 2623 5298; x_wconf 92' lang='lat' dir='ltr'><strong>non</strong></span> <span class='ocrx_word' id='word_1_629' title='bbox 2657 5250 2822 5297; x_wconf 82' lang='lat' dir='ltr'><strong>exstat</strong></span> <span class='ocrx_word' id='word_1_630' title='bbox 2849 5245 3030 5308; x_wconf 88' lang='lat' dir='ltr'><strong>Paris.)</strong></span> 
     </span>
    </p>
   </div>
   <div class='ocr_carea' id='block_1_86' title="bbox 483 5521 1988 5594">
    <p class='ocr_par' dir='ltr' id='par_1_86' title="bbox 483 5521 1988 5594">
     <span class='ocr_line' id='line_1_86' title="bbox 483 5521 1988 5594; baseline 0.002 -16"><span class='ocrx_word' id='word_1_631' title='bbox 483 5523 525 5579; x_wconf 88' lang='grc'><strong>1.</strong></span> <span class='ocrx_word' id='word_1_632' title='bbox 547 5521 767 5594; x_wconf 74' lang='lat' dir='ltr'><strong>Traiani</strong></span> <span class='ocrx_word' id='word_1_633' title='bbox 786 5522 1411 5594; x_wconf 86' lang='lat' dir='ltr'><strong>imperatoristemporc,</strong></span> <span class='ocrx_word' id='word_1_634' title='bbox 1425 5525 1791 5581; x_wconf 83' lang='lat' dir='ltr'><strong>Torcutianas</strong></span> <span class='ocrx_word' id='word_1_635' title='bbox 1803 5540 1988 5581; x_wconf 85' lang='lat' dir='ltr'><strong>comes</strong></span> 
     </span>
    </p>
   </div>
   <div class='ocr_carea' id='block_1_87' title="bbox 413 5615 1987 5680">
    <p class='ocr_par' dir='ltr' id='par_1_87' title="bbox 413 5615 1987 5680">
     <span class='ocr_line' id='line_1_87' title="bbox 413 5615 1987 5680; baseline 0.001 -10"><span class='ocrx_word' id='word_1_636' title='bbox 413 5615 738 5680; x_wconf 83' lang='lat' dir='ltr'><strong>ofﬁciorum,</strong></span> <span class='ocrx_word' id='word_1_637' title='bbox 757 5631 880 5671; x_wconf 93' lang='lat' dir='ltr'><strong>cum</strong></span> <span class='ocrx_word' id='word_1_638' title='bbox 910 5616 1373 5672; x_wconf 77' lang='lat' dir='ltr'><strong>innumerabilem</strong></span> <span class='ocrx_word' id='word_1_639' title='bbox 1398 5618 1803 5674; x_wconf 87' lang='lat' dir='ltr'><strong>multitudinem</strong></span> <span class='ocrx_word' id='word_1_640' title='bbox 1828 5617 1987 5673; x_wconf 89' lang='lat' dir='ltr'><strong>Chri-</strong></span> 
     </span>
    </p>
   </div>
   <div class='ocr_carea' id='block_1_88' title="bbox 414 5705 1980 5780">
    <p class='ocr_par' dir='ltr' id='par_1_88' title="bbox 414 5705 1980 5780">
     <span class='ocr_line' id='line_1_88' title="bbox 414 5705 1980 5780; baseline -0.001 -15"><span class='ocrx_word' id='word_1_641' title='bbox 414 5717 507 5765; x_wconf 64' lang='grc' dir='ltr'><strong>διο</strong></span> <span class='ocrx_word' id='word_1_642' title='bbox 530 5705 758 5763; x_wconf 81' lang='lat' dir='ltr'><strong>vidisset</strong></span> <span class='ocrx_word' id='word_1_643' title='bbox 792 5705 1038 5777; x_wconf 82' lang='lat' dir='ltr'><strong>credere,</strong></span> <span class='ocrx_word' id='word_1_644' title='bbox 1069 5710 1323 5765; x_wconf 88' lang='lat' dir='ltr'><strong>accersiit</strong></span> <span class='ocrx_word' id='word_1_645' title='bbox 1357 5708 1640 5779; x_wconf 55' lang='lat' dir='ltr'><strong>pratici-tos</strong></span> <span class='ocrx_word' id='word_1_646' title='bbox 1673 5709 1980 5780; x_wconf 80' lang='lat' dir='ltr'><strong>regionum,</strong></span> 
     </span>
    </p>
   </div>
   <div class='ocr_carea' id='block_1_89' title="bbox 2095 5519 3675 5594">
    <p class='ocr_par' dir='ltr' id='par_1_89' title="bbox 2095 5519 3675 5594">
     <span class='ocr_line' id='line_1_89' title="bbox 2095 5519 3675 5594; baseline -0.006 -15"><span class='ocrx_word' id='word_1_647' title='bbox 2095 5535 2171 5590; x_wconf 89' lang='lat' dir='ltr'><strong>ct,</strong></span> <span class='ocrx_word' id='word_1_648' title='bbox 2199 5524 2339 5579; x_wconf 86' lang='lat' dir='ltr'><strong>datis</strong></span> <span class='ocrx_word' id='word_1_649' title='bbox 2357 5523 2438 5578; x_wconf 88' lang='lat' dir='ltr'><strong>eis</strong></span> <span class='ocrx_word' id='word_1_650' title='bbox 2464 5521 2737 5594; x_wconf 88' lang='lat' dir='ltr'><strong>pecuniis,</strong></span> <span class='ocrx_word' id='word_1_651' title='bbox 2768 5521 3043 5592; x_wconf 90' lang='lat' dir='ltr'><strong>persuasit</strong></span> <span class='ocrx_word' id='word_1_652' title='bbox 3065 5530 3125 5574; x_wconf 94' lang='lat' dir='ltr'><strong>ut</strong></span> <span class='ocrx_word' id='word_1_653' title='bbox 3143 5519 3357 5574; x_wconf 81' lang='lat' dir='ltr'><strong>turbam</strong></span> <span class='ocrx_word' id='word_1_654' title='bbox 3384 5521 3675 5571; x_wconf 86' lang='lat' dir='ltr'><strong>moverent</strong></span> 
     </span>
    </p>
   </div>
   <div class='ocr_carea' id='block_1_90' title="bbox 2099 5611 3670 5676">
    <p class='ocr_par' dir='ltr' id='par_1_90' title="bbox 2099 5611 3670 5676">
     <span class='ocr_line' id='line_1_90' title="bbox 2099 5611 3670 5676; baseline -0.006 -6"><span class='ocrx_word' id='word_1_655' title='bbox 2099 5617 2365 5672; x_wconf 84' lang='lat' dir='ltr'><strong>adversus</strong></span> <span class='ocrx_word' id='word_1_656' title='bbox 2415 5629 2616 5669; x_wconf 90' lang='lat' dir='ltr'><strong>nomen</strong></span> <span class='ocrx_word' id='word_1_657' title='bbox 2669 5612 3066 5669; x_wconf 88' lang='lat' dir='ltr'><strong>Christianum.</strong></span> <span class='ocrx_word' id='word_1_658' title='bbox 3100 5611 3266 5669; x_wconf 89' lang='lat' dir='ltr'><strong>Urbis</strong></span> <span class='ocrx_word' id='word_1_659' title='bbox 3311 5618 3494 5665; x_wconf 86' lang='lat' dir='ltr'><strong>autem</strong></span> <span class='ocrx_word' id='word_1_660' title='bbox 3527 5620 3670 5676; x_wconf 62' lang='lat' dir='ltr'><strong>prmo</strong></span> 
     </span>
    </p>
   </div>
   <div class='ocr_carea' id='block_1_91' title="bbox 2097 5696 3661 5770">
    <p class='ocr_par' dir='ltr' id='par_1_91' title="bbox 2097 5696 3661 5770">
     <span class='ocr_line' id='line_1_91' title="bbox 2097 5696 3661 5770; baseline -0.007 -8"><span class='ocrx_word' id='word_1_661' title='bbox 2097 5709 2364 5766; x_wconf 69' lang='lat' dir='ltr'><strong>tecturam</strong></span> <span class='ocrx_word' id='word_1_662' title='bbox 2392 5706 2672 5762; x_wconf 90' lang='lat' dir='ltr'><strong>obtinente</strong></span> <span class='ocrx_word' id='word_1_663' title='bbox 2709 5705 3056 5770; x_wconf 84' lang='lat' dir='ltr'><strong>Mamertino,</strong></span> <span class='ocrx_word' id='word_1_664' title='bbox 3091 5705 3322 5761; x_wconf 77' lang='lat' dir='ltr'><strong>excitata</strong></span> <span class='ocrx_word' id='word_1_665' title='bbox 3363 5711 3447 5757; x_wconf 88' lang='lat' dir='ltr'><strong>est</strong></span> <span class='ocrx_word' id='word_1_666' title='bbox 3474 5696 3661 5769; x_wconf 83' lang='lat' dir='ltr'><strong>populi</strong></span> 
     </span>
    </p>
   </div>
  </div>
