  <div class='ocr_page' id='page_1' title='image "/cluster/home/n/w/nwhite01/storage/ocr_20150623/116/hvd.32044073502221/096.png"; bbox 0 0 4060 6374; ppageno 0'>
   <div class='ocr_carea' id='block_1_1' title="bbox 369 347 470 416">
    <p class='ocr_par' dir='ltr' id='par_1_1' title="bbox 369 347 470 416">
     <span class='ocr_line' id='line_1_1' title="bbox 369 347 470 416; baseline 0 -1"><span class='ocrx_word' id='word_1_1' title='bbox 369 347 470 416; x_wconf 82' lang='lat'><strong>181</strong></span> 
     </span>
    </p>
   </div>
   <div class='ocr_carea' id='block_1_2' title="bbox 1423 359 2559 430">
    <p class='ocr_par' dir='ltr' id='par_1_2' title="bbox 1423 359 2559 430">
     <span class='ocr_line' id='line_1_2' title="bbox 1423 359 2559 430; baseline 0.005 -6"><span class='ocrx_word' id='word_1_2' title='bbox 1423 363 1604 427; x_wconf 78' lang='lat' dir='ltr'><strong>VITA</strong></span> <span class='ocrx_word' id='word_1_3' title='bbox 1651 364 1714 423; x_wconf 89' lang='lat' dir='ltr'><strong>S.</strong></span> <span class='ocrx_word' id='word_1_4' title='bbox 1764 359 2196 425; x_wconf 74' lang='lat' dir='ltr'><strong>CLEMENTIS</strong></span> <span class='ocrx_word' id='word_1_5' title='bbox 2237 368 2559 430; x_wconf 75' lang='lat' dir='ltr'><strong>ROMANI.</strong></span> 
     </span>
    </p>
   </div>
   <div class='ocr_carea' id='block_1_3' title="bbox 3524 370 3622 434">
    <p class='ocr_par' dir='ltr' id='par_1_3' title="bbox 3524 370 3622 434">
     <span class='ocr_line' id='line_1_3' title="bbox 3524 370 3622 434; baseline 0.031 -3"><span class='ocrx_word' id='word_1_6' title='bbox 3524 370 3622 434; x_wconf 72' lang='lat'><strong>182</strong></span> 
     </span>
    </p>
   </div>
   <div class='ocr_carea' id='block_1_4' title="bbox 368 467 3615 556">
    <p class='ocr_par' dir='ltr' id='par_1_4' title="bbox 368 467 3615 556">
     <span class='ocr_line' id='line_1_4' title="bbox 368 467 3615 556; baseline 0.004 -32"><span class='ocrx_word' id='word_1_7' title='bbox 368 467 614 524; x_wconf 79' lang='lat' dir='ltr'><strong>Romani</strong></span> <span class='ocrx_word' id='word_1_8' title='bbox 646 469 847 527; x_wconf 84' lang='lat' dir='ltr'><strong>seditio</strong></span> <span class='ocrx_word' id='word_1_9' title='bbox 882 471 1106 531; x_wconf 85' lang='lat' dir='ltr'><strong>nomine</strong></span> <span class='ocrx_word' id='word_1_10' title='bbox 1137 475 1437 545; x_wconf 75' lang='lat' dir='ltr'><strong>Clementis</strong></span> <span class='ocrx_word' id='word_1_11' title='bbox 1476 495 1491 535; x_wconf 87' lang='lat'>:</span> <span class='ocrx_word' id='word_1_12' title='bbox 1547 489 1603 536; x_wconf 91' lang='lat' dir='ltr'><strong>et</strong></span> <span class='ocrx_word' id='word_1_13' title='bbox 1631 487 1823 536; x_wconf 89' lang='lat' dir='ltr'><strong>exorta</strong></span> <span class='ocrx_word' id='word_1_14' title='bbox 1847 476 1934 530; x_wconf 90' lang='lat' dir='ltr'><strong>in-</strong></span> <span class='ocrx_word' id='word_1_15' title='bbox 1960 472 2013 532; x_wconf 79' lang='grc' dir='ltr'>Α</span> <span class='ocrx_word' id='word_1_16' title='bbox 2037 477 2241 550; x_wconf 78' lang='lat' dir='ltr'><strong>eligere</strong></span> <span class='ocrx_word' id='word_1_17' title='bbox 2273 485 2552 551; x_wconf 87' lang='lat' dir='ltr'><strong>exsilium,</strong></span> <span class='ocrx_word' id='word_1_18' title='bbox 2583 499 2747 556; x_wconf 88' lang='lat' dir='ltr'><strong>quam</strong></span> <span class='ocrx_word' id='word_1_19' title='bbox 2787 485 2842 540; x_wconf 88' lang='lat' dir='ltr'><strong>id</strong></span> <span class='ocrx_word' id='word_1_20' title='bbox 2881 485 3099 549; x_wconf 89' lang='lat' dir='ltr'><strong>timere,</strong></span> <span class='ocrx_word' id='word_1_21' title='bbox 3124 486 3391 540; x_wconf 88' lang='lat' dir='ltr'><strong>Dominus</strong></span> <span class='ocrx_word' id='word_1_22' title='bbox 3431 497 3615 539; x_wconf 72' lang='lat' dir='ltr'><strong>antem</strong></span> 
     </span>
    </p>
   </div>
   <div class='ocr_carea' id='block_1_5' title="bbox 371 559 1937 642">
    <p class='ocr_par' dir='ltr' id='par_1_5' title="bbox 371 559 1937 642">
     <span class='ocr_line' id='line_1_5' title="bbox 371 559 1937 642; baseline 0.01 -30"><span class='ocrx_word' id='word_1_23' title='bbox 371 568 544 614; x_wconf 88' lang='lat' dir='ltr'><strong>terse</strong></span> <span class='ocrx_word' id='word_1_24' title='bbox 595 559 839 617; x_wconf 80' lang='lat' dir='ltr'><strong>invicem</strong></span> <span class='ocrx_word' id='word_1_25' title='bbox 895 565 1238 633; x_wconf 81' lang='lat' dir='ltr'><strong>confusione,</strong></span> <span class='ocrx_word' id='word_1_26' title='bbox 1301 569 1440 624; x_wconf 85' lang='lat' dir='ltr'><strong>alius</strong></span> <span class='ocrx_word' id='word_1_27' title='bbox 1462 571 1610 627; x_wconf 85' lang='lat' dir='ltr'><strong>aliud</strong></span> <span class='ocrx_word' id='word_1_28' title='bbox 1665 573 1718 626; x_wconf 93' lang='lat' dir='ltr'><strong>in</strong></span> <span class='ocrx_word' id='word_1_29' title='bbox 1759 574 1937 642; x_wconf 90' lang='lat' dir='ltr'><strong>ipsum</strong></span> 
     </span>
    </p>
   </div>
   <div class='ocr_carea' id='block_1_6' title="bbox 369 650 1936 729">
    <p class='ocr_par' dir='ltr' id='par_1_6' title="bbox 369 650 1936 729">
     <span class='ocr_line' id='line_1_6' title="bbox 369 650 1936 729; baseline 0.01 -26"><span class='ocrx_word' id='word_1_30' title='bbox 369 650 610 711; x_wconf 87' lang='lat' dir='ltr'><strong>dicebat.</strong></span> <span class='ocrx_word' id='word_1_31' title='bbox 640 651 826 722; x_wconf 83' lang='lat' dir='ltr'><strong>Aliqui</strong></span> <span class='ocrx_word' id='word_1_32' title='bbox 854 663 1036 710; x_wconf 89' lang='lat' dir='ltr'><strong>autem</strong></span> <span class='ocrx_word' id='word_1_33' title='bbox 1059 667 1253 712; x_wconf 88' lang='lat' dir='ltr'><strong>contra</strong></span> <span class='ocrx_word' id='word_1_34' title='bbox 1287 659 1546 715; x_wconf 81' lang='lat' dir='ltr'><strong>dicebant</strong></span> <span class='ocrx_word' id='word_1_35' title='bbox 1581 681 1594 717; x_wconf 90' lang='lat'><strong>:</strong></span> <span class='ocrx_word' id='word_1_36' title='bbox 1625 661 1765 729; x_wconf 86' lang='lat' dir='ltr'><strong>Quid</strong></span> <span class='ocrx_word' id='word_1_37' title='bbox 1789 664 1936 718; x_wconf 91' lang='lat' dir='ltr'><strong>enim</strong></span> 
     </span>
    </p>
   </div>
   <div class='ocr_carea' id='block_1_7' title="bbox 370 740 1937 823">
    <p class='ocr_par' dir='ltr' id='par_1_7' title="bbox 370 740 1937 823">
     <span class='ocr_line' id='line_1_7' title="bbox 370 740 1937 823; baseline 0.011 -31"><span class='ocrx_word' id='word_1_38' title='bbox 370 740 496 793; x_wconf 90' lang='lat' dir='ltr'><strong>mali</strong></span> <span class='ocrx_word' id='word_1_39' title='bbox 533 741 660 796; x_wconf 89' lang='lat' dir='ltr'><strong>fecit</strong></span> <span class='ocrx_word' id='word_1_40' title='bbox 685 743 709 795; x_wconf 79' lang='lat' dir='ltr'><strong>i</strong></span> <span class='ocrx_word' id='word_1_41' title='bbox 733 752 829 798; x_wconf 89' lang='lat' dir='ltr'><strong>aut</strong></span> <span class='ocrx_word' id='word_1_42' title='bbox 877 747 1011 815; x_wconf 91' lang='lat' dir='ltr'><strong>quid</strong></span> <span class='ocrx_word' id='word_1_43' title='bbox 1058 762 1170 803; x_wconf 90' lang='lat' dir='ltr'><strong>non</strong></span> <span class='ocrx_word' id='word_1_44' title='bbox 1201 749 1331 804; x_wconf 86' lang='lat' dir='ltr'><strong>boni</strong></span> <span class='ocrx_word' id='word_1_45' title='bbox 1363 761 1513 808; x_wconf 90' lang='lat' dir='ltr'><strong>recte</strong></span> <span class='ocrx_word' id='word_1_46' title='bbox 1559 754 1770 823; x_wconf 80' lang='lat' dir='ltr'><strong>gessit?</strong></span> <span class='ocrx_word' id='word_1_47' title='bbox 1802 754 1937 809; x_wconf 84' lang='lat' dir='ltr'><strong>Nam</strong></span> 
     </span>
    </p>
   </div>
   <div class='ocr_carea' id='block_1_8' title="bbox 367 841 1938 911">
    <p class='ocr_par' dir='ltr' id='par_1_8' title="bbox 367 841 1938 911">
     <span class='ocr_line' id='line_1_8' title="bbox 367 841 1938 911; baseline 0.011 -26"><span class='ocrx_word' id='word_1_48' title='bbox 367 847 758 903; x_wconf 81' lang='lat' dir='ltr'><strong>quemcunque</strong></span> <span class='ocrx_word' id='word_1_49' title='bbox 787 847 1116 908; x_wconf 70' lang='lat' dir='ltr'><strong>aegrotorum</strong></span> <span class='ocrx_word' id='word_1_50' title='bbox 1140 841 1407 911; x_wconf 88' lang='lat' dir='ltr'><strong>visitavit,</strong></span> <span class='ocrx_word' id='word_1_51' title='bbox 1463 845 1509 901; x_wconf 88' lang='lat' dir='ltr'><strong>is</strong></span> <span class='ocrx_word' id='word_1_52' title='bbox 1530 847 1816 902; x_wconf 72' lang='lat' dir='ltr'><strong>sanitatem</strong></span> <span class='ocrx_word' id='word_1_53' title='bbox 1870 849 1938 902; x_wconf 89' lang='lat' dir='ltr'><strong>ab</strong></span> 
     </span>
    </p>
   </div>
   <div class='ocr_carea' id='block_1_9' title="bbox 369 936 1938 1009">
    <p class='ocr_par' dir='ltr' id='par_1_9' title="bbox 369 936 1938 1009">
     <span class='ocr_line' id='line_1_9' title="bbox 369 936 1938 1009; baseline 0.011 -27"><span class='ocrx_word' id='word_1_54' title='bbox 369 942 439 982; x_wconf 91' lang='lat' dir='ltr'><strong>eo</strong></span> <span class='ocrx_word' id='word_1_55' title='bbox 469 938 553 984; x_wconf 92' lang='lat' dir='ltr'><strong>est</strong></span> <span class='ocrx_word' id='word_1_56' title='bbox 579 943 928 989; x_wconf 79' lang='lat' dir='ltr'><strong>consecutus.</strong></span> <span class='ocrx_word' id='word_1_57' title='bbox 954 936 1282 1009; x_wconf 84' lang='lat' dir='ltr'><strong>Quicunque</strong></span> <span class='ocrx_word' id='word_1_58' title='bbox 1305 941 1373 995; x_wconf 89' lang='lat' dir='ltr'><strong>ad</strong></span> <span class='ocrx_word' id='word_1_59' title='bbox 1400 956 1526 996; x_wconf 92' lang='lat' dir='ltr'><strong>eum</strong></span> <span class='ocrx_word' id='word_1_60' title='bbox 1546 943 1682 998; x_wconf 89' lang='lat' dir='ltr'><strong>abiit</strong></span> <span class='ocrx_word' id='word_1_61' title='bbox 1706 944 1938 1000; x_wconf 86' lang='lat' dir='ltr'><strong>affectus</strong></span> 
     </span>
    </p>
   </div>
   <div class='ocr_carea' id='block_1_10' title="bbox 366 1020 1936 1106">
    <p class='ocr_par' dir='ltr' id='par_1_10' title="bbox 366 1020 1936 1106">
     <span class='ocr_line' id='line_1_10' title="bbox 366 1020 1936 1106; baseline 0.012 -33"><span class='ocrx_word' id='word_1_62' title='bbox 366 1020 613 1088; x_wconf 88' lang='lat' dir='ltr'><strong>tristitia,</strong></span> <span class='ocrx_word' id='word_1_63' title='bbox 650 1025 698 1079; x_wconf 90' lang='lat' dir='ltr'><strong>is</strong></span> <span class='ocrx_word' id='word_1_64' title='bbox 758 1026 916 1082; x_wconf 64' lang='lat' dir='ltr'><strong>laetus</strong></span> <span class='ocrx_word' id='word_1_65' title='bbox 963 1042 1048 1084; x_wconf 87' lang='lat' dir='ltr'><strong>est</strong></span> <span class='ocrx_word' id='word_1_66' title='bbox 1102 1047 1380 1087; x_wconf 84' lang='lat' dir='ltr'><strong>reversus.</strong></span> <span class='ocrx_word' id='word_1_67' title='bbox 1431 1034 1651 1090; x_wconf 85' lang='lat' dir='ltr'><strong>Nullum</strong></span> <span class='ocrx_word' id='word_1_68' title='bbox 1696 1052 1936 1106; x_wconf 86' lang='lat' dir='ltr'><strong>unquam</strong></span> 
     </span>
    </p>
   </div>
   <div class='ocr_carea' id='block_1_11' title="bbox 365 1111 1938 1189">
    <p class='ocr_par' dir='ltr' id='par_1_11' title="bbox 365 1111 1938 1189">
     <span class='ocr_line' id='line_1_11' title="bbox 365 1111 1938 1189; baseline 0.011 -24"><span class='ocrx_word' id='word_1_69' title='bbox 365 1111 526 1173; x_wconf 73' lang='lat' dir='ltr'><strong>laesit,</strong></span> <span class='ocrx_word' id='word_1_70' title='bbox 555 1115 814 1171; x_wconf 89' lang='lat' dir='ltr'><strong>omnibus</strong></span> <span class='ocrx_word' id='word_1_71' title='bbox 843 1133 974 1173; x_wconf 89' lang='lat' dir='ltr'><strong>vero</strong></span> <span class='ocrx_word' id='word_1_72' title='bbox 1004 1120 1233 1189; x_wconf 82' lang='lat' dir='ltr'><strong>profuit.</strong></span> <span class='ocrx_word' id='word_1_73' title='bbox 1289 1125 1394 1179; x_wconf 84' lang='lat' dir='ltr'><strong>Alii</strong></span> <span class='ocrx_word' id='word_1_74' title='bbox 1425 1134 1609 1182; x_wconf 90' lang='lat' dir='ltr'><strong>autem</strong></span> <span class='ocrx_word' id='word_1_75' title='bbox 1665 1128 1938 1184; x_wconf 90' lang='lat' dir='ltr'><strong>diabolico</strong></span> 
     </span>
    </p>
   </div>
   <div class='ocr_carea' id='block_1_12' title="bbox 365 1204 1937 1288">
    <p class='ocr_par' dir='ltr' id='par_1_12' title="bbox 365 1204 1937 1288">
     <span class='ocr_line' id='line_1_12' title="bbox 365 1204 1937 1288; baseline 0.013 -31"><span class='ocrx_word' id='word_1_76' title='bbox 365 1204 565 1272; x_wconf 84' lang='lat' dir='ltr'><strong>spiritu</strong></span> <span class='ocrx_word' id='word_1_77' title='bbox 615 1209 855 1276; x_wconf 83' lang='lat' dir='ltr'><strong>accensi,</strong></span> <span class='ocrx_word' id='word_1_78' title='bbox 903 1212 1260 1272; x_wconf 81' lang='lat' dir='ltr'><strong>clamabant:</strong></span> <span class='ocrx_word' id='word_1_79' title='bbox 1303 1216 1525 1288; x_wconf 78' lang='lat' dir='ltr'><strong>Magieis</strong></span> <span class='ocrx_word' id='word_1_80' title='bbox 1557 1221 1770 1276; x_wconf 89' lang='lat' dir='ltr'><strong>artibus</strong></span> <span class='ocrx_word' id='word_1_81' title='bbox 1821 1223 1937 1278; x_wconf 67' lang='lat' dir='ltr'><strong>haec</strong></span> 
     </span>
    </p>
   </div>
   <div class='ocr_carea' id='block_1_13' title="bbox 362 1295 1934 1369">
    <p class='ocr_par' dir='ltr' id='par_1_13' title="bbox 362 1295 1934 1369">
     <span class='ocr_line' id='line_1_13' title="bbox 362 1295 1934 1369; baseline 0.014 -23"><span class='ocrx_word' id='word_1_82' title='bbox 362 1295 591 1360; x_wconf 86' lang='lat' dir='ltr'><strong>faciens,</strong></span> <span class='ocrx_word' id='word_1_83' title='bbox 622 1299 847 1360; x_wconf 83' lang='lat' dir='ltr'><strong>deorum</strong></span> <span class='ocrx_word' id='word_1_84' title='bbox 880 1313 1197 1360; x_wconf 90' lang='lat' dir='ltr'><strong>nostrorum</strong></span> <span class='ocrx_word' id='word_1_85' title='bbox 1247 1309 1456 1364; x_wconf 89' lang='lat' dir='ltr'><strong>cultum</strong></span> <span class='ocrx_word' id='word_1_86' title='bbox 1483 1313 1701 1369; x_wconf 84' lang='lat' dir='ltr'><strong>evertit.</strong></span> <span class='ocrx_word' id='word_1_87' title='bbox 1747 1314 1934 1368; x_wconf 84' lang='lat' dir='ltr'><strong>Jovem</strong></span> 
     </span>
    </p>
   </div>
   <div class='ocr_carea' id='block_1_14' title="bbox 360 1384 1933 1468">
    <p class='ocr_par' dir='ltr' id='par_1_14' title="bbox 360 1384 1933 1468">
     <span class='ocr_line' id='line_1_14' title="bbox 360 1384 1933 1468; baseline 0.016 -30"><span class='ocrx_word' id='word_1_88' title='bbox 360 1384 495 1439; x_wconf 85' lang='lat' dir='ltr'><strong>dicit</strong></span> <span class='ocrx_word' id='word_1_89' title='bbox 523 1402 637 1441; x_wconf 86' lang='lat' dir='ltr'><strong>non</strong></span> <span class='ocrx_word' id='word_1_90' title='bbox 680 1405 801 1446; x_wconf 90' lang='lat' dir='ltr'><strong>esse</strong></span> <span class='ocrx_word' id='word_1_91' title='bbox 850 1394 1054 1461; x_wconf 86' lang='lat' dir='ltr'><strong>deum;</strong></span> <span class='ocrx_word' id='word_1_92' title='bbox 1116 1397 1420 1468; x_wconf 67' lang='lat' dir='ltr'><strong>Herculem}</strong></span> <span class='ocrx_word' id='word_1_93' title='bbox 1455 1412 1637 1459; x_wconf 87' lang='lat' dir='ltr'><strong>autem</strong></span> <span class='ocrx_word' id='word_1_94' title='bbox 1683 1417 1933 1463; x_wconf 89' lang='lat' dir='ltr'><strong>nostrum</strong></span> 
     </span>
    </p>
   </div>
   <div class='ocr_carea' id='block_1_15' title="bbox 360 1479 1934 1564">
    <p class='ocr_par' dir='ltr' id='par_1_15' title="bbox 360 1479 1934 1564">
     <span class='ocr_line' id='line_1_15' title="bbox 360 1479 1934 1564; baseline 0.017 -34"><span class='ocrx_word' id='word_1_95' title='bbox 360 1479 645 1533; x_wconf 85' lang='lat' dir='ltr'><strong>custodem</strong></span> <span class='ocrx_word' id='word_1_96' title='bbox 675 1497 792 1537; x_wconf 88' lang='lat' dir='ltr'><strong>esse</strong></span> <span class='ocrx_word' id='word_1_97' title='bbox 835 1485 970 1540; x_wconf 90' lang='lat' dir='ltr'><strong>dicit</strong></span> <span class='ocrx_word' id='word_1_98' title='bbox 997 1488 1405 1548; x_wconf 91' lang='lat' dir='ltr'><strong>immundorum</strong></span> <span class='ocrx_word' id='word_1_99' title='bbox 1435 1496 1732 1564; x_wconf 85' lang='lat' dir='ltr'><strong>spirituum</strong></span> <span class='ocrx_word' id='word_1_100' title='bbox 1761 1517 1775 1563; x_wconf 87' lang='lat'><strong>;</strong></span> <span class='ocrx_word' id='word_1_101' title='bbox 1804 1516 1934 1556; x_wconf 89' lang='lat' dir='ltr'><strong>san-</strong></span> 
     </span>
    </p>
   </div>
   <div class='ocr_carea' id='block_1_16' title="bbox 360 1567 1934 1656">
    <p class='ocr_par' dir='ltr' id='par_1_16' title="bbox 360 1567 1934 1656">
     <span class='ocr_line' id='line_1_16' title="bbox 360 1567 1934 1656; baseline 0.02 -40"><span class='ocrx_word' id='word_1_102' title='bbox 360 1572 504 1618; x_wconf 89' lang='lat' dir='ltr'><strong>ctam</strong></span> <span class='ocrx_word' id='word_1_103' title='bbox 546 1567 815 1624; x_wconf 85' lang='lat' dir='ltr'><strong>Venerem</strong></span> <span class='ocrx_word' id='word_1_104' title='bbox 865 1574 1034 1646; x_wconf 76' lang='lat' dir='ltr'><strong>refert</strong></span> <span class='ocrx_word' id='word_1_105' title='bbox 1072 1576 1242 1634; x_wconf 90' lang='lat' dir='ltr'><strong>fuisse</strong></span> <span class='ocrx_word' id='word_1_106' title='bbox 1283 1585 1678 1656; x_wconf 89' lang='lat' dir='ltr'><strong>meretricem;</strong></span> <span class='ocrx_word' id='word_1_107' title='bbox 1717 1590 1934 1645; x_wconf 81' lang='lat' dir='ltr'><strong>Vestam</strong></span> 
     </span>
    </p>
   </div>
   <div class='ocr_carea' id='block_1_17' title="bbox 361 1657 1934 1753">
    <p class='ocr_par' dir='ltr' id='par_1_17' title="bbox 361 1657 1934 1753">
     <span class='ocr_line' id='line_1_17' title="bbox 361 1657 1934 1753; baseline 0.02 -45"><span class='ocrx_word' id='word_1_108' title='bbox 361 1665 545 1711; x_wconf 88' lang='lat' dir='ltr'><strong>autem</strong></span> <span class='ocrx_word' id='word_1_109' title='bbox 589 1657 840 1731; x_wconf 80' lang='lat' dir='ltr'><strong>magnam</strong></span> <span class='ocrx_word' id='word_1_110' title='bbox 883 1667 1064 1732; x_wconf 85' lang='lat' dir='ltr'><strong>deam,</strong></span> <span class='ocrx_word' id='word_1_111' title='bbox 1122 1670 1246 1741; x_wconf 82' lang='lat' dir='ltr'><strong>igne</strong></span> <span class='ocrx_word' id='word_1_112' title='bbox 1298 1674 1470 1732; x_wconf 83' lang='lat' dir='ltr'><strong>fuisse</strong></span> <span class='ocrx_word' id='word_1_113' title='bbox 1527 1695 1934 1753; x_wconf 85' lang='lat' dir='ltr'><strong>consumptam,</strong></span> 
     </span>
    </p>
   </div>
   <div class='ocr_carea' id='block_1_18' title="bbox 363 1745 1936 1844">
    <p class='ocr_par' dir='ltr' id='par_1_18' title="bbox 363 1745 1936 1844">
     <span class='ocr_line' id='line_1_18' title="bbox 363 1745 1936 1844; baseline 0.024 -48"><span class='ocrx_word' id='word_1_114' title='bbox 363 1745 530 1814; x_wconf 88' lang='lat' dir='ltr'><strong>impie</strong></span> <span class='ocrx_word' id='word_1_115' title='bbox 562 1751 777 1806; x_wconf 86' lang='lat' dir='ltr'><strong>asserit.</strong></span> <span class='ocrx_word' id='word_1_116' title='bbox 824 1755 1091 1814; x_wconf 88' lang='lat' dir='ltr'><strong>Similiter</strong></span> <span class='ocrx_word' id='word_1_117' title='bbox 1147 1765 1551 1824; x_wconf 83' lang='lat' dir='ltr'><strong>sanctissimam</strong></span> <span class='ocrx_word' id='word_1_118' title='bbox 1587 1745 1806 1844; x_wconf 75' lang='lat' dir='ltr'><strong>quoque</strong></span> <span class='ocrx_word' id='word_1_119' title='bbox 1839 1745 1936 1832; x_wconf 48' lang='lat' dir='ltr'><strong>Mi;</strong></span> 
     </span>
    </p>
   </div>
   <div class='ocr_carea' id='block_1_19' title="bbox 362 1842 1932 1937">
    <p class='ocr_par' dir='ltr' id='par_1_19' title="bbox 362 1842 1932 1937">
     <span class='ocr_line' id='line_1_19' title="bbox 362 1842 1932 1937; baseline 0.022 -49"><span class='ocrx_word' id='word_1_120' title='bbox 362 1850 608 1903; x_wconf 88' lang='lat' dir='ltr'><strong>nervam,</strong></span> <span class='ocrx_word' id='word_1_121' title='bbox 651 1842 986 1916; x_wconf 89' lang='lat' dir='ltr'><strong>Dianamque</strong></span> <span class='ocrx_word' id='word_1_122' title='bbox 1033 1859 1087 1904; x_wconf 93' lang='lat' dir='ltr'><strong>et</strong></span> <span class='ocrx_word' id='word_1_123' title='bbox 1113 1851 1474 1922; x_wconf 85' lang='lat' dir='ltr'><strong>Mercurium,</strong></span> <span class='ocrx_word' id='word_1_124' title='bbox 1518 1842 1932 1937; x_wconf 82' lang='lat' dir='ltr'><strong>Saturnumque</strong></span> 
     </span>
    </p>
   </div>
   <div class='ocr_carea' id='block_1_20' title="bbox 365 1930 1932 2014">
    <p class='ocr_par' dir='ltr' id='par_1_20' title="bbox 365 1930 1932 2014">
     <span class='ocr_line' id='line_1_20' title="bbox 365 1930 1932 2014; baseline 0.02 -32"><span class='ocrx_word' id='word_1_125' title='bbox 365 1939 420 1984; x_wconf 81' lang='lat' dir='ltr'><strong>et</strong></span> <span class='ocrx_word' id='word_1_126' title='bbox 455 1930 680 1988; x_wconf 78' lang='lat' dir='ltr'><strong>Martem</strong></span> <span class='ocrx_word' id='word_1_127' title='bbox 713 1937 1101 1996; x_wconf 83' lang='lat' dir='ltr'><strong>calumniatur.</strong></span> <span class='ocrx_word' id='word_1_128' title='bbox 1138 1945 1334 2001; x_wconf 85' lang='lat' dir='ltr'><strong>Omnia</strong></span> <span class='ocrx_word' id='word_1_129' title='bbox 1359 1961 1672 2009; x_wconf 91' lang='lat' dir='ltr'><strong>nostrorum</strong></span> <span class='ocrx_word' id='word_1_130' title='bbox 1697 1956 1932 2014; x_wconf 86' lang='lat' dir='ltr'><strong>deorum</strong></span> 
     </span>
    </p>
   </div>
   <div class='ocr_carea' id='block_1_21' title="bbox 364 2022 1938 2106">
    <p class='ocr_par' dir='ltr' id='par_1_21' title="bbox 364 2022 1938 2106">
     <span class='ocr_line' id='line_1_21' title="bbox 364 2022 1938 2106; baseline 0.022 -33"><span class='ocrx_word' id='word_1_131' title='bbox 364 2022 586 2077; x_wconf 89' lang='lat' dir='ltr'><strong>nomina</strong></span> <span class='ocrx_word' id='word_1_132' title='bbox 655 2036 711 2081; x_wconf 91' lang='lat' dir='ltr'><strong>et</strong></span> <span class='ocrx_word' id='word_1_133' title='bbox 744 2029 944 2099; x_wconf 84' lang='lat' dir='ltr'><strong>templa</strong></span> <span class='ocrx_word' id='word_1_134' title='bbox 1002 2035 1221 2102; x_wconf 88' lang='lat' dir='ltr'><strong>probris</strong></span> <span class='ocrx_word' id='word_1_135' title='bbox 1283 2039 1586 2099; x_wconf 87' lang='lat' dir='ltr'><strong>insectatur</strong></span> <span class='ocrx_word' id='word_1_136' title='bbox 1641 2055 1696 2102; x_wconf 89' lang='lat' dir='ltr'><strong>et</strong></span> <span class='ocrx_word' id='word_1_137' title='bbox 1743 2062 1938 2106; x_wconf 83' lang='lat' dir='ltr'><strong>contu-</strong></span> 
     </span>
    </p>
   </div>
   <div class='ocr_carea' id='block_1_22' title="bbox 365 2113 1936 2211">
    <p class='ocr_par' dir='ltr' id='par_1_22' title="bbox 365 2113 1936 2211">
     <span class='ocr_line' id='line_1_22' title="bbox 365 2113 1936 2211; baseline 0.024 -47"><span class='ocrx_word' id='word_1_138' title='bbox 365 2113 563 2169; x_wconf 86' lang='lat' dir='ltr'><strong>meliis.</strong></span> <span class='ocrx_word' id='word_1_139' title='bbox 605 2115 713 2172; x_wconf 74' lang='lat' dir='ltr'><strong>Aut</strong></span> <span class='ocrx_word' id='word_1_140' title='bbox 744 2119 851 2175; x_wconf 91' lang='lat' dir='ltr'><strong>diis</strong></span> <span class='ocrx_word' id='word_1_141' title='bbox 891 2117 1112 2182; x_wconf 82' lang='lat' dir='ltr'><strong>&#39;nostris</strong></span> <span class='ocrx_word' id='word_1_142' title='bbox 1147 2130 1494 2200; x_wconf 85' lang='lat' dir='ltr'><strong>sacrificabit,</strong></span> <span class='ocrx_word' id='word_1_143' title='bbox 1534 2148 1629 2193; x_wconf 91' lang='lat' dir='ltr'><strong>aut</strong></span> <span class='ocrx_word' id='word_1_144' title='bbox 1682 2140 1796 2211; x_wconf 88' lang='lat' dir='ltr'><strong>ipse</strong></span> <span class='ocrx_word' id='word_1_145' title='bbox 1840 2143 1936 2199; x_wconf 80' lang='lat' dir='ltr'><strong>de-</strong></span> 
     </span>
    </p>
   </div>
   <div class='ocr_carea' id='block_1_23' title="bbox 367 2202 591 2260">
    <p class='ocr_par' dir='ltr' id='par_1_23' title="bbox 367 2202 591 2260">
     <span class='ocr_line' id='line_1_23' title="bbox 367 2202 591 2260; baseline 0.022 -5"><span class='ocrx_word' id='word_1_146' title='bbox 367 2202 591 2260; x_wconf 89' lang='lat' dir='ltr'><strong>Iebitur.</strong></span> 
     </span>
    </p>
   </div>
   <div class='ocr_carea' id='block_1_24' title="bbox 439 2297 1933 2384">
    <p class='ocr_par' dir='ltr' id='par_1_24' title="bbox 439 2297 1933 2384">
     <span class='ocr_line' id='line_1_24' title="bbox 439 2297 1933 2384; baseline 0.022 -35"><span class='ocrx_word' id='word_1_147' title='bbox 439 2297 505 2351; x_wconf 86' lang='lat' dir='ltr'><strong>il.</strong></span> <span class='ocrx_word' id='word_1_148' title='bbox 542 2298 693 2356; x_wconf 90' lang='lat' dir='ltr'><strong>Tunc</strong></span> <span class='ocrx_word' id='word_1_149' title='bbox 725 2302 1082 2364; x_wconf 83' lang='lat' dir='ltr'><strong>Mamertinus</strong></span> <span class='ocrx_word' id='word_1_150' title='bbox 1101 2312 1258 2368; x_wconf 89' lang='lat' dir='ltr'><strong>urbis</strong></span> <span class='ocrx_word' id='word_1_151' title='bbox 1286 2316 1579 2384; x_wconf 76' lang='lat' dir='ltr'><strong>przefcctus</strong></span> <span class='ocrx_word' id='word_1_152' title='bbox 1608 2337 1715 2376; x_wconf 93' lang='lat' dir='ltr'><strong>non</strong></span> <span class='ocrx_word' id='word_1_153' title='bbox 1747 2323 1933 2382; x_wconf 90' lang='lat' dir='ltr'><strong>ferens</strong></span> 
     </span>
    </p>
   </div>
   <div class='ocr_carea' id='block_1_25' title="bbox 365 2388 1935 2484">
    <p class='ocr_par' dir='ltr' id='par_1_25' title="bbox 365 2388 1935 2484">
     <span class='ocr_line' id='line_1_25' title="bbox 365 2388 1935 2484; baseline 0.021 -46"><span class='ocrx_word' id='word_1_154' title='bbox 365 2388 547 2456; x_wconf 90' lang='lat' dir='ltr'><strong>populi</strong></span> <span class='ocrx_word' id='word_1_155' title='bbox 571 2391 920 2459; x_wconf 90' lang='lat' dir='ltr'><strong>seditionem,</strong></span> <span class='ocrx_word' id='word_1_156' title='bbox 952 2399 1335 2458; x_wconf 89' lang='lat' dir='ltr'><strong>beatissimum</strong></span> <span class='ocrx_word' id='word_1_157' title='bbox 1367 2404 1706 2466; x_wconf 90' lang='lat' dir='ltr'><strong>Clementem</strong></span> <span class='ocrx_word' id='word_1_158' title='bbox 1763 2415 1935 2484; x_wconf 87' lang='lat' dir='ltr'><strong>jussit</strong></span> 
     </span>
    </p>
   </div>
   <div class='ocr_carea' id='block_1_26' title="bbox 365 2478 1931 2572">
    <p class='ocr_par' dir='ltr' id='par_1_26' title="bbox 365 2478 1931 2572">
     <span class='ocr_line' id='line_1_26' title="bbox 365 2478 1931 2572; baseline 0.023 -41"><span class='ocrx_word' id='word_1_159' title='bbox 365 2478 430 2532; x_wconf 87' lang='lat' dir='ltr'><strong>ad</strong></span> <span class='ocrx_word' id='word_1_160' title='bbox 461 2495 519 2536; x_wconf 89' lang='lat' dir='ltr'><strong>se</strong></span> <span class='ocrx_word' id='word_1_161' title='bbox 551 2483 774 2540; x_wconf 82' lang='lat' dir='ltr'><strong>adduci.</strong></span> <span class='ocrx_word' id='word_1_162' title='bbox 833 2488 1010 2554; x_wconf 88' lang='lat' dir='ltr'><strong>Quem</strong></span> <span class='ocrx_word' id='word_1_163' title='bbox 1050 2507 1174 2548; x_wconf 93' lang='lat' dir='ltr'><strong>cum</strong></span> <span class='ocrx_word' id='word_1_164' title='bbox 1209 2496 1462 2564; x_wconf 89' lang='lat' dir='ltr'><strong>vidisset,</strong></span> <span class='ocrx_word' id='word_1_165' title='bbox 1493 2505 1664 2572; x_wconf 85' lang='lat' dir='ltr'><strong>coepit</strong></span> <span class='ocrx_word' id='word_1_166' title='bbox 1700 2478 1886 2566; x_wconf 77' lang='lat' dir='ltr'><strong>dicere</strong></span> <span class='ocrx_word' id='word_1_167' title='bbox 1916 2528 1931 2567; x_wconf 91' lang='lat'><strong>:</strong></span> 
     </span>
    </p>
   </div>
   <div class='ocr_carea' id='block_1_27' title="bbox 363 2566 1935 2656">
    <p class='ocr_par' dir='ltr' id='par_1_27' title="bbox 363 2566 1935 2656">
     <span class='ocr_line' id='line_1_27' title="bbox 363 2566 1935 2656; baseline 0.022 -36"><span class='ocrx_word' id='word_1_168' title='bbox 363 2566 439 2622; x_wconf 82' lang='lat' dir='ltr'><strong>Ex</strong></span> <span class='ocrx_word' id='word_1_169' title='bbox 470 2585 739 2639; x_wconf 88' lang='lat' dir='ltr'><strong>generosa</strong></span> <span class='ocrx_word' id='word_1_170' title='bbox 781 2577 1005 2644; x_wconf 88' lang='lat' dir='ltr'><strong>quidem</strong></span> <span class='ocrx_word' id='word_1_171' title='bbox 1051 2582 1240 2638; x_wconf 88' lang='lat' dir='ltr'><strong>radice</strong></span> <span class='ocrx_word' id='word_1_172' title='bbox 1301 2566 1643 2656; x_wconf 78' lang='lat' dir='ltr'><strong>processisti,</strong></span> <span class='ocrx_word' id='word_1_173' title='bbox 1675 2605 1736 2650; x_wconf 91' lang='lat' dir='ltr'><strong>ut</strong></span> <span class='ocrx_word' id='word_1_174' title='bbox 1777 2566 1935 2654; x_wconf 30' lang='lat' dir='ltr'><strong>testis-</strong></span> 
     </span>
    </p>
   </div>
   <div class='ocr_carea' id='block_1_28' title="bbox 363 2659 1936 2746">
    <p class='ocr_par' dir='ltr' id='par_1_28' title="bbox 363 2659 1936 2746">
     <span class='ocr_line' id='line_1_28' title="bbox 363 2659 1936 2746; baseline 0.024 -37"><span class='ocrx_word' id='word_1_175' title='bbox 363 2659 605 2714; x_wconf 90' lang='lat' dir='ltr'><strong>monium</strong></span> <span class='ocrx_word' id='word_1_176' title='bbox 636 2662 743 2718; x_wconf 84' lang='lat' dir='ltr'><strong>fert</strong></span> <span class='ocrx_word' id='word_1_177' title='bbox 772 2666 1052 2726; x_wconf 80' lang='lat' dir='ltr'><strong>Romanus</strong></span> <span class='ocrx_word' id='word_1_178' title='bbox 1087 2675 1360 2744; x_wconf 89' lang='lat' dir='ltr'><strong>p0pulus;</strong></span> <span class='ocrx_word' id='word_1_179' title='bbox 1397 2680 1493 2733; x_wconf 89' lang='lat' dir='ltr'><strong>sed</strong></span> <span class='ocrx_word' id='word_1_180' title='bbox 1535 2697 1778 2741; x_wconf 90' lang='lat' dir='ltr'><strong>errorem</strong></span> <span class='ocrx_word' id='word_1_181' title='bbox 1843 2705 1936 2746; x_wconf 90' lang='lat' dir='ltr'><strong>su-</strong></span> 
     </span>
    </p>
   </div>
   <div class='ocr_carea' id='block_1_29' title="bbox 368 2751 1931 2848">
    <p class='ocr_par' dir='ltr' id='par_1_29' title="bbox 368 2751 1931 2848">
     <span class='ocr_line' id='line_1_29' title="bbox 368 2751 1931 2848; baseline 0.023 -47"><span class='ocrx_word' id='word_1_182' title='bbox 368 2751 614 2819; x_wconf 84' lang='lat' dir='ltr'><strong>scepisti,</strong></span> <span class='ocrx_word' id='word_1_183' title='bbox 645 2762 704 2808; x_wconf 93' lang='lat' dir='ltr'><strong>et</strong></span> <span class='ocrx_word' id='word_1_184' title='bbox 730 2755 852 2811; x_wconf 90' lang='lat' dir='ltr'><strong>ideo</strong></span> <span class='ocrx_word' id='word_1_185' title='bbox 879 2775 988 2814; x_wconf 89' lang='lat' dir='ltr'><strong>non</strong></span> <span class='ocrx_word' id='word_1_186' title='bbox 1021 2774 1248 2830; x_wconf 88' lang='lat' dir='ltr'><strong>possunt</strong></span> <span class='ocrx_word' id='word_1_187' title='bbox 1276 2765 1330 2821; x_wconf 92' lang='lat' dir='ltr'><strong>in</strong></span> <span class='ocrx_word' id='word_1_188' title='bbox 1360 2769 1605 2827; x_wconf 89' lang='lat' dir='ltr'><strong>animum</strong></span> <span class='ocrx_word' id='word_1_189' title='bbox 1640 2777 1931 2848; x_wconf 90' lang='lat' dir='ltr'><strong>inducere,</strong></span> 
     </span>
    </p>
   </div>
   <div class='ocr_carea' id='block_1_30' title="bbox 363 2847 1933 2939">
    <p class='ocr_par' dir='ltr' id='par_1_30' title="bbox 363 2847 1933 2939">
     <span class='ocr_line' id='line_1_30' title="bbox 363 2847 1933 2939; baseline 0.023 -47"><span class='ocrx_word' id='word_1_190' title='bbox 363 2852 415 2894; x_wconf 89' lang='lat' dir='ltr'><strong>nt</strong></span> <span class='ocrx_word' id='word_1_191' title='bbox 449 2850 688 2900; x_wconf 88' lang='lat' dir='ltr'><strong>taceant.</strong></span> <span class='ocrx_word' id='word_1_192' title='bbox 719 2847 851 2903; x_wconf 86' lang='lat' dir='ltr'><strong>Nam</strong></span> <span class='ocrx_word' id='word_1_193' title='bbox 879 2851 1064 2907; x_wconf 82' lang='lat' dir='ltr'><strong>nescio</strong></span> <span class='ocrx_word' id='word_1_194' title='bbox 1119 2870 1413 2924; x_wconf 88' lang='lat' dir='ltr'><strong>quemnam</strong></span> <span class='ocrx_word' id='word_1_195' title='bbox 1447 2861 1734 2923; x_wconf 86' lang='lat' dir='ltr'><strong>Christum</strong></span> <span class='ocrx_word' id='word_1_196' title='bbox 1771 2847 1933 2939; x_wconf 81' lang='lat' dir='ltr'><strong>colis,</strong></span> 
     </span>
    </p>
   </div>
   <div class='ocr_carea' id='block_1_31' title="bbox 357 2935 1935 3026">
    <p class='ocr_par' dir='ltr' id='par_1_31' title="bbox 357 2935 1935 3026">
     <span class='ocr_line' id='line_1_31' title="bbox 357 2935 1935 3026; baseline 0.021 -42"><span class='ocrx_word' id='word_1_197' title='bbox 357 2941 411 2984; x_wconf 87' lang='lat' dir='ltr'><strong>et</strong></span> <span class='ocrx_word' id='word_1_198' title='bbox 458 2943 652 2987; x_wconf 78' lang='lat' dir='ltr'><strong>contra</strong></span> <span class='ocrx_word' id='word_1_199' title='bbox 700 2935 836 2992; x_wconf 91' lang='lat' dir='ltr'><strong>deos</strong></span> <span class='ocrx_word' id='word_1_200' title='bbox 883 2939 1150 2998; x_wconf 88' lang='lat' dir='ltr'><strong>admittis.</strong></span> <span class='ocrx_word' id='word_1_201' title='bbox 1200 2945 1569 3011; x_wconf 88' lang='lat' dir='ltr'><strong>Quamobrem</strong></span> <span class='ocrx_word' id='word_1_202' title='bbox 1619 2967 1838 3026; x_wconf 84' lang='lat' dir='ltr'><strong>oportet</strong></span> <span class='ocrx_word' id='word_1_203' title='bbox 1884 2935 1935 3018; x_wconf 82' lang='lat' dir='ltr'><strong>te</strong></span> 
     </span>
    </p>
   </div>
   <div class='ocr_carea' id='block_1_32' title="bbox 359 3025 1935 3117">
    <p class='ocr_par' dir='ltr' id='par_1_32' title="bbox 359 3025 1935 3117">
     <span class='ocr_line' id='line_1_32' title="bbox 359 3025 1935 3117; baseline 0.025 -45"><span class='ocrx_word' id='word_1_204' title='bbox 359 3025 637 3090; x_wconf 75' lang='lat' dir='ltr'><strong>deponere</strong></span> <span class='ocrx_word' id='word_1_205' title='bbox 701 3043 920 3084; x_wconf 88' lang='lat' dir='ltr'><strong>omnem</strong></span> <span class='ocrx_word' id='word_1_206' title='bbox 984 3035 1317 3104; x_wconf 66' lang='lat' dir='ltr'><strong>superﬂuam</strong></span> <span class='ocrx_word' id='word_1_207' title='bbox 1371 3025 1842 3117; x_wconf 88' lang='lat' dir='ltr'><strong>superstitionem,</strong></span> <span class='ocrx_word' id='word_1_208' title='bbox 1879 3064 1935 3111; x_wconf 89' lang='lat' dir='ltr'><strong>et</strong></span> 
     </span>
    </p>
   </div>
   <div class='ocr_carea' id='block_1_33' title="bbox 356 3117 2005 3220">
    <p class='ocr_par' dir='ltr' id='par_1_33' title="bbox 356 3117 2005 3220">
     <span class='ocr_line' id='line_1_33' title="bbox 356 3117 2005 3220; baseline 0.024 -55"><span class='ocrx_word' id='word_1_209' title='bbox 356 3117 540 3169; x_wconf 74' lang='lat' dir='ltr'><strong>cnlere</strong></span> <span class='ocrx_word' id='word_1_210' title='bbox 582 3118 739 3185; x_wconf 89' lang='lat' dir='ltr'><strong>deos,</strong></span> <span class='ocrx_word' id='word_1_211' title='bbox 796 3138 936 3191; x_wconf 88' lang='lat' dir='ltr'><strong>quos</strong></span> <span class='ocrx_word' id='word_1_212' title='bbox 978 3125 1045 3182; x_wconf 90' lang='lat' dir='ltr'><strong>de</strong></span> <span class='ocrx_word' id='word_1_213' title='bbox 1074 3144 1227 3186; x_wconf 91' lang='lat' dir='ltr'><strong>more</strong></span> <span class='ocrx_word' id='word_1_214' title='bbox 1277 3134 1532 3192; x_wconf 82' lang='lat' dir='ltr'><strong>colimus.</strong></span> <span class='ocrx_word' id='word_1_215' title='bbox 1601 3140 1760 3198; x_wconf 90' lang='lat' dir='ltr'><strong>Tunc</strong></span> <span class='ocrx_word' id='word_1_216' title='bbox 1797 3145 1933 3203; x_wconf 84' lang='lat' dir='ltr'><strong>dixit</strong></span> <span class='ocrx_word' id='word_1_217' title='bbox 1963 3161 2005 3220; x_wconf 76' lang='grc' dir='ltr'>ο</span> 
     </span>
    </p>
   </div>
   <div class='ocr_carea' id='block_1_34' title="bbox 360 3205 1934 3301">
    <p class='ocr_par' dir='ltr' id='par_1_34' title="bbox 360 3205 1934 3301">
     <span class='ocr_line' id='line_1_34' title="bbox 360 3205 1934 3301; baseline 0.022 -42"><span class='ocrx_word' id='word_1_218' title='bbox 360 3205 416 3261; x_wconf 81' lang='grc' dir='ltr'><strong>Β.</strong></span> <span class='ocrx_word' id='word_1_219' title='bbox 443 3207 701 3266; x_wconf 85' lang='lat' dir='ltr'><strong>Clemens</strong></span> <span class='ocrx_word' id='word_1_220' title='bbox 737 3230 752 3267; x_wconf 90' lang='lat'><strong>:</strong></span> <span class='ocrx_word' id='word_1_221' title='bbox 789 3215 1046 3285; x_wconf 86' lang='lat' dir='ltr'><strong>Optarem</strong></span> <span class='ocrx_word' id='word_1_222' title='bbox 1078 3225 1415 3282; x_wconf 65' lang='lat' dir='ltr'><strong>excellentiae</strong></span> <span class='ocrx_word' id='word_1_223' title='bbox 1446 3237 1550 3285; x_wconf 75' lang='lat' dir='ltr'><strong>tua:</strong></span> <span class='ocrx_word' id='word_1_224' title='bbox 1573 3234 1934 3301; x_wconf 89' lang='lat' dir='ltr'><strong>prudentiam</strong></span> 
     </span>
    </p>
   </div>
   <div class='ocr_carea' id='block_1_35' title="bbox 357 3298 1936 3400">
    <p class='ocr_par' dir='ltr' id='par_1_35' title="bbox 357 3298 1936 3400">
     <span class='ocr_line' id='line_1_35' title="bbox 357 3298 1936 3400; baseline 0.025 -54"><span class='ocrx_word' id='word_1_225' title='bbox 357 3298 649 3353; x_wconf 83' lang='lat' dir='ltr'><strong>attendere</strong></span> <span class='ocrx_word' id='word_1_226' title='bbox 681 3317 856 3359; x_wconf 88' lang='lat' dir='ltr'><strong>meam</strong></span> <span class='ocrx_word' id='word_1_227' title='bbox 881 3307 1256 3368; x_wconf 78' lang='lat' dir='ltr'><strong>defensionem</strong></span> <span class='ocrx_word' id='word_1_228' title='bbox 1287 3325 1343 3370; x_wconf 91' lang='lat' dir='ltr'><strong>et</strong></span> <span class='ocrx_word' id='word_1_229' title='bbox 1365 3334 1471 3373; x_wconf 93' lang='lat' dir='ltr'><strong>non</strong></span> <span class='ocrx_word' id='word_1_230' title='bbox 1504 3298 1734 3392; x_wconf 83' lang='lat' dir='ltr'><strong>propter</strong></span> <span class='ocrx_word' id='word_1_231' title='bbox 1758 3329 1936 3400; x_wconf 87' lang='lat' dir='ltr'><strong>impe-</strong></span> 
     </span>
    </p>
   </div>
   <div class='ocr_carea' id='block_1_36' title="bbox 362 3386 1932 3488">
    <p class='ocr_par' dir='ltr' id='par_1_36' title="bbox 362 3386 1932 3488">
     <span class='ocr_line' id='line_1_36' title="bbox 362 3386 1932 3488; baseline 0.025 -51"><span class='ocrx_word' id='word_1_232' title='bbox 362 3386 597 3442; x_wconf 87' lang='lat' dir='ltr'><strong>ritorum</strong></span> <span class='ocrx_word' id='word_1_233' title='bbox 628 3393 979 3463; x_wconf 90' lang='lat' dir='ltr'><strong>seditionem,</strong></span> <span class='ocrx_word' id='word_1_234' title='bbox 1004 3402 1098 3455; x_wconf 91' lang='lat' dir='ltr'><strong>sed</strong></span> <span class='ocrx_word' id='word_1_235' title='bbox 1122 3416 1347 3474; x_wconf 85' lang='lat' dir='ltr'><strong>propter</strong></span> <span class='ocrx_word' id='word_1_236' title='bbox 1381 3386 1555 3465; x_wconf 84' lang='lat' dir='ltr'><strong>meam</strong></span> <span class='ocrx_word' id='word_1_237' title='bbox 1593 3386 1932 3488; x_wconf 74' lang='lat' dir='ltr'><strong>doctrinam,</strong></span> 
     </span>
    </p>
   </div>
   <div class='ocr_carea' id='block_1_37' title="bbox 359 3487 1939 3568">
    <p class='ocr_par' dir='ltr' id='par_1_37' title="bbox 359 3487 1939 3568">
     <span class='ocr_line' id='line_1_37' title="bbox 359 3487 1939 3568; baseline 0.027 -41"><span class='ocrx_word' id='word_1_238' title='bbox 359 3491 442 3530; x_wconf 87' lang='lat' dir='ltr'><strong>me</strong></span> <span class='ocrx_word' id='word_1_239' title='bbox 489 3494 778 3539; x_wconf 88' lang='lat' dir='ltr'><strong>accusare.</strong></span> <span class='ocrx_word' id='word_1_240' title='bbox 821 3487 955 3542; x_wconf 87' lang='lat' dir='ltr'><strong>Nam</strong></span> <span class='ocrx_word' id='word_1_241' title='bbox 988 3493 1203 3549; x_wconf 89' lang='lat' dir='ltr'><strong>etiamsi</strong></span> <span class='ocrx_word' id='word_1_242' title='bbox 1266 3499 1423 3554; x_wconf 91' lang='lat' dir='ltr'><strong>multi</strong></span> <span class='ocrx_word' id='word_1_243' title='bbox 1450 3517 1616 3560; x_wconf 89' lang='lat' dir='ltr'><strong>canes</strong></span> <span class='ocrx_word' id='word_1_244' title='bbox 1672 3524 1775 3565; x_wconf 91' lang='lat' dir='ltr'><strong>nos</strong></span> <span class='ocrx_word' id='word_1_245' title='bbox 1804 3487 1939 3568; x_wconf 86' lang='lat' dir='ltr'><strong>alla-</strong></span> 
     </span>
    </p>
   </div>
   <div class='ocr_carea' id='block_1_38' title="bbox 358 3573 1924 3660">
    <p class='ocr_par' dir='ltr' id='par_1_38' title="bbox 358 3573 1924 3660">
     <span class='ocr_line' id='line_1_38' title="bbox 358 3573 1924 3660; baseline 0.026 -40"><span class='ocrx_word' id='word_1_246' title='bbox 358 3573 622 3626; x_wconf 80' lang='lat' dir='ltr'><strong>traverint</strong></span> <span class='ocrx_word' id='word_1_247' title='bbox 653 3583 708 3629; x_wconf 88' lang='lat' dir='ltr'><strong>et</strong></span> <span class='ocrx_word' id='word_1_248' title='bbox 756 3581 1128 3645; x_wconf 88' lang='lat' dir='ltr'><strong>conciderint.</strong></span> <span class='ocrx_word' id='word_1_249' title='bbox 1175 3603 1284 3643; x_wconf 89' lang='lat' dir='ltr'><strong>non</strong></span> <span class='ocrx_word' id='word_1_250' title='bbox 1323 3603 1555 3660; x_wconf 87' lang='lat' dir='ltr'><strong>possunt</strong></span> <span class='ocrx_word' id='word_1_251' title='bbox 1591 3599 1751 3655; x_wconf 89' lang='lat' dir='ltr'><strong>nobis</strong></span> <span class='ocrx_word' id='word_1_252' title='bbox 1802 3605 1924 3660; x_wconf 88' lang='lat' dir='ltr'><strong>auf-</strong></span> 
     </span>
    </p>
   </div>
   <div class='ocr_carea' id='block_1_39' title="bbox 355 3658 1930 3764">
    <p class='ocr_par' dir='ltr' id='par_1_39' title="bbox 355 3658 1930 3764">
     <span class='ocr_line' id='line_1_39' title="bbox 355 3658 1930 3764; baseline 0.027 -52"><span class='ocrx_word' id='word_1_253' title='bbox 355 3658 516 3727; x_wconf 86' lang='lat' dir='ltr'><strong>ferre,</strong></span> <span class='ocrx_word' id='word_1_254' title='bbox 559 3668 693 3733; x_wconf 89' lang='lat' dir='ltr'><strong>quin</strong></span> <span class='ocrx_word' id='word_1_255' title='bbox 749 3669 924 3726; x_wconf 89' lang='lat' dir='ltr'><strong>simus</strong></span> <span class='ocrx_word' id='word_1_256' title='bbox 976 3674 1226 3734; x_wconf 87' lang='lat' dir='ltr'><strong>homines</strong></span> <span class='ocrx_word' id='word_1_257' title='bbox 1284 3683 1518 3740; x_wconf 87' lang='lat' dir='ltr'><strong>rationis</strong></span> <span class='ocrx_word' id='word_1_258' title='bbox 1575 3692 1930 3764; x_wconf 85' lang='lat' dir='ltr'><strong>participes:</strong></span> 
     </span>
    </p>
   </div>
   <div class='ocr_carea' id='block_1_40' title="bbox 354 3752 1933 3845">
    <p class='ocr_par' dir='ltr' id='par_1_40' title="bbox 354 3752 1933 3845">
     <span class='ocr_line' id='line_1_40' title="bbox 354 3752 1933 3845; baseline 0.026 -41"><span class='ocrx_word' id='word_1_259' title='bbox 354 3752 430 3804; x_wconf 89' lang='lat' dir='ltr'><strong>illi</strong></span> <span class='ocrx_word' id='word_1_260' title='bbox 474 3763 686 3819; x_wconf 85' lang='lat' dir='ltr'><strong>autem,</strong></span> <span class='ocrx_word' id='word_1_261' title='bbox 722 3773 886 3816; x_wconf 86' lang='lat' dir='ltr'><strong>canes</strong></span> <span class='ocrx_word' id='word_1_262' title='bbox 916 3764 1198 3824; x_wconf 87' lang='lat' dir='ltr'><strong>latrantes.</strong></span> <span class='ocrx_word' id='word_1_263' title='bbox 1240 3770 1470 3844; x_wconf 88' lang='lat' dir='ltr'><strong>Semper</strong></span> <span class='ocrx_word' id='word_1_264' title='bbox 1505 3781 1656 3835; x_wconf 93' lang='lat' dir='ltr'><strong>enim</strong></span> <span class='ocrx_word' id='word_1_265' title='bbox 1715 3752 1933 3845; x_wconf 74' lang='lat' dir='ltr'><strong>constat</strong></span> 
     </span>
    </p>
   </div>
   <div class='ocr_carea' id='block_1_41' title="bbox 358 3844 1929 3937">
    <p class='ocr_par' dir='ltr' id='par_1_41' title="bbox 358 3844 1929 3937">
     <span class='ocr_line' id='line_1_41' title="bbox 358 3844 1929 3937; baseline 0.027 -43"><span class='ocrx_word' id='word_1_266' title='bbox 358 3844 689 3901; x_wconf 84' lang='lat' dir='ltr'><strong>seditionem</strong></span> <span class='ocrx_word' id='word_1_267' title='bbox 716 3853 988 3920; x_wconf 84' lang='lat' dir='ltr'><strong>proficisci</strong></span> <span class='ocrx_word' id='word_1_268' title='bbox 1014 3858 1087 3937; x_wconf 28' lang='lat' dir='ltr'><strong>ab.</strong></span> <span class='ocrx_word' id='word_1_269' title='bbox 1115 3860 1406 3932; x_wconf 90' lang='lat' dir='ltr'><strong>imperitis,</strong></span> <span class='ocrx_word' id='word_1_270' title='bbox 1439 3877 1499 3922; x_wconf 90' lang='lat' dir='ltr'><strong>ut</strong></span> <span class='ocrx_word' id='word_1_271' title='bbox 1535 3872 1674 3928; x_wconf 86' lang='lat' dir='ltr'><strong>nihil</strong></span> <span class='ocrx_word' id='word_1_272' title='bbox 1727 3844 1929 3936; x_wconf 81' lang='lat' dir='ltr'><strong>haheat</strong></span> 
     </span>
    </p>
   </div>
   <div class='ocr_carea' id='block_1_42' title="bbox 362 3938 1933 4027">
    <p class='ocr_par' dir='ltr' id='par_1_42' title="bbox 362 3938 1933 4027">
     <span class='ocr_line' id='line_1_42' title="bbox 362 3938 1933 4027; baseline 0.026 -43"><span class='ocrx_word' id='word_1_273' title='bbox 362 3938 564 4000; x_wconf 90' lang='lat' dir='ltr'><strong>tutum,</strong></span> <span class='ocrx_word' id='word_1_274' title='bbox 622 3955 726 3995; x_wconf 92' lang='lat' dir='ltr'><strong>nec</strong></span> <span class='ocrx_word' id='word_1_275' title='bbox 773 3958 992 4001; x_wconf 90' lang='lat' dir='ltr'><strong>verum.</strong></span> <span class='ocrx_word' id='word_1_276' title='bbox 1046 3947 1412 4015; x_wconf 86' lang='lat' dir='ltr'><strong>Quamobrem</strong></span> <span class='ocrx_word' id='word_1_277' title='bbox 1447 3973 1730 4027; x_wconf 82' lang='lat' dir='ltr'><strong>quaeratur</strong></span> <span class='ocrx_word' id='word_1_278' title='bbox 1790 3970 1933 4026; x_wconf 88' lang='lat' dir='ltr'><strong>ratio</strong></span> 
     </span>
    </p>
   </div>
   <div class='ocr_carea' id='block_1_43' title="bbox 357 4022 1932 4126">
    <p class='ocr_par' dir='ltr' id='par_1_43' title="bbox 357 4022 1932 4126">
     <span class='ocr_line' id='line_1_43' title="bbox 357 4022 1932 4126; baseline 0.025 -53"><span class='ocrx_word' id='word_1_279' title='bbox 357 4022 588 4088; x_wconf 78' lang='lat' dir='ltr'><strong>silentii,</strong></span> <span class='ocrx_word' id='word_1_280' title='bbox 639 4027 694 4082; x_wconf 90' lang='lat' dir='ltr'><strong>in</strong></span> <span class='ocrx_word' id='word_1_281' title='bbox 730 4045 842 4100; x_wconf 90' lang='lat' dir='ltr'><strong>quo</strong></span> <span class='ocrx_word' id='word_1_282' title='bbox 901 4049 1001 4103; x_wconf 90' lang='lat' dir='ltr'><strong>pro</strong></span> <span class='ocrx_word' id='word_1_283' title='bbox 1069 4051 1166 4092; x_wconf 90' lang='lat' dir='ltr'><strong>sua</strong></span> <span class='ocrx_word' id='word_1_284' title='bbox 1199 4041 1374 4097; x_wconf 89' lang='lat' dir='ltr'><strong>salute</strong></span> <span class='ocrx_word' id='word_1_285' title='bbox 1426 4022 1595 4103; x_wconf 81' lang='lat' dir='ltr'><strong>homo</strong></span> <span class='ocrx_word' id='word_1_286' title='bbox 1654 4022 1932 4126; x_wconf 76' lang='lat' dir='ltr'><strong>particeps</strong></span> 
     </span>
    </p>
   </div>
   <div class='ocr_carea' id='block_1_44' title="bbox 359 4115 1931 4203">
    <p class='ocr_par' dir='ltr' id='par_1_44' title="bbox 359 4115 1931 4203">
     <span class='ocr_line' id='line_1_44' title="bbox 359 4115 1931 4203; baseline 0.024 -38"><span class='ocrx_word' id='word_1_287' title='bbox 359 4115 607 4181; x_wconf 82' lang='lat' dir='ltr'><strong>rationis,</strong></span> <span class='ocrx_word' id='word_1_288' title='bbox 632 4128 689 4174; x_wconf 89' lang='lat' dir='ltr'><strong>et</strong></span> <span class='ocrx_word' id='word_1_289' title='bbox 719 4135 818 4188; x_wconf 91' lang='lat' dir='ltr'><strong>per</strong></span> <span class='ocrx_word' id='word_1_290' title='bbox 855 4139 913 4178; x_wconf 91' lang='lat' dir='ltr'><strong>se</strong></span> <span class='ocrx_word' id='word_1_291' title='bbox 942 4124 1167 4196; x_wconf 85' lang='lat' dir='ltr'><strong>incipiat</strong></span> <span class='ocrx_word' id='word_1_292' title='bbox 1212 4135 1521 4192; x_wconf 86' lang='lat' dir='ltr'><strong>consultare</strong></span> <span class='ocrx_word' id='word_1_293' title='bbox 1551 4150 1606 4194; x_wconf 91' lang='lat' dir='ltr'><strong>et</strong></span> <span class='ocrx_word' id='word_1_294' title='bbox 1654 4115 1931 4203; x_wconf 70' lang='lat' dir='ltr'><strong>disserere</strong></span> 
     </span>
    </p>
   </div>
   <div class='ocr_carea' id='block_1_45' title="bbox 364 4213 1928 4292">
    <p class='ocr_par' dir='ltr' id='par_1_45' title="bbox 364 4213 1928 4292">
     <span class='ocr_line' id='line_1_45' title="bbox 364 4213 1928 4292; baseline 0.022 -33"><span class='ocrx_word' id='word_1_295' title='bbox 364 4215 422 4261; x_wconf 90' lang='lat' dir='ltr'><strong>ut</strong></span> <span class='ocrx_word' id='word_1_296' title='bbox 457 4224 650 4265; x_wconf 86' lang='lat' dir='ltr'><strong>verum</strong></span> <span class='ocrx_word' id='word_1_297' title='bbox 682 4213 853 4269; x_wconf 87' lang='lat' dir='ltr'><strong>Deum</strong></span> <span class='ocrx_word' id='word_1_298' title='bbox 899 4215 1165 4287; x_wconf 84' lang='lat' dir='ltr'><strong>inveniat,</strong></span> <span class='ocrx_word' id='word_1_299' title='bbox 1222 4224 1310 4278; x_wconf 93' lang='lat' dir='ltr'><strong>cui</strong></span> <span class='ocrx_word' id='word_1_300' title='bbox 1351 4241 1509 4284; x_wconf 89' lang='lat' dir='ltr'><strong>suam</strong></span> <span class='ocrx_word' id='word_1_301' title='bbox 1550 4231 1716 4288; x_wconf 83' lang='lat' dir='ltr'><strong>fidem</strong></span> <span class='ocrx_word' id='word_1_302' title='bbox 1751 4236 1928 4292; x_wconf 89' lang='lat' dir='ltr'><strong>hono-</strong></span> 
     </span>
    </p>
   </div>
   <div class='ocr_carea' id='block_1_46' title="bbox 363 4297 1930 4396">
    <p class='ocr_par' dir='ltr' id='par_1_46' title="bbox 363 4297 1930 4396">
     <span class='ocr_line' id='line_1_46' title="bbox 363 4297 1930 4396; baseline 0.022 -47"><span class='ocrx_word' id='word_1_303' title='bbox 363 4297 508 4354; x_wconf 81' lang='lat' dir='ltr'><strong>riﬁce</strong></span> <span class='ocrx_word' id='word_1_304' title='bbox 542 4306 913 4362; x_wconf 83' lang='lat' dir='ltr'><strong>commendet.</strong></span> <span class='ocrx_word' id='word_1_305' title='bbox 941 4311 1100 4368; x_wconf 86' lang='lat' dir='ltr'><strong>Tunc</strong></span> <span class='ocrx_word' id='word_1_306' title='bbox 1151 4314 1510 4376; x_wconf 86' lang='lat' dir='ltr'><strong>Mamertinus</strong></span> <span class='ocrx_word' id='word_1_307' title='bbox 1540 4324 1695 4380; x_wconf 90' lang='lat' dir='ltr'><strong>urbis</strong></span> <span class='ocrx_word' id='word_1_308' title='bbox 1732 4328 1930 4396; x_wconf 74' lang='lat' dir='ltr'><strong>praefe-</strong></span> 
     </span>
    </p>
   </div>
   <div class='ocr_carea' id='block_1_47' title="bbox 363 4394 1924 4479">
    <p class='ocr_par' dir='ltr' id='par_1_47' title="bbox 363 4394 1924 4479">
     <span class='ocr_line' id='line_1_47' title="bbox 363 4394 1924 4479; baseline 0.022 -39"><span class='ocrx_word' id='word_1_309' title='bbox 363 4398 480 4444; x_wconf 93' lang='lat' dir='ltr'><strong>ctus</strong></span> <span class='ocrx_word' id='word_1_310' title='bbox 535 4394 762 4452; x_wconf 89' lang='lat' dir='ltr'><strong>mittens</strong></span> <span class='ocrx_word' id='word_1_311' title='bbox 800 4399 866 4454; x_wconf 89' lang='lat' dir='ltr'><strong>ad</strong></span> <span class='ocrx_word' id='word_1_312' title='bbox 906 4401 1198 4474; x_wconf 88' lang='lat' dir='ltr'><strong>Trajanum</strong></span> <span class='ocrx_word' id='word_1_313' title='bbox 1257 4407 1676 4479; x_wconf 70' lang='lat' dir='ltr'><strong>imperatorem.</strong></span> <span class='ocrx_word' id='word_1_314' title='bbox 1727 4394 1924 4475; x_wconf 87' lang='lat' dir='ltr'><strong>detulit</strong></span> 
     </span>
    </p>
   </div>
   <div class='ocr_carea' id='block_1_48' title="bbox 2046 575 3616 650">
    <p class='ocr_par' dir='ltr' id='par_1_48' title="bbox 2046 575 3616 650">
     <span class='ocr_line' id='line_1_48' title="bbox 2046 575 3616 650; baseline 0 -18"><span class='ocrx_word' id='word_1_315' title='bbox 2046 575 2311 632; x_wconf 88' lang='lat' dir='ltr'><strong>Clementi</strong></span> <span class='ocrx_word' id='word_1_316' title='bbox 2345 581 2583 649; x_wconf 67' lang='lat' dir='ltr'><strong>praebuit</strong></span> <span class='ocrx_word' id='word_1_317' title='bbox 2625 589 2834 636; x_wconf 89' lang='lat' dir='ltr'><strong>tantam</strong></span> <span class='ocrx_word' id='word_1_318' title='bbox 2860 581 3116 650; x_wconf 85' lang='lat' dir='ltr'><strong>gratiam,</strong></span> <span class='ocrx_word' id='word_1_319' title='bbox 3146 588 3207 633; x_wconf 91' lang='lat' dir='ltr'><strong>ut</strong></span> <span class='ocrx_word' id='word_1_320' title='bbox 3254 577 3616 634; x_wconf 80' lang='lat' dir='ltr'><strong>Mamertinus</strong></span> 
     </span>
    </p>
   </div>
   <div class='ocr_carea' id='block_1_49' title="bbox 2048 669 3616 740">
    <p class='ocr_par' dir='ltr' id='par_1_49' title="bbox 2048 669 3616 740">
     <span class='ocr_line' id='line_1_49' title="bbox 2048 669 3616 740; baseline 0 -17"><span class='ocrx_word' id='word_1_321' title='bbox 2048 669 2200 724; x_wconf 89' lang='lat' dir='ltr'><strong>urbis</strong></span> <span class='ocrx_word' id='word_1_322' title='bbox 2230 671 2520 739; x_wconf 74' lang='lat' dir='ltr'><strong>praefectus</strong></span> <span class='ocrx_word' id='word_1_323' title='bbox 2571 673 2821 734; x_wconf 79' lang='lat' dir='ltr'><strong>deﬁeret,</strong></span> <span class='ocrx_word' id='word_1_324' title='bbox 2851 683 2906 729; x_wconf 90' lang='lat' dir='ltr'><strong>et</strong></span> <span class='ocrx_word' id='word_1_325' title='bbox 2932 673 3147 728; x_wconf 88' lang='lat' dir='ltr'><strong>diceret</strong></span> <span class='ocrx_word' id='word_1_326' title='bbox 3176 690 3190 728; x_wconf 88' lang='lat'>:</span> <span class='ocrx_word' id='word_1_327' title='bbox 3246 671 3417 736; x_wconf 88' lang='lat' dir='ltr'><strong>Deus,</strong></span> <span class='ocrx_word' id='word_1_328' title='bbox 3451 686 3616 740; x_wconf 85' lang='lat' dir='ltr'><strong>quem</strong></span> 
     </span>
    </p>
   </div>
   <div class='ocr_carea' id='block_1_50' title="bbox 2048 764 3611 836">
    <p class='ocr_par' dir='ltr' id='par_1_50' title="bbox 2048 764 3611 836">
     <span class='ocr_line' id='line_1_50' title="bbox 2048 764 3611 836; baseline 0.003 -22"><span class='ocrx_word' id='word_1_329' title='bbox 2048 771 2103 815; x_wconf 92' lang='lat' dir='ltr'><strong>tu</strong></span> <span class='ocrx_word' id='word_1_330' title='bbox 2141 764 2353 820; x_wconf 88' lang='lat' dir='ltr'><strong>sincere</strong></span> <span class='ocrx_word' id='word_1_331' title='bbox 2388 767 2542 830; x_wconf 91' lang='lat' dir='ltr'><strong>colis,</strong></span> <span class='ocrx_word' id='word_1_332' title='bbox 2577 767 2692 836; x_wconf 90' lang='lat' dir='ltr'><strong>ipse</strong></span> <span class='ocrx_word' id='word_1_333' title='bbox 2727 767 2824 821; x_wconf 90' lang='lat' dir='ltr'><strong>tibi</strong></span> <span class='ocrx_word' id='word_1_334' title='bbox 2858 782 3016 836; x_wconf 90' lang='lat' dir='ltr'><strong>opem</strong></span> <span class='ocrx_word' id='word_1_335' title='bbox 3071 765 3209 822; x_wconf 90' lang='lat' dir='ltr'><strong>feret</strong></span> <span class='ocrx_word' id='word_1_336' title='bbox 3236 767 3290 820; x_wconf 92' lang='lat' dir='ltr'><strong>in</strong></span> <span class='ocrx_word' id='word_1_337' title='bbox 3328 766 3453 828; x_wconf 76' lang='lat' dir='ltr'><strong>hoc,</strong></span> <span class='ocrx_word' id='word_1_338' title='bbox 3500 781 3611 834; x_wconf 81' lang='lat' dir='ltr'><strong>quo</strong></span> 
     </span>
    </p>
   </div>
   <div class='ocr_carea' id='block_1_51' title="bbox 2047 855 3612 927">
    <p class='ocr_par' dir='ltr' id='par_1_51' title="bbox 2047 855 3612 927">
     <span class='ocr_line' id='line_1_51' title="bbox 2047 855 3612 927; baseline 0.001 -18"><span class='ocrx_word' id='word_1_339' title='bbox 2047 855 2196 911; x_wconf 86' lang='lat' dir='ltr'><strong>fuisti</strong></span> <span class='ocrx_word' id='word_1_340' title='bbox 2240 858 2555 924; x_wconf 83' lang='lat' dir='ltr'><strong>damnatus,</strong></span> <span class='ocrx_word' id='word_1_341' title='bbox 2603 860 2822 925; x_wconf 84' lang='lat' dir='ltr'><strong>exsilio,</strong></span> <span class='ocrx_word' id='word_1_342' title='bbox 2850 873 3157 927; x_wconf 89' lang='lat' dir='ltr'><strong>navemque</strong></span> <span class='ocrx_word' id='word_1_343' title='bbox 3184 858 3230 912; x_wconf 92' lang='lat' dir='ltr'><strong>ei</strong></span> <span class='ocrx_word' id='word_1_344' title='bbox 3289 857 3612 919; x_wconf 85' lang='lat' dir='ltr'><strong>constituit;</strong></span> 
     </span>
    </p>
   </div>
   <div class='ocr_carea' id='block_1_52' title="bbox 2045 948 3611 1020">
    <p class='ocr_par' dir='ltr' id='par_1_52' title="bbox 2045 948 3611 1020">
     <span class='ocr_line' id='line_1_52' title="bbox 2045 948 3611 1020; baseline 0 -18"><span class='ocrx_word' id='word_1_345' title='bbox 2045 956 2100 1002; x_wconf 90' lang='lat' dir='ltr'><strong>et</strong></span> <span class='ocrx_word' id='word_1_346' title='bbox 2136 964 2260 1003; x_wconf 89' lang='lat' dir='ltr'><strong>cum</strong></span> <span class='ocrx_word' id='word_1_347' title='bbox 2327 951 2510 1006; x_wconf 85' lang='lat' dir='ltr'><strong>omnia</strong></span> <span class='ocrx_word' id='word_1_348' title='bbox 2566 951 2622 1006; x_wconf 90' lang='lat' dir='ltr'><strong>in</strong></span> <span class='ocrx_word' id='word_1_349' title='bbox 2671 967 2792 1006; x_wconf 89' lang='lat' dir='ltr'><strong>eam</strong></span> <span class='ocrx_word' id='word_1_350' title='bbox 2831 951 3150 1006; x_wconf 90' lang='lat' dir='ltr'><strong>immisisset</strong></span> <span class='ocrx_word' id='word_1_351' title='bbox 3209 966 3330 1020; x_wconf 68' lang='lat' dir='ltr'><strong>qua:</strong></span> <span class='ocrx_word' id='word_1_352' title='bbox 3357 957 3514 1004; x_wconf 90' lang='lat' dir='ltr'><strong>erant</strong></span> <span class='ocrx_word' id='word_1_353' title='bbox 3545 948 3611 1002; x_wconf 85' lang='lat' dir='ltr'><strong>ad</strong></span> 
     </span>
    </p>
   </div>
   <div class='ocr_carea' id='block_1_53' title="bbox 2051 1038 3616 1106">
    <p class='ocr_par' dir='ltr' id='par_1_53' title="bbox 2051 1038 3616 1106">
     <span class='ocr_line' id='line_1_53' title="bbox 2051 1038 3616 1106; baseline 0.001 -15"><span class='ocrx_word' id='word_1_354' title='bbox 2051 1053 2208 1092; x_wconf 91' lang='lat' dir='ltr'><strong>usum</strong></span> <span class='ocrx_word' id='word_1_355' title='bbox 2270 1041 2604 1106; x_wconf 89' lang='lat' dir='ltr'><strong>necessaria,</strong></span> <span class='ocrx_word' id='word_1_356' title='bbox 2668 1042 2900 1097; x_wconf 88' lang='lat' dir='ltr'><strong>dimisit.</strong></span> <span class='ocrx_word' id='word_1_357' title='bbox 2957 1041 3128 1096; x_wconf 86' lang='lat' dir='ltr'><strong>Porro</strong></span> <span class='ocrx_word' id='word_1_358' title='bbox 3201 1051 3381 1096; x_wconf 92' lang='lat' dir='ltr'><strong>autem</strong></span> <span class='ocrx_word' id='word_1_359' title='bbox 3453 1038 3616 1094; x_wconf 86' lang='lat' dir='ltr'><strong>multi</strong></span> 
     </span>
    </p>
   </div>
   <div class='ocr_carea' id='block_1_54' title="bbox 2044 1131 3608 1203">
    <p class='ocr_par' dir='ltr' id='par_1_54' title="bbox 2044 1131 3608 1203">
     <span class='ocr_line' id='line_1_54' title="bbox 2044 1131 3608 1203; baseline 0 -17"><span class='ocrx_word' id='word_1_360' title='bbox 2044 1145 2260 1199; x_wconf 87' lang='lat' dir='ltr'><strong>quoque</strong></span> <span class='ocrx_word' id='word_1_361' title='bbox 2289 1147 2354 1186; x_wconf 81' lang='lat' dir='ltr'><strong>ex</strong></span> <span class='ocrx_word' id='word_1_362' title='bbox 2385 1135 2586 1202; x_wconf 89' lang='lat' dir='ltr'><strong>populo</strong></span> <span class='ocrx_word' id='word_1_363' title='bbox 2634 1134 2735 1187; x_wconf 91' lang='lat' dir='ltr'><strong>viri</strong></span> <span class='ocrx_word' id='word_1_364' title='bbox 2771 1134 2846 1203; x_wconf 90' lang='lat' dir='ltr'><strong>pii</strong></span> <span class='ocrx_word' id='word_1_365' title='bbox 2905 1149 3032 1188; x_wconf 92' lang='lat' dir='ltr'><strong>eum</strong></span> <span class='ocrx_word' id='word_1_366' title='bbox 3067 1140 3198 1187; x_wconf 86' lang='lat' dir='ltr'><strong>sunt</strong></span> <span class='ocrx_word' id='word_1_367' title='bbox 3245 1133 3443 1187; x_wconf 87' lang='lat' dir='ltr'><strong>secuti.</strong></span> <span class='ocrx_word' id='word_1_368' title='bbox 3467 1131 3608 1186; x_wconf 87' lang='lat' dir='ltr'><strong>Cum</strong></span> 
     </span>
    </p>
   </div>
   <div class='ocr_carea' id='block_1_55' title="bbox 2045 1224 3609 1296">
    <p class='ocr_par' dir='ltr' id='par_1_55' title="bbox 2045 1224 3609 1296">
     <span class='ocr_line' id='line_1_55' title="bbox 2045 1224 3609 1296; baseline 0.002 -21"><span class='ocrx_word' id='word_1_369' title='bbox 2045 1233 2225 1276; x_wconf 88' lang='lat' dir='ltr'><strong>autem</strong></span> <span class='ocrx_word' id='word_1_370' title='bbox 2252 1225 2503 1293; x_wconf 84' lang='lat' dir='ltr'><strong>pervenit</strong></span> <span class='ocrx_word' id='word_1_371' title='bbox 2537 1226 2600 1279; x_wconf 88' lang='lat' dir='ltr'><strong>ad</strong></span> <span class='ocrx_word' id='word_1_372' title='bbox 2631 1226 2834 1285; x_wconf 88' lang='lat' dir='ltr'><strong>locum,</strong></span> <span class='ocrx_word' id='word_1_373' title='bbox 2868 1227 2922 1280; x_wconf 92' lang='lat' dir='ltr'><strong>in</strong></span> <span class='ocrx_word' id='word_1_374' title='bbox 2954 1240 3120 1296; x_wconf 91' lang='lat' dir='ltr'><strong>quem</strong></span> <span class='ocrx_word' id='word_1_375' title='bbox 3157 1232 3276 1280; x_wconf 87' lang='lat' dir='ltr'><strong>erat</strong></span> <span class='ocrx_word' id='word_1_376' title='bbox 3316 1224 3609 1293; x_wconf 78' lang='lat' dir='ltr'><strong>relegatus,</strong></span> 
     </span>
    </p>
   </div>
   <div class='ocr_carea' id='block_1_56' title="bbox 2045 1313 3611 1383">
    <p class='ocr_par' dir='ltr' id='par_1_56' title="bbox 2045 1313 3611 1383">
     <span class='ocr_line' id='line_1_56' title="bbox 2045 1313 3611 1383; baseline 0.001 -17"><span class='ocrx_word' id='word_1_377' title='bbox 2045 1313 2111 1367; x_wconf 92' lang='lat' dir='ltr'><strong>ad</strong></span> <span class='ocrx_word' id='word_1_378' title='bbox 2146 1330 2284 1383; x_wconf 91' lang='lat' dir='ltr'><strong>opus</strong></span> <span class='ocrx_word' id='word_1_379' title='bbox 2316 1314 2555 1371; x_wconf 85' lang='lat' dir='ltr'><strong>fodiendi</strong></span> <span class='ocrx_word' id='word_1_380' title='bbox 2581 1317 2900 1372; x_wconf 62' lang='lat' dir='ltr'><strong>etcaedendi</strong></span> <span class='ocrx_word' id='word_1_381' title='bbox 2927 1317 3235 1380; x_wconf 87' lang='lat' dir='ltr'><strong>marmoris,</strong></span> <span class='ocrx_word' id='word_1_382' title='bbox 3264 1315 3376 1370; x_wconf 90' lang='lat' dir='ltr'><strong>illic</strong></span> <span class='ocrx_word' id='word_1_383' title='bbox 3400 1314 3611 1369; x_wconf 87' lang='lat' dir='ltr'><strong>invenit</strong></span> 
     </span>
    </p>
   </div>
   <div class='ocr_carea' id='block_1_57' title="bbox 2045 1402 3613 1474">
    <p class='ocr_par' dir='ltr' id='par_1_57' title="bbox 2045 1402 3613 1474">
     <span class='ocr_line' id='line_1_57' title="bbox 2045 1402 3613 1474; baseline 0.001 -19"><span class='ocrx_word' id='word_1_384' title='bbox 2045 1402 2333 1471; x_wconf 87' lang='lat' dir='ltr'><strong>plusquam</strong></span> <span class='ocrx_word' id='word_1_385' title='bbox 2369 1404 2478 1457; x_wconf 92' lang='lat' dir='ltr'><strong>duo</strong></span> <span class='ocrx_word' id='word_1_386' title='bbox 2524 1405 2692 1460; x_wconf 88' lang='lat' dir='ltr'><strong>millia</strong></span> <span class='ocrx_word' id='word_1_387' title='bbox 2739 1405 3204 1470; x_wconf 87' lang='lat' dir='ltr'><strong>Chrislianorum,</strong></span> <span class='ocrx_word' id='word_1_388' title='bbox 3238 1405 3334 1474; x_wconf 91' lang='lat' dir='ltr'><strong>qui</strong></span> <span class='ocrx_word' id='word_1_389' title='bbox 3370 1405 3437 1459; x_wconf 91' lang='lat' dir='ltr'><strong>ad</strong></span> <span class='ocrx_word' id='word_1_390' title='bbox 3489 1404 3613 1458; x_wconf 86' lang='lat' dir='ltr'><strong>Ion-</strong></span> 
     </span>
    </p>
   </div>
   <div class='ocr_carea' id='block_1_58' title="bbox 2044 1493 3614 1566">
    <p class='ocr_par' dir='ltr' id='par_1_58' title="bbox 2044 1493 3614 1566">
     <span class='ocr_line' id='line_1_58' title="bbox 2044 1493 3614 1566; baseline 0.004 -20"><span class='ocrx_word' id='word_1_391' title='bbox 2044 1493 2328 1564; x_wconf 82' lang='lat' dir='ltr'><strong>gissimum</strong></span> <span class='ocrx_word' id='word_1_392' title='bbox 2362 1503 2579 1564; x_wconf 91' lang='lat' dir='ltr'><strong>tempus</strong></span> <span class='ocrx_word' id='word_1_393' title='bbox 2608 1507 2768 1550; x_wconf 90' lang='lat' dir='ltr'><strong>erant</strong></span> <span class='ocrx_word' id='word_1_394' title='bbox 2799 1498 3168 1553; x_wconf 88' lang='lat' dir='ltr'><strong>condemnati.</strong></span> <span class='ocrx_word' id='word_1_395' title='bbox 3225 1497 3330 1564; x_wconf 89' lang='lat' dir='ltr'><strong>Qui</strong></span> <span class='ocrx_word' id='word_1_396' title='bbox 3385 1495 3614 1566; x_wconf 17' lang='lat' dir='ltr'><strong>quidem.</strong></span> 
     </span>
    </p>
   </div>
   <div class='ocr_carea' id='block_1_59' title="bbox 2044 1586 3610 1659">
    <p class='ocr_par' dir='ltr' id='par_1_59' title="bbox 2044 1586 3610 1659">
     <span class='ocr_line' id='line_1_59' title="bbox 2044 1586 3610 1659; baseline 0.002 -20"><span class='ocrx_word' id='word_1_397' title='bbox 2044 1601 2172 1639; x_wconf 89' lang='lat' dir='ltr'><strong>cum</strong></span> <span class='ocrx_word' id='word_1_398' title='bbox 2213 1586 2478 1642; x_wconf 90' lang='lat' dir='ltr'><strong>vidissent</strong></span> <span class='ocrx_word' id='word_1_399' title='bbox 2533 1596 2782 1643; x_wconf 89' lang='lat' dir='ltr'><strong>sanctum</strong></span> <span class='ocrx_word' id='word_1_400' title='bbox 2813 1597 2868 1643; x_wconf 93' lang='lat' dir='ltr'><strong>et</strong></span> <span class='ocrx_word' id='word_1_401' title='bbox 2913 1589 3192 1659; x_wconf 85' lang='lat' dir='ltr'><strong>egregium</strong></span> <span class='ocrx_word' id='word_1_402' title='bbox 3246 1587 3610 1652; x_wconf 67' lang='lat' dir='ltr'><strong>Clementem,</strong></span> 
     </span>
    </p>
   </div>
   <div class='ocr_carea' id='block_1_60' title="bbox 2045 1678 3615 1750">
    <p class='ocr_par' dir='ltr' id='par_1_60' title="bbox 2045 1678 3615 1750">
     <span class='ocr_line' id='line_1_60' title="bbox 2045 1678 3615 1750; baseline 0.004 -22"><span class='ocrx_word' id='word_1_403' title='bbox 2045 1689 2238 1731; x_wconf 92' lang='lat' dir='ltr'><strong>omnes</strong></span> <span class='ocrx_word' id='word_1_404' title='bbox 2267 1678 2553 1733; x_wconf 88' lang='lat' dir='ltr'><strong>unanimes</strong></span> <span class='ocrx_word' id='word_1_405' title='bbox 2577 1694 2701 1734; x_wconf 91' lang='lat' dir='ltr'><strong>cum</strong></span> <span class='ocrx_word' id='word_1_406' title='bbox 2735 1679 3028 1748; x_wconf 79' lang='lat' dir='ltr'><strong>gemitibus</strong></span> <span class='ocrx_word' id='word_1_407' title='bbox 3057 1689 3112 1734; x_wconf 91' lang='lat' dir='ltr'><strong>et</strong></span> <span class='ocrx_word' id='word_1_408' title='bbox 3147 1679 3402 1750; x_wconf 73' lang='lat' dir='ltr'><strong>lacrymis</strong></span> <span class='ocrx_word' id='word_1_409' title='bbox 3457 1694 3615 1734; x_wconf 80' lang='lat' dir='ltr'><strong>acce-</strong></span> 
     </span>
    </p>
   </div>
   <div class='ocr_carea' id='block_1_61' title="bbox 2045 1767 3618 1841">
    <p class='ocr_par' dir='ltr' id='par_1_61' title="bbox 2045 1767 3618 1841">
     <span class='ocr_line' id='line_1_61' title="bbox 2045 1767 3618 1841; baseline 0.001 -20"><span class='ocrx_word' id='word_1_410' title='bbox 2045 1767 2259 1830; x_wconf 90' lang='lat' dir='ltr'><strong>dentes,</strong></span> <span class='ocrx_word' id='word_1_411' title='bbox 2288 1769 2546 1825; x_wconf 91' lang='lat' dir='ltr'><strong>dicebant</strong></span> <span class='ocrx_word' id='word_1_412' title='bbox 2574 1788 2586 1823; x_wconf 89' lang='lat'><strong>:</strong></span> <span class='ocrx_word' id='word_1_413' title='bbox 2633 1769 2736 1825; x_wconf 89' lang='lat' dir='ltr'><strong>Ora</strong></span> <span class='ocrx_word' id='word_1_414' title='bbox 2761 1787 2860 1841; x_wconf 89' lang='lat' dir='ltr'><strong>pro</strong></span> <span class='ocrx_word' id='word_1_415' title='bbox 2889 1770 3071 1835; x_wconf 85' lang='lat' dir='ltr'><strong>nobis,</strong></span> <span class='ocrx_word' id='word_1_416' title='bbox 3105 1779 3296 1826; x_wconf 87' lang='lat' dir='ltr'><strong>sancte</strong></span> <span class='ocrx_word' id='word_1_417' title='bbox 3344 1770 3618 1839; x_wconf 76' lang='lat' dir='ltr'><strong>pontifex,</strong></span> 
     </span>
    </p>
   </div>
   <div class='ocr_carea' id='block_1_62' title="bbox 2041 1859 3612 1933">
    <p class='ocr_par' dir='ltr' id='par_1_62' title="bbox 2041 1859 3612 1933">
     <span class='ocr_line' id='line_1_62' title="bbox 2041 1859 3612 1933; baseline 0.001 -21"><span class='ocrx_word' id='word_1_418' title='bbox 2041 1867 2101 1913; x_wconf 91' lang='lat' dir='ltr'><strong>nt</strong></span> <span class='ocrx_word' id='word_1_419' title='bbox 2127 1859 2427 1916; x_wconf 72' lang='lat' dir='ltr'><strong>eliiciamur</strong></span> <span class='ocrx_word' id='word_1_420' title='bbox 2460 1861 2610 1932; x_wconf 82' lang='lat' dir='ltr'><strong>digni</strong></span> <span class='ocrx_word' id='word_1_421' title='bbox 2653 1861 2856 1918; x_wconf 86' lang='lat' dir='ltr'><strong>Christi</strong></span> <span class='ocrx_word' id='word_1_422' title='bbox 2887 1862 3269 1933; x_wconf 85' lang='lat' dir='ltr'><strong>promissione.</strong></span> <span class='ocrx_word' id='word_1_423' title='bbox 3313 1861 3460 1928; x_wconf 89' lang='lat' dir='ltr'><strong>Quos</strong></span> <span class='ocrx_word' id='word_1_424' title='bbox 3487 1876 3612 1915; x_wconf 88' lang='lat' dir='ltr'><strong>cum</strong></span> 
     </span>
    </p>
   </div>
   <div class='ocr_carea' id='block_1_63' title="bbox 2039 1952 3606 2024">
    <p class='ocr_par' dir='ltr' id='par_1_63' title="bbox 2039 1952 3606 2024">
     <span class='ocr_line' id='line_1_63' title="bbox 2039 1952 3606 2024; baseline 0.003 -19"><span class='ocrx_word' id='word_1_425' title='bbox 2039 1952 2384 2020; x_wconf 80' lang='lat' dir='ltr'><strong>cognovisset</strong></span> <span class='ocrx_word' id='word_1_426' title='bbox 2444 1963 2667 2009; x_wconf 83' lang='lat' dir='ltr'><strong>sanctus</strong></span> <span class='ocrx_word' id='word_1_427' title='bbox 2715 1954 2968 2010; x_wconf 85' lang='lat' dir='ltr'><strong>Clemens</strong></span> <span class='ocrx_word' id='word_1_428' title='bbox 3044 1963 3271 2024; x_wconf 87' lang='lat' dir='ltr'><strong>propter</strong></span> <span class='ocrx_word' id='word_1_429' title='bbox 3317 1953 3606 2010; x_wconf 70' lang='lat' dir='ltr'><strong>Christum</strong></span> 
     </span>
    </p>
   </div>
   <div class='ocr_carea' id='block_1_64' title="bbox 2040 2041 3608 2112">
    <p class='ocr_par' dir='ltr' id='par_1_64' title="bbox 2040 2041 3608 2112">
     <span class='ocr_line' id='line_1_64' title="bbox 2040 2041 3608 2112; baseline 0.001 -18"><span class='ocrx_word' id='word_1_430' title='bbox 2040 2041 2208 2095; x_wconf 87' lang='lat' dir='ltr'><strong>fuisse</strong></span> <span class='ocrx_word' id='word_1_431' title='bbox 2247 2043 2540 2112; x_wconf 79' lang='lat' dir='ltr'><strong>relegatos,</strong></span> <span class='ocrx_word' id='word_1_432' title='bbox 2592 2043 2729 2099; x_wconf 83' lang='lat' dir='ltr'><strong>dixit</strong></span> <span class='ocrx_word' id='word_1_433' title='bbox 2762 2059 2777 2098; x_wconf 92' lang='lat'><strong>:</strong></span> <span class='ocrx_word' id='word_1_434' title='bbox 2828 2044 2948 2098; x_wconf 89' lang='lat' dir='ltr'><strong>Non</strong></span> <span class='ocrx_word' id='word_1_435' title='bbox 2981 2045 3049 2099; x_wconf 89' lang='lat' dir='ltr'><strong>ab</strong></span> <span class='ocrx_word' id='word_1_436' title='bbox 3082 2059 3141 2099; x_wconf 89' lang='lat' dir='ltr'><strong>re</strong></span> <span class='ocrx_word' id='word_1_437' title='bbox 3169 2060 3256 2098; x_wconf 92' lang='lat' dir='ltr'><strong>me</strong></span> <span class='ocrx_word' id='word_1_438' title='bbox 3299 2043 3407 2098; x_wconf 88' lang='lat' dir='ltr'><strong>huc</strong></span> <span class='ocrx_word' id='word_1_439' title='bbox 3456 2042 3608 2097; x_wconf 88' lang='lat' dir='ltr'><strong>misit</strong></span> 
     </span>
    </p>
   </div>
   <div class='ocr_carea' id='block_1_65' title="bbox 2039 2131 3610 2206">
    <p class='ocr_par' dir='ltr' id='par_1_65' title="bbox 2039 2131 3610 2206">
     <span class='ocr_line' id='line_1_65' title="bbox 2039 2131 3610 2206; baseline 0.002 -21"><span class='ocrx_word' id='word_1_440' title='bbox 2039 2131 2324 2200; x_wconf 88' lang='lat' dir='ltr'><strong>Dominus,</strong></span> <span class='ocrx_word' id='word_1_441' title='bbox 2361 2133 2457 2189; x_wconf 91' lang='lat' dir='ltr'><strong>sed</strong></span> <span class='ocrx_word' id='word_1_442' title='bbox 2481 2141 2560 2200; x_wconf 91' lang='lat' dir='ltr'><strong>ut,</strong></span> <span class='ocrx_word' id='word_1_443' title='bbox 2597 2149 2723 2189; x_wconf 92' lang='lat' dir='ltr'><strong>cum</strong></span> <span class='ocrx_word' id='word_1_444' title='bbox 2751 2133 2977 2190; x_wconf 89' lang='lat' dir='ltr'><strong>fuissem</strong></span> <span class='ocrx_word' id='word_1_445' title='bbox 3001 2135 3278 2206; x_wconf 83' lang='lat' dir='ltr'><strong>particeps</strong></span> <span class='ocrx_word' id='word_1_446' title='bbox 3301 2145 3610 2191; x_wconf 85' lang='lat' dir='ltr'><strong>vestrarum</strong></span> 
     </span>
    </p>
   </div>
   <div class='ocr_carea' id='block_1_66' title="bbox 2036 2225 3598 2300">
    <p class='ocr_par' dir='ltr' id='par_1_66' title="bbox 2036 2225 3598 2300">
     <span class='ocr_line' id='line_1_66' title="bbox 2036 2225 3598 2300; baseline 0.002 -20"><span class='ocrx_word' id='word_1_447' title='bbox 2036 2225 2474 2296; x_wconf 84' lang='lat' dir='ltr'><strong>perpessionum,</strong></span> <span class='ocrx_word' id='word_1_448' title='bbox 2506 2229 2809 2298; x_wconf 85' lang='lat' dir='ltr'><strong>praeberem</strong></span> <span class='ocrx_word' id='word_1_449' title='bbox 2836 2229 3002 2285; x_wconf 88' lang='lat' dir='ltr'><strong>etiam</strong></span> <span class='ocrx_word' id='word_1_450' title='bbox 3050 2229 3366 2300; x_wconf 82' lang='lat' dir='ltr'><strong>exemplum</strong></span> <span class='ocrx_word' id='word_1_451' title='bbox 3398 2243 3598 2284; x_wconf 84' lang='lat' dir='ltr'><strong>conso-</strong></span> 
     </span>
    </p>
   </div>
   <div class='ocr_carea' id='block_1_67' title="bbox 2036 2319 2690 2377">
    <p class='ocr_par' dir='ltr' id='par_1_67' title="bbox 2036 2319 2690 2377">
     <span class='ocr_line' id='line_1_67' title="bbox 2036 2319 2690 2377; baseline 0.005 -4"><span class='ocrx_word' id='word_1_452' title='bbox 2036 2319 2261 2374; x_wconf 89' lang='lat' dir='ltr'><strong>lationis</strong></span> <span class='ocrx_word' id='word_1_453' title='bbox 2285 2327 2340 2375; x_wconf 89' lang='lat' dir='ltr'><strong>ct</strong></span> <span class='ocrx_word' id='word_1_454' title='bbox 2369 2321 2690 2377; x_wconf 85' lang='lat' dir='ltr'><strong>tolerantiae.</strong></span> 
     </span>
    </p>
   </div>
   <div class='ocr_carea' id='block_1_68' title="bbox 2107 2410 3609 2482">
    <p class='ocr_par' dir='ltr' id='par_1_68' title="bbox 2107 2410 3609 2482">
     <span class='ocr_line' id='line_1_68' title="bbox 2107 2410 3609 2482; baseline 0.001 -18"><span class='ocrx_word' id='word_1_455' title='bbox 2107 2411 2195 2464; x_wconf 86' lang='lat' dir='ltr'><strong>IV.</strong></span> <span class='ocrx_word' id='word_1_456' title='bbox 2228 2410 2310 2465; x_wconf 85' lang='lat' dir='ltr'><strong>Ab</strong></span> <span class='ocrx_word' id='word_1_457' title='bbox 2335 2411 2416 2466; x_wconf 90' lang='lat' dir='ltr'><strong>eis</strong></span> <span class='ocrx_word' id='word_1_458' title='bbox 2440 2421 2623 2467; x_wconf 89' lang='lat' dir='ltr'><strong>autem</strong></span> <span class='ocrx_word' id='word_1_459' title='bbox 2650 2420 2884 2482; x_wconf 80' lang='lat' dir='ltr'><strong>accepit,</strong></span> <span class='ocrx_word' id='word_1_460' title='bbox 2916 2412 3061 2482; x_wconf 92' lang='lat' dir='ltr'><strong>quod</strong></span> <span class='ocrx_word' id='word_1_461' title='bbox 3087 2427 3114 2465; x_wconf 93' lang='lat' dir='ltr'><strong>a</strong></span> <span class='ocrx_word' id='word_1_462' title='bbox 3151 2426 3247 2466; x_wconf 88' lang='lat' dir='ltr'><strong>sex</strong></span> <span class='ocrx_word' id='word_1_463' title='bbox 3282 2410 3609 2465; x_wconf 85' lang='lat' dir='ltr'><strong>milliaribus</strong></span> 
     </span>
    </p>
   </div>
   <div class='ocr_carea' id='block_1_69' title="bbox 2036 2501 3597 2573">
    <p class='ocr_par' dir='ltr' id='par_1_69' title="bbox 2036 2501 3597 2573">
     <span class='ocr_line' id='line_1_69' title="bbox 2036 2501 3597 2573; baseline -0.001 -17"><span class='ocrx_word' id='word_1_464' title='bbox 2036 2502 2330 2571; x_wconf 87' lang='lat' dir='ltr'><strong>portabant</strong></span> <span class='ocrx_word' id='word_1_465' title='bbox 2392 2518 2588 2573; x_wconf 89' lang='lat' dir='ltr'><strong>aquam</strong></span> <span class='ocrx_word' id='word_1_466' title='bbox 2646 2503 2762 2559; x_wconf 90' lang='lat' dir='ltr'><strong>suis</strong></span> <span class='ocrx_word' id='word_1_467' title='bbox 2811 2504 3076 2558; x_wconf 87' lang='lat' dir='ltr'><strong>humeris.</strong></span> <span class='ocrx_word' id='word_1_468' title='bbox 3148 2503 3342 2558; x_wconf 90' lang='lat' dir='ltr'><strong>Statim</strong></span> <span class='ocrx_word' id='word_1_469' title='bbox 3410 2501 3597 2571; x_wconf 82' lang='lat' dir='ltr'><strong>itaque</strong></span> 
     </span>
    </p>
   </div>
   <div class='ocr_carea' id='block_1_70' title="bbox 2035 2591 3612 2664">
    <p class='ocr_par' dir='ltr' id='par_1_70' title="bbox 2035 2591 3612 2664">
     <span class='ocr_line' id='line_1_70' title="bbox 2035 2591 3612 2664; baseline 0.002 -17"><span class='ocrx_word' id='word_1_470' title='bbox 2035 2591 2288 2648; x_wconf 89' lang='lat' dir='ltr'><strong>Clemens</strong></span> <span class='ocrx_word' id='word_1_471' title='bbox 2315 2595 2526 2664; x_wconf 76' lang='lat' dir='ltr'><strong>rogavit</strong></span> <span class='ocrx_word' id='word_1_472' title='bbox 2549 2609 2665 2656; x_wconf 87' lang='lat' dir='ltr'><strong>eos,</strong></span> <span class='ocrx_word' id='word_1_473' title='bbox 2695 2594 2884 2650; x_wconf 89' lang='lat' dir='ltr'><strong>dicens</strong></span> <span class='ocrx_word' id='word_1_474' title='bbox 2914 2611 2929 2649; x_wconf 91' lang='lat'>:</span> <span class='ocrx_word' id='word_1_475' title='bbox 2965 2595 3264 2649; x_wconf 85' lang='lat' dir='ltr'><strong>Precemur</strong></span> <span class='ocrx_word' id='word_1_476' title='bbox 3318 2595 3612 2650; x_wconf 88' lang='lat' dir='ltr'><strong>Dominum</strong></span> 
     </span>
    </p>
   </div>
   <div class='ocr_carea' id='block_1_71' title="bbox 2036 2681 3607 2742">
    <p class='ocr_par' dir='ltr' id='par_1_71' title="bbox 2036 2681 3607 2742">
     <span class='ocr_line' id='line_1_71' title="bbox 2036 2681 3607 2742; baseline 0.004 -7"><span class='ocrx_word' id='word_1_477' title='bbox 2036 2690 2286 2736; x_wconf 90' lang='lat' dir='ltr'><strong>nostrum</strong></span> <span class='ocrx_word' id='word_1_478' title='bbox 2313 2681 2498 2737; x_wconf 76' lang='lat' dir='ltr'><strong>Iesum</strong></span> <span class='ocrx_word' id='word_1_479' title='bbox 2537 2683 2820 2739; x_wconf 89' lang='lat' dir='ltr'><strong>Christum</strong></span> <span class='ocrx_word' id='word_1_480' title='bbox 2879 2693 2940 2739; x_wconf 93' lang='lat' dir='ltr'><strong>ut</strong></span> <span class='ocrx_word' id='word_1_481' title='bbox 2989 2685 3114 2740; x_wconf 85' lang='lat' dir='ltr'><strong>fidei</strong></span> <span class='ocrx_word' id='word_1_482' title='bbox 3170 2700 3285 2741; x_wconf 73' lang='lat' dir='ltr'><strong>sua:</strong></span> <span class='ocrx_word' id='word_1_483' title='bbox 3321 2687 3607 2742; x_wconf 84' lang='lat' dir='ltr'><strong>confesso-</strong></span> 
     </span>
    </p>
   </div>
   <div class='ocr_carea' id='block_1_72' title="bbox 2036 2772 3609 2848">
    <p class='ocr_par' dir='ltr' id='par_1_72' title="bbox 2036 2772 3609 2848">
     <span class='ocr_line' id='line_1_72' title="bbox 2036 2772 3609 2848; baseline 0.004 -21"><span class='ocrx_word' id='word_1_484' title='bbox 2036 2772 2188 2828; x_wconf 91' lang='lat' dir='ltr'><strong>ribus</strong></span> <span class='ocrx_word' id='word_1_485' title='bbox 2242 2789 2400 2843; x_wconf 68' lang='lat' dir='ltr'><strong>aqua:</strong></span> <span class='ocrx_word' id='word_1_486' title='bbox 2445 2773 2654 2829; x_wconf 91' lang='lat' dir='ltr'><strong>fontem</strong></span> <span class='ocrx_word' id='word_1_487' title='bbox 2697 2776 2944 2843; x_wconf 89' lang='lat' dir='ltr'><strong>aperiat;</strong></span> <span class='ocrx_word' id='word_1_488' title='bbox 2976 2785 3030 2831; x_wconf 91' lang='lat' dir='ltr'><strong>et</strong></span> <span class='ocrx_word' id='word_1_489' title='bbox 3057 2777 3150 2846; x_wconf 89' lang='lat' dir='ltr'><strong>qui</strong></span> <span class='ocrx_word' id='word_1_490' title='bbox 3187 2779 3460 2847; x_wconf 90' lang='lat' dir='ltr'><strong>percussit</strong></span> <span class='ocrx_word' id='word_1_491' title='bbox 3506 2794 3609 2848; x_wconf 80' lang='lat' dir='ltr'><strong>pe-</strong></span> 
     </span>
    </p>
   </div>
   <div class='ocr_carea' id='block_1_73' title="bbox 2040 2863 3610 2930">
    <p class='ocr_par' dir='ltr' id='par_1_73' title="bbox 2040 2863 3610 2930">
     <span class='ocr_line' id='line_1_73' title="bbox 2040 2863 3610 2930; baseline 0.003 -12"><span class='ocrx_word' id='word_1_492' title='bbox 2040 2875 2175 2918; x_wconf 87' lang='lat' dir='ltr'><strong>tram</strong></span> <span class='ocrx_word' id='word_1_493' title='bbox 2208 2864 2260 2918; x_wconf 92' lang='lat' dir='ltr'><strong>in</strong></span> <span class='ocrx_word' id='word_1_494' title='bbox 2293 2874 2436 2919; x_wconf 89' lang='lat' dir='ltr'><strong>terra</strong></span> <span class='ocrx_word' id='word_1_495' title='bbox 2472 2863 2708 2920; x_wconf 76' lang='lat' dir='ltr'><strong>deserta</strong></span> <span class='ocrx_word' id='word_1_496' title='bbox 2749 2865 2900 2930; x_wconf 90' lang='lat' dir='ltr'><strong>Sina,</strong></span> <span class='ocrx_word' id='word_1_497' title='bbox 2941 2874 3000 2920; x_wconf 89' lang='lat' dir='ltr'><strong>et</strong></span> <span class='ocrx_word' id='word_1_498' title='bbox 3045 2865 3268 2921; x_wconf 88' lang='lat' dir='ltr'><strong>abunde</strong></span> <span class='ocrx_word' id='word_1_499' title='bbox 3331 2867 3610 2922; x_wconf 86' lang='lat' dir='ltr'><strong>ﬂuxerunt</strong></span> 
     </span>
    </p>
   </div>
   <div class='ocr_carea' id='block_1_74' title="bbox 2036 2954 3602 3025">
    <p class='ocr_par' dir='ltr' id='par_1_74' title="bbox 2036 2954 3602 3025">
     <span class='ocr_line' id='line_1_74' title="bbox 2036 2954 3602 3025; baseline 0.003 -16"><span class='ocrx_word' id='word_1_500' title='bbox 2036 2969 2211 3024; x_wconf 67' lang='lat' dir='ltr'><strong>aquae,</strong></span> <span class='ocrx_word' id='word_1_501' title='bbox 2247 2954 2364 3025; x_wconf 89' lang='lat' dir='ltr'><strong>ipse</strong></span> <span class='ocrx_word' id='word_1_502' title='bbox 2390 2954 2672 3024; x_wconf 91' lang='lat' dir='ltr'><strong>copiosum</strong></span> <span class='ocrx_word' id='word_1_503' title='bbox 2707 2955 2868 3012; x_wconf 90' lang='lat' dir='ltr'><strong>nobis</strong></span> <span class='ocrx_word' id='word_1_504' title='bbox 2906 2955 3146 3025; x_wconf 84' lang='lat' dir='ltr'><strong>praebeat</strong></span> <span class='ocrx_word' id='word_1_505' title='bbox 3195 2957 3488 3018; x_wconf 84' lang='lat' dir='ltr'><strong>ﬂuentum,</strong></span> <span class='ocrx_word' id='word_1_506' title='bbox 3541 2970 3602 3013; x_wconf 92' lang='lat' dir='ltr'><strong>ut</strong></span> 
     </span>
    </p>
   </div>
   <div class='ocr_carea' id='block_1_75' title="bbox 2038 3042 3603 3119">
    <p class='ocr_par' dir='ltr' id='par_1_75' title="bbox 2038 3042 3603 3119">
     <span class='ocr_line' id='line_1_75' title="bbox 2038 3042 3603 3119; baseline 0.004 -22"><span class='ocrx_word' id='word_1_507' title='bbox 2038 3042 2287 3098; x_wconf 67' lang='lat' dir='ltr'><strong>laetemur</strong></span> <span class='ocrx_word' id='word_1_508' title='bbox 2315 3043 2435 3114; x_wconf 87' lang='lat' dir='ltr'><strong>ejus</strong></span> <span class='ocrx_word' id='word_1_509' title='bbox 2464 3043 2932 3114; x_wconf 89' lang='lat' dir='ltr'><strong>suppeditatione.</strong></span> <span class='ocrx_word' id='word_1_510' title='bbox 2975 3045 3201 3116; x_wconf 88' lang='lat' dir='ltr'><strong>lmpleta</strong></span> <span class='ocrx_word' id='word_1_511' title='bbox 3251 3055 3434 3102; x_wconf 89' lang='lat' dir='ltr'><strong>autem</strong></span> <span class='ocrx_word' id='word_1_512' title='bbox 3471 3065 3603 3119; x_wconf 57' lang='lat' dir='ltr'><strong>pre-</strong></span> 
     </span>
    </p>
   </div>
   <div class='ocr_carea' id='block_1_76' title="bbox 2038 3135 3604 3207">
    <p class='ocr_par' dir='ltr' id='par_1_76' title="bbox 2038 3135 3604 3207">
     <span class='ocr_line' id='line_1_76' title="bbox 2038 3135 3604 3207; baseline 0.004 -17"><span class='ocrx_word' id='word_1_513' title='bbox 2038 3136 2275 3199; x_wconf 89' lang='lat' dir='ltr'><strong>catione,</strong></span> <span class='ocrx_word' id='word_1_514' title='bbox 2325 3135 2382 3190; x_wconf 89' lang='lat' dir='ltr'><strong>in</strong></span> <span class='ocrx_word' id='word_1_515' title='bbox 2441 3151 2508 3191; x_wconf 92' lang='lat' dir='ltr'><strong>eo</strong></span> <span class='ocrx_word' id='word_1_516' title='bbox 2553 3136 2678 3191; x_wconf 93' lang='lat' dir='ltr'><strong>loco</strong></span> <span class='ocrx_word' id='word_1_517' title='bbox 2730 3137 2800 3191; x_wconf 89' lang='lat' dir='ltr'><strong>ad</strong></span> <span class='ocrx_word' id='word_1_518' title='bbox 2865 3152 3028 3207; x_wconf 88' lang='lat' dir='ltr'><strong>quem</strong></span> <span class='ocrx_word' id='word_1_519' title='bbox 3081 3149 3390 3207; x_wconf 84' lang='lat' dir='ltr'><strong>aspexerat,</strong></span> <span class='ocrx_word' id='word_1_520' title='bbox 3461 3141 3604 3196; x_wconf 87' lang='lat' dir='ltr'><strong>vidit</strong></span> 
     </span>
    </p>
   </div>
   <div class='ocr_carea' id='block_1_77' title="bbox 2041 3229 3608 3301">
    <p class='ocr_par' dir='ltr' id='par_1_77' title="bbox 2041 3229 3608 3301">
     <span class='ocr_line' id='line_1_77' title="bbox 2041 3229 3608 3301; baseline 0.001 -16"><span class='ocrx_word' id='word_1_521' title='bbox 2041 3246 2239 3301; x_wconf 88' lang='lat' dir='ltr'><strong>agnum</strong></span> <span class='ocrx_word' id='word_1_522' title='bbox 2300 3237 2562 3290; x_wconf 88' lang='lat' dir='ltr'><strong>stantem.</strong></span> <span class='ocrx_word' id='word_1_523' title='bbox 2625 3229 2720 3299; x_wconf 90' lang='lat' dir='ltr'><strong>qui</strong></span> <span class='ocrx_word' id='word_1_524' title='bbox 2774 3229 3061 3285; x_wconf 88' lang='lat' dir='ltr'><strong>dexterum</strong></span> <span class='ocrx_word' id='word_1_525' title='bbox 3114 3231 3307 3300; x_wconf 91' lang='lat' dir='ltr'><strong>pedem</strong></span> <span class='ocrx_word' id='word_1_526' title='bbox 3381 3232 3608 3301; x_wconf 78' lang='lat' dir='ltr'><strong>levavit,</strong></span> 
     </span>
    </p>
   </div>
   <div class='ocr_carea' id='block_1_78' title="bbox 2039 3315 3608 3384">
    <p class='ocr_par' dir='ltr' id='par_1_78' title="bbox 2039 3315 3608 3384">
     <span class='ocr_line' id='line_1_78' title="bbox 2039 3315 3608 3384; baseline 0.001 -12"><span class='ocrx_word' id='word_1_527' title='bbox 2039 3319 2210 3384; x_wconf 84' lang='lat' dir='ltr'><strong>veluti</strong></span> <span class='ocrx_word' id='word_1_528' title='bbox 2245 3327 2437 3373; x_wconf 88' lang='lat' dir='ltr'><strong>sancto</strong></span> <span class='ocrx_word' id='word_1_529' title='bbox 2475 3315 2744 3374; x_wconf 90' lang='lat' dir='ltr'><strong>Clementi</strong></span> <span class='ocrx_word' id='word_1_530' title='bbox 2784 3318 2966 3374; x_wconf 93' lang='lat' dir='ltr'><strong>locum</strong></span> <span class='ocrx_word' id='word_1_531' title='bbox 3001 3318 3267 3374; x_wconf 90' lang='lat' dir='ltr'><strong>indicans.</strong></span> <span class='ocrx_word' id='word_1_532' title='bbox 3309 3319 3447 3374; x_wconf 91' lang='lat' dir='ltr'><strong>Tum</strong></span> <span class='ocrx_word' id='word_1_533' title='bbox 3479 3336 3608 3376; x_wconf 84' lang='lat' dir='ltr'><strong>san-</strong></span> 
     </span>
    </p>
   </div>
   <div class='ocr_carea' id='block_1_79' title="bbox 2038 3409 3621 3480">
    <p class='ocr_par' dir='ltr' id='par_1_79' title="bbox 2038 3409 3621 3480">
     <span class='ocr_line' id='line_1_79' title="bbox 2038 3409 3621 3480; baseline 0.001 -16"><span class='ocrx_word' id='word_1_534' title='bbox 2038 3420 2160 3466; x_wconf 90' lang='lat' dir='ltr'><strong>ctus</strong></span> <span class='ocrx_word' id='word_1_535' title='bbox 2187 3409 2446 3464; x_wconf 89' lang='lat' dir='ltr'><strong>Clemens</strong></span> <span class='ocrx_word' id='word_1_536' title='bbox 2493 3411 2742 3479; x_wconf 83' lang='lat' dir='ltr'><strong>cogitans</strong></span> <span class='ocrx_word' id='word_1_537' title='bbox 2773 3425 2894 3465; x_wconf 89' lang='lat' dir='ltr'><strong>esse</strong></span> <span class='ocrx_word' id='word_1_538' title='bbox 2942 3409 3258 3476; x_wconf 89' lang='lat' dir='ltr'><strong>Dominum,</strong></span> <span class='ocrx_word' id='word_1_539' title='bbox 3301 3425 3467 3479; x_wconf 74' lang='lat' dir='ltr'><strong>quem</strong></span> <span class='ocrx_word' id='word_1_540' title='bbox 3495 3410 3621 3480; x_wconf 85' lang='lat' dir='ltr'><strong>ipse-</strong></span> 
     </span>
    </p>
   </div>
   <div class='ocr_carea' id='block_1_80' title="bbox 2037 3499 3612 3569">
    <p class='ocr_par' dir='ltr' id='par_1_80' title="bbox 2037 3499 3612 3569">
     <span class='ocr_line' id='line_1_80' title="bbox 2037 3499 3612 3569; baseline 0.001 -15"><span class='ocrx_word' id='word_1_541' title='bbox 2037 3500 2188 3555; x_wconf 91' lang='lat' dir='ltr'><strong>solus</strong></span> <span class='ocrx_word' id='word_1_542' title='bbox 2221 3500 2450 3569; x_wconf 84' lang='lat' dir='ltr'><strong>aspexit.</strong></span> <span class='ocrx_word' id='word_1_543' title='bbox 2481 3510 2538 3554; x_wconf 92' lang='lat' dir='ltr'><strong>et</strong></span> <span class='ocrx_word' id='word_1_544' title='bbox 2569 3499 2752 3554; x_wconf 91' lang='lat' dir='ltr'><strong>nullus</strong></span> <span class='ocrx_word' id='word_1_545' title='bbox 2790 3501 2956 3566; x_wconf 92' lang='lat' dir='ltr'><strong>alius,</strong></span> <span class='ocrx_word' id='word_1_546' title='bbox 2990 3501 3271 3569; x_wconf 87' lang='lat' dir='ltr'><strong>profectus</strong></span> <span class='ocrx_word' id='word_1_547' title='bbox 3311 3509 3394 3555; x_wconf 91' lang='lat' dir='ltr'><strong>est</strong></span> <span class='ocrx_word' id='word_1_548' title='bbox 3427 3501 3494 3556; x_wconf 91' lang='lat' dir='ltr'><strong>ad</strong></span> <span class='ocrx_word' id='word_1_549' title='bbox 3531 3501 3612 3555; x_wconf 76' lang='grc' dir='ltr'><strong>ἰοσ-</strong></span> 
     </span>
    </p>
   </div>
   <div class='ocr_carea' id='block_1_81' title="bbox 2037 3591 3612 3662">
    <p class='ocr_par' dir='ltr' id='par_1_81' title="bbox 2037 3591 3612 3662">
     <span class='ocr_line' id='line_1_81' title="bbox 2037 3591 3612 3662; baseline 0 -16"><span class='ocrx_word' id='word_1_550' title='bbox 2037 3607 2184 3658; x_wconf 91' lang='lat' dir='ltr'><strong>cum,</strong></span> <span class='ocrx_word' id='word_1_551' title='bbox 2234 3601 2290 3646; x_wconf 91' lang='lat' dir='ltr'><strong>et</strong></span> <span class='ocrx_word' id='word_1_552' title='bbox 2319 3591 2498 3646; x_wconf 85' lang='lat' dir='ltr'><strong>dixit:</strong></span> <span class='ocrx_word' id='word_1_553' title='bbox 2540 3592 2600 3645; x_wconf 86' lang='lat' dir='ltr'><strong>In</strong></span> <span class='ocrx_word' id='word_1_554' title='bbox 2641 3591 2865 3646; x_wconf 91' lang='lat' dir='ltr'><strong>nomine</strong></span> <span class='ocrx_word' id='word_1_555' title='bbox 2913 3591 3092 3646; x_wconf 85' lang='lat' dir='ltr'><strong>Patris</strong></span> <span class='ocrx_word' id='word_1_556' title='bbox 3117 3601 3174 3646; x_wconf 94' lang='lat' dir='ltr'><strong>et</strong></span> <span class='ocrx_word' id='word_1_557' title='bbox 3221 3592 3342 3646; x_wconf 84' lang='lat' dir='ltr'><strong>Filii</strong></span> <span class='ocrx_word' id='word_1_558' title='bbox 3377 3599 3434 3647; x_wconf 93' lang='lat' dir='ltr'><strong>et</strong></span> <span class='ocrx_word' id='word_1_559' title='bbox 3485 3591 3612 3662; x_wconf 84' lang='lat' dir='ltr'><strong>Spi-</strong></span> 
     </span>
    </p>
   </div>
   <div class='ocr_carea' id='block_1_82' title="bbox 2035 3681 3608 3752">
    <p class='ocr_par' dir='ltr' id='par_1_82' title="bbox 2035 3681 3608 3752">
     <span class='ocr_line' id='line_1_82' title="bbox 2035 3681 3608 3752; baseline 0.001 -15"><span class='ocrx_word' id='word_1_560' title='bbox 2035 3683 2178 3740; x_wconf 87' lang='lat' dir='ltr'><strong>ritus</strong></span> <span class='ocrx_word' id='word_1_561' title='bbox 2229 3683 2404 3743; x_wconf 85' lang='lat' dir='ltr'><strong>sancti</strong></span> <span class='ocrx_word' id='word_1_562' title='bbox 2448 3683 2659 3752; x_wconf 89' lang='lat' dir='ltr'><strong>pulsate</strong></span> <span class='ocrx_word' id='word_1_563' title='bbox 2705 3681 2761 3736; x_wconf 93' lang='lat' dir='ltr'><strong>in</strong></span> <span class='ocrx_word' id='word_1_564' title='bbox 2810 3682 2916 3736; x_wconf 91' lang='lat' dir='ltr'><strong>hoc</strong></span> <span class='ocrx_word' id='word_1_565' title='bbox 2956 3683 3102 3748; x_wconf 87' lang='lat' dir='ltr'><strong>loco;</strong></span> <span class='ocrx_word' id='word_1_566' title='bbox 3131 3691 3188 3738; x_wconf 92' lang='lat' dir='ltr'><strong>et</strong></span> <span class='ocrx_word' id='word_1_567' title='bbox 3235 3699 3362 3738; x_wconf 92' lang='lat' dir='ltr'><strong>cum</strong></span> <span class='ocrx_word' id='word_1_568' title='bbox 3415 3698 3608 3740; x_wconf 89' lang='lat' dir='ltr'><strong>omnes</strong></span> 
     </span>
    </p>
   </div>
   <div class='ocr_carea' id='block_1_83' title="bbox 2035 3773 3606 3845">
    <p class='ocr_par' dir='ltr' id='par_1_83' title="bbox 2035 3773 3606 3845">
     <span class='ocr_line' id='line_1_83' title="bbox 2035 3773 3606 3845; baseline 0.001 -15"><span class='ocrx_word' id='word_1_569' title='bbox 2035 3775 2394 3831; x_wconf 90' lang='lat' dir='ltr'><strong>circumcirca</strong></span> <span class='ocrx_word' id='word_1_570' title='bbox 2446 3773 2715 3829; x_wconf 88' lang='lat' dir='ltr'><strong>fodissent</strong></span> <span class='ocrx_word' id='word_1_571' title='bbox 2751 3773 3137 3844; x_wconf 85' lang='lat' dir='ltr'><strong>ligonibus,-et</strong></span> <span class='ocrx_word' id='word_1_572' title='bbox 3167 3789 3277 3828; x_wconf 89' lang='lat' dir='ltr'><strong>non</strong></span> <span class='ocrx_word' id='word_1_573' title='bbox 3310 3775 3488 3845; x_wconf 76' lang='lat' dir='ltr'><strong>ipSum</strong></span> <span class='ocrx_word' id='word_1_574' title='bbox 3520 3776 3606 3832; x_wconf 86' lang='lat' dir='ltr'><strong>lo-</strong></span> 
     </span>
    </p>
   </div>
   <div class='ocr_carea' id='block_1_84' title="bbox 2033 3866 3603 3938">
    <p class='ocr_par' dir='ltr' id='par_1_84' title="bbox 2033 3866 3603 3938">
     <span class='ocr_line' id='line_1_84' title="bbox 2033 3866 3603 3938; baseline -0.001 -15"><span class='ocrx_word' id='word_1_575' title='bbox 2033 3883 2181 3931; x_wconf 90' lang='lat' dir='ltr'><strong>cum,</strong></span> <span class='ocrx_word' id='word_1_576' title='bbox 2220 3868 2275 3922; x_wconf 92' lang='lat' dir='ltr'><strong>in</strong></span> <span class='ocrx_word' id='word_1_577' title='bbox 2305 3882 2415 3938; x_wconf 90' lang='lat' dir='ltr'><strong>quo</strong></span> <span class='ocrx_word' id='word_1_578' title='bbox 2448 3867 2603 3924; x_wconf 86' lang='lat' dir='ltr'><strong>stetit</strong></span> <span class='ocrx_word' id='word_1_579' title='bbox 2629 3881 2823 3936; x_wconf 87' lang='lat' dir='ltr'><strong>agnus,</strong></span> <span class='ocrx_word' id='word_1_580' title='bbox 2891 3881 3060 3936; x_wconf 86' lang='lat' dir='ltr'><strong>parvo</strong></span> <span class='ocrx_word' id='word_1_581' title='bbox 3111 3866 3294 3937; x_wconf 88' lang='lat' dir='ltr'><strong>ligone</strong></span> <span class='ocrx_word' id='word_1_582' title='bbox 3351 3875 3603 3937; x_wconf 84' lang='lat' dir='ltr'><strong>accepto,</strong></span> 
     </span>
    </p>
   </div>
   <div class='ocr_carea' id='block_1_85' title="bbox 2033 3956 3606 4028">
    <p class='ocr_par' dir='ltr' id='par_1_85' title="bbox 2033 3956 3606 4028">
     <span class='ocr_line' id='line_1_85' title="bbox 2033 3956 3606 4028; baseline 0.001 -15"><span class='ocrx_word' id='word_1_583' title='bbox 2033 3973 2204 4028; x_wconf 89' lang='lat' dir='ltr'><strong>parvo</strong></span> <span class='ocrx_word' id='word_1_584' title='bbox 2239 3959 2350 4013; x_wconf 90' lang='lat' dir='ltr'><strong>ictu</strong></span> <span class='ocrx_word' id='word_1_585' title='bbox 2384 3967 2611 4013; x_wconf 86' lang='lat' dir='ltr'><strong>sanctus</strong></span> <span class='ocrx_word' id='word_1_586' title='bbox 2658 3956 2900 4027; x_wconf 89' lang='lat' dir='ltr'><strong>pulsavit</strong></span> <span class='ocrx_word' id='word_1_587' title='bbox 2948 3957 3156 4023; x_wconf 92' lang='lat' dir='ltr'><strong>locum,</strong></span> <span class='ocrx_word' id='word_1_588' title='bbox 3197 3957 3292 4026; x_wconf 91' lang='lat' dir='ltr'><strong>qui</strong></span> <span class='ocrx_word' id='word_1_589' title='bbox 3331 3967 3454 4012; x_wconf 88' lang='lat' dir='ltr'><strong>erat</strong></span> <span class='ocrx_word' id='word_1_590' title='bbox 3501 3959 3606 4014; x_wconf 75' lang='lat' dir='ltr'><strong>sub</strong></span> 
     </span>
    </p>
   </div>
   <div class='ocr_carea' id='block_1_86' title="bbox 2031 4045 3607 4121">
    <p class='ocr_par' dir='ltr' id='par_1_86' title="bbox 2031 4045 3607 4121">
     <span class='ocr_line' id='line_1_86' title="bbox 2031 4045 3607 4121; baseline -0.002 -17"><span class='ocrx_word' id='word_1_591' title='bbox 2031 4051 2172 4120; x_wconf 89' lang='lat' dir='ltr'><strong>pede</strong></span> <span class='ocrx_word' id='word_1_592' title='bbox 2207 4049 2353 4121; x_wconf 91' lang='lat' dir='ltr'><strong>agni,</strong></span> <span class='ocrx_word' id='word_1_593' title='bbox 2377 4049 2521 4103; x_wconf 91' lang='lat' dir='ltr'><strong>unde</strong></span> <span class='ocrx_word' id='word_1_594' title='bbox 2545 4058 2771 4118; x_wconf 90' lang='lat' dir='ltr'><strong>repente</strong></span> <span class='ocrx_word' id='word_1_595' title='bbox 2798 4047 3028 4102; x_wconf 86' lang='lat' dir='ltr'><strong>emersit</strong></span> <span class='ocrx_word' id='word_1_596' title='bbox 3049 4047 3170 4101; x_wconf 88' lang='lat' dir='ltr'><strong>fons</strong></span> <span class='ocrx_word' id='word_1_597' title='bbox 3197 4045 3607 4115; x_wconf 86' lang='lat' dir='ltr'><strong>pulcherrimus</strong></span> 
     </span>
    </p>
   </div>
   <div class='ocr_carea' id='block_1_87' title="bbox 2031 4136 3606 4209">
    <p class='ocr_par' dir='ltr' id='par_1_87' title="bbox 2031 4136 3606 4209">
     <span class='ocr_line' id='line_1_87' title="bbox 2031 4136 3606 4209; baseline -0.001 -15"><span class='ocrx_word' id='word_1_598' title='bbox 2031 4141 2191 4209; x_wconf 91' lang='lat' dir='ltr'><strong>aquis</strong></span> <span class='ocrx_word' id='word_1_599' title='bbox 2247 4139 2700 4198; x_wconf 90' lang='lat' dir='ltr'><strong>scaturientibus.</strong></span> <span class='ocrx_word' id='word_1_600' title='bbox 2737 4136 2831 4206; x_wconf 94' lang='lat' dir='ltr'><strong>qui</strong></span> <span class='ocrx_word' id='word_1_601' title='bbox 2884 4151 3084 4206; x_wconf 88' lang='lat' dir='ltr'><strong>magno</strong></span> <span class='ocrx_word' id='word_1_602' title='bbox 3136 4136 3346 4206; x_wconf 90' lang='lat' dir='ltr'><strong>impetu</strong></span> <span class='ocrx_word' id='word_1_603' title='bbox 3395 4137 3606 4195; x_wconf 86' lang='lat' dir='ltr'><strong>effusus</strong></span> 
     </span>
    </p>
   </div>
   <div class='ocr_carea' id='block_1_88' title="bbox 2031 4227 3606 4292">
    <p class='ocr_par' dir='ltr' id='par_1_88' title="bbox 2031 4227 3606 4292">
     <span class='ocr_line' id='line_1_88' title="bbox 2031 4227 3606 4292; baseline -0.003 -4"><span class='ocrx_word' id='word_1_604' title='bbox 2031 4233 2160 4288; x_wconf 90' lang='lat' dir='ltr'><strong>fecit</strong></span> <span class='ocrx_word' id='word_1_605' title='bbox 2191 4231 2438 4286; x_wconf 83' lang='lat' dir='ltr'><strong>ﬂuvium.</strong></span> <span class='ocrx_word' id='word_1_606' title='bbox 2474 4230 2630 4284; x_wconf 91' lang='lat' dir='ltr'><strong>Tunc</strong></span> <span class='ocrx_word' id='word_1_607' title='bbox 2681 4238 2907 4284; x_wconf 90' lang='lat' dir='ltr'><strong>sanctus</strong></span> <span class='ocrx_word' id='word_1_608' title='bbox 2956 4227 3212 4289; x_wconf 87' lang='lat' dir='ltr'><strong>Clemens</strong></span> <span class='ocrx_word' id='word_1_609' title='bbox 3247 4228 3386 4285; x_wconf 82' lang='lat' dir='ltr'><strong>dixit</strong></span> <span class='ocrx_word' id='word_1_610' title='bbox 3422 4230 3606 4292; x_wconf 84' lang='lat' dir='ltr'><strong>omni-</strong></span> 
     </span>
    </p>
   </div>
   <div class='ocr_carea' id='block_1_89' title="bbox 2031 4318 3604 4390">
    <p class='ocr_par' dir='ltr' id='par_1_89' title="bbox 2031 4318 3604 4390">
     <span class='ocr_line' id='line_1_89' title="bbox 2031 4318 3604 4390; baseline -0.004 -9"><span class='ocrx_word' id='word_1_611' title='bbox 2031 4326 2136 4381; x_wconf 88' lang='lat' dir='ltr'><strong>bus</strong></span> <span class='ocrx_word' id='word_1_612' title='bbox 2193 4321 2632 4379; x_wconf 87' lang='lat' dir='ltr'><strong>exsultantibus:</strong></span> <span class='ocrx_word' id='word_1_613' title='bbox 2677 4337 2696 4371; x_wconf 81' lang='grc' dir='ltr'><strong>ι</strong></span> <span class='ocrx_word' id='word_1_614' title='bbox 2749 4319 3016 4375; x_wconf 88' lang='lat' dir='ltr'><strong>Fluminis</strong></span> <span class='ocrx_word' id='word_1_615' title='bbox 3074 4318 3315 4390; x_wconf 88' lang='lat' dir='ltr'><strong>impetus</strong></span> <span class='ocrx_word' id='word_1_616' title='bbox 3364 4319 3604 4376; x_wconf 62' lang='lat' dir='ltr'><strong>lmtifieat</strong></span> 
     </span>
    </p>
   </div>
   <div class='ocr_carea' id='block_1_90' title="bbox 2029 4410 3601 4482">
    <p class='ocr_par' dir='ltr' id='par_1_90' title="bbox 2029 4410 3601 4482">
     <span class='ocr_line' id='line_1_90' title="bbox 2029 4410 3601 4482; baseline -0.004 -8"><span class='ocrx_word' id='word_1_617' title='bbox 2029 4418 2304 4474; x_wconf 86' lang='lat' dir='ltr'><strong>civitatem</strong></span> <span class='ocrx_word' id='word_1_618' title='bbox 2339 4415 2434 4470; x_wconf 91' lang='lat' dir='ltr'><strong>Dei</strong></span> <span class='ocrx_word' id='word_1_619' title='bbox 2471 4415 2509 4467; x_wconf 76' lang='grc' dir='ltr'>ι.</span> <span class='ocrx_word' id='word_1_620' title='bbox 2550 4433 2568 4465; x_wconf 75' lang='grc' dir='ltr'><strong>ι</strong></span> <span class='ocrx_word' id='word_1_621' title='bbox 2628 4413 2860 4482; x_wconf 90' lang='lat' dir='ltr'><strong>Pr0pter</strong></span> <span class='ocrx_word' id='word_1_622' title='bbox 2912 4412 3054 4467; x_wconf 90' lang='lat' dir='ltr'><strong>hanc</strong></span> <span class='ocrx_word' id='word_1_623' title='bbox 3083 4425 3212 4482; x_wconf 88' lang='lat' dir='ltr'><strong>ergo</strong></span> <span class='ocrx_word' id='word_1_624' title='bbox 3264 4410 3466 4466; x_wconf 89' lang='lat' dir='ltr'><strong>famam</strong></span> <span class='ocrx_word' id='word_1_625' title='bbox 3508 4427 3601 4467; x_wconf 84' lang='lat' dir='ltr'><strong>ac-</strong></span> 
     </span>
    </p>
   </div>
   <div class='ocr_carea' id='block_1_91' title="bbox 360 4485 3602 4575">
    <p class='ocr_par' dir='ltr' id='par_1_91' title="bbox 360 4485 3602 4575">
     <span class='ocr_line' id='line_1_91' title="bbox 360 4485 3602 4575; baseline 0.011 -42"><span class='ocrx_word' id='word_1_626' title='bbox 360 4495 552 4538; x_wconf 89' lang='lat' dir='ltr'><strong>nomen</strong></span> <span class='ocrx_word' id='word_1_627' title='bbox 607 4485 670 4541; x_wconf 93' lang='lat' dir='ltr'><strong>B.</strong></span> <span class='ocrx_word' id='word_1_628' title='bbox 720 4488 1041 4560; x_wconf 90' lang='lat' dir='ltr'><strong>Clementis,</strong></span> <span class='ocrx_word' id='word_1_629' title='bbox 1091 4497 1331 4555; x_wconf 89' lang='lat' dir='ltr'><strong>dicens:</strong></span> <span class='ocrx_word' id='word_1_630' title='bbox 1376 4502 1533 4560; x_wconf 83' lang='lat' dir='ltr'><strong>Hunc</strong></span> <span class='ocrx_word' id='word_1_631' title='bbox 1587 4505 1923 4568; x_wconf 89' lang='lat' dir='ltr'><strong>Clementem</strong></span> <span class='ocrx_word' id='word_1_632' title='bbox 1957 4501 2203 4564; x_wconf 89' lang='lat' dir='ltr'><strong>Dcurrit</strong></span> <span class='ocrx_word' id='word_1_633' title='bbox 2252 4506 2432 4563; x_wconf 77' lang='lat' dir='ltr'><strong>omnis</strong></span> <span class='ocrx_word' id='word_1_634' title='bbox 2480 4504 2782 4575; x_wconf 77' lang='lat' dir='ltr'><strong>provincia.</strong></span> <span class='ocrx_word' id='word_1_635' title='bbox 2817 4512 2874 4559; x_wconf 68' lang='lat' dir='ltr'><strong>et</strong></span> <span class='ocrx_word' id='word_1_636' title='bbox 2911 4519 3126 4568; x_wconf 63' lang='lat' dir='ltr'><strong>omnes.</strong></span> <span class='ocrx_word' id='word_1_637' title='bbox 3181 4503 3279 4574; x_wconf 82' lang='lat' dir='ltr'><strong>qui</strong></span> <span class='ocrx_word' id='word_1_638' title='bbox 3332 4513 3602 4559; x_wconf 71' lang='lat' dir='ltr'><strong>venerant</strong></span> 
     </span>
    </p>
   </div>
   <div class='ocr_carea' id='block_1_92' title="bbox 357 4577 1917 4675">
    <p class='ocr_par' dir='ltr' id='par_1_92' title="bbox 357 4577 1917 4675">
     <span class='ocr_line' id='line_1_92' title="bbox 357 4577 1917 4675; baseline 0.022 -47"><span class='ocrx_word' id='word_1_639' title='bbox 357 4577 628 4634; x_wconf 85' lang='lat' dir='ltr'><strong>seditiosis</strong></span> <span class='ocrx_word' id='word_1_640' title='bbox 655 4581 992 4642; x_wconf 88' lang='lat' dir='ltr'><strong>clamoribus</strong></span> <span class='ocrx_word' id='word_1_641' title='bbox 1015 4592 1254 4660; x_wconf 90' lang='lat' dir='ltr'><strong>populus</strong></span> <span class='ocrx_word' id='word_1_642' title='bbox 1281 4610 1392 4650; x_wconf 91' lang='lat' dir='ltr'><strong>non</strong></span> <span class='ocrx_word' id='word_1_643' title='bbox 1431 4609 1611 4656; x_wconf 84' lang='lat' dir='ltr'><strong>cessat</strong></span> <span class='ocrx_word' id='word_1_644' title='bbox 1641 4618 1917 4675; x_wconf 76' lang='lat' dir='ltr'><strong>quaerere,</strong></span> 
     </span>
    </p>
   </div>
   <div class='ocr_carea' id='block_1_93' title="bbox 356 4676 1922 4766">
    <p class='ocr_par' dir='ltr' id='par_1_93' title="bbox 356 4676 1922 4766">
     <span class='ocr_line' id='line_1_93' title="bbox 356 4676 1922 4766; baseline 0.024 -47"><span class='ocrx_word' id='word_1_645' title='bbox 356 4677 408 4719; x_wconf 90' lang='lat' dir='ltr'><strong>et</strong></span> <span class='ocrx_word' id='word_1_646' title='bbox 443 4685 550 4724; x_wconf 90' lang='lat' dir='ltr'><strong>non</strong></span> <span class='ocrx_word' id='word_1_647' title='bbox 581 4682 761 4740; x_wconf 90' lang='lat' dir='ltr'><strong>potest</strong></span> <span class='ocrx_word' id='word_1_648' title='bbox 793 4676 848 4730; x_wconf 94' lang='lat' dir='ltr'><strong>in</strong></span> <span class='ocrx_word' id='word_1_649' title='bbox 873 4693 998 4733; x_wconf 92' lang='lat' dir='ltr'><strong>eum</strong></span> <span class='ocrx_word' id='word_1_650' title='bbox 1035 4681 1270 4740; x_wconf 90' lang='lat' dir='ltr'><strong>inveniri</strong></span> <span class='ocrx_word' id='word_1_651' title='bbox 1308 4687 1415 4743; x_wconf 82' lang='lat' dir='ltr'><strong>fide</strong></span> <span class='ocrx_word' id='word_1_652' title='bbox 1449 4691 1611 4762; x_wconf 86' lang='lat' dir='ltr'><strong>digna</strong></span> <span class='ocrx_word' id='word_1_653' title='bbox 1641 4697 1922 4766; x_wconf 88' lang='lat' dir='ltr'><strong>probatio.</strong></span> 
     </span>
    </p>
   </div>
   <div class='ocr_carea' id='block_1_94' title="bbox 359 4757 1924 4854">
    <p class='ocr_par' dir='ltr' id='par_1_94' title="bbox 359 4757 1924 4854">
     <span class='ocr_line' id='line_1_94' title="bbox 359 4757 1924 4854; baseline 0.024 -44"><span class='ocrx_word' id='word_1_654' title='bbox 359 4757 505 4816; x_wconf 81' lang='lat' dir='ltr'><strong>Tunc</strong></span> <span class='ocrx_word' id='word_1_655' title='bbox 533 4766 822 4835; x_wconf 89' lang='lat' dir='ltr'><strong>rescripsit</strong></span> <span class='ocrx_word' id='word_1_656' title='bbox 858 4768 1127 4842; x_wconf 80' lang='lat' dir='ltr'><strong>Trajanus</strong></span> <span class='ocrx_word' id='word_1_657' title='bbox 1155 4775 1474 4848; x_wconf 88' lang='lat' dir='ltr'><strong>imperator,</strong></span> <span class='ocrx_word' id='word_1_658' title='bbox 1504 4795 1763 4854; x_wconf 89' lang='lat' dir='ltr'><strong>oportere</strong></span> <span class='ocrx_word' id='word_1_659' title='bbox 1795 4806 1924 4847; x_wconf 88' lang='lat' dir='ltr'><strong>eum</strong></span> 
     </span>
    </p>
   </div>
   <div class='ocr_carea' id='block_1_95' title="bbox 358 4851 1919 4937">
    <p class='ocr_par' dir='ltr' id='par_1_95' title="bbox 358 4851 1919 4937">
     <span class='ocr_line' id='line_1_95' title="bbox 358 4851 1919 4937; baseline 0.023 -34"><span class='ocrx_word' id='word_1_660' title='bbox 358 4851 434 4903; x_wconf 85' lang='lat' dir='ltr'><strong>vel</strong></span> <span class='ocrx_word' id='word_1_661' title='bbox 461 4859 774 4912; x_wconf 87' lang='lat' dir='ltr'><strong>consentire</strong></span> <span class='ocrx_word' id='word_1_662' title='bbox 806 4861 1221 4933; x_wconf 85' lang='lat' dir='ltr'><strong>sacriﬁcantem,</strong></span> <span class='ocrx_word' id='word_1_663' title='bbox 1255 4879 1350 4924; x_wconf 92' lang='lat' dir='ltr'><strong>aut</strong></span> <span class='ocrx_word' id='word_1_664' title='bbox 1390 4873 1535 4930; x_wconf 89' lang='lat' dir='ltr'><strong>ultra</strong></span> <span class='ocrx_word' id='word_1_665' title='bbox 1573 4893 1725 4935; x_wconf 92' lang='lat' dir='ltr'><strong>mare</strong></span> <span class='ocrx_word' id='word_1_666' title='bbox 1769 4881 1919 4937; x_wconf 85' lang='lat' dir='ltr'><strong>Pon-</strong></span> 
     </span>
    </p>
   </div>
   <div class='ocr_carea' id='block_1_96' title="bbox 361 4945 1921 5035">
    <p class='ocr_par' dir='ltr' id='par_1_96' title="bbox 361 4945 1921 5035">
     <span class='ocr_line' id='line_1_96' title="bbox 361 4945 1921 5035; baseline 0.024 -43"><span class='ocrx_word' id='word_1_667' title='bbox 361 4949 466 4996; x_wconf 88' lang='lat' dir='ltr'><strong>tum</strong></span> <span class='ocrx_word' id='word_1_668' title='bbox 494 4945 545 4999; x_wconf 91' lang='lat' dir='ltr'><strong>in</strong></span> <span class='ocrx_word' id='word_1_669' title='bbox 575 4947 852 5004; x_wconf 86' lang='lat' dir='ltr'><strong>desertam</strong></span> <span class='ocrx_word' id='word_1_670' title='bbox 879 4953 1156 5012; x_wconf 88' lang='lat' dir='ltr'><strong>civitatem</strong></span> <span class='ocrx_word' id='word_1_671' title='bbox 1179 4974 1333 5014; x_wconf 90' lang='lat' dir='ltr'><strong>suam</strong></span> <span class='ocrx_word' id='word_1_672' title='bbox 1384 4979 1555 5035; x_wconf 88' lang='lat' dir='ltr'><strong>prope</strong></span> <span class='ocrx_word' id='word_1_673' title='bbox 1585 4967 1921 5028; x_wconf 89' lang='lat' dir='ltr'><strong>Chersonem</strong></span> 
     </span>
    </p>
   </div>
   <div class='ocr_carea' id='block_1_97' title="bbox 357 5035 598 5106">
    <p class='ocr_par' dir='ltr' id='par_1_97' title="bbox 357 5035 598 5106">
     <span class='ocr_line' id='line_1_97' title="bbox 357 5035 598 5106; baseline 0.046 -22"><span class='ocrx_word' id='word_1_674' title='bbox 357 5035 524 5106; x_wconf 88' lang='lat' dir='ltr'><strong>relega</strong></span> <span class='ocrx_word' id='word_1_675' title='bbox 533 5040 598 5096; x_wconf 89' lang='lat' dir='ltr'><strong>ri.</strong></span> 
     </span>
    </p>
   </div>
   <div class='ocr_carea' id='block_1_98' title="bbox 422 5127 1925 5216">
    <p class='ocr_par' dir='ltr' id='par_1_98' title="bbox 422 5127 1925 5216">
     <span class='ocr_line' id='line_1_98' title="bbox 422 5127 1925 5216; baseline 0.022 -36"><span class='ocrx_word' id='word_1_676' title='bbox 422 5127 509 5183; x_wconf 94' lang='lat' dir='ltr'><strong>lll.</strong></span> <span class='ocrx_word' id='word_1_677' title='bbox 541 5131 776 5197; x_wconf 85' lang='lat' dir='ltr'><strong>Quando</strong></span> <span class='ocrx_word' id='word_1_678' title='bbox 808 5146 990 5195; x_wconf 91' lang='lat' dir='ltr'><strong>autem</strong></span> <span class='ocrx_word' id='word_1_679' title='bbox 1021 5141 1239 5213; x_wconf 88' lang='lat' dir='ltr'><strong>Trajani</strong></span> <span class='ocrx_word' id='word_1_680' title='bbox 1259 5145 1444 5216; x_wconf 87' lang='lat' dir='ltr'><strong>jussus</strong></span> <span class='ocrx_word' id='word_1_681' title='bbox 1494 5149 1601 5206; x_wconf 83' lang='lat' dir='ltr'><strong>fuit</strong></span> <span class='ocrx_word' id='word_1_682' title='bbox 1626 5153 1925 5213; x_wconf 80' lang='lat' dir='ltr'><strong>conﬁrma-</strong></span> 
     </span>
    </p>
   </div>
   <div class='ocr_carea' id='block_1_99' title="bbox 359 5224 1921 5311">
    <p class='ocr_par' dir='ltr' id='par_1_99' title="bbox 359 5224 1921 5311">
     <span class='ocr_line' id='line_1_99' title="bbox 359 5224 1921 5311; baseline 0.022 -42"><span class='ocrx_word' id='word_1_683' title='bbox 359 5224 460 5280; x_wconf 83' lang='lat' dir='ltr'><strong>tus,</strong></span> <span class='ocrx_word' id='word_1_684' title='bbox 495 5225 771 5294; x_wconf 83' lang='lat' dir='ltr'><strong>cogitabat</strong></span> <span class='ocrx_word' id='word_1_685' title='bbox 798 5229 942 5299; x_wconf 91' lang='lat' dir='ltr'><strong>apud</strong></span> <span class='ocrx_word' id='word_1_686' title='bbox 979 5247 1037 5287; x_wconf 85' lang='lat' dir='ltr'><strong>se</strong></span> <span class='ocrx_word' id='word_1_687' title='bbox 1072 5233 1454 5303; x_wconf 77' lang='lat' dir='ltr'><strong>Mamertinus,</strong></span> <span class='ocrx_word' id='word_1_688' title='bbox 1490 5257 1729 5311; x_wconf 89' lang='lat' dir='ltr'><strong>quonam</strong></span> <span class='ocrx_word' id='word_1_689' title='bbox 1754 5249 1921 5307; x_wconf 93' lang='lat' dir='ltr'><strong>modo</strong></span> 
     </span>
    </p>
   </div>
   <div class='ocr_carea' id='block_1_100' title="bbox 355 5307 1914 5402">
    <p class='ocr_par' dir='ltr' id='par_1_100' title="bbox 355 5307 1914 5402">
     <span class='ocr_line' id='line_1_100' title="bbox 355 5307 1914 5402; baseline 0.022 -39"><span class='ocrx_word' id='word_1_690' title='bbox 355 5307 602 5370; x_wconf 84' lang='lat' dir='ltr'><strong>Clemens</strong></span> <span class='ocrx_word' id='word_1_691' title='bbox 643 5319 1024 5378; x_wconf 86' lang='lat' dir='ltr'><strong>voluntarium</strong></span> <span class='ocrx_word' id='word_1_692' title='bbox 1086 5342 1196 5381; x_wconf 91' lang='lat' dir='ltr'><strong>non</strong></span> <span class='ocrx_word' id='word_1_693' title='bbox 1235 5338 1449 5396; x_wconf 89' lang='lat' dir='ltr'><strong>peteret</strong></span> <span class='ocrx_word' id='word_1_694' title='bbox 1492 5334 1767 5402; x_wconf 88' lang='lat' dir='ltr'><strong>exsilium,</strong></span> <span class='ocrx_word' id='word_1_695' title='bbox 1821 5343 1914 5397; x_wconf 87' lang='lat' dir='ltr'><strong>sed</strong></span> 
     </span>
    </p>
   </div>
   <div class='ocr_carea' id='block_1_101' title="bbox 357 5401 1917 5490">
    <p class='ocr_par' dir='ltr' id='par_1_101' title="bbox 357 5401 1917 5490">
     <span class='ocr_line' id='line_1_101' title="bbox 357 5401 1917 5490; baseline 0.022 -35"><span class='ocrx_word' id='word_1_696' title='bbox 357 5401 456 5459; x_wconf 88' lang='lat' dir='ltr'><strong>diis</strong></span> <span class='ocrx_word' id='word_1_697' title='bbox 513 5409 724 5476; x_wconf 34' lang='lat' dir='ltr'><strong>potius-</strong></span> <span class='ocrx_word' id='word_1_698' title='bbox 759 5412 992 5470; x_wconf 78' lang='lat' dir='ltr'><strong>oﬁ‘erret</strong></span> <span class='ocrx_word' id='word_1_699' title='bbox 1067 5418 1351 5476; x_wconf 90' lang='lat' dir='ltr'><strong>libamina.</strong></span> <span class='ocrx_word' id='word_1_700' title='bbox 1412 5423 1518 5478; x_wconf 91' lang='lat' dir='ltr'><strong>Sed</strong></span> <span class='ocrx_word' id='word_1_701' title='bbox 1547 5425 1608 5480; x_wconf 81' lang='grc' dir='ltr'><strong>Β.</strong></span> <span class='ocrx_word' id='word_1_702' title='bbox 1666 5401 1917 5490; x_wconf 88' lang='lat' dir='ltr'><strong>Clemens</strong></span> 
     </span>
    </p>
   </div>
   <div class='ocr_carea' id='block_1_102' title="bbox 353 5501 1915 5585">
    <p class='ocr_par' dir='ltr' id='par_1_102' title="bbox 353 5501 1915 5585">
     <span class='ocr_line' id='line_1_102' title="bbox 353 5501 1915 5585; baseline 0.021 -36"><span class='ocrx_word' id='word_1_703' title='bbox 353 5501 712 5557; x_wconf 80' lang='lat' dir='ltr'><strong>contendebat</strong></span> <span class='ocrx_word' id='word_1_704' title='bbox 770 5504 945 5575; x_wconf 86' lang='lat' dir='ltr'><strong>ipsius</strong></span> <span class='ocrx_word' id='word_1_705' title='bbox 991 5525 1217 5582; x_wconf 87' lang='lat' dir='ltr'><strong>quoque</strong></span> <span class='ocrx_word' id='word_1_706' title='bbox 1266 5515 1470 5585; x_wconf 87' lang='lat' dir='ltr'><strong>judicis</strong></span> <span class='ocrx_word' id='word_1_707' title='bbox 1541 5520 1783 5578; x_wconf 89' lang='lat' dir='ltr'><strong>animum</strong></span> <span class='ocrx_word' id='word_1_708' title='bbox 1847 5525 1915 5582; x_wconf 90' lang='lat' dir='ltr'><strong>ad</strong></span> 
     </span>
    </p>
   </div>
   <div class='ocr_carea' id='block_1_103' title="bbox 355 5589 1914 5688">
    <p class='ocr_par' dir='ltr' id='par_1_103' title="bbox 355 5589 1914 5688">
     <span class='ocr_line' id='line_1_103' title="bbox 355 5589 1914 5688; baseline 0.018 -46"><span class='ocrx_word' id='word_1_709' title='bbox 355 5589 509 5646; x_wconf 79' lang='lat' dir='ltr'><strong>fidem</strong></span> <span class='ocrx_word' id='word_1_710' title='bbox 534 5594 740 5652; x_wconf 85' lang='lat' dir='ltr'><strong>Christi</strong></span> <span class='ocrx_word' id='word_1_711' title='bbox 779 5600 1096 5667; x_wconf 87' lang='lat' dir='ltr'><strong>traducere,</strong></span> <span class='ocrx_word' id='word_1_712' title='bbox 1125 5615 1182 5660; x_wconf 90' lang='lat' dir='ltr'><strong>et</strong></span> <span class='ocrx_word' id='word_1_713' title='bbox 1226 5609 1544 5675; x_wconf 86' lang='lat' dir='ltr'><strong>ostendere.</strong></span> <span class='ocrx_word' id='word_1_714' title='bbox 1602 5615 1696 5672; x_wconf 80' lang='lat' dir='ltr'><strong>sed</strong></span> <span class='ocrx_word' id='word_1_715' title='bbox 1729 5619 1914 5688; x_wconf 67' lang='lat' dir='ltr'><strong>potius</strong></span> 
     </span>
    </p>
   </div>
   <div class='ocr_carea' id='block_1_104' title="bbox 433 5768 856 5841">
    <p class='ocr_par' dir='ltr' id='par_1_104' title="bbox 433 5768 856 5841">
     <span class='ocr_line' id='line_1_104' title="bbox 433 5768 856 5841; baseline 0.019 -19"><span class='ocrx_word' id='word_1_716' title='bbox 433 5768 446 5798; x_wconf 82' lang='grc'>⁸</span> <span class='ocrx_word' id='word_1_717' title='bbox 474 5769 614 5827; x_wconf 81' lang='lat' dir='ltr'><strong>Psal.</strong></span> <span class='ocrx_word' id='word_1_718' title='bbox 643 5789 769 5841; x_wconf 67' lang='lat' dir='ltr'><strong>xcv,</strong></span> <span class='ocrx_word' id='word_1_719' title='bbox 802 5777 856 5830; x_wconf 80' lang='lat'><strong>5.</strong></span> 
     </span>
    </p>
   </div>
   <div class='ocr_carea' id='block_1_105' title="bbox 2025 4591 3600 4662">
    <p class='ocr_par' dir='ltr' id='par_1_105' title="bbox 2025 4591 3600 4662">
     <span class='ocr_line' id='line_1_105' title="bbox 2025 4591 3600 4662; baseline -0.004 -7"><span class='ocrx_word' id='word_1_720' title='bbox 2025 4600 2095 4655; x_wconf 88' lang='lat' dir='ltr'><strong>ad</strong></span> <span class='ocrx_word' id='word_1_721' title='bbox 2130 4599 2438 4655; x_wconf 89' lang='lat' dir='ltr'><strong>doctrinam</strong></span> <span class='ocrx_word' id='word_1_722' title='bbox 2489 4596 2664 4652; x_wconf 91' lang='lat' dir='ltr'><strong>sancti</strong></span> <span class='ocrx_word' id='word_1_723' title='bbox 2719 4593 3044 4662; x_wconf 89' lang='lat' dir='ltr'><strong>Clementis,</strong></span> <span class='ocrx_word' id='word_1_724' title='bbox 3079 4593 3337 4650; x_wconf 90' lang='lat' dir='ltr'><strong>conversi</strong></span> <span class='ocrx_word' id='word_1_725' title='bbox 3375 4602 3505 4650; x_wconf 91' lang='lat' dir='ltr'><strong>sunt</strong></span> <span class='ocrx_word' id='word_1_726' title='bbox 3532 4591 3600 4648; x_wconf 86' lang='lat' dir='ltr'><strong>ad</strong></span> 
     </span>
    </p>
   </div>
   <div class='ocr_carea' id='block_1_106' title="bbox 2025 4685 3611 4758">
    <p class='ocr_par' dir='ltr' id='par_1_106' title="bbox 2025 4685 3611 4758">
     <span class='ocr_line' id='line_1_106' title="bbox 2025 4685 3611 4758; baseline -0.004 -11"><span class='ocrx_word' id='word_1_727' title='bbox 2025 4692 2355 4758; x_wconf 89' lang='lat' dir='ltr'><strong>Dominum;</strong></span> <span class='ocrx_word' id='word_1_728' title='bbox 2385 4689 2520 4744; x_wconf 86' lang='lat' dir='ltr'><strong>adeo</strong></span> <span class='ocrx_word' id='word_1_729' title='bbox 2573 4696 2632 4742; x_wconf 88' lang='lat' dir='ltr'><strong>ut</strong></span> <span class='ocrx_word' id='word_1_730' title='bbox 2681 4685 2932 4758; x_wconf 83' lang='lat' dir='ltr'><strong>quotidie</strong></span> <span class='ocrx_word' id='word_1_731' title='bbox 2971 4685 3261 4756; x_wconf 84' lang='lat' dir='ltr'><strong>quingenti</strong></span> <span class='ocrx_word' id='word_1_732' title='bbox 3299 4693 3359 4740; x_wconf 93' lang='lat' dir='ltr'><strong>et</strong></span> <span class='ocrx_word' id='word_1_733' title='bbox 3410 4685 3611 4754; x_wconf 85' lang='lat' dir='ltr'><strong>plures.</strong></span> 
     </span>
    </p>
   </div>
   <div class='ocr_carea' id='block_1_107' title="bbox 2025 4779 3598 4854">
    <p class='ocr_par' dir='ltr' id='par_1_107' title="bbox 2025 4779 3598 4854">
     <span class='ocr_line' id='line_1_107' title="bbox 2025 4779 3598 4854; baseline -0.006 -14"><span class='ocrx_word' id='word_1_734' title='bbox 2025 4783 2283 4854; x_wconf 86' lang='lat' dir='ltr'><strong>baptizati</strong></span> <span class='ocrx_word' id='word_1_735' title='bbox 2315 4781 2671 4838; x_wconf 78' lang='lat' dir='ltr'><strong>recederent.</strong></span> <span class='ocrx_word' id='word_1_736' title='bbox 2732 4779 2880 4834; x_wconf 85' lang='lat' dir='ltr'><strong>Intra</strong></span> <span class='ocrx_word' id='word_1_737' title='bbox 2939 4793 3112 4833; x_wconf 87' lang='lat' dir='ltr'><strong>unum</strong></span> <span class='ocrx_word' id='word_1_738' title='bbox 3161 4785 3347 4832; x_wconf 88' lang='lat' dir='ltr'><strong>autem</strong></span> <span class='ocrx_word' id='word_1_739' title='bbox 3391 4790 3598 4831; x_wconf 90' lang='lat' dir='ltr'><strong>annum</strong></span> 
     </span>
    </p>
   </div>
   <div class='ocr_carea' id='block_1_108' title="bbox 2024 4867 3594 4941">
    <p class='ocr_par' dir='ltr' id='par_1_108' title="bbox 2024 4867 3594 4941">
     <span class='ocr_line' id='line_1_108' title="bbox 2024 4867 3594 4941; baseline -0.011 -7"><span class='ocrx_word' id='word_1_740' title='bbox 2024 4879 2183 4934; x_wconf 66' lang='lat' dir='ltr'><strong>facta:</strong></span> <span class='ocrx_word' id='word_1_741' title='bbox 2211 4885 2339 4932; x_wconf 90' lang='lat' dir='ltr'><strong>sunt</strong></span> <span class='ocrx_word' id='word_1_742' title='bbox 2363 4875 2476 4931; x_wconf 88' lang='lat' dir='ltr'><strong>illic</strong></span> <span class='ocrx_word' id='word_1_743' title='bbox 2500 4889 2530 4928; x_wconf 91' lang='lat' dir='ltr'><strong>a</strong></span> <span class='ocrx_word' id='word_1_744' title='bbox 2562 4871 2819 4928; x_wconf 81' lang='lat' dir='ltr'><strong>fidelibus</strong></span> <span class='ocrx_word' id='word_1_745' title='bbox 2845 4869 3192 4941; x_wconf 84' lang='lat' dir='ltr'><strong>septuaginta</strong></span> <span class='ocrx_word' id='word_1_746' title='bbox 3224 4867 3472 4938; x_wconf 87' lang='lat' dir='ltr'><strong>quinque</strong></span> <span class='ocrx_word' id='word_1_747' title='bbox 3495 4881 3594 4922; x_wconf 85' lang='lat' dir='ltr'><strong>ec-.</strong></span> 
     </span>
    </p>
   </div>
   <div class='ocr_carea' id='block_1_109' title="bbox 2026 4958 3597 5034">
    <p class='ocr_par' dir='ltr' id='par_1_109' title="bbox 2026 4958 3597 5034">
     <span class='ocr_line' id='line_1_109' title="bbox 2026 4958 3597 5034; baseline -0.008 -8"><span class='ocrx_word' id='word_1_748' title='bbox 2026 4971 2238 5034; x_wconf 68' lang='lat' dir='ltr'><strong>clesire;</strong></span> <span class='ocrx_word' id='word_1_749' title='bbox 2267 4975 2324 5023; x_wconf 90' lang='lat' dir='ltr'><strong>et</strong></span> <span class='ocrx_word' id='word_1_750' title='bbox 2351 4965 2638 5022; x_wconf 82' lang='lat' dir='ltr'><strong>confracta</strong></span> <span class='ocrx_word' id='word_1_751' title='bbox 2667 4973 2799 5019; x_wconf 90' lang='lat' dir='ltr'><strong>sunt</strong></span> <span class='ocrx_word' id='word_1_752' title='bbox 2831 4961 3019 5018; x_wconf 84' lang='lat' dir='ltr'><strong>omnia</strong></span> <span class='ocrx_word' id='word_1_753' title='bbox 3051 4958 3373 5024; x_wconf 86' lang='lat' dir='ltr'><strong>simulacra,</strong></span> <span class='ocrx_word' id='word_1_754' title='bbox 3410 4959 3597 5014; x_wconf 88' lang='lat' dir='ltr'><strong>omnia</strong></span> 
     </span>
    </p>
   </div>
   <div class='ocr_carea' id='block_1_110' title="bbox 2027 5049 3599 5153">
    <p class='ocr_par' dir='ltr' id='par_1_110' title="bbox 2027 5049 3599 5153">
     <span class='ocr_line' id='line_1_110' title="bbox 2027 5049 3599 5153; baseline -0.009 -35"><span class='ocrx_word' id='word_1_755' title='bbox 2027 5061 2229 5131; x_wconf 87' lang='lat' dir='ltr'><strong>templa</strong></span> <span class='ocrx_word' id='word_1_756' title='bbox 2282 5058 2522 5130; x_wconf 89' lang='lat' dir='ltr'><strong>regionis</strong></span> <span class='ocrx_word' id='word_1_757' title='bbox 2587 5071 2710 5127; x_wconf 84' lang='lat' dir='ltr'><strong>quae</strong></span> <span class='ocrx_word' id='word_1_758' title='bbox 2749 5063 2868 5112; x_wconf 88' lang='lat' dir='ltr'><strong>erat</strong></span> <span class='ocrx_word' id='word_1_759' title='bbox 2914 5051 3297 5114; x_wconf 89' lang='lat' dir='ltr'><strong>circumcirca,</strong></span> <span class='ocrx_word' id='word_1_760' title='bbox 3341 5058 3471 5153; x_wconf 66' lang='lat' dir='ltr'><strong>sunt</strong></span> <span class='ocrx_word' id='word_1_761' title='bbox 3513 5049 3599 5152; x_wconf 80' lang='lat' dir='ltr'><strong>di-</strong></span> 
     </span>
    </p>
   </div>
   <div class='ocr_carea' id='block_1_111' title="bbox 2025 5141 3596 5242">
    <p class='ocr_par' dir='ltr' id='par_1_111' title="bbox 2025 5141 3596 5242">
     <span class='ocr_line' id='line_1_111' title="bbox 2025 5141 3596 5242; baseline -0.009 -32"><span class='ocrx_word' id='word_1_762' title='bbox 2025 5163 2189 5220; x_wconf 89' lang='lat' dir='ltr'><strong>ruta;</strong></span> <span class='ocrx_word' id='word_1_763' title='bbox 2227 5166 2419 5208; x_wconf 86' lang='lat' dir='ltr'><strong>omnes</strong></span> <span class='ocrx_word' id='word_1_764' title='bbox 2445 5149 2581 5217; x_wconf 87' lang='lat' dir='ltr'><strong>luci,</strong></span> <span class='ocrx_word' id='word_1_765' title='bbox 2615 5147 2710 5219; x_wconf 92' lang='lat' dir='ltr'><strong>qui</strong></span> <span class='ocrx_word' id='word_1_766' title='bbox 2739 5153 2901 5204; x_wconf 86' lang='lat' dir='ltr'><strong>erant</strong></span> <span class='ocrx_word' id='word_1_767' title='bbox 2939 5145 3008 5200; x_wconf 91' lang='lat' dir='ltr'><strong>ad</strong></span> <span class='ocrx_word' id='word_1_768' title='bbox 3041 5153 3284 5199; x_wconf 90' lang='lat' dir='ltr'><strong>trecenta</strong></span> <span class='ocrx_word' id='word_1_769' title='bbox 3318 5141 3596 5242; x_wconf 82' lang='lat' dir='ltr'><strong>milliaria,</strong></span> 
     </span>
    </p>
   </div>
   <div class='ocr_carea' id='block_1_112' title="bbox 2025 5237 3382 5304">
    <p class='ocr_par' dir='ltr' id='par_1_112' title="bbox 2025 5237 3382 5304">
     <span class='ocr_line' id='line_1_112' title="bbox 2025 5237 3382 5304; baseline -0.013 0"><span class='ocrx_word' id='word_1_770' title='bbox 2025 5247 2251 5304; x_wconf 89' lang='lat' dir='ltr'><strong>omnino</strong></span> <span class='ocrx_word' id='word_1_771' title='bbox 2277 5247 2333 5301; x_wconf 93' lang='lat' dir='ltr'><strong>in</strong></span> <span class='ocrx_word' id='word_1_772' title='bbox 2359 5243 2550 5300; x_wconf 90' lang='lat' dir='ltr'><strong>orbem</strong></span> <span class='ocrx_word' id='word_1_773' title='bbox 2586 5249 2716 5299; x_wconf 90' lang='lat' dir='ltr'><strong>sunt</strong></span> <span class='ocrx_word' id='word_1_774' title='bbox 2747 5237 2955 5295; x_wconf 90' lang='lat' dir='ltr'><strong>concisi</strong></span> <span class='ocrx_word' id='word_1_775' title='bbox 2994 5246 3051 5292; x_wconf 90' lang='lat' dir='ltr'><strong>et</strong></span> <span class='ocrx_word' id='word_1_776' title='bbox 3093 5237 3382 5290; x_wconf 87' lang='lat' dir='ltr'><strong>constrati.</strong></span> 
     </span>
    </p>
   </div>
   <div class='ocr_carea' id='block_1_113' title="bbox 2095 5320 3595 5406">
    <p class='ocr_par' dir='ltr' id='par_1_113' title="bbox 2095 5320 3595 5406">
     <span class='ocr_line' id='line_1_113' title="bbox 2095 5320 3595 5406; baseline -0.014 -10"><span class='ocrx_word' id='word_1_777' title='bbox 2095 5341 2159 5396; x_wconf 90' lang='lat' dir='ltr'><strong>V.</strong></span> <span class='ocrx_word' id='word_1_778' title='bbox 2197 5339 2352 5394; x_wconf 88' lang='lat' dir='ltr'><strong>Tunc</strong></span> <span class='ocrx_word' id='word_1_779' title='bbox 2381 5351 2512 5406; x_wconf 84' lang='lat' dir='ltr'><strong>ergo</strong></span> <span class='ocrx_word' id='word_1_780' title='bbox 2549 5333 2739 5390; x_wconf 90' lang='lat' dir='ltr'><strong>odiosa</strong></span> <span class='ocrx_word' id='word_1_781' title='bbox 2769 5327 3011 5384; x_wconf 89' lang='lat' dir='ltr'><strong>narratio</strong></span> <span class='ocrx_word' id='word_1_782' title='bbox 3064 5323 3316 5396; x_wconf 87' lang='lat' dir='ltr'><strong>pervenit</strong></span> <span class='ocrx_word' id='word_1_783' title='bbox 3345 5321 3413 5376; x_wconf 88' lang='lat' dir='ltr'><strong>ad</strong></span> <span class='ocrx_word' id='word_1_784' title='bbox 3457 5320 3595 5376; x_wconf 74' lang='lat' dir='ltr'><strong>Tra~</strong></span> 
     </span>
    </p>
   </div>
   <div class='ocr_carea' id='block_1_114' title="bbox 2017 5412 3598 5507">
    <p class='ocr_par' dir='ltr' id='par_1_114' title="bbox 2017 5412 3598 5507">
     <span class='ocr_line' id='line_1_114' title="bbox 2017 5412 3598 5507; baseline -0.014 -18"><span class='ocrx_word' id='word_1_785' title='bbox 2017 5436 2208 5507; x_wconf 86' lang='lat' dir='ltr'><strong>janum</strong></span> <span class='ocrx_word' id='word_1_786' title='bbox 2253 5432 2662 5500; x_wconf 83' lang='lat' dir='ltr'><strong>imperatorem,</strong></span> <span class='ocrx_word' id='word_1_787' title='bbox 2717 5420 2866 5494; x_wconf 88' lang='lat' dir='ltr'><strong>quod</strong></span> <span class='ocrx_word' id='word_1_788' title='bbox 2913 5419 3026 5474; x_wconf 90' lang='lat' dir='ltr'><strong>illic</strong></span> <span class='ocrx_word' id='word_1_789' title='bbox 3066 5416 3135 5471; x_wconf 90' lang='lat' dir='ltr'><strong>ad</strong></span> <span class='ocrx_word' id='word_1_790' title='bbox 3184 5412 3598 5507; x_wconf 72' lang='lat' dir='ltr'><strong>multitudinem</strong></span> 
     </span>
    </p>
   </div>
   <div class='ocr_carea' id='block_1_115' title="bbox 2024 5503 3594 5580">
    <p class='ocr_par' dir='ltr' id='par_1_115' title="bbox 2024 5503 3594 5580">
     <span class='ocr_line' id='line_1_115' title="bbox 2024 5503 3594 5580; baseline -0.014 0"><span class='ocrx_word' id='word_1_791' title='bbox 2024 5503 2484 5580; x_wconf 83' lang='lat' dir='ltr'><strong>innumerabilem</strong></span> <span class='ocrx_word' id='word_1_792' title='bbox 2533 5526 2729 5573; x_wconf 87' lang='lat' dir='ltr'><strong>auctus</strong></span> <span class='ocrx_word' id='word_1_793' title='bbox 2769 5519 2916 5568; x_wconf 88' lang='lat' dir='ltr'><strong>esset</strong></span> <span class='ocrx_word' id='word_1_794' title='bbox 2950 5507 3190 5580; x_wconf 87' lang='lat' dir='ltr'><strong>populus</strong></span> <span class='ocrx_word' id='word_1_795' title='bbox 3241 5503 3594 5562; x_wconf 78' lang='lat' dir='ltr'><strong>Christiano-</strong></span> 
     </span>
    </p>
   </div>
   <div class='ocr_carea' id='block_1_116' title="bbox 2024 5595 3596 5683">
    <p class='ocr_par' dir='ltr' id='par_1_116' title="bbox 2024 5595 3596 5683">
     <span class='ocr_line' id='line_1_116' title="bbox 2024 5595 3596 5683; baseline -0.011 -13"><span class='ocrx_word' id='word_1_796' title='bbox 2024 5631 2186 5683; x_wconf 85' lang='lat' dir='ltr'><strong>rum;</strong></span> <span class='ocrx_word' id='word_1_797' title='bbox 2241 5622 2300 5670; x_wconf 77' lang='lat' dir='ltr'><strong>et</strong></span> <span class='ocrx_word' id='word_1_798' title='bbox 2339 5611 2408 5667; x_wconf 67' lang='lat' dir='ltr'><strong>ab</strong></span> <span class='ocrx_word' id='word_1_799' title='bbox 2469 5624 2536 5666; x_wconf 89' lang='lat' dir='ltr'><strong>eo</strong></span> <span class='ocrx_word' id='word_1_800' title='bbox 2589 5605 2790 5662; x_wconf 86' lang='lat' dir='ltr'><strong>missus</strong></span> <span class='ocrx_word' id='word_1_801' title='bbox 2841 5600 2949 5658; x_wconf 91' lang='lat' dir='ltr'><strong>fuit</strong></span> <span class='ocrx_word' id='word_1_802' title='bbox 2997 5613 3202 5672; x_wconf 65' lang='lat' dir='ltr'><strong>prases</strong></span> <span class='ocrx_word' id='word_1_803' title='bbox 3249 5595 3596 5667; x_wconf 54' lang='lat' dir='ltr'><strong>Auﬁdiam»,</strong></span> 
     </span>
    </p>
   </div>
  </div>
