4060 6374
444 305 546 370 183

1712 310 1764 370 Μ
1783 309 2003 372 ENSIS
2036 311 2456 373 NOVEMBER

3577 309 3682 376 184

441 422 536 491 qui
581 420 846 492 plurimos
894 420 1236 476 Christianos
1289 419 1522 475 diversis
1577 427 1864 476 tormentis
1917 437 2009 477 su-
2041 430 2082 486 Α
2113 424 2313 494 quibus
2339 395 2524 479 etiamﬁ
2555 422 2655 478 hoc
2699 421 2803 478 fuit
2834 432 3176 491 responsum,
3240 421 3386 491 quod
3451 419 3681 492 singulis

438 515 614 569 stulit.
663 513 867 569 ‘Videns
918 527 1098 567 autem
1151 527 1346 567 omnes
1394 512 1460 566 ad
1505 513 1828 583 martyrium
1882 529 2006 569 cum

445 605 645 675 gaudio
676 605 1018 668 accedentes,
1067 604 1235 660 cessit
1268 603 1606 657 multitudini
1639 621 1651 668 ;
1697 605 1872 658 solum
1908 620 2007 658 au-

439 709 546 751 tem
600 703 850 751 sanctum
915 695 1252 750 Clementem
1299 710 1502 764 cogens
1561 697 1906 762 sacriﬁcare,
1953 706 2008 751 et

435 788 628 843 videns
652 803 778 843 eum
803 787 881 841 sic
906 801 1025 842 esse
1056 786 1272 840 ﬁrmum
1296 793 1351 840 et
1381 786 1633 842 stabilem
1663 786 1720 842 in
1748 787 2002 848 Domino,

434 888 490 931 et
517 879 662 933 nolle
696 879 922 934 omnino
964 895 996 934 a
1042 892 1142 934 sua
1193 878 1462 934 dimoveri
1506 879 1817 946 sententia,
1872 877 2006 932 dicit

432 969 764 1035 lictoribus:
823 971 1076 1042 Accipite
1129 987 1279 1036 eum,
1338 980 1394 1024 et
1440 970 1624 1024 ducite
1677 970 1732 1024 in
1763 969 2005 1024 medium

433 1062 622 1127 maris,
652 1069 708 1117 et
731 1063 985 1132 projicite
1013 1078 1138 1117 eum
1177 1063 1230 1116 in
1261 1061 1614 1132 profundum,
1666 1076 1736 1115 ne
1787 1061 2000 1129 possint

431 1153 732 1208 Christiani
765 1154 958 1209 tollere
986 1154 1103 1224 ejus
1145 1168 1366 1224 corpus,
1396 1163 1450 1207 et
1481 1169 1582 1223 pro
1617 1152 1720 1208 deo
1752 1168 1876 1207 eum
1913 1168 2005 1206 co-

431 1247 566 1301 lere.
598 1246 733 1311 Cum
767 1247 872 1301 hoc
905 1261 1034 1316 ergo
1083 1246 1284 1299 factum
1329 1255 1496 1308 esset,
1549 1245 1806 1300 universa
1858 1245 2000 1298 mul-

431 1337 612 1392 titudo
642 1337 1079 1392 Christianorum
1107 1344 1291 1392 astans
1329 1335 1494 1391 ﬂebat
1534 1338 1587 1390 in
1628 1337 1834 1392 littore.

507 1429 596 1484 Vl.
632 1429 762 1484 Post
791 1429 907 1484 haec
933 1436 1114 1482 autem
1147 1427 1406 1482 dixerunt
1436 1427 1726 1482 Cornelius
1759 1437 1814 1482 et
1839 1427 2000 1484 Plite—

428 1520 536 1575 bus
571 1522 690 1593 ejus
719 1519 1019 1589 discipuli:
1049 1517 1253 1573 Omnes
1298 1532 1520 1572 oremus
1572 1518 1887 1580 unanimes,
1940 1529 2002 1573 ut

429 1613 682 1667 ostendat
734 1612 895 1666 nobis
945 1611 1207 1666 Dominus
1263 1610 1522 1681 martyris
1573 1609 1658 1665 sui
1712 1611 1996 1680 reliquias.

426 1702 632 1758 Orante
654 1717 784 1773 ergo
833 1703 1058 1772 populo,
1084 1702 1396 1756 retrocessit
1422 1715 1573 1756 mare
1613 1697 1668 1754 in
1716 1717 1874 1755 suum
1921 1702 1998 1755 si-

2110 516 2268 570 annis
2315 515 2368 568 in
2407 515 2494 569 die
2523 528 2634 568 suze
2675 512 3086 578 decertationis,
3129 526 3415 566 cessurum
3438 511 3677 566 sitmare

2108 604 2476 670 venientibus,
2510 613 2715 674 septem
2753 604 2870 658 dies
2905 604 3110 658 siccum
3164 603 3268 657 iter
3295 603 3375 656 eis
3406 602 3674 671 praebens.

2107 694 2260 762 Quod
2286 697 2506 766 quidem
2544 695 2653 749 Deo
2689 695 2893 763 placuit
2934 695 3050 748 ﬁeri
3084 693 3150 747 ad
3182 692 3401 747 laudem
3431 693 3552 762 ejus
3581 708 3679 745 no-

2109 787 2274 842 minis
2308 804 2482 857 usque
2520 788 2573 841 in
2603 788 2929 841 hodiernum
2952 787 3121 840 diem.
3153 784 3266 840 Hoc
3293 793 3476 840 autem
3505 787 3673 846 facto,

2107 878 2254 948 quod
2310 888 2431 933 erat
2489 886 2688 946 prteter
2741 877 3079 947 opinionem,
3143 876 3430 938 miraculo,
3485 890 3676 930 omnes

2108 980 2296 1042 gentes
2321 970 2679 1026 circumcirca
2715 969 3002 1025 credidere
3042 969 3282 1025 Christo.
3321 967 3441 1033 Quo
3468 968 3522 1021 in
3556 968 3677 1021 loco

2110 1062 2297 1116 nullus
2328 1062 2607 1117 invenitur
2650 1062 2887 1132 gentilis,
2927 1063 3114 1116 nullus
3147 1060 3440 1124 Hebraeus,
3494 1060 3676 1118 nullus

2105 1156 2328 1210 omnino
2357 1157 2668 1213 haereticus.
2700 1158 2814 1212 lllic
2841 1159 2987 1212 enim
3022 1156 3256 1225 plurima
3303 1156 3443 1208 ﬁunt
3507 1154 3676 1208 bene-

2106 1248 2250 1304 ﬁcia.
2305 1251 2362 1303 ln
2410 1251 2530 1320 ejus
2579 1251 2718 1306 festo
2761 1252 2890 1306 cneci
2941 1250 3346 1315 illuminantur,
3400 1249 3676 1304 daemones

2103 1342 2476 1411 expelluntur,
2509 1343 2806 1400 febrientes
2837 1345 2955 1399 sani
3015 1343 3192 1408 ﬁunt;
3243 1342 3560 1412 nephritici,
3618 1349 3676 1395 et

2103 1434 2198 1502 qui
2229 1434 2436 1489 calculo
2467 1435 2740 1500 laborant,
2771 1436 2890 1490 solo
2949 1443 3207 1489 contactu
3243 1435 3362 1501 ejus
3419 1433 3677 1502 reliquia-

2105 1539 2247 1589 rum,
2309 1534 2365 1579 et
2415 1541 2568 1595 aquae
2636 1526 2988 1581 sanctiﬁcata:
3051 1525 3367 1594 aspersione
3413 1534 3469 1578 et
3521 1533 3674 1593 potu.

2102 1633 2132 1671 a
2179 1617 2371 1672 morbo
2410 1619 2757 1683 liberantur;
2803 1626 2859 1672 et
2881 1619 2974 1687 qui
3007 1618 3203 1686 quovis
3234 1616 3427 1671 morbo
3472 1616 3671 1675 allecti.

2103 1709 2482 1780 confugientes
2533 1710 2598 1764 ad
2646 1710 2788 1765 sacri
2826 1711 3084 1781 martyris
3132 1709 3422 1774 auxilium,
3473 1707 3672 1769 fruun-

425 1809 560 1847 num
586 1793 652 1848 ad
679 1795 782 1848 tria
811 1794 927 1848 fere
959 1794 1150 1859 millia,
1183 1809 1282 1863 per
1314 1793 1518 1848 siccum
1550 1803 1730 1849 autem
1769 1793 1996 1864 ingressi
2029 1779 2072 1834 Β
2103 1810 2191 1856 tur
2240 1779 2561 1868 curatione;
2607 1810 2665 1856 et
2710 1779 2996 1873 permanet
3040 1801 3212 1872 gloria
3263 1803 3383 1871 ejus
3459 1811 3516 1855 et
3553 1800 3674 1854 laus

425 1885 638 1954 populi,
689 1886 1020 1941 invenerunt
1047 1889 1102 1942 in
1139 1886 1308 1956 ﬁgura
1343 1887 1530 1956 templi
1573 1887 1864 1940 marmorei
1895 1901 1994 1954 pa-

425 1986 605 2030 rat-um
635 1991 664 2031 a
715 1977 826 2032 Deo
875 1977 1266 2041 habitaculum,
1308 1985 1364 2032 et
1423 1977 1536 2031 illic
1576 1977 1744 2031 situm
1796 1991 1997 2045 corpus

426 2065 598 2119 sancti
638 2065 959 2131 Clementis,
992 2076 1047 2120 et
1077 2081 1357 2130 ancoram,
1390 2081 1516 2121 cum
1554 2080 1662 2134 qua
1715 2064 1821 2119 fuit
1863 2080 1996 2134 pro-

419 2155 622 2222 jectus,
677 2171 849 2226 prope
908 2159 1086 2227 ipsum
1140 2157 1439 2222 iacentem.
1489 2157 1811 2211 Revelatum
1863 2171 1995 2224 ergo

424 2245 528 2303 fuit
556 2248 675 2319 ejus
714 2247 1020 2318 discipulis,
1059 2264 1128 2304 ne
1175 2249 1433 2320 reliquias
1460 2265 1492 2304 e
1539 2250 1660 2304 loco
1686 2248 1991 2318 ejicerent:

2101 1890 2157 1944 in
2186 1900 2473 1954 aeternum,
2511 1907 2605 1961 per
2641 1889 2932 1946 Dominum
2969 1902 3222 1948 nostrum
3273 1893 3464 1947 Jesum
3509 1889 3674 1956 Chri-

2099 1989 2282 2046 stum;
2331 1997 2428 2051 per
2461 1997 2624 2050 quem
2665 1990 2721 2036 et
2770 1997 2896 2037 cum
2945 1998 3074 2052 quo,
3123 1983 3272 2038 Patri
3329 1981 3497 2053 gloria
3547 1996 3672 2035 cum

2097 2072 2440 2127 sanctissimo
2463 2082 2518 2127 et
2557 2071 2778 2126 viviﬁco
2808 2073 2930 2142 ejus
2962 2073 3194 2140 Spiritu,
3247 2088 3397 2129 nunc
3431 2081 3486 2128 et
3531 2086 3673 2127 sem-

2096 2177 2194 2232 per
2217 2168 2273 2217 et
2308 2162 2361 2216 in
2389 2162 2585 2218 saecula
2623 2163 2975 2218 saeculorum.
3011 2165 3204 2220 Amen.

495 2411 756 2466 Narratio
780 2419 951 2467 sancti
986 2414 1236 2483 martyris
1268 2410 1518 2482 Ephrazm
1549 2410 1776 2484 episcOpi
1803 2407 2169 2532 Gezsquisélde
2202 2409 2458 2530 miracula
2487 2411 2626 2480 facta
2657 2413 2710 2466 in
2748 2429 2967 2484 puerum
3007 2430 3040 2467 a
3073 2424 3256 2468 sancto
3285 2424 3518 2488 martyre
3549 2425 3599 2470 et

1762 2495 1888 2532 avos
1917 2494 1944 2532 ο
1971 2494 1999 2531 ο
2098 2492 2248 2532 omen
2276 2495 2321 2532 ε.

1762 2492 1999 2549 apostoto
2032 2492 2321 2533 ueniente.

494 2629 537 2684 l.
581 2647 598 2680 σ
637 2627 900 2684 Mirabilis
950 2628 1096 2684 Deus
1139 2629 1193 2683 in
1230 2627 1437 2683 sanctis
1479 2627 1594 2681 suis
1651 2627 1692 2688 ί,
1737 2647 1755 2677 ι
1792 2635 1998 2694 ορροιιο

427 2729 626 2772 tunum
654 2725 738 2772 est
771 2716 938 2772 hodie
957 2717 1142 2773 dicere
1173 2733 1297 2772 cum
1328 2715 1624 2786 Propheta,
1647 2723 1740 2770 et:
1768 2733 1785 2766 ‹
1823 2713 1996 2780 Quam

425 2809 772 2866 admirabilia
808 2817 936 2864 sunt
965 2824 1130 2878 opera
1157 2819 1272 2876 tua,
1306 2807 1611 2863 Domine”!
1642 2825 1659 2857 ι
1693 2815 1750 2861 et
1776 2824 1789 2859 :
1820 2825 1838 2856 ‹
1865 2804 1997 2869 Quis

420 2901 570 2956 Deus
596 2902 1010 2972 magnus,‘sicut
1035 2901 1179 2954 Deus
1207 2899 1435 2953 noster?
1457 2917 1475 2950 ι
1500 2906 1594 2952 et:
1621 2917 1638 2949 ι
1659 2897 1740 2950 Tu
1773 2911 1832 2950 es
1853 2897 1996 2950 Deus

2095 2617 2230 2683 dite,
2297 2631 2354 2676 et
2418 2623 2487 2676 ad
2533 2622 2861 2677 audiendam
2913 2622 3183 2677 exsultate
3233 2621 3564 2678 orationem.
3613 2633 3673 2677 et

2092 2723 2260 2764 aures
2307 2710 2586 2775 inclinate,
2637 2720 2694 2766 et
2749 2719 2993 2766 nostram
3056 2711 3267 2782 arguite
3330 2712 3671 2766 tarditatem.

2094 2803 2170 2858 De
2205 2803 2309 2860 hoc
2339 2807 2484 2860 enim
2543 2808 2778 2877 gaudeo,
2821 2808 2996 2862 solum
3039 2823 3138 2862 vos
3192 2823 3346 2877 rogo,
3395 2815 3455 2861 ut
3490 2822 3670 2877 usque

2095 2897 2161 2951 ad
2195 2896 2359 2952 ﬁnem
2408 2899 2542 2952 mihi
2593 2908 2861 2954 attentum
2914 2900 3158 2953 animum
3215 2899 3544 2962 adhibealis,
3611 2910 3675 2954 et

422 2994 633 3050 faciens
663 2991 938 3048 mirabilia
971 2991 1142 3046 solus.
1177 3010 1194 3043 ι
1221 2989 1376 3056 Quod
1406 2991 1554 3044 enim
1581 2988 1835 3058 praesenti
1867 3001 1992 3041 ora-
2017 3014 2064 3073 ο
2096 2986 2248 3041 nulla
2274 2987 2556 3057 cogitatio,
2594 3004 2714 3058 quae
2748 2989 2814 3042 ad
2843 2989 3007 3058 hujus
3031 2989 3156 3043 vita:
3185 3004 3372 3042 curam
3403 2990 3670 3058 pertinet.

423 3085 562 3142 tioni
625 3085 779 3140 aliud
864 3083 1087 3138 aﬁ‘eram
1182 3080 1552 3149 prooemium?

421 3177 572 3231 enim
603 3176 822 3231 dicendi
866 3183 1037 3228 artem
1092 3187 1336 3242 praesens
1371 3179 1598 3240 superat
1640 3169 1989 3234 miraculum,

421 3284 548 3323 cum
587 3266 913 3322 miraculum
959 3265 1130 3320 multa
1175 3263 1405 3319 excellat
1451 3263 1733 3327 miracula,
1778 3272 1834 3317 et
1864 3263 1994 3331 'jpsa

420 3361 588 3416 etiam
626 3357 952 3430 prophetica
982 3357 1245 3413 miracula
1272 3363 1567 3426 exsuperet
1594 3363 1653 3409 ut
1683 3363 1768 3410 est
1804 3365 1992 3411 osten-

419 3467 550 3507 sura
584 3451 785 3507 oratio.

493 3543 560 3598 ll.
598 3543 723 3600 Scio
776 3558 872 3599 vos
919 3557 1122 3612 cupere
1151 3542 1315 3606 scire,
1366 3540 1640 3611 quodnam
1693 3549 1749 3595 et
1799 3541 1982 3610 cujus-

417 3650 545 3690 nam
615 3635 690 3690 sit
727 3634 1077 3698 miraculum,
1123 3643 1180 3688 et
1224 3634 1432 3703 urgetis
1466 3641 1525 3686 ut
1567 3633 1819 3688 dicamus
1852 3633 1894 3685 ⁸.
1927 3631 1988 3686 Id

417 3731 604 3777 autem
632 3729 716 3777 est
762 3721 998 3790 primum
1033 3721 1254 3791 quidem
1287 3722 1402 3784 Dei,
1430 3737 1460 3776 a
1492 3738 1602 3792 quo
1633 3721 1812 3776 omnis
1841 3721 1989 3775 datio

415 3813 562 3868 bona
595 3823 650 3870 et
673 3829 836 3868 omne
864 3814 1066 3868 donum
1097 3813 1402 3884 perfectum
1435 3813 1479 3867 ’⁸.
1510 3815 1778 3868 Prazterea
1800 3824 1983 3869 autem

411 3904 716 3961 Clementis
745 3906 1002 3972 Romani,
1046 3906 1141 3976 qui
1179 3914 1305 3976 post
1369 3906 1592 3961 Petrum
1641 3906 1746 3960 fuit
1803 3922 1986 3975 praeco

413 3997 686 4060 veritatis,
718 4006 776 4052 et
804 3997 925 4068 ejus
959 3997 1216 4051 Romana:
1241 3996 1389 4051 sedis
1439 4011 1726 4051 successor
1762 3996 1941 4051 ﬁdelis
1969 4014 1984 4064 ;

411 4086 583 4153 illius,
617 4086 864 4157 inquam,
899 4087 1220 4153 Clementis,
1251 4089 1408 4159 cujus
1459 4104 1632 4158 usque
1677 4090 1729 4142 in
1764 4088 1986 4143 hodier-

409 4190 545 4229 num
589 4175 736 4230 diem
785 4176 1038 4232 universa
1096 4187 1241 4232 terra
1296 4177 1379 4231 vel
1443 4186 1630 4233 tacens
1674 4179 1986 4233 salutiferas

409 4267 611 4322 clamat
667 4266 838 4322 fuisse
907 4268 1211 4324 doctrinas.
1292 4267 1595 4324 Clementis
1661 4270 1829 4335 illius,
1887 4271 1982 4341 qui

1624 3078 1994 3132 Artiﬁciosam
2099 3086 2336 3131 mentem
2368 3088 2606 3132 vestram
2643 3078 2858 3144 subeat,
2907 3093 3012 3132 nec
3055 3088 3369 3148 promptum
3418 3088 3670 3134 vestrum

2099 3168 2268 3223 animi
2307 3169 2550 3223 studium
2599 3169 2812 3224 sinatur
2880 3169 3183 3234 retardare,
3232 3171 3325 3224 sed
3374 3170 3478 3224 hoc
3527 3169 3675 3240 vigi-

2097 3259 2232 3313 lanti
2287 3259 2468 3313 animo
2497 3270 2550 3314 et
2576 3268 2786 3316 attento
2840 3260 3073 3317 ﬁdeliter
3127 3261 3377 3331 excipite.
3424 3262 3532 3317 Res
3569 3277 3675 3315 au-

2099 3364 2206 3410 tem
2235 3354 2306 3408 ita
2342 3369 2401 3408 se
2437 3355 2636 3408 habet:

2165 3448 2254 3502 Ill.
2288 3447 2423 3502 Cum
2456 3447 2912 3517 praeclarissimus
2941 3457 2999 3504 et
3026 3447 3382 3504 beatissimus
3410 3447 3676 3503 Clemens

2101 3539 2423 3609 perfecisset
2453 3539 2714 3593 doctrinae
2738 3554 2959 3592 cursum
2993 3548 3048 3593 et
3064 3540 3422 3609 apostolatus,
3457 3547 3512 3592 et
3559 3555 3670 3606 per

2093 3631 2624 3688 consummationem
2661 3631 2903 3701 martyrii
2931 3631 3057 3684 hinc
3084 3630 3427 3694 excessisset,
3470 3640 3529 3685 ut
3551 3630 3682 3699 glo—

2094 3723 2229 3776 riosi
2260 3723 2379 3792 ejus
2410 3721 2658 3792 martyrii
2705 3722 2846 3777 liber
2882 3722 3181 3776 declaravit
3211 3722 3394 3793 (quem
3424 3737 3520 3776 vos
3551 3739 3672 3777 non

2093 3817 2346 3886 ignorare
2383 3823 2468 3869 est
2507 3814 2643 3867 mihi
2678 3813 3050 3882 persuasum),
3097 3829 3204 3866 non
3266 3813 3471 3883 justum
3517 3813 3681 3882 judi-

2091 3909 2235 3964 cavit
2265 3907 2311 3961 is
2345 3906 2439 3977 qui
2473 3922 2588 3969 eos,
2615 3906 2707 3976 qui
2743 3906 2920 3975 ipsum
2966 3905 3294 3974 gloriﬁcant,
3326 3905 3595 3975 gloriﬁeat
3624 3907 3678 3970 ',

2090 4022 2198 4062 non
2229 4007 2406 4075 ipsum
2447 4004 2686 4059 vicissim
2719 4002 3048 4073 gloriﬁcare,
3105 4001 3200 4071 qui
3241 4017 3338 4069 pro
3369 4016 3556 4054 amore
3610 4001 3679 4056 in

2090 4114 2216 4154 eum
2263 4099 2344 4152 sic
2394 4093 2695 4151 decertavit
2759 4114 2772 4149 :
2815 4093 2910 4148 sed
2953 4107 3081 4148 eum
3142 4093 3298 4148 valde
3350 4093 3682 4163 gloriﬁcare

2088 4199 2144 4245 et
2175 4188 2461 4259 magniﬁce
2501 4188 2786 4249 extollere,
2820 4192 2960 4242 etut
3007 4186 3061 4239 in
3107 4186 3246 4240 coelo
3297 4185 3523 4254 angelis,
3584 4184 3682 4240 ita

2089 4283 2252 4336 etiam
2278 4281 2366 4335 hic
2396 4279 2712 4333 hominibus
2739 4294 2864 4333 eum
2913 4277 3144 4332 reddere
3189 4276 3574 4332 clarissimum.
3614 4285 3692 4334 et

410 4357 516 4413 fuit
548 4373 693 4413 veras
740 4360 950 4428 palmes
1001 4360 1130 4415 vitis
1175 4361 1404 4426 Christi,
1447 4377 1546 4430 per
1602 4378 1767 4432 quem
1818 4366 1980 4421 nobis
2013 4379 2058 4434 ι)
2088 4371 2321 4426 maxime
2371 4366 2742 4422 venerandum
2794 4381 2890 4434 per
2937 4364 3216 4428 miracula,
3266 4363 3551 4427 miracula,
3581 4365 3692 4419 in-

407 4464 704 4520 expressus
733 4449 929 4504 botrus
958 4451 1243 4516 doctrinae,
1290 4455 1509 4521 pietatis
1533 4462 1588 4508 et
1630 4455 1824 4510 salutis
1857 4473 1977 4511 mu-

409 4553 554 4598 stum
585 4542 746 4597 nobis
778 4542 992 4597 eﬁ‘udit.
1022 4543 1340 4609 Clementis,
1360 4545 1452 4614 qui
1487 4545 1592 4599 fuit
1630 4562 1772 4600 verte
1797 4549 1979 4613 scalm,

2080 4472 2516 4534 quam,quorum
2536 4456 2960 4525 magnitudinem
2999 4470 3152 4509 mens
3172 4470 3277 4508 non
3304 4463 3483 4522 potest
3512 4469 3690 4509 com-

2079 4549 2441 4624 prehendere.
2483 4560 2585 4600 nec
2617 4545 2793 4598 oratio
2844 4543 3034 4597 dicere
3074 4541 3515 4606 multitudinem,
3551 4556 3680 4597 ne—

407 4650 530 4704 que
591 4649 693 4690 nos
740 4649 848 4688 non
895 4635 1178 4690 deducunt
1249 4635 1316 4688 ad
1383 4636 1674 4691 sublimem
1739 4639 1978 4708 aliquam
2083 4661 2189 4714 que
2230 4656 2420 4696 manus
2447 4637 2760 4707 exprimere
2787 4635 3138 4689 inﬁnitatem.
3170 4634 3242 4690 Ut
3271 4649 3403 4704 ergo
3434 4649 3500 4688 ex
3533 4632 3682 4686 ﬁm-

405 4735 569 4781 terraa
636 4725 1007 4789 altitudinem,
1069 4725 1164 4780 sed
1229 4725 1490 4780 virtutum
1559 4725 1982 4782 ascensionibus

406 4825 667 4889 tanquam
708 4819 984 4890 aliquibus
1025 4819 1286 4890 gradibus
1319 4836 1422 4876 nos
1453 4820 1520 4876 ad
1549 4823 1749 4876 caelum
1797 4831 1978 4879 trans-

405 4909 632 4965 mittunt
664 4921 720 4965 et
753 4910 1022 4976 ccelestia,
1057 4911 1216 4967 scala:
1255 4928 1378 4982 quae
1423 4913 1491 4967 iis
1555 4929 1677 4983 quae
1732 4930 1762 4969 a
1809 4915 1977 4970 Jacob

403 5001 538 5057 visa:
569 5008 721 5066 sunt,
755 5001 892 5056 nihil
924 5011 1050 5058 sunt
1096 5003 1410 5069 inferiores,
1463 5019 1574 5058 non
1625 5006 1979 5062 ostendentes

404 5095 568 5148 nobis
589 5095 812 5163 angelos
834 5110 932 5164 per
965 5111 1056 5150 eas
1082 5096 1442 5152 ascendentes
1473 5105 1529 5151 et
1550 5097 1975 5166 descendentes,

403 5185 500 5240 sed
541 5185 860 5240 liomninum
904 5187 1118 5242 animas
1162 5187 1874 5258 divinisladmonitionibus,
1924 5200 1984 5244 ut

405 5291 530 5345 quae
558 5293 587 5332 a
620 5279 882 5349 gradibus
912 5280 966 5333 in
1001 5281 1202 5349 gradus
1243 5297 1339 5350 per
1384 5281 1618 5335 virtutes
1682 5281 1747 5335 ad
1809 5283 1979 5335 Dcum

404 5367 700 5424 deducant.
738 5371 909 5444 Cujus
941 5372 1162 5442 quidem
1215 5373 1540 5429 miraculum
1577 5389 1700 5426 cum
1740 5389 1848 5428 non
1897 5375 1983 5428 di-

406 5459 674 5525 dieeritis,
738 5478 771 5516 ο
833 5464 1204 5532 pulcherrime
1272 5476 1327 5520 et
1392 5465 1706 5520 ﬁdelissime
1781 5477 1977 5532 coetus,

410 5551 573 5618 quale
600 5554 671 5606 sit
722 5563 777 5606 ct
807 5565 1094 5624 quantum,
1130 5558 1345 5622 audire,
1378 5566 1436 5610 ut
1469 5555 1572 5609 viri
1607 5557 1704 5624 pii,
1750 5566 1981 5611 conten-

569 5733 686 5789 Psal
754 5750 913 5803 l.\\'ll,
967 5738 1051 5790 3:5.
1168 5738 1336 5791 ’l‘sal
1404 5738 1578 5799 ςτιι,6.

1664 5740 1838 5792 3Psal.
1868 5757 2042 5804 LXVFI,
2075 5742 2090 5794 l
2118 5745 2155 5795 ί.

2082 4735 2224 4800 bria,
2269 4744 2326 4788 ut
2351 4740 2434 4790 est
2463 4733 2517 4786 in
2547 4730 2863 4801 proverbio,
2901 4737 3111 4781 textum
3147 4741 3389 4798 pannum
3433 4723 3688 4794 possitis

2086 4841 2436 4897 cognoscere,
2488 4824 2541 4877 id
2594 4822 2752 4877 vobis
2805 4820 3064 4883 narrabo,
3123 4819 3269 4889 quod
3321 4817 3474 4886 prius
3530 4830 3687 4870 sum

2089 4919 2384 4990 pollicitus.
2433 4917 2570 4972 Cum
2627 4912 2954 4969 venerandae
3012 4909 3345 4966 sanctissimi
3400 4909 3690 4977 martyris

2085 5010 2385 5066 Clementis
2407 5005 2655 5077 reliquiae
2702 5005 2756 5059 in
2813 5001 2981 5056 maris
3025 4999 3360 5071 profundum
3414 4998 3680 5055 fuissent

2085 5103 2341 5173 projectaa
2368 5101 2436 5156 ab
2463 5101 2646 5171 impiis
2681 5099 2786 5153 illis
2817 5096 3124 5153 cultoribus
3148 5093 3565 5148 srmulacrorum
3607 5104 3687 5146 et.

2081 5194 2185 5250 eas'
2211 5193 2518 5263 excepisset
2548 5192 2812 5260 templum
2842 5191 2894 5242 in
2929 5185 3204 5257 profundo
3235 5200 3264 5237 a
3311 5185 3422 5237 Deo
3477 5182 3639 5236 τιεάὶίί

2083 5295 2282 5347 catum,
2304 5285 2392 5338 hic
2423 5299 2642 5353 quoque
2671 5285 2969 5337 maximum
2995 5281 3125 5335 fecit
3155 5279 3479 5334 miraculum
3511 5276 3689 5332 Deus

2083 5375 2508 5428 admirabilium.
2555 5374 2692 5428 Cum
2754 5374 2902 5428 enim
2959 5373 3062 5426 hoc
3124 5372 3326 5426 factum
3380 5377 3548 5428 esset,
3612 5383 3693 5423 et

2082 5468 2202 5537 ejus
2231 5467 2484 5536 discipuli
2520 5465 2718 5520 ﬁerent
2751 5481 2876 5519 cum
2934 5466 3002 5520 iis
3053 5465 3148 5533 qui
3209 5462 3322 5516 illic
3374 5469 3534 5514 erant
3596 5458 3688 5512 ti-

2078 5557 2314 5621 delibus,
2357 5569 2409 5612 et
2454 5567 2514 5613 ut
2563 5564 2940 5611 sacrosanctus
2987 5553 3211 5624 gloriosi
3267 5551 3522 5622 martyris
3567 5565 3677 5606 rc-

2235 5740 2380 5793 ην.
2412 5740 2556 5801 1,17.
2588 5767 2596 5772 -
2642 5739 2659 5766 '
2685 5737 2703 5792 l
2729 5738 2859 5806 Rvg.
2909 5752 2959 5796 ιι,
2993 5735 3079 5789 50.
