4072 6390
327 333 443 399 135

1394 334 1577 395 VITA
1612 335 1678 398 S.
1716 335 2158 401 CLEMENTIS
2198 340 2526 409 ROMANI.

3498 341 3602 408 136

327 440 541 510 liquias
593 436 677 493 eis
714 436 1060 527 ostenderet,
1109 439 1257 509 quod
1322 442 1490 498 etiam
1546 444 1752 501 factum
1808 456 1915 512 est,
1948 447 2192 509 Afundo
2234 457 2577 522 mandatum,
2623 454 2757 527 quid
2788 471 2927 525 opus
2956 464 3036 510 est
3086 454 3274 510 dicere
3326 462 3382 509 et
3432 456 3609 522 patris

332 531 514 584 Deum
566 526 848 596 supplices
915 538 1210 598 rogarent,
1278 533 1534 601 protinus
1591 534 1922 589 immensum

334 619 475 674 illud
506 618 731 689 pelagus
778 616 1054 673 desistens
1106 627 1164 673 et
1204 623 1583 685 retrocedens.
1624 624 1809 681 eﬁ‘ecit
1857 635 1920 681 ut

338 710 679 783 profundum
711 710 854 764 adiri
892 719 1075 779 posset
1120 726 1153 765 a
1207 711 1464 769 ﬁdelibus
1508 731 1679 785 usque
1703 717 1771 771 ad
1812 718 1917 773 tria

340 802 624 856 milliaria.
684 800 925 870 Ingressi
983 809 1195 864 autem,
1240 800 1576 860 invenerunt
1634 806 1925 863 habitacu-

342 894 461 948 lum
494 894 664 946 instar
697 890 885 961 templi
936 894 1250 957 marmorei,
1304 905 1360 949 et
1391 897 1503 951 illic
1536 898 1590 951 in
1633 914 1795 967 capsa
1849 899 1926 954 la-

346 986 516 1055 pidea
586 984 962 1041 sanctissimas
1025 994 1082 1040 et
1158 987 1586 1056 gloriosissimas
1668 995 1926 1064 martyris

347 1076 553 1132 Christi
606 1077 877 1144 repositas
924 1076 1207 1144 reliquias.
1249 1078 1351 1143 Qui
1404 1094 1530 1133 cum
1604 1084 1928 1139 statuissent

349 1166 724 1224 sanctissimas
752 1180 823 1221 ex
873 1166 1148 1237 profundo
1187 1169 1382 1223 tollere
1438 1171 1705 1241 reliquias
1750 1184 1921 1228 noctu

352 1258 617 1313 accedens
646 1268 891 1322 sanctus,
927 1273 1023 1313 eos
1057 1259 1137 1313 sic
1166 1268 1251 1314 est
1288 1261 1591 1317 allocutus:
1644 1265 1931 1334 Reliquias

353 1349 573 1419 quidem
589 1349 757 1403 nolite
780 1348 1000 1413 tollere;
1025 1346 1166 1405 banc
1187 1360 1365 1407 autem
1388 1354 1542 1408 vobis
1560 1356 1801 1410 concedo
1818 1372 1935 1426 gra-

358 1441 510 1506 tiam,
541 1449 605 1494 ut
632 1439 866 1511 singulis
888 1440 1048 1495 annis
1107 1440 1197 1495 die
1248 1459 1381 1497 mete
1416 1443 1808 1500 deccrtationis
1849 1462 1935 1502 se-

354 1544 504 1605 ptem
524 1534 644 1587 dies
669 1549 819 1588 mare
838 1531 1210 1596 retrocedens,
1231 1535 1470 1603 praebeat
1487 1537 1591 1590 iter
1608 1553 1704 1606 per
1728 1538 1933 1593 siccum

356 1622 774 1694 ingrediendum
801 1622 1102 1693 hucusque.
1130 1624 1285 1689 Quod
1312 1633 1496 1680 autem
1514 1625 1937 1693 dixerat,dedu-

355 1724 507 1768 ctum
536 1723 621 1769 est
644 1715 711 1769 ad
730 1713 1011 1770 effectum.
1029 1715 1111 1769 Ab
1138 1731 1204 1769 eo
1226 1715 1373 1770 enim
1408 1725 1655 1787 tempore
1688 1733 1859 1788 usque
1879 1719 1936 1773 in

355 1806 689 1861 hodiernum
715 1805 860 1860 diem
880 1806 1114 1877 singulis
1141 1807 1304 1862 annis
1334 1808 1393 1861 ﬁt
1445 1807 1550 1864 ltoc
1593 1809 1938 1863 miraculum.
1976 1798 2017 1855 Β

358 1897 505 1963 Quid
548 1907 636 1953 est
684 1897 791 1952 boc
821 1899 1007 1954 minus
1061 1899 1396 1966 faciendum,
1430 1917 1591 1971 quam
1622 1902 1787 1957 Mosis
1838 1901 1941 1956 mi-

359 1990 652 2044 raeulum?
695 1988 837 2055 Quid
872 2005 1004 2044 vero
1034 1990 1200 2047 Elisei
1250 1992 1437 2056 vilius,
1474 2002 1570 2048 aut
1598 1993 1782 2048 minus
1824 1995 1942 2064 glo-

359 2082 619 2136 riosum?
649 2081 764 2135 Imo
788 2098 921 2137 vero
960 2092 1047 2139 est
1094 2084 1257 2154 longe
1308 2086 1484 2156 majus
1521 2096 1577 2141 et
1623 2087 1937 2157 gloriosius.

360 2167 458 2222 Ille
483 2169 630 2222 enim
666 2168 814 2239 virga
865 2179 922 2225 et
963 2172 1122 2227 vivus
1154 2182 1210 2228 et
1256 2175 1427 2230 semel
1473 2192 1623 2231 mare
1658 2177 1939 2243 scindens,

363 2261 540 2314 maris
569 2260 899 2329 profundum
945 2272 1006 2317 ttt
1059 2263 1164 2319 iter
1194 2274 1361 2328 esset,
1401 2266 1622 2322 eﬁ’ecit:
1672 2268 1762 2323 hic
1810 2284 1942 2324 vero

366 2354 625 2408 similiter
656 2355 796 2423 pelle
822 2354 988 2409 ovilla
1016 2370 1212 2413 secans
1253 2358 1573 2425 Iordanem,
1603 2362 1773 2416 semel
1801 2378 1942 2431 quo-

368 2459 474 2513 que
500 2444 607 2501 hoc
638 2445 769 2501 fecit
817 2448 1186 2503 miraculum:
1255 2451 1525 2507 ambabus
1589 2454 1751 2523 aquis
1815 2463 1940 2523 post

370 2538 662 2594 transitum
716 2537 957 2592 redactis
1003 2539 1071 2593 ad
1102 2555 1258 2593 suam
1290 2550 1564 2604 naturam,
1609 2544 1814 2613 quibus
1839 2545 1944 2601 hoc

369 2643 646 2698 nunquam
670 2626 874 2682 factum
902 2636 987 2683 est
1007 2638 1212 2697 postea.
1235 2629 1334 2684 Hic
1349 2640 1530 2687 autem
1553 2644 1675 2701 post
1691 2641 1944 2699 mortem,

368 2730 423 2773 et
453 2734 562 2773 non
615 2719 808 2780 semel.
841 2719 937 2773 sed
969 2719 1038 2773 ab
1062 2735 1130 2773 eo
1156 2729 1401 2790 tempore
1440 2738 1610 2791 usque
1645 2723 1699 2776 in
1732 2723 1950 2777 hodier-

370 2826 501 2863 num
526 2809 691 2864 diem.
717 2808 762 2865 Ο
784 2810 1107 2865 miraculum
1134 2822 1190 2864 et
1214 2812 1441 2881 gloriam
1472 2813 1751 2882 martyris,
1787 2812 1948 2882 quale

374 2900 576 2953 donum
638 2906 725 2952 est
779 2910 1067 2954 assecutus
1112 2898 1343 2970 singulis
1367 2900 1525 2954 annis
1579 2900 1668 2954 die
1690 2900 1947 2971 gloriosa:

377 3005 489 3043 suae
516 2990 961 3044 decertationis?
998 2989 1220 3059 Septem
1250 2990 1399 3044 enim
1435 2990 1577 3055 dies,
1624 2991 1771 3045 sicut
1796 2991 1951 3061 prius

374 3082 635 3148 diximus,
679 3081 946 3159 recedens
977 3096 1126 3136 mare
1160 3081 1295 3136 illud
1321 3082 1620 3146 inﬁnitum,
1647 3082 1761 3152 piis
1818 3097 1955 3152 prte-

376 3176 467 3231 bet
507 3178 613 3231 iter
643 3176 823 3231 facile.

445 3269 538 3324 IV.
575 3268 714 3323 Cum
742 3269 845 3323 hoc
864 3283 997 3339 ergo
1026 3267 1105 3323 sic
1137 3266 1341 3322 factum
1375 3265 1451 3339 (l)
1482 3282 1676 3322 omnes
1710 3267 1805 3337 pii,
1842 3274 1950 3320 tam

379 3362 472 3431 qui
506 3368 667 3415 erant
692 3360 747 3413 in
779 3359 1023 3429 regione,
1070 3373 1234 3429 quam
1265 3357 1416 3411 cives
1459 3356 1758 3411 Chersonis
1800 3356 1959 3410 audi-

380 3455 613 3516 vissent,
664 3460 1030 3521 perrexerunt
1079 3449 1147 3504 ad
1180 3446 1663 3517 contemplandum
1714 3448 1957 3501 miracu-

383 3546 517 3599 lum.
544 3543 682 3599 Cum
710 3542 914 3612 quibus
943 3539 1166 3611 quidam
1199 3555 1419 3610 quoque
1443 3540 1530 3592 vir
1561 3538 1685 3607 pius
1715 3554 1840 3593 cum
1867 3539 1958 3608 pia

385 3651 555 3691 uxore
596 3646 653 3691 et
695 3634 806 3689 ﬁlio
873 3633 1141 3699 masculo,
1199 3631 1267 3687 ad
1324 3631 1655 3687 sacrosancti
1705 3631 1963 3703 martyris

387 3727 649 3797 templum
720 3725 864 3779 viam
936 3732 1267 3795 peregerunt
1320 3733 1578 3792 prompto
1643 3730 1698 3776 et
1757 3722 1962 3777 alacari

385 3819 590 3875 animo.
626 3817 766 3873 Cum
797 3828 981 3871 autem
1009 3816 1076 3871 ad
1108 3816 1289 3870 locum
1325 3814 1728 3885 pervenissent,
1764 3824 1821 3869 et
1857 3815 1963 3869 mi-

388 3910 629 3966 raculum
670 3908 817 3978 quod
877 3908 1059 3962 adhuc
1094 3906 1283 3972 ﬁebat,
1328 3906 1961 3977 aspexissent.ingressi

387 4011 513 4057 sunt
535 4001 670 4055 illud
710 4000 971 4070 templum
1004 3998 1151 4068 quod
1192 3999 1261 4053 ad
1310 4000 1421 4054 Deo
1469 3999 1799 4054 aediﬁcatum
1842 3997 1963 4052 fue-

390 4102 472 4148 rat
499 4092 554 4147 in
604 4090 911 4162 profundo;
944 4099 1001 4145 et
1034 4104 1158 4144 cum
1190 4088 1259 4143 ad
1313 4104 1532 4159 capsam
1580 4088 1964 4151 accessissent,

388 4184 662 4254 supplices
704 4189 957 4236 sanctum
1006 4180 1298 4250 rogabant,
1337 4189 1592 4249 petentes
1639 4189 1699 4234 ut
1743 4194 1841 4248 per
1881 4177 1967 4246 ip-

388 4291 508 4329 sum
540 4273 648 4328 sibi
692 4272 917 4326 daretur
942 4273 1161 4325 veniam
1208 4279 1560 4339 peccatorum
1589 4288 1604 4332 ;
1651 4278 1707 4325 et
1741 4284 1968 4340 precan-

393 4377 502 4431 tur,
538 4373 602 4418 ut
632 4363 744 4417 ﬁlio
777 4363 1002 4418 daretur
1024 4363 1138 4417 vita
1171 4363 1351 4431 longa,
1393 4371 1450 4416 et
1508 4362 1681 4416 nullis
1725 4360 1967 4416 obnoxia

391 4455 818 4520 calamitatibus,
860 4464 919 4509 et
945 4470 1111 4524 Opum
1163 4455 1344 4525 copia,
1397 4462 1455 4510 et
1500 4469 1623 4523 qua:
1670 4460 1965 4507 consenta-

391 4563 556 4603 neum
584 4555 669 4600 est
697 4555 884 4614 petere
944 4552 1198 4615 parentes
1258 4542 1373 4598 ﬁlio
1427 4544 1612 4597 unico.
1665 4542 1965 4611 Postquam

390 4656 520 4712 ergo
551 4656 750 4711 preces
779 4638 1144 4709 peregissent,
1174 4644 1227 4690 et
1261 4634 1439 4690 sancti
1469 4633 1969 4711 osculatifuissent

394 4735 679 4804 reliquias,
709 4732 1015 4787 redierunt.
1053 4727 1159 4794 Qui
1192 4742 1317 4782 cum
1343 4726 1550 4797 egressi
1582 4735 1790 4791 essent,
1830 4740 1972 4794 aqua

394 4840 593 4881 rursus
636 4825 693 4879 in
727 4838 889 4878 suum
919 4822 1099 4876 locum
1132 4820 1317 4875 rediit.
1340 4818 1423 4873 Illi
1469 4826 1652 4872 autem
1694 4816 1970 4878 conversi,

394 4927 451 4973 et
477 4916 626 4988 quod
652 4916 806 4987 prius
837 4923 959 4973 erat
1008 4913 1139 4977 iter,
1182 4912 1408 4984 pelagus
1453 4910 1803 4980 aspicientes,
1862 4907 1971 4962 buc

396 5019 453 5063 et
507 5009 639 5063 illuc
693 5005 1225 5075 circumspicientes,
1283 5002 1457 5056 ﬁlium
1500 5016 1748 5070 quaerere
1780 5013 1978 5069 aggre-

396 5102 710 5157 diebantur.
734 5100 785 5155 Is
835 5105 1017 5153 autem
1053 5097 1109 5152 in
1138 5110 1263 5151 arca
1291 5092 1465 5149 sancti
1508 5102 1884 5151 remanserat;
1925 5097 1983 5144 et

400 5194 506 5247 hoc
544 5207 655 5247 non
715 5189 993 5245 oblivione
1044 5196 1359 5257 parentum,
1414 5184 1510 5239 sed
1549 5183 1647 5237 Dei
1698 5183 1983 5236 voluntate

400 5283 605 5336 factum
628 5289 734 5343 est,
758 5287 820 5333 ut
846 5279 901 5333 in
937 5278 1039 5333 hoc
1058 5291 1282 5348 quoque
1308 5282 1609 5345 martyrem
1634 5270 1843 5328 faceret
1868 5286 1982 5325 ma-

401 5363 485 5443 gis
513 5372 922 5427 admirabilem.

482 5460 546 5515 ν.
586 5461 723 5515 Cum
752 5476 884 5530 ergo
915 5465 1173 5529 parentes
1198 5472 1307 5513 non
1340 5455 1654 5512 invenirent
1692 5454 1888 5520 ﬁlium,
1921 5464 1977 5509 et

402 5554 738 5624 cogitassent
767 5569 1000 5626 puerum
1049 5551 1221 5608 fuisse
1253 5565 1283 5605 a
1317 5565 1378 5606 se
1426 5546 1694 5604 oblivioni
1743 5548 1799 5601 in
1850 5562 1981 5617 pro-

2031 548 2477 617 lamentationes,
2506 558 2562 604 et
2589 550 2779 613 matris
2801 549 3078 620 eiulatus?
3101 549 3433 603 Praeclarum
3460 550 3608 602 enim

2032 642 2167 697 illud
2198 643 2395 697 festum
2448 652 2842 698 converterunt
2874 643 2929 697 in
2964 643 3436 698 lamentationem.
3466 642 3612 708 Quid

2030 731 2177 786 enim
2205 748 2315 786 non
2346 731 2648 787 dicebant?
2676 734 2819 800 Quid
2848 750 2956 789 non
2991 734 3265 790 faciebant
3294 750 3362 788 ex
3394 734 3461 787 iis
3489 750 3612 802 quae

2032 834 2460 881 consentaneum
2521 837 2650 889 est,
2727 828 2814 881 vel
2878 827 3054 897 ipsum
3139 826 3375 896 lapidem
3448 841 3612 894 posse

2035 933 2256 972 movere
2284 918 2352 972 ad
2384 920 2690 991 lacrymas?
2736 921 2909 975 Mater
2939 920 3087 973 enim
3134 919 3326 973 oculos
3354 917 3420 972 ad
3465 934 3615 972 mare

2035 1011 2362 1075 extendens,
2413 1020 2467 1066 et
2506 1027 2703 1065 manus
2760 1011 2815 1065 in
2871 1011 3045 1065 altum
3082 1010 3373 1075 extollens,
3425 1020 3616 1063 sancto

2037 1101 2172 1155 tales
2202 1116 2368 1156 voces
2399 1102 2726 1156 emittebat:
2761 1099 2856 1155 Hae
2885 1111 3037 1166 sunt,
3071 1116 3104 1154 ο
3131 1108 3341 1163 sancte,
3376 1108 3484 1152 tuae
3522 1114 3612 1152 re-

2039 1192 2492 1248 munerationes?
2518 1199 2729 1248 hancne
2779 1192 2964 1246 reddis
2994 1191 3224 1261 gratiam
3248 1190 3317 1244 iis
3339 1189 3434 1258 qui
3464 1195 3618 1242 tanto

2040 1285 2119 1340 tui
2176 1285 2453 1340 desiderio
2507 1286 2573 1341 ad
2616 1295 2667 1341 te
2707 1284 3107 1339 accurrerunt?
3161 1281 3388 1335 Hancne
3432 1277 3619 1333 reddi-

2040 1381 2169 1436 disti
2197 1381 2505 1436 mercedem
2538 1394 2636 1451 pro
2681 1379 2889 1443 labore,
2922 1394 3085 1448 quem
3142 1392 3300 1448 passa
3345 1390 3491 1435 sum,
3545 1389 3613 1428 ex

2041 1489 2152 1545 quo
2182 1474 2428 1528 accessi?
2478 1473 2580 1528 Ubi
2604 1472 2843 1527 cstmibi
2880 1471 3063 1526 ﬁlius?
3088 1467 3192 1526 Ubi
3240 1467 3351 1522 nati
3385 1465 3491 1521 mei
3530 1464 3619 1519 vi-

2043 1582 2193 1622 scera
2247 1565 2457 1621 marina
2510 1564 2689 1619 bellua
2756 1562 3058 1619 laceravit?
3104 1559 3371 1627 Quisnam
3431 1567 3619 1612 autem

2043 1660 2342 1713 vehemens
2370 1660 2659 1728 insurgens
2687 1657 2907 1720 ﬂuctus,
2941 1670 3068 1709 eum
3117 1653 3302 1707 vivum
3356 1660 3618 1719 tanquam

2044 1752 2358 1822 sepulcrum
2438 1750 2694 1821 operuit?
2758 1748 3061 1815 Quemnam
3122 1743 3288 1799 ntodo
3357 1739 3620 1810 aspiciam

2045 1846 2250 1901 oculis?
2295 1845 2401 1899 Pro
2469 1860 2579 1914 quo
2624 1858 2756 1897 vero
2817 1839 3029 1895 orabo?
3081 1835 3218 1903 Quis
3279 1841 3464 1888 autem
3515 1828 3625 1889 crit

2044 1954 2179 1994 mea:
2208 1937 2511 1993 senectutis
2536 1933 2800 1990 baculus?
2844 1931 2977 1993 Cur,
3026 1944 3061 1985 ο
3108 1938 3320 1990 sancte,
3376 1940 3489 1979 non
3544 1919 3627 1976 fe-

2044 2031 2166 2087 cisti
2200 2045 2288 2085 me
2316 2045 2437 2084 esse
2486 2028 2689 2082 sociam
2716 2024 2913 2079 mortis
2944 2022 3039 2077 ﬁlii
3068 2020 3197 2083 mei,
3244 2028 3300 2072 ut
3343 2014 3623 2086 quomodo

2046 2126 2111 2179 ad
2148 2133 2199 2179 te
2241 2122 2448 2177 accessi
2479 2135 2606 2175 eum
2655 2134 2822 2172 manu
2867 2123 3085 2179 tenens,
3138 2113 3215 2167 ita
3268 2109 3436 2166 etiam
3494 2122 3621 2162 eum

2048 2219 2192 2273 ulnis
2221 2216 2424 2279 ferens,
2480 2213 2670 2271 infelix
2715 2212 2781 2265 ad
2833 2210 3040 2264 inferos
3094 2202 3523 2260 descenderem:
3578 2195 3623 2251 Ο

2048 2326 2196 2364 mare
2243 2316 2298 2363 et
2327 2305 2684 2377 profundum,
2714 2316 2955 2371 quonam
2994 2298 3071 2352 tui
3106 2297 3229 2351 sinu
3259 2308 3439 2348 meum
3470 2300 3627 2345 tene-

2051 2406 2133 2459 bis
2193 2402 2409 2457 ftlium?
2460 2398 2747 2464 Quomodo
2796 2405 2977 2449 autem
3024 2406 3153 2446 eum
3206 2400 3429 2458 quoque
3473 2381 3628 2437 ales?

2048 2496 2147 2551 Ilei
2179 2495 2335 2558 milii,
2372 2489 2687 2546 miserande
2737 2485 2850 2553 ﬁli;
2912 2485 3012 2545 ﬁli.
3045 2492 3201 2551 rapte
3229 2487 3356 2532 ante
3383 2486 3625 2543 tempus;

2050 2590 2145 2653 ﬁli,
2210 2586 2488 2657 quomodo
2537 2600 2566 2638 a
2621 2582 2757 2637 meis
2834 2578 3012 2633 oculis
3072 2571 3365 2629 recesisti?
3413 2566 3628 2634 Quibus

2050 2682 2284 2755 pedibus
2322 2695 2382 2733 es
2418 2674 2756 2731 conversus?
2786 2671 3093 2738 Quemnam
3126 2676 3306 2721 autem
3361 2672 3619 2731 tanquam

2050 2789 2248 2844 agnum
2292 2770 2551 2839 aspiciam
2603 2762 2988 2821 exsilientem?
3044 2761 3207 2814 Pater
3241 2769 3375 2811 vero
3432 2765 3628 2807 rursus

2052 2878 2107 2924 et
2144 2881 2339 2921 manus
2367 2870 2423 2918 et
2468 2861 2660 2915 oculos
2712 2857 2939 2917 feriens,
2996 2854 3078 2908 sic
3130 2847 3625 2919 conquerebatur:

2050 2961 2181 3026 Cur,
2213 2974 2247 3014 ο
2278 2965 2487 3013 sancte.
2524 2969 2609 3007 me
2638 2956 2865 3019 repente
2912 2944 3108 3000 orbum
3164 2941 3339 2996 fecisti
3395 2936 3633 2994 liberis?

2051 3051 2162 3107 Cur
2206 3044 2522 3119 permisisti,
2574 3051 2635 3097 ut.
2672 3055 2827 3094 meus
2902 3037 3047 3091 ﬁlius
3091 3040 3403 3087 moreretur
3458 3036 3633 3081 morte

1981 3128 2023 3187 (ἶ
2058 3153 2167 3197 tam
2216 3136 2561 3194 miserabili?
2609 3132 2720 3188 Cur
2777 3128 2911 3184 mihi
2984 3126 3307 3192 obtigerunt
3355 3119 3632 3178 contraria

2058 3236 2125 3290 iis
2162 3249 2284 3303 qua:
2344 3227 2605 3300 speravi?
2671 3224 2857 3279 Ilacne
2910 3219 3015 3281 ﬁde
3054 3217 3123 3272 ad
3160 3226 3212 3271 te
3260 3211 3637 3283 accessimus?

2059 3325 2286 3383 Taliane
2344 3330 2471 3377 sunt
2509 3320 2651 3374 dona
2693 3324 2992 3386 martyrum
3034 3310 3088 3365 in
3141 3323 3237 3363 eos
3267 3306 3362 3376 qui
3394 3303 3459 3357 ad
3488 3304 3637 3371 ipsos

2059 3435 2258 3490 magno
2284 3414 2555 3471 accedunt
2597 3407 2917 3469 desiderio?
2961 3405 3175 3460 Revera
3229 3416 3342 3454 non
3399 3406 3478 3459 tu,
3536 3393 3632 3449 sed

2060 3510 2313 3585 procellae
2372 3520 2620 3561 meorunt
2679 3510 3032 3587 peccatorum
3097 3495 3235 3549 mari
3292 3490 3641 3545 tradideru'tt

2064 3580 2257 3660 ﬁlium.
2291 3600 2336 3657 Ο
2369 3599 2445 3655 ﬁli
2476 3597 2574 3661 mi,
2606 3596 2731 3667 quis
2781 3580 2866 3648 tui
2894 3589 3097 3646 mortui
3130 3585 3349 3643 claudet
3407 3582 3597 3638 oculos
3618 3580 3643 3632 ἲ

2063 3698 2198 3766 Quis
2243 3706 2294 3750 te
2335 3703 2517 3750 autem
2549 3696 2843 3759 componet
2875 3686 2940 3740 ad
2969 3679 3324 3752 sepulcrum?
3377 3676 3638 3742 Qutenatn

2063 3807 2196 3847 vero
2231 3790 2390 3843 tlteca
2447 3785 2738 3855 pulchrum
2771 3793 2925 3834 tuum
2953 3786 3009 3832 et
3042 3771 3350 3845 jucundum
3383 3774 3529 3838 teget
3564 3773 3645 3855 ta-

2066 3879 2468 3940 bernaculum?
2511 3878 2591 3931 An
2626 3874 2849 3930 omnino
2878 3870 3100 3940 quidem
3133 3873 3256 3918 tuos
3294 3860 3486 3914 oculos
3511 3853 3647 3909 texit

2069 3994 2241 4044 mare,
2272 3989 2330 4032 et
2372 3973 2590 4045 sepeliit
2644 3967 3005 4041 profundutn,
3055 3973 3112 4017 et
3168 3958 3267 4015 tibi
3317 3955 3482 4009 theca
3542 3949 3648 4005 fuit

2068 4078 2263 4126 venter
2290 4066 2523 4137 piscium
2547 4063 2560 4116 l

2137 4161 2231 4217 Vl.
2265 4161 2403 4214 Cum
2432 4157 2512 4211 sic
2540 4162 2725 4209 autem
2762 4150 3088 4219 plangerent
3118 4153 3177 4198 ct
3203 4143 3649 4196 lamentarentur

2069 4262 2348 4326 parentes.
2378 4246 2600 4319 quidam
2626 4260 2693 4300 ex
2742 4242 2809 4297 iis
2834 4241 2927 4310 qui
2965 4239 3098 4293 illuc
3127 4237 3524 4295 convenerant,
3552 4227 3646 4280 vix

2071 4322 2291 4401 tandem
2324 4341 2406 4395 eis
2445 4340 2866 4408 persuaserunt,
2901 4340 2965 4385 ut
2996 4333 3283 4384 cessarent
3311 4339 3342 4376 a
3370 4322 3650 4376 lamenta-

1998 4462 2043 4516 ι)
2074 4438 2241 4491 tione.
2271 4435 2408 4489 Cum
2441 4447 2471 4485 a
2503 4431 2655 4484 luctu
2713 4435 2896 4480 autem
2946 4434 3142 4491 parum
3184 4421 3515 4477 cessassent,
3548 4410 3653 4464 do-

2073 4544 2223 4584 mum
2250 4526 2528 4580 abierunt.
2558 4520 2695 4576 Cum
2727 4531 2859 4586 ergo
2905 4524 3121 4583 tempus
3154 4506 3540 4580 processisset,
3595 4508 3654 4557 et

2073 4619 2354 4677 memoriae
2383 4613 2557 4670 sancti
2591 4610 2845 4680 martyris
2867 4607 2983 4662 dies
3012 4604 3320 4663 venissent,
3355 4599 3474 4652 bace
3507 4596 3653 4649 inter

2073 4728 2131 4768 se
2178 4708 2456 4771 dicebant,
2512 4700 2783 4758 recordati
2844 4696 2931 4752 sui
2988 4695 3127 4753 ﬁlii:
3182 4688 3429 4759 Agedum
3477 4681 3650 4754 proﬁ—

2074 4805 2345 4859 ciscamur
2378 4797 2445 4853 ad
2476 4804 2751 4854 sanctum,
2788 4798 2867 4854 ut,
2896 4790 2941 4844 si
2990 4787 3115 4841 ull-.e
3174 4780 3446 4849 reliquiae,
3495 4772 3646 4845 quod

2078 4894 2194 4949 ﬁeri
2227 4907 2337 4947 non
2374 4896 2573 4960 potest,
2614 4880 2983 4938 remanserint
3014 4875 3186 4932 nostri
3220 4873 3340 4938 ﬁlii,
3392 4885 3488 4924 eas
3510 4866 3656 4921 acci-

2074 4986 2308 5056 piamus,
2340 4991 2548 5036 etcum
2585 4983 2795 5040 sancto,
2826 4970 3045 5044 judicio
3079 4963 3516 5025 contendamus;
3569 4965 3653 5023 ut,

2076 5053 2121 5133 si
2157 5075 2271 5130 ﬁeri
2304 5073 2498 5144 possit,
2552 5068 2663 5124 illic
2716 5065 3051 5127 moriamur,
3099 5056 3291 5113 mortis
3331 5053 3653 5108 societatem

2078 5169 2332 5222 ineuntes
2357 5179 2480 5219 cum
2508 5162 2640 5216 ﬁlio.
2672 5159 2810 5214 Cum
2841 5157 2958 5210 baac
2999 5166 3129 5223 ergo
3156 5148 3457 5209 dixissent,
3510 5156 3656 5195 non-

2076 5264 2208 5318 dutn
2241 5260 2311 5315 iis
2344 5273 2465 5328 qua:
2522 5254 2870 5313 dicebantur,
2927 5248 3094 5301 ﬁnem
3150 5242 3548 5309 imposuerant,
3601 5241 3660 5286 et

2076 5360 2366 5423 coeperunt
2394 5351 2499 5403 iter
2547 5343 2785 5413 ingredi.
2817 5340 2957 5395 Cum
3005 5350 3137 5390 vero
3177 5328 3565 5389 accessissent,
3598 5330 3657 5376 et

2085 5416 2393 5503 ad-locum
2436 5439 2841 5512 pervenissent,
2884 5440 2942 5487 et
2998 5441 3150 5482 mare
3225 5416 3657 5512 retrocessisset,

2087 5541 2198 5597 Deo
2226 5539 2319 5593 hic
2342 5504 2560 5606 quoque
2586 5532 2763 5586 honor
2792 5532 2917 5580 ante
2952 5529 3247 5590 martyrem
3275 5510 3371 5567 ﬁlii
3392 5507 3477 5566 sui
3512 5504 3661 5561 desi-

477 5756 558 5826 (l)
596 5756 857 5812 llucrtl‘cr
884 5772 934 5809 ο.
967 5756 1055 5819 35’,
1097 5754 1258 5823 Grcg.
1304 5750 1436 5808 Tur.
1483 5748 1560 5805 lib
1597 5765 1633 5803 ι.
1680 5747 1751 5800 οε
1802 5718 1970 5817 gloria
2016 5751 2332 5811 martyrum.
