4080 6374
394 255 504 321 187

1641 258 1929 320 MENSIS
1966 257 2410 323 NOVEMBER.

3551 255 3659 322 I38

392 372 549 429 derio
574 373 858 440 stimulati,
882 371 1044 444 primi
1065 370 1399 441 profundum
1421 369 1754 436 insilierunt,
1775 386 1982 441 eosque
2014 372 2055 430 Δ
2086 373 2280 430 rabilia
2320 384 2378 431 et
2408 375 2569 446 longe
2611 373 2914 432 clarissima
2944 391 2958 428 :
3017 386 3261 444 praesens
3321 380 3504 428 autem
3554 374 3659 432 mir

391 479 628 535 sequens
657 464 892 518 vadebat
946 462 1263 518 multitudo.
1309 461 1448 518 Cum
1481 472 1664 518 autem
1692 463 1977 532 pervenis-

392 565 515 611 sent
544 556 613 609 ad
662 555 932 625 imprimis
966 555 1340 609 venerandum
1379 555 1642 625 templum
1697 556 1977 626 martyris,

395 646 450 716 (ο
492 645 887 706 miraculum!)
923 647 1111 702 vident
1135 662 1295 702 suum
1323 646 1495 702 filium
1529 647 1732 711 vivum,
1791 647 1977 702 laetum

397 743 454 789 et
488 735 854 791 essilientem.
887 736 1023 791 Cum
1057 738 1136 791 sic
1164 746 1348 791 autem
1399 752 1431 792 a
1480 737 1758 793 miraculis
1787 736 1842 791 in
1872 736 1978 791 mi-

396 827 650 881 raculum
684 828 1028 893 incidissent,
1089 845 1257 898 reque
1319 829 1518 899 insigni
1551 838 1607 884 et
1660 827 1974 883 admirabili

392 929 582 975 essent
627 921 1014 990 obstupefacti,
1064 924 1301 991 primum
1349 923 1572 991 quidem
1622 922 1802 976 Deum
1852 923 1975 975 lau-

391 1012 628 1074 darunt;
671 1013 869 1068 deinde
919 1014 1143 1085 martyri
1202 1030 1423 1083 quoque
1454 1021 1687 1084 egerunt
1744 1014 1969 1084 gratias.

402 1104 680 1173 Deinceps
728 1121 861 1158 vero
917 1105 1319 1158 adolescentem
1354 1105 1787 1175 interrogarunt,
1836 1119 1976 1172 quo-

395 1195 563 1249 modo
599 1204 743 1249 esset
770 1206 1042 1258 servatus,
1078 1211 1314 1266 quonam
1356 1197 1689 1258 vivilicante,
1735 1211 1975 1266 quonam

394 1291 671 1343 servante,
723 1290 778 1335 et
860 1299 1097 1351 quonam
1160 1285 1482 1341 nutriente?
1578 1285 1725 1339 Puer
1787 1294 1973 1340 autem

396 1387 505 1426 una
566 1373 790 1441 quidem
857 1389 1020 1427 manu
1071 1386 1265 1430 tenens
1303 1391 1505 1440 arcam,
1566 1376 1738 1430 altera
1786 1388 1971 1430 autem

395 1480 559 1517 manu
598 1462 770 1532 digito
801 1463 1052 1517 indicans
1089 1481 1215 1519 eum
1254 1464 1347 1533 qui
1405 1466 1553 1519 intus
1588 1466 1830 1535 jacebat,
1881 1482 1973 1522 re-

397 1555 621 1623 spondit
679 1558 1188 1624 interrogantibus:
1244 1555 1343 1610 Hic
1411 1567 1534 1625 post
1588 1557 1758 1611 Deum
1822 1573 1978 1612 meus

398 1656 586 1700 custos
613 1654 669 1700 et
699 1647 809 1700 vita
864 1656 921 1701 et
970 1647 1291 1701 alimentum
1342 1647 1468 1711 fuit,
1517 1657 1573 1703 et
1624 1649 1978 1717 prOpulsator

2085 467 2340 522 raculum
2375 477 2642 538 quantum
2688 482 2750 521 ea
2782 465 3114 532 exsuperat?
3163 462 3445 518 Attentius
3474 471 3658 521 autem

2079 558 2214 611 mihi
2250 559 2540 614 considera
2590 557 2842 612 miraculi
2898 554 3307 611 excellentiam.
3351 553 3503 612 Elius
3532 556 3659 626 qui-

2082 648 2209 704 dem
2244 660 2303 704 ut
2334 649 2488 719 prius
2514 648 2773 713 diximus,
2804 662 2985 717 nuper
3009 654 3287 701 mortuum
3315 662 3572 717 puerum,
3602 658 3660 702 et

2079 743 2173 811 qui
2234 742 2477 796 nondum
2538 740 2848 807 refrixerat,
2897 737 2991 793 sed
3033 737 3217 792 adhuc
3274 737 3529 792 servabat
3562 753 3660 791 na-

2081 842 2221 888 tura:
2243 834 2504 893 calorem.
2559 831 2868 886 suscitavit.
2905 829 3074 884 Elisei
3108 843 3243 884 vero
3292 829 3469 883 virtus
3518 830 3660 883 dua—

2080 924 2184 979 bus
2215 924 2282 979 de
2312 923 2496 978 causis
2517 922 2646 978 fecit
2670 923 2997 977 miraculum
3025 937 3041 976 :
3080 936 3189 976 una
3217 920 3444 990 quidem
3476 933 3661 975 omen-

2078 1015 2218 1070 dens
2243 1015 2591 1084 pr0phetam,
2621 1013 2713 1083 qui
2747 1012 3103 1084 ignorabatur
3136 1029 3150 1066 :
3209 1014 3437 1066 alteram
3470 1020 3651 1071 autem

2080 1122 2189 1161 non
2224 1106 2540 1161 concedens
2569 1104 2772 1159 caedem
2801 1104 2968 1158 etiam
3005 1112 3130 1172 post
3155 1112 3409 1156 mortem.
3447 1101 3651 1156 Petrus

2077 1214 2212 1253 vero
2243 1214 2336 1251 sua
2359 1199 2584 1262 virtute,
2608 1205 2663 1250 et
2686 1195 2910 1265 adjutus
2944 1194 3113 1247 etiam
3140 1209 3333 1247 eorum
3367 1192 3655 1262 precibus,

2081 1290 2176 1359 qui
2208 1303 2237 1342 a
2268 1289 2433 1343 vidua
2466 1288 2687 1342 fuerant
2716 1285 2899 1341 allecti
2948 1284 3246 1345 beneﬁcio.
3284 1285 3403 1353 ipse
3437 1300 3660 1353 quoque

2080 1380 2337 1434 excitavit
2394 1394 2514 1434 eam
2579 1378 2744 1433 modo
2801 1385 3099 1431 mortuam.
3162 1376 3400 1429 Sanetus
3474 1386 3657 1429 autem

2082 1480 2288 1543 martyr
2318 1471 2572 1526 Clemens
2613 1472 2667 1540 (o
2697 1469 3025 1523 miraculum
3056 1469 3098 1535 ἓ)
3136 1483 3246 1522 non
3305 1483 3516 1527 recens,
3563 1466 3659 1520 sed

2079 1563 2188 1633 jam
2222 1578 2367 1617 anno
2402 1578 2513 1616 uno
2546 1570 2852 1621 mortuum,
2881 1559 2966 1613 vel
3001 1566 3063 1613 ut
3111 1558 3309 1613 melius
3365 1557 3566 1620 dicam,
3602 1556 3657 1610 in

2089 1669 2200 1708 uno
2227 1669 2448 1723 quoque
2482 1664 2715 1723 puncto,
2764 1662 2818 1707 et
2851 1652 2972 1720 ejus
2999 1651 3324 1704 tenuissima
3359 1660 3513 1719 parte
3543 1663 3660 1702 mo-

397 1737 710 1790 belluarum
775 1739 1133 1792 marinarum.
1211 1737 1312 1793 Hic
1363 1753 1448 1793 me
1497 1738 1748 1808 quotidie
1801 1711 2062 1795 alebatB
2094 1745 2350 1810 rientem,
2422 1744 2759 1799 conseravit.
2840 1743 3007 1800 Scitis
3059 1750 3243 1796 autem
3297 1756 3511 1805 omnes,
3570 1740 3663 1809 qui

398 1828 859 1898 splendidissime.

470 1919 579 1972 νη.
627 1919 892 1974 Parentes
925 1930 1106 1976 autem
1142 1922 1508 1978 admiratione
1557 1931 1613 1977 et
1662 1922 1854 1978 laetitia
1896 1921 1979 1977 af—

406 2009 563 2074 fecti,
615 2022 664 2065 et
707 2013 964 2083 martyris
999 2013 1103 2068 fide
1137 2016 1309 2085 magis
1335 2016 1664 2079 confirmati,
1700 2032 1796 2087 per
1821 2032 1985 2088 quem

399 2101 597 2165 lilium,
624 2118 787 2173 quem
823 2103 1089 2173 putabant
1122 2116 1424 2171 mortuum,
1459 2108 1733 2161 viventem
1761 2122 1987 2177 accepe-

401 2205 553 2260 runt,
610 2197 828 2267 priores
872 2197 1053 2251 luctus
1106 2206 1501 2252 converterunt
1552 2199 1619 2252 ad
1681 2198 1980 2269 gratiarum

402 2292 702 2352 actionem,
736 2302 930 2344 sancto
965 2292 1045 2343 sic
1073 2290 1485 2344 acclamantes:
1536 2290 1675 2345 Vere
1710 2305 1842 2360 ergo
1889 2289 1987 2345 ad-

404 2380 677 2435 mirabilis
714 2391 799 2435 est
830 2381 974 2435 Deus
1005 2380 1060 2435 in
1088 2383 1293 2455 sanctis
1326 2382 1443 2435 suis
1478 2381 1522 2444 ‘,
1556 2389 1612 2435 et
1640 2395 1830 2436 eorum
1889 2383 1983 2451 qui

404 2471 587 2540 ipsum
647 2472 864 2533 timent,
916 2472 1124 2526 faciens
1177 2471 1593 2539 voluntatcm',
1644 2482 1700 2527 et
1752 2474 1988 2527 audiens

402 2578 597 2618 eorum
632 2564 1033 2634 precationem.
1091 2564 1357 2628 Servasti,
1390 2580 1424 2617 ο
1457 2575 1667 2630 sancte,
1733 2572 1987 2619 nostrum

404 2654 615 2721 filium;
652 2655 942 2710 reddidisti
977 2656 1137 2711 nobis
1177 2671 1304 2712 eum
1333 2656 1427 2727 qui
1474 2672 1582 2711 non
1638 2659 1986 2727 sperabatur.

401 2744 447 2804 Ο
477 2748 676 2803 ςωιιιιη
712 2756 768 2802 et
799 2758 964 2808 terra.
994 2759 1051 2804 ct
1079 2758 1138 2803 tu
1168 2751 1521 2820 profundum.
1547 2749 1693 2820 quod
1718 2762 1818 2804 nos
1839 2752 1991 2820 prius

402 2838 827 2891 exsecrabamur
880 2837 1155 2894 admirare
1212 2855 1469 2910 magnum
1504 2842 1610 2894 hoc
1655 2854 1814 2908 opus,
1843 2839 1990 2908 quod

404 2936 657 2983 naturam
690 2940 933 2999 superat.
968 2931 1099 2985 Esto
1134 2942 1317 2987 autem
1354 2941 1409 2987 tu
1441 2947 1686 3002 quoque,
1713 2947 1746 2984 o
1770 2942 1982 2996 sancte,

2090 1837 2210 1907 ejus
2266 1834 2495 1899 fecistis,
2537 1835 2866 1904 periculum,
2914 1845 3120 1907 quanto
3154 1843 3404 1903 tempore
3461 1832 3665 1886 verisi-

2093 1926 2222 1980 mile
2272 1933 2391 1981 erat
2446 1926 2765 1981 conservari
2829 1942 3062 1997 puerum
3118 1926 3173 1980 in
3228 1925 3506 1994 profundo
3557 1935 3664 1978 tam

2092 2027 2267 2073 vasto.
2304 2017 2411 2074 Sed
2448 2018 2587 2073 mihi
2620 2017 2916 2089 diligenter
2946 2016 3319 2072 consideranti
3350 2031 3460 2070 non
3494 2032 3664 2070 unum

2094 2116 2399 2173 mortuum,
2460 2106 2557 2162 sed
2601 2120 2811 2177 quanto
2873 2104 3143 2175 temporis
3208 2102 3394 2174 'spatio
3464 2104 3671 2158 scimus

2093 2212 2327 2268 puerum
2366 2197 2422 2251 in
2455 2212 2596 2267 aqua
2632 2196 2917 2259 suﬂ‘ocari,
2972 2196 3027 2251 id
3085 2204 3304 2265 tempus
3360 2203 3674 2265 repetentes

2094 2299 2151 2345 et
2186 2289 2563 2354 remetientes,
2605 2288 2953 2343 inveniemus
2982 2296 3234 2342 sanctum
3266 2293 3345 2339 tot
3372 2285 3674 2341 suﬂ'ocasse

2095 2390 2363 2436 mortuos.
2396 2381 2554 2446 Quod
2584 2390 2767 2435 autem
2825 2387 2911 2434 est
2977 2377 3382 2443 admirabilius,
3437 2392 3546 2431 non
3599 2377 3669 2432 ab

2095 2487 2363 2542 aquarum
2419 2472 2597 2551 solum
2673 2470 3082 2535 suﬁocatione,
3133 2469 3231 2525 sed
3279 2484 3309 2524 a
3364 2469 3663 2523 bestiarum

2093 2566 2261 2620 etiam
2289 2564 2513 2620 laesione
2559 2563 2906 2619 conservavit
2938 2576 3198 2632 puerum.
3253 2560 3299 2616 0
3328 2563 3583 2633 gratiam,
3639 2576 3675 2616 ο

2099 2657 2381 2721 virtutem,
2431 2671 2555 2726 quae
2594 2662 2893 2725 utrumque
2917 2651 3123 2709 efficit:
3161 2667 3360 2723 nempe
3394 2662 3451 2707 et
3504 2667 3674 2721 aquas

2097 2749 2306 2819 alligat,
2335 2756 2391 2803 et
2419 2746 2708 2819 propulsat
2739 2745 2975 2801 belluas.
2998 2742 3088 2799 ‘Ad
3116 2743 3232 2799 haec
3285 2743 3418 2814 quid
3454 2741 3681 2798 dicitis?

2096 2842 2216 2897 Non
2261 2841 2367 2896 alia
2426 2850 2652 2910 superat
2679 2838 3056 2895 miraculum?
3088 2835 3205 2892 Nisi
3238 2838 3365 2907 quis
3390 2852 3494 2891 nos
3538 2835 3677 2891 male

2097 2932 2485 3002 reprehendat,
2518 2931 2668 3001 quod
2701 2930 2757 2984 id
2786 2929 3123 2985 extollamus
3178 2943 3347 2999 supra
3406 2926 3676 2982 miracula

406 3021 567 3075 nobis
615 3023 912 3092 propitius,
969 3032 1025 3078 et
1052 3038 1116 3077 ea
1157 3023 1318 3077 nobis
1368 3024 1618 3078 condona
1644 3039 1765 3092 quae
1798 3022 1985 3075 animo
2021 3064 2067 3124 ϐ
2098 3024 2437 3095 prophetica.
2477 3024 2639 3078 Nulla
2685 3038 2749 3077 ea
2785 3022 2854 3077 de
2891 3036 3058 3077 causa
3110 3022 3172 3075 in
3212 3035 3316 3075 nos
3366 3017 3527 3074 cadet
3582 3032 3674 3072 re-

408 3116 634 3170 crueiati
677 3116 730 3170 in
776 3117 1100 3172 terdiximus
1126 3125 1181 3171 et
1236 3116 1486 3171 fecimus.
1538 3117 1618 3171 Ne
1646 3130 1745 3186 pro
1788 3116 1992 3171 nostris

409 3207 466 3261 in
507 3217 561 3264 te
606 3208 915 3262 maledictis
976 3220 1162 3277 parem
1217 3208 1423 3262 referas
1468 3208 1727 3278 gratiam.
1784 3206 1990 3262 Filium

410 3298 760 3365 recepimus;
814 3313 959 3358 eum,
993 3297 1086 3367 qui
1135 3306 1254 3351 erat
1286 3308 1555 3362 mortuus,
1604 3312 1701 3365 per
1747 3308 1799 3351 te
1846 3312 1993 3351 nunc

411 3390 469 3442 in
503 3390 672 3442 vitam
704 3400 1018 3443 revocatum
1054 3390 1388 3458 accepimus,
1435 3386 1744 3443 senectutis
1782 3397 1986 3443 nostra

409 3480 666 3536 baculum
697 3497 887 3535 rursus
919 3481 1185 3535 habemus
1221 3491 1314 3536 tuo
1345 3480 1567 3533 auxilio.
1601 3479 1741 3546 Quid
1801 3480 1975 3548 pluric

413 3574 519 3628 bus
546 3587 686 3642 opus
714 3573 841 3627 est?
865 3573 984 3627 Non
1025 3573 1192 3627 triqu
1226 3572 1467 3634 dierum,
1510 3572 1611 3625 sed
1643 3572 1808 3626 unius
1862 3573 1990 3626 anni

413 3675 719 3729 mortuum,
770 3674 826 3719 et
858 3680 966 3720 non
996 3665 1196 3735 lapide.
1232 3664 1327 3718 sed
1361 3680 1501 3733 aqua
1554 3664 1879 3719 conditum:
1937 3673 1995 3720 et

416 3772 526 3811 non
555 3772 583 3811 a
616 3757 916 3821 vermibus,
960 3756 1106 3826 quod
1166 3765 1252 3809 est
1300 3766 1513 3812 natura:
1566 3755 1818 3809 humanm
1866 3771 1996 3826 pro-

414 3853 619 3922 prium,
655 3861 1066 3919 consumptum,
1098 3847 1193 3902 sed
1226 3863 1256 3901 a
1306 3847 1568 3916 piscibus,
1604 3856 1663 3900 ut
1711 3848 1994 3900 existima-

415 3941 636 4004 bamus,
668 3942 1012 4004 devoratum,
1065 3941 1275 3995 salvum
1332 3954 1432 4009 per
1468 3948 1518 3993 te
1568 3937 1901 4005 accepimus.
1949 3935 1995 3993 Ο

417 4035 671 4105 gratiam,
739 4048 774 4087 o
838 4032 1090 4104 gloriam,
1149 4047 1183 4087 o
1248 4033 1506 4086 virtutem
1570 4037 1627 4085 et
1685 4029 1998 4084 beneficen-

422 4123 552 4178 tiam
625 4138 658 4178 ο
735 4137 910 4178 same.
972 4122 1109 4179 Cum
1185 4122 1266 4178 sic
1328 4138 1460 4193 ergo
1537 4128 1787 4177 sanctum
1870 4135 1996 4175 cum

417 4215 678 4286 lacrymis
705 4224 892 4270 essent
937 4225 991 4271 et
1029 4214 1285 4270 laudibus
1318 4214 1619 4284 prosecuti,
1662 4212 1999 4281 accipientes

419 4304 618 4366 ﬁlium,
664 4318 866 4358 venere
923 4304 1182 4373 domum,
1242 4313 1532 4359 narrantes
1574 4303 1834 4359 omnibus
1892 4302 1996 4358 mi-

419 4396 691 4453 raculum.

490 4488 629 4543 VIII.
669 4487 1102 4559 Quidnam'ergo
1129 4502 1255 4542 cum
1287 4487 1376 4542 his
1408 4486 1796 4542 conferemus?
1828 4487 1999 4543 Aiunt

418 4578 596 4635 Eliam
627 4578 927 4648 aliquando
960 4580 1154 4642 filium,
1206 4577 1304 4648 qui
1343 4585 1466 4632 erat
1509 4586 1784 4641 mortuus,
1813 4578 1999 4633 vitum

423 4672 584 4724 matri
634 4670 978 4738 reddidisse;
1021 4671 1167 4739 quod
1214 4671 1434 4740 quidem
1488 4679 1893 4740 estmagnum,
1940 4678 1997 4725 et

422 4760 583 4817 valde
614 4760 936 4816 admirabile
956 4760 1000 4815 ⁸.
1031 4760 1175 4827 Quin
1207 4762 1370 4816 etiam
1394 4760 1459 4815 ad
1484 4760 1650 4816 Elisei
1678 4759 2001 4831 aliquando,

370 4844 375 4857 ’
424 4860 487 4908 ιιι
511 4852 737 4908 Litteris
771 4862 855 4908 est
882 4854 1183 4922 proditum,
1219 4864 1660 4917 monumentum,
1701 4853 1999 4923 quemdam

424 4961 455 4999 a
483 4945 809 5015 quibusdam
847 4944 1140 5000 homicidis
1172 4943 1549 5009 interfectum,
1581 4954 1637 4999 et
1681 4944 1738 4999 in
1770 4959 1839 4999 eo
1870 4959 2000 5013 pro-

419 5037 650 5108 jectum,
680 5037 986 5092 surrexisse
1037 5047 1090 5091 et
1120 5037 1322 5093 vixisse
1352 5036 1373 5068 ’
1403 5054 1416 5091 :
1466 5036 1612 5106 quod
1660 5037 1884 5106 quidem
1921 5043 2006 5091 est

427 5144 705 5199 magnum,
754 5139 811 5183 et
855 5129 1017 5184 valde
1045 5128 1455 5183 admirandum.
1489 5129 1660 5183 Porro
1688 5136 1875 5183 autem
1904 5127 2006 5181 Pe-

429 5227 548 5275 trus
566 5237 786 5291 quoque
810 5222 864 5276 in
888 5222 1093 5277 nostris
1120 5221 1295 5289 libris,
1322 5222 1539 5286 Petrus,
1565 5222 1815 5291 inquam,
1849 5221 2006 5291 prin-

428 5326 560 5380 ceps
614 5315 1009 5380 apostolorum,
1070 5314 1241 5379 illam,
1292 5328 1414 5384 quae
1479 5327 1749 5383 pauperes
1805 5311 2010 5375 alebat,

431 5402 652 5459 viduam
684 5405 976 5461 Tabitham
1009 5416 1309 5469 mortuam,
1343 5404 1535 5460 eadem
1568 5403 1705 5457 hora
1739 5402 1808 5457 ad
1840 5402 2011 5455 vitam

432 5497 717 5553 suscitavit
749 5500 1010 5569 precibus
1038 5500 1107 5554 “.
1135 5498 1203 5554 Et
1233 5506 1368 5553 sunt
1423 5497 1541 5551 hac
1570 5495 1795 5566 quidem
1826 5492 2007 5548 admi-

509 5676 531 5709 ⁸
553 5677 696 5734 Psal.
739 5692 904 5749 van,
932 5680 1022 5740 36.

1103 5682 1289 5739 ’Psal.
1332 5697 1512 5751 ςκιιν,
1549 5682 1634 5738 19.
1707 5683 1728 5715 ι
1756 5680 1824 5737 ιιι
1869 5684 2000 5754 nes-
2036 5699 2127 5749 νιιι
2162 5682 2183 5735 ¹
2219 5694 2371 5751 se”

2101 3117 2414 3188 prehensio.
2445 3115 2651 3186 Aperte
2676 3114 2827 3171 enim
2874 3114 3032 3169 scitis
3071 3122 3321 3168 sanctum
3377 3118 3676 3181 martyrem

2096 3224 2218 3265 esse
2278 3208 2335 3263 in
2374 3206 2570 3263 eadem
2604 3206 2778 3277 gloria
2810 3212 2867 3260 et
2911 3203 3109 3259 iisdem
3167 3201 3566 3265 tabernaculis,
3619 3200 3677 3255 in

2098 3302 2301 3371 quibus
2334 3299 2511 3355 sancti
2557 3308 2851 3371 martyres,
2902 3295 3140 3369 apostoli
3172 3302 3229 3352 et
3278 3294 3591 3367 prophetae,
3622 3300 3682 3346 et

2099 3394 2202 3465 ipsi
2236 3389 2436 3462 angeii.

2171 3486 2262 3541 1X.
2302 3487 2405 3541 Sed
2432 3500 2466 3540 o
2498 3494 2802 3557 martyrum
2843 3481 3104 3552 splendor
3136 3490 3192 3537 et
3245 3479 3419 3535 decus
3456 3487 3676 3533 sancto-

2099 3594 2243 3639 rum,
2291 3577 2549 3647 primitia:
2579 3575 2914 3641 antistitum,
2950 3573 3078 3628 vide
3106 3587 3256 3627 nunc
3280 3588 3501 3643 quoque
3532 3573 3679 3627 hunc

2098 3680 2425 3741 praisentcm
2449 3679 2654 3724 costum
2687 3669 2836 3737 pium
2869 3676 2926 3723 et
2963 3666 3285 3737 religiosum
3307 3706 3321 3729 ,
3363 3664 3456 3734 qui
3491 3680 3521 3719 a
3556 3662 3683 3719 vita:

2099 3762 2360 3816 ﬂuctibus
2384 3759 2630 3830 quotidie
2659 3759 2938 3813 obruitur.
2962 3758 3098 3812 Eum
3125 3758 3233 3811 tuis
3262 3756 3521 3827 precibus
3550 3756 3684 3810 illze-

2100 3870 2221 3910 sum
2273 3852 2489 3908 custodi
2538 3860 2595 3907 et
2644 3866 2914 3907 conserva
2950 3858 3051 3906 :et
3103 3850 3198 3920 qui
3245 3860 3501 3920 tanquam
3550 3848 3680 3905 fene

2102 3946 2369 4001 immanes
2414 3944 2667 4000 insiliunt
2711 3942 3011 4007 daemones,
3050 3950 3106 3997 et
3138 3941 3419 3997 minantur
3459 3956 3518 3996 se
3560 3954 3683 3995 esse

2102 4037 2464 4094 devoraturos
2492 4034 2690 4090 animae
2740 4033 3108 4096 nobilitatem,
3145 4037 3366 4086 tuarum
3406 4031 3683 4086 interces-

2103 4130 2319 4185 sionum
2348 4128 2531 4198 jaculo
2556 4125 2783 4197 repelle,
2809 4141 2843 4180 ο
2877 4121 3247 4179 sanctissime.
3287 4121 3393 4177 Sed
3419 4136 3521 4175 nos
3549 4136 3687 4190 quo-

2104 4234 2233 4290 que,
2267 4234 2301 4273 ο
2330 4217 2645 4272 ﬁdelissime
2680 4224 2878 4278 coetus,
2912 4229 3068 4284 rogo,
3100 4221 3161 4266 ut
3189 4228 3289 4283 per
3314 4211 3455 4265 bona
3486 4220 3543 4265 et
3574 4211 3685 4266 Deo

2105 4321 2257 4383 grata
2286 4326 2455 4378 opera
2485 4309 2786 4365 eﬂiciamus
2814 4322 2916 4361 nos
2956 4306 3152 4375 dignos
3199 4304 3373 4358 sancti
3401 4303 3601 4373 gratiis
3629 4313 3687 4358 et

2026 4418 2078 4478 ι)
2105 4401 2280 4456 donis.
2312 4400 2381 4453 Et
2420 4399 2655 4470 primum
2693 4394 2916 4467 quidem
2967 4393 3022 4447 in
3069 4392 3239 4447 Deum
3267 4401 3325 4447 et
3352 4390 3497 4444 inter
3551 4404 3682 4443 nos-

2100 4491 2253 4560 ipsos
2302 4489 2571 4543 sinceram
2621 4495 2819 4540 etnon
2856 4483 3233 4552 perturbatam
3285 4494 3678 4536 conservemus

2100 4580 2445 4634 charitatem.
2500 4575 2708 4630 Deinde
2746 4575 2815 4629 ab
2870 4573 3019 4627 omni
3069 4571 3382 4637 maledicto,
3440 4579 3497 4624 et
3525 4568 3674 4623 omni

2101 4671 2410 4734 mendacio,
2444 4679 2501 4724 et
2540 4667 2690 4722 omni
2723 4666 2968 4738 perjurio
3003 4664 3261 4733 nosipsos
3297 4676 3675 4732 repurgemus.

2099 4764 2241 4820 Ante
2270 4763 2385 4818 hare
2411 4769 2594 4816 autem
2648 4767 2705 4813 et
2730 4765 2856 4828 post
2896 4759 3033 4823 haec,
3066 4756 3332 4811 faciamus
3369 4754 3679 4825 eleemosy-

2103 4872 2252 4918 nam,
2298 4868 2419 4924 qua:
2449 4852 2554 4907 scit
2586 4849 2765 4905 Deum
2808 4850 2978 4920 magis
3008 4849 3247 4918 placare,
3293 4855 3349 4902 et
3378 4844 3680 4915 propitium

2107 4947 2341 5004 reddere
2390 4944 2595 5000 nostris
2632 4943 2893 5014 peccatis.
2933 4940 3068 5007 Quis
3090 4941 3237 4994 enim
3283 4938 3417 5007 ejus.
3452 4937 3679 5003 oblitus,

2108 5051 2336 5108 regnum
2384 5033 2481 5088 Dei
2525 5030 2868 5103 possederit?
2897 5029 3070 5084 Nemo
3120 5033 3372 5081 nostrum
3422 5034 3687 5095 praetexat

2110 5136 2508 5200 paupertatem,
2544 5138 2709 5179 nemo
2742 5120 3066 5176 viduitatem
3096 5128 3153 5174 et
3176 5118 3479 5173 liberorum
3505 5116 3687 5171 nutri~

2111 5221 2409 5275 cntionem.
2435 5220 2576 5273 Sunt
2619 5216 2674 5269 hi
2721 5214 2904 5285 frigidi
2939 5222 2996 5268 et
3029 5211 3325 5284 perniciosi
3366 5219 3685 5281 praetextas.

2106 5311 2280 5366 Nemo
2305 5317 2552 5364 vestrum
2579 5316 2665 5361 est
2705 5307 2798 5361 illa
2830 5305 2996 5360 vidua
3048 5307 3366 5374 pauperior,
3398 5316 3519 5371 quae
3550 5300 3687 5355 nihil

2105 5401 2254 5455 aliud
2285 5401 2542 5464 habebat,
2567 5413 2731 5470 quam
2773 5397 3038 5469 pugillum
3064 5395 3255 5450 farinae
3290 5393 3501 5464 :idque
3547 5407 3678 5448 cum

2106 5493 2288 5548 alendi
2341 5492 2396 5547 ei
2436 5499 2623 5547 essent
2683 5489 2844 5545 liberi
2878 5505 2893 5542 :
2923 5503 3105 5558 neque
3150 5496 3333 5542 tamen
3382 5498 3537 5540 suam
3589 5493 3685 5536 aut

2446 5680 2467 5711 ⁹
2500 5677 2567 5733 IV
2605 5677 2740 5746 Reg.
2771 5690 2891 5741 xui,
2915 5674 2987 5730 21·
3019 5688 3173 5743 seqq.
3253 5672 3297 5705 "
3324 5671 3446 5725 Act.
3491 5683 3563 5729 ix,
3592 5663 3682 5720 39.
