4080 6374
345 314 462 379 189
1326 318 1503 381 VITA
1549 319 1609 381 S.
1656 320 2040 382 GREGORII
2076 322 2619 386 AGRIGENTINI.
3498 334 3600 399 190

346 422 447 476 lilii
475 420 640 476 vitam
667 421 1404 490 prmtulitmisericordiae“.
1439 428 1518 482 Ne
1548 429 1934 487 excusationes
1964 438 2005 494 Α
2036 432 2213 486 solum
2246 431 2368 486 cibo
2404 440 2461 485 et
2483 440 2611 501 potu
2641 434 2866 505 repleta,
2914 436 3010 493 sed
3042 438 3207 494 etiam
3248 454 3382 494 auro
3421 450 3477 495 et
3511 460 3600 498 at-

339 527 658 583 quzramus
699 511 754 566 in
816 514 1086 582 peccatis,
1124 535 1143 569 ι
1184 517 1330 573 Deus
1356 533 1467 573 non
1502 518 1769 574 irridetur
1799 522 1866 575 η.
1902 541 1922 575 ο
2029 532 2214 592 gente.
2245 531 2300 576 et
2344 522 2485 585 aliis,
2513 539 2635 593 quae
2680 541 2776 581 eos
2808 540 3248 599 consequuntur,
3275 529 3368 599 qui
3394 529 3601 587 divitiis

344 605 579 660 Penaria
642 611 830 658 nostra
881 614 1065 660 mente
1125 607 1458 664 intueamur.
1519 609 1812 666 Videamus
1856 628 1927 667 an

342 695 658 765 quotidiani
694 695 941 751 alimenti
978 697 1116 752 nihil
1145 700 1307 753 nobis
1340 700 1631 755 redundet.
1664 702 1742 757 Ne
1773 719 1927 756 men-

342 788 489 840 sium
518 786 759 841 circulos
791 788 1104 851 metiamur.
1130 799 1187 845 et
1224 808 1494 846 annorum
1533 795 1796 852 ambitus.
1844 802 1929 849 est

342 878 495 932 enim
534 877 680 932 alius
724 879 819 947 qui
863 881 1137 949 providet,
1170 892 1227 935 et
1273 899 1469 938 eorum
1523 900 1715 940 curam
1760 887 1926 955 gerit,

344 968 563 1022 etiamsi
592 984 696 1024 nos
727 971 1058 1039 ignoremus.
1088 971 1348 1041 Nosipsos
1381 979 1782 1031 constituamus
1821 992 1924 1030 no-

345 1070 587 1114 strarum
630 1077 812 1115 rerum
846 1064 1299 1120 examinatores:
1339 1070 1467 1130 etsi,
1496 1077 1555 1120 ut
1603 1068 1757 1137 prius
1801 1070 1926 1138 qui-

346 1148 473 1203 dem
506 1148 768 1212 diximus,
805 1150 1114 1220 quotidiani
1159 1154 1407 1209 alimenti
1439 1157 1611 1209 nostri
1644 1156 1780 1209 nihil
1833 1173 1927 1211 su-

347 1241 539 1308 persit,
564 1243 670 1295 scit
715 1241 861 1296 Deus
892 1243 1136 1298 misereri
1174 1260 1367 1300 eorum
1394 1285 1409 1307 ,
1452 1248 1545 1317 qui
1598 1257 1926 1317 premuntur

350 1332 558 1399 inopia.
622 1332 721 1387 Sin
765 1344 950 1389 autem
986 1335 1292 1391 viderimus
1317 1347 1505 1393 nostra
1542 1340 1768 1406 penaria
1817 1356 1924 1396 non

420 1450 459 1480 “
493 1451 559 1504 ll
586 1451 722 1520 Reg.
756 1468 886 1514 xm,
917 1454 940 1507 l
975 1468 1132 1525 seqq.
1207 1458 1252 1488 “
1277 1454 1297 1508 l
1325 1455 1502 1511 Galat.
1535 1471 1612 1520 Vl,
1640 1458 1696 1514 7.

379 1602 1777 1632 *Μ-

2029 613 2377 667 deleetantur
2415 621 2472 667 et
2503 619 2959 681 possessionibus,
2991 621 3367 676 esurientibus
3401 622 3523 676 aliis
3547 635 3603 680 ct

2028 704 2232 773 frigore
2260 706 2489 769 enectis,
2517 707 2755 762 sciamus
2790 709 2935 780 quod
2962 721 3227 765 aeternum
3252 722 3307 765 et
3331 712 3425 781 qui
3459 729 3603 767 nun-

2025 810 2188 864 quam
2219 795 2382 849 desiit
2414 799 2590 867 ignem
2616 799 2777 854 nobis
2805 801 3175 855 recondimus.
3220 802 3288 858 Ut
3313 819 3439 857 eum
3471 819 3599 872 ergo

2025 886 2372 956 el'l‘ugiamus,
2405 890 2459 943 in
2508 891 2600 945 Dei
2641 893 2911 947 mandatis
2960 909 3059 961 pro
3093 894 3303 948 viribus
3350 896 3602 949 ambule-

2026 994 2172 1041 mus,
2201 990 2260 1033 ut
2278 989 2334 1032 et
2352 984 2523 1036 sancti
2543 985 2798 1054 martyris
2822 984 3068 1038 fruamur
3093 986 3598 1050 intercessionibus,

2026 1079 2083 1124 et
2119 1069 2417 1124 incll‘abilia
2455 1081 2508 1126 et
2540 1082 2741 1127 interna
2798 1074 2893 1129 Dei
2958 1075 3101 1128 bona
3168 1090 3598 1143 consequamur,

2028 1161 2218 1230 gratia,
2248 1170 2295 1213 et
2345 1161 2679 1230 benignitate
2710 1165 2922 1218 Domini
2970 1165 3143 1219 nostri
3179 1166 3305 1221 Jesu
3342 1165 3545 1220 Christi
3580 1182 3596 1220 :

2027 1248 2114 1307 cui
2144 1252 2336 1321 gloria,
2375 1255 2639 1323 putentia,
2672 1272 2819 1311 nunc
2863 1265 2919 1311 et
2948 1273 3186 1327 semper,
3218 1263 3273 1312 et
3315 1256 3372 1310 in
3403 1256 3599 1311 saecula

2027 1345 2376 1397 saeculorum.
2401 1345 2593 1399 Amen.

2328 1616 3572 1647 ._______________________

1177 1769 1539 1886 ΒΙΟΣ
1612 1773 1892 1886 ΚΑΙ
1985 1769 2735 1896 ΠΟΛΙΤΕΙΑ

1516 1979 1656 2036 ΤΟΥ
1693 1982 1893 2038 ΟΣῙΟΥ
1926 1982 2198 2039 ΠΑΤΡΟΣ
2237 1985 2432 2041 HMON

1494 2128 2476 2265 ΓΡΗΓΟΡΙΟΥ

878 2344 1556 2433 ΕΠΙΣΚΟΠΟΥ
1618 2346 2320 2439 ΓΕΝΟΜΕΝΟΥ
2389 2347 3123 2448 ΑΚΡΑΓΑΝΤοΣ

1265 2659 1552 2755 VITA
1623 2661 1776 2750 ET
1846 2659 2709 2786 CONVERSATIO

1862 2829 1922 2887 S.
1951 2831 2011 2887 P.
2038 2820 2149 2886 N.'

715 2995 1457 3139 GREGOBII,
1553 2992 2199 3108 EPISCOPI
2292 2991 3247 3109 AGRIGENTINI

663 3193 875 3259 (Latine
896 3194 1027 3259 apud
1043 3194 1244 3248 Surium
1280 3195 1342 3248 ad
1371 3194 1508 3247 diem
1531 3194 1592 3246 25
1609 3194 1931 3258 Novembris;
1964 3194 2137 3248 Graece
2159 3205 2224 3245 ex
2248 3192 2391 3245 codd.
2411 3205 2528 3245 mss.
2555 3193 2681 3260 Reg.
2709 3194 2851 3256 1525,
2886 3193 3010 3247 1549
3033 3199 3086 3246 et
3110 3194 3273 3261 ιδεμ.)

412 3487 488 3538 Α’.
512 3482 820 3537 Κάλλιστόν
860 3498 911 3534 τι
940 3480 1135 3551 χρῆμα
1173 3482 1207 3550 ἡ
1245 3479 1439 3553 ἀρετὴ,
1476 3479 1572 3535 καὶ
1607 3479 1764 3547 δόξαν
1792 3482 1924 3553 ὅσην

2027 3484 2138 3576 vl.
2174 3483 2547 3539 Pulcherrima
2574 3496 2664 3537 res
2689 3490 2775 3537 est
2801 3481 2997 3545 virtus,
3023 3495 3145 3551 quae
3170 3481 3461 3538 maximam
3482 3484 3605 3557 glo-

346 3575 642 3645 ὲγκόσμιόν
673 3590 735 3626 τε
767 3574 862 3628 καὶ
891 3573 1266 3643 ὑπερκόσμιον
1290 3572 1627 3643 προξενοῦσα
1659 3576 1767 3637 τοῖς
1798 3575 1925 3644 ἔρα-

348 3669 517 3729 σταῖς.
547 3666 687 3719 Οὐδὲ
719 3664 832 3735 γὰρ
866 3664 927 3717 ἐν
952 3664 1034 3734 τῷ
1076 3664 1327 3733 μέλλοντι
1357 3664 1517 3733 μόνον
1557 3664 1655 3727 τὰς
1688 3666 1923 3734 ἀμοιϐὰς

346 3761 690 3820 ἀποδὶδωςιν.
744 3760 886 3814 ἀλλά
924 3776 990 3827 γε
1037 3760 1135 3813 καὶ
1178 3760 1322 3811 κατὰ
1362 3758 1455 3811 τὸν
1500 3759 1744 3827 παρόντα
1809 3757 1922 3827 βίον

348 3852 468 3914 τοὺς
520 3852 809 3918 μετιόντας
847 3852 1172 3918 περιφανεῖς
1213 3849 1527 3919 ἐργάζεται.
1569 3850 1789 3919 Ταύτην
1828 3847 1924 3905 οὖν

347 3940 437 3993 καὶ
466 3941 769 4009 Γρηγὸριος
801 3940 829 3991 ὁ
865 3940 1044 3994 πάντα
1078 3938 1259 4001 καλῶς
1283 3940 1363 4002 εἰς
1386 3939 1556 4006 ἄκρον
1582 3941 1829 4010 ἀσκήσας
1860 3939 1921 3993 οὐ

347 4032 688 4102 κληρονόμος
749 4031 914 4099 μόνον
977 4031 1078 4099 τῆς
1133 4032 1375 4100 ἁλήκτου
1424 4030 1591 4102 ζωῆς,
1648 4033 1788 4085 ἀλλὰ
1828 4033 1923 4085 καὶ

347 4122 546 4192 περιὼν
575 4120 660 4174 ἔτι
690 4122 772 4191 τῷ
804 4121 903 4191 βίῳ
932 4121 1249 4191 θαυμαπδς
1300 4124 1536 4192 κατέστη
1570 4123 1664 4175 καὶ
1694 4125 1921 4195 περιεό-

345 4229 489 4280 ητος.
511 4213 576 4268 ὃν
608 4214 661 4267 εἰ
691 4213 934 4266 Σικελῶν
964 4213 1062 4283 μὲν
1089 4213 1392 4282 ἐϐλάστησε
1424 4217 1517 4284 γῇ,
1550 4215 1788 4268 Σικελῶν
1814 4216 1922 4285 γὰρ

348 4305 379 4371 ἡ
413 4304 881 4375 ’Δκραγαντίνων,
916 4303 992 4367 ὡς
1038 4303 1241 4368 πάντες
1285 4306 1456 4368 ῐσασι,
1510 4306 1652 4359 Σιὼν
1695 4308 1749 4360 δὲ
1787 4310 1920 4376 ἁγία

350 4395 555 4448 ἐκεῖθεν
611 4395 989 4466 ἐκδεξαμένη,
1045 4396 1302 4465 καθάπερ
1362 4414 1414 4449 τι
1482 4399 1652 4463 φυτὸν
1704 4400 1921 4464 εὖτενὲς

352 4486 616 4555 ἐθρέψατὸ
648 4502 711 4538 τε
754 4487 851 4538 καὶ
886 4486 952 4538 τὰ
1011 4485 1275 4541 κάλλιστα
1313 4486 1661 4554 ἐκδιδάξασα,
1707 4491 1771 4559 τῇ
1816 4507 1921 4541 πα-

348 4578 482 4644 τριδι
512 4578 679 4631 πάλιν
707 4578 1023 4645 περιφανῶς
1076 4577 1423 4631 ἀποδίδωσιν.
1486 4578 1642 4644 Ἐμοὶ
1690 4579 1790 4647 μὲν
1828 4579 1921 4633 οὖν

344 4670 555 4737 ἥδιστόν
596 4687 647 4723 τι
720 4671 958 4740 πρᾶγμα
1005 4669 1154 4724 δοκεῖ
1191 4671 1290 4724 καὶ
1352 4670 1590 4741 σπουδῆς
1637 4670 1787 4735 ἄξιον
1830 4672 1920 4725 τὸν

346 4759 505 4812 αὑτοό
539 4759 657 4831 βίον
704 4760 911 4813 ἄνωθεν
963 4760 1390 4832 ἀναγράψασθαι
1437 4763 1532 4813 καὶ
1581 4763 1694 4824 τοῖς
1728 4761 1921 4815 ἔπειτα

2032 3572 2189 3638 riam,
2224 3585 2279 3629 et
2317 3574 2644 3629 altissimum
2690 3581 2920 3627 ornatus
2964 3572 3246 3627 cumulum
3274 3573 3359 3630 sui
3393 3587 3604 3630 amato-

2031 3667 2185 3721 ribus
2215 3666 2394 3721 aﬂert.
2434 3666 2491 3721 Si
2524 3664 2749 3735 quidem
2783 3679 2893 3717 non
2919 3663 3039 3718 illos
3066 3665 3240 3720 solum
3287 3673 3411 3735 post
3453 3681 3607 3721 mor-

2030 3766 2137 3812 tem
2167 3766 2574 3823 remuneratur,
2627 3755 2722 3811 sed
2753 3755 3109 3835 vivosutque
3142 3766 3443 3826 praesentes
3476 3758 3606 3813 illu-

2029 3858 2172 3904 stres
2202 3847 2395 3904 ellicil.
2420 3846 2571 3902 llanc
2596 3862 2720 3903 cum
2758 3845 3057 3916 Gregorius
3082 3847 3337 3902 omnibus
3358 3846 3411 3901 in
3436 3847 3605 3906 rebus

2029 3939 2245 4009 egregie
2279 3938 2346 3991 ad
2394 3951 2704 3993 extremum
2757 3955 2930 4009 usque
2970 3948 3190 4009 tempus
3237 3940 3602 4003 exercuisset,

2030 4045 2139 4083 non
2164 4030 2341 4083 solum
2376 4028 2553 4083 haeres
2591 4030 2719 4083 vitae
2748 4039 3030 4100 perpetnze
3060 4037 3144 4083 est
3173 4028 3478 4094 institutus,
3504 4032 3603 4086 sed

2030 4137 2154 4177 cum
2187 4122 2371 4175 adhuc
2394 4123 2562 4176 etiam
2602 4121 2833 4180 viveret.
2865 4119 3241 4175 admirabilem
3275 4134 3335 4174 se
3367 4136 3433 4175 ac
3461 4123 3605 4178 cele-

2033 4213 2186 4268 brem
2243 4212 2519 4281 pra'stitit.
2564 4212 2750 4267 Sicilia
2789 4212 3012 4285 quidem
3064 4210 3357 4266 oriundus.
3402 4212 3609 4271 Siculis

2027 4306 2172 4372 enim
2208 4303 2428 4368 ﬁnibus,
2455 4312 2514 4357 ut
2537 4319 2730 4359 omnes
2773 4312 3004 4365 norunt,
3036 4303 3387 4372 Agrigentum
3428 4305 3604 4359 conti-

2028 4403 2231 4452 netur:
2261 4402 2519 4447 caeterum
2545 4409 2668 4447 cum
2700 4402 2889 4448 sancta
2915 4393 3067 4448 illum
3098 4391 3228 4447 Sion
3249 4391 3609 4463 suscepisset,

2029 4503 2094 4542 ac
2125 4487 2203 4541 uti
2240 4488 2481 4557 plantam
2505 4486 2800 4555 quamdam
2841 4486 3088 4555 apprime
3122 4486 3603 4551 nobilemenutri-

2028 4586 2167 4643 tum,
2196 4578 2554 4634 disertissime
2602 4577 2969 4642 erudivisset,
3030 4578 3220 4648 patria:
3252 4593 3444 4633 rursus
3470 4592 3615 4633 con-

2029 4671 2278 4740 spii-uum
2324 4671 2582 4726 reddidit.
2616 4669 2683 4724 Et
2716 4668 2941 4740 quidem
2972 4668 3435 4739 iucundissimum
3463 4670 3611 4725 mihi

2028 4779 2090 4818 ac
2126 4761 2446 4817 :cstimabile
2476 4761 2633 4816 valde
2678 4762 2919 4826 videtur,
2956 4763 3075 4829 ejus
3105 4761 3269 4814 vitam
3302 4761 3470 4815 altius
3505 4775 3596 4816 re-

344 4850 508 4903 καλοῦ
542 4851 751 4911 παντὸς
783 4850 977 4905 θέσθαι
1032 4853 1387 4923 παράδειγμα
1428 4853 1523 4905 καὶ
1565 4853 1872 4922 ἀρχέτυπον
1894 4867 1913 4886 ο
1944 4870 1948 4905 ι

2027 4854 2243 4923 petitam
2272 4853 2605 4917 describere,
2628 4860 2685 4906 et
2709 4862 2967 4921 tanquam
2992 4850 3267 4919 specimen
3297 4850 3611 4919 quoddam,

351 4941 474 5008 ὖμϊν
499 4943 560 4996 δὲ
587 4939 687 4996 οἶδ’
711 4944 794 4996 ὅτι
824 4943 920 4996 καὶ
953 4944 1142 5007 αὐτοῖς
1178 4946 1248 4998 τὰ
1278 4945 1421 4998 καλὰ
1446 4945 1540 4997 καὶ
1573 4943 1794 4996 ἀκούειν
1823 4945 1915 4997 καὶ

346 5031 541 5100 ζηλοῦν
587 5032 930 5103 βουλομένοις
986 5036 1239 5089 εὐκταῖον
1267 5036 1329 5089 τδ
1367 5039 1598 5105 πρᾶγμα
1641 5038 1912 5107 φανεῖται,

345 5127 436 5176 καί
462 5123 583 5191 μεθ’
609 5124 805 5193 ἡδονῆς
828 5125 967 5193 ἄγαν
987 5125 1086 5188 τὰς
1110 5126 1281 5189 ἀκοὰς
1310 5125 1676 5196 εἰσδυόμενον.
1715 5129 1917 5199 Ἀρχὴν

343 5215 520 5267 τοίνυν
545 5217 641 5269 τοῦ
670 5217 831 5283 λόγου
867 5217 1071 5288 ταύτην
1112 5217 1316 5285 Θετὲον,
1358 5220 1425 5291 ἢν
1454 5218 1522 5291 δὴ
1548 5221 1794 5283 κάκεῖνος
1822 5219 1916 5273 τοῦ

343 5304 459 5374 βίον
494 5308 652 5378 ἔσχεν
682 5309 877 5379 ἀρχήν.

410 5489 485 5543 ην.
539 5490 720 5561 Κὼμη
769 5507 853 5555 τις
902 5490 1101 5562 ἤνεγκε
1133 5491 1227 5545 τὸν
1260 5491 1550 5562 μακάριον,
1588 5490 1622 5562 ἢ
1667 5488 1916 5560 [Ιραιτώ-

343 5595 435 5648 ρια
466 5581 563 5647 μὲν
603 5582 876 5648 καλεῖται,
942 5582 1172 5652 ἔγγιστα
1226 5583 1283 5635 δὲ
1326 5584 1507 5637 κεῖται
1556 5583 1658 5651 τῆς
1717 5583 1915 5651 Ἀκρα-

337 5672 604 5739 γαντίνων
667 5675 898 5740 πόλεως,
962 5674 1020 5727 τὸ
1080 5674 1342 5745 πρόφρον
1404 5674 1460 5729 δὲ
1510 5677 1722 5746 ἀφανὴς
1783 5673 1916 5729 οὖσα

2018 4954 2075 4998 et
2106 4942 2286 4998 omnis
2327 4943 2545 4997 virtutis
2588 4943 2885 5014 exemplar,
2936 4940 3244 4996 litterarum
3277 4955 3605 4996 monumen-

2025 5036 2096 5091 tis
2132 5034 2368 5105 posteris
2420 5034 2741 5106 consignare
2787 5050 2803 5088 :
2849 5031 3006 5089 vobis
3064 5046 3237 5096 vero,
3284 5032 3609 5102 quibustam

2022 5127 2310 5199 Splendida
2329 5126 2520 5181 audire
2536 5127 2670 5182 libet
2689 5142 2753 5181 ac
2775 5124 2998 5189 imitari,
3023 5138 3112 5179 res
3136 5122 3325 5179 isthtee
3339 5123 3611 5193 optabilis

2020 5234 2163 5281 esse,
2187 5227 2508 5284 vestrasque
2531 5213 2732 5287 ingenti
2762 5228 2885 5269 cum
2907 5213 3189 5284 voluptate
3218 5228 3380 5268 aures
3410 5212 3607 5268 subire

2021 5308 2205 5364 debet.
2230 5310 2383 5377 Quod
2422 5310 2587 5379 igitur
2611 5308 2701 5361 ille
2732 5306 2854 5359 vitae
2877 5306 3205 5376 principium
3249 5304 3458 5371 habuit,
3492 5304 3609 5361 hoc

2020 5403 2198 5472 ipsum
2232 5412 2429 5457 nostrae
2452 5399 2717 5453 orationis
2739 5397 3023 5450 exordium
3048 5396 3395 5453 statuendum
3433 5405 3538 5452 est.

2099 5492 2163 5547 ll.
2201 5493 2363 5546 Vicus
2401 5490 2624 5560 quidam
2648 5529 2661 5552 ,
2696 5490 2785 5557 qui
2826 5489 3082 5543 Praetoria
3107 5490 3328 5545 nomine
3370 5489 3599 5551 dicitur,

2023 5584 2319 5653 Agrigento
2364 5581 2572 5636 civitati
2609 5580 2928 5651 proximus,
2969 5593 3220 5638 sanetum
3251 5581 3432 5636 virum
3475 5580 3609 5635 edi-.

2028 5673 2131 5728 dit.
2191 5673 2352 5727 Prius
2410 5672 2634 5742 quidem
2689 5670 2778 5728 ille
2826 5672 3100 5729 obscurus
3134 5682 3191 5729 ct
3238 5672 3601 5744 incognitus;
