4080 6374
400 328 497 392 191

1649 316 1934 377 MENSIS
1976 317 2410 382 NOVEMBER.

3551 308 3658 376 192

398 455 548 495 nunc
566 453 700 494 vero
729 445 881 493 tanto
918 434 1141 489 alumno
1188 432 1371 486 clarus
1407 437 1464 484 et
1488 427 1718 484 illustris
1748 431 1968 484 emicat.
2001 467 2010 492 ι

2112 435 2170 487 αὶ
2217 435 2516 502 ἄγνωστος,
2573 428 2670 482 νῦν
2717 429 2784 482 δι’
2819 429 2984 483 αὐτὸν
3019 425 3392 508 ἐπίσημόςτι
3425 423 3517 477 καὶ
3560 443 3658 477 πε-

401 535 666 590 Pareutes
691 546 824 586 vero
852 530 992 598 (qua:
1020 525 1117 581 Dei
1157 524 1328 594 gratia
1379 539 1443 578 ac
1484 521 1795 593 benignitas
1847 523 1976 595 fuit)

398 627 503 680 viri
537 622 833 678 luculentis
875 618 1056 673 ornati
1110 617 1344 680 divitiis,
1372 631 1436 670 ac
1472 615 1706 684 probata
1748 616 1854 668 vita
1883 614 1981 669 llo-

400 724 610 778 rentes,
644 711 884 781 plurima
916 725 1013 763 sua
1046 707 1388 777 pauperibus
1425 705 1750 776 erogabant.
1782 705 1846 759 lli
1872 720 1981 774 quo

403 819 610 859 marem
682 803 855 856 ﬁlium
915 808 1273 870 procrearent
1331 797 1592 867 precibus
1641 798 1979 860 insistentes,

407 896 520 951 voti
552 895 773 949 tandem
805 895 890 946 sui
926 899 1211 960 compotes
1245 890 1404 952 ﬁunt,
1434 889 1718 957 liliumque
1745 903 1854 941 non
1887 903 1983 940 na-

409 1000 532 1043 tura
558 995 792 1050 tantum,
826 984 919 1040 sed
947 984 1150 1049 animo,
1181 997 1389 1036 marem
1429 996 1719 1048 suscepere
1748 999 1760 1032 :
1789 994 1987 1049 quem-

413 1079 711 1134 admodum
773 1086 827 1132 et
876 1087 1126 1145 tempus,
1219 1090 1326 1144 quo
1405 1075 1496 1129 ille
1559 1071 1988 1143 perturbationis

411 1181 498 1228 est
536 1170 840 1238 impetitus,
877 1177 932 1221 et
962 1177 1152 1220 contra
1193 1167 1459 1220 malorum
1489 1165 1882 1233 impressiones
1911 1163 1986 1216 al-

414 1261 594 1318 titudo
641 1259 808 1313 animi
853 1257 1213 1326 postulabat:
1246 1272 1366 1324 qua:
1411 1270 1543 1308 sane
1591 1253 1772 1307 omnia
1809 1267 1988 1308 sermo

413 1368 656 1424 quoque,
693 1351 1036 1418 subsequens
1071 1348 1357 1402 indicabit.
1394 1346 1550 1400 llunc
1584 1346 1751 1415 igitur
1773 1361 1802 1398 a
1833 1359 1990 1397 sacro

416 1445 745 1515 baptismate
780 1442 863 1495 vir
905 1441 1110 1494 virtute
1151 1439 1333 1493 clarus
1377 1437 1688 1500 Polatnion,
1730 1437 1822 1504 qui
1877 1445 1990 1488 tum

418 1536 590 1590 sacris
621 1549 684 1587 ac
711 1532 961 1601 religioni
994 1531 1273 1601 Agrigenti
1299 1530 1540 1584 civitatis
1585 1537 1835 1598 praeerat,
1871 1541 1994 1580 sus-

419 1626 574 1693 cipit.
603 1624 794 1677 Postea
823 1637 952 1676 vero
993 1638 1156 1690 qnam
1215 1637 1350 1690 puer
1375 1630 1631 1674 octavum
1679 1618 1853 1673 aetatis
1893 1634 1993 1670 an-

420 1729 552 1768 num
582 1713 780 1782 attigit,
815 1713 962 1768 hunc
992 1713 1059 1766 ad
1100 1713 1286 1766 divum
1336 1712 1708 1766 Potamionem
1737 1718 1993 1780 parentes

421 1803 726 1867 adducunt,
756 1815 813 1859 ut
843 1819 1014 1871 puero
1050 1803 1140 1856 ille
1165 1817 1426 1871 prospera
1447 1803 1630 1856 omnia
1649 1809 1991 1871 precaretur,

349 1956 351 1958 η
421 1901 478 1948 et
539 1904 798 1962 praeterea
851 1893 1028 1962 ipsum
1068 1893 1390 1962 praeceptori
1439 1892 1686 1946 traderet
1734 1891 1996 1947 erudien-

423 1988 576 2041 dum.
607 1985 712 2051 Qui
742 2000 867 2040 cum
913 2001 1011 2054 pro
1053 1985 1208 2054 pueri
1248 1985 1425 2038 salute
1456 1985 1747 2038 Dominum
1784 1983 1866 2056 (ut
1897 2001 1998 2054 par

423 2077 542 2149 era)
592 2086 823 2142 orasset,
853 2075 1192 2146 grammatici
1227 2075 1536 2145 cujusdam,
1589 2076 1678 2130 cui
1731 2077 1998 2130 Damiano

424 2185 627 2224 nomen
672 2178 810 2230 erat,
857 2168 982 2222 ﬁdei
1040 2168 1194 2222 illum
1252 2170 1546 2232 commisit,
1589 2168 1999 2238 disciplinisque

426 2269 680 2315 accurate
704 2275 767 2314 ac
796 2259 989 2314 sedulo
1013 2259 1334 2314 incumbere
1357 2261 1636 2329 praecepit.
1668 2261 1736 2314 At
1763 2275 1899 2330 puer
1931 2261 2000 2316 ab

427 2352 562 2422 ipsis
576 2353 884 2406 litterarum
901 2352 1207 2414 elementis,
1227 2362 1286 2406 ut
1307 2352 1482 2415 aiunt,
1499 2353 1864 2421 przestantiam
1887 2353 2003 2408 ani-

430 2445 504 2499 mi
527 2461 637 2514 praa
658 2460 716 2498 se
732 2444 937 2508 ferens,
959 2454 1146 2513 utpote
1174 2445 1265 2514 qui
1293 2445 1493 2516 ingenii
1513 2445 1782 2512 acumine,
1807 2457 1863 2502 et
1891 2449 2004 2502 acri

431 2536 866 2606 promptitudinc
895 2552 1026 2590 usus
1048 2545 1166 2604 est,
1198 2538 1386 2608 plures
1418 2537 1658 2593 breviter
1685 2537 2006 2607 disciplinas

435 2629 728 2697 percurrit.
760 2629 894 2682 Nam
920 2630 1093 2698 prima
1123 2629 1237 2698 ipsa
1261 2630 1554 2691 elementa,
1579 2631 1818 2700 odasque
1849 2631 2010 2684 Davi-

434 2721 604 2780 dicas.
635 2720 904 2774 rationem
932 2722 1059 2775 item
1079 2737 1141 2775 ac
1162 2722 1602 2776 convenientiam
1622 2738 2005 2788 numerorum,

437 2812 575 2866 adde
603 2813 767 2865 etiam
817 2813 1223 2868 ecclesiasticos
1275 2813 1528 2883 hymnos,
1561 2814 1767 2868 biennii
1799 2822 2008 2868 tantum

436 2902 613 2971 spatio
639 2903 850 2957 didicit.
881 2903 1114 2958 Proinde
1137 2904 1208 2958 ob
1252 2905 1618 2967 celeritatem,
1657 2921 1765 2974 qua
1812 2913 1892 2958 tot
1922 2907 2011 2960 di-

436 2994 684 3062 sciplinis
724 2995 975 3049 excultus
1027 3003 1134 3059 est,
1190 2997 1449 3050 omnibus
1499 2998 1849 3051 admirationi
1884 2997 2008 3053 fuit.

436 3084 537 3139 Ubi
587 3100 719 3139 vero
771 3086 1164 3141 duodecimum
1215 3103 1420 3141 annum
1447 3099 1871 3159 praetergressus
1904 3099 2008 3154 est,

435 3176 752 3247 episcopum
805 3194 996 3232 rursus
1040 3194 1104 3232 ac
1149 3189 1380 3235 cmteros
1427 3181 1685 3236 Ecclesia:
1733 3185 2014 3240 ministros

438 3279 696 3337 parentes
719 3272 960 3332 adeunt,
1000 3271 1299 3339 multisque
1338 3273 1487 3327 hunc
1522 3274 1699 3344 ipsum
1731 3277 1785 3330 in
1821 3293 2013 3332 eorum

437 3358 730 3427 collegium
786 3359 1031 3428 cooptari
1087 3361 1345 3428 precibus
1379 3372 1562 3417 orant.
1621 3365 1871 3435 Cumque
1926 3367 2016 3422 ille

438 3466 596 3514 aequo
623 3451 807 3503 animo
834 3465 1145 3505 sermonem
1175 3453 1419 3508 audisset
1444 3455 1572 3524 (jam
1599 3456 1746 3509 enim
1774 3459 2016 3511 interiori

441 3542 642 3596 utentis
669 3543 826 3596 oculo
857 3544 1139 3607 cernebat,
1175 3561 1338 3614 quam
1389 3547 1738 3615 splendidum
1777 3565 1840 3603 ac
1882 3549 2020 3603 luci-

443 3632 574 3686 dutn
598 3633 816 3686 oculum
841 3635 1092 3704 regenda:
1117 3635 1376 3690 Ecclesiae
1397 3647 1539 3691 esset
1567 3637 1936 3706 admoturus),
1965 3641 2019 3694 in

443 3739 663 3778 sacrum
721 3735 924 3779 coetum
959 3727 1176 3792 ascivit,
1215 3736 1270 3781 et
1301 3727 1454 3781 illum
1483 3745 1748 3799 organum
1776 3731 2022 3786 selectis-

443 3815 641 3869 simum
674 3815 808 3880 fore,
839 3831 899 3870 ac
928 3817 1193 3885 quidquid
1225 3819 1278 3872 in
1313 3829 1591 3887 posterum
1615 3819 1830 3875 futurus
1855 3833 2018 3888 esset,

445 3909 705 3980 prml'atus
725 3920 828 3964 est.
865 3911 938 3964 Ita
989 3911 1150 3965 divus
1185 3912 1487 3982 Gregorius
1533 3914 1862 3992 clericorum
1914 3929 2021 3969 cce-

447 4004 524 4058 tui
559 4001 798 4064 additus,
823 4003 1033 4056 Donato
1063 4003 1324 4058 Ecclesia:
1347 4005 1738 4058 archidiacono
1767 4005 2022 4072 traditur,

446 4093 539 4162 qui
578 4102 693 4147 tum
738 4109 1019 4147 sacrorum
1072 4095 1414 4148 voluminum
1444 4112 1629 4149 curam
1653 4097 1846 4166 agebat
1880 4113 1893 4150 :
1930 4113 2025 4152 cu-

443 4186 532 4255 jus
574 4200 700 4238 cum
753 4185 1008 4246 familiari
1048 4186 1302 4239 convictu
1348 4202 1412 4240 ac
1456 4187 1858 4241 consuetudine
1908 4199 2028 4242 uta.-

447 4284 622 4336 rctur,
651 4274 812 4344 longe
863 4276 1129 4330 disertior
1160 4277 1336 4330 evasit
1369 4295 1384 4332 :
1416 4278 1881 4348 perSpicuumqne
1923 4280 2027 4334 fuit

449 4375 573 4436 post
621 4367 1034 4422 delitescentem
1088 4369 1233 4437 apud
1259 4371 1438 4438 ipsum
1504 4371 1727 4425 virtutis
1771 4372 2023 4438 odorem,

449 4456 769 4524 disciplinas
795 4457 1018 4526 quidem
1050 4458 1413 4525 perlustrare,
1440 4473 1624 4512 mores
1650 4475 1782 4513 vero
1810 4461 1862 4512 in
1897 4477 2023 4530 gra-
2048 4445 2101 4504 D

450 4550 634 4603 viores
659 4563 724 4602 ac
757 4549 1104 4603 venustiores
1139 4559 1504 4618 permutasse,
1533 4560 1699 4621 atque
1726 4552 1864 4607 adeo
1903 4569 2024 4608 sesc

451 4641 652 4694 divinis
681 4640 904 4708 scriptis
949 4641 1304 4694 attentiorem
1359 4643 1704 4710 praestitisse,
1748 4659 1778 4697 a
1816 4643 2022 4712 quibus

451 4742 507 4788 et
537 4735 721 4788 animo
753 4733 1024 4804 imprimis
1054 4735 1417 4801 illuminatus,
1443 4745 1497 4790 et
1523 4737 1744 4790 illarum
1780 4737 2026 4790 incredi-

453 4825 548 4880 bili
577 4824 810 4880 aﬂ‘ectus
865 4825 1182 4889 dulcedine,
1229 4835 1404 4880 totum
1441 4828 1552 4881 Deo
1603 4843 1661 4882 se
1699 4827 1814 4896 ipse
1850 4826 2024 4896 dedit,

451 4916 727 4985 viamque,
759 4933 865 4986 qua
912 4917 990 4971 illi
1044 4917 1271 4987 propius
1321 4919 1634 4984 inhaereret,
1681 4917 2028 4988 celeriusque

453 5009 762 5062 occurrenti
790 5010 892 5063 sibi
929 5011 1419 5079 appropinquaret,
1449 5011 1586 5064 inire
1617 5009 1892 5065 studebat.

522 5102 613 5159 Ill.
652 5102 806 5156 Illum
838 5103 1006 5173 igitur
1038 5117 1192 5157 sacra
1224 5102 1497 5157 invisendi
1537 5103 1680 5168 loca,
1726 5118 2031 5172 eorumque

454 5192 844 5247 sanctitudinis
896 5207 1018 5248 esse
1060 5193 1409 5262 participem,
1473 5193 1734 5261 cogitatio
1783 5193 2029 5248 incessit.

454 5282 702 5353 Cumque
749 5300 946 5354 magno
1002 5284 1233 5354 hujusce
1284 5286 1361 5339 rei
1428 5283 1706 5338 desiderio
1761 5283 2032 5353 ﬂagraret,

453 5374 652 5429 exinde
682 5375 852 5430 Deum
883 5376 1227 5439 obsecrabat,
1266 5391 1336 5430 ne
1379 5383 1568 5428 votum
1601 5389 1764 5429 suum
1799 5375 2036 5428 frustra-

460 5475 630 5518 retur.
665 5466 896 5537 Jamque
928 5467 1440 5524 duodevicesimum
1473 5468 1649 5521 matis
1678 5482 1884 5521 annum
1919 5482 2036 5535 age-

459 5557 572 5612 bat.
609 5555 856 5621 Quadam
877 5575 1009 5614 vero
1042 5568 1207 5615 nocte
1251 5575 1378 5613 cum
1410 5559 1464 5613 in
1499 5558 1900 5624 archidiaconi,
1937 5573 2035 5611 cu-

453 5649 546 5718 jus
575 5649 910 5710 mentionem
937 5653 1193 5710 fecimus.
1231 5651 1599 5707 contubernio
1633 5653 1877 5723 degeret,
1920 5651 2035 5719 ipse

465 5741 727 5812 templum
768 5743 1068 5814 ingressus,
1099 5746 1296 5812 Deum,
1327 5754 1386 5798 ut
1427 5744 1694 5815 ejusmodi
1734 5759 1791 5799 se
1832 5758 2032 5813 propn-

2024 1772 2068 1826 Β

2037 3105 2083 3165 {1

2084 524 2319 597 ριφανὴς
2380 521 2682 576 δείκνυται.
2751 521 2815 573 Ol
2876 518 3075 587 φύντες
3131 517 3188 571 δὲ
3244 516 3499 587 Χαρίτων
3568 519 3660 569 καὶ

2080 617 2348 684 Θεοδότη,
2411 614 2725 683 ἄνθρωποι,
2794 612 3011 683 πλούτῳ
3058 610 3296 681 λαμπρῷ
3352 608 3659 678 κομῶντες,

2087 709 2182 760 καὶ
2263 707 2364 777 βίῳ
2433 704 2656 776 χρηστῷ
2723 703 3031 767 θάλλοντες,
3100 702 3195 755 καὶ
3255 700 3364 753 τῶν
3432 701 3656 769 προσόν-

2082 819 2190 854 των
2223 800 2290 853 τά
2343 799 2574 852 πλεῖστα
2627 800 2740 861 τοῖς
2784 797 3014 867 πένησιν
3057 794 3454 861 ἀπονέμοντες,
3517 786 3664 844 οὗτοι

2085 893 2152 947 δι’
2177 894 2346 962 εὐχῆς
2374 891 2687 960 ποιούμενοι
2720 889 2890 944 παῖδα
2920 890 3068 958 σχεῖν
3098 888 3308 957 ἄρρενα
3328 883 3659 954 τυγχάνουσι

2086 985 2185 1051 τῆς
2217 982 2410 1053 εὐχῆς,
2437 983 2499 1036 ού
2537 982 2636 1053 τὴν
2672 980 2838 1051 φύσιν
2870 979 3051 1049 μόνον,
3087 977 3225 1030 ἀλλά
3249 977 3342 1030 καὶ
3363 975 3460 1046 τὴν
3486 975 3667 1044 ψυχὴν

2088 1076 2291 1144 ἄρρενα
2325 1074 2749 1144 κληρωσάμενον
2775 1092 2785 1105 ·
2808 1071 2996 1142 ὥσπερ
3018 1070 3109 1124 οὖν
3137 1071 3167 1123 6
3203 1069 3311 1123 τῶν
3342 1065 3668 1138 πειρασμῶν

2091 1165 2280 1234 καιρὸς
2312 1163 2504 1228 ἔδειξε,
2541 1166 2636 1217 καὶ
2672 1167 2704 1232 ἡ
2740 1165 2878 1235 πρὸς
2909 1163 3007 1224 τάς
3033 1161 3141 1215 τῶν
3170 1161 3363 1216 κακῶν
3395 1158 3668 1228 ἐπιφορὰς

2091 1257 2428 1327 γενναιότης,
2457 1256 2492 1309 ἃ.
2522 1257 2586 1325 δὴ
2614 1257 2707 1310 καὶ
2737 1255 2943 1325 προῖὼν
2962 1257 2988 1307 6
3012 1253 3168 1322 λόγος
3187 1249 3443 1322 δηλώσει.
3467 1249 3672 1303 Τοῦτον

2091 1351 2222 1418 γοῦν
2249 1349 2354 1403 ἀπὸ
2388 1348 2480 1401 τοῦ
2513 1349 2656 1401 θείου
2693 1348 3072 1419 βαπτίσματος
3099 1345 3422 1413 ἀναδέχεται
3453 1345 3481 1396 6
3507 1341 3673 1405 πολὺς

2092 1440 2190 1509 τὴν
2243 1441 2442 1510 ἀρετὴν
2479 1437 2795 1508 Ποταμίων,
2827 1439 2854 1490 ὁ
2898 1436 3019 1488 τότε
3064 1435 3163 1504 τῆς
3230 1431 3674 1505 Ἀκραγαντίνων

2093 1530 2301 1594 πόλεως
2322 1529 2422 1593 τὰς
2456 1530 2607 1601 ἱερὰς
2651 1528 2860 1598 ἀνέχων
2894 1526 3206 1598 φροντίδας.
3247 1523 3471 1594 Ἐπειδὴ
3501 1524 3557 1576 δὲ
3584 1524 3674 1576 τὸν

2093 1622 2279 1690 δγδοον
2311 1622 2502 1691 χρόνον
2524 1623 2550 1674 6
2581 1622 2710 1682 παῖς
2737 1621 2832 1690 τῆς
2871 1618 3088 1688 ἡλικίας
3124 1616 3460 1688 παρήμειϐε,
3499 1617 3675 1668 Ποται

2100 1715 2258 1785 μίωνι
2297 1714 2387 1768 τὸν
2420 1715 2562 1766 θεῖον
2588 1712 2781 1766 τοῦτον
2821 1711 3194 1779 προσάγουσιν
3231 1711 3280 1762 οἱ
3329 1709 3675 1780 γεννήτορες,

2097 1806 2351 1874 εὐλογίας
2418 1822 2478 1858 τε
2533 1804 2813 1871 ἀξιῶσαι,
2873 1804 2968 1857 καὶ
3025 1803 3292 1872 παιδευτῇ
3341 1803 3678 1871 παραδοῦναι

2099 1897 2436 1969 βουλόμενοι.
2469 1897 2580 1951 Καὶ
2601 1897 2658 1960 ὃς
2681 1897 2829 1966 αύτῷ
2853 1896 2996 1949 κατά
3022 1896 3082 1949 τὸ
3111 1897 3258 1958 είκδς
3281 1893 3675 1964 ἐπευξάμενος,

2099 1991 2500 2060 γραμματιστῇ
2530 2006 2638 2042 τινι
2681 1988 3050 2058 παραδίδωσιν
3087 1980 3130 2055 ᾧ
3173 1985 3442 2058 Δαμιανδς
3485 1985 3677 2056 ὄνομα,

2103 2082 2413 2146 σπουδαίως
2442 2080 2604 2134 αὑτὸν
2628 2080 2722 2134 καὶ
2761 2079 3065 2147 φιλοπόνως
3095 2077 3442 2132 ἐκπαιδεύειν
3471 2077 3540 2130 τά
3571 2076 3681 2128 τῶν

2107 2175 2447 2244 μαθημάτων
2476 2173 2968 2242 ἐγκελευσάμενος.
3029 2172 3090 2226 '0
3133 2171 3190 2224 δὲ
3235 2171 3298 2243 δὴ
3334 2173 3462 2234 παῖς
3491 2169 3551 2223 τὸ
3583 2173 3681 2239 τῆς

2101 2267 2282 2337 ψυχῆς
2329 2267 2674 2336 μεγαλοφυές
2722 2266 2782 2331 ἐξ
2811 2266 3004 2334 αὐτῆς,
3037 2264 3112 2327 ὡς
3142 2265 3170 2317 6
3203 2263 3386 2334 λόγος,
3415 2263 3685 2334 γραμμῆς

2105 2358 2440 2426 ὑποφαίνων,
2464 2359 2560 2411 ἆτε
2586 2359 2650 2424 δὴ
2677 2358 2892 2426 φύσεως
2908 2355 3127 2426 ὀξύτητι
3153 2359 3247 2409 καὶ
3263 2357 3540 2428 προθυμῖᾳ
3567 2375 3690 2410 συν-

2104 2451 2242 2521 τόνῳ
2263 2449 2566 2520 χρώμενος,
2594 2449 2660 2503 δι’
2691 2449 2873 2516 ὀλίγον
2900 2449 2966 2502 τὰ
2993 2449 3166 2501 πολλὰ⁴
3192 2449 3300 2502 τῶν
3350 2449 3688 2519 μαθημάτων

2107 2542 2266 2612 διῄει,
2297 2542 2370 2603 ὡς
2403 2543 2460 2594 ἐν
2496 2541 2619 2594 δυσὶ
2672 2541 2858 2612 μόνοις
2905 2539 3052 2592 ἔτεσι
3095 2541 3197 2610 τήν
3232 2557 3291 2592 τε
3318 2540 3427 2593 τῶν
3458 2539 3690 2609 πρῶτων

2112 2635 2394 2704 στοιχείων
2435 2633 2760 2703 παράδοσιν,
2803 2631 2928 2694 τούς
2958 2649 3018 2685 τε
3058 2631 3379 2694 Δαυῖδικοὺς
3419 2630 3689 2701 ψαλμοὺς,

2111 2728 2207 2783 καὶ
2234 2731 2333 2792 τὰς
2361 2728 2468 2781 τῶν
2496 2727 2750 2796 ἀριθμῶν
2777 2726 3101 2792 ἀναλογίας,
3134 2725 3334 2794 πρσέτι
3360 2725 3417 2779 δὲ
3445 2725 3536 2778 καὶ
3564 2725 3693 2788 τοὺς

2112 2821 2601 2888 ἐκκλησιαστικοὺς
2626 2819 2829 2889 ὕμνους
2853 2817 3139 2887 ἐκμαθεῖν.
3181 2817 3397 2886 Ἀμέλει
3425 2817 3514 2871 καὶ
3541 2816 3693 2886 παρά

2113 2913 2277 2967 πᾶσιν
2329 2911 2770 2983 ἀξιοθαύμαστος
2815 2910 2909 2962 ἐπὶ
2974 2909 3052 2978 τῷ
3119 2909 3276 2977 τάχει
3335 2909 3434 2977 τῆς
3487 2907 3693 2961 τούτων

2115 3004 2467 3076 περιλήψεως
2503 3003 2806 3074 ἐνομίζετο.
2860 3001 2950 3066 Ὠς
3002 3000 3061 3056 δέ
3111 3003 3208 3054 καὶ
3259 2999 3355 3053 τοῦ
3387 3001 3694 3054 δωδεκάτου

2115 3096 2270 3160 ἔτους
2314 3095 2627 3165 προϐαίνων
2685 3097 2917 3165 ἥπτετο,
2985 3092 3283 3163 προσίασιν
3335 3093 3385 3144 οί
3443 3093 3694 3154 τεκόντες

2115 3189 2272 3252 αὖθις
2301 3189 2378 3259 τῷ
2410 3188 2726 3257 ἐπισκόπῳ,
2759 3187 2852 3239 καὶ
2885 3185 2962 3257 τῷ
2998 3186 3187 3256 κλήρῳ
3223 3186 3414 3240 τοῦτον
3453 3188 3694 3254 ἐγκατα-

2113 3283 2342 3350 λεγῆναι
2368 3285 2463 3351 τῆς
2491 3280 2789 3348 ἐκκλησίας
2812 3278 3173 3333 ἀντιϐολοῦσι.
3192 3279 3301 3330 Καὶ
3330 3280 3410 3344 ὃς,
3443 3279 3697 3349 ἀσμένως

2115 3375 2206 3428 τὸν
2238 3375 2394 3442 λόγον
2424 3374 2740 3443 δεξάμενος,
2794 3373 2945 3442 ἐώρα
2994 3373 3104 3443 γὰρ
3160 3373 3262 3442 ἥδη
3295 3373 3372 3442 τῷ
3404 3372 3698 3443 διορατικῷ

2117 3467 2215 3536 τῆς
2247 3465 2427 3536 ψυχῆς
2476 3463 2744 3535 ὀφθαλμῷ
2777 3461 2892 3518 οἷον
2923 3463 3229 3534 περικαλλῆ
3282 3465 3378 3516 καὶ
3430 3464 3697 3532 φωτεινδν

2118 3557 2381 3628 ὀφθαλμῷ
2401 3560 2464 3627 τῇ
2498 3557 2798 3627 Ἐκκλησία
2828 3555 3017 3625 μέλλοι
3043 3554 3388 3626 χαρίζεσθαι,
3412 3558 3476 3626 τῇ
3495 3554 3695 3626 ποίμνῃ

2119 3650 2310 3703 τοῦτον
2342 3649 2691 3720 συναριθμεῖ,
2730 3647 2923 3710 σκεῦος
2961 3649 3194 3719 ἐκλογῆς
3230 3647 3393 3712 αὐτὸν
3418 3645 3698 3717 προειπὼν

2122 3741 2539 3811 ἀποϐήσεσθαι,
2594 3741 2689 3818 καὶ
2747 3741 2848 3793 ὅσα
2914 3739 3143 3810 ὕστερον
3201 3740 3409 3802 ἐκεῖνος
3460 3721 3698 3808 ’ἔμελλεν

2123 3835 2365 3890 ἔσεσθαι.
2399 3834 2586 3895 Οὕτως
2607 3837 2634 3887 6
2666 3833 2808 3904 ἱερὸς
2839 3833 3142 3904 Γρηγὸριος
3172 3830 3248 3902 τῷ
3275 3831 3384 3890 τῶν
3417 3830 3700 3900 κληρικῶν

2125 3924 2270 3996 χορῷ
2321 3923 2805 3994 συγκαταλεχθεὶς,
2845 3923 3064 3992 Δονάτῳ
3097 3920 3455 3991 παραδίδοται
3495 3920 3570 3990 τῷ
3603 3921 3703 3987 ἀρ-

2126 4019 2415 4089 χιδιακόνῳ
2471 4018 2568 4086 τῆς
2613 4015 2929 4084 ἐκκλησίας,
2982 4015 3040 4078 ὃς
3095 4015 3160 4084 δὴ
3211 4015 3310 4066 καὶ
3369 4013 3478 4066 τῶν
3535 4013 3700 4081 ἱερῶν

2131 4109 2354 4180 βιϐλίων
2384 4107 2689 4178 τηνικαῦτα
2715 4108 2814 4175 τὴν
2847 4105 3101 4176 φυλακὴν
3134 4105 3523 4175 ἐπιτέτραπτο,
3549 4098 3703 4171 ᾧτινι

2128 4202 2223 4254 καὶ
2273 4200 2448 4252 εἰσαεὶ
2490 4198 2694 4267 διάγων
2725 4196 2916 4250 ἑαυτὸν
2953 4195 3283 4266 τρανότερον
3332 4193 3660 4264 παρεδείκνυ
3686 4211 3700 4222 ο

2131 4291 2229 4343 καὶ
2253 4289 2414 4358 δῆλος
2448 4283 2517 4357 ἦν
2543 4287 2652 4340 ἀπὸ
2697 4284 2793 4337 τοῦ
2827 4283 3220 4352 κρυπτομένου
3263 4284 3396 4352 παρ’
3431 4279 3582 4350 αύτῷ
3607 4282 3706 4351 τῆς

2129 4377 2331 4445 ἀρετῆς
2371 4373 2567 4444 μύρου,
2601 4371 2913 4434 σπουδαίως
2939 4372 3039 4440 μὲν
3070 4371 3138 4422 τὰ
3181 4369 3498 4438 μαθήμαται
3529 4367 3703 4434 διιὼν,

2128 4469 2292 4539 ἤθους
2328 4467 2384 4520 δὲ
2421 4469 2754 4536 σεμνοτέρου
2783 4460 3285 4533 μεταποιούμενος,
3325 4458 3706 4530 προσεκτικώ-

2129 4577 2286 4631 τερον
2324 4558 2381 4610 δέ
2421 4557 2516 4610 καὶ
2548 4557 2674 4627 περὶ
2703 4555 2802 4617 τὰς
2826 4553 2976 4616 θείας
3009 4552 3148 4621 ἔχων
3176 4551 3428 4623 Γραφὰς,
3451 4550 3510 4614 ἐξ
3537 4545 3613 4605 ὧν
3642 4550 3707 4621 δὴ

2130 4653 2224 4706 καὶ
2269 4651 2504 4720 μάλιστα
2551 4648 2653 4718 τὴν
2695 4646 2876 4716 ψυχὴν
2913 4643 3210 4714 φωτισθεὶς
3250 4643 3346 4697 καί⁹
3386 4642 3464 4712 τῷ
3505 4642 3708 4713 ἡδίστῳ

2129 4743 2336 4796 τούτων
2366 4740 2612 4810 θελχθεὶς
2645 4740 2843 4809 μέλιτι,
2892 4737 3029 4801 ὅλως
3073 4737 3150 4807 τῷ
3196 4737 3315 4807 Θεῷ
3354 4734 3707 4806 προσανέχων

2130 4832 2219 4908 ἦν,
2269 4835 2366 4888 καὶ
2417 4833 2534 4887 ὁδὸν
2575 4832 2780 4902 ἐζήτει,
2827 4829 2895 4883 δι’
2943 4824 3012 4901 ἦς
3061 4827 3210 4899 αύτῷ
3258 4827 3351 4882 καὶ
3383 4825 3709 4897 τελεώτερον

2133 4925 2454 4997 συναφθείη,
2487 4925 2580 4978 καὶ
2605 4923 2819 4991 ἐγγίσαι
2840 4922 3028 4992 τάχιον
3057 4919 3135 4991 τῷ
3162 4920 3456 4988 ἐγγίζοντι.

2205 5103 2280 5157 1".
2328 5100 2605 5171 Λογισμδς
2642 5099 2820 5153 τοίνυν
2852 5097 3017 5151 αὑτὸν
3059 5096 3246 5151 θεόθεν
3281 5095 3551 5164 λαμϐάνει
3585 5097 3712 5158 τοὺς

2137 5195 2323 5265 ἁγίους
2390 5194 2592 5256 τόπους
2649 5191 2800 5255 ἰδεῖν,
2843 5189 3066 5244 καὶτοῦ
3105 5190 3162 5254 ἐξ
3211 5188 3388 5242 αὐτῶν
3439 5187 3710 5256 ἁγιασμοῦ

2141 5288 2450 5356 μετασχεῖν.
2485 5285 2594 5337 Καὶ
2624 5283 2706 5335 δεῖ
2736 5283 2874 5351 πρὸς
2900 5281 3056 5334 τοῦτο
3089 5281 3212 5332 λίαν
3243 5278 3522 5350 ἐρωτικῶς
3547 5277 3710 5347 ἔχων,

2139 5379 2306 5429 ἴδεῖτο
2335 5379 2520 5429 λοιπον
2563 5375 2656 5427 τοῦ
2704 5374 2841 5426 Θεοῦ
2883 5373 2956 5443 μὴ
3002 5373 3326 5442 διαμαρτεῖν
3357 5371 3453 5422 τοῦ
3484 5369 3712 5425 σκοποῦ.

2138 5468 2244 5518 Καὶ
2282 5465 2474 5533 χρόνον
2535 5464 2631 5534 μὲν
2679 5464 3146 5517 ὀκτωκαιδέκατον
3190 5461 3294 5532 ἤδη
3342 5457 3581 5528 γεγονὼς
3624 5454 3714 5528 ἦν,

2139 5557 2195 5608 ἐν
2261 5557 2362 5626 μιᾷ
2399 5555 2456 5607 δὲ
2493 5555 2602 5609 τῶν
2633 5555 2845 5608 νυκτῶν
2895 5553 2986 5607 τὸν
3027 5553 3260 5623 ρηθέντα
3314 5549 3716 5620 κατακοιμίσας

2143 5632 2545 5719 ἀρχιδιάκονον,
2608 5648 2772 5712 αὐτὸς
2833 5648 2966 5700 εῐσω
3017 5645 3112 5699 τοῦ
3163 5643 3293 5700 ναοῦ
3345 5642 3577 5711 γίνεται,
3625 5641 3718 5693 καί⁴

2142 5740 2308 5794 πολλά
2367 5739 2457 5792 τοῦ
2509 5738 2642 5793 Θεοῦ
2694 5739 2944 5808 δεηθεὶς,
3011 5736 3339 5809 συνάρασθαι
3387 5732 3556 5803 τούτῳ
3609 5730 3700 5783 τοῦ
