4080 6374
378 368 486 431 1Ί3

1339 363 1519 425 VlTA
1564 365 1626 424 S.
1659 363 2048 425 GREGORII
2087 366 2634 429 AGRIGENTINI.

3527 381 3633 444 194

374 472 752 546 προκειμένου
793 472 887 526 καὶ
914 473 993 536 εἰς
1034 471 1209 543 πέρας
1249 471 1480 540 ἀγαγεῖν
1520 471 1622 537 τὴν
1670 472 1967 543 ἔπιθυμίαν

2069 473 2176 529 sito
2202 474 2484 539 liberaret,
2508 486 2562 530 et
2586 476 2653 531 ad
2688 479 2896 534 exitum
2927 489 3112 550 Optata
3142 483 3489 553 perduceret,
3515 503 3635 557 pre-

371 569 487 638 πρδ
514 567 615 636 τῆς
644 564 741 618 τοῦ
772 566 1011 619 Δονάτου
1051 565 1244 634 κλίνης
1272 567 1338 634 τῇ
1368 566 1439 633 γῇ
1478 564 1963 635 προκατακλιθεὶς,

370 659 457 729 τῷ
487 657 641 728 ὕπνῳ
689 655 888 709 ἑαυτὸν
946 655 1156 709 δίδωσι.
1208 654 1507 721 Παραστάς
1556 655 1613 708 δέ
1661 672 1746 719 τις
1789 654 1962 725 αὐτῷ,

367 749 668 820 Γρηγόριε,
714 746 885 815 λέγει.
924 743 983 799 '0
1004 744 1062 797 δὲ
1093 743 1276 808 εὐθὺς,
1315 743 1445 797 Ἰδοὺ
1474 743 1605 813 ἐγὼ,
1653 743 1832 815 κύριε,
1867 745 1965 799 καὶ

373 841 510 904 στὰς
534 840 630 894 τοῦ
655 837 1036 910 ἀρχιδιακόνου
1078 835 1436 905 ἐπίπροσθεν,
1460 835 1526 887 Τί
1567 852 1634 905 με
1664 835 1960 904 κέκληκας,

371 926 505 997 ἔφη,
546 924 743 996 κύριε;
776 924 888 978 Καὶ
954 922 1137 990 αὐτὸς,
1193 922 1271 975 Οὐ
1323 922 1571 993 κέκληκά
1619 940 1700 989 σε,
1749 925 1961 990 τέκνον,

378 1017 571 1086 φησίν.
605 1016 774 1079 Αὖθις
819 1011 914 1069 οὖν
962 1013 1342 1083 ὑποστρέψας,
1385 1016 1452 1084 τῇ
1494 1017 1756 1084 στρωμνῇ
1802 1031 1963 1069 κατε-

375 1108 614 1162 κλίνετο.
653 1103 789 1160 Εἶτα
820 1104 984 1160 πάλιν
1006 1106 1035 1157 ό
1055 1104 1239 1158 καλῶν
1271 1104 1332 1157 τὸ
1362 1104 1617 1176 δεύτερον
1645 1109 1959 1175 παραστὰς,

375 1199 673 1270 Γρηγόριε,
698 1197 829 1267 ἔφη.
865 1196 925 1249 '0
957 1197 1015 1249 δε
1048 1197 1144 1250 καὶ
1168 1195 1327 1259 αὖθις
1347 1196 1709 1267 ἀναπηδήσας
1733 1198 1960 1267 σπουδῇ,

377 1293 486 1360 πρὸ
507 1293 607 1362 τῆς
644 1291 833 1361 κλίνης
868 1289 1086 1343 ἵσταται
1119 1287 1216 1342 τοῦ
1251 1287 1659 1359 ἀρχιδιακόνου,
1698 1290 1792 1343 καὶ
1829 1289 1961 1344 Ἰδοὺ

376 1382 513 1452 ἐγὼ,
570 1382 732 1454 κύριε
767 1396 782 1412 ο
812 1380 867 1434 τί
886 1379 1166 1451 κέκληκας
1197 1397 1289 1450 με,
1326 1380 1514 1450 φησίν.
1557 1379 1619 1432 '0
1647 1378 1964 1451 ἀρχιδιάκο-

376 1493 467 1538 νος
512 1470 605 1528 οὖν
651 1474 747 1528 ἐπὶ
794 1475 875 1543 τῷ
931 1471 1225 1543 πράγματι
1255 1472 1666 1543 διαταραχθεὶς,
1707 1467 1830 1525 εἶτα
1868 1472 1965 1526 καὶ

374 1568 479 1635 τὴν
511 1567 708 1637 κλῆσιν
756 1565 966 1621 ἄνωθεν
1010 1559 1152 1618 εἶναι
1184 1564 1261 1635 μὴ
1305 1565 1602 1633 ἀγνοήσας,
1654 1564 1797 1632 Ἐγὼ
1839 1564 1958 1634 μὲν,

374 1658 568 1728 εἴρηκε
611 1657 752 1728 πρὸς
809 1656 994 1722 αὑτὸν,
1038 1655 1162 1709 οὐδὲ
1204 1655 1300 1707 νύν
1339 1653 1588 1722 κέκληκά
1629 1669 1709 1716 σε,
1752 1654 1962 1722 τέκνον,

376 1750 516 1820 πλὴν
546 1748 666 1804 ἀλλ’
686 1749 736 1802 εί
765 1743 924 1811 αὖθις
960 1746 1103 1801 οὕτω
1128 1745 1411 1816 κληθείης,
1449 1745 1743 1814 ἀπόκριναι
1765 1743 1841 1813 τῷ
1864 1761 1963 1798 κα-

2068 564 2224 619 cibus
2248 565 2657 622 obtestabatur:
2681 583 2747 624 ac
2774 585 2897 625 mox
2921 571 3072 627 humi
3101 590 3274 646 prope
3305 592 3334 631 a
3368 578 3512 633 lecto
3537 579 3647 634 Do-

2067 656 2179 709 nati
2208 658 2593 724 procumbens,
2622 673 2821 714 somno
2852 675 2910 716 se
2945 663 3115 719 dedit.
3146 667 3427 724 Assistens
3456 679 3642 727 autem

2065 747 2288 815 quidam
2341 748 2491 801 illum
2547 753 2772 820 proprio
2808 755 3048 822 nomine,
3095 755 3347 827 Gregori,
3402 763 3645 831 appella-

2068 835 2169 890 vit.
2198 836 2249 890 ls
2265 852 2400 891 vero
2426 839 2717 895 confestim
2755 860 2771 899 :
2804 843 2945 898 Ecce
2967 861 3089 915 ego,
3119 847 3370 915 domine;
3402 863 3456 907 et
3489 865 3646 910 stans

2067 940 2253 980 coram
2275 928 2662 985 archidiacono
2685 950 2700 999 ;
2725 932 2867 999 Quid
2896 951 2981 990 me
3005 937 3257 1009 (inquit),
3287 942 3532 1012 domine,
3553 961 3646 1002 vo-

2068 1021 2248 1075 casti?
2275 1020 2376 1075 Cui
2420 1022 2513 1076 illc
2556 1041 2570 1078 :
2603 1023 2726 1079 Non
2758 1034 2833 1090 te,
2878 1028 2976 1093 ait,
3021 1030 3122 1094 fili,
3155 1036 3366 1089 vocavi.
3395 1038 3645 1109 Cumque

2071 1112 2162 1167 ille
2194 1129 2384 1169 rursus
2407 1115 2551 1169 lecto
2577 1123 2782 1173 stratus
2807 1121 3175 1187 recumberet,
3206 1139 3330 1179 mox
3356 1129 3449 1195 qui
3483 1145 3645 1186 voca-

2067 1210 2173 1266 rat,
2207 1206 2451 1260 secundo
2489 1207 2753 1263 assistens
2788 1224 2801 1260 :
2839 1209 3087 1281 Gregori,
3130 1214 3290 1269 dixit.
3330 1219 3400 1271 At
3429 1219 3520 1274 ille
3546 1220 3645 1276 de-

2065 1306 2177 1346 nuo
2210 1293 2535 1350 festinanter
2570 1298 2837 1366 resiliens,
2873 1301 3250 1357 archidiaconi
3304 1306 3446 1360 lecto
3506 1325 3644 1378 pra:-

2067 1390 2151 1435 sto
2178 1381 2279 1435 fuit
2308 1398 2322 1434 :
2349 1383 2511 1449 Ecce,
2548 1384 2822 1455 inquiens,
2854 1402 2976 1458 ego,
2996 1389 3250 1457 domine;
3283 1394 3414 1462 quid
3440 1411 3526 1451 me
3555 1412 3647 1454 vo-

2066 1475 2241 1531 casti?
2268 1476 2636 1543 Quamobrem
2661 1481 3085 1539 archidiaconus
3136 1485 3240 1540 sub
3293 1487 3409 1542 haec
3433 1501 3646 1559 perter-

2068 1567 2227 1636 ritus,
2260 1571 2603 1625 vocationem
2642 1573 2788 1627 illam
2832 1576 3051 1632 caelitus
3093 1577 3337 1647 illapsam
3382 1596 3504 1637 esse
3530 1596 3643 1637 non

2068 1662 2349 1733 ignorans,
2393 1665 2471 1720 sic
2506 1666 2661 1720 illum
2707 1667 2903 1721 affatur
2936 1687 2950 1724 :
2983 1669 3171 1740 Neque
3219 1687 3351 1728 sane
3382 1691 3529 1731 nunc
3567 1687 3641 1746 te,

2067 1753 2162 1819 fili,
2197 1757 2410 1811 vocavi.
2435 1757 2788 1813 Verumenim
2823 1776 3043 1815 rursum
3075 1762 3120 1816 si
3155 1779 3374 1832 vocere,
3415 1782 3646 1835 percon-

374 1812 556 1895 λοῦντί
608 1857 691 1906 σε,
746 1840 812 1893 Τί
853 1842 994 1904 ἐστι,
1041 1812 1241 1909 Κύριε,
1286 1838 1341 1890 τί
1382 1812 1741 1906 προστάττεις
1778 1812 1856 1906 τῷ
1885 1836 1964 1907 σῷ

2150 1812 2161 1819 ,
2720 1812 2727 1813 κ
2829 1812 2869 1813 η
2926 1812 3120 1816 ww--
3167 1812 3374 1832 -ην--ν
3432 1812 3615 1822 mm-

2074 1848 2210 1901 tanti
2265 1849 2600 1917 respondeas
2651 1849 2820 1904 velim
2854 1867 2868 1905 :
2906 1851 3049 1918 Quid
3094 1869 3180 1908 me
3224 1856 3327 1920 vis,
3377 1812 3646 1914 Diomine‘l

375 1934 564 2005 οἰκέτῃ
599 1950 617 2000 ;
656 1933 756 1996 Ὠς
780 1931 876 1986 οὖν
912 1933 1009 1987 καὶ
1038 1931 1223 2000 τρίτον
1255 1929 1284 1983 ὁ
1305 1930 1485 1984 καλῶν
1508 1930 1713 2000 ἐπέστη
1742 1945 1965 1999 προφω-

374 2024 482 2077 νῶν
508 2027 567 2078 τὸ
601 2024 898 2095 Γρηγόριε,
930 2023 1292 2093 ἀποκρίνεται
1321 2019 1476 2085 οὗτος
1516 2021 1707 2092 ὥσπερ
1733 2021 1841 2092 ἄρα
1870 2022 1963 2075 καὶ

375 2115 647 2186 διδαχθεὶς
675 2118 888 2187 ἔτυχεν.
922 2116 1099 2178 Εὐθὺς
1143 2115 1200 2169 δὲ.
1229 2118 1257 2169 ὁ
1290 2114 1493 2179 καλῶν,
1531 2113 1758 2183 ἄγγελος
1789 2113 1846 2166 δὲ
1869 2111 1961 2166 τοῦ

378 2208 517 2260 Θεοῦ
550 2204 621 2277 ἦν
650 2199 827 2272 οὗτος,
864 2206 1171 2261 Ἤκουσταί
1212 2223 1328 2272 σου,
1366 2205 1495 2277 ἔφη,
1530 2207 1564 2276 ἠ
1611 2206 1820 2276 δέησις.
1872 2206 1966 2258 Δεῖ

382 2295 477 2353 οὖν
526 2316 585 2352 σε
630 2301 689 2351 τὶ
719 2301 885 2368 τάχος
916 2299 1071 2372 παρὰ
1098 2299 1189 2353 τὸν
1237 2297 1487 2365 αἰγιαλὸν
1538 2298 1820 2368 γενέσθαι,
1867 2298 1964 2352 καὶ

387 2390 524 2460 πρὸς
556 2390 687 2453 τεὺς
718 2389 911 2458 ἁγίους
940 2390 1142 2451 τόπους
1184 2392 1301 2451 τοῖς
1345 2386 1651 2452 ἀπάξουσιν
1694 2389 1962 2457 ἐντυχεῖν.

452 2488 525 2536 Δ’.
569 2483 699 2536 Ἐπὶ
748 2481 960 2544 τούτοις
999 2481 1029 2533 ὁ
1074 2479 1381 2551 Γρηγόριος
1436 2479 1840 2550 εὐχαριστήσας
1885 2478 1963 2549 τῷ

387 2573 504 2644 Θεῷ
532 2575 631 2627 καὶ
663 2570 744 2636 οἷς
778 2573 1016 2643 ἥκουσιν
1062 2570 1399 2640 εύπειθήσας
1456 2568 1658 2633 ἔξεισιν
1684 2568 1765 2620 ἔτι
1798 2584 1962 2621 κατε-

381 2670 611 2737 χόμενον
669 2664 826 2735 ὕπνῳ
885 2661 1208 2717 καταλιπὼν
1268 2660 1360 2714 τὸν
1407 2658 1814 2731 ἀρχιδιάκονον,
1866 2659 1962 2712 καὶ

347 2757 554 2826 »πλοίῳ
606 2751 943 2825 περιτυχὼν,
980 2748 1171 2820 ἠρώτα
1217 2750 1348 2803 πότε
1392 2751 1490 2801 καὶ
1528 2749 1667 2801 ὅπου
1716 2748 1962 2818 μέλλοιεν

382 2848 472 2900 τὸν
525 2846 809 2899 ἀπόπλουν
861 2845 1061 2898 ποιεῖν.
1113 2840 1267 2895 Ἐπεὶ
1332 2839 1392 2893 δὲ
1448 2841 1683 2912 ἠκουσεν
1728 2840 1803 2903 ὡς
1857 2839 1961 2910 ήδη

383 2938 539 2991 πλεῖν
585 2936 689 3008 μιν
720 2938 862 2991 εἰσιν
901 2934 1215 3006 εὐτρεπεῖς,
1259 2932 1340 2995 είς
1376 2931 1739 3003 Καρθαγέναν
1770 2931 1827 2984 δὲ
1869 2930 1961 2984 τὸν

382 3030 670 3085 ἀπόπλουν
698 3028 976 3084 ποιεῖσθαι
1008 3028 1306 3099 βούλοιντο,
1346 3023 1633 3095 σύμπλουν
1673 3024 1769 3077 καὶ
1800 3024 1963 3078 αὐτὸν

2068 1937 2200 2006 quid
2233 1938 2483 2007 praecipis
2515 1953 2676 1993 servo
2709 1942 2845 1994 tuo?
2884 1942 3179 2013 Postquam
3231 1944 3400 2016 igitur
3450 1950 3639 2012 tertio,

2065 2026 2313 2099 Gregori,
2349 2028 2622 2084 advocans
2667 2031 2952 2096 astitisset,
3015 2035 3105 2089 ille
3156 2036 3232 2090 uti
3269 2036 3499 2093 edoctus
3530 2039 3643 2095 fuc-

2067 2116 2170 2181 ra't,
2218 2117 2521 2185 respondit.
2571 2118 2743 2173 Porro
2779 2120 2962 2174 statim
2993 2124 3085 2190 qui
3130 2134 3353 2179 vocarat
3392 2128 3644 2197 (angelus

2065 2204 2215 2259 enim
2248 2204 2292 2259 is
2334 2206 2431 2259 Dei
2476 2205 2677 2276 fuerat)
2712 2207 3029 2264 :Exaudita
3067 2219 3171 2275 est,
3216 2212 3420 2282 inquit,
3449 2230 3642 2284 preca-

2068 2293 2142 2347 tio
2171 2303 2285 2349 tua.
2310 2294 2578 2360 Quocirca
2608 2297 2673 2350 ad
2704 2297 2860 2352 littus
2906 2300 3176 2356 concedas
3203 2313 3442 2371 oportet,
3484 2316 3545 2361 ut
3572 2307 3643 2362 ad

2063 2384 2183 2440 loca
2209 2394 2396 2440 sancta
2426 2386 2785 2442 tendentibus
2817 2389 3016 2444 obvius
3043 2391 3160 2448 fias.

2133 2476 2222 2530 ιν.
2259 2476 2320 2530 In
2376 2476 2461 2531 his
2521 2476 2819 2545 Gregorius
2866 2479 2978 2535 Deo
3023 2485 3227 2551 gratias
3278 2485 3414 2556 egit,
3477 2498 3643 2557 atque

2064 2567 2338 2637 ejusmodi
2381 2567 2561 2623 verbis
2598 2568 2761 2624 fidem
2794 2571 3022 2636 habens,
3054 2575 3359 2644 egreditur,
3388 2587 3443 2633 et
3468 2579 3644 2633 archi-

2054 2658 2363 2713 ‘diaconum
2416 2661 2650 2714 necdum
2695 2675 2888 2716 somno
2928 2664 3169 2719 solutum
3204 2668 3447 2737 reliquit,
3487 2671 3645 2725 navi-

2063 2749 2260 2819 gioque
2289 2764 2608 2817 occurrens,
2647 2753 2793 2808 unde
2822 2754 2900 2807 illi
2934 2755 3173 2821 advecti,
3202 2768 3256 2812 et
3283 2774 3394 2828 quo
3422 2762 3645 2831 naviga-

2064 2842 2173 2897 turi
2201 2850 2407 2909 essent,
2434 2844 2881 2910 percontabatur.
2919 2848 2988 2900 At
3036 2848 3130 2901 ubi
3179 2850 3515 2919 navigationi
3545 2868 3642 2907 ac»

2061 2933 2274 2988 cinctos
2296 2933 2521 3003 quidem
2556 2934 2699 2995 illos,
2730 2949 2923 2988 verum
2961 2936 3348 3007 Carthaginem
3384 2955 3506 2996 esse
3539 2957 3639 2996 na-

2065 3024 2347 3095 vigaturos
2402 3026 2636 3093 audivit,
2684 3040 2810 3081 cum
2867 3026 2935 3081 iis
2989 3028 3201 3097 pariter
3230 3031 3636 3103 navigationem

380 3119 534 3190 ἠξίου
564 3120 926 3191 παραλύειν.
961 3119 1020 3173 '0
1040 3119 1135 3171 τοῦ
1158 3118 1345 3171 πλείου
1373 3116 1554 3170 τοίνυν
1582 3113 1959 3185 προεστηκὼς,

2069 3117 2259 3172 subire
2313 3116 2579 3173 decrevit.
2635 3116 2816 3187 Atque
2874 3119 3031 3174 navis
3080 3120 3393 3189 prmfectus,
3453 3139 3636 3180 acrem

382 3212 502 3282 ἅμα
546 3212 650 3282 μὲν
711 3212 775 3266 τὸ
826 3209 1381 3280 κατεσπουδασμένον
1435 3206 1602 3262 αὐτοῦ
1649 3206 1751 3273 τῆς
1784 3204 1963 3276 ὁρμῆς

383 3304 762 3369 ὑποπτεύσας,
793 3302 912 3373 ἅμα
939 3303 997 3356 δὲ
1034 3303 1131 3357 καὶ
1160 3302 1297 3371 πρὸς
1320 3300 1383 3354 τὸ
1418 3299 1680 3353 ταπεινὸν
1702 3298 1798 3350 τοῦ
1833 3298 1965 3366 σχή-

388 3410 557 3461 ματος
593 3392 830 3458 ἀπιδὼν,
868 3392 960 3461 Μή
1010 3390 1062 3444 τί
1093 3405 1156 3459 γε
1194 3390 1303 3461 ἄρα
1330 3388 1515 3450 δοῦλός
1542 3404 1604 3440 τε
1639 3383 1709 3454 εἷ,
1746 3385 1844 3440 κα)⁵
1874 3386 1965 3438 τὸν

389 3485 676 3554 Δεσπότην
712 3483 1136 3553 ἀποδιδράσκεις
1162 3480 1256 3535 τὸν
1288 3480 1483 3535 ἑαυτοῦ
1512 3496 1528 3545 ;
1564 3480 1749 3550 ἤρετο.
1793 3477 1880 3540 Ὧς
1908 3475 1966 3528 δὲ

385 3579 596 3641 tacetve;
641 3577 881 3646 Χριστοῦ
912 3575 1012 3647 μὲν
1035 3575 1224 3639 δοῦλος
1252 3569 1391 3628 εῖναι
1429 3573 1639 3641 ἔλεγεν,
1674 3569 1963 3640 ἀνθρώπου

385 3670 444 3726 δι
474 3669 717 3735 οὐδενὸς,
761 3669 996 3739 ιμὸἧναι
1026 3667 1129 3737 μὲν
1150 3668 1231 3731 είς
1258 3665 1321 3720 τὺ
1351 3664 1535 3718 πλοῖον
1561 3664 1790 3733 ἐφῆκεν,
1817 3659 1969 3713 οὐδὲν

386 3761 445 3816 δὲ
500 3760 890 3833 φιλάνθρωπον
936 3758 1057 3811 οὐδὲ
1105 3756 1313 3811 δίκαιον
1366 3755 1459 3808 ἐπ’
1519 3753 1671 3826 αύτῷ
1743 3750 1968 3823 δράσειν

388 3853 636 3920 δσκόπει,
671 3850 970 3905 ἀποδόσθαι
1028 3847 1220 3902 τοῦτον
1267 3847 1348 3910 είς
1400 3844 1646 3899 δουλείαν
1675 3841 1970 3914 ἀπανθρώ-

394 3963 512 4010 πως
547 3944 955 4015 διανοούμενος.
1002 3943 1066 3996 Ἦ
1100 3946 1199 4014 μὲν
1231 3938 1324 3996 οὖν
1354 3939 1511 4003 ναῦς,
1552 3939 1803 4008 ἐπιφόρῳ
1836 3951 1970 4007 χρη-

395 4036 606 4108 σαμένη
640 4033 722 4105 τῷ
751 4031 1047 4104 πνεύματι,
1080 4035 1141 4085 ὲν
1187 4030 1368 4102 τρισὶν
1400 4028 1637 4101 ἡμέραις
1683 4027 1781 4099 τὴν
1820 4029 1970 4094 Καρ-

395 4126 632 4196 θαγέναν
680 4125 1040 4197 κατειλήφειθ
1091 4125 1120 4176 ὁ
1159 4122 1219 4178 δὲ
1266 4122 1333 4194 δὴ
1383 4122 1690 4192 ναύκληρος
1742 4120 1969 4184 ἐκεῖνος,

398 4221 638 4293 συνεχῶς
680 4223 772 4273 τ“ν
804 4219 972 4273 παῖδα
1000 4214 1360 4289 παρατηρῶν,
1403 4215 1487 4267 ὅτι
1533 4213 1867 4284 προσευχαῖς
1908 4225 1971 4263 τε

397 4316 491 4370 καὶ
536 4311 871 4385 ἀγρυπνίαις
913 4310 1041 4381 παρ’
1073 4310 1203 4380 ὃλην
1233 4309 1404 4362 νύκτα
1439 4305 1840 4379 προσκείμενος
1878 4298 1969 4374 ἦν,

397 4402 582 4480 ἡρέμα
600 4404 697 4459 τοῦ
717 4404 869 4467 ὄντος
893 4403 1122 4471 ἐγίνετο,
1155 4401 1252 4453 καὶ
1277 4390 1493 4453 ἔννοιαν
1514 4397 1642 4467 περὶ
1674 4393 1842 4449 αὐτοῦ
1874 4395 1973 4466 τὴν

2064 3208 2190 3278 ejus
2221 3207 2583 3285 cupiditatem
2628 3215 2684 3261 et
2732 3208 2989 3263 affectum
3041 3221 3355 3280 suspectum
3403 3213 3635 3277 habens.

2065 3300 2338 3368 simulque
2370 3300 2439 3353 ad
2493 3298 2702 3353 humile
2731 3300 3047 3356 vestimenti
3078 3317 3249 3371 genus
3283 3305 3475 3360 oculos
3504 3306 3643 3377 adji-

2065 3390 2238 3456 ciens,
2269 3391 2610 3460 nunquiuam
2664 3390 2754 3447 ille
2796 3407 2991 3448 servus
3020 3404 3187 3460 esset,
3246 3395 3643 3468 dominumque

2066 3481 2343 3547 refugeret
2372 3496 2556 3549 suum,
2607 3482 2988 3553 interrogavit.
3052 3486 3105 3541 ls
3150 3500 3283 3541 vero
3335 3488 3539 3543 Christi
3582 3504 3645 3545 se

2067 3587 2288 3629 servum
2319 3574 2460 3629 dixit
2488 3589 2630 3642 esse,
2663 3592 2772 3630 non
2808 3576 3067 3633 hominis.
3107 3579 3378 3635 Caeterum
3415 3580 3645 3636 liberale

2068 3670 2399 3739 autjustum
2453 3669 2509 3724 in
2561 3671 2742 3740 ipsum
2797 3669 2937 3724 nihil
2995 3669 3243 3737 molitus,
3279 3671 3535 3727 eumdem
3586 3675 3646 3727 in

2067 3764 2394 3818 servitutem
2439 3761 2657 3817 tradere
2702 3760 3132 3831 flagitiosissimo
3161 3763 3442 3832 cogitavit.
3464 3765 3647 3834 Atque

2067 3854 2227 3910 navis
2274 3854 2498 3923 quidem
2550 3867 2819 3923 prospera
2870 3869 2969 3909 usa
3000 3854 3371 3924 navigatione,
3414 3853 3647 3909 Cartha-

2070 3946 2183 4017 gini
2245 3946 2428 4001 triduo
2455 3945 2679 4014 appulsa
2709 3952 2816 3999 est.
2853 3944 3123 3999 Nauclero
3161 3958 3293 3998 vero
3338 3942 3428 3998 ille
3456 3945 3648 3999 sedulo

2066 4037 2322 4107 juvenem
2357 4037 2656 4091 observans
2683 4032 2942 4104 precibus
2992 4047 3057 4087 ac
3095 4031 3296 4101 vigiliis
3337 4040 3505 4087 totam
3539 4048 3645 4086 no-

2072 4136 2216 4181 ctem
2278 4126 2584 4181 insomnem
2655 4125 2880 4189 ducere,
2935 4123 3223 4178 veritatem
3265 4122 3470 4176 sensim
3513 4123 3648 4177 edo-

2073 4228 2199 4275 ctus
2225 4225 2331 4282 est,
2383 4225 2551 4286 atque
2596 4216 2914 4286 opinionem
2968 4215 3036 4270 de
3081 4214 3175 4268 illo
3223 4222 3650 4269 consentaneam

2073 4308 2336 4381 paulatim
2362 4306 2541 4362 induit
2577 4306 2878 4361 :nimirum
2922 4304 3167 4375 cujusvis
3198 4304 3484 4358 hominum
3533 4320 3651 4360 ser-

2074 4416 2204 4455 vum
2238 4413 2347 4454 non
2409 4413 2553 4462 esse.
2586 4398 2682 4454 sed
2713 4398 2857 4453 inter
2906 4396 3114 4468 primos
3153 4406 3316 4465 atque
3344 4395 3652 4466 praecipuos

397 4499 789 4570 προσήκουσαν
829 4495 974 4549 κατά
1023 4491 1222 4565 μικρὸν
1264 4490 1579 4561 ὑπεδέχετο,
1620 4488 1696 4551 ὡς
1734 4488 1842 4557 ἄρα
1873 4487 1967 4541 οὐκ

2076 4492 2174 4546 Dei
2234 4489 2517 4546 ministros
2563 4488 2992 4544 numerandum.
3050 4485 3190 4542 llinc
3249 4488 3402 4541 illum
3457 4488 3652 4557 ingens

397 4593 701 4664 ἀνθρώπων
733 4588 904 4651 τινδς,
932 4587 1045 4640 ἀλλ’
1081 4588 1140 4639 ὲν
1168 4586 1282 4647 τοῖς
1313 4582 1551 4655 πρώτοις
1579 4580 1814 4650 μάλιστα
1859 4579 1969 4633 τῶν

394 4684 491 4739 τοῦ
519 4685 656 4738 Θεοῦ
680 4681 887 4736 δούλων
915 4677 1082 4732 ἐστίν.
1114 4676 1282 4732 Ὅθεν
1304 4674 1450 4746 λύπη
1474 4690 1533 4728 τε
1576 4672 1740 4726 αὐτὸν
1781 4670 1978 4740 ισχυρά

399 4776 497 4831 καὶ
521 4774 673 4846 δεινὴ
705 4770 1045 4843 μεταμέλεια
1080 4770 1176 4823 ἐπὶ
1209 4771 1323 4830 τοῖς
1364 4763 1730 4839 προλαϐοῦσιν
1781 4761 1976 4834 εἰσῄει,

398 4869 496 4924 καὶ
520 4867 763 4939 δάκρυσι·
791 4863 1058 4927 τοιούτοις
1088 4860 1402 4933 φαρμάκοις
1431 4858 1532 4930 τὴν
1569 4857 1755 4911 ἄδικον
1788 4853 1977 4925 ὥσπερ

398 4959 699 5031 δνθύμησιν
726 4958 827 5026 τῆς
853 4956 1028 5027 ψυχῆς
1055 4952 1373 5019 ὲξιάσασθαι
1398 4950 1746 5024 βουλόμενος.

472 5052 548 5105 E’.
596 5047 753 5103 Ἐπεὶ
797 5049 857 5102 δι
897 5049 992 5102 καὶ
1019 5048 1381 5118 ὁρμισάμενοι
1428 5045 1529 5113 τῆς
1579 5042 1788 5104 πόλεως
1834 5039 1980 5093 ἔνδον

397 5141 714 5210 γεγόνασιν,
749 5139 779 5192 ὁ
828 5136 1137 5208 ναύκληρος
1186 5136 1267 5198 είς
1307 5134 1377 5187 τὰ
1423 5131 1622 5186 ἑαυτοῦ
1657 5130 1850 5195 ξενίζει
1887 5129 1980 5180 τὸν

402 5232 589 5294 παῖδα,
620 5232 718 5284 καὶ
748 5227 1025 5299 ίδιαζούσῃ
1045 5226 1235 5282 τοῦτον
1262 5225 1411 5298 οἰκία
1443 5223 1728 5294 σχολάζειν
1760 5220 1942 5274 δίδωσι
1961 5233 1977 5249 ο

402 5327 500 5380 καὶ
522 5326 587 5394 δὴ
608 5326 704 5377 καὶ
726 5323 821 5376 τὸν
851 5323 1053 5375 ἄτοπον
1074 5320 1224 5390 αὐτῷ
1251 5319 1509 5388 λογισμὸν
1538 5314 1852 5383 ἐκκαλύψας
1897 5313 1980 5383 (ού

405 5421 517 5490 γὰρ
534 5420 707 5488 ἀνῆκε
744 5420 979 5486 πλῆττον
1009 5414 1071 5467 τδ
1104 5413 1346 5476 συνειδὸς
1383 5411 1472 5465 διὰ
1513 5409 1613 5479 τὴν
1638 5408 1731 5461 τοῦ
1763 5410 1900 5478 πρὶς
1922 5407 1983 5460 ὃν

2076 4582 2234 4638 dolor
2281 4581 2512 4652 accepit,
2560 4582 2791 4652 ejusque
2813 4581 3058 4635 animum
3124 4590 3471 4648 prmsumptzn
3529 4580 3651 4648 opi-

2076 4675 2262 4731 nionis
2300 4675 2469 4729 subiit
2503 4673 2847 4744 paenitentia.
2878 4671 3163 4742 Lacrymis
3188 4671 3342 4734 item,
3368 4684 3431 4725 ac
3451 4671 3653 4726 amaris

2079 4766 2351 4839 ejusmodi
2398 4765 2660 4820 remediis
2693 4763 2873 4818 virum
2910 4772 3166 4818 sanctum
3199 4760 3497 4831 propitium
3544 4760 3653 4814 sibi

2079 4858 2312 4913 reddere
2357 4856 2638 4921 studebat,
2664 4856 2882 4927 injustu:
2932 4854 3011 4909 illi
3038 4854 3193 4924 quasi
3221 4852 3473 4906 humana:
3500 4852 3654 4922 cogi-

2091 4948 2283 5003 tationi
2322 4946 2533 5001 mederi
2563 4945 2813 5015 cupiens.

2154 5039 2219 5092 ν.
2246 5037 2445 5094 Postea
2467 5052 2623 5103 vero,
2661 5051 2824 5107 quam
2881 5035 3161 5092 civitatem
3217 5032 3448 5102 ingressi
3497 5040 3652 5099 sunt,

2080 5130 2374 5187 nauclerus
2416 5129 2659 5199 hospitio
2707 5128 2855 5182 domi
2891 5142 3003 5182 suae
3035 5127 3293 5197 juvenem
3328 5124 3549 5192 excipit,
3580 5126 3658 5179 ei.

2081 5238 2188 5293 que
2214 5222 2560 5277 familiariter
2590 5235 2691 5291 pro
2720 5219 2951 5274 arbitrio
2986 5218 3150 5273 vitam
3182 5215 3378 5287 agendi
3425 5214 3657 5268 faculta-

2082 5322 2191 5368 tem
2221 5311 2487 5381 impertit.
2526 5308 2865 5379 Cumqueilli
2894 5306 3186 5361 absurdam
3213 5319 3345 5358 sane
3370 5303 3660 5372 cogitatio-

2079 5423 2206 5463 nem
2233 5407 2412 5477 palam
2444 5403 2662 5458 fecisset
2686 5402 2704 5463 (
2711 5415 2887 5470 neque
2914 5399 3062 5452 enim
3095 5396 3346 5468 perculsa
3369 5395 3659 5449 conscien-

404 5514 722 5585 ήμᾴρτανεν
752 5510 1067 5580 ἀγιότητα),
1107 5508 1279 5561 ἐδεῖτο
1312 5508 1405 5559 καὶ
1460 5502 1792 5573 συγγνώμης
1822 5500 1967 5566 ἀξιω-

2083 5501 2181 5565 tia,
2214 5500 2333 5569 ejus
2359 5498 2551 5567 ipsius,
2582 5494 2636 5546 in
2660 5507 2822 5562 quem
2852 5489 3180 5555 offenderat,
3218 5501 3500 5558 permutus
3532 5502 3659 5542 san-

404 5606 586 5676 θῆναι,
639 5602 708 5677 ἧς
763 5604 830 5673 δὴ
880 5603 979 5656 καὶ
1020 5600 1280 5671 τυγχάνει
1313 5597 1467 5667 παρὰ
1512 5597 1612 5666 τῆς
1665 5593 1984 5667 συμπαθοῦς

405 5699 624 5768 ἐκείνης
657 5699 757 5751 καὶ
799 5694 1190 5768 φιλανθρώπου
1214 5692 1415 5763 ψυχῆς.
1457 5690 1567 5742 Καὶ
1593 5690 1624 5742 ό
1654 5688 1753 5759 μὲν
1777 5686 1980 5751 οὕτως’

405 5789 519 5846 ὁδί
543 5790 611 5864 δὴ
643 5789 945 5864 Γρηγόριος
967 5786 1419 5857 ἐπικλεισάμενος
1450 5782 1641 5837 ἑαυτὸν
1674 5782 1729 5835 ὲν
1759 5774 1803 5852 ᾧ
1826 5781 1983 5852 οἰκή-

2084 5592 2295 5656 ctitate,
2330 5601 2492 5642 secus
2520 5583 2703 5638 facere
2730 5582 2992 5651 poterat),
3025 5579 3405 5633 obtestabatur
3434 5578 3541 5633 sibi
3565 5591 3659 5632 ve-

2083 5683 2233 5740 Liam
2291 5678 2430 5734 dari.
2487 5689 2652 5747 quam
2697 5673 2767 5728 ab
2814 5671 2998 5727 animo
3048 5670 3147 5725 illo
3199 5670 3462 5740 benigno,
3499 5678 3554 5724 et
3586 5668 3656 5722 ad

2087 5769 2484 5850 promerendo:
2529 5766 2777 5825 homines
2810 5771 2938 5821 nato
2969 5763 3134 5822 facile
3174 5765 3546 5834 consequitur.
3577 5763 3658 5815 Ac
