4080 6374
420 359 527 424 195

1618 357 1903 419 MENSIS
1945 358 2388 422 NOVEMBER.

3577 367 3679 430 196

419 473 503 529 sic
531 470 753 543 quidem
794 472 895 525 ille
941 488 955 525 :
1003 466 1302 537 Gregorius
1339 480 1473 520 vero
1517 467 1572 521 in
1624 483 1694 522 eo
1725 466 1874 537 quod
1916 466 1970 521 di

2108 484 2240 527 ματι
2289 467 2577 533 λέλεκται,
2629 470 2726 538 τῆς
2787 468 3063 541 προτέρας
3116 470 3407 542 ἀσκήσεως
3476 475 3677 546 εἴχετο,

425 572 572 618 ctum
590 570 693 624 est,
720 557 1001 614 domicilio
1027 556 1237 612 caelesti
1256 556 1443 626 gloriae
1461 556 1726 616 intentus.
1751 556 1990 626 priorem

419 654 549 706 vita:
572 652 840 705 rationem
877 663 941 703 ac
976 648 1291 702 institutum
1325 647 1603 711 servabat,
1639 648 1866 717 psalmis
1908 646 1994 700 in-

418 753 684 797 nocenter
707 755 925 805 vacans,
954 739 1125 793 biduo
1145 755 1210 793 ac
1249 739 1434 793 triduo
1468 739 1652 793 cibum
1693 738 1861 794 semel
1897 753 1991 793 ca-

417 832 597 902 piens,
628 832 952 901 plerumque
987 832 1153 885 etiam
1187 840 1354 884 totam
1397 830 1799 884 hebdomadam
1849 830 1993 900 jeju-

418 938 526 977 nus
571 923 941 992 transigebat.
987 923 1218 976 Proinde
1269 921 1493 990 hospitii
1529 921 1795 976 Dominus
1838 923 1990 993 ejus-

424 1012 590 1075 modi,
634 1013 779 1081 quod
821 1012 936 1081 ipse
984 1011 1089 1066 sibi
1121 1012 1463 1080 imperasset,
1488 1010 1709 1063 vivendi
1743 1010 1989 1064 studium

418 1103 762 1169 admiratus,
820 1104 968 1157 hunc
1020 1103 1201 1173 ipsum
1250 1102 1404 1157 urbis
1449 1102 1709 1171 episcopo
1762 1102 2037 1183 manife-_

416 1204 561 1250 stum
593 1195 723 1248 fecit
760 1212 772 1248 :
805 1195 1206 1263 confestimque
1241 1210 1422 1248 coram
1447 1208 1643 1262 magno
1687 1202 1743 1248 et
1786 1194 1990 1265 inclyto

410 1286 531 1340 viro
561 1288 793 1341 sistitur.
829 1286 931 1341 Cui
985 1288 1276 1356 episcopus
1307 1303 1321 1340 :
1355 1285 1511 1341 Unde
1562 1286 1737 1351 venis,
1775 1286 1987 1355 inquit,

414 1374 512 1439 ﬁli,
547 1388 601 1431 et
630 1394 741 1447 quo
772 1379 951 1432 tendis
977 1378 1134 1437 ?llle.
1168 1379 1467 1448 Agrigento
1518 1377 1741 1431 civitate
1772 1377 1901 1431 illuc
1928 1391 1988 1432 se

415 1467 728 1531 advectum,
774 1477 1035 1523 caateruui
1082 1477 1324 1522 sanctam
1379 1467 1510 1522 Sion
1560 1479 1769 1537 petere,
1825 1467 1983 1521 dixit.

412 1557 509 1614 His
541 1561 768 1627 auditis,
805 1561 1099 1631 episcopus
1147 1561 1289 1615 bona
1335 1560 1411 1614 illi
1454 1569 1753 1629 precatus:
1802 1560 1986 1614 Domi.

410 1664 537 1712 nus,
586 1653 785 1722 inquit,
835 1655 1083 1723 perﬁciat
1126 1669 1345 1724 gressus
1393 1662 1536 1717 tuos,
1576 1668 1639 1708 ac
1680 1653 1785 1706 iter
1830 1660 1984 1706 tuum

2097 558 2336 629 ψαλμοῖς
2364 576 2421 612 τε
2452 561 2547 613 καὶ
2570 558 2912 627 ἀναγνώσεσι
2947 561 3252 633 προσέχων,
3282 565 3377 618 καὶ
3405 565 3492 621 διὰ
3523 569 3619 623 δύο
3642 571 3677 642 ἢ

2099 650 2195 702 καὶ
2225 649 2394 719 τριῶν
2427 650 2650 720 ἡμερῶν
2688 651 2896 721 τροφῆς
2933 652 3082 717 ἅπαξ
3110 654 3438 725 ἁπτόμενος,
3482 660 3680 715 πολλά-

2099 756 2188 804 κις
2238 740 2295 793 δέ
2355 743 2449 794 καὶ
2500 741 2633 811 παρ’
2684 742 2815 805 ὅλας
2863 745 3005 798 ἑπτὰ
3054 746 3313 803 διατελῶν
3372 749 3580 816 ἄσιτος.
3619 752 3681 809 ’0

2097 835 2280 887 τοίνυν
2315 834 2411 886 τοῦ
2443 834 2596 887 οἴκου
2624 834 2815 905 κύριος
2840 838 2901 890 τὸ
2923 838 3363 910 ἐπιτεταμμένον
3390 845 3555 898 τοῦτο
3580 848 3681 917 τῆς

2097 924 2389 994 ἀσκήσεως
2425 926 2884 998 ἐκπληττόμενος,
2928 930 3089 1000 δῆλον
3126 932 3288 987 αὑτὸν
3317 935 3395 1003 τῷ
3437 938 3536 1005 τῆς
3579 941 3676 993 πό.

2096 1015 2234 1077 λεως
2265 1017 2550 1088 ἐπισκόπῳ
2578 1021 2741 1072 ποιεῖ.
2768 1020 2884 1074 Καὶ
2918 1021 2977 1084 ὃς
3009 1023 3350 1094 μετάκλητω
3377 1027 3466 1081 τὸν
3504 1030 3679 1099 μέγαν

2097 1108 2260 1171 εὐθὺς
2290 1108 2540 1178 θέμενος,
2576 1110 2746 1165 Πόθεν
2782 1113 2961 1181 ήκεις,
2996 1112 3174 1183 ἔλεγε,
3210 1117 3421 1183 τέκνον,
3446 1123 3540 1174 κα)⁵
3572 1124 3677 1179 ποῦ

2097 1201 2369 1271 πορεύει;
2432 1200 2491 1256 ’0
2535 1203 2594 1257 δὲ
2638 1205 2738 1274 τῆς
2782 1207 3224 1276 Ἀκραγαντίνων
3268 1213 3367 1283 μὲν
3402 1216 3677 1283 ὁρμᾶσθαι

2097 1292 2305 1357 πόλεως
2345 1293 2571 1364 ἔφησεν,
2604 1297 2696 1350 ἐπὶ
2724 1297 2822 1367 τὴν
2845 1299 3008 1368 ἁγίαν
3035 1301 3090 1354 δὲ
3117 1303 3257 1357 Σιὼν
3298 1307 3670 1373 ἀφικνεῖσθαι.

2096 1384 2317 1438 Τούτων
2342 1388 2548 1450 ἐκεῖνος
2572 1389 2815 1453 ἀκούσας
2843 1393 2872 1443 6
2896 1392 2996 1461 μὲν
3021 1393 3169 1463 αὐτῷ
3197 1394 3266 1448 τὰ
3295 1397 3476 1465 ἁγαθὰ
3503 1402 3675 1472 ἐπηύ-

2094 1493 2242 1544 χετο,
2273 1479 2619 1549 Καταρτίσαι
2652 1499 2744 1535 σου
2782 1484 2989 1555 Κύριος
3019 1486 3090 1539 τὰ
3110 1487 3445 1559 διαδήματα,
3474 1493 3668 1561 λέγων,

2095 1568 2188 1618 καὶ
2240 1567 2399 1630 αὐτὸς
2440 1568 2593 1625 ἐσται
2639 1588 2722 1626 σοι
2768 1574 2866 1643 τήν
2903 1575 3022 1630 ὁδὸν
3056 1578 3349 1633 διευθύνων
3375 1596 3389 1612 ·
3430 1582 3539 1636 δδὲ
3574 1586 3670 1637 καὶ

2095 1654 2435 1711 συνδειπνεῖν
2483 1660 2648 1715 αὑτὸν
2692 1662 2720 1714 6
2758 1664 3060 1731 ἐπίσκοπος
3101 1671 3194 1722 καὶ
3238 1673 3472 1725 συνεῖναι
3510 1678 3671 1746 μέχρι

413 1744 634 1815 dirigat.
666 1748 762 1802 Ille
812 1764 942 1802 vero
974 1747 1209 1818 pedibus
1263 1748 1386 1817 ejus
1422 1763 1534 1800 non
1573 1747 1694 1800 sine
1731 1745 1978 1816 lacrymis

2090 1746 2199 1800 τῶν
2223 1749 2382 1820 ίερῶν
2403 1751 2627 1820 ἑορτῶν,
2654 1754 2717 1807 οὐ
2748 1756 2938 1828 πόρρω
2962 1760 3071 1829 γὰρ
3099 1757 3262 1832 ἦσαν,
3294 1763 3467 1833 ἠξίου.
3502 1763 3563 1819 '0
3591 1744 3670 1834 at,

410 1839 778 1907 provolutus:
825 1840 956 1894 Mihi
981 1842 1192 1894 utinam
1236 1838 1567 1911 (respondit)
1602 1853 1671 1893 ex
1714 1836 1978 1891 sententia

2089 1837 2406 1904 ὑπακούσας
2434 1842 2530 1896 καὶ
2553 1845 2760 1913 τροφῆς
2784 1849 2932 1918 αὐτῷ
2953 1853 3314 1919 κοινωνήσας,
3336 1851 3490 1920 αὖθις
3515 1833 3673 1925 ἐφ’ὂν

411 1936 504 1981 tna
543 1929 841 1999 contingat.
886 1930 1103 1984 Interea
1157 1945 1284 1984 vero
1309 1930 1605 1998 episcopus
1655 1928 1892 1981 convivii
1918 1928 1978 1981 il-

2096 1931 2341 2019 ἡσύχαζε
2372 1934 2538 1989 τόπον
2577 1938 2826 2008 ἀφίκετο,
2884 1943 2981 1997 καὶ
3020 1945 3117 2015 τῆς
3149 1947 3413 2017 συνήθους
3452 1950 3673 2019 ἀγωγῆς

408 2016 524 2070 lum
559 2021 883 2088 participem
909 2021 1152 2084 admisit,
1200 2020 1505 2090 tandiuque
1554 2034 1745 2075 secum
1777 2018 1982 2073 versari
2095 2017 2297 2091 εἴχετο.

407 2111 608 2176 voluit,
641 2110 818 2166 donec
845 2111 968 2166 festi
996 2111 1114 2166 dies
1146 2111 1399 2179 sacrique
1449 2110 1651 2181 (neque
1698 2108 1846 2164 enim
1903 2108 2091 2178 procul
2167 2112 2418 2185 aberant)
2448 2114 2793 2175 advenirent.
2858 2120 3027 2192 Cujus
3076 2123 3168 2178 ille
3234 2138 3384 2184 GICIO
3425 2145 3548 2185 cum
3582 2145 3673 2201 pa.

406 2203 633 2267 ruisset,
683 2212 941 2274 essetque
987 2204 1107 2273 ejus
1135 2204 1390 2257 convictu
1427 2201 1771 2256 familiariter
1817 2213 1970 2264 usus,
2011 2198 2377 2269 domicilium,
2444 2206 2501 2260 in
2561 2223 2673 2278 quo
2715 2209 2876 2279 prius
2905 2212 3311 2285 diversabatur,
3367 2198 3596 2290 repetit,
3616 2233 3671 2280 et

407 2305 735 2350 consuetum
765 2295 983 2350 vivendi
1016 2294 1335 2348 institutum
1371 2293 1626 2362 capessit.

483 2386 570 2440 VI.
607 2385 777 2439 Porro
804 2400 913 2438 non
951 2385 1141 2440 multis
1163 2394 1288 2455 post
1332 2386 1553 2450 diebus,
1582 2400 1710 2441 cum
1736 2386 1793 2441 in
1827 2398 1986 2439 sacro

408 2479 639 2535 illustris
671 2478 928 2548 martyris
950 2478 1153 2533 Juliaui
1185 2479 1388 2547 templo
1423 2479 1643 2532 sederet
1667 2494 1730 2532 ac
1753 2478 1978 2548 legeret,

2087 2474 2519 2541 ἀναγινώσκοντι
2573 2478 2632 2529 ἐν
2680 2476 2760 2546 τῷ
2810 2477 2943 2549 ἱερῷ
2985 2479 3080 2533 τοῦ
3119 2483 3357 2551 μεγάλου
3395 2486 3665 2557 μάρτυρος

412 2578 525 2623 tres
579 2567 803 2638 quidam
853 2565 1129 2631 monachi,
1190 2580 1317 2620 cum
1369 2566 1614 2620 moribus
1662 2563 1978 2626 venerandi,

2100 2561 2417 2630 Ἰουλιανοῦ,
2440 2567 2589 2635 τρεῖς
2620 2583 2769 2630 τινες
2797 2571 3024 2639 μοναχοὶ
3051 2572 3449 2640 ἐπιφαίνονται,
3481 2575 3666 2641 σεμνοί

411 2668 529 2715 tum
587 2656 806 2712 decenti
865 2665 1032 2726 atque
1069 2665 1263 2711 ornato
1287 2657 1532 2727 corporis
1575 2656 1766 2710 habitu
1811 2654 1978 2709 animi

2086 2673 2148 2709 τε
2181 2655 2260 2725 τῷ
2323 2656 2467 2727 ἤθει,
2517 2658 2613 2711 καὶ
2660 2661 2725 2729 τῇ
2776 2660 2937 2723 ἐκτὸς
2986 2665 3318 2717 καταστάσει
3368 2665 3468 2736 τὴν
3519 2666 3667 2720 ενδον

411 2764 527 2819 pra:
546 2763 605 2803 se
633 2748 871 2817 speciem
896 2763 960 2802 ac
994 2747 1465 2817 pulchritudinem
1488 2746 1749 2811 ferentes,
1793 2746 1868 2800 illi
1892 2761 1978 2815 ap-

2089 2749 2481 2816 ὖποφαίνοντες
2501 2749 2839 2820 ὡραιότητα.
2870 2751 2978 2815 Οὓς
3006 2755 3035 2807 6
3062 2755 3361 2826 Γρηγόριος
3394 2756 3668 2829 θεασάμε-

410 2852 666 2908 paruere,
698 2853 839 2908 quos
872 2839 1169 2907 Gregorius
1232 2839 1487 2904 intuitus,
1515 2838 1747 2893 mirifice
1793 2837 1978 2893 hilaris

2088 2855 2178 2902 νος
2208 2840 2512 2912 περιχαρής
2554 2858 2614 2894 τε
2677 2842 2970 2913 γενόμενος
3020 2840 3110 2898 οἷα
3167 2849 3267 2916 τῆς
3308 2848 3486 2919 ψυχῆς
3513 2850 3666 2924 αὐτῷ

406 2928 586 2984 factus
609 2938 694 2984 est
726 2945 740 2981 :
775 2930 978 2999 quippe
1026 2931 1184 3000 cujus
1215 2930 1433 2986 animus
1465 2929 1538 2984 ob
1584 2930 1803 2984 illorum
1846 2944 1978 3000 prae-

2088 2933 2572 3005 ἀνασκιρτησάσης
2595 2934 2690 2986 ἐπὶ
2709 2936 2777 3005 τῇ
2803 2932 2914 2989 τῶν
2933 2935 3146 3005 ἀνδρῶν
3170 2942 3440 3010 παρουσίᾳ
3465 2942 3664 3012 συνῆκε

2163 2384 2256 2448 ΕΓ.
2291 2382 2443 2435 Μετὰ
2474 2381 2533 2435 δέ
2589 2400 2741 2447 τινας
2791 2385 3003 2457 ἡμέρας
3055 2387 3348 2459 καθημένῳ
3392 2391 3539 2463 αὐτῷ
3576 2394 3669 2449 καὶ

228 3050 235 3054 τ
290 3090 293 3093 Α
407 3019 640 3072 sentiam
703 3019 1300 3089 exsiliretzsiquidem
1353 3035 1464 3075 non
1509 3020 1718 3089 absque
1776 3033 1978 3089 magno

2087 3023 2187 3095 μὲν
2211 3024 2286 3095 μὴ
2316 3024 2448 3078 ἄνευ
2479 3003 2721 3104 μεγάλου
2743 3003 2888 3091 τινὸς
2918 3003 3128 3098 ἀγαθοῦ
3153 3003 3286 3103 παρ’
3326 3003 3489 3088 αὐτὸν
3521 3003 3666 3090 ἐκεί-

406 3109 592 3178 aliquo
628 3108 773 3163 bono
812 3109 879 3163 ad
932 3123 990 3165 sc
1022 3109 1144 3165 illos
1181 3111 1397 3166 venisse
1435 3112 1628 3166 sensit.
1676 3109 1813 3165 Cum
1848 3125 1978 3165 vero

2085 3133 2210 3179 νους
2269 3115 2466 3171 ἐλθεῖν.
2506 3117 2741 3171 Ἐπεὶδέ
2771 3118 2867 3171 καὶ
2911 3122 3310 3190 προσηύξαντο,
3351 3128 3443 3179 καὶ
3479 3128 3508 3180 6
3556 3129 3659 3199 μὲν

409 3199 579 3254 Deum
604 3201 947 3264 adorasseut,
986 3215 1129 3256 unus
1159 3200 1376 3255 illorum
1401 3202 1544 3256 sedit
1574 3218 1590 3266 ;
1628 3202 1824 3272 reliqui
1848 3216 1978 3258 vero

2083 3206 2264 3261 αὐτῶν
2287 3207 2584 3279 ἐκαθέσθη,
2615 3208 2666 3261 οῖ
2693 3209 2877 3264 δὲ’δύο
2909 3212 3009 3266 σῦν
3044 3214 3195 3285 φόϐῳ
3227 3218 3407 3289 πολλῷ
3432 3220 3526 3273 καί
3554 3239 3663 3275 τινι

404 3288 519 3345 duo
548 3305 744 3360 magno
770 3306 894 3345 cum
919 3291 1135 3353 timore,
1157 3293 1464 3347 reverentia
1492 3295 1625 3349 item
1647 3295 1978 3361 admirabili,

2082 3299 2305 3369 ἀρρήτῳ
2342 3299 2483 3353 αἰδοῖ
2522 3302 3005 3372 παρειστήκεισαν,
3058 3288 3448 3381 προσκυνήσας
3485 3313 3662 3385 τούτῳ

405 3379 487 3435 illi
526 3381 878 3437 assistebant.
914 3384 1072 3438 Hunc
1108 3382 1405 3453 Gregorius
1426 3385 1635 3454 pariter
1664 3398 1978 3453 veneratus,

2083 3391 2177 3443 καὶ
2204 3392 2232 3444 6
2281 3391 2603 3463 Γρηγόριος,
2653 3394 2749 3447 καὶ
2793 3395 2955 3460 αὐτὸς
2993 3400 3106 3461 τοῖς
3135 3379 3663 3476 ἄλλοιςσυμπαρειλ

402 3484 525 3525 sese
575 3473 699 3526 aliis
726 3473 995 3543 adjunxit.
1029 3474 1087 3529 In
1120 3490 1283 3544 quem
1322 3476 1646 3541 monachus,
1678 3477 1773 3546 qui
1825 3479 1978 3533 sede-

2083 3477 2294 3548 στήκει.
2359 3479 2505 3549 Πρὸς
2537 3478 2599 3533 ὃν
2646 3480 2929 3552 ἐμϐλέψας
2974 3486 3004 3537 6
3042 3488 3352 3558 καθήμενος
3405 3473 3658 3565 μοναχὸς,

402 3568 510 3625 rat,
542 3563 805 3632 conjectis
829 3564 1042 3621 oculis:
1073 3564 1214 3631 Quid
1245 3566 1382 3632 haec,
1419 3567 1621 3636 inquit,
1650 3568 1718 3623 ad
1747 3575 1821 3634 te,
1848 3567 1978 3624 Gre-

2081 3566 2146 3620 Τί
2176 3584 2259 3621 σοι
2282 3568 2352 3623 τὰ
2382 3570 2635 3633 ἐνταῦθα,
2670 3574 2827 3644 φησὶ,
2854 3572 3007 3628 δοῦλε
3040 3578 3136 3631 τοῦ
3172 3580 3335 3647 Θεοῦ,
3365 3563 3657 3656 Γρηγόίριε,

402 3656 519 3727 gori
555 3673 715 3712 serve
765 3660 883 3724 Dei,
916 3660 1011 3730 qui
1071 3662 1271 3717 bonam
1311 3672 1523 3732 partem
1568 3663 1801 3735 elegisti,
1858 3681 1978 3736 qua).

2081 3657 2158 3728 τῷ
2191 3660 2292 3728 τὴν
2326 3659 2540 3730 ἀγαθὴν
2567 3661 2915 3736 ἐκλεξαμένῳ
2966 3670 3183 3737 μερίδα,
3232 3670 3378 3738 ἥτις,
3426 3673 3659 3742 εὐαγγε-

402 3746 502 3804 abs
532 3756 583 3802 te
633 3749 716 3819 (ut
746 3749 813 3806 de
846 3753 1119 3808 sententia
1148 3753 1428 3825 Evangelii
1462 3755 1705 3825 loquar‘)
1741 3773 1852 3812 non
1882 3774 1978 3813 au-

2081 3745 2247 3809 λικῶίῖ
2277 3747 2474 3811 εἶπεῖν.
2515 3750 2616 3803 οὐκ
2645 3751 3080 3825 ἀφαιρεθήσεται
3125 3758 3232 3810 ἀπὸ
3263 3760 3356 3813 σοῦ
3384 3777 3399 3827 ;
3431 3764 3539 3815 Καὶ
3568 3764 3655 3829 6;,

400 3836 651 3893 feretur?
680 3839 841 3896 Hunc
866 3842 957 3896 ille
979 3844 1052 3898 ob
1079 3845 1316 3913 primam
1346 3846 1590 3901 nominis
1609 3848 1978 3917 cognitionem

2081 3837 2371 3907 θαυμάσας
2407 3840 2574 3894 αὐτὸν
2611 3842 2677 3894 ἐκ
2710 3844 2937 3914 πρώτης
2963 3847 3064 3918 τῆς
3094 3849 3189 3903 τοῦ
3219 3851 3482 3921 ὀνόματος
3508 3856 3650 3923 γνώ-

399 3928 723 3994 admiratus,
774 3931 1009 4001 pedibus
1036 3933 1157 4003 ejus
1194 3935 1480 3990 confestim
1530 3935 1866 4001 advolvitur,
1914 3952 1978 3993 ac

2081 3944 2240 3994 σεως,
2288 3929 2471 4000 βάλλει
2524 3932 2625 4002 μὲν
2668 3932 2836 3987 αὐτὸν
2877 3936 3084 4002 εὐθέως
3133 3942 3238 4011 πρὸ
3286 3942 3396 3997 τῶν
3443 3947 3653 4002 ἐκείνου

398 4015 672 4087 lacrymas
693 4019 766 4074 ab
794 4020 967 4074 oculis
995 4020 1288 4085 distillans,
1318 4022 1669 4094 cﬂlagitabat,
1694 4034 1756 4080 ut
1776 4027 1890 4082 suis
1918 4043 1978 4083 se

2081 4019 2275 4085 ποδῶν,
2304 4019 2520 4092 δάκρυά
2546 4038 2607 4075 τε
2648 4022 2757 4075 τῶν
2786 4024 3084 4096 ὀφθαλμῶν
3113 4031 3458 4100 ἀποστάζων,
3487 4036 3653 4106 εὐχῆς

399 4108 658 4174 precibus
712 4108 937 4178 dignum
998 4110 1228 4168 faceret.
1273 4113 1368 4168 Ille
1404 4130 1537 4170 vero
1574 4114 1723 4171 hunc
1777 4119 1973 4185 erexit,

2081 4109 2227 4180 ήξίου
2281 4113 2382 4182 τῆς
2437 4112 2569 4182 παρ’
2607 4115 2816 4167 ἐκείνου
2844 4121 3047 4186 τυχεῖν.
3114 4117 3174 4174 Ὅ
3223 4122 3281 4176 δέ
3341 4127 3653 4198 ἀναστήσας

398 4198 647 4268 nihilque
712 4201 855 4256 circa
923 4217 982 4256 se
1053 4204 1235 4275 magni
1287 4205 1586 4276 quidquam
1663 4209 1975 4266 existimare

2081 4204 2259 4270 αὐτὸν,
2289 4207 2384 4260 καὶ
2415 4207 2582 4278 μηδὲν
2608 4209 2820 4262 οἴεσθαι
2852 4212 2997 4282 μέγα
3021 4216 3151 4282 περὶ
3191 4214 3356 4267 αὑτοῦ
3384 4215 3646 4287 εἰρηκὼς,

386 4287 581 4357 jussit,
620 4302 685 4343 ac
716 4289 916 4359 ipsum,
969 4292 1218 4361 aliosque
1263 4294 1454 4349 itidem
1484 4297 1624 4353 duos
1673 4302 1973 4357 monachos

2081 4294 2295 4348 ἐκέλευέ
2334 4313 2392 4348 τε
2438 4297 2786 4365 καθέζεσθαι,
2825 4302 2920 4354 καὶ
2963 4305 3077 4366 τοῖς
3118 4303 3270 4357 δυσὶν
3302 4307 3505 4374 ὁμοίως
3552 4312 3648 4362 σὺν

394 4389 582 4431 secum
611 4378 807 4433 sedere
846 4384 1087 4437 curavit.
1120 4383 1246 4437 Mox
1278 4384 1479 4441 blande
1519 4386 1674 4442 illum
1729 4390 1970 4447 affatur:

399 4467 570 4531 Scito,
601 4468 801 4536 inquit,
828 4472 924 4533 fili,
954 4474 1185 4527 consilia
1216 4483 1312 4529 tua
1355 4475 1522 4531 nobis
1557 4479 1742 4534 omnia
1772 4496 1804 4536 a
1859 4482 1971 4538 Deo

395 4557 616 4627 prodita
665 4574 806 4613 esse.
866 4561 1068 4616 Verum
1123 4563 1283 4619 laetus
1330 4581 1433 4621 nos
1488 4568 1644 4623 laetos
1694 4585 1968 4640 sequere:

391 4648 842 4717 quandoquidem
892 4650 1092 4705 horum
1148 4652 1313 4708 index
1365 4655 1531 4722 Deus,
1565 4665 1616 4712 te
1663 4674 1883 4729 quoque
1912 4663 1969 4718 in

392 4738 660 4793 comitatu
688 4749 882 4795 nostro
910 4742 980 4797 ad
1055 4758 1116 4799 se
1160 4744 1461 4813 adducere,
1516 4756 1573 4803 et
1622 4764 1969 4809 sacrosancta

395 4829 681 4885 nobiseum
714 4830 856 4898 loca,
899 4831 967 4889 ad
991 4849 1113 4903 qua:
1136 4835 1464 4906 jampridem
1498 4855 1600 4895 nos
1623 4842 1968 4914 navigatione

390 4920 801 4989 contendimus,
818 4926 1135 4995 conspicere
1146 4930 1429 4999 praecepit.
1445 4931 1528 4988 Ob
1543 4931 1659 4989 haec
1672 4934 1968 5007 Gregorius

393 5007 757 5066 admiratione
775 5027 839 5067 ac
869 5014 1068 5084 gaudio
1087 5017 1362 5086 perfusus,
1408 5034 1467 5076 se
1501 5021 1621 5091 ipso
1646 5028 1967 5084 continuere

396 5101 661 5170 nequibat
701 5120 717 5158 :
754 5106 850 5160 sed
888 5121 1082 5163 rursus
1117 5124 1430 5182 assurgens,
1464 5128 1530 5168 ac
1571 5116 1741 5183 pedes
1772 5133 1964 5175 mona-

392 5191 484 5245 chi
506 5193 901 5263 eomplexatus,
920 5198 1187 5269 lacrymas
1202 5201 1389 5271 plures
1405 5203 1689 5272 prioribus
1704 5222 1817 5276 pra:
1833 5224 1965 5279 gau-

386 5279 484 5345 dio
499 5283 836 5350 etl'undebat,
851 5302 916 5342 ac
932 5288 1121 5344 laetitia
1140 5299 1286 5346 totus
1299 5294 1558 5362 gestiens,
1577 5311 1715 5364 quas
1730 5301 1964 5369 majores

386 5383 631 5444 poterat,
646 5378 703 5433 in
726 5379 936 5437 hisDeo
958 5384 1162 5453 gratias
1174 5384 1390 5455 agebat.
1411 5385 1607 5442 Postea
1624 5403 1756 5443 vero
1777 5391 1844 5445 ad
1862 5390 1963 5446 do-

384 5463 654 5530 micilium
674 5482 1016 5539 concessere,
1033 5489 1098 5529 ac
1119 5474 1345 5545 hospitii
1367 5476 1631 5533 Dominus
1658 5480 1886 5536 multam
1904 5483 1959 5538 in

389 5548 513 5607 illos
526 5553 859 5616 hilaritatem
888 5576 953 5618 ac
978 5565 1291 5624 comitatem
1320 5568 1643 5638 ostendens,
1679 5574 1865 5629 omnia
1887 5573 1955 5630 ad

470 5727 488 5760 ’
521 5726 655 5787 Luc.
698 5747 753 5801 ι,
785 5735 873 5791 45.

2076 4385 2231 4450 αύτῷ
2259 4391 2534 4458 μοναχοῖς.
2560 4386 2696 4443 Εἶτα
2741 4391 3032 4462 προσσχὼν
3071 4395 3287 4466 ἐκείνῳ,
3312 4398 3512 4453 Τέκνον
3533 4400 3646 4468 tuo,

2073 4480 2261 4550 φησὶν,
2301 4481 2586 4549 γινώσκων
2611 4481 2696 4534 ὅτι
2724 4482 2793 4534 τὰ
2827 4483 2972 4537 κατὰ
3003 4484 3065 4537 σὲ
3094 4485 3308 4541 ἅπαντα
3337 4489 3474 4556 δῆλα
3514 4493 3646 4563 ήμῖν

2073 4571 2308 4642 κατέστη
2338 4571 2491 4641 παρὰ
2531 4571 2692 4626 Θεοῦ.
2728 4572 2893 4627 Ἀλλά
2940 4575 3073 4644 ήμῖν
3111 4577 3320 4649 χαίρων
3359 4582 3644 4652 χαίρουσιν

2072 4662 2206 4730 ήμῖν
2249 4661 2405 4714 ἐπου.
2449 4661 2556 4714 Καὶ
2584 4663 2693 4732 γὰρ
2722 4663 2751 4715 6
2793 4663 2968 4718 ταῦτα
3011 4667 3288 4738 γνωρίσας
3333 4671 3468 4736 Θεὸς
3518 4675 3640 4743 μεθ’

2070 4751 2281 4805 ἑαυτῶν
2310 4751 2566 4806 ἐκέλευσε
2601 4755 2694 4808 καὶ
2740 4752 2800 4808 σὲ
2849 4761 3323 4828 συμπαραλαὸεῖν,
3358 4765 3451 4818 καὶ
3483 4770 3636 4836 κοινῇ

2067 4841 2197 4906 τοὺς
2226 4844 2401 4913 ἱεροὺς
2431 4844 2659 4915 ὄψεσθαι
2696 4846 2919 4915 τόπους,
2964 4836 3052 4920 ἐφ’
3091 4851 3188 4916 οὓς
3222 4854 3316 4907 καὶ
3348 4857 3509 4926 ἡμεῖς
3536 4858 3636 4929 ήδη

2067 4934 2167 5005 τὴν
2189 4934 2369 5006 ὁρμὴν
2390 4937 2760 5008 πεποιήμεθα.
2790 4940 3079 5011 Θαύματος
3107 4939 3202 4998 οὖν
3229 4946 3322 4998 καὶ
3345 4950 3518 5018 χαρᾶς
3544 4951 3638 5003 ἐπὶ

2066 5025 2279 5089 τούτοις
2308 5026 2618 5099 πληρωθεὶς
2647 5028 2676 5080 ὁ
2697 5031 3020 5102 Γρηγόριος,
3047 5035 3145 5105 οὐχ
3169 5032 3281 5100 οἷός
3321 5056 3379 5091 τε
3409 5035 3478 5109 ἦν
3505 5043 3634 5097 ἑαυο
3714 5072 3728 5091 .

2064 5113 2160 5166 τὸν
2214 5115 2484 5185 κατέχειν,
2535 5117 2675 5172 ἀλλὰ
2720 5121 2817 5174 καὶ
2845 5117 3003 5187 αὖθις
3034 5124 3333 5189 ἐξαναστὰς
3379 5130 3475 5182 καὶ
3521 5135 3632 5194 τοῖς

2063 5205 2158 5260 τοῦ
2191 5207 2428 5277 μοναχοῦ
2454 5209 2586 5262 ποσὶ
2612 5212 2975 5278 συμπλακεὶς,
2998 5213 3210 5285 δάκρυά
3230 5235 3287 5271 τε
3318 5219 3409 5286 ὑφ’
3441 5221 3634 5289 ἡδονῆς

2063 5296 2214 5368 ἐρῤει
2245 5297 2354 5353 τῶν
2382 5300 2664 5369 προτέρων
2691 5296 2910 5356 πλείονα
2942 5305 3036 5359 καὶ
3070 5311 3319 5371 παντοῖος
3350 5305 3437 5380 ἦν,
3472 5311 3631 5382 χάριν

2061 5390 2194 5460 ὅσην
2249 5390 2306 5440 ἐν
2357 5390 2569 5453 τούτοις
2614 5390 2895 5460 ὁμολογῶν
2921 5394 3001 5466 τῷ
3028 5396 3167 5468 Θεῷ.
3198 5400 3351 5455 Μετὰ
3397 5401 3453 5455 δέ
3499 5403 3634 5474 πρὸς

2062 5480 2393 5550 καταγωγὴν
2426 5480 2618 5552 ᾔεσαν,
2651 5482 2747 5534 καὶ
2784 5485 2813 5536 6
2860 5483 2954 5537 τοῦ
2999 5487 3152 5541 οῐκου
3202 5491 3387 5563 κύριος
3432 5492 3633 5562 πολλὴν

2061 5571 2469 5643 ἐνδεικνύμενος
2500 5572 2602 5643 τὴν
2646 5571 3042 5648 φιλοφροσύνην
3071 5578 3318 5650 ἀφθόνως
3358 5583 3533 5642 πάντα
3567 5584 3634 5639 τὰ
