4080 6374
320 324 420 391 [91
1280 318 1460 382 VlTA
1496 318 1557 379 S.
1600 315 1988 379 GBEGORII
2028 317 2575 381 AGRIGENTINI.
3465 323 3575 387 198

310 434 455 505 πρὸς
476 433 689 503 τροφὴν
740 430 1069 501 παρετίθει,
1125 433 1223 485 καὶ
1275 431 1647 502 γευσαμένους
1668 431 1909 495 ἀΰπνους

2015 431 2217 488 victum
2233 430 2544 489 necessaria
2554 431 2773 487 abunde
2790 431 3188 503 illis’apposuit.
3210 433 3314 500 Qui
3333 449 3456 490 cum
3479 453 3583 507 gu-

308 525 516 589 αὑτοὺς
562 523 727 594 ἄχρις
778 523 978 594 δρθρου
1011 518 1159 591 εἶχεν
1202 525 1236 594 ἠ
1285 523 1403 589 νὺξ,
1446 521 1575 585 τούς
1612 538 1672 574 τε
1721 522 1901 592 ἱεροὺς

2015 533 2274 589 stassent,
2296 534 2463 579 totam
2483 530 2701 578 noctem
2720 537 2844 577 cum
2870 523 3085 578 divinas
3103 524 3294 579 laudes
3309 528 3581 595 canendo,

313 613 522 687 ὕμνους
545 614 777 685 ᾄδοντας
803 614 899 666 καὶ
928 613 1056 676 τοὺς
1082 612 1259 675 θείους
1286 613 1481 681 λόγους
1501 612 1903 681 ἀναγινώσκον-

312 724 436 770 τας.
470 705 642 759 Ἔνθα
671 705 737 776 δὴ
761 706 855 758 καὶ
876 705 926 758 οί
953 705 1182 775 μοναχοὶ
1208 703 1307 776 τὴν
1337 704 1433 758 τοῦ
1463 706 1657 769 παιδὸς
1687 705 1902 760 σύνεσιν

314 799 411 853 καὶ
431 798 552 851 λίαν
582 797 1053 868 ὑπερηγάσθησαν
1076 796 1252 862 οὕτως
1277 798 1572 869 εὐρύθμως
1602 798 1783 854 πάντα
1809 799 1905 854 καὶ

315 888 577 955 ἀσφαλῶς
604 887 770 940 αὑτοῦ
799 887 1054 949 διιόντος.

387 973 464 1030 Ζ’.
493 978 778 1045 Τετάρτης
803 973 898 1029 οὖν
930 976 1025 1028 ἐπὶ
1065 974 1277 1040 τούτοις
1303 977 1486 1040 αὑτοῖς
1512 979 1906 1049 ἐπιγενομένης

315 1069 557 1139 ἡμέρας,
577 1067 698 1121 όδοῦ
731 1068 843 1122 τῶν
877 1069 1132 1139 μοναχῶν
1170 1071 1199 1121 6
1239 1069 1453 1141 πρῶτος
1487 1071 1784 1142 ἐμέμνητο,
1810 1072 1905 1124 καλ⁸

318 1161 423 1229 τῆς
452 1162 695 1230 ἑσπέρας
722 1159 1145 1230 καταλαϐούσης
1168 1159 1347 1225 ἐξίασι
1374 1163 1488 1223 τοῖς
1521 1161 1727 1225 πόλεως
1762 1162 1903 1232 ἅμα.

316 1248 511 1303 Εἴκοσι
564 1249 623 1302 δὲ
674 1249 888 1320 ἡμέρας
935 1250 1284 1313 ὁδεύσαντες,
1327 1252 1409 1313 είς
1456 1252 1718 1322 Τρίπολιν
1775 1254 1904 1322 ἀτρι-

318 1340 600 1405 κνοῦνται,
643 1343 737 1393 καὶ
787 1341 926 1411 πρὸς
976 1341 1067 1395 τὸν
1111 1342 1204 1395 τοῦ
1254 1344 1416 1411 ἁγίου
1473 1344 1729 1397 Λεοντίου
1774 1346 1903 1398 ναὸν

318 1434 655 1503 ἀπέρχονται
682 1449 699 1464 ο
728 1434 852 1488 ὅθεν
903 1433 969 1505 δὴ
1011 1435 1106 1489 καὶ
1158 1436 1535 1507 πρεσϐύτερός
1559 1453 1645 1501 τις
1671 1436 1781 1489 τῶν
1814 1453 1900 1490 σε-

320 1525 470 1594 μνῶν
522 1525 618 1577 καὶ
674 1525 942 1595 κοσμίων,
999 1527 1246 1590 ἐκείνους
1299 1527 1654 1597 παραλαϐὼν,
1698 1531 1779 1593 είς
1812 1530 1900 1581 τὸν

318 1611 490 1666 αὑτοῦ
524 1608 677 1665 οἷκον
704 1613 925 1679 ξενίζει.
949 1615 1225 1671 Διακονῶν
1246 1616 1303 1670 δὲ
1327 1612 1396 1686 ἦν
1422 1620 1608 1681 αὑτοῖς
1634 1620 1663 1670 6
1688 1619 1901 1689 Γρηγό-

2012 621 2129 668 tum
2147 612 2958 675 sacrossermoneslectitando,
2980 618 3046 668 ad
3071 616 3375 670 diluculum
3412 633 3585 688 usque

2013 702 2293 759 duxerunt
2322 705 2650 759 insomnem.
2679 704 2782 758 Ubi
2814 706 3067 758 monachi
3104 722 3205 775 pru
3222 707 3451 762 ientiam
3495 709 3585 779 ju-

2012 796 2173 851 venis
2224 797 2371 865 quod
2430 805 2538 849 tam
2618 796 2885 850 concinne
2945 805 3170 865 tutoque
3237 815 3334 853 sua
3398 800 3586 855 omnia

2006 897 2338 949 enarrasset,
2401 892 2755 941 vehementer
2815 888 3037 955 quidem
3110 889 3366 944 admirati
3428 902 3582 947 sunt.

2084 980 2198 1036 Vl].
2234 979 2476 1044 Quartus
2518 980 2683 1049 igitur
2743 993 2868 1032 cum
2921 988 3067 1033 esset
3098 982 3236 1044 dies,
3267 998 3375 1050 quo
3442 984 3589 1050 apud

2013 1066 2138 1124 illos
2184 1081 2322 1137 erat,
2354 1069 2749 1122 monachorum
2806 1069 3027 1137 primus
3075 1071 3201 1124 vita:
3246 1074 3585 1129 mentionem

2008 1162 2161 1221 fecit.
2192 1176 2257 1215 ac
2294 1170 2580 1229 appetente
2612 1175 2863 1229 vespera,
2897 1162 3120 1216 civitate
3147 1179 3254 1218 una
3281 1165 3582 1233 egretliun-
3638 1160 3647 1169 ’

2013 1262 2127 1309 tur.
2158 1251 2405 1321 Cumque
2436 1252 2627 1321 viginti
2685 1251 2805 1305 dies
2834 1253 2940 1306 iter
2994 1252 3274 1317 fecissent,
3323 1255 3589 1324 Tripolim

2014 1342 2364 1412 perveniunt,
2412 1352 2578 1410 atque
2627 1340 2693 1394 ad
2750 1341 2813 1394 D.
2860 1340 3071 1395 Leontii
3130 1344 3389 1412 templum
3420 1346 3589 1413 profi-

2009 1436 2317 1488 ciscuntur.
2348 1432 2585 1486 Proinde
2621 1432 2970 1486 venerandus
3013 1448 3077 1486 ac
3111 1451 3244 1487 orna
3278 1451 3338 1487 us
3366 1438 3588 1504 quidam

2011 1528 2297 1597 presbyter
2336 1526 2485 1578 domi
2516 1541 2629 1580 sua:
2681 1526 2918 1595 b03pitio
2957 1527 3081 1579 illos
3128 1529 3393 1595 suscepit,
3461 1532 3587 1597 qui-

2014 1616 2119 1670 bus
2166 1617 2465 1687 Gregorius
2509 1618 2883 1679 nuntstrabat,
2920 1618 3067 1685 quod
3115 1618 3463 1685 asnicientes.
3507 1619 3588 1672 uti

319 1719 462 1773 ριος,
488 1704 518 1757 ὃ
549 1705 644 1758 καὶ
668 1703 757 1758 διὰ
785 1705 1063 1776 θαύματος
1094 1709 1143 1761 oi
1182 1706 1478 1777 βλέποντες
1525 1705 1673 1778 εἶχον
1706 1711 1900 1764 ὁποίαν

2015 1709 2335 1763 miraculum
2390 1710 2712 1772 censedant,
2748 1709 3008 1762 nimirum
3070 1725 3232 1778 quam
3277 1710 3418 1763 bona
3472 1711 3578 1764 fide

319 1789 390 1864 ἦν
431 1796 753 1865 ποιούμενος
779 1799 880 1866 τὴν
922 1798 1255 1869 ὑπηρεσίαν,
1303 1802 1365 1853 οὑ
1398 1801 1702 1855 σπουδαίαν
1744 1803 1905 1873 μόνον

2015 1801 2121 1855 illis
2145 1810 2428 1870 pra-staret
2458 1803 2811 1870 obsequium,
2843 1801 3006 1870 idque
3031 1816 3141 1855 non
3173 1802 3366 1855 sedulo
3397 1803 3573 1857 solum

322 1886 419 1938 καὶ
443 1889 780 1959 καρτερικήν
810 1888 910 1942 καὶ
932 1890 1239 1959 φιλόπονον,
1264 1891 1402 1946 ἀλλά
1419 1910 1471 1945 τι
1503 1896 1596 1946 καὶ
1621 1893 1764 1948 οὕτω
1809 1912 1907 1948 κα-

319 1979 575 2057 ταπονῶτν
600 1980 817 2044 ἑαυτὸν,
842 1980 930 2034 διὰ
957 1981 1052 2035 δύο
1078 1999 1138 2035 τε
1174 1985 1267 2037 καὶ
1293 1984 1463 2056 τριῶν
1492 1987 1717 2056 ἡμερῶν
1754 1987 1907 2057 μόλις

320 2066 463 2135 πρὸς
492 2067 697 2137 τροφὴν
740 2067 916 2138 ἐώρα,
963 2070 1060 2123 καὶ
1105 2070 1221 2125 οὐδ’
1266 2072 1334 2126 ἂν
1375 2074 1498 2126 οὑδὲ
1547 2075 1694 2140 τότε,
1741 2077 1792 2127 εί
1827 2077 1904 2146 μὴ

322 2158 495 2220 πολὺς
514 2155 625 2229 ﬁve
650 2161 883 2229 μοναχὸς
905 2164 1111 2224 ἐκεῖνος
1136 2163 1455 2234 ὲγκείμενός
1494 2182 1551 2218 τε
1578 2169 1674 2220 καὶ
1697 2168 1905 2238 τροφῆς

324 2251 499 2303 αὑτὸν
516 2251 754 2321 ἅψασθαι
775 2252 1121 2323 βιαζόμενος,
1138 2254 1329 2325 λόγους
1355 2257 1484 2326 περὶ
1510 2256 1621 2310 τῶν
1638 2260 1904 2310 τεκόντων

319 2343 515 2417 ἐκείνῃ
543 2349 580 2410 ⁸,
609 2345 782 2414 έφῆκε
813 2346 953 2401 Εἰπέ
1001 2361 1117 2415 μοι,
1148 2346 1341 2415 λέγων,
1371 2348 1663 2419 Γρηγόριε,
1700 2344 1811 2419 ἆρά
1849 2365 1908 2401 σε

324 2434 493 2488 λυπεῖ
511 2438 579 2489 τὰ
603 2435 861 2503 φίλτατα,
880 2438 1058 2504 γονεῖς
1073 2453 1133 2490 τε
1155 2439 1251 2491 καὶ
1266 2442 1544 2508 συγγενεῖς
1567 2439 1665 2493 καὶ
1689 2441 1908 2511 πατρὶς,

325 2528 435 2581 ὑπὸ
459 2529 683 2599 μνήμην
709 2527 862 2581 ἰόντα
890 2544 906 2593 ;
958 2529 1018 2581 '0
1064 2530 1146 2596 δὲ,
1186 2528 1339 2594 θείας
1369 2532 1640 2595 συνέσεως
1671 2536 1768 2586 καὶ
1803 2551 1903 2603 με·

323 2622 728 2691 τριοφροσύνης
773 2620 1061 2685 ὑπόπλεως
1115 2620 1212 2689 ὢν,
1275 2622 1595 2677 Τοὺναντίον
1644 2625 1743 2695 μὲν
1793 2623 1909 2690 οὖν,

324 2714 458 2781 ἔφη,
478 2711 526 2764 ὦ
560 2713 768 2782 Πάτερ,
804 2712 901 2767 καὶ
930 2712 1051 2767 λίαν
1077 2714 1259 2780 λυπεῖ,
1290 2715 1371 2768 ὅτι
1394 2716 1491 2769 τοῦ
1514 2717 1723 2785 Κυρίου
1750 2717 1907 2787 δικρ-

329 2803 507 2875 ῥήδην
546 2790 819 2874 βοῶντοςξ
837 2823 857 2857 ε
901 2805 961 2858 '0
990 2804 1165 2874 φιλῶν
1200 2808 1412 2878 πατέρα
1446 2808 1479 2878 ἢ
1519 2810 1735 2880 μητέρα
1767 2810 1909 2881 ὑπὲρ

328 2897 434 2965 ἐμὲ
459 2896 559 2948 οὑκ
584 2895 700 2949 ἔστι
724 2914 829 2967 μου
851 2896 1020 2963 ἄξιος,
1050 2915 1068 2948 ι
1106 2900 1223 2962 καὶ,
1251 2917 1270 2950 ο
1297 2900 1392 2963 ’ος
1410 2900 1511 2953 οὑκ
1537 2900 1908 2956 ἀποτάσσεται

333 2988 474 3040 πᾶσι
507 2990 621 3050 τοῖς
653 2987 997 3058 ὑπάρχουσιν
1022 2967 1209 3060 ἆὺτῷ,
1253 2992 1316 3043 οὑ
1371 2991 1599 3045 δύναταί
1632 3008 1736 3062 μου
1770 2988 1913 3045 εἶναι

2011 1908 2075 1949 ac
2125 1893 2417 1963 patienter,
2468 1894 2564 1947 sed
2617 1908 2742 1947 cum
2815 1907 2988 1962 usque
3037 1893 3177 1949 adeo
3224 1894 3370 1949 binis
3424 1904 3587 1964 atque

2013 1986 2181 2041 etiam
2219 1984 2378 2039 trinis
2443 1985 2642 2038 diebus
2676 1984 2865 2037 labore
2905 1999 2962 2037 se
2997 1984 3347 2047 confecisset,
3372 1987 3459 2039 vix
3517 1987 3585 2041 ad

2012 2076 2197 2132 cibum
2226 2075 2498 2143 respicere
2529 2091 2543 2127 :
2570 2089 2635 2127 ac
2648 2089 2715 2126 ne
2748 2083 2859 2126 tum
2887 2074 3131 2143 quidem,
3157 2076 3259 2127 nisi
3288 2074 3588 2130 monachus

2015 2168 2124 2232 Ille,
2158 2181 2399 2236 saneque
2432 2167 2725 2227 molestus,
2752 2167 2900 2219 hunc
2929 2167 3106 2235 ipsum
3141 2166 3326 2220 cibum
3382 2180 3579 2235 capere

2009 2260 2390 2329 compulisset.
2417 2259 2515 2313 Hic
2538 2274 2860 2329 generosam
2910 2261 3029 2329 ejus
3073 2270 3310 2313 mentem
3371 2270 3590 2328 perten-

2014 2363 2157 2418 tans,
2195 2369 2506 2409 sermonem
2537 2354 2612 2408 illi
2639 2353 2706 2407 de
2739 2353 3055 2423 parentibus
3080 2353 3267 2423 injecit
3298 2369 3314 2409 :
3340 2353 3449 2421 Age
3473 2353 3589 2407 fare

2017 2446 2342 2518 (inquiens),
2375 2446 2625 2515 Gregori,
2653 2461 2784 2498 num
2819 2444 3119 2499 dulcissimi
3160 2453 3273 2497 tum
3310 2455 3587 2513 parentes,

2021 2547 2135 2591 tum
2168 2536 2381 2601 afﬁnes,
2423 2545 2538 2589 tum
2570 2538 2736 2590 etiam
2770 2535 2941 2604 patria
2982 2534 3301 2587 memoriam
3348 2536 3594 2589 subeun-

2020 2636 2102 2680 tes
2131 2636 2300 2688 tuam,
2360 2624 2615 2679 molestia
2687 2634 2739 2678 te
2773 2624 3067 2678 alliciunt?
3122 2625 3192 2679 At
3245 2626 3337 2680 ille
3404 2626 3592 2680 divina

2018 2716 2307 2786 prudentia
2337 2725 2394 2770 et
2443 2715 2704 2785 singulari
2770 2715 3036 2767 modestia
3091 2715 3373 2783 praeditus,
3425 2716 3591 2771 Valte

2018 2809 2108 2863 illa
2143 2810 2388 2879 quidem,
2470 2823 2503 2862 o
2529 2808 2712 2872 Pater,
2761 2806 2960 2874 inquit,
3000 2807 3094 2860 sed
3142 2808 3301 2861 aliter
3340 2818 3503 2876 atque
3532 2815 3591 2861 tu

2018 2901 2261 2972 opinaris
2324 2899 2587 2954 alliciunt.
2636 2897 2920 2967 Siquidem
2976 2897 3207 2951 Domino
3281 2897 3594 2952 luculenter

2018 2993 2288 3048 clamante
2320 3008 2334 3045 :
2373 3010 2392 3043 ι
2422 2991 2526 3057 Qui
2560 3001 2706 3045 amat
2743 3000 2953 3061 patrem
3014 3004 3108 3045 aut
3137 3003 3363 3052 matrem
3424 3004 3594 3062 supra

333 3080 607 3151 μαθητὴς,
642 3097 664 3131 ι
722 3082 852 3150 ἐμοὶ
902 3081 1112 3135 τούτων
1160 3083 1312 3146 ἄξιον
1366 3084 1517 3137 οὐδὲν
1568 3087 1909 3155 πέπρακται.

2015 3098 2122 3148 me,
2157 3098 2262 3137 non
2285 3092 2370 3138 est
2410 3097 2497 3137 me
2525 3083 2723 3151 dignus
2753 3085 2772 3113 ’
2800 3099 2814 3147 ;
2853 3101 2870 3133 ι
2901 3092 2956 3138 et
2984 3099 2998 3137 :
3043 3104 3059 3134 ι
3097 3084 3198 3150 Qui
3232 3073 3338 3137 non
3368 3082 3578 3137 valedi-

332 3177 486 3245 Πλὴν
508 3174 649 3230 ἀλλὰ
670 3175 947 3247 παράσχοι
968 3177 1177 3231 ἀνωθεν
1204 3180 1234 3231 6
1264 3178 1375 3232 τῶν
1406 3179 1913 3249 άγαθῶνλχορηγδς,

328 3267 456 3337 ἐμοί
501 3284 564 3319 τε
600 3266 702 3336 τῆς
744 3268 1031 3332 ἀσθενείας
1071 3271 1423 3340 ἀπικουρίαν,
1472 3271 1701 3333 ἑκείνοις
1729 3271 1785 3323 δὲ
1818 3272 1916 3340 τῆς

328 3358 570 3428 ἀθυμίας
593 3358 964 3429 παράκλησιν.
994 3361 1105 3414 Καὶ
1132 3361 1307 3415 ταῦτα
1339 3362 1438 3431 μὲν
1469 3361 1664 3424 οὕτως.

2017 3176 2159 3229 xerit
2181 3175 2460 3237 omnibus,
2484 3190 2605 3243 quae
2636 3173 2899 3243 possidet,
2934 3190 3046 3228 non
3071 3184 3249 3244 potest
3283 3190 3437 3229 meus
3467 3188 3591 3229 esse

2017 3266 2322 3335 discipulus
2354 3266 2414 3330 ⁸;
2446 3267 2680 3320 necdum
2715 3266 2909 3319 borum
2961 3279 2993 3319 a
3037 3281 3123 3319 me
3177 3265 3476 3334 quidquam
3506 3271 3593 3319 est

2018 3358 2234 3429 egregie
2270 3360 2590 3427 praastitum.
2619 3358 3011 3417 Verumtamen
3076 3359 3345 3411 bonorum
3396 3371 3596 3427 suppe.

328 3451 540 3508 ditator
572 3452 971 3509 imbecillitatis
999 3454 1136 3512 mihi
1203 3456 1493 3522 auxilium,
1546 3457 1657 3511 illis
1721 3470 1855 3512 vero
1920 3451 2127 3509 doloris
2172 3452 2602 3507 consolationem
2653 3452 2862 3506 utinam
2933 3450 3151 3506 caelitus
3197 3450 3408 3506 afferat.
3463 3450 3595 3505 Haec

331 3547 522 3615 itaque
551 3561 611 3600 se
647 3547 876 3601 habent.

401 3638 491 3693 θ’.
530 3637 781 3709 Ἡμέρας
805 3638 867 3692 δὲ
895 3639 1197 3709 τριάκοντα
1221 3639 1279 3691 ὲν
1309 3638 1567 3709 Τριπόλει
1603 3638 1915 3708 διενεγκόν-

330 3746 448 3793 τες,
473 3730 568 3782 καὶ
590 3731 780 3799 μηδενὶ
800 3730 939 3801 πρὸς
961 3731 1163 3798 γνῶσιν
1187 3730 1455 3797 ἐλθόντες,
1482 3732 1658 3795 ἐξίασι
1678 3731 1911 3800 ταύτης,

332 3819 436 3889 τῆς
460 3819 587 3874 ὁδοῦ
613 3822 713 3875 καὶ
738 3818 897 3884 αὖθις
924 3823 1131 3876 καὶτοῦ
1166 3822 1371 3876 οἰκείου
1408 3821 1615 3876 σκοποῦ
1637 3822 1907 3893 ἐχόμενοι.

334 3911 542 3983 Ἀθηνῶν
570 3908 667 3965 οὖν
699 3913 986 3983 τεσσάρων
1029 3912 1132 3984 ήδη
1167 3914 1578 3984 παρῳχηκότων
1608 3913 1911 3968 κατέλαϐον

336 4004 406 4057 τὰ
473 4004 854 4074 Ἱεροσόλυμα,
916 4004 1012 4057 καὶ
1078 4004 1378 4075 περιῆλθον
1425 4005 1494 4056 τά
1552 4006 1753 4085 ἐκεῖσε..
1807 4004 1916 4057 πᾶν

336 4095 535 4165 δτιπερ
566 4095 775 4163 ἀγαθὸν
799 4096 911 4148 τῶν
939 4096 1131 4149 αὑτόθι
1161 4095 1594 4166 φροντιστηρίων
1620 4095 1918 4158 ἀπανθιζό-

341 4201 517 4254 μενοι,
554 4185 653 4238 καὶ
695 4184 807 4237 τῶν
853 4185 918 4237 ἓν
957 4187 1144 4249 αὑτοῖς
1194 4184 1551 4252 ἀσκουμένων
1583 4186 1695 4248 τοῖς
1728 4187 1920 4257 ἐπιση-

338 4277 599 4349 μοτὲροις
658 4276 759 4346 τὴν
817 4276 1026 4348 ἀρετὴν
1073 4277 1479 4345 συγγινόμενοι.
1538 4275 1651 4329 Ἑνὶ
1701 4276 1758 4330 δὲ
1811 4276 1921 4330 τῶν

2093 3634 2268 3689 Porro
2288 3630 2509 3701 triginta
2557 3629 2678 3685 dies
2698 3629 2905 3699 Tripoli
2956 3628 3301 3694 commorati,
3346 3625 3555 3684 nemini

2018 3724 2133 3781 noti
2169 3724 2321 3789 facti,
2367 3723 2517 3777 illinc
2571 3722 2954 3792 egrediuntur,
3002 3720 3295 3788 denuoque
3367 3721 3473 3774 iter
3502 3734 3595 3774 ca-

2019 3825 2269 3889 possunt,
2300 3831 2365 3870 ac
2390 3816 2457 3870 ad
2492 3814 2774 3885 proprium
2806 3828 2864 3868 se
2893 3816 3238 3881 propositam
3272 3813 3591 3881 accingunt.

2017 3909 2384 3976 Quamobrem
2454 3921 2580 3960 cum
2642 3915 2881 3974 quatuor
2918 3904 3033 3972 jam
3082 3903 3366 3954 mensibus
3430 3915 3595 3969 pere-

2013 4002 2217 4073 grinati
2254 3999 2505 4061 fuissent,
2535 3996 2966 4065 Hierosolymam
2993 4001 3382 4061 pervenerunt.
3407 3991 3595 4045 Locis-

2015 4108 2123 4163 que
2150 4092 2351 4146 ibidem
2380 4089 2636 4145 omnibus
2699 4086 3059 4157 perlustralis,
3091 4082 3357 4152 quidquid
3392 4085 3443 4136 in
3480 4100 3597 4136 mo-

2015 4182 2271 4240 nasteriis
2297 4195 2362 4234 ac
2400 4177 2684 4233 monachis
2719 4176 2832 4229 illic
2867 4174 3196 4242 degentibus
3221 4181 3340 4225 erat
3362 4173 3596 4242 praecla-

2017 4290 2162 4339 rum,
2193 4274 2246 4328 id
2280 4281 2454 4328 totum
2478 4276 2842 4331 assumentes,
2877 4281 3004 4320 cum
3057 4262 3452 4319 illustrioribus
3480 4263 3593 4319 vir-

335 4368 779 4440 φροντιστηρίων
821 4367 1052 4433 τούτων,
1113 4368 1176 4420 οὑ
1233 4369 1452 4437 μακρὰν
1501 4366 1766 4436 ἀπέχοντι
1816 4369 1909 4437 τῆς

2022 4378 2137 4425 tute
2167 4368 2298 4424 viris
2319 4363 2781 4421 consuetudinem
2812 4361 3079 4415 habuere.
3114 4358 3172 4413 In
3193 4361 3433 4428 quodam
3460 4374 3596 4414 vero

334 4463 500 4531 ἁγίας
520 4460 756 4526 πόλεως,
783 4458 885 4522 τὰς
918 4459 1069 4528 ἱεράς
1099 4458 1202 4528 τῆς
1230 4458 1687 4529 Τεσσαρακοστῆς
1706 4458 1921 4527 ἡμέρας

335 4552 631 4623 διήγαγον,
667 4552 728 4605 ὲν
776 4545 869 4614 αἷς
910 4549 1006 4603 καὶ
1041 4549 1347 4620 ὑπερφυεῖς
1389 4549 1609 4617 ἀγῶνας
1643 4547 1921 4611 ἐπιδειξά-

340 4660 503 4713 μενος
530 4645 561 4696 ό
589 4642 918 4714 Γρηγόριος,
940 4640 1225 4711 θαύματος
1254 4641 1354 4704 τὰς
1376 4640 1487 4695 τῶν
1516 4640 1771 4710 μοναχῶν
1800 4640 1917 4692 ίνέ·

334 4739 517 4805 πλησε
550 4736 813 4796 διανοίας.
861 4734 1334 4802 Διορατικὼτατον
1388 4732 1446 4786 δὲ
1500 4733 1563 4786 τὸ
1611 4734 1709 4802 τῆς
1733 4731 1919 4801 ψυχῆς

329 4827 496 4897 θμμα
523 4829 620 4881 καὶ⁸
651 4831 994 4898 προφητικὸν
1023 4829 1165 4898 ἔχων
1198 4827 1229 4880 6
1275 4826 1374 4899 τῆς
1414 4826 1584 4895 μονῆς
1629 4824 1916 4894 προεστὼς

330 4922 410 4971 τὰ
454 4918 534 4988 τῷ
577 4916 870 4988 Γρηγορίῳ
920 4915 1301 4989 συμϐήσεσθαι
1350 4916 1617 4985 μέλλοντα
1653 4914 1913 4983 καθαρῶς

2019 4477 2087 4518 ex
2113 4461 2219 4516 illis
2241 4455 2597 4519 monasterio,
2626 4454 2774 4524 quod
2806 4469 2836 4507 a
2870 4462 3056 4507 sancta
3083 4450 3304 4505 civitate
3327 4467 3436 4505 non
3463 4467 3594 4520 pro—

2020 4553 2111 4607 cul
2137 4552 2348 4614 aberat,
2373 4563 2562 4604 sacros
2584 4544 3025 4613 Quadragesima:
3051 4544 3457 4600 observationis
3479 4545 3603 4599 dies

2020 4658 2203 4715 egere,
2240 4644 2298 4697 in
2332 4641 2534 4711 quibus
2582 4638 2819 4692 eximius
2861 4636 3081 4706 juvenis
3127 4635 3430 4705 Gregorius
3487 4638 3600 4691 tale

2018 4734 2105 4790 sui
2127 4732 2479 4787 meditatione
2501 4743 2566 4783 ac
2578 4727 2969 4783 exercitatione
2985 4726 3184 4780 mentis
3206 4726 3600 4780 documentum

2017 4825 2273 4896 praebuit,
2307 4832 2368 4876 ut
2391 4833 2586 4889 stupor
2616 4818 3012 4873 monachorum
3056 4826 3269 4869 mentes
3319 4815 3599 4883 opprime-

2017 4922 2121 4970 ret.
2148 4915 2326 4982 Atque
2353 4909 2575 4979 bospitii
2598 4922 2822 4978 praeses,
2849 4921 2974 4960 cum
3011 4913 3157 4959 esset
3183 4903 3360 4957 oculis
3423 4903 3596 4957 animi

331 5010 494 5080 αὑτῷ
545 5007 991 5078 προδιαγορεύει,
1030 5009 1133 5078 τήν
1161 5023 1223 5059 τε
1280 5005 1416 5076 πρὸς
1459 5005 1551 5058 τὸν
1596 5004 1909 5073 ἱεραρχικὺν

2015 5004 2321 5076 perspicax,
2361 5002 2603 5070 itemque
2661 4998 2944 5061 fatidicus,
2993 5011 3057 5051 ea
3096 4995 3281 5049 omnia
3305 5008 3425 5062 quae
3467 4992 3602 5047 Gre-

330 5101 490 5170 φημὶ
514 5097 707 5168 θρόνον
735 5097 1023 5163 ἀνάϐασιν,
1058 5097 1305 5161 καὶτοὺς
1332 5094 1721 5166 ἐκδεξαμένους
1752 5093 1909 5147 αὑτὸν

2015 5098 2167 5166 gorio
2212 5101 2556 5148 usuventura
2581 5098 2760 5154 erant,
2812 5089 2974 5158 longe
3010 5095 3141 5141 ante
3196 5085 3272 5139 illi
3308 5083 3599 5136 manifeste

328 5192 531 5261 βαρεῖς
567 5206 626 5243 τε
660 5191 761 5243 καὶ
787 5189 1096 5253 πολυειδεῖς
1129 5188 1496 5259 πειρασμοῖς,
1532 5182 1657 5240 εἶτα
1692 5187 1787 5238 καὶ
1814 5185 1909 5255 τὴν

2016 5186 2291 5259 praedixit,
2318 5197 2522 5254 nempe
2577 5182 2644 5236 ad
2674 5195 2888 5237 sacram
2934 5178 3082 5234 illam
3120 5174 3457 5245 pontiiiciam
3513 5185 3600 5225 se-

320 5281 423 5341 et;
450 5278 682 5350 ὕστερον
710 5280 815 5334 οὑκ
850 5279 1174 5349 ἀπαλλαγὴν
1203 5278 1385 5333 αὑτῶν
1424 5278 1606 5346 μόνον,
1639 5275 1779 5330 ἀλλὰ
1821 5276 1909 5328 καὶ

2021 5280 2143 5334 dem
2188 5286 2528 5346 provectum,
2569 5288 2633 5328 ac
2694 5271 2884 5326 multis
2948 5268 3267 5330 insultibns,
3319 5262 3601 5331 variisque

322 5369 441 5441 τὴν
469 5372 684 5423 ἐκείνου
707 5371 969 5440 λαμπρὰν
989 5369 1344 5439 ἀνακήρυξιν.
1382 5365 1657 5419 Ὑπετίθει
1683 5365 1742 5418 δὲ
1767 5364 1909 5434 αὑτῷ

2024 5366 2479 5439 impressionibus
2503 5363 2817 5434 impetitum
2848 5360 2940 5426 iri,
2980 5367 3238 5414 caeterum
3290 5369 3401 5409 non
3434 5352 3600 5409 modo

322 5464 441 5515 καὶ
479 5464 550 5514 τὰ
594 5462 811 5528 δέοντα,
854 5461 1122 5514 διδάσκων
1148 5460 1227 5529 τῷ
1270 5459 1365 5511 τοῦ
1398 5457 1534 5511 Θεοῦ
1577 5456 1730 5527 φόϐῳ
1779 5473 1909 5510 oret-

2027 5461 2096 5516 iis
2115 5442 2464 5515 liberandum
2487 5470 2633 5521 esse,
2661 5453 2757 5508 sed
2793 5451 3139 5508 luculentum
3170 5461 3235 5502 ac
3263 5445 3478 5516 insigne
3501 5443 3595 5499 fu-

321 5550 622 5624 χειοῦσθαι
682 5552 1004 5616 διαπαντὸς,
1068 5551 1163 5604 καὶ
1214 5551 1292 5621 μὴ
1344 5552 1413 5619 τῇ
1468 5547 1667 5603 ἑαυτοῦ
1723 5548 1909 5618 γνώσει

2028 5560 2216 5607 turum
2253 5549 2380 5621 eius
2404 5544 2765 5619 praeconium.
2792 5542 2918 5600 ﬂox
2939 5548 3307 5597 consentanea
3349 5533 3601 5606 quaedam

408 5712 439 5742 ¹
482 5709 674 5766 Ilattlt.
720 5728 780 5779 x,
814 5714 905 5768 37.
983 5712 1003 5743 '
1035 5709 1169 5767 Luc.
1220 5725 1329 5777 xiv,
1364 5709 1452 5765 33.
