4080 6374
458 336 563 402 199

1637 326 1936 389 ΜΕΝὸὶδ
1967 322 2420 388 NOVEMBER.

3595 316 3707 382 2‘0

454 446 727 510 subdidit,
750 445 953 499 docens
982 448 1238 512 Oportere
1264 437 1490 494 omnino
1527 437 1681 492 illum
1710 438 1805 493 Dei
1831 438 2030 492 timore

2152 436 2434 507 ρυσᾶσθαι,
2468 434 2608 504 μήτε
2641 431 2749 504 μὴν
2780 432 3043 503 περιορᾷν
3082 431 3311 501 πένητα,
3344 430 3377 501 ἦ
3421 444 3565 492 τινος
3599 430 3708 482 τῶν

454 535 671 592 institui
713 531 1109 595 aeinlormari,
1151 544 1260 584 non
1315 528 1541 598 proprio
1588 543 1756 583 sensu
1796 527 2030 582 intume-

2134 527 2375 581 εὐτελῶν
2408 524 2863 593 κατεπαίρεσθαι,
2892 523 3030 577 ἀλλὰ
3061 524 3157 577 καὶ
3187 522 3247 575 τὸ
3282 521 3403 590 μεθ’
3426 521 3709 592 ὑπομονῆς

448 642 627 689 scere,
670 639 813 679 .non
872 630 1253 692 paupertatem
1324 620 1633 690 despicere,
1696 636 1809 674 non
1861 619 2028 674 vilem

2152 617 2385 687 ἱέχεσθαι
2431 617 2558 678 τοὺς
2603 615 2899 683 μέλλοντας
2940 613 3276 683 ὑπέρχεσθαι
3319 612 3659 683 πειρεσμούς
3685 627 3707 647 ο

452 717 1173 793 quemlibetautabjectum
1206 715 1539 786 deprimere,
1574 715 1671 771 sed
1702 716 2029 770 alllictiones

448 824 520 864 ac
554 808 771 862 futuras
801 805 1096 877 petitiones
1142 820 1301 874 aequo
1352 804 1539 859 animo
1596 804 1860 875 perferre.
1886 802 2031 856 Tali-

454 900 559 956 bus
595 900 819 955 monitis
848 899 1172 967 Gregorius,
1203 912 1314 952 non
1345 911 1506 951 secus
1559 912 1625 950 ac
1657 907 1804 951 terra
1832 894 2032 949 fertilis

455 993 701 1061 irrigata,
732 1006 795 1045 ac
848 991 1078 1061 pulchra
1133 990 1342 1045 semina
1395 990 1643 1060 jucunde
1696 988 2028 1059 suscipiens,

452 1084 747 1139 lecundam
774 1083 1006 1137 virtutis
1038 1082 1259 1137 aristam
1290 1082 1568 1151 producit.

525 1173 617 1229 lX.
659 1174 795 1230 Cum
828 1189 962 1229 vero
1008 1174 1354 1229 hebdomada
1399 1188 1505 1243 qua
1540 1172 1800 1227 Servatur
1850 1171 2032 1228 crucis

452 1265 726 1334 supplicio
774 1273 856 1318 est
900 1264 1152 1328 allectus,
1204 1262 1558 1327 advenisset,
1595 1263 1711 1333 ipsa
1758 1262 1899 1317 duce
1944 1277 2032 1318 res

457 1356 813 1411 admirandas
851 1357 1035 1426 peragi
1069 1354 1232 1420 vidit,
1274 1369 1471 1424 nempe
1500 1355 1756 1411 homines
1799 1354 1854 1408 in
1893 1355 2034 1410 cutio

452 1463 489 1501 a
524 1459 670 1502 terra
707 1447 863 1501 tolli:
920 1448 1059 1501 alios
1109 1446 1331 1517 quidem
1395 1447 1651 1501 instituto
1707 1460 1771 1501 ae
1821 1445 2031 1502 ratione

461 1540 679 1594 vivendi
711 1538 886 1594 nihilo
910 1538 1119 1609 angelis
1150 1538 1442 1593 inferiores
1466 1556 1478 1593 ;
1501 1538 1639 1593 alios
1673 1538 1802 1592 item
1836 1540 1892 1594 in
1910 1553 2039 1593 cor-

456 1645 594 1700 pore
629 1631 984 1695 exsislentcs,
1034 1630 1263 1700 perinde
1297 1645 1359 1684 ac
1394 1629 1515 1684 sine
1547 1644 1779 1698 corpore
1817 1637 2034 1695 essent,

459 1717 573 1772 cibi
605 1727 862 1788 expertes
919 1719 1140 1789 degere.
1190 1714 1396 1774 Fluxus
1447 1719 1584 1773 vidit
1634 1720 2033 1791 laerymarum,

2130 702 2210 769 οἷς
2239 709 2266 760 ό
2302 705 2605 777 Γρηγόριος
2628 703 2818 773 ὥσπερ
2844 721 2928 768 τις
2955 704 3189 775 εὔφορος
3218 705 3292 775 γῆ
3324 705 3446 758 λίαν
3474 704 3712 776 ἀρδόμε-

2132 812 2244 862 νος,
2280 796 2472 850 καὶτὸ.
2499 795 2643 850 καλὰ
2684 795 2793 848 τῶν
2832 796 3165 866 σπερμάτων
3201 797 3374 864 ἡδέως
3402 797 3713 866 δεχόμενος,

2132 888 2235 958 τῆς
2265 885 2468 958 ἀρετῆς
2497 885 2767 956 πολύχουν
2792 885 3165 958 ὲκαρποφόρει
3193 886 3285 942 τὸν
3308 887 3571 958 ἄσταχυν.

2206 1149 2284 1203 Θ’.
2314 1147 2428 1218 Τῆς
2463 1147 2520 1200 δὲ
2557 1146 2652 1201 τοῦ
2686 1148 2955 1220 σωτηρίου
2988 1148 3195 1213 πάθους
3223 1149 3525 1220 ἑϐδομάδος
3548 1168 3718 1205 κατα-

2134 1241 2430 1312 λαϐούσης,
2459 1242 2517 1294 ἐν
2606 1241 2759 1312 διῆγε
2796 1245 2930 1314 μονῇ
2965 1241 3108 1297 εἶδεν
3135 1244 3389 1316 ὑπερφυῆ
3410 1244 3716 1315 τελούμενα

2137 1334 2465 1404 πράγματα,
2508 1331 2650 1389 εἶδεν
2692 1334 3018 1404 ἀνθρώπους
3056 1335 3164 1388 ἀπὸ
3213 1338 3318 1406 γῆς
3358 1338 3439 1400 είς
3487 1338 3719 1406 οὐρανὸν

2137 1427 2484 1497 αἰρομένους,
2554 1426 2665 1481 εἶδε
2721 1426 3003 1482 πολιτείαν
3071 1427 3226 1483 οὐδὲν
3291 1429 3404 1482 τῶν
3469 1430 3719 1499 ἀγγέλων

2138 1520 2488 1585 ἀπεοικυῖαν,
2521 1518 2661 1575 εἶδεν
2695 1521 2909 1575 ἀσιτίαν
2932 1522 2990 1575 ἐν
3026 1519 3241 1593 σώματι
3270 1522 3379 1576 τῶν
3410 1524 3722 1590 ἀσωμάτων

2141 1612 2326 1683 σχεδὸν
2356 1612 2458 1664 οὐκ
2488 1613 2824 1684 ἀπέχουσαν,
2881 1611 3116 1684 ἑώρακε⁴
3145 1613 3399 1684 δακρύων
3446 1614 3721 1684 ῥεύματα,

2144 1703 2342 1774 μικροῦ
2365 1706 2476 1767 τοῖς
2507 1705 2750 1775 ῥείθροις
2779 1706 2887 1757 τῶν
2916 1702 3113 1773 πηγῶν
3137 1705 3539 1775 παρισούμενα.
3570 1706 3725 1776 Θάμι

458 1806 699 1862 fontium
734 1810 847 1863 fere
877 1807 1103 1863 ﬂumina
1126 1817 1473 1879 superantes.
1502 1808 1681 1878 Atque
1709 1808 1782 1863 ita
1811 1820 2039 1879 stupore

2152 1792 2229 1846 ΰει
2263 1794 2396 1863 γοῦν
2429 1795 2717 1866 συσχεθεὶς
2743 1796 2939 1850 έαυτὲιν
2973 1795 3321 1861 ἀπεκλαίετο,
3353 1800 3448 1851 καὶ
3490 1797 3590 1868 τὴν
3616 1801 3724 1867 ψυι

463 1896 743 1964 detentus,
782 1900 899 1968 ipse
929 1914 988 1955 se
1025 1899 1368 1969 deplorabat,
1404 1907 1463 1955 et
1506 1900 1689 1954 animo
1740 1900 2040 1955 vehemen-

461 1996 552 2039 ter
585 1986 906 2055 angehatur.
944 1989 1042 2043 Hei
1089 1986 1261 2053 mihi,
1287 1989 1564 2059 inquiens,
1589 1989 1714 2058 quis
1740 2004 1862 2043 sum
1895 2005 1994 2061 ego
2021 1997 2044 2050 ‘r

461 2076 710 2142 Quonam
730 2095 830 2147 ego
858 2089 1020 2151 pacto
1043 2095 1167 2135 eum
1190 2081 1277 2136 his
1305 2081 1442 2136 viris
1472 2080 1569 2134 Dei
1592 2080 1800 2149 judicio
1820 2079 2043 2135 sistam?

462 2167 678 2227 Rursus
730 2173 925 2229 nolens
975 2173 1380 2243 desperationis
1441 2172 1714 2242 profundo
1766 2173 2041 2244 demergi:

465 2261 522 2316 Si
557 2261 843 2327 Dominus,
876 2263 1083 2328 aiebat,
1119 2279 1290 2333 prope
1316 2263 1472 2317 adest
1494 2262 1563 2317 iis
1612 2262 1707 2331 qui
1766 2263 2075 2335 confracta.

465 2358 595 2404 sunt
627 2351 815 2415 corde,
846 2359 907 2405 et
936 2366 1054 2418 eos,
1083 2353 1177 2420 qui
1215 2352 1428 2422 dejeeto
1465 2360 1596 2405 sunt
1625 2351 1833 2416 animo,
1868 2353 2046 2411 salvos

462 2434 625 2505 facit;
658 2449 839 2510 potest
875 2442 1064 2496 itidem
1100 2443 1245 2496 Deus
1288 2457 1376 2496 me
1427 2456 1650 2497 servare
1719 2456 1786 2497 ac
1832 2458 2048 2500 merce-

466 2529 617 2594 dem,
650 2545 760 2583 non
786 2530 950 2584 aliter
983 2540 1148 2600 atque
1175 2532 1265 2596 iis,
1288 2531 1382 2602 qui
1417 2531 1709 2587 undecima
1740 2532 1876 2589 hora
1909 2551 2046 2590 con-

468 2621 622 2675 ducti
678 2620 888 2684 sunt",
928 2622 1022 2690 qui
1075 2623 1301 2677 omnino
1349 2624 1482 2678 nihil
1539 2627 1723 2696 operis
1779 2635 2045 2698 egerunt,

469 2710 782 2781 impertire.
817 2712 977 2765 Hunc
1026 2712 1195 2782 igitur
1238 2727 1365 2767 cum
1397 2713 1565 2768 etiam
1599 2717 1920 2782 monachus,
1952 2717 2048 2787 qui

469 2802 623 2857 hunc
661 2803 842 2873 ipsum
882 2804 1015 2857 illuc
1049 2802 1380 2871 adduxerat,
1417 2805 1498 2860 sic
1536 2806 1780 2877 graviter
1814 2808 1936 2879 angi
1968 2816 2050 2862 at-

467 2908 579 2965 que
617 2895 819 2950 tristari
855 2906 1170 2963 cernentes,
1200 2898 1604 2967 separationem
1657 2916 1689 2954 a
1742 2900 1910 2956 rebus
1947 2900 2047 2956 do-

470 2986 736 3052 mesticis,
762 2986 975 3042 doloris
1018 3002 1140 3042 eam
1169 2988 1407 3058 ingentis
1447 3005 1665 3045 causam
1698 2992 1775 3047 illi
1807 2993 2050 3063 praebere

468 3075 735 3144 suSpicati
781 3086 931 3131 sunt.
978 3076 1167 3147 Itaque
1222 3079 1608 3135 consolatoriis
1658 3081 1809 3135 illum
1862 3083 2048 3138 verbis
2081 3125 2122 3156 η

467 3166 553 3221 sic
579 3168 971 3236 alloquuntur:
1002 3169 1083 3223 Ne
1107 3169 1352 3237 tristere,
1389 3171 1661 3238 dicentes,
1700 3173 2054 3239 liti;conliili-
2076 3160 2124 3185 υ

474 3273 599 3313 mus
630 3259 777 3313 enim
808 3259 946 3325 Deo,
978 3275 1087 3315 non
1124 3260 1300 3316 multo
1331 3271 1459 3332 post
1482 3262 1819 3321 domesticos
1860 3275 1914 3322 te
1965 3269 2051 3322 in-

474 3349 748 3414 visurum,
779 3351 1021 3420 satisque
1050 3361 1179 3406 voto
1213 3350 1492 3406 facturum
1532 3368 1676 3409 esse.
1710 3355 1883 3421 Quam
1922 3373 2050 3427 pro-

475 3437 567 3492 cul
618 3438 754 3493 mihi
791 3439 1078 3505 videmini,
1118 3439 1310 3496 Patres
1340 3441 1493 3509 (illis
1523 3441 1768 3513 inquit),
1792 3460 1823 3499 a
1873 3447 2057 3502 consi-

475 3527 568 3583 liis
588 3530 725 3585 meis
761 3530 1245 3601 aherrare.Neque
1264 3533 1411 3587 enim
1441 3533 1508 3588 iis
1534 3534 1602 3589 de
1632 3538 1813 3591 causis
1844 3537 2056 3607 afﬂigar

483 3623 694 3688 animo,
723 3638 925 3693 nempe
970 3638 1084 3679 non
1120 3624 1287 3680 licere
1319 3625 1455 3680 mihi
1487 3642 1597 3681 non
1632 3640 1913 3698 parentes,
1942 3646 2054 3686 non

476 3712 691 3779 afﬁnes,
728 3730 837 3768 non
868 3714 1112 3786 denique
1144 3716 1384 3785 patrium
1439 3717 1619 3772 solum
1677 3718 1905 3786 intueri,
1966 3732 2055 3777 est

477 3806 629 3860 enim
662 3804 798 3860 mihi
825 3805 997 3860 instar
1032 3807 1226 3861 horum
1256 3808 1529 3873 omnium,
1561 3817 1727 3878 atque
1753 3810 1894 3867 adeo
1928 3813 2053 3881 plu-

484 3896 564 3954 ris
596 3896 812 3953 cteteris
833 3897 1109 3963 omnibus,
1140 3898 1336 3954 oculus
1357 3899 1455 3954 Dei
1477 3899 1535 3954 in
1563 3915 1726 3970 quem
1760 3903 2055 3973 aspiciens,

475 3998 534 4045 et
564 3989 633 4044 ab
665 3989 783 4059 ipso
811 3989 1119 4060 inspectus,
1157 3990 1370 4046 tristem
1398 4007 1464 4046 ac
1495 3991 1759 4048 amictum
1796 3996 2057 4053 consolor

478 4080 747 4145 animum,
782 4082 879 4136 sed
922 4081 1061 4136 nihil
1095 4082 1166 4138 de
1205 4082 1353 4139 illius
1397 4085 1672 4141 sententia
1701 4085 1877 4154 egisse
1928 4103 2061 4144 con-

478 4171 656 4227 scium
687 4187 830 4239 esse,
865 4171 971 4228 hoc
1004 4169 1162 4240 mihi,
1202 4174 1371 4246 idque
1406 4182 1607 4243 totum,
1643 4178 1900 4234 mceroris
1931 4194 2057 4234 cau-

481 4276 597 4318 sam
629 4262 812 4319 aﬁert.
842 4264 981 4318 Nam
1020 4266 1170 4334 quod
1212 4265 1281 4320 ab
1307 4266 1578 4322 humanis
1599 4269 1922 4338 parentibus
1957 4269 2060 4325 ab-

480 4355 586 4407 sim
616 4354 849 4423 (parum
876 4354 1064 4411 dicere
1095 4362 1355 4425 vereor),
1388 4358 1475 4413 his
1508 4358 1575 4413 ad
1612 4361 2060 4429 consequendum

2141 1886 2240 1954 χὴν
2274 1884 2639 1957 συνετρίϐετο,
2698 1885 2883 1955 Οἵμοι,
2924 1887 3117 1956 λέγων,
3142 1886 3227 1949 τίς
3261 1886 3542 1955 γένωμαις
3600 1882 3721 1947 πῶς

2143 1977 2283 2047 μετὰ
2312 1978 2520 2031 τούτων
2546 1976 2657 2031 τῶν
2682 1978 2893 2048 ἀνδρῶν
2919 1979 2976 2030 ὲν
3028 1977 3213 2048 ἡμέρᾳ
3260 1980 3498 2047 κρίσεως
3539 1994 3726 2049 παρα-

2145 2069 2436 2139 στήσομαι;
2459 2068 2626 2132 Αὖθις
2653 2068 2710 2121 δὲ
2737 2070 2812 2138 μὴ
2839 2068 3010 2121 θέλων
3031 2070 3223 2122 ἑαυτὸν
3240 2069 3316 2138 τῷ
3347 2071 3441 2139 τῆς
3471 2070 3730 2138 άπογνὼ-

2146 2177 2283 2224 σεως
2317 2161 2607 2230 ἐπαφεῖναι
2637 2160 2807 2231 βυθῷ,
2844 2160 3186 2231 μεταϐαλὼν,
3252 2162 3449 2228 Ἐγγύς
3498 2154 3725 2232 Κύριος,

2146 2253 2330 2320 ἔλεγε,
2365 2255 2481 2317 τοῖς
2515 2253 3008 2322 συντετριμμένοις
3063 2254 3129 2322 τῇ
3179 2251 3402 2322 καρδίᾳ,
3441 2252 3537 2305 καὶ
3596 2251 3727 2314 τοὺς

2149 2345 2450 2407 ταπεινοὺς
2480 2344 2560 2414 τῷ
2585 2343 2864 2414 πνεύματι
2892 2342 3077 2398 σώσει.
3101 2343 3338 2405 Δυνατός
3361 2345 3510 2396 ἐστιν
3531 2344 3560 2395 ὀ
3590 2343 3677 2395 Θε’
3696 2360 3725 2406 ς

2149 2436 2320 2488 σῶσαι
2358 2434 2503 2506 κάμὲ
2558 2435 2652 2487 καὶ
2702 2433 2887 2487 δοῦναι
2945 2432 3137 2503 μισθὸν
3170 2432 3246 2495 ὡς
3296 2433 3408 2495 τοῖς
3446 2434 3576 2503 περὶ
3626 2430 3730 2501 τὴν

2147 2526 2442 2595 ἑνδεκάτην
2478 2525 2629 2595 ὥραν
2678 2526 2832 2579 οὐδὲν
2899 2523 3036 2587 ὃλως
3078 2523 3497 2593 ἐργασαμένοις.
3538 2521 3726 2584 Οὕτως

2147 2617 2240 2671 οὖν
2272 2617 2511 2687 ὁρῶντες
2544 2616 2706 2671 αὐτὸν
2738 2617 2958 2686 κατηφῆ
2991 2615 3084 2668 καὶ
3134 2614 3436 2684 περίλυπον
3464 2614 3493 2666 ὅ
3513 2630 3573 2666 τε
3623 2607 3726 2684 τῆς

2148 2709 2386 2779 ποίμνης
2435 2706 2639 2775 ταύτης
2694 2706 2901 2776 ποιμὴν
2949 2705 2978 2758 ό
3040 2721 3100 2757 τε
3154 2704 3262 2774 μὴν
3301 2700 3526 2772 ἀγαγὼν
3565 2703 3732 2756 αὐτὸν

2148 2804 2266 2855 ἐκεῖ
2297 2799 2550 2870 μοναχδς,
2575 2800 2676 2870 τὴν
2696 2797 2994 2867 ἀπόλειψιν
3012 2797 3124 2850 τῶν
3144 2797 3361 2848 οἰκείων
3379 2794 3560 2848 αἰτίαν
3586 2789 3731 2848 εἶναι

2149 2894 2244 2948 καὶ
2278 2897 2376 2964 τῆς
2432 2893 2610 2964 λύπης
2676 2890 3023 2964 ὑπώπτευονέ
3085 2888 3182 2951 Ὠς
3212 2888 3270 2942 δὲ
3314 2888 3379 2959 δὴ
3410 2890 3504 2941 καὶ
3540 2888 3734 2956 λόγους

2151 2955 2428 3054 προσῆγον
2454 2955 2603 3053 αὐτῷ
2633 2955 3064 3052 παρακ).ήσειᾶ,
3106 2979 3198 3050 Μὴ
3224 2955 3416 3044 λυποῦ,
3449 2955 3726 3048 λέγοντες,

2155 3075 2343 3126 τέκνον
2370 3088 2385 3103 ο
2417 3071 2747 3142 πιστεύομεν
2777 3071 2885 3142 γὰρ
2919 3071 2996 3140 τῷ
3028 3069 3148 3140 Θεῷ
3182 3071 3256 3131 ὡς
3312 3070 3371 3121 ού
3410 3068 3548 3138 μετὰ
3597 3070 3736 3123 πολὺ

2155 3163 2282 3228 τούς
2317 3180 2374 3217 τε
2399 3164 2639 3227 οἰκείους
2696 3162 2977 3233 ἀπολήψῃ,
3030 3162 3126 3214 καὶ
3186 3160 3578 3232 παραμυθήσει
3642 3160 3738 3214 τὸν

2153 3255 2354 3328 ἔρωτα.
2399 3255 2540 3308 Ἀλλ’
2578 3257 2736 3326 ὑμεῖς
2765 3271 2851 3323 γε,
2899 3252 3054 3307 εἶπεν
3100 3254 3329 3320 ἐκεῖνος,
3363 3246 3409 3306 ὧ
3459 3253 3729 3323 Πατέρες,

2156 3348 2251 3399 καὶ
2281 3347 2424 3399 πάνυ
2459 3363 2553 3416 μοι
2586 3346 2794 3400 δοκεῖτε
2821 3347 2921 3416 τῆς
2944 3345 3085 3415 ἐμῆς
3117 3340 3346 3414 γνώμης
3374 3345 3469 3397 καὶ
3492 3343 3740 3406 διανοίας

2156 3440 2346 3511 πόρρω
2367 3438 2630 3508 βαδίζειν.
2665 3439 2800 3492 Οὐδὲ
2843 3438 2955 3506 γὰρ
3011 3436 3099 3489 διὰ
3150 3436 3326 3489 ταῦτα
3361 3435 3574 3506 βαρέως
3626 3435 3740 3503 ἐγὼ

2157 3534 2332 3603 φέρω,
2357 3533 2438 3585 ὅτι
2468 3548 2561 3601 μοι
2588 3531 2664 3601 μὴ
2701 3530 2830 3592 τοὺς
2859 3530 3121 3593 τεκόντας
3152 3528 3290 3599 μηδὲ
3322 3529 3385 3581 τὸ
3415 3529 3514 3598 τῆς
3541 3528 3740 3597 πατρί-

2155 3625 2244 3688 δος
2272 3624 2467 3693 ἔδαφος
2492 3621 2672 3689 ἔξεστι
2701 3620 2944 3692 βλέπειν’
2978 3620 3096 3673 ἔστι
3152 3620 3261 3690 γάρ
3303 3635 3394 3689 μοι
3434 3618 3541 3689 πρὸ
3596 3620 3739 3672 πάν-

2155 3733 2286 3781 των,
2320 3715 2524 3785 μᾶλλον
2558 3713 2615 3766 δὲ
2664 3714 2786 3768 ἀντὶ
2838 3712 3057 3765 πάντων
3107 3709 3336 3777 τούτων,
3386 3711 3414 3764 ό
3463 3708 3559 3762 τοῦ
3599 3708 3740 3762 Θεοῦ

2159 3807 2458 3876 ὀφθαλμὸς,
2494 3804 2633 3873 πρὸς
2661 3805 2722 3857 δν
2756 3802 2870 3871 ὲγῶ
2901 3802 3137 3873 βλέπων,
3171 3803 3268 3855 καὶ⁵
3301 3801 3404 3870 ὑφ’
3457 3795 3518 3853 οὗ
3573 3803 3740 3853 πάλιν

2162 3895 2521 3967 βλεπόμενος,
2556 3893 2656 3964 τὴν
2689 3891 3016 3962 ὀδυνωμένῳ
3048 3907 3140 3960 μοι
3170 3886 3609 3960 παραμυθοῦμαι
3636 3887 3743 3957 ψυ-

2160 3988 2284 4059 χήν.
2337 3983 2475 4039 Ἀλλ’
2506 3983 2687 4037 ἐκεῖνό
2719 3983 2924 4054 μοικαὶ
2953 3982 3118 4052 μόνον
3146 3981 3248 4050 τῆς
3305 3979 3485 4049 λύπης
3536 3978 3740 4042 αἴτιον,

2160 4081 2246 4134 ὅτι
2272 4078 2440 4150 μηδὲν
2469 4077 2712 4147 ἐμαυτὸν
2745 4073 2962 4128 σύνοιδα
2990 4073 3133 4127 κατὰ
3164 4073 3225 4125 τδ
3254 4069 3470 4124 ἐκείνου
3524 4068 3740 4139 Θέλημα

2161 4170 2389 4242 δράσας,
2423 4168 2549 4221 ἐπεὶ
2578 4167 2663 4220 τοί
2697 4183 2760 4234 γε
2783 4166 2866 4220 δτι
2903 4166 3054 4235 τόπῳ
3076 4163 3186 4216 τῶν
3206 4162 3349 4216 κατὰ
3401 4161 3580 4231 σάρκα
3617 4176 3744 4228 γεν-

2163 4261 2409 4331 νητόρων
2434 4258 2768 4329 διείργομαι,
2808 4253 3005 4324 μικροῦ
3041 4254 3145 4306 δέω
3176 4253 3355 4319 λέγειν
3389 4250 3471 4302 ὅτι
3499 4249 3593 4302 καὶ
3618 4248 3742 4318 ἦδο-

2169 4369 2267 4425 μαι
2303 4349 2524 4421 μᾶλλον,
2564 4346 2707 4402 οὕτω
2738 4343 3131 4414 πεπλουτηκὼς
3156 4342 3232 4405 ὡς
3264 4341 3355 4394 τὸν
3387 4340 3524 4394 Θεὸν
3579 4341 3742 4408 μόνον

485 4450 694 4513 patrem
721 4440 891 4496 Deum
937 4444 1149 4501 divitiis
1177 4447 1511 4515 cumulatus,
1546 4450 1719 4519 magis
1759 4451 1923 4505 etiam
1969 4452 2052 4507 lie-

2164 4446 2465 4516 εὐτυχῆσαι
2491 4440 2728 4510 πατέρα.
2767 4437 2910 4493 Ἀλλ’
2943 4436 3201 4506 εὒχεσθαι
3227 4434 3386 4505 μόνον
3417 4434 3613 4503 δέομαι
3643 4432 3744 4501 τῆς

486 4539 593 4584 tor.
623 4530 974 4586 Verumenim
1009 4548 1238 4589 necesse
1302 4535 1503 4602 habeo,
1540 4547 1602 4593 ut
1631 4554 1730 4595 vos
1760 4541 1920 4611 (quae
1962 4558 2061 4599 ve-

484 4628 598 4676 stra
637 4629 723 4675 est
763 4623 1065 4693 sanctitas)
1101 4639 1203 4692 pro
1234 4624 1606 4682 imbecillitate
1646 4643 1710 4682 ae
1755 4629 2064 4688 humilitate

487 4726 608 4767 mea
630 4713 820 4793 oretis.
856 4712 981 4769 Haec
1003 4715 1301 4787 Gregorius
1321 4732 1444 4771 eum
1468 4734 1534 4773 ex
1555 4718 1738 4775 animo
1763 4720 2065 4793 intimaque

486 4788 826 4860 conscientia
861 4804 1108 4873 dixisset,
1141 4823 1254 4863 non
1300 4824 1425 4864 eum
1460 4810 1697 4881 amplius
1741 4812 1821 4869 illi
1859 4829 2060 4870 conso-

483 4892 584 4948 lari
620 4903 748 4950 sunt
796 4898 1061 4968 aggressi,
1117 4900 1339 4969 quando
1400 4900 1519 4971 ipse
1568 4902 1787 4961 abunde
1838 4906 2060 4977 quidem

485 4983 624 5040 alios
652 4989 925 5043 consolari
957 5004 1117 5059 posse
1151 4991 1457 5048 videretur.

559 5074 628 5131 Χ.
664 5076 800 5132 Cum
826 5095 957 5134 vero
993 5081 1112 5136 dies
1139 5082 1231 5137 illa
1263 5084 1481 5140 dierum
1516 5088 1762 5143 omnium
1802 5104 1870 5147 ac
1910 5091 2058 5146 cele-

489 5168 753 5225 britatum
804 5170 964 5229 facile
1015 5175 1290 5247 princeps,
1331 5193 1439 5247 qua
1481 5178 1735 5235 Christus
1766 5181 1837 5235 ab
1872 5181 2060 5239 inferis

489 5261 785 5326 excitatus,
823 5261 1066 5320 humano
1106 5267 1292 5335 generi
1325 5267 1493 5323 vitam
1519 5268 1692 5334 dedit,
1725 5270 2059 5338 advenisset,

489 5352 779 5408 confestim
814 5370 1006 5410 oumes
1046 5372 1154 5411 una
1183 5373 1308 5412 cum
1354 5359 1587 5429 praeside
1616 5362 1895 5430 monachi,
1928 5362 2064 5418 Gre-

490 5445 644 5513 gorio
701 5446 853 5513 item,
915 5463 980 5505 ac
1031 5449 1210 5504 tribus
1255 5450 1366 5506 illis
1438 5451 1575 5506 viris
1629 5453 1944 5521 comitibus,
2007 5457 2063 5513 in

494 5544 739 5592 sanetam
772 5538 1049 5596 civitatem
1101 5542 1491 5599 ascenderunt.
1527 5543 1702 5600 Porro
1741 5560 1867 5602 cum
1907 5547 2062 5603 illum

574 5715 595 5747 ⁸
621 5718 763 5774 Psal.
797 5735 957 5786 xxxv,
996 5722 1087 5779 ll.
1164 5723 1184 5755 ⁸
1219 5720 1409 5778 Matth.
1446 5738 1538 5792 xx,
1576 5723 1666 5783 l9.

2165 4538 2321 4609 ὑμῶν
2351 4534 2636 4603 ἁγιότητος
2669 4531 2811 4598 ὑπὲρ
2839 4532 2939 4598 τῆς
2975 4528 3118 4598 ἐμῆς
3175 4524 3465 4586 ἀσθενείας
3501 4524 3594 4576 καὶ
3644 4537 3743 4592 μεν

2164 4632 2473 4703 τριότητος.
2503 4626 2692 4687 Οὕτως
2720 4623 2972 4683 εἰπόντος
3005 4618 3104 4673 τοῦ
3127 4618 3166 4671 Γ
3171 4616 3434 4689 ρηγορίου
3458 4616 3595 4684 μετὰ
3615 4614 3741 4667 πο).-

2164 4722 2265 4792 λῆς
2291 4721 2390 4788 τῆς
2419 4716 2561 4771 κατὰ
2594 4713 2811 4783 πνεῦμα
2840 4710 3138 4774 συνέσεως,
3192 4708 3293 4761 οἰκ
3345 4705 3427 4758 ἔτι
3481 4703 3746 4772 προσέθεν-

2168 4831 2270 4868 σαν
2298 4812 2453 4866 αὐτοὶ
2481 4811 2790 4877 παραινεῖν,
2824 4805 2904 4876 τῷ
2934 4804 3029 4858 καὶ
3059 4803 3245 4863 ἄλλοις
3273 4798 3565 4868 παραινεῖν
3611 4795 3742 4863 μᾶλα

2165 4908 2257 4963 λον
2286 4904 2489 4968 ἱκανῶς
2512 4903 2712 4973 ἔχοντι.

2237 5087 2295 5141 ι’.
2333 5085 2448 5154 Τῆς
2472 5082 2530 5137 δὲ
2564 5080 2763 5152 κυρίας
2793 5079 2886 5134 καὶ
2916 5075 3143 5149 πρώτης
3177 5066 3595 5136 καταλαϐούσης
3636 5064 3743 5118 τῶν

2164 5179 2393 5252 ἡμερῶν
2424 5178 2544 5248 ἅμα
2571 5177 2670 5229 καὶ
2693 5171 2920 5243 ἑορτῶν,
2945 5171 2980 5240 η
3005 5166 3289 5239 ζωηφόρος
3313 5162 3456 5232 αὕτη
3481 5162 3580 5230 τῆς
3611 5158 3758 5252 Χρει-

2171 5249 2300 5327 στοῦ
2331 5269 2704 5329 ἀναστάσεως,
2729 5265 2893 5326 εὐθὺς
2935 5260 2990 5314 of
3018 5277 3078 5312 τε
3135 5255 3360 5328 μοναχοὶ
3393 5252 3593 5312 πάντες
3648 5249 3753 5301 σὺν

2171 5365 2286 5432 ἃμα
2311 5362 2388 5432 τῷ
2415 5358 2720 5429 προεστῶτι
2744 5356 2782 5408 Γ
2789 5353 3032 5425 ρηγορίῳ
3053 5368 3114 5403 τε
3143 5351 3240 5403 καὶ
3261 5349 3376 5408 τοῖς
3402 5344 3582 5415 τρισὶν
3602 5340 3754 5393 ἑκεί-

2172 5473 2283 5518 νοις
2307 5453 2588 5523 ἀνδράσιν,
2623 5452 2703 5513 είς
2732 5447 2832 5519 τὴν
2858 5446 3021 5515 ἁγίαν
3055 5443 3356 5513 ἀνήρχοντο
3382 5436 3558 5490 πόλιν.
3596 5433 3754 5485 Ἐπεὶ

2172 5548 2230 5603 δὲ
2264 5546 2359 5602 καὶ
2378 5550 2459 5611 εἰς
2489 5545 2589 5614 τὴν
2618 5541 2783 5611 ἁγίαν
2816 5538 3067 5610 εἰσῆλθον
3102 5536 3420 5599 ἀνάστασιν,
3478 5527 3577 5582 καὶ
3615 5525 3752 5589 τοὺς
