  <div class='ocr_page' id='page_1' title='image "/cluster/home/n/w/nwhite01/storage/ocr_20150623/116/hvd.32044073502221/106.png"; bbox 0 0 4072 6390; ppageno 0'>
   <div class='ocr_carea' id='block_1_1' title="bbox 295 337 408 404">
    <p class='ocr_par' dir='ltr' id='par_1_1' title="bbox 295 337 408 404">
     <span class='ocr_line' id='line_1_1' title="bbox 295 337 408 404; baseline 0.009 -1"><span class='ocrx_word' id='word_1_1' title='bbox 295 337 408 404; x_wconf 75' lang='grc' dir='ltr'><strong>εοι</strong></span> 
     </span>
    </p>
   </div>
   <div class='ocr_carea' id='block_1_2' title="bbox 1258 317 2565 395">
    <p class='ocr_par' dir='ltr' id='par_1_2' title="bbox 1258 317 2565 395">
     <span class='ocr_line' id='line_1_2' title="bbox 1258 317 2565 395; baseline 0.007 -9"><span class='ocrx_word' id='word_1_2' title='bbox 1258 327 1440 392; x_wconf 73' lang='lat' dir='ltr'><strong>VITA</strong></span> <span class='ocrx_word' id='word_1_3' title='bbox 1479 324 1546 386; x_wconf 70' lang='lat' dir='ltr'><strong>&#39;s.</strong></span> <span class='ocrx_word' id='word_1_4' title='bbox 1597 317 1982 384; x_wconf 82' lang='lat' dir='ltr'><strong>GREGORII</strong></span> <span class='ocrx_word' id='word_1_5' title='bbox 2023 319 2565 395; x_wconf 82' lang='lat' dir='ltr'><strong>AGRIGENTINI.</strong></span> 
     </span>
    </p>
   </div>
   <div class='ocr_carea' id='block_1_3' title="bbox 3446 323 3555 388">
    <p class='ocr_par' dir='ltr' id='par_1_3' title="bbox 3446 323 3555 388">
     <span class='ocr_line' id='line_1_3' title="bbox 3446 323 3555 388; baseline 0.018 -2"><span class='ocrx_word' id='word_1_6' title='bbox 3446 323 3555 388; x_wconf 74' lang='lat'><strong>202</strong></span> 
     </span>
    </p>
   </div>
   <div class='ocr_carea' id='block_1_4' title="bbox 295 432 1889 514">
    <p class='ocr_par' dir='ltr' id='par_1_4' title="bbox 295 433 1881 514">
     <span class='ocr_line' id='line_1_4' title="bbox 295 433 1881 514; baseline -0.011 -12"><span class='ocrx_word' id='word_1_7' title='bbox 295 449 502 509; x_wconf 70' lang='grc' dir='ltr'><strong>ἄλλους</strong></span> <span class='ocrx_word' id='word_1_8' title='bbox 523 442 632 497; x_wconf 81' lang='grc' dir='ltr'><strong>τῶν</strong></span> <span class='ocrx_word' id='word_1_9' title='bbox 654 441 820 514; x_wconf 75' lang='grc' dir='ltr'><strong>ἱερῶν</strong></span> <span class='ocrx_word' id='word_1_10' title='bbox 852 438 1148 512; x_wconf 78' lang='grc' dir='ltr'>περιῆλθον</span> <span class='ocrx_word' id='word_1_11' title='bbox 1183 437 1384 500; x_wconf 87' lang='grc' dir='ltr'><strong>τόπους</strong></span> <span class='ocrx_word' id='word_1_12' title='bbox 1417 437 1511 490; x_wconf 73' lang='grc' dir='ltr'><strong>καὶ</strong></span> <span class='ocrx_word' id='word_1_13' title='bbox 1535 433 1881 504; x_wconf 74' lang='grc' dir='ltr'><strong>προσεκύνη-</strong></span> 
     </span>
    </p>
   </div>
   <div class='ocr_carea' id='block_1_5' title="bbox 1990 432 3541 514">
    <p class='ocr_par' dir='ltr' id='par_1_5' title="bbox 1990 432 3541 503">
     <span class='ocr_line' id='line_1_5' title="bbox 1990 432 3541 503; baseline 0.006 -16"><span class='ocrx_word' id='word_1_14' title='bbox 1990 432 2186 502; x_wconf 91' lang='lat' dir='ltr'><strong>locum,</strong></span> <span class='ocrx_word' id='word_1_15' title='bbox 2219 437 2310 492; x_wconf 91' lang='lat' dir='ltr'><strong>ubi</strong></span> <span class='ocrx_word' id='word_1_16' title='bbox 2335 437 2587 497; x_wconf 75' lang='lat' dir='ltr'><strong>Christus</strong></span> <span class='ocrx_word' id='word_1_17' title='bbox 2615 455 2644 496; x_wconf 87' lang='lat' dir='ltr'><strong>a</strong></span> <span class='ocrx_word' id='word_1_18' title='bbox 2672 449 2847 497; x_wconf 84' lang='lat' dir='ltr'><strong>morte</strong></span> <span class='ocrx_word' id='word_1_19' title='bbox 2873 438 3174 496; x_wconf 75' lang='lat' dir='ltr'><strong>suscitatus</strong></span> <span class='ocrx_word' id='word_1_20' title='bbox 3199 445 3305 503; x_wconf 89' lang='lat' dir='ltr'><strong>est,</strong></span> <span class='ocrx_word' id='word_1_21' title='bbox 3333 435 3541 496; x_wconf 73' lang='lat' dir='ltr'><strong>introis-</strong></span> 
     </span>
    </p>
   </div>
   <div class='ocr_carea' id='block_1_6' title="bbox 296 525 1878 606">
    <p class='ocr_par' dir='ltr' id='par_1_6' title="bbox 296 525 1878 606">
     <span class='ocr_line' id='line_1_6' title="bbox 296 525 1878 606; baseline -0.017 -11"><span class='ocrx_word' id='word_1_22' title='bbox 296 538 426 603; x_wconf 75' lang='grc' dir='ltr'><strong>σαν,</strong></span> <span class='ocrx_word' id='word_1_23' title='bbox 476 535 848 606; x_wconf 69' lang='grc' dir='ltr'><strong>ἠγαλλιάσατο</strong></span> <span class='ocrx_word' id='word_1_24' title='bbox 899 532 1000 602; x_wconf 79' lang='grc' dir='ltr'><strong>τὴν</strong></span> <span class='ocrx_word' id='word_1_25' title='bbox 1051 529 1232 600; x_wconf 77' lang='grc' dir='ltr'><strong>ψυχὴν</strong></span> <span class='ocrx_word' id='word_1_26' title='bbox 1275 532 1302 582; x_wconf 99' lang='lat'><strong>6</strong></span> <span class='ocrx_word' id='word_1_27' title='bbox 1363 528 1504 590; x_wconf 79' lang='grc' dir='ltr'><strong>θεῖος</strong></span> <span class='ocrx_word' id='word_1_28' title='bbox 1555 525 1878 597; x_wconf 71' lang='grc' dir='ltr'><strong>Γρηγόριος,</strong></span> 
     </span>
    </p>
   </div>
   <div class='ocr_carea' id='block_1_7' title="bbox 296 617 1882 700">
    <p class='ocr_par' dir='ltr' id='par_1_7' title="bbox 296 617 1882 700">
     <span class='ocr_line' id='line_1_7' title="bbox 296 617 1882 700; baseline -0.01 -16"><span class='ocrx_word' id='word_1_29' title='bbox 296 632 521 700; x_wconf 70' lang='grc' dir='ltr'><strong>πλήρης</strong></span> <span class='ocrx_word' id='word_1_30' title='bbox 547 645 607 680; x_wconf 89' lang='grc' dir='ltr'><strong>τε</strong></span> <span class='ocrx_word' id='word_1_31' title='bbox 635 626 919 694; x_wconf 80' lang='grc' dir='ltr'><strong>θαύματος</strong></span> <span class='ocrx_word' id='word_1_32' title='bbox 946 624 1184 693; x_wconf 75' lang='grc' dir='ltr'><strong>κατέστη</strong></span> <span class='ocrx_word' id='word_1_33' title='bbox 1219 622 1314 675; x_wconf 71' lang='grc' dir='ltr'><strong>καὶ</strong></span> <span class='ocrx_word' id='word_1_34' title='bbox 1355 619 1552 690; x_wconf 77' lang='grc' dir='ltr'><strong>ἡδονῆς</strong></span> <span class='ocrx_word' id='word_1_35' title='bbox 1609 617 1709 687; x_wconf 83' lang='grc' dir='ltr'><strong>τὴν</strong></span> <span class='ocrx_word' id='word_1_36' title='bbox 1753 617 1882 684; x_wconf 70' lang='grc' dir='ltr'><strong>περὶ</strong></span> 
     </span>
    </p>
   </div>
   <div class='ocr_carea' id='block_1_8' title="bbox 296 707 1883 791">
    <p class='ocr_par' dir='ltr' id='par_1_8' title="bbox 296 707 1883 791">
     <span class='ocr_line' id='line_1_8' title="bbox 296 707 1883 791; baseline -0.011 -14"><span class='ocrx_word' id='word_1_37' title='bbox 296 725 427 786; x_wconf 82' lang='grc' dir='ltr'><strong>τοὺς</strong></span> <span class='ocrx_word' id='word_1_38' title='bbox 460 723 667 791; x_wconf 78' lang='grc' dir='ltr'><strong>ὕμνους</strong></span> <span class='ocrx_word' id='word_1_39' title='bbox 696 719 792 772; x_wconf 78' lang='grc' dir='ltr'><strong>καὶ</strong></span> <span class='ocrx_word' id='word_1_40' title='bbox 829 718 927 780; x_wconf 74' lang='grc' dir='ltr'><strong>τὰς</strong></span> <span class='ocrx_word' id='word_1_41' title='bbox 971 715 1120 778; x_wconf 84' lang='grc' dir='ltr'><strong>θείας</strong></span> <span class='ocrx_word' id='word_1_42' title='bbox 1147 713 1290 784; x_wconf 78' lang='grc' dir='ltr'><strong>ᾠδὰς</strong></span> <span class='ocrx_word' id='word_1_43' title='bbox 1326 711 1436 764; x_wconf 82' lang='grc' dir='ltr'><strong>τῶν</strong></span> <span class='ocrx_word' id='word_1_44' title='bbox 1491 711 1673 763; x_wconf 88' lang='grc' dir='ltr'><strong>ἐκεῖσε</strong></span> <span class='ocrx_word' id='word_1_45' title='bbox 1712 707 1883 761; x_wconf 75' lang='grc' dir='ltr'><strong>κατά-</strong></span> 
     </span>
    </p>
   </div>
   <div class='ocr_carea' id='block_1_9' title="bbox 301 799 1883 875">
    <p class='ocr_par' dir='ltr' id='par_1_9' title="bbox 301 799 1883 875">
     <span class='ocr_line' id='line_1_9' title="bbox 301 799 1883 875; baseline -0.008 -10"><span class='ocrx_word' id='word_1_46' title='bbox 301 829 503 865; x_wconf 84' lang='grc' dir='ltr'><strong>στασιν</strong></span> <span class='ocrx_word' id='word_1_47' title='bbox 537 809 907 875; x_wconf 79' lang='grc' dir='ltr'><strong>θεασάμενος,</strong></span> <span class='ocrx_word' id='word_1_48' title='bbox 932 806 1029 858; x_wconf 83' lang='grc' dir='ltr'><strong>καὶ</strong></span> <span class='ocrx_word' id='word_1_49' title='bbox 1060 803 1217 856; x_wconf 80' lang='grc' dir='ltr'><strong>οὐδὲν</strong></span> <span class='ocrx_word' id='word_1_50' title='bbox 1266 800 1514 869; x_wconf 80' lang='grc' dir='ltr'><strong>ἀγγέλων</strong></span> <span class='ocrx_word' id='word_1_51' title='bbox 1564 799 1883 868; x_wconf 77' lang='grc' dir='ltr'><strong>ἀπᾴδουσαν</strong></span> 
     </span>
    </p>
   </div>
   <div class='ocr_carea' id='block_1_10' title="bbox 297 889 1882 970">
    <p class='ocr_par' dir='ltr' id='par_1_10' title="bbox 297 889 1882 970">
     <span class='ocr_line' id='line_1_10' title="bbox 297 889 1882 970; baseline -0.009 -15"><span class='ocrx_word' id='word_1_52' title='bbox 297 900 442 955; x_wconf 74' lang='grc' dir='ltr'><strong>εἶναι</strong></span> <span class='ocrx_word' id='word_1_53' title='bbox 479 901 730 970; x_wconf 77' lang='grc' dir='ltr'><strong>νομίσας.</strong></span> <span class='ocrx_word' id='word_1_54' title='bbox 765 897 855 966; x_wconf 84' lang='grc' dir='ltr'><strong>Τῷ</strong></span> <span class='ocrx_word' id='word_1_55' title='bbox 883 894 1305 965; x_wconf 82' lang='grc' dir='ltr'><strong>ἀρχιεπισκόπῳ</strong></span> <span class='ocrx_word' id='word_1_56' title='bbox 1333 893 1410 954; x_wconf 88' lang='grc' dir='ltr'><strong>είς</strong></span> <span class='ocrx_word' id='word_1_57' title='bbox 1433 889 1650 960; x_wconf 79' lang='grc' dir='ltr'><strong>ὁμιλίαν</strong></span> <span class='ocrx_word' id='word_1_58' title='bbox 1697 889 1882 942; x_wconf 83' lang='grc' dir='ltr'><strong>ἐλθόν-</strong></span> 
     </span>
    </p>
   </div>
   <div class='ocr_carea' id='block_1_11' title="bbox 300 981 1886 1058">
    <p class='ocr_par' dir='ltr' id='par_1_11' title="bbox 300 981 1886 1058">
     <span class='ocr_line' id='line_1_11' title="bbox 300 981 1886 1058; baseline -0.009 -12"><span class='ocrx_word' id='word_1_59' title='bbox 300 1011 391 1056; x_wconf 82' lang='grc' dir='ltr'><strong>τες</strong></span> <span class='ocrx_word' id='word_1_60' title='bbox 424 991 732 1058; x_wconf 75' lang='grc' dir='ltr'><strong>ξενίζονται</strong></span> <span class='ocrx_word' id='word_1_61' title='bbox 759 986 887 1056; x_wconf 86' lang='grc' dir='ltr'><strong>παρ’</strong></span> <span class='ocrx_word' id='word_1_62' title='bbox 924 985 1096 1055; x_wconf 76' lang='grc' dir='ltr'><strong>αὐτῷ,</strong></span> <span class='ocrx_word' id='word_1_63' title='bbox 1133 983 1351 1052; x_wconf 78' lang='grc' dir='ltr'><strong>καὶτῆς</strong></span> <span class='ocrx_word' id='word_1_64' title='bbox 1403 981 1660 1052; x_wconf 79' lang='grc' dir='ltr'><strong>όρθρινῆς</strong></span> <span class='ocrx_word' id='word_1_65' title='bbox 1701 981 1886 1042; x_wconf 79' lang='grc' dir='ltr'><strong>αὐτοῖς</strong></span> 
     </span>
    </p>
   </div>
   <div class='ocr_carea' id='block_1_12' title="bbox 305 1072 1884 1150">
    <p class='ocr_par' dir='ltr' id='par_1_12' title="bbox 305 1072 1884 1150">
     <span class='ocr_line' id='line_1_12' title="bbox 305 1072 1884 1150; baseline -0.008 -14"><span class='ocrx_word' id='word_1_66' title='bbox 305 1082 658 1150; x_wconf 76' lang='grc' dir='ltr'><strong>τελεσθείσης</strong></span> <span class='ocrx_word' id='word_1_67' title='bbox 678 1078 1006 1144; x_wconf 76' lang='grc' dir='ltr'><strong>δοξολογίας,</strong></span> <span class='ocrx_word' id='word_1_68' title='bbox 1032 1075 1109 1138; x_wconf 74' lang='grc' dir='ltr'><strong>ὡς</strong></span> <span class='ocrx_word' id='word_1_69' title='bbox 1137 1074 1445 1144; x_wconf 75' lang='grc' dir='ltr'><strong>εἰθισμένον</strong></span> <span class='ocrx_word' id='word_1_70' title='bbox 1471 1073 1605 1136; x_wconf 72' lang='grc' dir='ltr'><strong>ἐστὶ,</strong></span> <span class='ocrx_word' id='word_1_71' title='bbox 1635 1072 1884 1140; x_wconf 73' lang='grc' dir='ltr'><strong>προκαθ-</strong></span> 
     </span>
    </p>
   </div>
   <div class='ocr_carea' id='block_1_13' title="bbox 305 1153 1885 1236">
    <p class='ocr_par' dir='ltr' id='par_1_13' title="bbox 305 1153 1885 1236">
     <span class='ocr_line' id='line_1_13' title="bbox 305 1153 1885 1236; baseline -0.008 -13"><span class='ocrx_word' id='word_1_72' title='bbox 305 1175 449 1235; x_wconf 80' lang='grc' dir='ltr'><strong>ίσας,</strong></span> <span class='ocrx_word' id='word_1_73' title='bbox 503 1169 724 1232; x_wconf 77' lang='grc' dir='ltr'><strong>τούτους</strong></span> <span class='ocrx_word' id='word_1_74' title='bbox 773 1167 982 1231; x_wconf 79' lang='grc' dir='ltr'><strong>ἐκάλει,</strong></span> <span class='ocrx_word' id='word_1_75' title='bbox 1016 1163 1270 1236; x_wconf 85' lang='grc' dir='ltr'><strong>πρώτους</strong></span> <span class='ocrx_word' id='word_1_76' title='bbox 1316 1163 1749 1230; x_wconf 79' lang='grc' dir='ltr'><strong>ἀσπασομένους,</strong></span> <span class='ocrx_word' id='word_1_77' title='bbox 1782 1153 1885 1211; x_wconf 77' lang='grc' dir='ltr'><strong>εἶθ’</strong></span> 
     </span>
    </p>
   </div>
   <div class='ocr_carea' id='block_1_14' title="bbox 307 1251 1882 1332">
    <p class='ocr_par' dir='ltr' id='par_1_14' title="bbox 307 1251 1882 1332">
     <span class='ocr_line' id='line_1_14' title="bbox 307 1251 1882 1332; baseline -0.01 -14"><span class='ocrx_word' id='word_1_78' title='bbox 307 1267 461 1332; x_wconf 77' lang='grc' dir='ltr'><strong>ἑξῆς,</strong></span> <span class='ocrx_word' id='word_1_79' title='bbox 486 1266 615 1326; x_wconf 73' lang='grc' dir='ltr'><strong>τοὺς</strong></span> <span class='ocrx_word' id='word_1_80' title='bbox 649 1260 987 1319; x_wconf 75' lang='grc' dir='ltr'><strong>ἐπισκόπους</strong></span> <span class='ocrx_word' id='word_1_81' title='bbox 1023 1258 1117 1310; x_wconf 74' lang='grc' dir='ltr'><strong>καὶ</strong></span> <span class='ocrx_word' id='word_1_82' title='bbox 1146 1255 1446 1326; x_wconf 79' lang='grc' dir='ltr'><strong>κληρικοὺς</strong></span> <span class='ocrx_word' id='word_1_83' title='bbox 1485 1253 1579 1305; x_wconf 76' lang='grc' dir='ltr'><strong>καὶ</strong></span> <span class='ocrx_word' id='word_1_84' title='bbox 1613 1252 1738 1314; x_wconf 80' lang='grc' dir='ltr'><strong>τοὺς</strong></span> <span class='ocrx_word' id='word_1_85' title='bbox 1781 1251 1882 1304; x_wconf 80' lang='grc' dir='ltr'><strong>ἀλ-</strong></span> 
     </span>
    </p>
   </div>
   <div class='ocr_carea' id='block_1_15' title="bbox 305 1341 1886 1422">
    <p class='ocr_par' dir='ltr' id='par_1_15' title="bbox 305 1341 1886 1422">
     <span class='ocr_line' id='line_1_15' title="bbox 305 1341 1886 1422; baseline -0.011 -11"><span class='ocrx_word' id='word_1_86' title='bbox 305 1358 427 1420; x_wconf 77' lang='grc' dir='ltr'><strong>λους</strong></span> <span class='ocrx_word' id='word_1_87' title='bbox 457 1357 565 1408; x_wconf 82' lang='grc' dir='ltr'><strong>τῶν</strong></span> <span class='ocrx_word' id='word_1_88' title='bbox 596 1351 1018 1422; x_wconf 77' lang='grc' dir='ltr'><strong>συμπαρόντων,</strong></span> <span class='ocrx_word' id='word_1_89' title='bbox 1065 1348 1252 1401; x_wconf 84' lang='grc' dir='ltr'><strong>ἐκεῖνά</strong></span> <span class='ocrx_word' id='word_1_90' title='bbox 1293 1363 1354 1399; x_wconf 82' lang='grc' dir='ltr'><strong>τε</strong></span> <span class='ocrx_word' id='word_1_91' title='bbox 1398 1343 1740 1410; x_wconf 82' lang='grc' dir='ltr'><strong>συλλαλήσας</strong></span> <span class='ocrx_word' id='word_1_92' title='bbox 1785 1341 1886 1395; x_wconf 83' lang='grc' dir='ltr'><strong>αύ-</strong></span> 
     </span>
    </p>
   </div>
   <div class='ocr_carea' id='block_1_16' title="bbox 307 1433 1884 1509">
    <p class='ocr_par' dir='ltr' id='par_1_16' title="bbox 307 1433 1884 1509">
     <span class='ocr_line' id='line_1_16' title="bbox 307 1433 1884 1509; baseline -0.01 -8"><span class='ocrx_word' id='word_1_93' title='bbox 307 1448 565 1509; x_wconf 71' lang='grc' dir='ltr'><strong>τοῖ;,δσα</strong></span> <span class='ocrx_word' id='word_1_94' title='bbox 588 1445 648 1496; x_wconf 77' lang='grc' dir='ltr'><strong>τὸ</strong></span> <span class='ocrx_word' id='word_1_95' title='bbox 678 1442 866 1509; x_wconf 78' lang='grc' dir='ltr'><strong>κέρδος</strong></span> <span class='ocrx_word' id='word_1_96' title='bbox 901 1436 1009 1494; x_wconf 71' lang='grc' dir='ltr'><strong>οἶδε</strong></span> <span class='ocrx_word' id='word_1_97' title='bbox 1036 1439 1224 1508; x_wconf 80' lang='grc' dir='ltr'><strong>φέρειν</strong></span> <span class='ocrx_word' id='word_1_98' title='bbox 1280 1439 1360 1502; x_wconf 84' lang='grc' dir='ltr'><strong>είς</strong></span> <span class='ocrx_word' id='word_1_99' title='bbox 1413 1436 1513 1508; x_wconf 80' lang='grc' dir='ltr'><strong>τὴν</strong></span> <span class='ocrx_word' id='word_1_100' title='bbox 1560 1435 1763 1505; x_wconf 77' lang='grc' dir='ltr'><strong>ψυχὴν,</strong></span> <span class='ocrx_word' id='word_1_101' title='bbox 1821 1433 1884 1486; x_wconf 75' lang='grc' dir='ltr'><strong>τὸ</strong></span> 
     </span>
    </p>
   </div>
   <div class='ocr_carea' id='block_1_17' title="bbox 313 1524 1886 1606">
    <p class='ocr_par' dir='ltr' id='par_1_17' title="bbox 313 1524 1886 1606">
     <span class='ocr_line' id='line_1_17' title="bbox 313 1524 1886 1606; baseline -0.009 -17"><span class='ocrx_word' id='word_1_102' title='bbox 313 1538 410 1606; x_wconf 78' lang='grc' dir='ltr'><strong>μὲν</strong></span> <span class='ocrx_word' id='word_1_103' title='bbox 438 1537 626 1589; x_wconf 71' lang='grc' dir='ltr'><strong>λοιπὸν</strong></span> <span class='ocrx_word' id='word_1_104' title='bbox 640 1534 918 1604; x_wconf 74' lang='grc' dir='ltr'><strong>ἄθροισμα</strong></span> <span class='ocrx_word' id='word_1_105' title='bbox 947 1531 1085 1596; x_wconf 77' lang='grc' dir='ltr'><strong>λύει,</strong></span> <span class='ocrx_word' id='word_1_106' title='bbox 1109 1529 1198 1583; x_wconf 75' lang='grc' dir='ltr'><strong>τὸν</strong></span> <span class='ocrx_word' id='word_1_107' title='bbox 1231 1527 1510 1596; x_wconf 76' lang='grc' dir='ltr'><strong>ἀγαγόντα</strong></span> <span class='ocrx_word' id='word_1_108' title='bbox 1537 1526 1594 1579; x_wconf 81' lang='grc' dir='ltr'><strong>δὲ</strong></span> <span class='ocrx_word' id='word_1_109' title='bbox 1611 1527 1702 1578; x_wconf 79' lang='grc' dir='ltr'><strong>τὸν</strong></span> <span class='ocrx_word' id='word_1_110' title='bbox 1743 1524 1886 1593; x_wconf 81' lang='grc' dir='ltr'><strong>Γρη-</strong></span> 
     </span>
    </p>
   </div>
   <div class='ocr_carea' id='block_1_18' title="bbox 309 1614 1880 1697">
    <p class='ocr_par' dir='ltr' id='par_1_18' title="bbox 309 1614 1880 1697">
     <span class='ocr_line' id='line_1_18' title="bbox 309 1614 1880 1697; baseline -0.008 -18"><span class='ocrx_word' id='word_1_111' title='bbox 309 1629 491 1697; x_wconf 83' lang='grc' dir='ltr'><strong>γόριον</strong></span> <span class='ocrx_word' id='word_1_112' title='bbox 512 1625 1028 1694; x_wconf 70' lang='grc' dir='ltr'><strong>προσκαλεσάμενος</strong></span> <span class='ocrx_word' id='word_1_113' title='bbox 1059 1621 1292 1692; x_wconf 71' lang='grc' dir='ltr'><strong>μοναχὸν</strong></span> <span class='ocrx_word' id='word_1_114' title='bbox 1315 1620 1408 1673; x_wconf 68' lang='grc' dir='ltr'><strong>καὶ</strong></span> <span class='ocrx_word' id='word_1_115' title='bbox 1430 1620 1555 1680; x_wconf 67' lang='grc' dir='ltr'><strong>τοὺς</strong></span> <span class='ocrx_word' id='word_1_116' title='bbox 1589 1618 1687 1670; x_wconf 69' lang='grc' dir='ltr'><strong>σὺν</strong></span> <span class='ocrx_word' id='word_1_117' title='bbox 1708 1614 1880 1684; x_wconf 78' lang='grc' dir='ltr'><strong>αὐτῷ,</strong></span> 
     </span>
    </p>
   </div>
   <div class='ocr_carea' id='block_1_19' title="bbox 310 1704 1885 1788">
    <p class='ocr_par' dir='ltr' id='par_1_19' title="bbox 310 1704 1885 1788">
     <span class='ocr_line' id='line_1_19' title="bbox 310 1704 1885 1788; baseline -0.008 -18"><span class='ocrx_word' id='word_1_118' title='bbox 310 1721 563 1788; x_wconf 75' lang='grc' dir='ltr'><strong>Χαίροις,</strong></span> <span class='ocrx_word' id='word_1_119' title='bbox 601 1717 776 1786; x_wconf 81' lang='grc' dir='ltr'><strong>Κύριε</strong></span> <span class='ocrx_word' id='word_1_120' title='bbox 809 1717 1025 1783; x_wconf 81' lang='grc' dir='ltr'><strong>Μάρκε,</strong></span> <span class='ocrx_word' id='word_1_121' title='bbox 1083 1712 1238 1781; x_wconf 79' lang='grc' dir='ltr'><strong>φησί·</strong></span> <span class='ocrx_word' id='word_1_122' title='bbox 1277 1711 1442 1764; x_wconf 75' lang='grc' dir='ltr'><strong>πόθεν</strong></span> <span class='ocrx_word' id='word_1_123' title='bbox 1491 1709 1601 1779; x_wconf 79' lang='grc' dir='ltr'><strong>ἄρα</strong></span> <span class='ocrx_word' id='word_1_124' title='bbox 1645 1724 1728 1760; x_wconf 89' lang='grc' dir='ltr'><strong>σοι</strong></span> <span class='ocrx_word' id='word_1_125' title='bbox 1788 1704 1885 1758; x_wconf 81' lang='grc' dir='ltr'><strong>καὶ</strong></span> 
     </span>
    </p>
   </div>
   <div class='ocr_carea' id='block_1_20' title="bbox 1984 529 3552 603">
    <p class='ocr_par' dir='ltr' id='par_1_20' title="bbox 1984 529 3552 603">
     <span class='ocr_line' id='line_1_20' title="bbox 1984 529 3552 603; baseline 0.003 -22"><span class='ocrx_word' id='word_1_126' title='bbox 1984 539 2127 593; x_wconf 89' lang='lat' dir='ltr'><strong>sent,</strong></span> <span class='ocrx_word' id='word_1_127' title='bbox 2157 538 2465 600; x_wconf 71' lang='lat' dir='ltr'><strong>cazteraque</strong></span> <span class='ocrx_word' id='word_1_128' title='bbox 2495 534 2612 587; x_wconf 87' lang='lat' dir='ltr'><strong>loca</strong></span> <span class='ocrx_word' id='word_1_129' title='bbox 2646 534 3076 603; x_wconf 89' lang='lat' dir='ltr'><strong>perlustrassent</strong></span> <span class='ocrx_word' id='word_1_130' title='bbox 3112 545 3176 586; x_wconf 89' lang='lat' dir='ltr'><strong>ac</strong></span> <span class='ocrx_word' id='word_1_131' title='bbox 3201 529 3552 598; x_wconf 86' lang='lat' dir='ltr'><strong>adorassent,</strong></span> 
     </span>
    </p>
   </div>
   <div class='ocr_carea' id='block_1_21' title="bbox 1987 616 3556 693">
    <p class='ocr_par' dir='ltr' id='par_1_21' title="bbox 1987 616 3556 693">
     <span class='ocr_line' id='line_1_21' title="bbox 1987 616 3556 693; baseline 0.006 -23"><span class='ocrx_word' id='word_1_132' title='bbox 1987 616 2046 671; x_wconf 94' lang='lat' dir='ltr'><strong>D.</strong></span> <span class='ocrx_word' id='word_1_133' title='bbox 2089 618 2390 688; x_wconf 78' lang='lat' dir='ltr'><strong>Gregorius</strong></span> <span class='ocrx_word' id='word_1_134' title='bbox 2432 623 2616 678; x_wconf 85' lang='lat' dir='ltr'><strong>animo</strong></span> <span class='ocrx_word' id='word_1_135' title='bbox 2669 624 3033 693; x_wconf 74' lang='lat' dir='ltr'><strong>gloriabatur,</strong></span> <span class='ocrx_word' id='word_1_136' title='bbox 3076 638 3140 678; x_wconf 90' lang='lat' dir='ltr'><strong>ac</strong></span> <span class='ocrx_word' id='word_1_137' title='bbox 3169 630 3282 676; x_wconf 91' lang='lat' dir='ltr'><strong>tum</strong></span> <span class='ocrx_word' id='word_1_138' title='bbox 3311 622 3556 680; x_wconf 76' lang='lat' dir='ltr'><strong>admirao</strong></span> 
     </span>
    </p>
   </div>
   <div class='ocr_carea' id='block_1_22' title="bbox 1984 708 3557 782">
    <p class='ocr_par' dir='ltr' id='par_1_22' title="bbox 1984 708 3557 782">
     <span class='ocr_line' id='line_1_22' title="bbox 1984 708 3557 782; baseline 0.005 -19"><span class='ocrx_word' id='word_1_139' title='bbox 1984 708 2157 776; x_wconf 90' lang='lat' dir='ltr'><strong>tione,</strong></span> <span class='ocrx_word' id='word_1_140' title='bbox 2194 721 2312 766; x_wconf 89' lang='lat' dir='ltr'><strong>tum</strong></span> <span class='ocrx_word' id='word_1_141' title='bbox 2363 712 2642 781; x_wconf 89' lang='lat' dir='ltr'><strong>voluptate</strong></span> <span class='ocrx_word' id='word_1_142' title='bbox 2692 715 2909 782; x_wconf 88' lang='lat' dir='ltr'><strong>plenus,</strong></span> <span class='ocrx_word' id='word_1_143' title='bbox 2950 731 3226 770; x_wconf 86' lang='lat' dir='ltr'><strong>summum</strong></span> <span class='ocrx_word' id='word_1_144' title='bbox 3291 715 3444 769; x_wconf 88' lang='lat' dir='ltr'><strong>illum</strong></span> <span class='ocrx_word' id='word_1_145' title='bbox 3499 718 3557 776; x_wconf 86' lang='lat' dir='ltr'><strong>in</strong></span> 
     </span>
    </p>
   </div>
   <div class='ocr_carea' id='block_1_23' title="bbox 1985 801 3560 876">
    <p class='ocr_par' dir='ltr' id='par_1_23' title="bbox 1985 801 3560 876">
     <span class='ocr_line' id='line_1_23' title="bbox 1985 801 3560 876; baseline 0.004 -21"><span class='ocrx_word' id='word_1_146' title='bbox 1985 801 2202 872; x_wconf 78' lang='lat' dir='ltr'><strong>hymnis</strong></span> <span class='ocrx_word' id='word_1_147' title='bbox 2235 819 2299 858; x_wconf 93' lang='lat' dir='ltr'><strong>ac</strong></span> <span class='ocrx_word' id='word_1_148' title='bbox 2354 805 2555 859; x_wconf 84' lang='lat' dir='ltr'><strong>divinis</strong></span> <span class='ocrx_word' id='word_1_149' title='bbox 2605 807 2860 860; x_wconf 84' lang='lat' dir='ltr'><strong>cantibus</strong></span> <span class='ocrx_word' id='word_1_150' title='bbox 2912 808 3163 861; x_wconf 85' lang='lat' dir='ltr'><strong>ordinem</strong></span> <span class='ocrx_word' id='word_1_151' title='bbox 3213 816 3377 876; x_wconf 89' lang='lat' dir='ltr'><strong>atque</strong></span> <span class='ocrx_word' id='word_1_152' title='bbox 3424 824 3560 862; x_wconf 89' lang='lat' dir='ltr'><strong>con-</strong></span> 
     </span>
    </p>
   </div>
   <div class='ocr_carea' id='block_1_24' title="bbox 1985 896 3560 964">
    <p class='ocr_par' dir='ltr' id='par_1_24' title="bbox 1985 896 3560 964">
     <span class='ocr_line' id='line_1_24' title="bbox 1985 896 3560 964; baseline 0.002 -14"><span class='ocrx_word' id='word_1_153' title='bbox 1985 905 2206 950; x_wconf 69' lang='lat' dir='ltr'><strong>centum</strong></span> <span class='ocrx_word' id='word_1_154' title='bbox 2257 896 2512 959; x_wconf 89' lang='lat' dir='ltr'><strong>intuitus,</strong></span> <span class='ocrx_word' id='word_1_155' title='bbox 2584 898 2721 951; x_wconf 84' lang='lat' dir='ltr'><strong>nihil</strong></span> <span class='ocrx_word' id='word_1_156' title='bbox 2759 899 2913 952; x_wconf 89' lang='lat' dir='ltr'><strong>illum</strong></span> <span class='ocrx_word' id='word_1_157' title='bbox 2969 899 3037 952; x_wconf 89' lang='lat' dir='ltr'><strong>ab</strong></span> <span class='ocrx_word' id='word_1_158' title='bbox 3092 899 3302 964; x_wconf 76' lang='lat' dir='ltr'><strong>angelis</strong></span> <span class='ocrx_word' id='word_1_159' title='bbox 3351 898 3560 953; x_wconf 77' lang='lat' dir='ltr'><strong>discre—</strong></span> 
     </span>
    </p>
   </div>
   <div class='ocr_carea' id='block_1_25' title="bbox 1987 989 3558 1062">
    <p class='ocr_par' dir='ltr' id='par_1_25' title="bbox 1987 989 3558 1062">
     <span class='ocr_line' id='line_1_25' title="bbox 1987 989 3558 1062; baseline 0.004 -22"><span class='ocrx_word' id='word_1_160' title='bbox 1987 1003 2116 1058; x_wconf 85' lang='lat' dir='ltr'><strong>pare</strong></span> <span class='ocrx_word' id='word_1_161' title='bbox 2149 989 2404 1044; x_wconf 85' lang='lat' dir='ltr'><strong>credidit.</strong></span> <span class='ocrx_word' id='word_1_162' title='bbox 2456 990 2690 1046; x_wconf 91' lang='lat' dir='ltr'><strong>Proinde</strong></span> <span class='ocrx_word' id='word_1_163' title='bbox 2743 1006 2864 1046; x_wconf 89' lang='lat' dir='ltr'><strong>cum</strong></span> <span class='ocrx_word' id='word_1_164' title='bbox 2924 991 2978 1046; x_wconf 89' lang='lat' dir='ltr'><strong>in</strong></span> <span class='ocrx_word' id='word_1_165' title='bbox 3034 991 3094 1045; x_wconf 91' lang='lat' dir='ltr'><strong>D.</strong></span> <span class='ocrx_word' id='word_1_166' title='bbox 3138 991 3358 1045; x_wconf 84' lang='lat' dir='ltr'><strong>Macarii</strong></span> <span class='ocrx_word' id='word_1_167' title='bbox 3438 994 3558 1062; x_wconf 76' lang='lat' dir='ltr'><strong>epi-</strong></span> 
     </span>
    </p>
   </div>
   <div class='ocr_carea' id='block_1_26' title="bbox 1985 1082 3558 1154">
    <p class='ocr_par' dir='ltr' id='par_1_26' title="bbox 1985 1082 3558 1154">
     <span class='ocr_line' id='line_1_26' title="bbox 1985 1082 3558 1154; baseline 0.001 -18"><span class='ocrx_word' id='word_1_168' title='bbox 1985 1082 2142 1152; x_wconf 87' lang='lat' dir='ltr'><strong>scopi</strong></span> <span class='ocrx_word' id='word_1_169' title='bbox 2209 1098 2562 1153; x_wconf 83' lang='lat' dir='ltr'><strong>congressum</strong></span> <span class='ocrx_word' id='word_1_170' title='bbox 2641 1095 2807 1153; x_wconf 91' lang='lat' dir='ltr'><strong>atque</strong></span> <span class='ocrx_word' id='word_1_171' title='bbox 2871 1084 3204 1154; x_wconf 85' lang='lat' dir='ltr'><strong>colloquium</strong></span> <span class='ocrx_word' id='word_1_172' title='bbox 3245 1085 3558 1150; x_wconf 83' lang='lat' dir='ltr'><strong>venissent,</strong></span> 
     </span>
    </p>
   </div>
   <div class='ocr_carea' id='block_1_27' title="bbox 1985 1175 3561 1247">
    <p class='ocr_par' dir='ltr' id='par_1_27' title="bbox 1985 1175 3561 1247">
     <span class='ocr_line' id='line_1_27' title="bbox 1985 1175 3561 1247; baseline 0.001 -19"><span class='ocrx_word' id='word_1_173' title='bbox 1985 1175 2129 1243; x_wconf 91' lang='lat' dir='ltr'><strong>apud</strong></span> <span class='ocrx_word' id='word_1_174' title='bbox 2165 1175 2319 1229; x_wconf 90' lang='lat' dir='ltr'><strong>illum</strong></span> <span class='ocrx_word' id='word_1_175' title='bbox 2365 1177 2740 1231; x_wconf 88' lang='lat' dir='ltr'><strong>diversantur.</strong></span> <span class='ocrx_word' id='word_1_176' title='bbox 2774 1177 3024 1247; x_wconf 87' lang='lat' dir='ltr'><strong>Cumque</strong></span> <span class='ocrx_word' id='word_1_177' title='bbox 3075 1177 3154 1230; x_wconf 89' lang='lat' dir='ltr'><strong>illi</strong></span> <span class='ocrx_word' id='word_1_178' title='bbox 3197 1191 3411 1230; x_wconf 89' lang='lat' dir='ltr'><strong>summo</strong></span> <span class='ocrx_word' id='word_1_179' title='bbox 3445 1193 3561 1230; x_wconf 87' lang='lat' dir='ltr'><strong>ma-</strong></span> 
     </span>
    </p>
   </div>
   <div class='ocr_carea' id='block_1_28' title="bbox 1984 1267 3561 1339">
    <p class='ocr_par' dir='ltr' id='par_1_28' title="bbox 1984 1267 3561 1339">
     <span class='ocr_line' id='line_1_28' title="bbox 1984 1267 3561 1339; baseline 0.001 -19"><span class='ocrx_word' id='word_1_180' title='bbox 1984 1281 2054 1322; x_wconf 92' lang='lat' dir='ltr'><strong>ne</strong></span> <span class='ocrx_word' id='word_1_181' title='bbox 2103 1267 2274 1320; x_wconf 89' lang='lat' dir='ltr'><strong>Deum</strong></span> <span class='ocrx_word' id='word_1_182' title='bbox 2314 1267 2441 1338; x_wconf 91' lang='lat' dir='ltr'><strong>(qui</strong></span> <span class='ocrx_word' id='word_1_183' title='bbox 2497 1278 2801 1339; x_wconf 89' lang='lat' dir='ltr'><strong>perpetuus</strong></span> <span class='ocrx_word' id='word_1_184' title='bbox 2854 1278 2938 1323; x_wconf 88' lang='lat' dir='ltr'><strong>est</strong></span> <span class='ocrx_word' id='word_1_185' title='bbox 2978 1269 3086 1322; x_wconf 91' lang='lat' dir='ltr'><strong>illis</strong></span> <span class='ocrx_word' id='word_1_186' title='bbox 3139 1267 3295 1337; x_wconf 88' lang='lat' dir='ltr'><strong>mos)</strong></span> <span class='ocrx_word' id='word_1_187' title='bbox 3357 1267 3561 1322; x_wconf 83' lang='lat' dir='ltr'><strong>illustri</strong></span> 
     </span>
    </p>
   </div>
   <div class='ocr_carea' id='block_1_29' title="bbox 1983 1356 3558 1426">
    <p class='ocr_par' dir='ltr' id='par_1_29' title="bbox 1983 1356 3558 1426">
     <span class='ocr_line' id='line_1_29' title="bbox 1983 1356 3558 1426; baseline 0.001 -16"><span class='ocrx_word' id='word_1_188' title='bbox 1983 1356 2148 1412; x_wconf 87' lang='lat' dir='ltr'><strong>laude</strong></span> <span class='ocrx_word' id='word_1_189' title='bbox 2183 1358 2577 1422; x_wconf 84' lang='lat' dir='ltr'><strong>cumulassent,</strong></span> <span class='ocrx_word' id='word_1_190' title='bbox 2631 1361 2735 1414; x_wconf 89' lang='lat' dir='ltr'><strong>hos</strong></span> <span class='ocrx_word' id='word_1_191' title='bbox 2777 1359 3028 1415; x_wconf 85' lang='lat' dir='ltr'><strong>residens</strong></span> <span class='ocrx_word' id='word_1_192' title='bbox 3082 1359 3396 1419; x_wconf 80' lang='lat' dir='ltr'><strong>accersivit,</strong></span> <span class='ocrx_word' id='word_1_193' title='bbox 3441 1358 3558 1426; x_wconf 85' lang='lat' dir='ltr'><strong>pri-</strong></span> 
     </span>
    </p>
   </div>
   <div class='ocr_carea' id='block_1_30' title="bbox 1986 1449 3561 1521">
    <p class='ocr_par' dir='ltr' id='par_1_30' title="bbox 1986 1449 3561 1521">
     <span class='ocr_line' id='line_1_30' title="bbox 1986 1449 3561 1521; baseline 0 -19"><span class='ocrx_word' id='word_1_194' title='bbox 1986 1463 2246 1518; x_wconf 90' lang='lat' dir='ltr'><strong>mumque</strong></span> <span class='ocrx_word' id='word_1_195' title='bbox 2280 1451 2423 1516; x_wconf 89' lang='lat' dir='ltr'><strong>illos,</strong></span> <span class='ocrx_word' id='word_1_196' title='bbox 2450 1451 2711 1520; x_wconf 87' lang='lat' dir='ltr'><strong>deinceps</strong></span> <span class='ocrx_word' id='word_1_197' title='bbox 2740 1451 3027 1521; x_wconf 83' lang='lat' dir='ltr'><strong>episcopos</strong></span> <span class='ocrx_word' id='word_1_198' title='bbox 3048 1465 3112 1504; x_wconf 89' lang='lat' dir='ltr'><strong>ac</strong></span> <span class='ocrx_word' id='word_1_199' title='bbox 3141 1449 3392 1512; x_wconf 85' lang='lat' dir='ltr'><strong>clericos,</strong></span> <span class='ocrx_word' id='word_1_200' title='bbox 3423 1449 3561 1502; x_wconf 88' lang='lat' dir='ltr'><strong>alios</strong></span> 
     </span>
    </p>
   </div>
   <div class='ocr_carea' id='block_1_31' title="bbox 1985 1535 3561 1606">
    <p class='ocr_par' dir='ltr' id='par_1_31' title="bbox 1985 1535 3561 1606">
     <span class='ocr_line' id='line_1_31' title="bbox 1985 1535 3561 1606; baseline 0 -16"><span class='ocrx_word' id='word_1_201' title='bbox 1985 1535 2139 1601; x_wconf 87' lang='lat' dir='ltr'><strong>item,</strong></span> <span class='ocrx_word' id='word_1_202' title='bbox 2169 1537 2263 1606; x_wconf 90' lang='lat' dir='ltr'><strong>qui</strong></span> <span class='ocrx_word' id='word_1_203' title='bbox 2295 1547 2590 1606; x_wconf 66' lang='lat' dir='ltr'><strong>prmsentes</strong></span> <span class='ocrx_word' id='word_1_204' title='bbox 2613 1539 2862 1602; x_wconf 85' lang='lat' dir='ltr'><strong>aderant,</strong></span> <span class='ocrx_word' id='word_1_205' title='bbox 2895 1539 3170 1592; x_wconf 83' lang='lat' dir='ltr'><strong>osculatos</strong></span> <span class='ocrx_word' id='word_1_206' title='bbox 3192 1538 3561 1591; x_wconf 83' lang='lat' dir='ltr'><strong>communiter</strong></span> 
     </span>
    </p>
   </div>
   <div class='ocr_carea' id='block_1_32' title="bbox 1987 1629 3561 1700">
    <p class='ocr_par' dir='ltr' id='par_1_32' title="bbox 1987 1629 3561 1700">
     <span class='ocr_line' id='line_1_32' title="bbox 1987 1629 3561 1700; baseline 0 -18"><span class='ocrx_word' id='word_1_207' title='bbox 1987 1642 2052 1682; x_wconf 88' lang='lat' dir='ltr'><strong>ea</strong></span> <span class='ocrx_word' id='word_1_208' title='bbox 2085 1638 2170 1683; x_wconf 90' lang='lat' dir='ltr'><strong>est</strong></span> <span class='ocrx_word' id='word_1_209' title='bbox 2191 1629 2487 1692; x_wconf 88' lang='lat' dir='ltr'><strong>allocutus.</strong></span> <span class='ocrx_word' id='word_1_210' title='bbox 2523 1646 2644 1700; x_wconf 73' lang='lat' dir='ltr'><strong>qua:</strong></span> <span class='ocrx_word' id='word_1_211' title='bbox 2675 1631 2860 1684; x_wconf 88' lang='lat' dir='ltr'><strong>animo</strong></span> <span class='ocrx_word' id='word_1_212' title='bbox 2890 1630 3042 1684; x_wconf 89' lang='lat' dir='ltr'><strong>novit</strong></span> <span class='ocrx_word' id='word_1_213' title='bbox 3075 1630 3366 1683; x_wconf 87' lang='lat' dir='ltr'><strong>utilitatem</strong></span> <span class='ocrx_word' id='word_1_214' title='bbox 3397 1629 3561 1682; x_wconf 85' lang='lat' dir='ltr'><strong>atl&#39;er-</strong></span> 
     </span>
    </p>
   </div>
   <div class='ocr_carea' id='block_1_33' title="bbox 1989 1718 3563 1789">
    <p class='ocr_par' dir='ltr' id='par_1_33' title="bbox 1989 1718 3563 1789">
     <span class='ocr_line' id='line_1_33' title="bbox 1989 1718 3563 1789; baseline 0 -19"><span class='ocrx_word' id='word_1_215' title='bbox 1989 1732 2085 1775; x_wconf 88' lang='lat' dir='ltr'><strong>rc:</strong></span> <span class='ocrx_word' id='word_1_216' title='bbox 2118 1733 2184 1772; x_wconf 88' lang='lat' dir='ltr'><strong>ac</strong></span> <span class='ocrx_word' id='word_1_217' title='bbox 2213 1733 2338 1772; x_wconf 81' lang='lat' dir='ltr'><strong>mox</strong></span> <span class='ocrx_word' id='word_1_218' title='bbox 2371 1720 2583 1789; x_wconf 91' lang='lat' dir='ltr'><strong>reliqua</strong></span> <span class='ocrx_word' id='word_1_219' title='bbox 2615 1718 2838 1772; x_wconf 87' lang='lat' dir='ltr'><strong>dimissa</strong></span> <span class='ocrx_word' id='word_1_220' title='bbox 2862 1718 3235 1781; x_wconf 82' lang='lat' dir='ltr'><strong>multitudine,</strong></span> <span class='ocrx_word' id='word_1_221' title='bbox 3266 1733 3453 1772; x_wconf 81' lang='lat' dir='ltr'><strong>accers</strong></span> <span class='ocrx_word' id='word_1_222' title='bbox 3481 1727 3563 1771; x_wconf 91' lang='lat' dir='ltr'><strong>to-</strong></span> 
     </span>
    </p>
   </div>
   <div class='ocr_carea' id='block_1_34' title="bbox 313 1777 1889 1878">
    <p class='ocr_par' dir='ltr' id='par_1_34' title="bbox 313 1777 1886 1878">
     <span class='ocr_line' id='line_1_34' title="bbox 313 1777 1886 1878; baseline -0.008 -18"><span class='ocrx_word' id='word_1_223' title='bbox 313 1777 444 1878; x_wconf 73' lang='grc' dir='ltr'><strong>πρὸς</strong></span> <span class='ocrx_word' id='word_1_224' title='bbox 477 1777 628 1876; x_wconf 48' lang='grc' dir='ltr'><strong>ἡμᾶς</strong></span> <span class='ocrx_word' id='word_1_225' title='bbox 653 1777 825 1876; x_wconf 66' lang='grc' dir='ltr'><strong>ἦκται</strong></span> <span class='ocrx_word' id='word_1_226' title='bbox 848 1807 876 1858; x_wconf 89' lang='lat'><strong>6</strong></span> <span class='ocrx_word' id='word_1_227' title='bbox 906 1777 1017 1856; x_wconf 39' lang='grc' dir='ltr'><strong>’τοῦ</strong></span> <span class='ocrx_word' id='word_1_228' title='bbox 1049 1777 1186 1855; x_wconf 74' lang='grc' dir='ltr'><strong>Θεοῦ</strong></span> <span class='ocrx_word' id='word_1_229' title='bbox 1227 1800 1416 1864; x_wconf 80' lang='grc' dir='ltr'><strong>δοῦλος</strong></span> <span class='ocrx_word' id='word_1_230' title='bbox 1458 1777 1759 1872; x_wconf 85' lang='grc' dir='ltr'><strong>Γρηγόριος</strong></span> <span class='ocrx_word' id='word_1_231' title='bbox 1791 1796 1886 1849; x_wconf 74' lang='grc' dir='ltr'><strong>καὶ</strong></span> 
     </span>
    </p>
   </div>
   <div class='ocr_carea' id='block_1_35' title="bbox 1990 1777 3562 1878">
    <p class='ocr_par' dir='ltr' id='par_1_35' title="bbox 1990 1777 3562 1876">
     <span class='ocr_line' id='line_1_35' title="bbox 1990 1777 3562 1876; baseline 0 -16"><span class='ocrx_word' id='word_1_232' title='bbox 1990 1821 2096 1874; x_wconf 90' lang='lat' dir='ltr'><strong>que</strong></span> <span class='ocrx_word' id='word_1_233' title='bbox 2123 1796 2412 1872; x_wconf 63' lang='lat' dir='ltr'><strong>monacho,</strong></span> <span class='ocrx_word' id='word_1_234' title='bbox 2447 1777 2511 1862; x_wconf 75' lang='lat' dir='ltr'><strong>ac</strong></span> <span class='ocrx_word' id='word_1_235' title='bbox 2539 1809 2604 1862; x_wconf 87' lang='lat' dir='ltr'><strong>iis</strong></span> <span class='ocrx_word' id='word_1_236' title='bbox 2628 1808 2721 1876; x_wconf 86' lang='lat' dir='ltr'><strong>qui</strong></span> <span class='ocrx_word' id='word_1_237' title='bbox 2753 1808 2910 1862; x_wconf 91' lang='lat' dir='ltr'><strong>illum</strong></span> <span class='ocrx_word' id='word_1_238' title='bbox 2942 1809 3314 1862; x_wconf 82' lang='lat' dir='ltr'><strong>adduxerant:</strong></span> <span class='ocrx_word' id='word_1_239' title='bbox 3351 1806 3407 1861; x_wconf 92' lang='lat' dir='ltr'><strong>Si</strong></span> <span class='ocrx_word' id='word_1_240' title='bbox 3440 1822 3562 1876; x_wconf 81' lang='lat' dir='ltr'><strong>per-</strong></span> 
     </span>
    </p>
   </div>
   <div class='ocr_carea' id='block_1_36' title="bbox 310 1892 1886 1969">
    <p class='ocr_par' dir='ltr' id='par_1_36' title="bbox 310 1892 1886 1969">
     <span class='ocr_line' id='line_1_36' title="bbox 310 1892 1886 1969; baseline -0.006 -17"><span class='ocrx_word' id='word_1_241' title='bbox 310 1901 462 1969; x_wconf 70' lang='grc' dir='ltr'><strong>κόθῳ</strong></span> <span class='ocrx_word' id='word_1_242' title='bbox 486 1898 825 1968; x_wconf 75' lang='grc' dir='ltr'><strong>θερμοτάτφ,</strong></span> <span class='ocrx_word' id='word_1_243' title='bbox 857 1897 978 1958; x_wconf 67' lang='grc' dir='ltr'><strong>τοὺς</strong></span> <span class='ocrx_word' id='word_1_244' title='bbox 1016 1893 1318 1965; x_wconf 83' lang='grc' dir='ltr'><strong>σωτηρίους</strong></span> <span class='ocrx_word' id='word_1_245' title='bbox 1348 1894 1473 1962; x_wconf 76' lang='grc' dir='ltr'><strong>ἄρτι</strong></span> <span class='ocrx_word' id='word_1_246' title='bbox 1523 1892 1720 1954; x_wconf 87' lang='grc' dir='ltr'><strong>τόπους</strong></span> <span class='ocrx_word' id='word_1_247' title='bbox 1751 1907 1886 1943; x_wconf 85' lang='grc' dir='ltr'><strong>κατ-</strong></span> 
     </span>
    </p>
   </div>
   <div class='ocr_carea' id='block_1_37' title="bbox 311 1978 1883 2057">
    <p class='ocr_par' dir='ltr' id='par_1_37' title="bbox 311 1978 1883 2057">
     <span class='ocr_line' id='line_1_37' title="bbox 311 1978 1883 2057; baseline -0.005 -16"><span class='ocrx_word' id='word_1_248' title='bbox 311 1988 587 2057; x_wconf 66' lang='grc' dir='ltr'><strong>ειληφώςς</strong></span> <span class='ocrx_word' id='word_1_249' title='bbox 632 1989 742 2040; x_wconf 76' lang='grc' dir='ltr'><strong>Καὶ</strong></span> <span class='ocrx_word' id='word_1_250' title='bbox 786 1989 814 2040; x_wconf 89' lang='grc' dir='ltr'><strong>ό</strong></span> <span class='ocrx_word' id='word_1_251' title='bbox 847 1986 1099 2057; x_wconf 82' lang='grc' dir='ltr'><strong>μοναχὺς,</strong></span> <span class='ocrx_word' id='word_1_252' title='bbox 1131 1986 1244 2055; x_wconf 70' lang='grc' dir='ltr'><strong>Οὐχ</strong></span> <span class='ocrx_word' id='word_1_253' title='bbox 1274 1987 1438 2056; x_wconf 73' lang='grc' dir='ltr'><strong>ἡμεῖς</strong></span> <span class='ocrx_word' id='word_1_254' title='bbox 1470 1982 1682 2048; x_wconf 82' lang='grc' dir='ltr'><strong>τοῦτον,</strong></span> <span class='ocrx_word' id='word_1_255' title='bbox 1707 1978 1883 2045; x_wconf 81' lang='grc' dir='ltr'><strong>εἶπεν,</strong></span> 
     </span>
    </p>
   </div>
   <div class='ocr_carea' id='block_1_38' title="bbox 311 2072 1886 2149">
    <p class='ocr_par' dir='ltr' id='par_1_38' title="bbox 311 2072 1886 2149">
     <span class='ocr_line' id='line_1_38' title="bbox 311 2072 1886 2149; baseline -0.004 -18"><span class='ocrx_word' id='word_1_256' title='bbox 311 2079 428 2132; x_wconf 82' lang='grc' dir='ltr'><strong>ἀλλ’</strong></span> <span class='ocrx_word' id='word_1_257' title='bbox 455 2082 483 2131; x_wconf 89' lang='lat'><strong>6</strong></span> <span class='ocrx_word' id='word_1_258' title='bbox 509 2079 750 2149; x_wconf 81' lang='grc' dir='ltr'><strong>Χριστὸς</strong></span> <span class='ocrx_word' id='word_1_259' title='bbox 778 2079 978 2149; x_wconf 80' lang='grc' dir='ltr'><strong>ῆγαγε,</strong></span> <span class='ocrx_word' id='word_1_260' title='bbox 1017 2077 1275 2142; x_wconf 75' lang='grc' dir='ltr'><strong>δέσποτα,</strong></span> <span class='ocrx_word' id='word_1_261' title='bbox 1322 2075 1416 2129; x_wconf 75' lang='grc' dir='ltr'><strong>καὶ</strong></span> <span class='ocrx_word' id='word_1_262' title='bbox 1449 2076 1482 2144; x_wconf 83' lang='grc' dir='ltr'>ἠ</span> <span class='ocrx_word' id='word_1_263' title='bbox 1516 2075 1582 2140; x_wconf 76' lang='grc' dir='ltr'><strong>σὴ</strong></span> <span class='ocrx_word' id='word_1_264' title='bbox 1612 2072 1769 2144; x_wconf 83' lang='grc' dir='ltr'><strong>τιμία</strong></span> <span class='ocrx_word' id='word_1_265' title='bbox 1796 2072 1886 2124; x_wconf 83' lang='grc' dir='ltr'><strong>εὐ-</strong></span> 
     </span>
    </p>
   </div>
   <div class='ocr_carea' id='block_1_39' title="bbox 310 2164 1885 2241">
    <p class='ocr_par' dir='ltr' id='par_1_39' title="bbox 310 2164 1885 2241">
     <span class='ocr_line' id='line_1_39' title="bbox 310 2164 1885 2241; baseline -0.005 -17"><span class='ocrx_word' id='word_1_266' title='bbox 310 2175 402 2241; x_wconf 78' lang='grc' dir='ltr'><strong>χή.</strong></span> <span class='ocrx_word' id='word_1_267' title='bbox 447 2171 774 2238; x_wconf 73' lang='grc' dir='ltr'><strong>Ἐκπλαγεὶς</strong></span> <span class='ocrx_word' id='word_1_268' title='bbox 811 2170 870 2222; x_wconf 82' lang='grc' dir='ltr'><strong>δὲ</strong></span> <span class='ocrx_word' id='word_1_269' title='bbox 930 2171 958 2222; x_wconf 90' lang='lat'><strong>6</strong></span> <span class='ocrx_word' id='word_1_270' title='bbox 988 2169 1291 2240; x_wconf 81' lang='grc' dir='ltr'><strong>Γρηγόριος</strong></span> <span class='ocrx_word' id='word_1_271' title='bbox 1331 2167 1425 2220; x_wconf 76' lang='grc' dir='ltr'><strong>ἐπὶ</strong></span> <span class='ocrx_word' id='word_1_272' title='bbox 1470 2165 1566 2219; x_wconf 82' lang='grc' dir='ltr'><strong>τοῦ</strong></span> <span class='ocrx_word' id='word_1_273' title='bbox 1622 2164 1885 2235; x_wconf 85' lang='grc' dir='ltr'><strong>ὀνόματος</strong></span> 
     </span>
    </p>
   </div>
   <div class='ocr_carea' id='block_1_40' title="bbox 311 2256 1886 2332">
    <p class='ocr_par' dir='ltr' id='par_1_40' title="bbox 311 2256 1886 2332">
     <span class='ocr_line' id='line_1_40' title="bbox 311 2256 1886 2332; baseline -0.004 -18"><span class='ocrx_word' id='word_1_274' title='bbox 311 2263 512 2332; x_wconf 80' lang='grc' dir='ltr'><strong>κλήσει</strong></span> <span class='ocrx_word' id='word_1_275' title='bbox 540 2263 701 2315; x_wconf 74' lang='grc' dir='ltr'><strong>αὐτοῦ</strong></span> <span class='ocrx_word' id='word_1_276' title='bbox 734 2279 794 2314; x_wconf 92' lang='grc' dir='ltr'><strong>τε</strong></span> <span class='ocrx_word' id='word_1_277' title='bbox 832 2262 926 2314; x_wconf 74' lang='grc' dir='ltr'><strong>καὶ</strong></span> <span class='ocrx_word' id='word_1_278' title='bbox 959 2260 1050 2314; x_wconf 78' lang='grc' dir='ltr'><strong>τοῦ</strong></span> <span class='ocrx_word' id='word_1_279' title='bbox 1101 2259 1340 2330; x_wconf 80' lang='grc' dir='ltr'><strong>μοναχοῦ</strong></span> <span class='ocrx_word' id='word_1_280' title='bbox 1372 2258 1631 2328; x_wconf 79' lang='grc' dir='ltr'><strong>Μάρκου,</strong></span> <span class='ocrx_word' id='word_1_281' title='bbox 1675 2256 1886 2309; x_wconf 75' lang='grc' dir='ltr'><strong>οὐδέπω</strong></span> 
     </span>
    </p>
   </div>
   <div class='ocr_carea' id='block_1_41' title="bbox 310 2349 1883 2423">
    <p class='ocr_par' dir='ltr' id='par_1_41' title="bbox 310 2349 1883 2423">
     <span class='ocr_line' id='line_1_41' title="bbox 310 2349 1883 2423; baseline -0.003 -18"><span class='ocrx_word' id='word_1_282' title='bbox 310 2353 425 2423; x_wconf 70' lang='grc' dir='ltr'><strong>γὰρ</strong></span> <span class='ocrx_word' id='word_1_283' title='bbox 454 2354 632 2408; x_wconf 67' lang='grc' dir='ltr'><strong>οὐδενὶ</strong></span> <span class='ocrx_word' id='word_1_284' title='bbox 650 2353 758 2405; x_wconf 82' lang='grc' dir='ltr'><strong>τῶν</strong></span> <span class='ocrx_word' id='word_1_285' title='bbox 783 2355 883 2422; x_wconf 84' lang='grc' dir='ltr'><strong>τῆς</strong></span> <span class='ocrx_word' id='word_1_286' title='bbox 931 2351 1095 2420; x_wconf 80' lang='grc' dir='ltr'><strong>ἁγίας</strong></span> <span class='ocrx_word' id='word_1_287' title='bbox 1146 2352 1356 2415; x_wconf 85' lang='grc' dir='ltr'><strong>πόλεως</strong></span> <span class='ocrx_word' id='word_1_288' title='bbox 1403 2349 1771 2420; x_wconf 77' lang='grc' dir='ltr'><strong>ἐδηλώθησαν,</strong></span> <span class='ocrx_word' id='word_1_289' title='bbox 1817 2351 1883 2419; x_wconf 79' lang='grc' dir='ltr'><strong>τῇ</strong></span> 
     </span>
    </p>
   </div>
   <div class='ocr_carea' id='block_1_42' title="bbox 312 2437 1882 2514">
    <p class='ocr_par' dir='ltr' id='par_1_42' title="bbox 312 2437 1882 2514">
     <span class='ocr_line' id='line_1_42' title="bbox 312 2437 1882 2514; baseline -0.004 -17"><span class='ocrx_word' id='word_1_290' title='bbox 312 2445 464 2514; x_wconf 68' lang='grc' dir='ltr'><strong>ἄκρᾳ</strong></span> <span class='ocrx_word' id='word_1_291' title='bbox 493 2444 635 2497; x_wconf 76' lang='grc' dir='ltr'><strong>αἰδοῖ</strong></span> <span class='ocrx_word' id='word_1_292' title='bbox 659 2459 718 2496; x_wconf 85' lang='grc' dir='ltr'><strong>τε</strong></span> <span class='ocrx_word' id='word_1_293' title='bbox 755 2445 851 2496; x_wconf 75' lang='grc' dir='ltr'><strong>καὶ</strong></span> <span class='ocrx_word' id='word_1_294' title='bbox 879 2442 1112 2513; x_wconf 76' lang='grc' dir='ltr'><strong>συστολῇ</strong></span> <span class='ocrx_word' id='word_1_295' title='bbox 1147 2441 1224 2513; x_wconf 82' lang='grc' dir='ltr'><strong>μὴ</strong></span> <span class='ocrx_word' id='word_1_296' title='bbox 1247 2441 1528 2511; x_wconf 82' lang='grc' dir='ltr'><strong>τολμήσας</strong></span> <span class='ocrx_word' id='word_1_297' title='bbox 1559 2437 1782 2509; x_wconf 78' lang='grc' dir='ltr'><strong>ἕρεσθαί</strong></span> <span class='ocrx_word' id='word_1_298' title='bbox 1809 2454 1882 2504; x_wconf 88' lang='grc' dir='ltr'><strong>τι,</strong></span> 
     </span>
    </p>
   </div>
   <div class='ocr_carea' id='block_1_43' title="bbox 312 2530 1882 2605">
    <p class='ocr_par' dir='ltr' id='par_1_43' title="bbox 312 2530 1882 2605">
     <span class='ocr_line' id='line_1_43' title="bbox 312 2530 1882 2605; baseline -0.004 -17"><span class='ocrx_word' id='word_1_299' title='bbox 312 2537 462 2598; x_wconf 62' lang='lat' dir='ltr'><strong>hab;</strong></span> <span class='ocrx_word' id='word_1_300' title='bbox 493 2538 759 2605; x_wconf 73' lang='grc' dir='ltr'><strong>εἱστήκει.</strong></span> <span class='ocrx_word' id='word_1_301' title='bbox 792 2531 929 2588; x_wconf 78' lang='grc' dir='ltr'><strong>Εἶτα</strong></span> <span class='ocrx_word' id='word_1_302' title='bbox 949 2534 1186 2597; x_wconf 73' lang='grc' dir='ltr'><strong>καὶτοὺς</strong></span> <span class='ocrx_word' id='word_1_303' title='bbox 1216 2534 1439 2605; x_wconf 84' lang='grc' dir='ltr'><strong>ἐτέρους</strong></span> <span class='ocrx_word' id='word_1_304' title='bbox 1471 2533 1562 2585; x_wconf 85' lang='grc' dir='ltr'><strong>δύο</strong></span> <span class='ocrx_word' id='word_1_305' title='bbox 1583 2533 1692 2584; x_wconf 79' lang='grc' dir='ltr'><strong>τῶν</strong></span> <span class='ocrx_word' id='word_1_306' title='bbox 1719 2530 1882 2583; x_wconf 83' lang='grc' dir='ltr'><strong>ἀδελ-</strong></span> 
     </span>
    </p>
   </div>
   <div class='ocr_carea' id='block_1_44' title="bbox 315 2623 1883 2696">
    <p class='ocr_par' dir='ltr' id='par_1_44' title="bbox 315 2623 1883 2696">
     <span class='ocr_line' id='line_1_44' title="bbox 315 2623 1883 2696; baseline -0.003 -19"><span class='ocrx_word' id='word_1_307' title='bbox 315 2627 431 2695; x_wconf 78' lang='grc' dir='ltr'><strong>φῶν</strong></span> <span class='ocrx_word' id='word_1_308' title='bbox 460 2627 718 2695; x_wconf 74' lang='grc' dir='ltr'><strong>φωνήσας</strong></span> <span class='ocrx_word' id='word_1_309' title='bbox 745 2628 773 2679; x_wconf 93' lang='grc' dir='ltr'><strong>ό</strong></span> <span class='ocrx_word' id='word_1_310' title='bbox 797 2626 1172 2696; x_wconf 77' lang='grc' dir='ltr'><strong>πατριάρχης,</strong></span> <span class='ocrx_word' id='word_1_311' title='bbox 1200 2625 1373 2694; x_wconf 84' lang='grc' dir='ltr'><strong>Κύριε</strong></span> <span class='ocrx_word' id='word_1_312' title='bbox 1409 2623 1553 2677; x_wconf 78' lang='grc' dir='ltr'><strong>ἁϐὀᾶ</strong></span> <span class='ocrx_word' id='word_1_313' title='bbox 1579 2623 1883 2693; x_wconf 78' lang='grc' dir='ltr'><strong>Σεραπίων,</strong></span> 
     </span>
    </p>
   </div>
   <div class='ocr_carea' id='block_1_45' title="bbox 313 2714 1887 2788">
    <p class='ocr_par' dir='ltr' id='par_1_45' title="bbox 313 2714 1887 2788">
     <span class='ocr_line' id='line_1_45' title="bbox 313 2714 1887 2788; baseline -0.001 -19"><span class='ocrx_word' id='word_1_314' title='bbox 313 2717 482 2785; x_wconf 75' lang='grc' dir='ltr'><strong>λέγει,</strong></span> <span class='ocrx_word' id='word_1_315' title='bbox 519 2718 618 2771; x_wconf 79' lang='grc' dir='ltr'><strong>καὶ</strong></span> <span class='ocrx_word' id='word_1_316' title='bbox 651 2719 739 2784; x_wconf 73' lang='grc' dir='ltr'><strong>σὺ,</strong></span> <span class='ocrx_word' id='word_1_317' title='bbox 761 2717 936 2788; x_wconf 85' lang='grc' dir='ltr'><strong>Κύριε</strong></span> <span class='ocrx_word' id='word_1_318' title='bbox 989 2719 1231 2781; x_wconf 86' lang='grc' dir='ltr'><strong>Λεόντιε,</strong></span> <span class='ocrx_word' id='word_1_319' title='bbox 1275 2717 1438 2788; x_wconf 83' lang='grc' dir='ltr'><strong>χάριν</strong></span> <span class='ocrx_word' id='word_1_320' title='bbox 1491 2716 1600 2786; x_wconf 79' lang='grc' dir='ltr'><strong>ἔχω</strong></span> <span class='ocrx_word' id='word_1_321' title='bbox 1639 2714 1758 2785; x_wconf 83' lang='grc' dir='ltr'><strong>Θεῷ</strong></span> <span class='ocrx_word' id='word_1_322' title='bbox 1809 2714 1887 2784; x_wconf 83' lang='grc' dir='ltr'><strong>τῷ</strong></span> 
     </span>
    </p>
   </div>
   <div class='ocr_carea' id='block_1_46' title="bbox 312 2807 1888 2880">
    <p class='ocr_par' dir='ltr' id='par_1_46' title="bbox 312 2807 1888 2880">
     <span class='ocr_line' id='line_1_46' title="bbox 312 2807 1888 2880; baseline -0.001 -18"><span class='ocrx_word' id='word_1_323' title='bbox 312 2810 704 2878; x_wconf 60' lang='grc' dir='ltr'><strong>διαφιτίσαντι</strong></span> <span class='ocrx_word' id='word_1_324' title='bbox 729 2812 830 2874; x_wconf 80' lang='grc' dir='ltr'><strong>τὰς</strong></span> <span class='ocrx_word' id='word_1_325' title='bbox 857 2811 1132 2880; x_wconf 79' lang='grc' dir='ltr'><strong>ὑμετέρας</strong></span> <span class='ocrx_word' id='word_1_326' title='bbox 1173 2810 1372 2880; x_wconf 74' lang='grc' dir='ltr'><strong>ψυχὰς,</strong></span> <span class='ocrx_word' id='word_1_327' title='bbox 1430 2809 1673 2862; x_wconf 79' lang='grc' dir='ltr'><strong>τοιοῦτον</strong></span> <span class='ocrx_word' id='word_1_328' title='bbox 1717 2807 1888 2876; x_wconf 78' lang='grc' dir='ltr'><strong>ἄνδρα</strong></span> 
     </span>
    </p>
   </div>
   <div class='ocr_carea' id='block_1_47' title="bbox 318 2900 1886 2974">
    <p class='ocr_par' dir='ltr' id='par_1_47' title="bbox 318 2900 1886 2974">
     <span class='ocr_line' id='line_1_47' title="bbox 318 2900 1886 2974; baseline -0.002 -19"><span class='ocrx_word' id='word_1_329' title='bbox 318 2904 439 2973; x_wconf 81' lang='grc' dir='ltr'><strong>μεθ’</strong></span> <span class='ocrx_word' id='word_1_330' title='bbox 477 2904 656 2974; x_wconf 80' lang='grc' dir='ltr'><strong>ὑμῶν,</strong></span> <span class='ocrx_word' id='word_1_331' title='bbox 681 2907 761 2968; x_wconf 86' lang='grc' dir='ltr'><strong>είς</strong></span> <span class='ocrx_word' id='word_1_332' title='bbox 789 2907 918 2968; x_wconf 85' lang='grc' dir='ltr'><strong>τοὺς</strong></span> <span class='ocrx_word' id='word_1_333' title='bbox 953 2906 1141 2974; x_wconf 74' lang='grc' dir='ltr'><strong>ἁγίους</strong></span> <span class='ocrx_word' id='word_1_334' title='bbox 1186 2904 1376 2958; x_wconf 81' lang='grc' dir='ltr'><strong>τούσδε</strong></span> <span class='ocrx_word' id='word_1_335' title='bbox 1434 2900 1886 2973; x_wconf 69' lang='grc' dir='ltr'><strong>ωμπαραλαῦεῖν</strong></span> 
     </span>
    </p>
   </div>
   <div class='ocr_carea' id='block_1_48' title="bbox 315 2991 1886 3066">
    <p class='ocr_par' dir='ltr' id='par_1_48' title="bbox 315 2991 1886 3066">
     <span class='ocr_line' id='line_1_48' title="bbox 315 2991 1886 3066; baseline -0.001 -19"><span class='ocrx_word' id='word_1_336' title='bbox 315 2999 538 3063; x_wconf 75' lang='grc' dir='ltr'><strong>τόπους,</strong></span> <span class='ocrx_word' id='word_1_337' title='bbox 566 2995 708 3050; x_wconf 75' lang='grc' dir='ltr'><strong>οὕτω</strong></span> <span class='ocrx_word' id='word_1_338' title='bbox 729 2997 850 3066; x_wconf 77' lang='grc' dir='ltr'><strong>μὲν,</strong></span> <span class='ocrx_word' id='word_1_339' title='bbox 882 2997 1258 3062; x_wconf 81' lang='grc' dir='ltr'><strong>ἁποστολικῶς</strong></span> <span class='ocrx_word' id='word_1_340' title='bbox 1283 2996 1474 3066; x_wconf 78' lang='grc' dir='ltr'><strong>φάναι,</strong></span> <span class='ocrx_word' id='word_1_341' title='bbox 1507 2995 1586 3065; x_wconf 79' lang='grc' dir='ltr'><strong>τῷ</strong></span> <span class='ocrx_word' id='word_1_342' title='bbox 1614 2991 1886 3063; x_wconf 85' lang='grc' dir='ltr'><strong>πνεύματι</strong></span> 
     </span>
    </p>
   </div>
   <div class='ocr_carea' id='block_1_49' title="bbox 317 3085 1957 3184">
    <p class='ocr_par' dir='ltr' id='par_1_49' title="bbox 317 3085 1957 3184">
     <span class='ocr_line' id='line_1_49' title="bbox 317 3085 1957 3184; baseline -0.001 -47"><span class='ocrx_word' id='word_1_343' title='bbox 317 3087 533 3153; x_wconf 78' lang='grc' dir='ltr'><strong>ζέοντα,</strong></span> <span class='ocrx_word' id='word_1_344' title='bbox 562 3088 756 3159; x_wconf 77' lang='grc' dir='ltr'><strong>καὶτῷ</strong></span> <span class='ocrx_word' id='word_1_345' title='bbox 795 3090 970 3162; x_wconf 84' lang='grc' dir='ltr'><strong>κυρίῳ</strong></span> <span class='ocrx_word' id='word_1_346' title='bbox 1016 3088 1360 3155; x_wconf 83' lang='grc' dir='ltr'><strong>δουλεύοντα,</strong></span> <span class='ocrx_word' id='word_1_347' title='bbox 1385 3086 1528 3140; x_wconf 76' lang='grc' dir='ltr'><strong>οὕτω</strong></span> <span class='ocrx_word' id='word_1_348' title='bbox 1549 3085 1606 3139; x_wconf 81' lang='grc' dir='ltr'><strong>δέ</strong></span> <span class='ocrx_word' id='word_1_349' title='bbox 1655 3100 1888 3155; x_wconf 80' lang='grc' dir='ltr'><strong>προσευ-</strong></span> <span class='ocrx_word' id='word_1_350' title='bbox 1913 3125 1957 3184; x_wconf 75' lang='lat' dir='ltr'><strong><em>C</em></strong></span> 
     </span>
    </p>
   </div>
   <div class='ocr_carea' id='block_1_50' title="bbox 316 3174 1883 3251">
    <p class='ocr_par' dir='ltr' id='par_1_50' title="bbox 316 3174 1883 3251">
     <span class='ocr_line' id='line_1_50' title="bbox 316 3174 1883 3251; baseline -0.01 -12"><span class='ocrx_word' id='word_1_351' title='bbox 316 3178 417 3244; x_wconf 75' lang='grc' dir='ltr'><strong>κῆς</strong></span> <span class='ocrx_word' id='word_1_352' title='bbox 474 3176 710 3247; x_wconf 79' lang='grc' dir='ltr'><strong>ἀμώμου</strong></span> <span class='ocrx_word' id='word_1_353' title='bbox 745 3178 836 3231; x_wconf 79' lang='grc' dir='ltr'><strong>καὶ</strong></span> <span class='ocrx_word' id='word_1_354' title='bbox 893 3179 1362 3251; x_wconf 77' lang='grc' dir='ltr'><strong>μετριοφροσύνης</strong></span> <span class='ocrx_word' id='word_1_355' title='bbox 1418 3174 1883 3245; x_wconf 82' lang='grc' dir='ltr'><strong>ἐπιμελούμενονο</strong></span> 
     </span>
    </p>
   </div>
   <div class='ocr_carea' id='block_1_51' title="bbox 315 3266 1886 3342">
    <p class='ocr_par' dir='ltr' id='par_1_51' title="bbox 315 3266 1886 3342">
     <span class='ocr_line' id='line_1_51' title="bbox 315 3266 1886 3342; baseline 0.003 -24"><span class='ocrx_word' id='word_1_356' title='bbox 315 3269 435 3319; x_wconf 68' lang='grc' dir='ltr'><strong>οὐδὲ</strong></span> <span class='ocrx_word' id='word_1_357' title='bbox 475 3269 584 3338; x_wconf 71' lang='grc' dir='ltr'><strong>γὰρ</strong></span> <span class='ocrx_word' id='word_1_358' title='bbox 618 3268 995 3341; x_wconf 73' lang='grc' dir='ltr'><strong>ἀποκρύψεται</strong></span> <span class='ocrx_word' id='word_1_359' title='bbox 1026 3271 1120 3340; x_wconf 78' lang='grc' dir='ltr'><strong>ἀφ’</strong></span> <span class='ocrx_word' id='word_1_360' title='bbox 1145 3272 1300 3342; x_wconf 78' lang='grc' dir='ltr'><strong>ἡμῶν</strong></span> <span class='ocrx_word' id='word_1_361' title='bbox 1331 3272 1401 3326; x_wconf 74' lang='grc' dir='ltr'><strong>τὰ</strong></span> <span class='ocrx_word' id='word_1_362' title='bbox 1424 3271 1546 3325; x_wconf 83' lang='grc' dir='ltr'><strong>κατ’</strong></span> <span class='ocrx_word' id='word_1_363' title='bbox 1578 3271 1762 3324; x_wconf 80' lang='grc' dir='ltr'><strong>αὐτόν’</strong></span> <span class='ocrx_word' id='word_1_364' title='bbox 1793 3266 1886 3336; x_wconf 80' lang='grc' dir='ltr'><strong>δῆ-</strong></span> 
     </span>
    </p>
   </div>
   <div class='ocr_carea' id='block_1_52' title="bbox 315 3356 1890 3430">
    <p class='ocr_par' dir='ltr' id='par_1_52' title="bbox 315 3356 1890 3430">
     <span class='ocr_line' id='line_1_52' title="bbox 315 3356 1890 3430; baseline 0.001 -22"><span class='ocrx_word' id='word_1_365' title='bbox 315 3358 383 3408; x_wconf 81' lang='grc' dir='ltr'><strong>λα</strong></span> <span class='ocrx_word' id='word_1_366' title='bbox 405 3356 462 3409; x_wconf 77' lang='grc' dir='ltr'><strong>δὲ</strong></span> <span class='ocrx_word' id='word_1_367' title='bbox 497 3359 594 3410; x_wconf 74' lang='grc' dir='ltr'><strong>καὶ</strong></span> <span class='ocrx_word' id='word_1_368' title='bbox 624 3359 756 3428; x_wconf 82' lang='grc' dir='ltr'><strong>ὑμῖν</strong></span> <span class='ocrx_word' id='word_1_369' title='bbox 804 3359 979 3412; x_wconf 73' lang='grc' dir='ltr'><strong>ἔσται·</strong></span> <span class='ocrx_word' id='word_1_370' title='bbox 1005 3359 1237 3430; x_wconf 83' lang='grc' dir='ltr'><strong>ἐροῦμεν</strong></span> <span class='ocrx_word' id='word_1_371' title='bbox 1266 3362 1376 3430; x_wconf 77' lang='grc' dir='ltr'><strong>γὰρ</strong></span> <span class='ocrx_word' id='word_1_372' title='bbox 1411 3360 1538 3430; x_wconf 75' lang='grc' dir='ltr'><strong>περὶ</strong></span> <span class='ocrx_word' id='word_1_373' title='bbox 1576 3356 1890 3422; x_wconf 81' lang='grc' dir='ltr'><strong>αὑτῶν,εύ-</strong></span> 
     </span>
    </p>
   </div>
   <div class='ocr_carea' id='block_1_53' title="bbox 319 3448 1889 3522">
    <p class='ocr_par' dir='ltr' id='par_1_53' title="bbox 319 3448 1889 3522">
     <span class='ocr_line' id='line_1_53' title="bbox 319 3448 1889 3522; baseline -0.001 -21"><span class='ocrx_word' id='word_1_374' title='bbox 319 3450 478 3503; x_wconf 63' lang='grc' dir='ltr'><strong>[ἐτου</strong></span> <span class='ocrx_word' id='word_1_375' title='bbox 515 3451 772 3520; x_wconf 81' lang='grc' dir='ltr'><strong>τυχόντες</strong></span> <span class='ocrx_word' id='word_1_376' title='bbox 804 3452 1024 3522; x_wconf 80' lang='grc' dir='ltr'><strong>καιροῦ.</strong></span> <span class='ocrx_word' id='word_1_377' title='bbox 1065 3452 1207 3521; x_wconf 86' lang='grc' dir='ltr'><strong>Ὥρα</strong></span> <span class='ocrx_word' id='word_1_378' title='bbox 1235 3451 1292 3507; x_wconf 87' lang='grc' dir='ltr'><strong>δέ</strong></span> <span class='ocrx_word' id='word_1_379' title='bbox 1334 3453 1429 3505; x_wconf 76' lang='grc' dir='ltr'><strong>νῦν</strong></span> <span class='ocrx_word' id='word_1_380' title='bbox 1461 3452 1559 3522; x_wconf 76' lang='grc' dir='ltr'><strong>τὴν</strong></span> <span class='ocrx_word' id='word_1_381' title='bbox 1594 3450 1742 3504; x_wconf 83' lang='grc' dir='ltr'><strong>θείαν</strong></span> <span class='ocrx_word' id='word_1_382' title='bbox 1794 3448 1889 3502; x_wconf 77' lang='grc' dir='ltr'><strong>καὶ</strong></span> 
     </span>
    </p>
   </div>
   <div class='ocr_carea' id='block_1_54' title="bbox 319 3541 1697 3615">
    <p class='ocr_par' dir='ltr' id='par_1_54' title="bbox 319 3541 1697 3615">
     <span class='ocr_line' id='line_1_54' title="bbox 319 3541 1697 3615; baseline 0.001 -21"><span class='ocrx_word' id='word_1_383' title='bbox 319 3541 592 3612; x_wconf 73' lang='grc' dir='ltr'><strong>μυστικὴν</strong></span> <span class='ocrx_word' id='word_1_384' title='bbox 626 3544 938 3614; x_wconf 81' lang='grc' dir='ltr'><strong>ἱερουργίαν</strong></span> <span class='ocrx_word' id='word_1_385' title='bbox 972 3543 1051 3615; x_wconf 79' lang='grc' dir='ltr'><strong>τῷ</strong></span> <span class='ocrx_word' id='word_1_386' title='bbox 1085 3544 1274 3614; x_wconf 81' lang='grc' dir='ltr'><strong>Κυρίῳ</strong></span> <span class='ocrx_word' id='word_1_387' title='bbox 1305 3544 1697 3612; x_wconf 83' lang='grc' dir='ltr'><strong>προσαγαγεῖν.</strong></span> 
     </span>
    </p>
   </div>
   <div class='ocr_carea' id='block_1_55' title="bbox 389 3805 1890 3880">
    <p class='ocr_par' dir='ltr' id='par_1_55' title="bbox 389 3805 1890 3880">
     <span class='ocr_line' id='line_1_55' title="bbox 389 3805 1890 3880; baseline 0.002 -21"><span class='ocrx_word' id='word_1_388' title='bbox 389 3805 490 3861; x_wconf 72' lang='grc' dir='ltr'><strong>[Αν.</strong></span> <span class='ocrx_word' id='word_1_389' title='bbox 525 3805 709 3859; x_wconf 75' lang='grc' dir='ltr'><strong>Ταῦτα</strong></span> <span class='ocrx_word' id='word_1_390' title='bbox 743 3806 912 3860; x_wconf 81' lang='grc' dir='ltr'><strong>εἰπὼν</strong></span> <span class='ocrx_word' id='word_1_391' title='bbox 935 3807 1073 3879; x_wconf 72' lang='grc' dir='ltr'><strong>πρὸς</strong></span> <span class='ocrx_word' id='word_1_392' title='bbox 1101 3810 1192 3863; x_wconf 80' lang='grc' dir='ltr'><strong>τὸν</strong></span> <span class='ocrx_word' id='word_1_393' title='bbox 1215 3809 1359 3880; x_wconf 79' lang='grc' dir='ltr'><strong>ἱερὸν</strong></span> <span class='ocrx_word' id='word_1_394' title='bbox 1387 3806 1558 3880; x_wconf 75' lang='grc' dir='ltr'><strong>ἀπῄει.</strong></span> <span class='ocrx_word' id='word_1_395' title='bbox 1597 3809 1744 3872; x_wconf 77' lang='grc' dir='ltr'><strong>ναὸν,</strong></span> <span class='ocrx_word' id='word_1_396' title='bbox 1793 3809 1890 3880; x_wconf 73' lang='grc' dir='ltr'><strong>τὴν</strong></span> 
     </span>
    </p>
   </div>
   <div class='ocr_carea' id='block_1_56' title="bbox 322 3898 1892 3969">
    <p class='ocr_par' dir='ltr' id='par_1_56' title="bbox 322 3898 1892 3969">
     <span class='ocr_line' id='line_1_56' title="bbox 322 3898 1892 3969; baseline 0.001 -19"><span class='ocrx_word' id='word_1_397' title='bbox 322 3900 476 3968; x_wconf 66' lang='grc' dir='ltr'><strong>ἱερᾶν</strong></span> <span class='ocrx_word' id='word_1_398' title='bbox 506 3898 879 3968; x_wconf 84' lang='grc' dir='ltr'><strong>λειτουργείαν</strong></span> <span class='ocrx_word' id='word_1_399' title='bbox 909 3900 1260 3954; x_wconf 82' lang='grc' dir='ltr'><strong>ἐπιτελέσων.</strong></span> <span class='ocrx_word' id='word_1_400' title='bbox 1291 3899 1464 3969; x_wconf 84' lang='grc' dir='ltr'><strong>Ἐστη</strong></span> <span class='ocrx_word' id='word_1_401' title='bbox 1487 3900 1542 3952; x_wconf 87' lang='grc' dir='ltr'><strong>δὲ</strong></span> <span class='ocrx_word' id='word_1_402' title='bbox 1573 3901 1668 3953; x_wconf 75' lang='grc' dir='ltr'><strong>καὶ</strong></span> <span class='ocrx_word' id='word_1_403' title='bbox 1695 3901 1722 3952; x_wconf 82' lang='grc' dir='ltr'><strong>ό</strong></span> <span class='ocrx_word' id='word_1_404' title='bbox 1749 3899 1892 3964; x_wconf 89' lang='grc' dir='ltr'><strong>θεῖος</strong></span> 
     </span>
    </p>
   </div>
   <div class='ocr_carea' id='block_1_57' title="bbox 320 3991 1892 4062">
    <p class='ocr_par' dir='ltr' id='par_1_57' title="bbox 320 3991 1892 4062">
     <span class='ocr_line' id='line_1_57' title="bbox 320 3991 1892 4062; baseline 0.002 -18"><span class='ocrx_word' id='word_1_405' title='bbox 320 3993 358 4044; x_wconf 89' lang='grc' dir='ltr'><strong>Γ</strong></span> <span class='ocrx_word' id='word_1_406' title='bbox 363 3993 620 4062; x_wconf 68' lang='grc' dir='ltr'><strong>ρ.,γόριος</strong></span> <span class='ocrx_word' id='word_1_407' title='bbox 648 3995 706 4044; x_wconf 84' lang='grc' dir='ltr'><strong>ἐν</strong></span> <span class='ocrx_word' id='word_1_408' title='bbox 727 3991 876 4062; x_wconf 74' lang='grc' dir='ltr'><strong>δεξιᾷ</strong></span> <span class='ocrx_word' id='word_1_409' title='bbox 902 3991 996 4045; x_wconf 82' lang='grc' dir='ltr'><strong>τοῦ</strong></span> <span class='ocrx_word' id='word_1_410' title='bbox 1041 3991 1314 4062; x_wconf 74' lang='grc' dir='ltr'><strong>ἄμϐωνας,</strong></span> <span class='ocrx_word' id='word_1_411' title='bbox 1362 3992 1718 4056; x_wconf 79' lang='grc' dir='ltr'><strong>κελεύσαντος</strong></span> <span class='ocrx_word' id='word_1_412' title='bbox 1751 3991 1892 4047; x_wconf 74' lang='grc' dir='ltr'><strong>οὕτω</strong></span> 
     </span>
    </p>
   </div>
   <div class='ocr_carea' id='block_1_58' title="bbox 317 4082 1894 4154">
    <p class='ocr_par' dir='ltr' id='par_1_58' title="bbox 317 4082 1894 4154">
     <span class='ocr_line' id='line_1_58' title="bbox 317 4082 1894 4154; baseline 0.003 -19"><span class='ocrx_word' id='word_1_413' title='bbox 317 4083 411 4136; x_wconf 79' lang='grc' dir='ltr'><strong>τοῦ</strong></span> <span class='ocrx_word' id='word_1_414' title='bbox 450 4084 814 4154; x_wconf 81' lang='grc' dir='ltr'><strong>πατριάρχου.</strong></span> <span class='ocrx_word' id='word_1_415' title='bbox 844 4082 1052 4153; x_wconf 78' lang='grc' dir='ltr'><strong>Πολλῆς</strong></span> <span class='ocrx_word' id='word_1_416' title='bbox 1082 4082 1138 4135; x_wconf 79' lang='grc' dir='ltr'><strong>δὲ</strong></span> <span class='ocrx_word' id='word_1_417' title='bbox 1171 4083 1335 4136; x_wconf 79' lang='grc' dir='ltr'><strong>αὑτὸν</strong></span> <span class='ocrx_word' id='word_1_418' title='bbox 1397 4085 1745 4150; x_wconf 81' lang='grc' dir='ltr'><strong>κατανύξεως</strong></span> <span class='ocrx_word' id='word_1_419' title='bbox 1796 4087 1894 4139; x_wconf 75' lang='grc' dir='ltr'><strong>καὶ</strong></span> 
     </span>
    </p>
   </div>
   <div class='ocr_carea' id='block_1_59' title="bbox 321 4168 1893 4250">
    <p class='ocr_par' dir='ltr' id='par_1_59' title="bbox 321 4168 1893 4250">
     <span class='ocr_line' id='line_1_59' title="bbox 321 4168 1893 4250; baseline 0 -20"><span class='ocrx_word' id='word_1_420' title='bbox 321 4178 445 4230; x_wconf 86' lang='grc' dir='ltr'><strong>τότε</strong></span> <span class='ocrx_word' id='word_1_421' title='bbox 473 4177 839 4247; x_wconf 81' lang='grc' dir='ltr'><strong>διαλασούσης</strong></span> <span class='ocrx_word' id='word_1_422' title='bbox 873 4177 1060 4230; x_wconf 80' lang='grc' dir='ltr'><strong>ἵστατο</strong></span> <span class='ocrx_word' id='word_1_423' title='bbox 1093 4177 1242 4231; x_wconf 82' lang='grc' dir='ltr'><strong>κάτω</strong></span> <span class='ocrx_word' id='word_1_424' title='bbox 1269 4178 1438 4232; x_wconf 88' lang='grc' dir='ltr'><strong>νεύων</strong></span> <span class='ocrx_word' id='word_1_425' title='bbox 1459 4179 1552 4232; x_wconf 77' lang='grc' dir='ltr'><strong>καὶ</strong></span> <span class='ocrx_word' id='word_1_426' title='bbox 1612 4168 1893 4250; x_wconf 78' lang='grc' dir='ltr'><strong>ποταμοὺς</strong></span> 
     </span>
    </p>
   </div>
   <div class='ocr_carea' id='block_1_60' title="bbox 319 4268 1893 4340">
    <p class='ocr_par' dir='ltr' id='par_1_60' title="bbox 319 4268 1893 4340">
     <span class='ocr_line' id='line_1_60' title="bbox 319 4268 1893 4340; baseline 0.001 -18"><span class='ocrx_word' id='word_1_427' title='bbox 319 4269 574 4340; x_wconf 77' lang='grc' dir='ltr'><strong>δακρύων</strong></span> <span class='ocrx_word' id='word_1_428' title='bbox 599 4270 716 4322; x_wconf 85' lang='grc' dir='ltr'><strong>τῶν</strong></span> <span class='ocrx_word' id='word_1_429' title='bbox 739 4268 1039 4340; x_wconf 75' lang='grc' dir='ltr'><strong>ὀφθαλμῶν</strong></span> <span class='ocrx_word' id='word_1_430' title='bbox 1096 4269 1299 4337; x_wconf 82' lang='grc' dir='ltr'><strong>ἀφιείς.</strong></span> <span class='ocrx_word' id='word_1_431' title='bbox 1335 4269 1522 4334; x_wconf 81' lang='grc' dir='ltr'><strong>Οὕτως</strong></span> <span class='ocrx_word' id='word_1_432' title='bbox 1579 4269 1673 4324; x_wconf 78' lang='grc' dir='ltr'><strong>οὖν</strong></span> <span class='ocrx_word' id='word_1_433' title='bbox 1717 4270 1893 4340; x_wconf 75' lang='grc' dir='ltr'><strong>ἔχοντι</strong></span> 
     </span>
    </p>
   </div>
   <div class='ocr_carea' id='block_1_61' title="bbox 319 4362 1895 4434">
    <p class='ocr_par' dir='ltr' id='par_1_61' title="bbox 319 4362 1895 4434">
     <span class='ocr_line' id='line_1_61' title="bbox 319 4362 1895 4434; baseline 0.001 -19"><span class='ocrx_word' id='word_1_434' title='bbox 319 4363 359 4415; x_wconf 85' lang='grc' dir='ltr'>Γ</span> <span class='ocrx_word' id='word_1_435' title='bbox 363 4364 627 4433; x_wconf 48' lang='grc' dir='ltr'><strong>ργογορίῳ,</strong></span> <span class='ocrx_word' id='word_1_436' title='bbox 657 4363 753 4416; x_wconf 77' lang='grc' dir='ltr'><strong>καὶ</strong></span> <span class='ocrx_word' id='word_1_437' title='bbox 779 4362 1049 4433; x_wconf 85' lang='grc' dir='ltr'><strong>πνεύματι</strong></span> <span class='ocrx_word' id='word_1_438' title='bbox 1078 4362 1458 4427; x_wconf 83' lang='grc' dir='ltr'><strong>ταπεινώσεως</strong></span> <span class='ocrx_word' id='word_1_439' title='bbox 1491 4364 1753 4434; x_wconf 81' lang='grc' dir='ltr'><strong>ἀκριϐοῦς</strong></span> <span class='ocrx_word' id='word_1_440' title='bbox 1769 4363 1895 4417; x_wconf 83' lang='grc' dir='ltr'><strong>θαλ-</strong></span> 
     </span>
    </p>
   </div>
   <div class='ocr_carea' id='block_1_62' title="bbox 1986 1899 3561 1970">
    <p class='ocr_par' dir='ltr' id='par_1_62' title="bbox 1986 1899 3561 1970">
     <span class='ocr_line' id='line_1_62' title="bbox 1986 1899 3561 1970; baseline -0.002 -15"><span class='ocrx_word' id='word_1_441' title='bbox 1986 1909 2154 1970; x_wconf 85' lang='lat' dir='ltr'><strong>petuo</strong></span> <span class='ocrx_word' id='word_1_442' title='bbox 2174 1901 2379 1966; x_wconf 79' lang='lat' dir='ltr'><strong>laetere,</strong></span> <span class='ocrx_word' id='word_1_443' title='bbox 2413 1900 2612 1970; x_wconf 88' lang='lat' dir='ltr'><strong>inquit,</strong></span> <span class='ocrx_word' id='word_1_444' title='bbox 2641 1901 2824 1953; x_wconf 83' lang='lat' dir='ltr'><strong>Marce</strong></span> <span class='ocrx_word' id='word_1_445' title='bbox 2861 1900 3046 1964; x_wconf 86' lang='lat' dir='ltr'><strong>Pater,</strong></span> <span class='ocrx_word' id='word_1_446' title='bbox 3074 1899 3348 1953; x_wconf 87' lang='lat' dir='ltr'><strong>undenam</strong></span> <span class='ocrx_word' id='word_1_447' title='bbox 3381 1909 3561 1952; x_wconf 89' lang='lat' dir='ltr'><strong>tecum</strong></span> 
     </span>
    </p>
   </div>
   <div class='ocr_carea' id='block_1_63' title="bbox 1985 1988 3563 2059">
    <p class='ocr_par' dir='ltr' id='par_1_63' title="bbox 1985 1988 3563 2059">
     <span class='ocr_line' id='line_1_63' title="bbox 1985 1988 3563 2059; baseline -0.001 -15"><span class='ocrx_word' id='word_1_448' title='bbox 1985 1989 2053 2044; x_wconf 90' lang='lat' dir='ltr'><strong>ad</strong></span> <span class='ocrx_word' id='word_1_449' title='bbox 2085 2004 2186 2044; x_wconf 85' lang='lat' dir='ltr'><strong>nos</strong></span> <span class='ocrx_word' id='word_1_450' title='bbox 2216 1988 2513 2059; x_wconf 81' lang='lat' dir='ltr'><strong>Gregorius</strong></span> <span class='ocrx_word' id='word_1_451' title='bbox 2543 1989 2640 2043; x_wconf 91' lang='lat' dir='ltr'><strong>Dei</strong></span> <span class='ocrx_word' id='word_1_452' title='bbox 2686 2004 2879 2044; x_wconf 88' lang='lat' dir='ltr'><strong>servus</strong></span> <span class='ocrx_word' id='word_1_453' title='bbox 2921 1988 3040 2055; x_wconf 88' lang='lat' dir='ltr'><strong>ivit,</strong></span> <span class='ocrx_word' id='word_1_454' title='bbox 3065 1988 3159 2058; x_wconf 91' lang='lat' dir='ltr'><strong>qui</strong></span> <span class='ocrx_word' id='word_1_455' title='bbox 3195 1988 3311 2042; x_wconf 89' lang='lat' dir='ltr'><strong>loca</strong></span> <span class='ocrx_word' id='word_1_456' title='bbox 3371 1988 3563 2042; x_wconf 72' lang='lat' dir='ltr'><strong>isthaec</strong></span> 
     </span>
    </p>
   </div>
   <div class='ocr_carea' id='block_1_64' title="bbox 1986 2078 3559 2151">
    <p class='ocr_par' dir='ltr' id='par_1_64' title="bbox 1986 2078 3559 2151">
     <span class='ocr_line' id='line_1_64' title="bbox 1986 2078 3559 2151; baseline -0.001 -17"><span class='ocrx_word' id='word_1_457' title='bbox 1986 2080 2245 2135; x_wconf 88' lang='lat' dir='ltr'><strong>salutaria</strong></span> <span class='ocrx_word' id='word_1_458' title='bbox 2294 2097 2470 2151; x_wconf 86' lang='lat' dir='ltr'><strong>nuper</strong></span> <span class='ocrx_word' id='word_1_459' title='bbox 2520 2081 2729 2135; x_wconf 87' lang='lat' dir='ltr'><strong>adivit?</strong></span> <span class='ocrx_word' id='word_1_460' title='bbox 2763 2080 2863 2136; x_wconf 90' lang='lat' dir='ltr'><strong>Cui</strong></span> <span class='ocrx_word' id='word_1_461' title='bbox 2913 2081 3253 2135; x_wconf 88' lang='lat' dir='ltr'><strong>monachus:</strong></span> <span class='ocrx_word' id='word_1_462' title='bbox 3292 2078 3407 2132; x_wconf 87' lang='lat' dir='ltr'><strong>Non</strong></span> <span class='ocrx_word' id='word_1_463' title='bbox 3437 2092 3559 2142; x_wconf 86' lang='lat' dir='ltr'><strong>nos,</strong></span> 
     </span>
    </p>
   </div>
   <div class='ocr_carea' id='block_1_65' title="bbox 1987 2168 3560 2240">
    <p class='ocr_par' dir='ltr' id='par_1_65' title="bbox 1987 2168 3560 2240">
     <span class='ocr_line' id='line_1_65' title="bbox 1987 2168 3560 2240; baseline -0.001 -16"><span class='ocrx_word' id='word_1_464' title='bbox 1987 2171 2186 2240; x_wconf 89' lang='lat' dir='ltr'><strong>inquit,</strong></span> <span class='ocrx_word' id='word_1_465' title='bbox 2219 2171 2410 2234; x_wconf 85' lang='lat' dir='ltr'><strong>istum.</strong></span> <span class='ocrx_word' id='word_1_466' title='bbox 2445 2172 2541 2228; x_wconf 85' lang='lat' dir='ltr'><strong>sed</strong></span> <span class='ocrx_word' id='word_1_467' title='bbox 2569 2171 2842 2232; x_wconf 87' lang='lat' dir='ltr'><strong>Christus.</strong></span> <span class='ocrx_word' id='word_1_468' title='bbox 2872 2187 2906 2226; x_wconf 90' lang='grc' dir='ltr'><strong>ο</strong></span> <span class='ocrx_word' id='word_1_469' title='bbox 2947 2172 3130 2234; x_wconf 88' lang='lat' dir='ltr'><strong>Pater,</strong></span> <span class='ocrx_word' id='word_1_470' title='bbox 3164 2181 3366 2238; x_wconf 89' lang='lat' dir='ltr'><strong>tuaque</strong></span> <span class='ocrx_word' id='word_1_471' title='bbox 3395 2168 3560 2223; x_wconf 75' lang='lat' dir='ltr'><strong>adve-</strong></span> 
     </span>
    </p>
   </div>
   <div class='ocr_carea' id='block_1_66' title="bbox 1986 2257 3562 2330">
    <p class='ocr_par' dir='ltr' id='par_1_66' title="bbox 1986 2257 3562 2330">
     <span class='ocr_line' id='line_1_66' title="bbox 1986 2257 3562 2330; baseline 0.001 -20"><span class='ocrx_word' id='word_1_472' title='bbox 1986 2257 2064 2310; x_wconf 80' lang='lat' dir='ltr'><strong>xit</strong></span> <span class='ocrx_word' id='word_1_473' title='bbox 2094 2257 2354 2327; x_wconf 76' lang='lat' dir='ltr'><strong>precatio.</strong></span> <span class='ocrx_word' id='word_1_474' title='bbox 2385 2259 2587 2315; x_wconf 82' lang='lat' dir='ltr'><strong>Verum</strong></span> <span class='ocrx_word' id='word_1_475' title='bbox 2615 2258 2918 2329; x_wconf 81' lang='lat' dir='ltr'><strong>Gregorius</strong></span> <span class='ocrx_word' id='word_1_476' title='bbox 2945 2261 3143 2314; x_wconf 79' lang='lat' dir='ltr'><strong>timore</strong></span> <span class='ocrx_word' id='word_1_477' title='bbox 3175 2261 3464 2330; x_wconf 77' lang='lat' dir='ltr'><strong>perculsus</strong></span> <span class='ocrx_word' id='word_1_478' title='bbox 3489 2259 3562 2313; x_wconf 77' lang='lat' dir='ltr'><strong>ob</strong></span> 
     </span>
    </p>
   </div>
   <div class='ocr_carea' id='block_1_67' title="bbox 1987 2349 3560 2421">
    <p class='ocr_par' dir='ltr' id='par_1_67' title="bbox 1987 2349 3560 2421">
     <span class='ocr_line' id='line_1_67' title="bbox 1987 2349 3560 2421; baseline 0 -17"><span class='ocrx_word' id='word_1_479' title='bbox 1987 2349 2072 2404; x_wconf 88' lang='lat' dir='ltr'><strong>sui</strong></span> <span class='ocrx_word' id='word_1_480' title='bbox 2131 2365 2195 2404; x_wconf 84' lang='lat' dir='ltr'><strong>ac</strong></span> <span class='ocrx_word' id='word_1_481' title='bbox 2249 2349 2416 2405; x_wconf 80' lang='lat' dir='ltr'><strong>Marci</strong></span> <span class='ocrx_word' id='word_1_482' title='bbox 2490 2351 2746 2405; x_wconf 83' lang='lat' dir='ltr'><strong>monachi</strong></span> <span class='ocrx_word' id='word_1_483' title='bbox 2819 2351 3240 2420; x_wconf 86' lang='lat' dir='ltr'><strong>appellationem</strong></span> <span class='ocrx_word' id='word_1_484' title='bbox 3293 2352 3560 2421; x_wconf 85' lang='lat' dir='ltr'><strong>(necdum</strong></span> 
     </span>
    </p>
   </div>
   <div class='ocr_carea' id='block_1_68' title="bbox 1985 2440 3559 2509">
    <p class='ocr_par' dir='ltr' id='par_1_68' title="bbox 1985 2440 3559 2509">
     <span class='ocr_line' id='line_1_68' title="bbox 1985 2440 3559 2509; baseline -0.001 -14"><span class='ocrx_word' id='word_1_485' title='bbox 1985 2441 2135 2496; x_wconf 89' lang='lat' dir='ltr'><strong>enim</strong></span> <span class='ocrx_word' id='word_1_486' title='bbox 2185 2441 2422 2509; x_wconf 88' lang='lat' dir='ltr'><strong>cuipiam</strong></span> <span class='ocrx_word' id='word_1_487' title='bbox 2467 2451 2671 2496; x_wconf 80' lang='lat' dir='ltr'><strong>sancta:</strong></span> <span class='ocrx_word' id='word_1_488' title='bbox 2729 2440 2968 2497; x_wconf 84' lang='lat' dir='ltr'><strong>civitatis</strong></span> <span class='ocrx_word' id='word_1_489' title='bbox 3009 2440 3406 2502; x_wconf 82' lang='lat' dir='ltr'><strong>innotuerant),</strong></span> <span class='ocrx_word' id='word_1_490' title='bbox 3463 2455 3559 2493; x_wconf 84' lang='lat' dir='ltr'><strong>ru-</strong></span> 
     </span>
    </p>
   </div>
   <div class='ocr_carea' id='block_1_69' title="bbox 1987 2531 3563 2605">
    <p class='ocr_par' dir='ltr' id='par_1_69' title="bbox 1987 2531 3563 2605">
     <span class='ocr_line' id='line_1_69' title="bbox 1987 2531 3563 2605; baseline -0.002 -17"><span class='ocrx_word' id='word_1_491' title='bbox 1987 2533 2119 2588; x_wconf 89' lang='lat' dir='ltr'><strong>bore</strong></span> <span class='ocrx_word' id='word_1_492' title='bbox 2139 2549 2271 2589; x_wconf 88' lang='lat' dir='ltr'><strong>sane</strong></span> <span class='ocrx_word' id='word_1_493' title='bbox 2305 2549 2370 2588; x_wconf 90' lang='lat' dir='ltr'><strong>ac</strong></span> <span class='ocrx_word' id='word_1_494' title='bbox 2395 2532 2769 2590; x_wconf 87' lang='lat' dir='ltr'><strong>moderatione</strong></span> <span class='ocrx_word' id='word_1_495' title='bbox 2787 2534 3020 2605; x_wconf 90' lang='lat' dir='ltr'><strong>quadam</strong></span> <span class='ocrx_word' id='word_1_496' title='bbox 3048 2533 3214 2588; x_wconf 83' lang='lat' dir='ltr'><strong>animi</strong></span> <span class='ocrx_word' id='word_1_497' title='bbox 3237 2533 3372 2587; x_wconf 87' lang='lat' dir='ltr'><strong>nihil</strong></span> <span class='ocrx_word' id='word_1_498' title='bbox 3401 2531 3563 2600; x_wconf 88' lang='lat' dir='ltr'><strong>quid-</strong></span> 
     </span>
    </p>
   </div>
   <div class='ocr_carea' id='block_1_70' title="bbox 1987 2623 3559 2697">
    <p class='ocr_par' dir='ltr' id='par_1_70' title="bbox 1987 2623 3559 2697">
     <span class='ocr_line' id='line_1_70' title="bbox 1987 2623 3559 2697; baseline -0.002 -17"><span class='ocrx_word' id='word_1_499' title='bbox 1987 2640 2151 2696; x_wconf 88' lang='lat' dir='ltr'><strong>quam</strong></span> <span class='ocrx_word' id='word_1_500' title='bbox 2204 2639 2372 2681; x_wconf 90' lang='lat' dir='ltr'><strong>ausus</strong></span> <span class='ocrx_word' id='word_1_501' title='bbox 2412 2625 2585 2697; x_wconf 90' lang='lat' dir='ltr'><strong>loqui,</strong></span> <span class='ocrx_word' id='word_1_502' title='bbox 2625 2626 2964 2697; x_wconf 83' lang='lat' dir='ltr'><strong>stupefactus</strong></span> <span class='ocrx_word' id='word_1_503' title='bbox 3017 2627 3292 2680; x_wconf 87' lang='lat' dir='ltr'><strong>manebat.</strong></span> <span class='ocrx_word' id='word_1_504' title='bbox 3349 2623 3559 2678; x_wconf 89' lang='lat' dir='ltr'><strong>Deinde</strong></span> 
     </span>
    </p>
   </div>
   <div class='ocr_carea' id='block_1_71' title="bbox 1988 2714 3563 2787">
    <p class='ocr_par' dir='ltr' id='par_1_71' title="bbox 1988 2714 3563 2787">
     <span class='ocr_line' id='line_1_71' title="bbox 1988 2714 3563 2787; baseline -0.001 -17"><span class='ocrx_word' id='word_1_505' title='bbox 1988 2715 2282 2785; x_wconf 52' lang='lat' dir='ltr'><strong>duosﬁalios</strong></span> <span class='ocrx_word' id='word_1_506' title='bbox 2309 2715 2832 2787; x_wconf 55' lang='lat' dir='ltr'><strong>fratresfpatriarcha</strong></span> <span class='ocrx_word' id='word_1_507' title='bbox 2865 2717 2954 2771; x_wconf 89' lang='lat' dir='ltr'><strong>ille</strong></span> <span class='ocrx_word' id='word_1_508' title='bbox 2979 2716 3282 2786; x_wconf 86' lang='lat' dir='ltr'><strong>appellans,</strong></span> <span class='ocrx_word' id='word_1_509' title='bbox 3310 2714 3563 2782; x_wconf 89' lang='lat' dir='ltr'><strong>Domine,</strong></span> 
     </span>
    </p>
   </div>
   <div class='ocr_carea' id='block_1_72' title="bbox 1988 2807 3564 2879">
    <p class='ocr_par' dir='ltr' id='par_1_72' title="bbox 1988 2807 3564 2879">
     <span class='ocr_line' id='line_1_72' title="bbox 1988 2807 3564 2879; baseline -0.001 -17"><span class='ocrx_word' id='word_1_510' title='bbox 1988 2808 2090 2872; x_wconf 88' lang='lat' dir='ltr'><strong>ait,</strong></span> <span class='ocrx_word' id='word_1_511' title='bbox 2118 2808 2256 2864; x_wconf 83' lang='lat' dir='ltr'><strong>abba</strong></span> <span class='ocrx_word' id='word_1_512' title='bbox 2289 2808 2579 2879; x_wconf 85' lang='lat' dir='ltr'><strong>Serapion,</strong></span> <span class='ocrx_word' id='word_1_513' title='bbox 2610 2825 2672 2864; x_wconf 90' lang='lat' dir='ltr'><strong>ac</strong></span> <span class='ocrx_word' id='word_1_514' title='bbox 2707 2819 2764 2863; x_wconf 93' lang='lat' dir='ltr'><strong>tu</strong></span> <span class='ocrx_word' id='word_1_515' title='bbox 2797 2809 2990 2864; x_wconf 82' lang='lat' dir='ltr'><strong>Leonti</strong></span> <span class='ocrx_word' id='word_1_516' title='bbox 3029 2809 3212 2870; x_wconf 90' lang='lat' dir='ltr'><strong>Pater,</strong></span> <span class='ocrx_word' id='word_1_517' title='bbox 3231 2807 3431 2876; x_wconf 86' lang='lat' dir='ltr'><strong>gratias</strong></span> <span class='ocrx_word' id='word_1_518' title='bbox 3462 2821 3564 2877; x_wconf 84' lang='lat' dir='ltr'><strong>ago</strong></span> 
     </span>
    </p>
   </div>
   <div class='ocr_carea' id='block_1_73' title="bbox 1989 2897 3563 2970">
    <p class='ocr_par' dir='ltr' id='par_1_73' title="bbox 1989 2897 3563 2970">
     <span class='ocr_line' id='line_1_73' title="bbox 1989 2897 3563 2970; baseline -0.003 -17"><span class='ocrx_word' id='word_1_519' title='bbox 1989 2899 2120 2965; x_wconf 85' lang='lat' dir='ltr'><strong>Deo,</strong></span> <span class='ocrx_word' id='word_1_520' title='bbox 2154 2899 2248 2970; x_wconf 92' lang='lat' dir='ltr'><strong>qui</strong></span> <span class='ocrx_word' id='word_1_521' title='bbox 2277 2909 2486 2954; x_wconf 90' lang='lat' dir='ltr'><strong>vestros</strong></span> <span class='ocrx_word' id='word_1_522' title='bbox 2535 2899 2748 2953; x_wconf 89' lang='lat' dir='ltr'><strong>animos</strong></span> <span class='ocrx_word' id='word_1_523' title='bbox 2800 2898 3146 2961; x_wconf 72' lang='lat' dir='ltr'><strong>illuminavit,</strong></span> <span class='ocrx_word' id='word_1_524' title='bbox 3179 2897 3339 2951; x_wconf 87' lang='lat' dir='ltr'><strong>talem</strong></span> <span class='ocrx_word' id='word_1_525' title='bbox 3385 2897 3563 2950; x_wconf 88' lang='lat' dir='ltr'><strong>virum</strong></span> 
     </span>
    </p>
   </div>
   <div class='ocr_carea' id='block_1_74' title="bbox 1987 2986 3564 3056">
    <p class='ocr_par' dir='ltr' id='par_1_74' title="bbox 1987 2986 3564 3056">
     <span class='ocr_line' id='line_1_74' title="bbox 1987 2986 3564 3056; baseline -0.004 -11"><span class='ocrx_word' id='word_1_526' title='bbox 1987 2989 2055 3045; x_wconf 89' lang='lat' dir='ltr'><strong>ad</strong></span> <span class='ocrx_word' id='word_1_527' title='bbox 2089 2999 2276 3044; x_wconf 78' lang='lat' dir='ltr'><strong>sancta</strong></span> <span class='ocrx_word' id='word_1_528' title='bbox 2328 2989 2518 3044; x_wconf 66' lang='lat' dir='ltr'><strong>isthaac</strong></span> <span class='ocrx_word' id='word_1_529' title='bbox 2550 2990 2668 3045; x_wconf 87' lang='lat' dir='ltr'><strong>loca</strong></span> <span class='ocrx_word' id='word_1_530' title='bbox 2691 2990 2971 3044; x_wconf 84' lang='lat' dir='ltr'><strong>vobiscum</strong></span> <span class='ocrx_word' id='word_1_531' title='bbox 3027 3002 3326 3051; x_wconf 88' lang='lat' dir='ltr'><strong>assumere,</strong></span> <span class='ocrx_word' id='word_1_532' title='bbox 3368 2986 3564 3056; x_wconf 71' lang='lat' dir='ltr'><strong>Spiritu</strong></span> 
     </span>
    </p>
   </div>
   <div class='ocr_carea' id='block_1_75' title="bbox 1987 3078 3564 3152">
    <p class='ocr_par' dir='ltr' id='par_1_75' title="bbox 1987 3078 3564 3152">
     <span class='ocr_line' id='line_1_75' title="bbox 1987 3078 3564 3152; baseline -0.004 -15"><span class='ocrx_word' id='word_1_533' title='bbox 1987 3082 2212 3152; x_wconf 90' lang='lat' dir='ltr'><strong>quidem</strong></span> <span class='ocrx_word' id='word_1_534' title='bbox 2261 3083 2360 3152; x_wconf 90' lang='lat' dir='ltr'><strong>(ut</strong></span> <span class='ocrx_word' id='word_1_535' title='bbox 2407 3082 2658 3152; x_wconf 85' lang='lat' dir='ltr'><strong>Apostoli</strong></span> <span class='ocrx_word' id='word_1_536' title='bbox 2715 3097 2867 3136; x_wconf 87' lang='lat' dir='ltr'><strong>more</strong></span> <span class='ocrx_word' id='word_1_537' title='bbox 2909 3080 3105 3149; x_wconf 88' lang='lat' dir='ltr'><strong>loquar</strong></span> <span class='ocrx_word' id='word_1_538' title='bbox 3135 3080 3202 3150; x_wconf 81' lang='grc'><strong>⁸)</strong></span> <span class='ocrx_word' id='word_1_539' title='bbox 3238 3078 3564 3144; x_wconf 78' lang='lat' dir='ltr'><strong>ferventem,</strong></span> 
     </span>
    </p>
   </div>
   <div class='ocr_carea' id='block_1_76' title="bbox 1993 3172 3563 3247">
    <p class='ocr_par' dir='ltr' id='par_1_76' title="bbox 1993 3172 3563 3247">
     <span class='ocr_line' id='line_1_76' title="bbox 1993 3172 3563 3247; baseline -0.005 -16"><span class='ocrx_word' id='word_1_540' title='bbox 1993 3176 2337 3247; x_wconf 87' lang='lat' dir='ltr'><strong>temporique</strong></span> <span class='ocrx_word' id='word_1_541' title='bbox 2366 3175 2722 3239; x_wconf 87' lang='lat' dir='ltr'><strong>servientem,</strong></span> <span class='ocrx_word' id='word_1_542' title='bbox 2768 3172 3088 3229; x_wconf 86' lang='lat' dir='ltr'><strong>etnaculatis</strong></span> <span class='ocrx_word' id='word_1_543' title='bbox 3131 3180 3391 3242; x_wconf 69' lang='lat' dir='ltr'><strong>praaterea</strong></span> <span class='ocrx_word' id='word_1_544' title='bbox 3443 3183 3563 3239; x_wconf 78' lang='lat' dir='ltr'><strong>pre-</strong></span> 
     </span>
    </p>
   </div>
   <div class='ocr_carea' id='block_1_77' title="bbox 1994 3262 3566 3332">
    <p class='ocr_par' dir='ltr' id='par_1_77' title="bbox 1994 3262 3566 3332">
     <span class='ocr_line' id='line_1_77' title="bbox 1994 3262 3566 3332; baseline -0.005 -7"><span class='ocrx_word' id='word_1_545' title='bbox 1994 3270 2152 3326; x_wconf 90' lang='lat' dir='ltr'><strong>cibus</strong></span> <span class='ocrx_word' id='word_1_546' title='bbox 2181 3285 2244 3324; x_wconf 84' lang='lat' dir='ltr'><strong>ac</strong></span> <span class='ocrx_word' id='word_1_547' title='bbox 2265 3269 2389 3323; x_wconf 67' lang='lat' dir='ltr'><strong>vita:</strong></span> <span class='ocrx_word' id='word_1_548' title='bbox 2420 3267 2748 3322; x_wconf 75' lang='lat' dir='ltr'><strong>innocentiae</strong></span> <span class='ocrx_word' id='word_1_549' title='bbox 2777 3265 2970 3321; x_wconf 88' lang='lat' dir='ltr'><strong>sedulo</strong></span> <span class='ocrx_word' id='word_1_550' title='bbox 3006 3263 3340 3320; x_wconf 86' lang='lat' dir='ltr'><strong>studentem.</strong></span> <span class='ocrx_word' id='word_1_551' title='bbox 3375 3262 3566 3332; x_wconf 85' lang='lat' dir='ltr'><strong>Neque</strong></span> 
     </span>
    </p>
   </div>
   <div class='ocr_carea' id='block_1_78' title="bbox 1990 3357 3566 3431">
    <p class='ocr_par' dir='ltr' id='par_1_78' title="bbox 1990 3357 3566 3431">
     <span class='ocr_line' id='line_1_78' title="bbox 1990 3357 3566 3431; baseline -0.004 -15"><span class='ocrx_word' id='word_1_552' title='bbox 1990 3362 2138 3416; x_wconf 91' lang='lat' dir='ltr'><strong>enim</strong></span> <span class='ocrx_word' id='word_1_553' title='bbox 2170 3376 2269 3416; x_wconf 88' lang='lat' dir='ltr'><strong>nos</strong></span> <span class='ocrx_word' id='word_1_554' title='bbox 2305 3363 2424 3431; x_wconf 86' lang='lat' dir='ltr'><strong>ejus</strong></span> <span class='ocrx_word' id='word_1_555' title='bbox 2455 3361 2582 3416; x_wconf 67' lang='lat' dir='ltr'><strong>vita:</strong></span> <span class='ocrx_word' id='word_1_556' title='bbox 2610 3361 2878 3414; x_wconf 89' lang='lat' dir='ltr'><strong>rationem</strong></span> <span class='ocrx_word' id='word_1_557' title='bbox 2913 3358 3007 3412; x_wconf 88' lang='lat' dir='ltr'><strong>ditt</strong></span> <span class='ocrx_word' id='word_1_558' title='bbox 3045 3358 3242 3413; x_wconf 89' lang='lat' dir='ltr'><strong>celavit</strong></span> <span class='ocrx_word' id='word_1_559' title='bbox 3275 3357 3566 3421; x_wconf 90' lang='lat' dir='ltr'><strong>Dominus,</strong></span> 
     </span>
    </p>
   </div>
   <div class='ocr_carea' id='block_1_79' title="bbox 1992 3446 3568 3521">
    <p class='ocr_par' dir='ltr' id='par_1_79' title="bbox 1992 3446 3568 3521">
     <span class='ocr_line' id='line_1_79' title="bbox 1992 3446 3568 3521; baseline -0.003 -15"><span class='ocrx_word' id='word_1_560' title='bbox 1992 3460 2052 3506; x_wconf 89' lang='lat' dir='ltr'><strong>ut</strong></span> <span class='ocrx_word' id='word_1_561' title='bbox 2089 3451 2204 3507; x_wconf 68' lang='lat' dir='ltr'><strong>haec</strong></span> <span class='ocrx_word' id='word_1_562' title='bbox 2235 3452 2387 3506; x_wconf 88' lang='lat' dir='ltr'><strong>vobis</strong></span> <span class='ocrx_word' id='word_1_563' title='bbox 2415 3452 2623 3521; x_wconf 85' lang='lat' dir='ltr'><strong>pariter</strong></span> <span class='ocrx_word' id='word_1_564' title='bbox 2667 3449 2956 3504; x_wconf 81' lang='lat' dir='ltr'><strong>manifesta</strong></span> <span class='ocrx_word' id='word_1_565' title='bbox 3007 3447 3224 3513; x_wconf 77' lang='lat' dir='ltr'><strong>tierent,</strong></span> <span class='ocrx_word' id='word_1_566' title='bbox 3259 3446 3328 3501; x_wconf 86' lang='lat' dir='ltr'><strong>de</strong></span> <span class='ocrx_word' id='word_1_567' title='bbox 3365 3446 3568 3516; x_wconf 81' lang='lat' dir='ltr'><strong>quibus</strong></span> 
     </span>
    </p>
   </div>
   <div class='ocr_carea' id='block_1_80' title="bbox 1990 3539 3565 3614">
    <p class='ocr_par' dir='ltr' id='par_1_80' title="bbox 1990 3539 3565 3614">
     <span class='ocr_line' id='line_1_80' title="bbox 1990 3539 3565 3614; baseline -0.005 -16"><span class='ocrx_word' id='word_1_568' title='bbox 1990 3553 2300 3614; x_wconf 88' lang='lat' dir='ltr'><strong>opportuno</strong></span> <span class='ocrx_word' id='word_1_569' title='bbox 2335 3542 2567 3597; x_wconf 75' lang='lat' dir='ltr'><strong>fortasse</strong></span> <span class='ocrx_word' id='word_1_570' title='bbox 2599 3551 2844 3611; x_wconf 86' lang='lat' dir='ltr'><strong>tempore</strong></span> <span class='ocrx_word' id='word_1_571' title='bbox 2883 3540 3154 3596; x_wconf 88' lang='lat' dir='ltr'><strong>dicemus.</strong></span> <span class='ocrx_word' id='word_1_572' title='bbox 3184 3539 3357 3594; x_wconf 81' lang='lat' dir='ltr'><strong>Instat</strong></span> <span class='ocrx_word' id='word_1_573' title='bbox 3382 3548 3565 3592; x_wconf 88' lang='lat' dir='ltr'><strong>autem</strong></span> 
     </span>
    </p>
   </div>
   <div class='ocr_carea' id='block_1_81' title="bbox 1991 3631 3566 3696">
    <p class='ocr_par' dir='ltr' id='par_1_81' title="bbox 1991 3631 3566 3696">
     <span class='ocr_line' id='line_1_81' title="bbox 1991 3631 3566 3696; baseline -0.002 -9"><span class='ocrx_word' id='word_1_574' title='bbox 1991 3649 2159 3696; x_wconf 90' lang='lat' dir='ltr'><strong>nunc,</strong></span> <span class='ocrx_word' id='word_1_575' title='bbox 2203 3641 2264 3688; x_wconf 92' lang='lat' dir='ltr'><strong>ut</strong></span> <span class='ocrx_word' id='word_1_576' title='bbox 2293 3633 2543 3688; x_wconf 90' lang='lat' dir='ltr'><strong>divmum</strong></span> <span class='ocrx_word' id='word_1_577' title='bbox 2573 3644 2629 3688; x_wconf 88' lang='lat' dir='ltr'><strong>et</strong></span> <span class='ocrx_word' id='word_1_578' title='bbox 2659 3648 2920 3687; x_wconf 89' lang='lat' dir='ltr'><strong>arcanum</strong></span> <span class='ocrx_word' id='word_1_579' title='bbox 2967 3631 3298 3688; x_wconf 84' lang='lat' dir='ltr'><strong>sacriﬁcium</strong></span> <span class='ocrx_word' id='word_1_580' title='bbox 3336 3631 3566 3685; x_wconf 89' lang='lat' dir='ltr'><strong>Domino</strong></span> 
     </span>
    </p>
   </div>
   <div class='ocr_carea' id='block_1_82' title="bbox 1992 3727 2362 3786">
    <p class='ocr_par' dir='ltr' id='par_1_82' title="bbox 1992 3727 2362 3786">
     <span class='ocr_line' id='line_1_82' title="bbox 1992 3727 2362 3786; baseline -0.014 0"><span class='ocrx_word' id='word_1_581' title='bbox 1992 3727 2362 3786; x_wconf 74' lang='lat' dir='ltr'><strong>Celebremus.</strong></span> 
     </span>
    </p>
   </div>
   <div class='ocr_carea' id='block_1_83' title="bbox 2061 3814 3564 3887">
    <p class='ocr_par' dir='ltr' id='par_1_83' title="bbox 2061 3814 3564 3887">
     <span class='ocr_line' id='line_1_83' title="bbox 2061 3814 3564 3887; baseline -0.002 -14"><span class='ocrx_word' id='word_1_582' title='bbox 2061 3818 2152 3873; x_wconf 80' lang='lat' dir='ltr'><strong>XI.</strong></span> <span class='ocrx_word' id='word_1_583' title='bbox 2189 3817 2314 3872; x_wconf 62' lang='lat' dir='ltr'><strong>Haec</strong></span> <span class='ocrx_word' id='word_1_584' title='bbox 2344 3817 2435 3873; x_wconf 86' lang='lat' dir='ltr'><strong>ille</strong></span> <span class='ocrx_word' id='word_1_585' title='bbox 2468 3817 2704 3883; x_wconf 88' lang='lat' dir='ltr'><strong>locutus,</strong></span> <span class='ocrx_word' id='word_1_586' title='bbox 2743 3817 3005 3887; x_wconf 86' lang='lat' dir='ltr'><strong>templum</strong></span> <span class='ocrx_word' id='word_1_587' title='bbox 3048 3830 3288 3881; x_wconf 86' lang='lat' dir='ltr'><strong>sacrum,</strong></span> <span class='ocrx_word' id='word_1_588' title='bbox 3323 3831 3440 3871; x_wconf 89' lang='lat' dir='ltr'><strong>rem</strong></span> <span class='ocrx_word' id='word_1_589' title='bbox 3477 3814 3564 3871; x_wconf 86' lang='lat' dir='ltr'><strong>di-</strong></span> 
     </span>
    </p>
   </div>
   <div class='ocr_carea' id='block_1_84' title="bbox 1991 3905 3569 3979">
    <p class='ocr_par' dir='ltr' id='par_1_84' title="bbox 1991 3905 3569 3979">
     <span class='ocr_line' id='line_1_84' title="bbox 1991 3905 3569 3979; baseline -0.004 -13"><span class='ocrx_word' id='word_1_590' title='bbox 1991 3910 2173 3966; x_wconf 88' lang='lat' dir='ltr'><strong>vinam</strong></span> <span class='ocrx_word' id='word_1_591' title='bbox 2201 3910 2465 3976; x_wconf 78' lang='lat' dir='ltr'><strong>facturus,</strong></span> <span class='ocrx_word' id='word_1_592' title='bbox 2494 3910 2649 3979; x_wconf 88' lang='lat' dir='ltr'><strong>petit.</strong></span> <span class='ocrx_word' id='word_1_593' title='bbox 2679 3909 2852 3963; x_wconf 85' lang='lat' dir='ltr'><strong>Porro</strong></span> <span class='ocrx_word' id='word_1_594' title='bbox 2870 3908 2984 3977; x_wconf 88' lang='lat' dir='ltr'><strong>ipse</strong></span> <span class='ocrx_word' id='word_1_595' title='bbox 3007 3923 3226 3976; x_wconf 92' lang='lat' dir='ltr'><strong>quoque</strong></span> <span class='ocrx_word' id='word_1_596' title='bbox 3246 3906 3406 3959; x_wconf 92' lang='lat' dir='ltr'><strong>divus</strong></span> <span class='ocrx_word' id='word_1_597' title='bbox 3432 3905 3569 3960; x_wconf 54' lang='lat' dir='ltr'><strong>Gre-</strong></span> 
     </span>
    </p>
   </div>
   <div class='ocr_carea' id='block_1_85' title="bbox 1992 3995 3566 4070">
    <p class='ocr_par' dir='ltr' id='par_1_85' title="bbox 1992 3995 3566 4070">
     <span class='ocr_line' id='line_1_85' title="bbox 1992 3995 3566 4070; baseline -0.004 -16"><span class='ocrx_word' id='word_1_598' title='bbox 1992 4000 2180 4070; x_wconf 83' lang='lat' dir='ltr'><strong>gorius</strong></span> <span class='ocrx_word' id='word_1_599' title='bbox 2207 3999 2263 4052; x_wconf 94' lang='lat' dir='ltr'><strong>in</strong></span> <span class='ocrx_word' id='word_1_600' title='bbox 2302 3999 2496 4053; x_wconf 76' lang='lat' dir='ltr'><strong>dextro</strong></span> <span class='ocrx_word' id='word_1_601' title='bbox 2533 3999 2724 4054; x_wconf 89' lang='lat' dir='ltr'><strong>altaris</strong></span> <span class='ocrx_word' id='word_1_602' title='bbox 2749 3998 2940 4060; x_wconf 85' lang='lat' dir='ltr'><strong>latere,</strong></span> <span class='ocrx_word' id='word_1_603' title='bbox 2980 3995 3290 4064; x_wconf 87' lang='lat' dir='ltr'><strong>patriarcha</strong></span> <span class='ocrx_word' id='word_1_604' title='bbox 3324 3995 3404 4047; x_wconf 87' lang='lat' dir='ltr'><strong>sic</strong></span> <span class='ocrx_word' id='word_1_605' title='bbox 3429 4009 3566 4062; x_wconf 78' lang='lat' dir='ltr'><strong>pra:-</strong></span> 
     </span>
    </p>
   </div>
   <div class='ocr_carea' id='block_1_86' title="bbox 1993 4085 3566 4158">
    <p class='ocr_par' dir='ltr' id='par_1_86' title="bbox 1993 4085 3566 4158">
     <span class='ocr_line' id='line_1_86' title="bbox 1993 4085 3566 4158; baseline -0.006 -14"><span class='ocrx_word' id='word_1_606' title='bbox 1993 4090 2250 4158; x_wconf 84' lang='lat' dir='ltr'><strong>cipiente,</strong></span> <span class='ocrx_word' id='word_1_607' title='bbox 2280 4089 2514 4143; x_wconf 87' lang='lat' dir='ltr'><strong>astabat.</strong></span> <span class='ocrx_word' id='word_1_608' title='bbox 2539 4088 2801 4157; x_wconf 88' lang='lat' dir='ltr'><strong>Pleraque</strong></span> <span class='ocrx_word' id='word_1_609' title='bbox 2841 4100 2971 4140; x_wconf 91' lang='lat' dir='ltr'><strong>vero</strong></span> <span class='ocrx_word' id='word_1_610' title='bbox 2997 4086 3116 4155; x_wconf 87' lang='lat' dir='ltr'><strong>ejus</strong></span> <span class='ocrx_word' id='word_1_611' title='bbox 3155 4085 3398 4138; x_wconf 88' lang='lat' dir='ltr'><strong>animum</strong></span> <span class='ocrx_word' id='word_1_612' title='bbox 3437 4099 3566 4152; x_wconf 82' lang='lat' dir='ltr'><strong>per-</strong></span> 
     </span>
    </p>
   </div>
   <div class='ocr_carea' id='block_1_87' title="bbox 1995 4174 3568 4246">
    <p class='ocr_par' dir='ltr' id='par_1_87' title="bbox 1995 4174 3568 4246">
     <span class='ocr_line' id='line_1_87' title="bbox 1995 4174 3568 4246; baseline -0.006 -9"><span class='ocrx_word' id='word_1_613' title='bbox 1995 4180 2307 4237; x_wconf 91' lang='lat' dir='ltr'><strong>turbatione</strong></span> <span class='ocrx_word' id='word_1_614' title='bbox 2336 4179 2607 4234; x_wconf 88' lang='lat' dir='ltr'><strong>subeunte</strong></span> <span class='ocrx_word' id='word_1_615' title='bbox 2637 4189 2970 4243; x_wconf 85' lang='lat' dir='ltr'><strong>commotus,</strong></span> <span class='ocrx_word' id='word_1_616' title='bbox 3019 4177 3160 4230; x_wconf 78' lang='lat' dir='ltr'><strong>intra</strong></span> <span class='ocrx_word' id='word_1_617' title='bbox 3203 4175 3416 4246; x_wconf 87' lang='lat' dir='ltr'><strong>positus</strong></span> <span class='ocrx_word' id='word_1_618' title='bbox 3466 4174 3568 4228; x_wconf 91' lang='lat' dir='ltr'><strong>mi-</strong></span> 
     </span>
    </p>
   </div>
   <div class='ocr_carea' id='block_1_88' title="bbox 1995 4264 3567 4337">
    <p class='ocr_par' dir='ltr' id='par_1_88' title="bbox 1995 4264 3567 4337">
     <span class='ocr_line' id='line_1_88' title="bbox 1995 4264 3567 4337; baseline -0.004 -11"><span class='ocrx_word' id='word_1_619' title='bbox 1995 4271 2285 4337; x_wconf 89' lang='lat' dir='ltr'><strong>nistrabat,</strong></span> <span class='ocrx_word' id='word_1_620' title='bbox 2328 4270 2558 4324; x_wconf 85' lang='lat' dir='ltr'><strong>ﬂumina</strong></span> <span class='ocrx_word' id='word_1_621' title='bbox 2603 4269 2823 4324; x_wconf 87' lang='lat' dir='ltr'><strong>interim</strong></span> <span class='ocrx_word' id='word_1_622' title='bbox 2870 4268 3234 4337; x_wconf 86' lang='lat' dir='ltr'><strong>lacrytnarum</strong></span> <span class='ocrx_word' id='word_1_623' title='bbox 3287 4265 3354 4319; x_wconf 88' lang='lat' dir='ltr'><strong>ab</strong></span> <span class='ocrx_word' id='word_1_624' title='bbox 3393 4264 3567 4320; x_wconf 84' lang='lat' dir='ltr'><strong>oculis</strong></span> 
     </span>
    </p>
   </div>
   <div class='ocr_carea' id='block_1_89' title="bbox 1994 4356 3564 4433">
    <p class='ocr_par' dir='ltr' id='par_1_89' title="bbox 1994 4356 3564 4433">
     <span class='ocr_line' id='line_1_89' title="bbox 1994 4356 3564 4433; baseline -0.006 -13"><span class='ocrx_word' id='word_1_625' title='bbox 1994 4365 2302 4420; x_wconf 79' lang='lat' dir='ltr'><strong>ell‘undens.</strong></span> <span class='ocrx_word' id='word_1_626' title='bbox 2364 4363 2614 4433; x_wconf 82' lang='lat' dir='ltr'><strong>Cumque</strong></span> <span class='ocrx_word' id='word_1_627' title='bbox 2666 4362 2740 4416; x_wconf 89' lang='lat' dir='ltr'><strong>ita</strong></span> <span class='ocrx_word' id='word_1_628' title='bbox 2795 4375 2914 4415; x_wconf 86' lang='lat' dir='ltr'><strong>sese</strong></span> <span class='ocrx_word' id='word_1_629' title='bbox 2966 4358 3258 4429; x_wconf 87' lang='lat' dir='ltr'><strong>Gregorius</strong></span> <span class='ocrx_word' id='word_1_630' title='bbox 3318 4356 3564 4422; x_wconf 87' lang='lat' dir='ltr'><strong>haberet,</strong></span> 
     </span>
    </p>
   </div>
   <div class='ocr_carea' id='block_1_90' title="bbox 319 4451 1889 4530">
    <p class='ocr_par' dir='ltr' id='par_1_90' title="bbox 319 4453 1889 4527">
     <span class='ocr_line' id='line_1_90' title="bbox 319 4453 1889 4527; baseline 0.001 -20"><span class='ocrx_word' id='word_1_631' title='bbox 319 4457 569 4524; x_wconf 74' lang='grc' dir='ltr'><strong>πομένῳ,</strong></span> <span class='ocrx_word' id='word_1_632' title='bbox 602 4455 740 4524; x_wconf 79' lang='grc' dir='ltr'><strong>δῆλα</strong></span> <span class='ocrx_word' id='word_1_633' title='bbox 777 4453 988 4509; x_wconf 76' lang='grc' dir='ltr'><strong>καὶτοῦ</strong></span> <span class='ocrx_word' id='word_1_634' title='bbox 1021 4455 1361 4526; x_wconf 81' lang='grc' dir='ltr'><strong>πατριάρχου</strong></span> <span class='ocrx_word' id='word_1_635' title='bbox 1398 4455 1610 4523; x_wconf 84' lang='grc' dir='ltr'><strong>γίνεται</strong></span> <span class='ocrx_word' id='word_1_636' title='bbox 1653 4455 1747 4508; x_wconf 78' lang='grc' dir='ltr'><strong>καὶ</strong></span> <span class='ocrx_word' id='word_1_637' title='bbox 1797 4455 1889 4527; x_wconf 82' lang='grc' dir='ltr'><strong>τὴν</strong></span> 
     </span>
    </p>
   </div>
   <div class='ocr_carea' id='block_1_91' title="bbox 1990 4451 3567 4530">
    <p class='ocr_par' dir='ltr' id='par_1_91' title="bbox 2000 4451 3567 4530">
     <span class='ocr_line' id='line_1_91' title="bbox 2000 4451 3567 4530; baseline -0.006 -19"><span class='ocrx_word' id='word_1_638' title='bbox 2000 4458 2233 4530; x_wconf 83' lang='lat' dir='ltr'><strong>ingentis</strong></span> <span class='ocrx_word' id='word_1_639' title='bbox 2263 4457 2434 4511; x_wconf 89' lang='lat' dir='ltr'><strong>animi</strong></span> <span class='ocrx_word' id='word_1_640' title='bbox 2461 4454 2791 4511; x_wconf 86' lang='lat' dir='ltr'><strong>humilitatis</strong></span> <span class='ocrx_word' id='word_1_641' title='bbox 2824 4451 3022 4522; x_wconf 91' lang='lat' dir='ltr'><strong>spiritu</strong></span> <span class='ocrx_word' id='word_1_642' title='bbox 3053 4451 3567 4508; x_wconf 81' lang='lat' dir='ltr'><strong>inﬂammatus.om-</strong></span> 
     </span>
    </p>
   </div>
   <div class='ocr_carea' id='block_1_92' title="bbox 318 4545 1892 4617">
    <p class='ocr_par' dir='ltr' id='par_1_92' title="bbox 318 4545 1892 4617">
     <span class='ocr_line' id='line_1_92' title="bbox 318 4545 1892 4617; baseline 0.001 -19"><span class='ocrx_word' id='word_1_643' title='bbox 318 4545 753 4608; x_wconf 72' lang='grc' dir='ltr'><strong>ἐπισκιάζουσαν</strong></span> <span class='ocrx_word' id='word_1_644' title='bbox 779 4546 942 4599; x_wconf 72' lang='grc' dir='ltr'><strong>αὐτὸν</strong></span> <span class='ocrx_word' id='word_1_645' title='bbox 974 4547 1133 4617; x_wconf 81' lang='grc' dir='ltr'><strong>χάριν</strong></span> <span class='ocrx_word' id='word_1_646' title='bbox 1171 4547 1265 4600; x_wconf 82' lang='grc' dir='ltr'><strong>τοῦ</strong></span> <span class='ocrx_word' id='word_1_647' title='bbox 1315 4546 1520 4616; x_wconf 77' lang='grc' dir='ltr'><strong>ἀγαθοῦ</strong></span> <span class='ocrx_word' id='word_1_648' title='bbox 1575 4547 1892 4615; x_wconf 86' lang='grc' dir='ltr'><strong>Πνεύματος</strong></span> 
     </span>
    </p>
   </div>
   <div class='ocr_carea' id='block_1_93' title="bbox 319 4638 1896 4712">
    <p class='ocr_par' dir='ltr' id='par_1_93' title="bbox 319 4638 1896 4712">
     <span class='ocr_line' id='line_1_93' title="bbox 319 4638 1896 4712; baseline 0.001 -21"><span class='ocrx_word' id='word_1_649' title='bbox 319 4638 570 4710; x_wconf 75' lang='grc' dir='ltr'><strong>ἐναργῶς</strong></span> <span class='ocrx_word' id='word_1_650' title='bbox 601 4639 886 4703; x_wconf 58' lang='grc' dir='ltr'><strong>ἐθεάσατο,</strong></span> <span class='ocrx_word' id='word_1_651' title='bbox 912 4639 988 4704; x_wconf 82' lang='grc' dir='ltr'><strong>ὡς</strong></span> <span class='ocrx_word' id='word_1_652' title='bbox 1012 4641 1106 4693; x_wconf 74' lang='grc' dir='ltr'><strong>καὶ</strong></span> <span class='ocrx_word' id='word_1_653' title='bbox 1130 4640 1346 4704; x_wconf 84' lang='grc' dir='ltr'><strong>πολλοῖς</strong></span> <span class='ocrx_word' id='word_1_654' title='bbox 1391 4643 1470 4701; x_wconf 84' lang='grc' dir='ltr'><strong>είς</strong></span> <span class='ocrx_word' id='word_1_655' title='bbox 1501 4640 1734 4712; x_wconf 75' lang='grc' dir='ltr'><strong>ὕστερον</strong></span> <span class='ocrx_word' id='word_1_656' title='bbox 1784 4640 1896 4712; x_wconf 82' lang='grc' dir='ltr'><strong>διη-</strong></span> 
     </span>
    </p>
   </div>
   <div class='ocr_carea' id='block_1_94' title="bbox 318 4731 1893 4804">
    <p class='ocr_par' dir='ltr' id='par_1_94' title="bbox 318 4731 1893 4804">
     <span class='ocr_line' id='line_1_94' title="bbox 318 4731 1893 4804; baseline 0.003 -22"><span class='ocrx_word' id='word_1_657' title='bbox 318 4733 548 4799; x_wconf 74' lang='grc' dir='ltr'><strong>γήσατο.</strong></span> <span class='ocrx_word' id='word_1_658' title='bbox 589 4732 679 4794; x_wconf 82' lang='lat' dir='ltr'><strong>El;</strong></span> <span class='ocrx_word' id='word_1_659' title='bbox 713 4733 844 4799; x_wconf 77' lang='grc' dir='ltr'><strong>γοῦν</strong></span> <span class='ocrx_word' id='word_1_660' title='bbox 873 4731 972 4802; x_wconf 79' lang='grc' dir='ltr'><strong>τὴν</strong></span> <span class='ocrx_word' id='word_1_661' title='bbox 1004 4732 1284 4798; x_wconf 76' lang='grc' dir='ltr'><strong>ἐπιοῦσαν,</strong></span> <span class='ocrx_word' id='word_1_662' title='bbox 1317 4734 1344 4787; x_wconf 90' lang='lat'><strong>6</strong></span> <span class='ocrx_word' id='word_1_663' title='bbox 1371 4733 1604 4803; x_wconf 76' lang='grc' dir='ltr'><strong>μοναχδς</strong></span> <span class='ocrx_word' id='word_1_664' title='bbox 1665 4735 1893 4804; x_wconf 75' lang='grc' dir='ltr'><strong>Μάρκος</strong></span> 
     </span>
    </p>
   </div>
   <div class='ocr_carea' id='block_1_95' title="bbox 319 4821 1891 4893">
    <p class='ocr_par' dir='ltr' id='par_1_95' title="bbox 319 4821 1891 4893">
     <span class='ocr_line' id='line_1_95' title="bbox 319 4821 1891 4893; baseline 0.003 -19"><span class='ocrx_word' id='word_1_665' title='bbox 319 4825 497 4876; x_wconf 75' lang='grc' dir='ltr'><strong>ἐδεῖτο</strong></span> <span class='ocrx_word' id='word_1_666' title='bbox 520 4821 615 4875; x_wconf 81' lang='grc' dir='ltr'><strong>τοῦ</strong></span> <span class='ocrx_word' id='word_1_667' title='bbox 646 4824 1089 4893; x_wconf 82' lang='grc' dir='ltr'><strong>ἀρχιεπισκόπου</strong></span> <span class='ocrx_word' id='word_1_668' title='bbox 1141 4825 1303 4877; x_wconf 77' lang='grc' dir='ltr'><strong>αὐτόν</strong></span> <span class='ocrx_word' id='word_1_669' title='bbox 1344 4841 1404 4876; x_wconf 88' lang='grc' dir='ltr'><strong>τε</strong></span> <span class='ocrx_word' id='word_1_670' title='bbox 1452 4825 1546 4878; x_wconf 77' lang='grc' dir='ltr'><strong>καὶ</strong></span> <span class='ocrx_word' id='word_1_671' title='bbox 1612 4827 1738 4889; x_wconf 77' lang='grc' dir='ltr'><strong>τοὺς</strong></span> <span class='ocrx_word' id='word_1_672' title='bbox 1795 4827 1891 4879; x_wconf 83' lang='grc' dir='ltr'><strong>σὺν</strong></span> 
     </span>
    </p>
   </div>
   <div class='ocr_carea' id='block_1_96' title="bbox 320 4915 1890 4985">
    <p class='ocr_par' dir='ltr' id='par_1_96' title="bbox 320 4915 1890 4985">
     <span class='ocr_line' id='line_1_96' title="bbox 320 4915 1890 4985; baseline 0.003 -19"><span class='ocrx_word' id='word_1_673' title='bbox 320 4915 476 4983; x_wconf 71' lang='grc' dir='ltr'><strong>αὐτῷ</strong></span> <span class='ocrx_word' id='word_1_674' title='bbox 510 4917 786 4984; x_wconf 82' lang='grc' dir='ltr'><strong>μοναχοὺς</strong></span> <span class='ocrx_word' id='word_1_675' title='bbox 821 4915 1171 4985; x_wconf 68' lang='grc' dir='ltr'><strong>ἀποπέμψαι,</strong></span> <span class='ocrx_word' id='word_1_676' title='bbox 1233 4915 1374 4969; x_wconf 83' lang='grc' dir='ltr'><strong>ὥστε</strong></span> <span class='ocrx_word' id='word_1_677' title='bbox 1415 4919 1524 4982; x_wconf 88' lang='grc' dir='ltr'><strong>τοῖς</strong></span> <span class='ocrx_word' id='word_1_678' title='bbox 1557 4919 1731 4971; x_wconf 86' lang='grc' dir='ltr'><strong>ἐκεῖσε</strong></span> <span class='ocrx_word' id='word_1_679' title='bbox 1761 4933 1890 4971; x_wconf 88' lang='grc' dir='ltr'><strong>συν-</strong></span> 
     </span>
    </p>
   </div>
   <div class='ocr_carea' id='block_1_97' title="bbox 317 5006 1893 5081">
    <p class='ocr_par' dir='ltr' id='par_1_97' title="bbox 317 5006 1893 5081">
     <span class='ocr_line' id='line_1_97' title="bbox 317 5006 1893 5081; baseline 0.003 -23"><span class='ocrx_word' id='word_1_680' title='bbox 317 5006 589 5070; x_wconf 72' lang='grc' dir='ltr'><strong>τάξασθαι</strong></span> <span class='ocrx_word' id='word_1_681' title='bbox 627 5006 897 5075; x_wconf 80' lang='grc' dir='ltr'><strong>ἀδελφοῖς,</strong></span> <span class='ocrx_word' id='word_1_682' title='bbox 942 5009 1039 5060; x_wconf 79' lang='grc' dir='ltr'><strong>καὶ</strong></span> <span class='ocrx_word' id='word_1_683' title='bbox 1081 5007 1224 5060; x_wconf 79' lang='grc' dir='ltr'><strong>οὕτω</strong></span> <span class='ocrx_word' id='word_1_684' title='bbox 1254 5011 1352 5080; x_wconf 83' lang='grc' dir='ltr'><strong>τῆς</strong></span> <span class='ocrx_word' id='word_1_685' title='bbox 1395 5010 1578 5062; x_wconf 71' lang='grc' dir='ltr'><strong>οἴκαδε</strong></span> <span class='ocrx_word' id='word_1_686' title='bbox 1619 5009 1893 5081; x_wconf 77' lang='grc' dir='ltr'><strong>φερούσης</strong></span> 
     </span>
    </p>
   </div>
   <div class='ocr_carea' id='block_1_98' title="bbox 319 5096 1894 5170">
    <p class='ocr_par' dir='ltr' id='par_1_98' title="bbox 319 5096 1894 5170">
     <span class='ocr_line' id='line_1_98' title="bbox 319 5096 1894 5170; baseline 0.003 -22"><span class='ocrx_word' id='word_1_687' title='bbox 319 5096 704 5150; x_wconf 73' lang='grc' dir='ltr'><strong>ἐπιλασέσθαι.</strong></span> <span class='ocrx_word' id='word_1_688' title='bbox 741 5100 848 5150; x_wconf 73' lang='grc' dir='ltr'><strong>Καὶ</strong></span> <span class='ocrx_word' id='word_1_689' title='bbox 874 5100 1082 5166; x_wconf 83' lang='grc' dir='ltr'><strong>γίνεται</strong></span> <span class='ocrx_word' id='word_1_690' title='bbox 1110 5099 1270 5153; x_wconf 75' lang='grc' dir='ltr'><strong>τοῦτο</strong></span> <span class='ocrx_word' id='word_1_691' title='bbox 1309 5101 1453 5154; x_wconf 71' lang='grc' dir='ltr'><strong>κατὰ</strong></span> <span class='ocrx_word' id='word_1_692' title='bbox 1477 5099 1575 5170; x_wconf 83' lang='grc' dir='ltr'><strong>τὴν</strong></span> <span class='ocrx_word' id='word_1_693' title='bbox 1598 5098 1764 5153; x_wconf 76' lang='grc' dir='ltr'><strong>αὑτοῦ</strong></span> <span class='ocrx_word' id='word_1_694' title='bbox 1807 5099 1894 5152; x_wconf 84' lang='grc' dir='ltr'><strong>θὲ-</strong></span> 
     </span>
    </p>
   </div>
   <div class='ocr_carea' id='block_1_99' title="bbox 319 5190 1895 5262">
    <p class='ocr_par' dir='ltr' id='par_1_99' title="bbox 319 5190 1895 5262">
     <span class='ocr_line' id='line_1_99' title="bbox 319 5190 1895 5262; baseline 0.001 -21"><span class='ocrx_word' id='word_1_695' title='bbox 319 5191 480 5258; x_wconf 74' lang='grc' dir='ltr'><strong>λῆσιν</strong></span> <span class='ocrx_word' id='word_1_696' title='bbox 515 5191 1062 5261; x_wconf 65' lang='grc' dir='ltr'><strong>προσεπισκήψαντος</strong></span> <span class='ocrx_word' id='word_1_697' title='bbox 1106 5191 1200 5244; x_wconf 80' lang='grc' dir='ltr'><strong>τοῦ</strong></span> <span class='ocrx_word' id='word_1_698' title='bbox 1230 5191 1683 5262; x_wconf 78' lang='grc' dir='ltr'><strong>ἀρχιεπισκόπου,</strong></span> <span class='ocrx_word' id='word_1_699' title='bbox 1733 5190 1895 5260; x_wconf 81' lang='grc' dir='ltr'><strong>μέχρι</strong></span> 
     </span>
    </p>
   </div>
   <div class='ocr_carea' id='block_1_100' title="bbox 319 5283 1892 5357">
    <p class='ocr_par' dir='ltr' id='par_1_100' title="bbox 319 5283 1892 5357">
     <span class='ocr_line' id='line_1_100' title="bbox 319 5283 1892 5357; baseline 0 -19"><span class='ocrx_word' id='word_1_700' title='bbox 319 5287 422 5357; x_wconf 75' lang='grc' dir='ltr'><strong>τῆς</strong></span> <span class='ocrx_word' id='word_1_701' title='bbox 443 5285 639 5355; x_wconf 80' lang='grc' dir='ltr'><strong>καινῆς</strong></span> <span class='ocrx_word' id='word_1_702' title='bbox 681 5286 966 5356; x_wconf 75' lang='grc' dir='ltr'><strong>Κυριακῆς</strong></span> <span class='ocrx_word' id='word_1_703' title='bbox 996 5286 1152 5350; x_wconf 77' lang='grc' dir='ltr'><strong>αὖθις</strong></span> <span class='ocrx_word' id='word_1_704' title='bbox 1209 5283 1526 5340; x_wconf 81' lang='grc' dir='ltr'><strong>ἐπανελθεῖν</strong></span> <span class='ocrx_word' id='word_1_705' title='bbox 1583 5284 1660 5348; x_wconf 81' lang='grc' dir='ltr'><strong>ὡς</strong></span> <span class='ocrx_word' id='word_1_706' title='bbox 1708 5283 1892 5338; x_wconf 72' lang='grc' dir='ltr'><strong>αὐτόν.</strong></span> 
     </span>
    </p>
   </div>
   <div class='ocr_carea' id='block_1_101' title="bbox 320 5378 1896 5454">
    <p class='ocr_par' dir='ltr' id='par_1_101' title="bbox 320 5378 1896 5454">
     <span class='ocr_line' id='line_1_101' title="bbox 320 5378 1896 5454; baseline -0.003 -18"><span class='ocrx_word' id='word_1_707' title='bbox 320 5383 437 5436; x_wconf 66' lang='grc' dir='ltr'><strong>Καὶ</strong></span> <span class='ocrx_word' id='word_1_708' title='bbox 449 5383 612 5450; x_wconf 80' lang='grc' dir='ltr'><strong>οὕτω,</strong></span> <span class='ocrx_word' id='word_1_709' title='bbox 635 5386 823 5454; x_wconf 68' lang='grc' dir='ltr'><strong>φησιν,</strong></span> <span class='ocrx_word' id='word_1_710' title='bbox 839 5382 1022 5437; x_wconf 76' lang='grc' dir='ltr'><strong>οἴκαδε</strong></span> <span class='ocrx_word' id='word_1_711' title='bbox 1044 5379 1465 5453; x_wconf 76' lang='grc' dir='ltr'><strong>πορευθήσεσθεο</strong></span> <span class='ocrx_word' id='word_1_712' title='bbox 1494 5378 1668 5434; x_wconf 83' lang='grc' dir='ltr'><strong>ταῦτα</strong></span> <span class='ocrx_word' id='word_1_713' title='bbox 1687 5378 1742 5432; x_wconf 70' lang='grc' dir='ltr'><strong>δὲ</strong></span> <span class='ocrx_word' id='word_1_714' title='bbox 1758 5378 1896 5448; x_wconf 83' lang='grc' dir='ltr'><strong>δῆλα</strong></span> 
     </span>
    </p>
   </div>
   <div class='ocr_carea' id='block_1_102' title="bbox 317 5469 1897 5545">
    <p class='ocr_par' dir='ltr' id='par_1_102' title="bbox 317 5469 1897 5545">
     <span class='ocr_line' id='line_1_102' title="bbox 317 5469 1897 5545; baseline -0.004 -19"><span class='ocrx_word' id='word_1_715' title='bbox 317 5473 404 5542; x_wconf 77' lang='grc' dir='ltr'><strong>τῷ</strong></span> <span class='ocrx_word' id='word_1_716' title='bbox 421 5473 710 5545; x_wconf 74' lang='grc' dir='ltr'><strong>Γρηγορίῳ</strong></span> <span class='ocrx_word' id='word_1_717' title='bbox 742 5475 944 5544; x_wconf 77' lang='grc' dir='ltr'><strong>ἥκιστα</strong></span> <span class='ocrx_word' id='word_1_718' title='bbox 974 5469 1061 5543; x_wconf 81' lang='grc' dir='ltr'><strong>ἦν·</strong></span> <span class='ocrx_word' id='word_1_719' title='bbox 1099 5472 1220 5524; x_wconf 81' lang='grc' dir='ltr'><strong>ούδέ</strong></span> <span class='ocrx_word' id='word_1_720' title='bbox 1250 5471 1358 5540; x_wconf 82' lang='grc' dir='ltr'><strong>γὰρ</strong></span> <span class='ocrx_word' id='word_1_721' title='bbox 1413 5469 1710 5540; x_wconf 82' lang='grc' dir='ltr'><strong>συμπαρῆν</strong></span> <span class='ocrx_word' id='word_1_722' title='bbox 1741 5485 1897 5538; x_wconf 88' lang='grc' dir='ltr'><strong>τηνι-</strong></span> 
     </span>
    </p>
   </div>
   <div class='ocr_carea' id='block_1_103' title="bbox 321 5559 1894 5637">
    <p class='ocr_par' dir='ltr' id='par_1_103' title="bbox 321 5559 1894 5637">
     <span class='ocr_line' id='line_1_103' title="bbox 321 5559 1894 5637; baseline -0.003 -19"><span class='ocrx_word' id='word_1_723' title='bbox 321 5564 508 5618; x_wconf 83' lang='grc' dir='ltr'><strong>καῦτα</strong></span> <span class='ocrx_word' id='word_1_724' title='bbox 569 5570 681 5629; x_wconf 82' lang='grc' dir='ltr'><strong>τοῖς</strong></span> <span class='ocrx_word' id='word_1_725' title='bbox 740 5569 1016 5636; x_wconf 58' lang='grc' dir='ltr'><strong>μοναχῶς.</strong></span> <span class='ocrx_word' id='word_1_726' title='bbox 1081 5563 1170 5626; x_wconf 82' lang='grc' dir='ltr'><strong>Ὠς</strong></span> <span class='ocrx_word' id='word_1_727' title='bbox 1219 5559 1342 5637; x_wconf 49' lang='grc' dir='ltr'><strong>οὖν-</strong></span> <span class='ocrx_word' id='word_1_728' title='bbox 1366 5563 1566 5616; x_wconf 80' lang='grc' dir='ltr'><strong>ἐκεῖνοι</strong></span> <span class='ocrx_word' id='word_1_729' title='bbox 1616 5561 1716 5630; x_wconf 86' lang='grc' dir='ltr'><strong>τῆς</strong></span> <span class='ocrx_word' id='word_1_730' title='bbox 1772 5559 1894 5615; x_wconf 77' lang='grc' dir='ltr'><strong>ὁδοῦ</strong></span> 
     </span>
    </p>
   </div>
   <div class='ocr_carea' id='block_1_104' title="bbox 396 5745 851 5812">
    <p class='ocr_par' dir='ltr' id='par_1_104' title="bbox 396 5745 851 5812">
     <span class='ocr_line' id='line_1_104' title="bbox 396 5745 851 5812; baseline -0.013 -7"><span class='ocrx_word' id='word_1_731' title='bbox 396 5751 420 5782; x_wconf 84' lang='grc'><strong>⁸</strong></span> <span class='ocrx_word' id='word_1_732' title='bbox 455 5748 618 5812; x_wconf 64' lang='lat' dir='ltr'><strong>Rom.</strong></span> <span class='ocrx_word' id='word_1_733' title='bbox 653 5762 748 5812; x_wconf 67' lang='lat' dir='ltr'><strong>an,</strong></span> <span class='ocrx_word' id='word_1_734' title='bbox 789 5745 851 5800; x_wconf 79' lang='grc'><strong>11</strong></span> 
     </span>
    </p>
   </div>
   <div class='ocr_carea' id='block_1_105' title="bbox 652 5831 1344 5899">
    <p class='ocr_par' dir='ltr' id='par_1_105' title="bbox 652 5831 1344 5899">
     <span class='ocr_line' id='line_1_105' title="bbox 652 5831 1344 5899; baseline -0.001 -2"><span class='ocrx_word' id='word_1_735' title='bbox 652 5838 925 5899; x_wconf 75' lang='grc' dir='ltr'><strong>ΡΑτιιοι..</strong></span> <span class='ocrx_word' id='word_1_736' title='bbox 971 5834 1090 5897; x_wconf 78' lang='lat' dir='ltr'><strong>Gn.</strong></span> <span class='ocrx_word' id='word_1_737' title='bbox 1139 5831 1344 5897; x_wconf 72' lang='lat' dir='ltr'><strong>CXVI.</strong></span> 
     </span>
    </p>
   </div>
   <div class='ocr_carea' id='block_1_106' title="bbox 1998 4540 3567 4620">
    <p class='ocr_par' dir='ltr' id='par_1_106' title="bbox 1998 4540 3567 4620">
     <span class='ocr_line' id='line_1_106' title="bbox 1998 4540 3567 4620; baseline -0.007 -15"><span class='ocrx_word' id='word_1_738' title='bbox 1998 4552 2088 4605; x_wconf 91' lang='lat' dir='ltr'><strong>nia</strong></span> <span class='ocrx_word' id='word_1_739' title='bbox 2119 4549 2445 4620; x_wconf 78' lang='lat' dir='ltr'><strong>patriarchae</strong></span> <span class='ocrx_word' id='word_1_740' title='bbox 2485 4547 2715 4603; x_wconf 89' lang='lat' dir='ltr'><strong>consilia</strong></span> <span class='ocrx_word' id='word_1_741' title='bbox 2742 4545 2935 4600; x_wconf 88' lang='lat' dir='ltr'><strong>habuit</strong></span> <span class='ocrx_word' id='word_1_742' title='bbox 2967 4543 3243 4612; x_wconf 76' lang='lat' dir='ltr'><strong>explorata</strong></span> <span class='ocrx_word' id='word_1_743' title='bbox 3298 4549 3355 4596; x_wconf 91' lang='lat' dir='ltr'><strong>et</strong></span> <span class='ocrx_word' id='word_1_744' title='bbox 3389 4540 3567 4609; x_wconf 71' lang='lat' dir='ltr'><strong>Spiri-</strong></span> 
     </span>
    </p>
   </div>
   <div class='ocr_carea' id='block_1_107' title="bbox 2000 4628 3571 4709">
    <p class='ocr_par' dir='ltr' id='par_1_107' title="bbox 2000 4628 3571 4709">
     <span class='ocr_line' id='line_1_107' title="bbox 2000 4628 3571 4709; baseline -0.008 -14"><span class='ocrx_word' id='word_1_745' title='bbox 2000 4652 2088 4696; x_wconf 90' lang='lat' dir='ltr'><strong>tus</strong></span> <span class='ocrx_word' id='word_1_746' title='bbox 2125 4639 2298 4695; x_wconf 88' lang='lat' dir='ltr'><strong>sancti</strong></span> <span class='ocrx_word' id='word_1_747' title='bbox 2333 4637 2561 4709; x_wconf 84' lang='lat' dir='ltr'><strong>gratiam</strong></span> <span class='ocrx_word' id='word_1_748' title='bbox 2605 4637 2782 4709; x_wconf 89' lang='lat' dir='ltr'><strong>ipsum</strong></span> <span class='ocrx_word' id='word_1_749' title='bbox 2810 4634 3253 4695; x_wconf 86' lang='lat' dir='ltr'><strong>adumbrantem,</strong></span> <span class='ocrx_word' id='word_1_750' title='bbox 3285 4639 3346 4684; x_wconf 90' lang='lat' dir='ltr'><strong>ut</strong></span> <span class='ocrx_word' id='word_1_751' title='bbox 3374 4628 3571 4697; x_wconf 62' lang='lat' dir='ltr'><strong>pleris-</strong></span> 
     </span>
    </p>
   </div>
   <div class='ocr_carea' id='block_1_108' title="bbox 1999 4721 3572 4802">
    <p class='ocr_par' dir='ltr' id='par_1_108' title="bbox 1999 4721 3572 4802">
     <span class='ocr_line' id='line_1_108' title="bbox 1999 4721 3572 4802; baseline -0.007 -16"><span class='ocrx_word' id='word_1_752' title='bbox 1999 4746 2105 4802; x_wconf 86' lang='lat' dir='ltr'><strong>que</strong></span> <span class='ocrx_word' id='word_1_753' title='bbox 2157 4730 2246 4785; x_wconf 89' lang='lat' dir='ltr'><strong>ille</strong></span> <span class='ocrx_word' id='word_1_754' title='bbox 2299 4728 2505 4783; x_wconf 90' lang='lat' dir='ltr'><strong>secutis</strong></span> <span class='ocrx_word' id='word_1_755' title='bbox 2560 4726 2897 4797; x_wconf 88' lang='lat' dir='ltr'><strong>temporibus</strong></span> <span class='ocrx_word' id='word_1_756' title='bbox 2942 4723 3240 4786; x_wconf 86' lang='lat' dir='ltr'><strong>enarravit,</strong></span> <span class='ocrx_word' id='word_1_757' title='bbox 3286 4721 3572 4777; x_wconf 86' lang='lat' dir='ltr'><strong>evidenter</strong></span> 
     </span>
    </p>
   </div>
   <div class='ocr_carea' id='block_1_109' title="bbox 1998 4813 3569 4901">
    <p class='ocr_par' dir='ltr' id='par_1_109' title="bbox 1998 4813 3569 4901">
     <span class='ocr_line' id='line_1_109' title="bbox 1998 4813 3569 4901; baseline -0.006 -23"><span class='ocrx_word' id='word_1_758' title='bbox 1998 4823 2158 4901; x_wconf 76' lang='lat' dir='ltr'><strong>vidit.</strong></span> <span class='ocrx_word' id='word_1_759' title='bbox 2189 4820 2462 4877; x_wconf 88' lang='lat' dir='ltr'><strong>Postridie</strong></span> <span class='ocrx_word' id='word_1_760' title='bbox 2505 4820 2674 4890; x_wconf 83' lang='lat' dir='ltr'><strong>igitur</strong></span> <span class='ocrx_word' id='word_1_761' title='bbox 2711 4820 2831 4889; x_wconf 85' lang='lat' dir='ltr'><strong>ejus</strong></span> <span class='ocrx_word' id='word_1_762' title='bbox 2876 4817 2982 4872; x_wconf 89' lang='lat' dir='ltr'><strong>dici</strong></span> <span class='ocrx_word' id='word_1_763' title='bbox 3011 4816 3226 4870; x_wconf 81' lang='lat' dir='ltr'><strong>Marcus</strong></span> <span class='ocrx_word' id='word_1_764' title='bbox 3270 4813 3569 4869; x_wconf 76' lang='lat' dir='ltr'><strong>monachus</strong></span> 
     </span>
    </p>
   </div>
   <div class='ocr_carea' id='block_1_110' title="bbox 1997 4905 3568 4984">
    <p class='ocr_par' dir='ltr' id='par_1_110' title="bbox 1997 4905 3568 4984">
     <span class='ocr_line' id='line_1_110' title="bbox 1997 4905 3568 4984; baseline -0.008 -14"><span class='ocrx_word' id='word_1_765' title='bbox 1997 4914 2470 4984; x_wconf 82' lang='lat' dir='ltr'><strong>archiepiscopum</strong></span> <span class='ocrx_word' id='word_1_766' title='bbox 2506 4913 2860 4982; x_wconf 87' lang='lat' dir='ltr'><strong>precabatur,</strong></span> <span class='ocrx_word' id='word_1_767' title='bbox 2886 4917 2947 4962; x_wconf 94' lang='lat' dir='ltr'><strong>ut</strong></span> <span class='ocrx_word' id='word_1_768' title='bbox 2973 4925 3054 4975; x_wconf 88' lang='lat' dir='ltr'><strong>se,</strong></span> <span class='ocrx_word' id='word_1_769' title='bbox 3085 4922 3149 4961; x_wconf 89' lang='lat' dir='ltr'><strong>ac</strong></span> <span class='ocrx_word' id='word_1_770' title='bbox 3183 4905 3418 4975; x_wconf 87' lang='lat' dir='ltr'><strong>quicum</strong></span> <span class='ocrx_word' id='word_1_771' title='bbox 3450 4905 3568 4974; x_wconf 88' lang='lat' dir='ltr'><strong>ipso</strong></span> 
     </span>
    </p>
   </div>
   <div class='ocr_carea' id='block_1_111' title="bbox 1997 4997 3570 5071">
    <p class='ocr_par' dir='ltr' id='par_1_111' title="bbox 1997 4997 3570 5071">
     <span class='ocr_line' id='line_1_111' title="bbox 1997 4997 3570 5071; baseline -0.008 -8"><span class='ocrx_word' id='word_1_772' title='bbox 1997 5015 2176 5071; x_wconf 87' lang='lat' dir='ltr'><strong>erant,</strong></span> <span class='ocrx_word' id='word_1_773' title='bbox 2209 5005 2509 5061; x_wconf 88' lang='lat' dir='ltr'><strong>monachos</strong></span> <span class='ocrx_word' id='word_1_774' title='bbox 2551 5004 2748 5059; x_wconf 89' lang='lat' dir='ltr'><strong>missos</strong></span> <span class='ocrx_word' id='word_1_775' title='bbox 2788 5001 3016 5064; x_wconf 77' lang='lat' dir='ltr'><strong>Iaceret,</strong></span> <span class='ocrx_word' id='word_1_776' title='bbox 3059 5013 3168 5069; x_wconf 90' lang='lat' dir='ltr'><strong>quo</strong></span> <span class='ocrx_word' id='word_1_777' title='bbox 3200 5011 3323 5051; x_wconf 92' lang='lat' dir='ltr'><strong>cum</strong></span> <span class='ocrx_word' id='word_1_778' title='bbox 3355 4997 3570 5052; x_wconf 67' lang='lat' dir='ltr'><strong>caeteris</strong></span> 
     </span>
    </p>
   </div>
   <div class='ocr_carea' id='block_1_112' title="bbox 1999 5089 3570 5168">
    <p class='ocr_par' dir='ltr' id='par_1_112' title="bbox 1999 5089 3570 5168">
     <span class='ocr_line' id='line_1_112' title="bbox 1999 5089 3570 5168; baseline -0.009 -14"><span class='ocrx_word' id='word_1_779' title='bbox 1999 5099 2111 5155; x_wconf 89' lang='lat' dir='ltr'><strong>illic</strong></span> <span class='ocrx_word' id='word_1_780' title='bbox 2135 5097 2422 5168; x_wconf 83' lang='lat' dir='ltr'><strong>agentibus</strong></span> <span class='ocrx_word' id='word_1_781' title='bbox 2452 5096 2716 5151; x_wconf 84' lang='lat' dir='ltr'><strong>fratribus</strong></span> <span class='ocrx_word' id='word_1_782' title='bbox 2757 5092 3065 5149; x_wconf 89' lang='lat' dir='ltr'><strong>institutam</strong></span> <span class='ocrx_word' id='word_1_783' title='bbox 3096 5089 3263 5144; x_wconf 90' lang='lat' dir='ltr'><strong>vitam</strong></span> <span class='ocrx_word' id='word_1_784' title='bbox 3308 5102 3570 5156; x_wconf 81' lang='lat' dir='ltr'><strong>sequere-</strong></span> 
     </span>
    </p>
   </div>
   <div class='ocr_carea' id='block_1_113' title="bbox 2002 5178 3570 5257">
    <p class='ocr_par' dir='ltr' id='par_1_113' title="bbox 2002 5178 3570 5257">
     <span class='ocr_line' id='line_1_113' title="bbox 2002 5178 3570 5257; baseline -0.009 -13"><span class='ocrx_word' id='word_1_785' title='bbox 2002 5199 2112 5257; x_wconf 87' lang='lat' dir='ltr'><strong>tur,</strong></span> <span class='ocrx_word' id='word_1_786' title='bbox 2133 5198 2190 5246; x_wconf 89' lang='lat' dir='ltr'><strong>et</strong></span> <span class='ocrx_word' id='word_1_787' title='bbox 2222 5189 2297 5245; x_wconf 88' lang='lat' dir='ltr'><strong>ita</strong></span> <span class='ocrx_word' id='word_1_788' title='bbox 2335 5195 2486 5244; x_wconf 89' lang='lat' dir='ltr'><strong>recta</strong></span> <span class='ocrx_word' id='word_1_789' title='bbox 2534 5187 2756 5244; x_wconf 90' lang='lat' dir='ltr'><strong>domum</strong></span> <span class='ocrx_word' id='word_1_790' title='bbox 2788 5184 2986 5246; x_wconf 86' lang='lat' dir='ltr'><strong>abiret,</strong></span> <span class='ocrx_word' id='word_1_791' title='bbox 3017 5195 3145 5237; x_wconf 91' lang='lat' dir='ltr'><strong>cum</strong></span> <span class='ocrx_word' id='word_1_792' title='bbox 3177 5178 3230 5233; x_wconf 91' lang='lat' dir='ltr'><strong>id</strong></span> <span class='ocrx_word' id='word_1_793' title='bbox 3275 5178 3450 5232; x_wconf 90' lang='lat' dir='ltr'><strong>nihilo</strong></span> <span class='ocrx_word' id='word_1_794' title='bbox 3483 5191 3570 5231; x_wconf 90' lang='lat' dir='ltr'><strong>se-</strong></span> 
     </span>
    </p>
   </div>
   <div class='ocr_carea' id='block_1_114' title="bbox 2001 5267 3569 5342">
    <p class='ocr_par' dir='ltr' id='par_1_114' title="bbox 2001 5267 3569 5342">
     <span class='ocr_line' id='line_1_114' title="bbox 2001 5267 3569 5342; baseline -0.013 -1"><span class='ocrx_word' id='word_1_795' title='bbox 2001 5285 2121 5342; x_wconf 90' lang='lat' dir='ltr'><strong>cius</strong></span> <span class='ocrx_word' id='word_1_796' title='bbox 2148 5285 2217 5340; x_wconf 88' lang='lat' dir='ltr'><strong>de</strong></span> <span class='ocrx_word' id='word_1_797' title='bbox 2234 5281 2502 5341; x_wconf 86' lang='lat' dir='ltr'><strong>sententia</strong></span> <span class='ocrx_word' id='word_1_798' title='bbox 2530 5295 2595 5336; x_wconf 89' lang='lat' dir='ltr'><strong>ac</strong></span> <span class='ocrx_word' id='word_1_799' title='bbox 2620 5279 2899 5336; x_wconf 88' lang='lat' dir='ltr'><strong>voluntate</strong></span> <span class='ocrx_word' id='word_1_800' title='bbox 2924 5275 3071 5330; x_wconf 92' lang='lat' dir='ltr'><strong>illius</strong></span> <span class='ocrx_word' id='word_1_801' title='bbox 3095 5272 3213 5327; x_wconf 81' lang='lat' dir='ltr'><strong>ﬂeri</strong></span> <span class='ocrx_word' id='word_1_802' title='bbox 3244 5270 3428 5326; x_wconf 88' lang='lat' dir='ltr'><strong>vellet.</strong></span> <span class='ocrx_word' id='word_1_803' title='bbox 3453 5267 3569 5322; x_wconf 84' lang='lat' dir='ltr'><strong>Hoc</strong></span> 
     </span>
    </p>
   </div>
   <div class='ocr_carea' id='block_1_115' title="bbox 2001 5357 3566 5443">
    <p class='ocr_par' dir='ltr' id='par_1_115' title="bbox 2001 5357 3566 5443">
     <span class='ocr_line' id='line_1_115' title="bbox 2001 5357 3566 5443; baseline -0.016 -8"><span class='ocrx_word' id='word_1_804' title='bbox 2001 5379 2110 5435; x_wconf 90' lang='lat' dir='ltr'><strong>illis</strong></span> <span class='ocrx_word' id='word_1_805' title='bbox 2137 5392 2264 5435; x_wconf 89' lang='lat' dir='ltr'><strong>cum</strong></span> <span class='ocrx_word' id='word_1_806' title='bbox 2307 5372 2754 5443; x_wconf 85' lang='lat' dir='ltr'><strong>archiepiscopus</strong></span> <span class='ocrx_word' id='word_1_807' title='bbox 2797 5364 3114 5438; x_wconf 87' lang='lat' dir='ltr'><strong>petentibus</strong></span> <span class='ocrx_word' id='word_1_808' title='bbox 3162 5360 3465 5422; x_wconf 83' lang='lat' dir='ltr'><strong>annuisset,</strong></span> <span class='ocrx_word' id='word_1_809' title='bbox 3497 5357 3566 5412; x_wconf 83' lang='lat' dir='ltr'><strong>ad</strong></span> 
     </span>
    </p>
   </div>
   <div class='ocr_carea' id='block_1_116' title="bbox 1998 5447 3569 5524">
    <p class='ocr_par' dir='ltr' id='par_1_116' title="bbox 1998 5447 3569 5524">
     <span class='ocr_line' id='line_1_116' title="bbox 1998 5447 3569 5524; baseline -0.015 0"><span class='ocrx_word' id='word_1_810' title='bbox 1998 5482 2204 5524; x_wconf 88' lang='lat' dir='ltr'><strong>novum</strong></span> <span class='ocrx_word' id='word_1_811' title='bbox 2245 5479 2367 5520; x_wconf 87' lang='lat' dir='ltr'><strong>sese</strong></span> <span class='ocrx_word' id='word_1_812' title='bbox 2389 5459 2734 5517; x_wconf 86' lang='lat' dir='ltr'><strong>Dominicum</strong></span> <span class='ocrx_word' id='word_1_813' title='bbox 2769 5455 2920 5513; x_wconf 89' lang='lat' dir='ltr'><strong>diem</strong></span> <span class='ocrx_word' id='word_1_814' title='bbox 2947 5465 3268 5507; x_wconf 84' lang='lat' dir='ltr'><strong>reversuros</strong></span> <span class='ocrx_word' id='word_1_815' title='bbox 3301 5447 3569 5518; x_wconf 87' lang='lat' dir='ltr'><strong>pollicen-</strong></span> 
     </span>
    </p>
   </div>
   <div class='ocr_carea' id='block_1_117' title="bbox 1999 5541 3566 5630">
    <p class='ocr_par' dir='ltr' id='par_1_117' title="bbox 1999 5541 3566 5630">
     <span class='ocr_line' id='line_1_117' title="bbox 1999 5541 3566 5630; baseline -0.016 -13"><span class='ocrx_word' id='word_1_816' title='bbox 1999 5561 2166 5627; x_wconf 78' lang='lat' dir='ltr'><strong>tibus,</strong></span> <span class='ocrx_word' id='word_1_817' title='bbox 2211 5553 2487 5630; x_wconf 78' lang='lat' dir='ltr'><strong>proficisci</strong></span> <span class='ocrx_word' id='word_1_818' title='bbox 2541 5550 2763 5608; x_wconf 88' lang='lat' dir='ltr'><strong>domum</strong></span> <span class='ocrx_word' id='word_1_819' title='bbox 2815 5542 3125 5618; x_wconf 86' lang='lat' dir='ltr'><strong>imperavit.</strong></span> <span class='ocrx_word' id='word_1_820' title='bbox 3180 5541 3384 5599; x_wconf 73' lang='lat' dir='ltr'><strong>Verum</strong></span> <span class='ocrx_word' id='word_1_821' title='bbox 3440 5552 3566 5594; x_wconf 87' lang='lat' dir='ltr'><strong>cum</strong></span> 
     </span>
    </p>
   </div>
   <div class='ocr_carea' id='block_1_118' title="bbox 3177 5809 3221 5909">
    <p class='ocr_par' dir='ltr' id='par_1_118' title="bbox 3177 5809 3221 5909">
     <span class='ocr_line' id='line_1_118' title="bbox 3177 5809 3221 5909; baseline 0 0"><span class='ocrx_word' id='word_1_822' title='bbox 3177 5809 3221 5909; x_wconf 69' lang='grc' dir='ltr'><strong>Ἰ.</strong></span> 
     </span>
    </p>
   </div>
  </div>
