4072 6390
451 342 558 410 9203

1618 318 1910 397 MENSIS
1951 328 2381 397 NOVEMBER.

3598 280 3706 393 eat

449 466 567 521 liazc
644 456 1067 526 haudquaquam
1131 448 1398 521 Gregorio
1458 456 1745 518 perspecta
1820 454 2021 512 essent,

2130 445 2359 517 ῆψαντο,
2391 438 2905 514 μετακαλεσάμενος
2966 440 2995 494 6
3024 438 3310 510 Μακάριος
3356 437 3450 495 τὸν
3498 441 3705 513 Γρηγόο

447 552 596 623 quod
620 552 666 605 is
698 558 809 603 tum
842 543 1128 601 monachis
1168 556 1409 612 praesens
1441 555 1552 595 non
1578 537 1861 603 adfuisset,
1893 553 2019 593 cum

448 644 530 697 illi
580 656 701 694 sese
751 637 853 693 vim
896 634 1206 702 dedissent,
1255 630 1523 688 Macarius
1567 631 1890 702 Gregorium
1929 645 2020 685 ac-

448 731 689 792 cersivit,
718 729 900 798 eique,
949 741 1071 796 quae
1102 735 1256 795 gesta
1298 732 1503 789 essent,
1551 722 1825 788 edisserit;
1866 720 2020 775 addit

447 824 632 888 etiam,
664 821 816 874 nulla
858 819 1035 888 ipsum
1072 817 1143 870 ob
1176 815 1229 871 id
1276 815 1526 869 molestia
1556 810 1695 867 afﬁci
1738 821 2015 882 oportere;

447 923 715 969 maturam
741 899 891 966 enim
924 909 1153 963 fratrum
1188 905 1542 961 .reditioneui
1596 918 1661 957 ac
1697 903 2018 973 propediem

446 1005 583 1059 fore.
613 995 767 1068 Quod
803 1000 894 1054 ubi
925 1014 983 1054 se
1004 997 1115 1051 illis
1147 995 1473 1051 destitutum
1531 992 1598 1047 iri
1631 991 1871 1053 rescivit,
1899 1005 2019 1044 mo-

444 1095 738 1150 lestissime
772 1092 917 1146 tulit.
956 1089 1028 1145 At
1057 1098 1171 1143 tum
1203 1102 1345 1150 sese,
1398 1085 1729 1155 lacrymans,
1764 1081 1911 1136 illius
1947 1079 2017 1134 ad

445 1187 614 1256 pedes
643 1200 706 1239 ac
740 1198 916 1254 genua
957 1180 1210 1254 projecit,
1267 1180 1533 1248 illumque
1580 1175 1911 1231 hortabatur
1951 1187 2017 1228 ac

443 1277 652 1345 orabat,
703 1291 762 1330 se
787 1270 1011 1329 ubinam
1044 1274 1123 1337 illi
1166 1282 1437 1326 terrarum
1479 1278 1683 1337 essent,
1734 1266 2014 1322 edoceret.

445 1369 462 1437 (
481 1366 843 1422 Existimabat
873 1359 1045 1430 enim,
1099 1362 1225 1417 illos
1294 1360 1489 1431 procul
1541 1375 1573 1413 a
1624 1357 1762 1413 locis
1815 1355 2017 1411 sanctis

442 1454 698 1522 abiisse.)
732 1454 828 1509 llle
871 1467 1003 1506 vero
1030 1466 1140 1505 non
1172 1451 1291 1520 plus
1331 1447 1523 1519 viginti
1570 1446 1764 1502 stadiis
1812 1447 2021 1500 Roma~

442 1563 660 1610 norum,
690 1548 871 1599 vicum
895 1560 925 1597 a
957 1543 1179 1597 crvitate
1228 1540 1383 1605 dixit,
1420 1539 1624 1592 distare
1661 1551 1771 1608 quo
1800 1551 1911 1590 non
1941 1534 2016 1589 ita

445 1639 655 1710 pridem
693 1637 817 1690 illos
853 1633 1170 1704 pervenisse
1193 1631 1371 1686 simile
1395 1631 1512 1685 veri
1549 1637 2017 1698 eratzprOpterea

442 1731 580 1785 nihil
593 1730 661 1785 de
678 1730 786 1785 illis
805 1727 1103 1784 sollicitum
1118 1728 1260 1791 esse,
1278 1739 1458 1794 neque
1472 1721 1785 1776 vereriscse
1798 1720 2017 1774 illorum

2129 553 2270 606 ριον,
2295 533 2475 587 ταῦτά
2495 551 2554 587 τε
2591 535 2756 586 αὑτὸν
2780 530 3006 604 φράζει,
3037 532 3133 585 καὶ
3167 530 3343 601 μήδδν
3370 532 3466 585 ἐπὶ
3489 532 3702 597 τούτοις

2126 626 2417 696 ἀνιαθῆναι
2448 625 2622 693 λέγει,
2654 627 2854 696 ταχεῖα
2893 624 3002 695 γὰρ
3049 624 3147 678 καὶ
3197 624 3325 677 ὅσον
3378 622 3533 677 ούπω
3592 627 3706 687 τοῖς

2126 720 2377 787 ἀδελφοῖς
2406 720 2441 790 ή
2472 718 2754 780 ἐπάνοδος.
2783 716 2876 787 Τῷ
2930 717 2989 770 δὲ
3023 717 3321 771 ἀκούσαντι
3357 717 3559 786 πικρὸν
3606 719 3706 788 μὲν

2125 809 2300 863 ἐδόκει
2330 808 2390 862 τὸ
2418 808 2645 860 ἐκείνων
2669 807 2808 869 δλως
2838 802 3246 876 ἀποληφθῆναι,
3279 805 3462 859 ποδῶν
3520 805 3577 858 δὲ
3608 807 3706 860 καὶ

2124 899 2370 969 γονάτων
2397 901 2568 955 αὑτοῦ
2605 900 2913 969 ἁπτόμενος
2944 899 3212 970 ἔνδακρυς
3245 898 3571 967 παρεκάλει,
3605 900 3705 952 καὶ

2124 990 2243 1060 ἅμα
2307 991 2503 1061 μαθεῖν
2531 984 2726 1042 ’ἐδεῖτο
2765 988 3045 1050 ποδαποὺς
3105 983 3246 1039 εἶναι
3298 986 3428 1050 τοὺς
3480 986 3703 1059 ἄνδρας·

2124 1081 2261 1153 ᾤετο
2282 1082 2391 1151 γὰρ
2415 1082 2618 1143 αὐτοὺς
2656 1081 2721 1132 ἐκ
2748 1080 2857 1132 τῶν
2889 1079 3063 1146 ἁγίων
3087 1077 3382 1148 ὡρμῆσθαι
3407 1080 3611 1133 τόπων.
3649 1080 3708 1133 Ὀ

2124 1172 2183 1226 δέ
2209 1173 2309 1242 τῆς
2375 1171 2667 1242 Ῥωμαίων
2713 1170 2813 1242 μὲν
2865 1171 3069 1242 ἔφησεν
3116 1167 3277 1235 εἶναι,
3326 1171 3393 1223 ἐκ
3425 1171 3618 1240 κώμης
3645 1173 3708 1224 ού

2125 1263 2291 1317 πλέον
2323 1263 2358 1335 ἢ
2401 1263 2654 1328 σταδίους
2680 1265 2856 1317 εἴκοσι
2876 1264 2978 1335 τῆς
3010 1262 3218 1326 πόλεως
3258 1262 3595 1333 ἀπεχούσης,
3617 1262 3708 1331 ἐφ’

2123 1356 2194 1427 ῆν
2226 1356 2349 1408 ὅσον
2382 1354 2537 1410 οὔπω
2564 1357 2661 1409 καὶ
2693 1355 2911 1426 μέλλειν
2943 1354 3141 1417 αὐτοὺς
3167 1354 3488 1423 ἀφικέσθαι.
3520 1356 3708 1424 Μηδὲν

2125 1447 2190 1519 δὴ
2212 1447 2451 1519 παρῄνει
2474 1450 2606 1519 περὶ
2637 1448 2806 1502 αὑτὸν
2842 1448 3169 1512 δεδοικέναι,
3220 1445 3357 1517 μηδὲ
3385 1447 3498 1500 τῶν
3529 1447 3708 1518 εὐχῶν

2125 1540 2306 1595 αὐτῶν
2338 1540 2580 1603 ἐλπίζειν
2611 1540 3140 1615 ἀπολειφθίήσεσθαιο
3176 1538 3430 1592 ἐϐεϐαίου
3483 1539 3593 1610 γὰρ
3627 1538 3706 1602 ὡς

2124 1630 2184 1682 ού
2223 1630 2492 1700 πρότερον
2518 1630 2869 1701 summa);
2912 1630 3037 1684 ὁδοῦ
3065 1629 3274 1698 ταύτης
3326 1631 3456 1700 πρὶν
3496 1629 3562 1683 ἄν
3608 1629 3707 1683 xui.

2126 1720 2285 1786 αὖθις
2330 1722 2467 1792 πρὸς
2532 1722 2696 1776 αὑτὸν
2745 1722 3140 1776 ἐπανέλθωσιν.
3180 1720 3368 1775 Ταῦτα
3417 1722 3614 1787 είπὼν,
3644 1722 3707 1775 τὸ

444 1822 701 1889 precibus
761 1818 1091 1881 cariturum,
1132 1813 1414 1868 monebat.
1463 1809 1832 1876 Quamobrem
1873 1807 2021 1862 bono

2126 1810 2262 1867 πολὺ
2286 1812 2388 1883 τῆς
2410 1812 2589 1882 λύπης
2625 1812 2940 1882 παρείλετο,
2970 1813 3065 1867 καὶ
3110 1806 3179 1883 ἦν
3234 1812 3297 1866 τὺ
3352 1811 3493 1881 μετὰ
3545 1811 3707 1864 τοῦτο

445 1911 628 1965 animo
660 1910 814 1963 illum
843 1923 965 1963 esse
995 1905 1176 1978 jussit,
1209 1900 1613 1974 spoponditque
1636 1914 1749 1954 non
1785 1913 1845 1953 se
1893 1897 2017 1953 illos

445 2000 599 2067 prius
649 1999 778 2053 huic
829 1997 1014 2053 itineri
1046 1996 1350 2059 dedituros,
1392 2006 1557 2062 quam
1594 1990 1663 2044 ad
1719 2003 1780 2044 se
1829 1988 2013 2043 denuo

446 2098 818 2144 revertantur.
869 2087 973 2153 Qui
1003 2101 1127 2142 cum
1159 2092 1307 2140 esset
1335 2084 1482 2137 hunc
1511 2083 1565 2136 in
1598 2079 1822 2135 modum
1854 2081 2010 2133 locu-

442 2191 557 2246 tus,
589 2180 819 2234 multum
857 2180 948 2233 ille
991 2177 1060 2233 de
1090 2178 1281 2232 dolore
1320 2173 1555 2239 remisit,
1595 2181 1652 2227 et
1683 2171 1882 2227 exinde
1919 2186 2011 2225 ar-

2125 1905 2485 1975 παρεδρεύων
2506 1905 2584 1975 τῷ
2618 1906 3040 1976 ἀρχιεπισκόπῳ
3067 1905 3123 1958 ἐν
3150 1921 3211 1957 τε
3241 1905 3707 1975 ταῖςπροσευχαίς

2121 1997 2218 2051 καὶ
2255 2000 2377 2059 ταῖς
2409 1998 2686 2063 συνάξεσι,
2728 1999 2824 2051 καὶ
2846 1997 2923 2057 ὡς
2950 1999 3029 2060 είς
3065 1998 3383 2067 ἀρχέτυπον
3435 1996 3527 2050 τὸν
3552 1996 3699 2050 ἐκείο

2121 2104 2212 2141 νου
2246 2088 2359 2158 βίον
2389 2089 2551 2159 ὀρῶν,
2591 2090 2686 2142 καί
2717 2090 2836 2142 ὅλον
2873 2090 3004 2158 παρ’
3039 2089 3218 2159 ἐαυτῷ
3242 2090 3547 2157 φιλοπόνως
3580 2087 3702 2151 ἐξει-

2123 2178 2511 2249 κριδούμενος.
3358 2208 3377 2255 ;

446 2276 795 2343 chiepismpo
828 2282 942 2327 tum
972 2273 1029 2326 in
1059 2270 1339 2341 precibus,
1370 2277 1485 2321 tum
1517 2269 1571 2320 in
1600 2266 1772 2320 sacris
1790 2264 2028 2322 coetibus
2054 2269 2508 2328 adhaerescebat:
2557 2287 2897 2343 cernensque
2978 2271 3097 2342 ejus
3174 2270 3362 2334 vitam,
3413 2268 3494 2324 uti
3524 2270 3703 2340 quod-

447 2374 570 2423 dam
623 2366 843 2420 virtutis
898 2362 1200 2431 exemplar,
1247 2360 1395 2414 illam
1443 2359 1586 2429 apud
1618 2373 1678 2414 se
1719 2358 1911 2413 sedulo
1959 2373 2022 2414 ac
2059 2361 2354 2435 diligenter
2399 2363 2749 2421 observabat.

521 2460 634 2514 Xll.
664 2458 803 2514 Cum
830 2470 960 2510 vero
980 2455 1098 2509 dies
1130 2452 1347 2507 Domini
1379 2450 1662 2520 proximus
1679 2449 2016 2518 advenisset,

448 2552 726 2615 monachi,
768 2558 828 2603 ut
861 2547 1187 2616 imperatum
1226 2543 1334 2598 illis
1369 2543 1572 2609 fuerat,
1605 2550 1803 2613 prmsto
1838 2542 2019 2599 fuere:

356 2660 359 2667 '
442 2657 586 2713 quos
619 2654 741 2695 cum
776 2639 837 2691 D.
871 2635 1169 2705 Gregorius
1213 2633 1374 2700 vidit,
1421 2633 1571 2687 omni
1610 2632 1886 2702 voluptate
1929 2648 2018 2688 rc-

444 2734 624 2790 fertus
663 2740 766 2795 est,
824 2744 890 2784 ac
929 2736 1096 2782 totam
1145 2727 1294 2780 illam
1342 2734 1559 2779 noctem
1595 2732 1702 2778 un’a
1735 2739 1858 2778 cum
1910 2723 2020 2779 illis

445 2824 750 2880 insomnem
790 2818 1038 2890 pertulit,
1087 2817 1346 2888 precibus
1390 2816 1520 2871 item
1558 2831 1621 2873 ac
1666 2816 1920 2889 lacrymis
1960 2819 2015 2873 in

445 2915 663 2970 fervore
693 2912 920 2981 spiritus
952 2908 1232 2974 insistens,
1269 2924 1367 2977 pro
1401 2923 1461 2962 se
1505 2917 1692 2962 sancte
1720 2908 2014 2963 Domintnu

445 3003 844 3066 obtestabatur,
901 3001 988 3055 uti
1044 2998 1457 3055 exercitationis
1521 3014 1585 3054 ac
1639 2998 2012 3055 meditationis

2199 2456 2298 2509 lB'.
2327 2456 2441 2528 Τῆς
2474 2456 2532 2510 δὲ
2564 2457 2764 2527 καινῆς
2799 2452 3220 2522 καταλαδούσης
3254 2452 3561 2524 Κυριακῆς,
3612 2463 3704 2505 και

2122 2549 2174 2602 οἱ
2210 2549 2434 2618 μοναχοὶ
2465 2549 2607 2602 κατὰ
2634 2548 2695 2602 τὸ
2719 2547 3014 2618 ἐπιταχθὲν
3061 2546 3342 2616 ’παρῆσαν⁹
3388 2546 3484 2609 οὓς
3527 2546 3650 2600 ἐπεὶ
3676 2548 3705 2600 ό

2126 2636 2267 2701 θέῑος
2295 2633 2402 2691 εἶδε
2419 2638 2745 2709 Γρηγόριος,
2780 2638 2964 2707 πάσης
2992 2653 3053 2689 τε
3079 2637 3273 2708 ἡδονῆς
3311 2636 3579 2707 ἐπλήσθη,
3612 2635 3706 2690 καὶ

2126 2724 2257 2794 παρ’
2286 2724 2417 2793 ὅλην
2447 2726 2665 2797 ἐκείνην
2697 2726 2794 2796 τὴν
2823 2729 2995 2780 νύκτα
3029 2727 3198 2795 συνῆν
3228 2727 3418 2789 αὐτοῖς
3465 2725 3703 2797 διακαρ.

2125 2816 2305 2886 τερῶν
2338 2817 2549 2880 ἄῦπνος
2587 2820 2684 2871 καὶ
2713 2819 2927 2889 δεήσεις
2960 2817 3098 2886 μετὰ
3129 2816 3336 2888 θερμοῦ
3390 2816 3704 2888 πνεύματος

2123 2905 2217 2958 καὶ
2247 2904 2500 2976 δακρύων
2532 2908 2832 2976 προσάγων
2866 2905 3277 2977 ύπερεύχεσθαι
3304 2923 3363 2960 τε
3388 2907 3578 2973 αὐτοῦ,
3606 2925 3706 2962 κα-

2118 2992 2228 3059 λῶς
2255 2995 2348 3050 τὸν
2409 2999 2507 3067 ’τῆς
2563 2999 2853 3069 ἀσκήσεως
2913 2997 3162 3051 διανύσαι
3214 2997 3416 3068 δρόμον
3453 3000 3549 3052 καὶ
3598 2997 3697 3052 τοῦ

446 3094 606 3150 istius
638 3106 860 3147 cursum
882 3089 1206 3160 perﬁceret,
1259 3088 1502 3156 ipsisque
1550 3087 1924 3141 [nereditatem
1955 3102 2018 3141 ac

2126 3086 2320 3159 κλήρου
2356 3087 2566 3156 καὶτῆς
2596 3089 2807 3159 μερίδος
2825 3089 3005 3152 αὐτοῖς
3033 3089 3380 3159 κοινωνῆσαι.
3402 3085 3703 3154 Εἷθόὖτως

445 3194 656 3256 partem
699 3182 1150 3237 communicaret.
1205 3177 1411 3232 Deinde
1463 3178 1539 3231 ita
1589 3177 1751 3232 simul
1801 3192 2017 3234 summo

2126 3155 2238 3248 ἅμα
2264 3176 2409 3249 πρωῒ
2467 3155 2722 3249 πρόσεισι
2780 3179 2859 3249 τῷ
2907 3155 3327 3250 ἅρχιεπισκύπῳ
3361 3181 3390 3233 ό
3450 3181 3701 3250 Μάρκος,

448 3289 606 3328 mane
645 3272 1117 3341 archiepiscopum
1170 3267 1385 3322 Marcus
1403 3266 1541 3333 adit,
1587 3269 1819 3337 ejusque
1863 3268 2019 3338 pedi-

450 3363 554 3416 bus
597 3362 921 3431 provolutus
955 3358 1150 3413 orabat
1177 3367 1237 3412 ut
1259 3357 1375 3412 suis
1402 3372 1460 3412 se
1483 3359 1740 3427 precibus
1766 3366 2021 3425 tanquam

449 3455 653 3509 viatico
687 3451 924 3521 quodam
958 3449 1100 3505 bene
1140 3450 1410 3504 instructo
1438 3449 1803 3503 communitus
1835 3448 2022 3503 diruit-

452 3557 618 3602 teret.
655 3544 863 3597 llorum
912 3556 1041 3597 vero
1084 3540 1172 3596 ille
1214 3541 1444 3611 singulis
1483 3540 1735 3610 imposita
1769 3556 2023 3605 manu,ac

450 3637 680 3694 sublatis
711 3634 980 3689 incmlum
1004 3633 1206 3688 oculis:
1232 3632 1394 3697 Deus,
1431 3632 1632 3702 inquit,
1671 3632 1764 3702 qui
1801 3633 2020 3701 malum,

444 3736 651 3781 terram
673 3740 737 3778 ac
766 3739 935 3789 mare,
974 3730 1030 3776 et
1055 3721 1320 3791 quidquid
1350 3720 1407 3774 iu
1452 3719 1533 3776 eis
1560 3730 1665 3787 est,
1703 3721 2041 3789 condidisti,-

452 3820 548 3891 qui
599 3816 781 3871 omnia
823 3822 949 3869 ante
984 3820 1169 3867 ortum
1228 3812 1445 3866 illorum
1491 3812 1661 3881 probe
1696 3817 1862 3878 nosti,
1906 3814 2023 3884 ipse

452 3911 556 3964 hos
594 3922 783 3962 servos
809 3916 953 3971 tuos,
977 3903 1068 3976 qui
1098 3904 1433 3960 sacros-aucti
1473 3904 1551 3958 tui
1570 3903 1811 3961 nominis
1838 3920 2022 3974 causa,

451 4009 639 4056 sancta
689 3999 877 4053 istlimc
909 3997 1376 4062 locainviserunt,
1404 3992 1749 4067 fructumque
1801 4006 1893 4052 tua
1941 3997 2027 4052 di-

448 4108 616 4167 gnum
648 4094 954 4160 majestate,
985 4088 1333 4159 Gregorium,
1369 4087 1614 4159 inquam,
1647 4090 1742 4160 qui
1784 4104 2025 4160 praesens

451 4186 610 4239 nobis
647 4186 822 4248 adest,
883 4196 1099 4235 servum
1155 4189 1309 4235 tuum
1366 4179 1687 4246 attulerunt,
1736 4196 2021 4249 conserva,

451 4292 514 4331 ac
547 4277 601 4328 in
649 4278 731 4327 via
777 4273 996 4327 illorum
1045 4271 1243 4341 dirige,
1290 4272 1562 4342 siquidem
1599 4282 1825 4327 sanctus
1865 4287 1927 4327 es
1966 4272 2023 4327 in

452 4366 670 4422 saecula.
706 4364 783 4418 Ac
827 4378 952 4418 eum
981 4378 1191 4428 omnes,
1223 4362 1417 4428 Amen,
1445 4362 1842 4429 subdidissent,
1874 4378 2025 4419 com-

2121 3268 2274 3340 ήξίου
2309 3286 2366 3322 τε
2401 3268 2507 3339 πρὸ
2534 3268 2642 3322 τῶν
2664 3269 2874 3323 ἐκείνου
2905 3270 3083 3323 ποδῶν
3109 3269 3361 3338 κείμενος
3383 3273 3507 3334 ταῖς
3541 3272 3704 3335 ἰδίαις

2123 3361 2313 3432 εὐχαῖς
2352 3361 2543 3431 ὥσπερ
2565 3362 2791 3432 ἀγαθοῖς
2817 3364 3052 3432 ἐφοδίοις
3099 3363 3296 3426 αὐτοὺς
3353 3364 3703 3419 ἱκανώσαντα

2123 3452 2522 3524 παραπέμψαι.
2564 3453 2624 3507 Ὀ
2648 3454 2707 3507 δὲ
2746 3454 2966 3525 ἑκάστῳ
2997 3453 3202 3507 τούτων
3231 3453 3334 3525 τὴν
3382 3458 3540 3525 χεῖρα
3572 3459 3699 3507 ἐπι-

2124 3545 2260 3609 θεὶς,
2286 3540 2407 3598 εἶτα
2447 3546 2544 3599 καὶ
2578 3545 2706 3610 τοὺς
2735 3546 3051 3617 ὀφθαλμοὺς
3089 3547 3281 3616 διάρας
3314 3548 3393 3611 είς
3448 3548 3700 3619 οὐρανὸν,

2133 3635 2193 3689 '0
2218 3635 2368 3701 Θεὸς,
2393 3631 2568 3704 εἶπεν,
2599 3638 2626 3691 6
2660 3638 2893 3709 ποιήσας
2919 3638 3010 3691 τὸν
3037 3638 3265 3708 ούρανδν
3313 3640 3407 3692 καὶ
3434 3640 3536 3708 τὴν
3585 3640 3693 3710 γῆν

2125 3726 2220 3779 καὶ
2251 3726 2350 3797 τὴν
2381 3726 2660 3782 θάλασσαν
2688 3728 2784 3781 καὶ
2828 3730 3007 3783 πάντα
3056 3733 3126 3785 τὰ
3166 3732 3225 3784 ἐν
3260 3732 3466 3799 αὐτοῖς,
3519 3735 3548 3787 6
3570 3735 3700 3803 πρὶν

2125 3818 2395 3887 γενέσεως
2423 3820 2605 3873 αὐτῶν
2661 3819 2878 3875 ἅπαντα
2916 3822 3308 3892 ἐπιστάμενος,
3357 3823 3522 3888 αύτὺς
3574 3826 3701 3887 τοὺς

2122 3908 2343 3974 δούλους
2369 3926 2463 3963 σου
2502 3910 2730 3975 τούτους
2758 3913 2886 3976 τοὺς
2908 3912 2998 3966 διὰ
3031 3913 3091 3966 τὸ
3116 3914 3206 3966 σὺν
3231 3912 3389 3980 ἆγιον
3419 3915 3591 3985 ὄνομα
3622 3918 3702 3979 είς

2121 4001 2315 4055 τούσδε
2343 4005 2471 4067 τοὺς
2503 4003 2693 4073 ἁγίους
2720 4004 2920 4067 τόπους
2938 4009 3345 4076 πεφοιτηκότας
3371 4007 3465 4060 καί⁵
3485 4009 3699 4077 καρπὸν

2123 4093 2274 4162 ἄξιον
2296 4093 2385 4166 ,τῷ
2406 4095 2494 4165 ’σῷ
2524 4095 2722 4166 κράτει
2754 4098 3232 4169 προσαγαγόντας,
3263 4099 3356 4151 τὸν
3382 4098 3569 4152 δοῦλόν
3604 4098 3698 4152 σού

2129 4203 2272 4258 φημι
2293 4186 2598 4258 Γρηγόριον
2619 4187 2711 4242 τὸν
2739 4190 3239 4260 συμπαρεστηκότα
3263 4192 3415 4262 ἡμῖν,
3441 4191 3705 4246 διάσωσον

2126 4278 2218 4332 καὶ
2252 4278 2665 4349 συμπορεύθητι
2695 4279 2909 4342 τούτοις
2955 4284 3014 4335 ἐν
3065 4284 3130 4352 τῇ
3203 4282 3308 4352 ὁδῷ
3368 4284 3567 4338 αὐτῶν
3620 4285 3703 4337 δτι

2124 4371 2278 4442 διγιος
2305 4370 2357 4427 εί
2384 4376 2465 4438 είς
2491 4374 2620 4437 τοὺς
2648 4374 2876 4437 αἰῶνας.
2904 4375 3015 4428 Καὶ
3040 4378 3258 4428 πάντων
3285 4375 3347 4429 τδ
3384 4377 3530 4448 ἀμὴν
3558 4380 3705 4431 ἐπει-

452 4460 704 4529 plexatus
736 4456 858 4508 illos
892 4455 945 4507 in
988 4468 1121 4523 pace
1158 4453 1392 4508 dimisit.
1438 4451 1550 4508 llos
1589 4453 1854 4510 abeuntes
1892 4454 2021 4510 Gre-

2130 4465 2341 4519 πόντων
2379 4464 2769 4537 ἀσπασάμενος
2804 4466 3025 4530 αὐτοὺς,
3087 4468 3147 4519 ἐν
3202 4467 3395 4539 εἰρήνῃ
3462 4467 3703 4541 ἔπεμψε.

452 4553 639 4621 gorius
671 4545 1036 4614 conspicatus,
1067 4544 1268 4599 acriter
1294 4545 1478 4598 animo
1530 4543 1726 4610 doluit,
1768 4561 1836 4600 ac
1884 4560 2026 4616 pm-

452 4655 685 4711 propere
742 4637 1031 4701 lestinans,
1091 4635 1313 4689 illorum
1362 4636 1429 4690 ad
1493 4635 1663 4704 pedes
1722 4637 2023 4708 projectus,

453 4732 629 4787 solum
682 4745 742 4784 se
809 4728 887 4782 ibi
948 4726 1187 4797 relinqui
1248 4726 1668 4782 lamentabatur.
1723 4725 1842 4782 Heu
1890 4728 2026 4782 mihi

457 4824 778 4896 (inquiens)
811 4824 935 4894 quis
962 4838 1107 4887 sum,
1139 4830 1194 4875 et
1228 4836 1336 4891 quo
1373 4836 1460 4874 me
1503 4820 1750 4875 vertam?
1775 4818 2024 4885 Quonam

453 4933 556 4988 ego
595 4926 754 4987 pacto
792 4916 968 4978 vobis,
1018 4914 1201 4968 Patres
1244 4929 1307 4968 ac
1358 4924 1687 4976 servatores,
1724 4910 2028 4967 destituar?

453 5009 562 5064 Vos
614 5007 915 5063 secundum
967 5006 1137 5059 Deum
1181 5004 1374 5058 salutis
1423 5019 1556 5058 mea:
1581 5012 1854 5067 auctores,
1919 5002 2026 5073 ipsi

454 5101 585 5157 boni
636 5099 875 5169 probatae
918 5096 1054 5150 mihi
1090 5096 1210 5151 vitae
1252 5095 1496 5167 magistri
1549 5095 1753 5161 fuistis,
1787 5095 1891 5163 ipsi
1941 5110 2028 5148 er-

457 5202 668 5247 rantem
697 5189 1005 5251 invenistis,
1048 5187 1396 5241 invenientes
1427 5195 1590 5241 recta:
1617 5187 1717 5241 via:
1782 5185 2030 5240 reddidi-

456 5282 577 5347 stis,
610 5282 796 5336 multis
837 5280 969 5334 item
1001 5276 1267 5332 ﬂuctibus
1308 5280 1630 5346 naulragum
1677 5291 1741 5330 ac
1775 5291 1915 5345 pene
1938 5279 2028 5331 de-

458 5389 719 5438 mersum,
772 5371 828 5426 in
865 5369 1222 5440 tranquillum
1261 5384 1326 5424 ac
1360 5384 1618 5424 securum
1666 5378 1885 5438 portum
1930 5368 2029 5423 ad-

460 5466 705 5519 vexistis.
770 5464 925 5519 Nunc
968 5479 1134 5533 porro
1172 5463 1449 5533 quomodo
1485 5472 1594 5518 tam
1643 5465 2028 5521 miserabiliter

461 5557 689 5610 divellar
735 5572 764 5609 a
796 5557 986 5611 vobis?
1031 5556 1317 5623 Quomodo
1366 5559 1769 5628 separationem
1813 5560 1953 5615 hanc
1997 5575 2026 5614 a

464 5651 620 5705 vobis
648 5651 854 5707 ieram?
892 5651 1018 5706 Haec
1041 5667 1167 5706 cum
1200 5652 1497 5724 Gregorius
1531 5655 1912 5725 gemebundus
1939 5656 2025 5711 di-

466 5751 638 5811 ceret,
691 5759 805 5815 prae
865 5760 1034 5815 seque
1087 5746 1378 5802 maximam
1441 5750 1608 5805 animi
1664 5748 2028 5805 turbationem

2129 4555 2366 4621 Τούτους
2430 4557 2695 4619 ἀπιόντας
2747 4556 2872 4609 ἰδὼν
2910 4558 2940 4609 6
2999 4556 3039 4608 Γ
3041 4558 3323 4630 ρηγόριος,
3385 4558 3594 4629 ήλγησὲ
3641 4576 3702 4613 το

2132 4648 2389 4720 ἰσχυρῶς,
2428 4648 2523 4703 καὶ
2576 4647 2947 4720 προσδραμὼν
3009 4650 3067 4702 ἐν
3127 4650 3358 4722 σπουδῇ,
3421 4650 3602 4703 ποδῶν
3640 4667 3699 4703 τε

2128 4742 2354 4814 ήπτετο,
2375 4740 2473 4795 καὶ
2498 4739 2594 4811 τήν
2628 4739 2861 4810 μόνωσιν
2886 4740 3226 4812 ἀπωδύρετο,
3266 4743 3452 4812 Οἴμοι,
3500 4741 3698 4809 λέγων,

2128 4834 2211 4898 τίς
2244 4835 2529 4905 γένωμαις
2570 4838 2659 4888 ποῖ
2683 4836 3001 4906 τράπωμαις
3038 4834 3150 4897 πῶς
3181 4834 3333 4903 ὑμῶν
3365 4831 3499 4903 ἐγὼ,
3527 4839 3700 4886 πατέο

2133 4942 2224 4996 ρες
2256 4925 2353 4979 καλ⁵
2378 4929 2646 5000 σωτῆρες,
2679 4928 3180 4999 ἅπολειφθήσομαις
3208 4926 3374 4979 Αὐτοὶ
3399 4927 3538 4994 μετὰ
3569 4926 3702 4978 θεὸν

2129 5019 2230 5089 τῆς
2264 5021 2402 5090 ἐμῆς
2438 5024 2714 5093 σωτηρίας
2754 5021 3028 5092 πρόξενοι,
3063 5021 3216 5071 αύτυί
3240 5036 3331 5085 μοι
3369 5018 3467 5088 τῆς
3490 5018 3700 5088 ἀγαθῆς

2131 5111 2404 5172 πολιτείας
2442 5111 2637 5178 ἀγαθοὶ
2672 5109 3004 5173 διδάσκαλοι,
3033 5106 3186 5159 αύςοί
3232 5123 3299 5176 με
3335 5107 3433 5159 καὶ⁵
3486 5107 3702 5158 πλανὼ-

2132 5219 2295 5271 μενον
2328 5202 2541 5273 εὕρετε,
2591 5201 2684 5254 καὶ
2714 5201 2962 5270 εὑρόντες
3001 5198 3081 5261 είς
3103 5198 3219 5250 ὁδὸν
3272 5196 3489 5250 εὐθεῖαν
3525 5197 3693 5249 καθω-

2130 5292 2428 5362 δῃγήσατε,
2466 5292 2563 5346 καὶ
2591 5293 2648 5345 ἐν
2678 5290 2859 5361 πολλῷ
2909 5289 3142 5343 κλύδωνι
3210 5287 3552 5358 ναυαγοῦντα
3607 5289 3705 5343 καί⁸

2132 5384 2532 5457 βαπτιζόμενον
2583 5386 2664 5447 είς
2718 5385 2957 5454 γαληνὸν
3002 5383 3199 5454 λιμένα
3240 5386 3336 5436 καὶ
3389 5382 3704 5453 ἀκύμαντον

2139 5477 2596 5549 προσωρμήσατε.
2625 5475 2764 5529 Νυνὶ
2791 5477 2847 5529 δὲ
2881 5476 2999 5538 πῶς
3031 5475 3186 5546 ὑμῶν
3224 5474 3473 5535 ἐλεεινῶς
3534 5492 3699 5544 χωρι-

2134 5569 2405 5638 σθήσομαι
2432 5586 2447 5634 ς
2478 5568 2595 5630 πῶς
2634 5568 2732 5638 τὴν
2762 5568 2855 5638 ἀφ’
2889 5568 3042 5639 ὑμῶν
3102 5570 3317 5636 ἐνέγκω
3369 5569 3646 5634 διάζευξιν
3681 5586 3696 5630 ς

2132 5662 2321 5714 Ταῦτα
2361 5660 2455 5714 τοῦ
2489 5663 2792 5733 Γρηγορίου
2829 5663 3279 5734 περιπαθέστατα
3309 5661 3580 5728 λέγοντος,
3614 5664 3703 5714 καὶ

2134 5755 2230 5824 τὴν
2254 5755 2351 5826 τῆς
2376 5757 2553 5829 ψυχῆς
2587 5757 2851 5829 σύγχυσιν
2879 5762 2983 5824 toi,
3008 5759 3242 5830 δάκρυσι
3269 5752 3701 5822 διαγγέλλοιτις,
