4080 6374
444 293 550 402 267

1674 320 1961 385 MENSIS
1998 320 2432 388 NOVEMBER.

3583 324 3692 389 εηε

429 452 505 508 de
565 454 826 519 prmuicto
868 449 1060 497 sancto
1110 437 1461 506 Potamione,
1519 450 1685 508 quem
1733 451 2010 507 nunquam

2118 434 2271 489 όσίου
2308 430 2683 506 Ποταμίωνος,
2719 434 2890 505 μήπω
2922 429 3163 504 πρότερα
3187 430 3339 504 αύτῷ
3381 431 3693 506 γνωσθῆναι

434 551 596 605 antea
638 537 717 593 illi
750 533 1024 605 cognitum
1053 546 1176 588 esse
1228 530 1589 595 existimarat,
1632 536 2007 598 percontatus,

433 633 614 689 nihilo
643 629 916 684 minorem
948 625 1376 682 admirationem
1421 622 1629 694 injecit.
1660 621 1848 691 Itaque
1874 634 2004 675 cum

426 739 620 779 mensa
654 722 761 778 illis
790 728 936 776 esset
976 716 1248 789 apposita,
1300 731 1366 771 ac
1394 714 1554 786 panis
1587 722 1642 769 et
1700 727 1855 783 aqua:
1885 709 2005 784 (uti

427 815 539 869 illis
578 812 754 867 moris
806 810 929 879 est)
982 819 1174 864 mutuo
1221 805 1549 878 participem
1590 802 1870 867 fecissent,
1921 800 2004 855 vi-

429 922 523 963 ros
569 905 830 976 episcopo
883 899 1220 966 manifestat,
1268 907 1325 953 et
1364 905 1427 952 ut
1463 895 1678 950 Marcus
1722 892 2003 947 hominem

426 1013 590 1068 quem
642 1008 928 1065 nunquam
997 991 1231 1073 viderat,
1295 986 1621 1043 nominatim
1694 983 2001 1054 appellarit,

423 1107 534 1161 quo
578 1090 667 1145 ille
708 1088 903 1143 nuntio
961 1084 1194 1140 miriﬁce
1240 1082 1457 1154 gavisus
1516 1088 1621 1147 est,
1677 1076 1844 1147 idque
1915 1076 2005 1130 in-

427 1190 748 1251 οχερροιλοιο
807 1179 962 1232 lucro
1016 1189 1321 1247 apponens,
1381 1171 1448 1225 ad
1481 1170 1659 1241 ipsum
1716 1167 2006 1223 confestim

423 1280 702 1344 properat.
760 1271 929 1325 Porro
958 1283 1082 1322 cum
1125 1265 1248 1319 illos
1276 1262 1471 1319 obvios
1518 1260 1825 1326 habuisset,
1855 1273 2010 1313 com-

424 1366 695 1435 plexatus,
731 1369 785 1416 et
811 1376 906 1431 per
941 1360 1083 1422 illos,
1115 1356 1376 1428 quidnam
1408 1354 1553 1425 apud
1583 1366 1680 1408 eos
1730 1358 2010 1422 ageretur,

425 1456 648 1526 quinam
692 1462 895 1517 essent,
925 1465 1103 1520 quove
1144 1449 1249 1504 hac
1294 1444 1735 1519 peregrinatione
1786 1450 2016 1497 conten-

425 1549 638 1611 derent,
675 1558 1028 1616 cognoscens,
1057 1550 1110 1598 et
1136 1555 1327 1596 rursus
1356 1540 1514 1610 cujus
1542 1537 1622 1593 rei
1662 1549 1826 1590 causa
1854 1532 2007 1588 navi-

425 1640 694 1710 gationem
735 1639 999 1702 facerent,
1061 1649 1185 1690 cum
1237 1631 1348 1687 illis
1407 1629 1562 1688 brevi
1611 1635 2005 1690 commoratus,

2116 528 2400 591 δοκοῦντος
2436 526 2763 598 πυθόμενος,
2796 524 2950 580 οὐδὲν
2979 520 3145 596 ἦττον
3174 524 3492 595 ἐξέπληξεν.
3536 526 3695 580 Ἐπεὶ

2112 619 2170 674 δὲ
2201 622 2294 674 καὶ
2314 617 2564 690 τράπεζα
2599 616 2880 688 παρετέθη
2909 617 3117 682 αύτοῑς,
3137 617 3232 670 καὶ⁸
3251 610 3327 670 ὧν
3367 616 3488 680 εθος
3549 614 3697 690 εἶχον

2116 711 2403 781 μετέσχον,
2441 708 2611 780 ἄρτου
2642 708 2739 760 καὶ
2768 706 2983 771 ὕδατος,
3042 708 3240 777 μηνύει
3293 709 3372 780 τῷ
3410 711 3697 783 ἐπισκόπῳ

2109 802 2234 864 τοὺς
2258 801 2482 870 ἄνδρας,
2506 800 2600 854 καὶ
2619 800 2771 861 ὅπως
2793 801 2821 851 ό
2844 800 3067 869 Μάρκος
3091 798 3150 853 ὃν
3184 799 3397 854 οὐδέπω
3417 800 3695 867 τεθέαται,

2107 892 2373 963 ὀνομαστὶ
2393 891 2583 945 τοῦτον
2609 891 2818 945 ἐκάλει.
2837 890 2894 943 Ὀ
2930 889 2990 942 δὲ
3011 890 3154 944 πάνυ
3179 892 3240 944 τε
3259 891 3402 963 ἥσθη
3421 892 3500 964 τῷ
3528 892 3695 965 λόγῳ,

2110 983 2203 1037 καὶ
2219 981 2439 1046 τούτους
2459 981 2688 1051 ἕρμαιον
2712 981 3098 1052 ποιησάμενος,
3120 982 3319 1036 αύτίκα
3338 984 3701 1054 μεταπέμπε-

2110 1089 2200 1128 ται
2231 1071 2363 1144 παρ’
2390 1072 2572 1125 αὐτόν’
2604 1070 3055 1142 παραγεγονότας
3083 1070 3141 1123 δὲ
3159 1070 3569 1144 ἀσπασάμενος,
3599 1077 3698 1128 καὶ

2102 1159 2170 1213 δι’
2186 1159 2366 1213 αὐτῶν
2386 1158 2456 1212 τά
2480 1159 2797 1222 κατάύτοὺς
2820 1160 3003 1227 γνοὺς,
3025 1159 3170 1224 τινες
3195 1176 3255 1213 τε
3280 1157 3413 1227 εἷεν,
3438 1165 3532 1216 καὶ
3571 1162 3697 1219 τίνα

2109 1252 2210 1323 τὴν
2238 1251 2553 1322 ἀποδημίαν
2577 1252 2900 1321 ἐστάλησαν,
2925 1254 3019 1306 καὶ
3035 1248 3096 1309 οὗ
3116 1252 3279 1309 πάλιν
3304 1254 3395 1309 τὸν
3415 1255 3696 1310 ἀπόπλουν

2109 1343 2414 1410 ποιοῦνται,
2448 1344 2800 1412 συνεδριάσας
2845 1344 3028 1408 αὐτοῖς
3061 1344 3197 1415 πρὸς
3244 1345 3419 1416 βραχὺ
3453 1348 3548 1401 καί
3573 1366 3695 1403 τινα

2111 1435 2335 1507 θεοφιλῆ
2387 1434 2806 1507 συνωμιληκὼς,
2838 1435 2974 1505 πρὸς
3003 1435 3102 1506 τὴν
3158 1436 3455 1507 ἐκκλησίαν
3502 1435 3696 1509 ἀπῄει,

2112 1530 2211 1600 τὴν
2246 1528 2399 1599 ἱεράν
2423 1528 2658 1582 τελέσων
2710 1527 3123 1598 μυσταγωγίαψ
3145 1523 3215 1598 ἦν
3259 1531 3363 1598 γὰρ
3387 1528 3485 1584 καὶ
3521 1531 3556 1601 ἡ
3589 1529 3700 1585 τῶν

2117 1620 2431 1693 κορυφαίων
2460 1619 2775 1674 ἀποστόλων
2805 1620 2970 1691 ἑορτὴ
2995 1619 3202 1689 Πέτρου
3241 1623 3336 1674 καὶ
3360 1622 3598 1678 Παύλου.

428 1749 492 1788 ac
522 1733 705 1787 divina
734 1729 981 1802 quaedam
1007 1733 1430 1790 commentatus,
1493 1722 1563 1778 ad
1624 1720 1935 1784 ecclesiam,
1998 1715 2288 1786 mysticum
2366 1712 2699 1769 sacriﬁcium
2756 1712 3159 1779 eelebraturus,
3209 1712 3603 1781 proﬁciscitur.
3639 1713 3694 1769 ls

428 1825 574 1881 enim
613 1824 835 1878 Petriet
862 1821 1017 1877 Pauli
1065 1832 1410 1875 summorum
1436 1811 1950 1885 apostolorumﬁdies
1971 1808 2147 1864 festus
2177 1814 2317 1860 erat.

497 1917 613 1973 XV.
635 1917 871 1971 'Postera
891 1922 1075 1968 autem
1095 1911 1185 1967 die
1199 1919 1323 1981 post
1339 1907 1634 1963 matutinas
1655 1902 1867 1967 laudes,
1889 1916 2010 1958 eum

2193 1896 2299 1954 lE’.
2339 1898 2418 1969 Τῇ
2447 1897 2712 1968 ἐπαύριον
2737 1897 2795 1950 δὲ
2828 1898 2966 1968 μετὰ
3015 1896 3115 1963 τὰς
3159 1898 3387 1964 ἑωθινὰς
3409 1898 3557 1971 ᾠδὰς
3600 1886 3699 1953 τοῧ

441 2010 733 2081 episcopus
777 2008 888 2062 illis
938 2007 1176 2070 adesset,
1239 2004 1415 2073 deque
1465 1999 1629 2057 rebus
1686 1996 1892 2053 divinis
1947 2009 2011 2050 ac

428 2103 763 2160 salutaribus
787 2116 913 2156 cum
940 2099 1048 2154 illis
1073 2096 1420 2153 familiariter
1450 2093 1796 2164 loqueretur,
1822 2087 2009 2145 statim

426 2194 673 2266 Gregorii
707 2203 964 2263 parentes
1001 2191 1058 2246 in
1112 2189 1305 2243 urbem
1360 2184 1593 2257 ingressi
1629 2188 1780 2247 sunt,
1824 2189 1885 2236 ut
1933 2178 2014 2234 illi

431 2295 687 2355 tanquam
729 2291 949 2337 mortuo
980 2287 1371 2351 parentarent;
1416 2275 1611 2331 eodem
1650 2287 1887 2342 namque
1921 2271 2010 2326 die

430 2387 684 2431 mortuus
718 2375 826 2428 illis
867 2372 1018 2427 visus
1050 2369 1251 2424 fuerat.
1295 2366 1464 2436 Atqui
1495 2379 1620 2420 cum
1658 2371 1832 2416 mater
1874 2359 2012 2415 Gre-

429 2468 571 2541 gorii
628 2478 896 2536 acqumvos
966 2475 1171 2533 pueros
1241 2458 1489 2522 vidisset,
1546 2454 1645 2510 ﬁlii
1697 2451 2013 2508 memoriam

431 2559 679 2623 subiens,
720 2554 1029 2610 visceribus
1069 2562 1155 2608 est
1191 2549 1431 2621 graviter
1481 2546 1760 2609 intercisa,
1809 2543 2014 2613 quippe

432 2651 633 2706 horum
678 2659 938 2718 aspectus
983 2644 1146 2700 fletus
1196 2642 1275 2696 illi
1338 2654 1559 2696 causam
1612 2636 1945 2693 ministravit
1993 2652 2008 2690 :

432 2740 534 2796 llei
569 2738 703 2794 mihi
734 2735 1025 2808 (dicens),
1065 2734 1143 2788 fili
1177 2731 1552 2797 dilectissime,
1588 2729 1664 2783 fili
1691 2737 1797 2783 tam
1822 2728 2015 2798 ingens

432 2834 577 2890 inter
601 2832 840 2903 aequales
869 2830 1151 2899 splendor,
1183 2841 1347 2898 quam
1379 2824 1461 2881 sol
1497 2825 1644 2879 inter
1685 2824 1855 2876 a’stra.
1901 2820 2014 2874 llos

433 2922 656 2993 quidem
703 2920 780 2977 tui
817 2935 985 2976 causa
1015 2931 1209 2974 omnes
1249 2917 1493 2976 intueor;
1540 2921 1602 2968 tu
1650 2926 1782 2967 vero
1831 2908 1926 2965 ubi
1954 2923 2016 2963 es

435 3012 747 3083 terrarum?
777 3009 888 3066 Cur
911 3024 973 3066 es
1011 3008 1185 3079 (oro)
1218 3007 1275 3062 in
1305 3006 1485 3062 lucem
1529 3001 1749 3059 editus?
1792 2998 2011 3055 Utinam

431 3108 632 3160 mortis’
657 3113 762 3159 tuae
784 3118 957 3172 genus
993 3113 1346 3172 agnoscerem
1373 3098 1387 3150 ι
1427 3095 1636 3151 utinam
1674 3093 1878 3158 locum,
1910 3090 2004 3145 ubi

434 3195 774 3253 occubuistil
800 3203 964 3263 atque
996 3192 1207 3247 utinam
1233 3188 1453 3253 scirem,
1477 3186 1522 3242 si
1550 3186 1646 3255 qui
1668 3183 1764 3239 tibi
1788 3182 2012 3237 fuerunt

2115 1991 2417 2044 ἐπισκόπου
2467 1989 2719 2054 συνόντος
2776 1991 2961 2053 αὐτοῖς
3015 1993 3109 2045 καὶ
3157 1993 3571 2063 συνομιλοῦντος
3626 1993 3698 2047 τά

2113 2082 2338 2153 θεοφιλῆ
2402 2081 2501 2135 καὶ
2529 2082 2796 2152 σωτήρια,
2830 2083 3032 2136 αὐτίκα
3063 2083 3157 2136 καὶ
3189 2086 3238 2136 οἱ
3268 2084 3362 2137 τοῦ
3387 2086 3694 2157 Γρηγορίου

2111 2176 2293 2243 γονὲῖς
2324 2174 2426 2244 τὴν
2443 2173 2604 2227 πόλιν
2636 2174 2915 2246 εἰσῄεσαν,
2934 2174 3009 2238 ὡς
3040 2175 3133 2228 ἐπὶ
3156 2175 3336 2246 νεκρῷ
3362 2177 3431 2231 τά
3476 2177 3695 2232 ἐκείνου

2111 2266 2334 2319 τελέσαι
2374 2265 2722 2336 μνημόσυνα’
2778 2266 2922 2322 κατὰ
2947 2268 3157 2339 ταύτην
3188 2268 3299 2340 γὰρ
3329 2269 3428 2341 τὴν
3481 2272 3696 2342 ἡμέραν

2111 2359 2324 2434 ἀφανὴς
2383 2361 2569 2426 αὐτοῖς
2597 2362 2866 2432 ἐγεγόνει,
2913 2361 3053 2427 Τοὺς
3076 2363 3276 2434 ἥλικας
3318 2360 3414 2418 οὖν
3442 2366 3521 2436 τῷ
3548 2366 3695 2437 Γρη-

2113 2454 2288 2527 γορίῳ
2328 2452 2526 2518 παῖδας
2560 2454 2875 2526 θεωμένηή
2909 2457 3094 2527 μήτηρ
3148 2458 3228 2520 είς
3279 2457 3585 2530 ὑπόμνησιν
3629 2473 3689 2510 τε

2112 2542 2280 2597 αὑτοῦ
2321 2544 2617 2611 ίοῦσα,καὶ
2669 2546 2737 2600 τά
2789 2547 3075 2618 σπλάγχνα
3122 2545 3310 2612 δεινῶς
3360 2550 3692 2621 κοπτομένη,

2113 2636 2369 2707 ἀφορμὴν
2405 2635 2624 2708 θρήνων
2660 2637 2758 2708 τὴν
2810 2639 3035 2693 ἐκείνων
3075 2640 3267 2709 ὅρασιν
3315 2641 3576 2708 ἐποιεῖτο,
3604 2643 3698 2698 Οἴε-

2116 2742 2232 2797 μοι,
2262 2725 2517 2794 λέγουσα,
2550 2728 2743 2781 τέκνον
2792 2728 3069 2796 φίλτατον,
3097 2730 3311 2796 τέκνον,
3334 2732 3590 2786 τοσοῦτον
3628 2735 3691 2790 ἑν

2112 2818 2609 2890 ἦλιξιδιαλάμπον,
2654 2820 2779 2873 ὅσον
2832 2821 3210 2893 ὲνάστράσιν
3239 2824 3413 2894 ἥλιος,
3462 2824 3688 2889 τούτους

2120 2911 2218 2981 μὲν
2240 2912 2367 2976 τοὺς
2402 2913 2546 3001 κατὰ
2583 2912 2643 2966 οὲ
2677 2914 2884 2977 πάντας
2914 2914 3077 2985 ὁρῶν,
3115 2915 3180 2969 σὺ
3211 2917 3268 2970 δέ
3294 2934 3384 2987 μοι
3410 2920 3698 2989 μονογενὲς

2118 3003 2222 3056 ποῦ
2252 3003 2347 3058 νῦν
2375 3004 2486 3077 ἄρα
2516 3005 2843 3077 τυγχάνεις;
2874 3006 2927 3059 τῖ
2969 3009 3237 3078 γέγονας;
3279 3009 3406 3064 Ετθε
3457 3027 3554 3064 σου
3601 3011 3699 3066 τὸν

2114 3098 2321 3169 τρόπον
2352 3098 2660 3167 ἐγίνωσκον
2706 3097 2800 3151 τοῦ
2831 3099 3089 3152 θανάτου·
3122 3100 3231 3153 εἴθε
3268 3102 3362 3154 καὶ
3393 3102 3485 3157 τὸν
3507 3102 3698 3170 τόπον,

2114 3185 2176 3243 οὗ
2217 3188 2538 3253 πέπτωκας
2589 3188 2704 3242 είθε
2754 3189 2850 3244 καὶ
2896 3191 2949 3243 εἴ
3002 3191 3151 3255 τινές
3176 3207 3258 3246 σοι
3306 3192 3402 3246 τοῦ
3461 3193 3698 3249 θανάτου

434 3286 627 3343 mortis
652 3284 943 3340 auctores!
975 3282 1107 3338 Tua:
1136 3296 1371 3351 namque
1397 3277 1721 3336 calamitatis
1743 3274 2010 3347 ignoratio

2115 3283 2404 3352 γεγόνασιν
2433 3284 2623 3340 αίτιοι.
2657 3281 2828 3348 Αὔξει
2862 3300 2955 3353 μοι
2982 3286 3040 3338 τὸ
3071 3285 3245 3350 πάθος
3280 3286 3380 3350 τῆς
3405 3290 3699 3359 συμφορᾶς

434 3379 574 3436 mihi
606 3377 851 3432 dolorem
895 3385 1098 3445 auget,
1147 3372 1384 3441 facitque
1422 3381 1500 3436 ut,
1533 3384 1659 3426 cum
1706 3369 1785 3423 sic
1825 3368 2010 3438 lugere

2114 3375 2148 3446 ἡ
2186 3376 2399 3443 ἄγνοια,
2441 3377 2539 3430 καὶ
2588 3376 2813 3447 θρηνεῖν
2863 3379 3310 3451 ἀναγκαζομένη,
3357 3382 3493 3450 μηδὲ
3542 3375 3697 3450 ἑφίἶι

434 3484 622 3542 cogar,
651 3469 922 3540 ignorem,
955 3467 1012 3522 in
1037 3481 1146 3537 quo
1176 3463 1312 3519 mihi
1335 3464 1459 3535 jure
1486 3460 1558 3519 sit
1580 3460 2010 3515 lamentandum.

2115 3463 2338 3535 θρηνεῖν
2370 3466 2571 3520 εἰδέναι
2600 3466 2781 3530 καλῶς
2807 3466 3009 3519 δίδωσι·
3037 3469 3219 3522 πάντα
3247 3471 3349 3535 μὲν
3379 3474 3489 3542 γὰρ
3532 3470 3699 3523 θανά.

436 3562 591 3641 Alias
621 3559 767 3613 enim
809 3571 973 3612 omne
1022 3556 1213 3612 mortis
1267 3568 1439 3623 genus
1483 3560 1801 3622 suspectum
1855 3551 2010 3616 facit,

2114 3575 2207 3612 του
2235 3559 2437 3628 τρόπον
2471 3558 2802 3614 ὑποπτεύειν
2830 3562 2995 3628 ποιεί,
3017 3563 3150 3615 πᾶσι
3177 3561 3236 3614 δὲ
3259 3561 3423 3619 πάλιν
3444 3565 3696 3617 άπιστεῖν

434 3649 571 3706 alias
591 3649 848 3705 omnibus
897 3646 1181 3717 compellit
1210 3643 1478 3699 diuidere.
1508 3642 1647 3697 Num
1684 3656 1805 3712 qua:
1838 3641 2006 3695 silve-

2114 3651 2440 3720 ἀναγκάζει.
2468 3646 2617 3721 *Αρά
2642 3667 2700 3703 σε
2730 3651 2918 3723 θηρίον
2949 3668 3002 3705 τι
3027 3653 3137 3707 τῶν
3165 3654 3371 3724 ἀγρίων
3422 3656 3640 3725 ἥρπασε
3670 3672 3691 3723 ς

436 3742 567 3796 Stris
614 3750 667 3795 te
690 3741 809 3794 fera
844 3737 1159 3808 rapuit?At
1206 3735 1447 3791 ferarum
1475 3742 1615 3789 tecta
1666 3743 1795 3788 sunt
1842 3732 2010 3786 silvae.

2115 3741 2252 3796 ἀλλὰ
2280 3743 2488 3814 θηρίων
2517 3746 2546 3797 ὁ
2583 3744 2746 3807 τόπος
2797 3743 3028 3815 ἕρημος.
3057 3738 3205 3816 Ἀρά
3247 3763 3306 3799 σε
3337 3747 3532 3818 λῃσταὶ
3580 3747 3697 3800 διε-

435 3835 580 3891 Num
600 3832 695 3904 qui
721 3840 772 3886 te
794 3802 1034 3884 latrones
1063 3824 1429 3883 interfecere?
1451 3824 1557 3881 Sed
1578 3824 1703 3895 quis
1723 3834 1830 3879 tam
1859 3824 2010 3879 dirus

2115 3802 2427 3905 χρήσαντο;
2462 3836 2597 3889 ἀλλὰ
2622 3837 2708 3900 τίς
2727 3802 2898 3891 .ιέοέ
2907 3802 3211 3908 ’μιαιφόνος
3248 3802 3404 3911 ψύχη
3451 3842 3545 3894 καὶ
3590 3844 3696 3911 τῆς

435 3884 580 3891 ””“⁷““’“
606 3884 694 3904 “ι““
728 3884 767 3886 ⁷-
1594 3884 1614 3895 υ

434 3935 600 3998 atque
645 3931 905 3979 cruentus
960 3921 1202 3987 animus,
1250 3926 1309 3974 et
1372 3917 1626 3971 humanae
1674 3925 1782 3970 tam
1817 3931 2010 3986 expers

2119 3927 2470 3999 ἀνθρωπίνης
2504 3927 2610 3994 ἐξω
2640 3928 2882 3999 φύσεως,
2916 3884 3021 3984 κᾶν
3056 3884 3398 4001 διίκτόχρῖηιία⁸
3448 3884 3697 4000 Ali-ioc};

437 4029 667 4083 naturae,
709 4030 775 4071 ac
816 4021 875 4069 ut
922 4015 1103 4082 reipsa
1142 4009 1211 4066 ad
1251 4008 1633 4065 crudelitatem
1674 4007 1812 4077 lapis
1847 4016 2014 4073 esset,

437 4128 533 4182 qui
567 4126 677 4165 non
726 4120 874 4165 tuam
918 4103 1221 4177 (obsecro)
1264 4101 1564 4176 iuvenilem
1605 4109 1821 4157 aetatem
1860 4113 2017 4154 vere-

439 4203 634 4259 retur?
684 4201 780 4271 qui
818 4214 930 4255 non
982 4197 1053 4253 ob
1110 4195 1301 4251 forma:
1353 4194 1591 4262 speciem
1643 4190 2018 4246 misericordia

441 4291 795 4349 flecteretur?
834 4288 941 4346 Sed
971 4287 1107 4359 quid
1146 4287 1266 4342 haec
1292 4285 1495 4339 frustra
1517 4283 1822 4337 lamentor?
1851 4282 2015 4358 Deus,

441 4400 472 4440 a
497 4399 608 4454 quo
639 4381 1076 4437 consolationem
1120 4376 1309 4433 infelix
1351 4374 1595 4440 invenio,
1643 4373 1868 4428 ubinam
1901 4372 2017 4443 ipse

440 4480 521 4534 sis
550 4478 692 4531 scire
725 4476 876 4530 solus
904 4479 1106 4543 potest.
1143 4468 1296 4524 Talia
1330 4484 1457 4523 cum
1486 4475 1662 4522 mater
1689 4467 2019 4520 lamentare-

443 4580 553 4632 tur,
584 4567 829 4637 plerique
864 4576 1056 4619 omnes
1092 4561 1242 4616 cives
1270 4558 1402 4615 illuc
1428 4567 1826 4624 convenerant,
1859 4557 2015 4627 ejus-

441 4677 547 4732 que
572 4663 721 4715 lucm
743 4655 1255 4713 commovebantur.

515 4749 652 4807 XVI.
695 4749 896 4805 Verum
927 4760 1052 4801 cum
1076 4743 1317 4799 ululatus
1343 4740 1400 4796 in
1428 4741 1595 4796 altum
1626 4738 1929 4804 tolleretur,
1959 4745 2015 4794 et

443 4845 655 4901 Marcus
671 4842 965 4913 eiulantem
980 4835 1266 4902 sensisset,
1285 4835 1405 4905 ejus
1425 4845 1644 4888 causam
1667 4831 1735 4887 ab
1755 4831 2015 4900 episcopo

441 4935 813 4998 siscitahatur,
832 4931 1066 4987 multum
1089 4938 1145 4984 et
1168 4927 1284 4998 ipse
1313 4939 1606 4994 amareque
1628 4923 2011 4994 ingemiscens,

444 5027 714 5096 lacrymas
765 5020 950 5080 verbis
978 5016 1390 5076 commiscebat.
1440 5014 1577 5086 Ego,
1616 5012 2017 5081 Pater,'inquit

442 5121 759 5189 episcopus,
790 5129 1013 5189 gravem
1041 5112 1142 5168 tihi
1170 5124 1360 5167 casum
1387 5107 1713 5165 edisseram.
1751 5105 1843 5160 Vir
1883 5107 2011 5176 qui-

447 5214 574 5268 dam
608 5214 837 5266 honesto
874 5221 1096 5277 genere,
1127 5219 1196 5260 ex
1224 5201 1345 5258 vico
1378 5210 1580 5255 nostrae
1631 5197 1841 5252 civitati
1887 5212 2013 5267 pro-

442 5306 592 5361 ximo
638 5300 928 5368 oriundus,
959 5314 1086 5357 cum
1126 5296 1339 5354 divitiis
1381 5293 1606 5359 florens,
1664 5299 1779 5345 tum
1830 5299 2014 5345 mente

442 5395 801 5467 locupletiore
833 5402 1121 5463 praestans,
1150 5404 1251 5445 sua
1281 5386 1467 5443 omnia
1496 5384 1835 5456 pauperibus
1862 5397 2011 5438 com-

447 5487 779 5543 municabat.
835 5487 906 5540 At
939 5497 1168 5539 uxorem
1221 5481 1367 5550 piam
1410 5476 1706 5532 admodum
1759 5485 1816 5532 et
1850 5489 2013 5530 orna-

450 5585 551 5631 tam
605 5578 833 5640 ducens,
890 5575 1062 5630 filium
1122 5586 1192 5627 ex
1242 5584 1307 5625 ea
1340 5580 1564 5638 precum
1604 5579 1739 5636 ergo
1799 5566 2009 5637 genuit,

453 5685 608 5740 quem
663 5686 694 5724 a
739 5682 896 5724 sacro
946 5664 1278 5736 baptismate
1335 5661 1454 5732 ipse
1511 5659 1750 5728 suscepi.
1807 5657 2010 5714 Videas

443 5765 609 5837 igitur
651 5775 805 5832 pater
860 5757 1029 5828 prolis
1076 5752 1500 5824 susceptionem,
1546 5762 1602 5806 et
1638 5764 1830 5821 preces
1881 5761 2008 5810 voto

2039 4622 2093 4682 D

2116 4023 2198 4082 εἰς
2226 4021 2509 4091 ὠμότητα,
2537 4023 2662 4092 ἥτις
2711 4038 2807 4075 σου
2845 4021 2922 4092 μὴ
2944 4022 3005 4076 τὸ
3056 4023 3176 4079 νέον
3220 4022 3546 4094 ἐδυσωπήθη
3593 4026 3696 4094 τῆς

2117 4112 2355 4182 ἡλικίας,
2398 4112 2520 4182 ἥτις
2551 4128 2644 4166 σου
2682 4112 2758 4184 μὴ
2780 4114 2841 4167 τὸ
2867 4113 3062 4177 κάλλος
3083 4113 3281 4186 ἠλέησε
3310 4116 3410 4186 τῆς
3441 4118 3691 4188 μορφῆςῖ

2130 4203 2291 4293 nam
2322 4202 2373 4257 τί
2412 4206 2592 4293 μάτην
2623 4204 2799 4259 ταῦτα
2827 4205 3045 4276 θρηνῶ;
3072 4205 3203 4272 Θεὸς
3235 4194 3309 4261 ἂν
3330 4208 3495 4279 είδείη
3527 4210 3690 4279 μόνος

2117 4289 2179 4350 οὗ
2219 4289 2512 4368 τυγχάνεις
2544 4297 2730 4363 αὐτὸς,
2761 4300 2858 4352 καὶ⁹
2902 4297 3039 4370 παρ’
3060 4299 3121 4353 οὒ
3176 4300 3339 4371 μόνου
3370 4304 3470 4373 τὴν
3511 4302 3691 4373 παρά-

2116 4385 2310 4457 κλησιν
2330 4389 2363 4457 η
2394 4388 2660 4459 δυστυχὴς
2686 4389 2928 4461 εὕροιμι.
2950 4390 3192 4445 Τοιαῦτα
3215 4393 3311 4462 τῆς
3333 4409 3440 4462 μητ
3451 4394 3539 4464 pb;
3568 4395 3690 4446 ὀλο-

2118 4477 2434 4549 φυρομένης
2471 4477 2739 4551 συνῄεσαν
2771 4481 2960 4551 σχεδὸν
2987 4483 3037 4535 οί
3066 4482 3165 4553 τῆς
3187 4484 3397 4547 πόλεως
3422 4486 3687 4550 ἅπαντες,

2117 4571 2214 4623 καὶ
2247 4570 2339 4623 τὸν
2366 4570 2564 4641 θρῆνον
2593 4570 2730 4642 αὐτῇ
2755 4572 3116 4629 συνέπλεκον.

2193 4749 2313 4818 ις’.
2330 4751 2416 4815 Ὠς
2428 4751 2485 4807 δὲ
2497 4753 2592 4807 ἐπὶ
2606 4753 2791 4824 μεῖζον
2803 4754 2830 4807 ό
2844 4753 3086 4818 κωκυτὸς
3098 4754 3132 4827 ᾗ
3142 4772 3285 4826 ρετο,
3305 4756 3398 4809 καὶ
3419 4757 3447 4810 ό
3464 4757 3696 4830 Μάρκος

2122 4840 2217 4895 τοῦ
2241 4842 2480 4907 πένθους
2500 4844 2829 4915 αἰσθόμενος
2847 4846 2942 4899 τοῦ
2969 4848 3267 4900 ἐπισκόπου
3284 4850 3692 4919 διεπυνθάνετο,

2124 4934 2216 4988 καὶ
2247 4933 2344 5000 τῆς
2362 4933 2624 5005 ὁλολυγῆς
2653 4935 2752 5006 τὴν
2781 4935 2963 4989 αἰτίαν
3001 4936 3186 5007 ἐζήτει
3219 4937 3436 5006 μαθεῖν,
3465 4941 3609 5010 μέγα
3638 4957 3693 4995 τι

2123 5027 2217 5080 καὶ
2246 5028 2440 5098 πικρὸν
2469 5026 3001 5097 ἀνοιμώξαςὲκείνος
3024 5031 3116 5082 καὶ
3156 5030 3385 5102 δάκρυσι
3410 5034 3693 5104 συμμίξας

2120 5119 2246 5181 τοὺς
2263 5117 2476 5186 λόγους,
2492 5119 2632 5189 Ἐγώ
2652 5136 2735 5173 σοι
2757 5121 2817 5173 τὸ
2845 5138 2907 5174 συ
2914 5122 3057 5192 μδάν
3084 5122 3220 5193 ὅπερ
3241 5123 3475 5179 ἐνταῦθα
3492 5126 3694 5195 δεινὸν,

2122 5212 2249 5283 ἔφη,
2268 5211 2360 5264 καὶ
2381 5212 2729 5283 διηγήσομαι.
2749 5212 2914 5284 ’Δνήρ
2934 5229 3017 5277 τις
3042 5212 3149 5267 τῶν
3173 5210 3233 5269 εὖ
3263 5217 3565 5284 γεγονότων
3580 5220 3693 5273 ἀπὸ

2118 5304 2218 5370 τῆς
2250 5303 2308 5356 ἑν
2339 5304 2595 5372 γειτόνων
2632 5306 2698 5376 τῇ
2731 5303 2885 5357 πόλει
2936 5304 3096 5375 ἡμῶν
3124 5304 3319 5376 κώμης
3338 5309 3688 5379 ὁρμώμενος,

2121 5391 2340 5465 πλούτῳ
2369 5408 2432 5445 τε
2466 5392 2701 5461 θάλλων,
2761 5395 2857 5450 καὶ
2883 5397 3082 5472 γνώμῃ
3128 5396 3509 5471 πλουσιωτέρα
3544 5402 3690 5473 χρώ.-

2121 5499 2304 5554 μενος,
2360 5485 2455 5538 καὶ
2502 5484 2572 5540 τά
2615 5485 2784 5541 αὐτοῦ
2831 5487 3010 5542 πάντα
3045 5489 3156 5542 τῶν
3205 5491 3452 5561 πενήτων
3492 5492 3685 5557 ποιῶ-ι,

2118 5578 2356 5646 γυναῖκά
2401 5593 2465 5646 γε
2493 5578 2617 5632 λίαν
2663 5577 2803 5650 ἔχων
2841 5577 3040 5650 εὐσεϐῆ
3066 5579 3161 5634 καὶ
3200 5581 3457 5651 κοσμίαν,
3493 5584 3684 5647 παιδος

2080 5656 2083 5659 ἢ
2115 5667 2343 5738 ἄρρενος
2371 5665 2438 5721 δι’
2471 5667 2639 5740 εὐχῆς
2674 5667 2919 5737 εγεγόνει
2949 5669 3154 5741 πατὴρ,
3207 5667 3267 5723 δν
3307 5671 3468 5736 αὐτὸς
3497 5673 3562 5725 ἐκ
3587 5671 3683 5724 τοῦ

2115 5758 2262 5814 θείου
2296 5759 2676 5831 βαπτίσματος
2718 5762 3074 5834 ἀναδέχομαι.
3113 5762 3263 5821 Ἰδὼν
3290 5759 3383 5820 οὖν
3415 5767 3444 5820 ὀ
3498 5770 3683 5841 πατὴρ
