4072 6390
363 373 478 439 209

1326 374 1510 437 VITA
1547 375 1605 438 S.
1648 376 2035 439 GREGORII
2070 379 2608 443 AGRIGENTINI.

3510 381 3616 445 910

359 481 464 536 τοῦ
493 480 689 549 γένους
732 479 1008 552 διαδοχὴν,
1053 480 1152 536 καὶ
1194 480 1296 554 τὴν
1331 482 1503 557 εὐχὴν
1531 486 1612 550 είς
1652 486 1816 557 ἔργον
1849 489 1932 542 ἔκ·

2050 490 2290 558 stetisse,
2320 506 2391 547 ex
2436 505 2504 546 eo
2542 498 2790 561 tempore
2816 488 2887 545 ab
2931 501 3100 544 uxore
3130 488 3417 547 abstinuit.
3448 489 3617 547 Porro

359 575 564 638 δᾶσαν,
604 571 668 626 τδ
705 574 799 627 ἐπὶ
839 571 1054 637 τούτοις
1090 573 1191 644 τῆς
1218 576 1481 642 γυναικὸς
1513 579 1615 648 μὲν
1649 577 1942 651 ἀπέσχετο,

355 668 458 719 τὸν
510 666 680 720 παῖδα
741 664 800 719 δὲ
866 663 971 737 ἤδη
1024 665 1297 733 γεγονότα
1350 667 1444 739 ἔτη
1501 667 1646 723 ὀκτὼ
1685 670 1945 738 λαϐόντες

355 759 563 824 ἄγουσι
608 758 741 827 παρ’
778 756 927 826 ιμοί.
978 757 1154 839 Κάγώ
1198 759 1397 831 πρῶτα
1454 760 1554 830 μὲν
1596 763 1945 834 παραδίδωμι

357 847 561 902 τοῦτον
589 848 897 919 διδασκάλῳ
928 854 1368 923 γραμματιστῇ·
1398 852 1594 908 ἔπειτα
1628 854 1817 926 κείρας
1844 858 1944 911 αῦ-

353 942 457 994 τὸν
484 939 581 994 καὶ
620 940 703 1011 τῷ
732 940 831 994 ὑπ’
868 943 970 1012 ἐμὲ
1011 943 1201 1014 κλήρῳ
1249 945 1623 1013 ἑγκαταλέξας
1660 947 1737 1018 τῷ
1783 950 1943 1020 ἀρχι-

354 1034 599 1105 διακόνῳ
631 1051 734 1103 μου
766 1036 1143 1107 παρατίθημι,
1175 1036 1364 1108 ἄκρως
1386 1037 1552 1093 αὑτὸν
1577 1041 1646 1094 τὰ
1673 1042 1773 1112 τῆς
1803 1042 1947 1114 Γρα-

356 1124 476 1195 φῆς
546 1126 850 1197 ἐκπονῆσαι
905 1126 992 1181 διά
1052 1128 1263 1199 ταχέων
1322 1130 1827 1199 ἐγκελευσάμενος·
1882 1132 1945 1197 ὃς

357 1218 511 1285 οὕτω
541 1216 703 1287 φύσει
732 1234 792 1270 τε
822 1218 920 1272 καὶ
947 1220 1150 1289 σπουδῇ
1181 1219 1272 1272 διά
1311 1219 1529 1275 πάντων
1552 1220 1855 1291 ἐξέλαμψεν
1888 1223 1944 1275 ὲν

362 1309 587 1379 βραχεῖ,
620 1310 696 1372 ὡς
739 1309 944 1379 μηδένα
978 1309 1331 1379 παράμιλλον
1349 1310 1500 1381 αὐτῷ
1534 1311 1658 1366 καθ’
1687 1312 1816 1383 ὅλην
1843 1312 1943 1383 τὴν

359 1400 603 1454 Σικελῶν
642 1401 1020 1471 εὑρίσκεσθαι.
1054 1397 1226 1467 οὗτος
1250 1399 1344 1459 οῦν
1369 1405 1398 1458 δ
1437 1405 1568 1468 παῖς
1594 1405 1711 1460 είτε
1754 1405 1945 1476 δαίμο-

357 1511 455 1557 νος
494 1493 847 1567 βασκανία,ἦ
903 1496 1004 1550 οὐκ
1047 1492 1145 1552 οἷδ’
1188 1499 1353 1570 ὁποίᾳ
1386 1498 1525 1571 τύχῃ
1568 1499 1937 1571 χρησάμενος,

359 1585 632 1653 αἰφνίδιον
661 1585 877 1656 ἀφανὴς
900 1586 1137 1656 γίνεται,
1170 1590 1406 1661 μηδενὸς
1435 1591 1585 1664 αὐτῷ
1629 1591 1695 1646 τὸ
1725 1591 1941 1662 συμϐάν

361 1677 693 1742 συνειδότος,
729 1679 805 1750 μή
833 1695 893 1732 τε
926 1679 1037 1752 μὴν
1074 1681 1206 1753 ἄχρι
1239 1682 1336 1736 καὶ
1356 1684 1600 1755 τήμερον
1628 1684 1706 1748 είς
1739 1684 1939 1753 γνῶσιν

360 1770 700 1840 ἀφικομένου
728 1786 744 1804 °
789 1771 962 1826 πολλὰ
989 1773 1047 1826 δὲ
1090 1775 1189 1831 καὶ
1218 1774 1318 1846 τὴν
1358 1775 1525 1845 νῆσον
1558 1778 1742 1833 πᾶσαν
1782 1794 1939 1851 περι-

357 1862 609 1923 ελθόντες
651 1862 805 1915 οὐδέν
836 1880 890 1917 τι
927 1864 1091 1919 πλέον
1115 1866 1298 1937 εὑρεῖν
1325 1868 1360 1939 ἢ
1385 1868 1582 1939 μαθεῖν
1609 1869 1746 1933 ὅλως
1775 1871 1931 1942 ίσχύ-

359 1951 804 2022 σαμεν.Ἐχομεν
836 1948 932 2006 οῦν
967 1955 1059 2008 καὶ
1082 1956 1243 2026 ἡμεῖς
1263 1956 1363 2028 τὴν
1402 1958 1531 2027 περὶ
1560 1958 1728 2012 αὐτοῦ
1752 1959 1940 2033 λύπην,

353 2041 790 2112 ἀπαρηγόρητον
831 2045 1001 2117 μηδὲν
1051 2048 1187 2119 ἡμῖν
1224 2049 1464 2118 δηλῶσαι
1497 2051 1662 2122 μέχρι
1698 2053 1795 2107 καὶ
1834 2054 1931 2110 νῦν

354 2134 450 2185 τοῦ
507 2134 718 2202 ἀγαθοῦ
757 2135 897 2190 Θεοῦ
947 2139 1366 2211 εὐδοκήσαντες.
1415 2144 1571 2198 Ἐπεὶ
1614 2144 1672 2199 δὲ
1729 2146 1930 2216 μᾶλλον

356 2222 675 2277 τῶντᾶλὶων
703 2225 761 2278 αἱ
787 2227 900 2281 τῶν
926 2228 1091 2283 αὑτοῦ
1124 2232 1379 2302 πατέρων
1408 2234 1576 2305 ψυχαὶ
1599 2235 1697 2290 τοῦ
1723 2236 1931 2302 πάθους

356 2315 607 2384 ᾔσθοντο,
656 2319 881 2387 πάρεισι
937 2320 1033 2376 νῦν
1063 2322 1393 2383 πενθοῦντες
1446 2325 1541 2379 καὶ
1571 2324 1669 2397 τὴν
1717 2329 1928 2382 ἐκείνου

356 2410 584 2479 μνήμην
635 2412 1084 2481 ὲπιτελέσοντες,
1134 2417 1280 2471 κατὰ
1331 2417 1541 2489 ταύτην
1592 2419 1767 2490 δήπου
1831 2421 1931 2493 τὴν

354 2501 569 2572 ἡμέραν
600 2503 723 2555 καθ’
753 2506 821 2573 ἢν
842 2506 937 2559 καὶ
958 2506 1017 2559 τὸ
1036 2508 1269 2578 πατέρες
1300 2508 1584 2564 καλεῖσθαι
1614 2511 1928 2581 ἀπώλεσαν,

354 2591 599 2660 ἀφανοῦς
631 2594 799 2649 αὐτοῦ
825 2598 1143 2668 γενομένου.

426 2776 526 2831 IZ'.
584 2778 772 2834 Ταῦτα
801 2784 829 2835 δ
863 2784 1092 2853 Μάρκος
1147 2785 1389 2849 ἀκούσας
1448 2786 1630 2851 ιννεδς
1686 2788 1931 2859 ἐγεγόνει

359 2868 452 2921 ἰπὶ
484 2870 647 2934 πολὺ,
687 2872 784 2925 καὶ
833 2875 970 2942 μετά
1023 2874 1201 2929 ταῦτα
1246 2876 1501 2948 δακρύων
1536 2878 1930 2950 ὑποπλησθεὶς,

353 2958 476 3022 τοὺς
507 2960 605 3014 τοῦ
639 2962 828 3027 παιδὸς
855 2966 1035 3032 γονεῖς
1059 2963 1335 3035 παράγειν
1359 2966 1438 3027 εἰς
1460 2964 1521 3019 τὸ
1552 2968 1716 3034 μέσον
1750 2968 1926 3037 ἠξίου·

352 3050 456 3103 τῶν
479 3051 537 3105 δὲ
558 3054 984 3125 εἰσεληλυθότων
1011 3057 1097 3120 τίς
1123 3058 1157 3126 ἠ
1191 3055 1361 3127 πολλὴ
1391 3055 1533 3126 αῦτη
1560 3054 1670 3109 τῶν
1713 3056 1930 3129 θρήνων

2049 580 2221 636 tilium
2251 592 2378 638 octo
2410 584 2522 654 jam
2569 596 2745 638 annos
2795 588 2984 636 natum
3020 580 3378 650 accipientes,
3416 581 3485 662 ad
3530 599 3617 643 me

2047 672 2359 740 adducunt,
2396 687 2562 743 quem
2604 686 2712 744 ego
2761 672 3026 743 magistro
3066 670 3306 742 primum
3351 687 3621 741 gramma-

2048 763 2171 820 ticis
2216 765 2612 821 instituendum
2655 763 2845 820 trado:
2891 762 3092 819 deinde
3146 764 3327 834 ipsum
3388 766 3619 824 tondens

2045 871 2109 913 ac
2135 859 2190 912 in
2223 857 2483 913 Ecclesia:
2511 856 2823 928 collegium,
2864 855 2955 912 cui
2998 870 3255 926 praesum,
3323 855 3617 920 asciscens.

2044 948 2102 1004 in
2154 948 2526 1005 archidiaconi
2577 948 2684 1004 ιιιεὶ
2732 948 2900 1004 ﬁdem
2974 945 3278 1013 committo,
3350 947 3616 1004 mandans

2045 1049 2107 1097 ut
2152 1056 2317 1112 quam
2365 1041 2621 1096 celeriter
2667 1039 2787 1095 ﬁeri
2816 1046 3022 1110 posset,
3055 1037 3111 1092 in
3160 1037 3402 1093 divinam
3441 1038 3616 1109 legent

2043 1142 2301 1189 accurate
2361 1132 2725 1188 incumberet.
2783 1130 2888 1197 Qui
2944 1132 3018 1187 ita
3075 1140 3191 1186 tum
3247 1140 3453 1186 natura
3512 1129 3617 1185 ad.

2042 1224 2222 1295 jutus,
2282 1231 2397 1279 tum
2463 1223 2672 1289 studio,
2701 1223 2856 1279 brevi
2887 1224 2946 1278 in
2981 1223 3241 1278 omnibus
3272 1222 3445 1277 evasit
3483 1236 3619 1278 con-

2042 1315 2293 1385 spicuus,
2354 1323 2415 1370 ut
2472 1330 2637 1372 nemo
2668 1331 2767 1387 per
2853 1314 3165 1371 universam
3231 1312 3474 1368 Siciliam
3538 1312 3617 1369 illi

2044 1406 2448 1476 comparandus
2498 1406 2864 1462 inveniretur.
2930 1405 3121 1475 Itaque
3166 1417 3307 1479 puer
3363 1402 3450 1458 vel
3508 1402 3620 1457 die.

2042 1500 2224 1555 monis
2288 1498 2513 1563 invidia,
2543 1500 2629 1555 vel
2681 1500 2870 1556 nescio
2900 1512 3010 1570 qua
3059 1498 3226 1553 sortis
3276 1496 3618 1568 malignitate

2042 1604 2197 1656 usus,
2250 1590 2425 1646 oculis
2446 1591 2653 1648 nostris
2703 1598 2927 1662 repente
2972 1589 3205 1655 tollitur,
3264 1604 3368 1645 nec
3423 1599 3615 1660 postea

2042 1689 2189 1736 tanta
2218 1683 2340 1754 ejus
2378 1683 2663 1740 calamitas
2705 1683 2885 1740 cuivis
2944 1683 3205 1747 innotuit,
3257 1697 3435 1752 neque
3486 1696 3618 1737 sane

2044 1773 2341 1845 quidquam
2398 1774 2468 1829 de
2526 1774 2622 1831 illo
2664 1776 2719 1830 in
2749 1775 2896 1830 hunc
2948 1789 3125 1845 usque
3161 1775 3309 1830 diem
3351 1773 3513 1829 nobis
3533 1779 3619 1828 est

2040 1866 2353 1938 proditum;
2396 1875 2681 1937 utcunque
2721 1868 3032 1922 univcrsam
3061 1866 3302 1922 Siciliam
3357 1865 3449 1921 diu
3479 1865 3619 1920 mul~

2041 1964 2271 2027 tumque
2309 1957 2639 2022 obierimus,
2693 1956 2867 2012 nihilo
2911 1958 3036 2028 plus
3085 1957 3337 2013 invenire
3390 1967 3488 2012 aut
3532 1955 3621 2010 di-

2035 2062 2190 2104 scere
2218 2048 2515 2118 quivimus.
2586 2047 2854 2115 Quocirca
2952 2064 3054 2105 nos
3114 2048 3308 2105 itidem
3360 2049 3621 2104 inconso-

2039 2138 2192 2195 labili
2240 2153 2410 2210 prope
2442 2139 2591 2197 illius
2642 2154 2809 2195 causa
2861 2140 3067 2209 dolore}
3104 2140 3441 2205 cruciamur,
3475 2139 3616 2195 nihil

2042 2230 2206 2287 nobis
2230 2231 2500 2287 hactenus
2534 2233 2553 2302 (
2571 2247 2695 2302 quae
2728 2234 2824 2288 Dei
2853 2233 2979 2302 Opt.
3008 2233 3150 2288 Max.
3188 2233 3447 2290 voluntas
3475 2232 3616 2304 fuit)

2040 2322 2381 2392 exploratum
2440 2338 2586 2380 esse.
2641 2322 2748 2379 Sed
2781 2340 2905 2380 cum
2939 2325 3156 2381 caeteris
3199 2324 3383 2381 'multo
3450 2325 3618 2383 vehe—

2041 2415 2281 2469 mentius
2311 2424 2599 2486 parentum
2634 2416 2756 2487 ejus
2786 2417 2954 2472 animi
2980 2417 3171 2473 dolore
3202 2416 3614 2481 conﬂictentur,

2041 2520 2190 2560 nunc
2235 2506 2491 2576 lugentes
2522 2505 2743 2573 adsunt,
2797 2507 2919 2578 ejus
2973 2507 3298 2563 memoriam
3344 2506 3616 2563 hodierno

2040 2595 2129 2652 die
2170 2596 2524 2666 celebraturi,
2580 2598 2637 2653 in
2681 2614 2791 2669 quo
2842 2607 3048 2670 patres,
3082 2599 3285 2656 amisso
3324 2599 3459 2667 tilio,
3518 2614 3615 2668 ap—

2041 2686 2232 2757 pellari
2273 2686 2581 2743 desierunt.

2107 2777 2267 2833 XVII.
2328 2778 2427 2835 llis
2507 2780 2728 2847 auditis,
2781 2782 2871 2838 ille
2916 2781 3009 2838 diu
3063 2784 3302 2856 elinguis
3370 2801 3437 2844 ac
3490 2795 3617 2859 post

2035 2867 2292 2940 lacrymis
2332 2869 2548 2939 plenus,
2586 2871 2641 2928 in
2686 2872 2929 2929 medium
2982 2874 3102 2931 illos
3153 2876 3376 2946 prodire
3431 2880 3614 2948 petiit,

2031 2968 2089 3016 et
2117 2976 2364 3030 quaenam
2401 2962 2518 3018 hate
2551 2973 2720 3032 esset,
2767 2981 2866 3021 cur
2898 2975 3005 3021 tam
3040 2969 3282 3038 graviter
3323 2969 3613 3027 caaderen-

2034 3060 2145 3116 tnr,
2188 3052 2565 3124 interrogavit.
2603 3053 2850 3124 Cumque
2892 3055 2952 3123 ii,
3002 3072 3113 3126 prae
3172 3058 3398 3115 tristitia
3444 3075 3609 3130 quam

353 3149 642 3219 σΰγχυσις,
691 3152 876 3221 ἥρετο,
928 3151 1025 3206 καὶ⁵
1061 3154 1184 3207 ὅτου
1217 3150 1385 3205 ἕνεκα
1429 3150 1618 3215 δεινῶς
1650 3150 1794 3207 οὕτω
1835 3154 1931 3206 κό-

2036 3147 2338 3216 plurimum
2384 3147 2509 3204 illos
2546 3146 2910 3218 opprimente,
2966 3147 3285 3205 intercisam
3316 3164 3382 3206 ac
3438 3150 3615 3222 impe-

352 3257 595 3297 πτοιντο.
636 3242 756 3298 τῶν
804 3243 861 3298 δὲ
915 3244 1022 3299 ὑπὸ
1074 3246 1172 3315 τῆς
1206 3245 1347 3315 άγαν
1378 3243 1708 3316 συνεχούσης
1733 3246 1931 3311 αὐτοὺς

350 3334 590 3403 ἀθυμίας
624 3336 717 3391 καὶ
741 3337 842 3407 τὴν
893 3337 1076 3409 φωνὴν
1105 3336 1297 3408 ὥσπερ
1353 3337 1789 3409 ἔγκοπτομένων,
1839 3339 1932 3393 καὶ

352 3424 487 3493 μηδὲ
538 3427 641 3496 τὴν
688 3428 871 3481 αἰτίαν
925 3427 1156 3497 φράζειν
1216 3427 1367 3497 αὐτῷ
1395 3427 1738 3498 δυναμένων,
1784 3428 1929 3500 ὀρῶν

350 3517 558 3601 ἐκεῖνος
606 3518 707 3588 τὴν
751 3519 849 3572 τοῦ
899 3521 1104 3583 πάθους
1139 3519 1449 3592 ὑπερϐολὴν
1509 3522 1603 3575 καὶ
1654 3521 1771 3591 ἅμα
1829 3521 1930 3587 τὰς

348 3608 505 3677 ὄψεις
527 3610 925 3680 ἀκριόἐστερον
954 3611 1230 3665 ὲπιὸαλὼν
1253 3611 1335 3679 τῷ
1356 3612 1633 3682 Χαρίτωνι
1658 3616 1754 3669 καί
1778 3631 1928 3678 τινας

348 3702 796 3771 ὑποφαινομένας
830 3702 955 3757 ίδὼν
984 3706 1310 3774 ὁμοιότητας
1332 3722 1348 3737 ·
1379 3700 1447 3776 ἦν
1473 3706 1584 3775 γὰρ
1637 3706 1702 3777 δὴ
1734 3708 1922 3760 κάκεῖ-

346 3809 437 3857 νος
458 3795 564 3864 τήν
592 3810 650 3845 τε
681 3793 805 3863 ὄψιν
835 3794 984 3864 μάλα
1015 3794 1202 3861 καλὸς,
1228 3796 1324 3850 καὶ
1349 3795 1450 3866 τὴν
1478 3796 1676 3868 κώμην
1698 3797 1889 3862 ξανθός
1909 3813 1923 3829 ⁸

349 3887 468 3949 καὶ,
533 3887 825 3940 συνελόντα
859 3889 1049 3957 φάναι,
1091 3888 1293 3961 ἀκριϐῆ
1345 3887 1587 3953 σώζοντα
1621 3888 1712 3943 τὸν
1756 3907 1929 3962 χαρα-

346 3977 533 4045 κτῆρα
561 3981 907 4048 κατανοήσας
954 3980 1048 4034 καὶ
1097 3980 1173 4044 ώς
1213 3981 1316 4033 οὐκ
1340 3980 1407 4034 ἃν
1432 3980 1516 4051 είη
1549 3981 1610 4034 τὸ
1625 3981 1813 4035 λοιπὸν
1842 3983 1929 4035 ἐν-

345 4068 605 4137 δοιάσιμα
640 4069 776 4137 πρὸς
798 4069 990 4123 ἑαυτὸν
1017 4070 1257 4141 εἰρηκώς
1278 4083 1293 4101 ⁸
1330 4070 1500 4134 Ἔδει,
1542 4070 1732 4140 φησὶν,
1757 4071 1924 4140 ὑμᾶς,

346 4159 593 4227 ἀδελφοὶ,
628 4159 708 4228 τῷ
728 4160 846 4228 Θεῷ
880 4161 1094 4225 πάντως
1131 4163 1295 4231 χάριν
1317 4161 1621 4230 ὁμολογεῖν,
1655 4161 1684 4213 ὅ
1711 4178 1765 4214 τι
1797 4161 1927 4216 ποτὲ

349 4245 416 4297 ἂν
513 4245 575 4298 τδ
613 4246 848 4315 συμδὰν,
879 4246 955 4317 τῷ
990 4252 1101 4313 τοῖς
1156 4251 1415 4321 ἀρρήτοις
1446 4250 1615 4304 αὑτοῦ
1662 4250 1755 4305 καὶ
1784 4251 1926 4304 ἀκαο

348 4341 640 4403 τινοήτοις
665 4340 929 4409 κρίμασιν
948 4339 1090 4394 οὕτω
1113 4341 1290 4395 πάντα
1322 4341 1691 4412 οἰκονομοῦντι
1709 4343 1888 4407 καλῶς
1905 4359 1923 4378 ο

348 4425 486 4480 ἀλλὰ
519 4428 599 4498 μὴ
635 4428 807 4492 οὕτως
833 4431 1077 4499 ἀκρίτως
1116 4431 1331 4484 πενθεῖν
1361 4432 1437 4494 ὡς
1467 4431 1534 4485 ἂν
1582 4432 1925 4497 ἀπολωλότος

350 4512 480 4579 ὑμῖν
507 4512 613 4580 ἤδη
662 4510 759 4565 τοῦ
790 4514 1004 4577 παιδός.
1042 4514 1104 4567 Εί
1141 4513 1251 4583 γὰρ
1301 4514 1397 4566 καὶ
1430 4512 1561 4585 ὑμῖν
1614 4517 1926 4588 ἀποκέκρυο

351 4619 485 4656 πται
523 4604 768 4666 πάντως,
800 4605 939 4660 ἀλλά
971 4622 1035 4675 γε
1066 4606 1143 4676 τῷ
1177 4605 1297 4677 Θεῷ
1342 4606 1500 4677 δῆλός
1532 4607 1674 4661 ἐστι.
1703 4606 1925 4664 Τούτων

348 4695 661 4763 δΧαρίτων
718 4695 956 4759 ἀκούσας
1007 4698 1102 4751 καὶ
1143 4696 1321 4760 ἄλλως
1364 4697 1722 4768 παραμυθίας
1764 4699 1926 4753 ’ἑνεκα

351 4784 441 4838 τὸν
478 4784 641 4852 λόγον
687 4786 943 4857 είρῆσθαι
981 4788 1256 4857 νομίζων’
1289 4787 1462 4842 Τοῦτο
1505 4789 1605 4860 μὲν
1640 4786 1757 4855 οῦν,
1792 4790 1921 4860 ἔφη,

353 4879 690 4950 τσανάληθες·
718 4882 769 4933 εἰ
800 4881 909 4950 γὰρ
934 4882 1073 4935 κατά
1104 4879 1330 4952 Γραφὴν
1379 4880 1513 4952 ᾅδης
1551 4881 1646 4937 καὶ
1677 4881 1925 4938 ἀπώλεια

353 4971 565 5045 ςαντρά
601 4973 752 5041 παρὰ
782 4974 993 5043 Κυρίῳ,
1027 4973 1144 5036 πῶς
1173 4974 1296 5044 οὐχὶ
1335 4974 1429 5028 καὶ
1461 4974 1519 5027 αἱ
1562 4974 1783 5044 καρδίαι
1818 4972 1925 5027 τῶν

352 5058 694 5127 ἀνθρώπωνς
755 5061 805 5111 εί
861 5059 1039 5114 τοίνυν
1096 5061 1191 5114 καὶ
1248 5060 1575 5131 πεφόνευται
1634 5061 1697 5114 τὸ
1737 5064 1925 5115 τέκνον

355 5148 530 5219 me»,
568 5151 684 5204 ἀλλ’
708 5147 803 5205 οῦν
827 5154 861 5222 ἡ
889 5153 1084 5208 τούτου
1109 5153 1257 5224 ψυχὴ
1285 5155 1343 5206 ἐν
1374 5154 1532 5225 χερσὶ
1558 5154 1777 5218 πάντως
1809 5155 1931 5208 ἐστὶ

354 5240 448 5296 τοῦ
475 5240 634 5298 Θεοῦ.
668 5243 779 5297 Καὶ
805 5243 977 5298 ταῦτα
1011 5246 1108 5317 μὲν
1136 5246 1165 5299 ὀ
1192 5247 1466 5317 Χαρίτων.

422 5504 532 5560 iH'.
575 5504 637 5560 Ἦ
666 5506 724 5560 δὲ
757 5506 851 5561 τοῦ
891 5506 1192 5581 Γρηγορίου
1230 5508 1434 5581 μήτηρ,
1463 5507 1540 5579 τῷ
1571 5510 1660 5563 τοῦ
1699 5511 1938 5581 Μάρκου.

359 5599 586 5669 στόματι
621 5599 715 5653 τὸν
768 5599 1045 5670 ὀφθαλμὸν
1094 5602 1456 5674 ἀπερείσασα,
1506 5603 1691 5666 ἀτενὲς
1752 5605 1922 5675 ἑώρα,

356 5689 573 5745 καῖ’-ιδν
598 5691 761 5760 λόγον
790 5691 1198 5765 προσδεχομένη
1229 5692 1329 5764 τὴν
1373 5692 1605 5764 καρδίαν
1660 5694 1924 5749 ἐπάλλετο

355 5783 459 5839 καῖ’
481 5785 762 5860 μετέωρος
788 5782 879 5861 ἦν.
910 5782 1043 5845 Εἶτα
1062 5787 1255 5877 ⁸πάλιν
1283 5789 1312 5844 δ
1341 5788 1596 5863 μοναχδς,
1624 5788 1817 5859 εἰπὼν,
1848 5789 1925 5855 ὡς
1948 5876 1961 5877 7

1955 4478 2004 4540 υ

2033 3238 2205 3295 ditam
2235 3256 2426 3297 vacem
2480 3239 2772 3304 haberent,
2829 3256 3018 3312 neque
3076 3256 3295 3297 causam
3351 3243 3459 3313 ipsi
3502 3243 3609 3300 fari

2030 3340 2275 3401 possent,
2327 3346 2563 3388 cernens
2627 3332 2719 3388 ille
2766 3332 2994 3393 allectus
3051 3333 3480 3400 vehementiam,
3531 3335 3610 3391 si-

2030 3419 2257 3488 mulque
2300 3429 2557 3490 aspectus
2587 3419 2802 3491 (oculis
2850 3421 2904 3475 in
2931 3420 3284 3476 Charitonem
3310 3421 3611 3493 conjectis)

2030 3510 2345 3567 accuratius
2409 3510 2780 3582 perpendens,
2841 3511 3106 3582 quasdam
3164 3528 3273 3568 non
3344 3513 3613 3570 obscuras

2030 3599 2420 3658 similitudines
2466 3617 2531 3659 ac
2582 3602 2752 3658 veluti
2808 3602 3155 3659 characteres
3225 3604 3479 3674 agnovit:
3532 3606 3609 3660 si-

2029 3693 2248 3762 quidem
2291 3692 2405 3764 ipse
2435 3708 2655 3764 quoque
2708 3693 2867 3749 valde
2916 3694 3154 3751 decorus
3204 3704 3326 3750 erat
3358 3708 3617 3768 aspectu,

2028 3788 2086 3838 et
2127 3796 2283 3839 coma
2336 3781 2528 3849 ﬂavus,
2571 3800 2635 3841 ac
2669 3784 2771 3855 (ut
2817 3785 3011 3856 paucis
3060 3785 3403 3857 expediam)
3457 3798 3610 3844 certa

2029 3884 2336 3931 servantem
2388 3876 2540 3947 signa
2594 3877 2965 3947 perspiciens,
3015 3877 3265 3947 nihilque
3335 3878 3605 3947 reliquum

2027 3979 2169 4030 esse,
2213 3966 2361 4036 quod
2434 3981 2546 4022 non
2604 3968 2810 4038 Optime
2862 3967 3182 4038 quadraret,
3247 3982 3434 4023 secum
3491 3969 3609 4038 ipse

2028 4056 2318 4127 colligens:
2375 4058 2623 4124 Praestat,
2691 4058 2888 4127 inquit,
2937 4073 3073 4126 vos,
3101 4060 3324 4134 fratres,
3379 4062 3608 4116 omnino

2026 4148 2139 4204 Deo
2192 4147 2399 4219 gratias
2443 4163 2633 4218 agere,
2676 4147 3128 4218 quandoquidem
3182 4149 3452 4220 quidquid
3502 4168 3604 4206 un-

2027 4248 2188 4304 quam
2266 4234 2487 4299 accidit,
2536 4234 2604 4289 ad
2650 4234 2851 4289 abdita
2888 4234 3039 4290 illius
3093 4242 3149 4289 ct
3205 4237 3481 4308 incognita
3515 4241 3606 4311 ju-

2028 4323 2173 4379 dicia
2228 4324 2394 4397 (ipso
2429 4324 2600 4394 probe
2652 4324 2835 4380 omnia
2882 4325 3260 4396 gubernante)
3318 4337 3404 4383 est
3461 4329 3606 4385 refc-

2027 4414 2302 4470 rendum:
2357 4424 2698 4487 nouantem
2741 4414 2822 4470 sic
2871 4416 3187 4472 inconsulto
3236 4417 3447 4489 lugere,
3493 4436 3602 4477 non

2028 4520 2188 4562 secus
2237 4521 2390 4570 sane,
2438 4521 2502 4561 ac
2550 4507 2596 4562 si
2646 4507 2793 4561 ﬁlius
2839 4514 3025 4563 vester
3073 4508 3231 4564 vobis
3269 4510 3601 4580 jampridem

2027 4615 2250 4672 pessum
2292 4599 2559 4666 abiisset;
2604 4599 2735 4654 licet
2773 4598 2924 4654 enim
2993 4598 3042 4654 is
3076 4615 3174 4656 vos
3208 4600 3396 4669 lateat,
3429 4602 3602 4659 nihilo

2027 4700 2213 4747 tamen
2256 4692 2444 4748 minus
2473 4692 2587 4747 Deo
2635 4698 2722 4746 est
2764 4689 3106 4747 manifestus.
3156 4690 3284 4749 Haec
3311 4707 3438 4748 cum
3463 4692 3605 4749 Cha-

2026 4782 2171 4839 riton
2260 4784 2528 4848 audisset,
2583 4798 2649 4840 ac
2705 4782 2977 4854 ejusmodi
3042 4781 3214 4839 verba
3267 4784 3354 4839 sui
3404 4800 3600 4842 conso—

2025 4874 2174 4930 landi
2227 4875 2399 4946 gratia
2448 4872 2569 4930 ﬁeri
2627 4873 2904 4930 incassum
2969 4875 3333 4931 arbitraretur
3385 4895 3400 4932 :
3461 4876 3631 4943 Uoc,,

2025 4969 2190 5024 Pater
2215 4966 2385 5037 (ait),
2439 4982 2631 5022 verum
2673 4981 2795 5022 esse
2849 4966 3077 5022 omnino
3104 4967 3333 5024 fateor‘:
3366 4968 3413 5023 si
3448 4969 3631 5023 enim-

2025 5073 2092 5114 ex
2138 5057 2341 5113 divinis
2382 5055 2620 5128 Scriptis
2666 5056 2827 5111 inferi
2858 5064 2914 5111 et
2964 5055 3222 5112 interitus
3264 5056 3437 5112 Deum
3489 5071 3601 5112 non

2024 5150 2220 5214 latent,
2276 5148 2557 5221 quomodo
2612 5163 2723 5204 non
2762 5147 2927 5204 etiam
2968 5146 3255 5202 hominum
3305 5146 3474 5203 corda
3521 5146 3601 5202 illi

2024 5251 2189 5298 erunt
2220 5243 2543 5298 manilesta?
2584 5240 2824 5297 Proinde
2867 5239 2912 5294 si
2954 5248 3009 5295 et
3057 5238 3204 5295 (ilius
3255 5248 3449 5294 noster
3510 5237 3599 5293 in-

2027 5334 2196 5400 teriit,
2224 5334 2342 5405 ejus
2392 5313 2631 5388 animam
2659 5331 2853 5385 saltem
2897 5329 2993 5383 Dci
3035 5328 3288 5385 manibus
3327 5328 3598 5386 contineri

2025 5424 2359 5481 credendum
2393 5433 2500 5480 est.
2545 5424 2720 5494 Atque
2748 5423 3016 5478 hactenus
3058 5420 3282 5491 quidem
3309 5419 3607 5477 Chariten“

2098 5517 2284 5573 XVIII.
2327 5516 2499 5572 Porro
2530 5514 2776 5585 Gregorii
2811 5521 2984 5568 mater
3006 5512 3070 5567 ad
3101 5526 3165 5567 os
3192 5512 3360 5568 Marci
3392 5511 3586 5566 oculos

2026 5608 2308 5681 adjiciens,
2345 5606 2506 5661 Iixius
2540 5603 2902 5660 intuebatur:
2954 5617 3019 5658 ac
3063 5601 3333 5675 ejusmodi
3379 5615 3592 5659 sermo-

2028 5714 2153 5754 nem
2208 5696 2459 5762 audiens,
2522 5694 2704 5749 animo
2766 5707 3052 5764 suspensa,
3110 5693 3276 5749 corde
3340 5690 3590 5747 nutabat.

2027 5787 2237 5848 Deinde
2269 5801 2392 5845 cum
2425 5785 2729 5845 monachus
2758 5783 2985 5845 dixisset
3032 5791 3181 5844 recte
3215 5798 3341 5845 cum
3369 5783 3614 5844 illorum
