4080 6374
425 423 526 492 Eii

1663 420 1946 484 MENSIS
1978 417 2411 483 NOVEMBER.

3596 407 3702 475 212

429 536 543 591 tilio
559 534 670 605 agi,
694 532 911 601 illisque
924 530 1111 585 ﬂetum
1131 530 1432 599 reprimere
1446 531 1812 602 praecepisset,
1831 532 2006 585 Dana-

2124 535 2214 587 Ἐν
2247 533 2472 600 ἀγαθοῖς
2505 531 2613 600 ἄρα
2641 526 2787 583 ιστὶν
2815 525 2843 577 ό
2877 524 2989 587 υίὸς
3022 521 3197 592 ὑμῶν,
3232 522 3326 576 καὶ
3354 520 3446 575 τδν
3489 521 3691 592 θρῆνυν

427 637 544 684 tum
576 623 1024 680 arehidiaeonum
1053 622 1341 677 confestim
1365 625 1618 691 accersit,
1639 634 1696 679 et
1722 622 2000 678 assistenti

425 718 705 776 silentium
751 724 814 770 ut
860 715 1056 768 vitium
1102 715 1307 771 acriter
1353 716 1578 787 objicit:
1627 715 1769 783 Quid
1821 730 2000 771 causa:

427 806 653 877 (inquit)
704 816 806 872 est,
859 821 892 860 ο
937 805 1126 872 homo,
1163 822 1263 860 cur
1315 821 1552 876 nequam
1597 806 1747 860 illum
1779 819 1998 861 servum

428 899 694 964 imitatus,
725 898 993 951 talentum
1023 897 1115 951 Dei
1159 913 1414 968 magnum
1449 896 1504 950 in
1538 905 1738 952 terram
1771 895 2000 950 abdide-

427 991 506 1044 ris
532 989 577 1054 ',
633 1002 744 1042 non
776 987 909 1042 illud
961 989 1146 1058 potius
1201 989 1378 1057 palam
1432 988 1652 1047 feceris.
1692 997 1751 1042 ut
1793 988 1872 1042 sic
1903 1003 2003 1042 vo-

425 1077 674 1148 luptatis,
703 1093 810 1132 non
853 1078 1148 1140 maestitiae,
1183 1087 1295 1132 tum
1323 1079 1647 1149 parentibus
1682 1080 1859 1150 pueri,
1885 1088 1998 1134 tum

427 1169 707 1225 communi
743 1169 872 1224 huic
897 1167 1042 1223 Patri
1075 1180 1131 1224 et
1165 1171 1542 1241 archipresuli
1579 1181 1771 1227 auctor
1803 1171 2004 1227 fieres?

426 1262 587 1316 Nunc
626 1275 757 1331 ergo
791 1261 948 1330 cujus
982 1261 1234 1318 criminis
1273 1279 1403 1319 reus
1453 1279 1531 1329 es,
1585 1271 1642 1320 et
1680 1279 1786 1334 qua
1839 1280 2002 1334 paena

427 1351 790 1424 plectendus?
815 1352 1017 1423 quippe
1059 1353 1154 1424 qui
1203 1363 1312 1408 tam
1347 1355 1583 1426 ingentis
1614 1355 1722 1410 illis
1751 1357 2006 1414 mmroris

427 1457 624 1500 anctor
670 1444 867 1512 factus,
930 1445 1026 1500 Dei
1083 1448 1336 1518 gratiam,
1389 1457 1654 1517 quantum
1692 1449 1749 1502 in
1798 1457 1850 1505 te
1880 1449 2004 1517 fuit,

427 1537 837 1593 occultaveris?
886 1537 982 1592 liis
1018 1538 1201 1594 verbis
1234 1539 1656 1595 archidiaconus
1683 1541 1884 1610 pallore
1919 1541 2008 1596 in-

425 1628 608 1684 fectus
633 1638 736 1692 est,
783 1644 849 1684 ac
885 1637 1038 1684 artus
1082 1632 1201 1702 ejus
1236 1644 1431 1686 omnes
1469 1638 1676 1686 tremor
1722 1632 2007 1700 invadens,

428 1721 578 1778 illius
608 1723 803 1778 faciem
834 1724 1068 1778 mutavit
1099 1742 1112 1778 :
1145 1740 1376 1794 seseque
1407 1725 1461 1779 in
1487 1734 1688 1780 terram
1720 1727 2006 1797 abjicicns,

430 1827 618 1867 amare
648 1812 778 1866 ﬂere
804 1828 868 1868 ac
891 1813 1252 1883 ingemiscere
1275 1815 1441 1884 coepit
1463 1831 1478 1881 ;
1503 1830 1568 1870 ac
1587 1815 1809 1870 Davidis
1838 1815 2007 1870 verba

428 1913 621 1959 contra
675 1919 733 1959 se
784 1905 1204 1974 pronuntians:
1261 1924 1279 1956 ι
1331 1906 1556 1960 Peccavi
1605 1905 1661 1959 in
1716 1906 2007 1959 Dominum

429 2011 639 2061 meum,
669 2004 726 2053 et
755 1996 808 2050 in
841 2011 938 2052 vos
985 2011 1176 2051 omnes
1197 1997 1239 2061 ',
1272 2015 1289 2046 ι
1330 1997 1529 2053 aiebat.
1573 1999 1706 2052 Data
1734 1996 1897 2067 igitur
1927 1996 2004 2051 illi

429 2087 613 2152 venia,
647 2087 801 2140 humi
845 2087 1118 2156 jacentem
1163 2097 1483 2151 erexerunt,
1527 2104 1591 2143 ac
1639 2088 1823 2143 omnia
1870 2087 2008 2144 Gre-

430 2179 566 2248 gorii
592 2186 711 2233 acta
747 2188 1001 2234 accurate
1029 2179 1178 2234 illum
1205 2181 1408 2246 dicere,
1447 2181 1582 2234 nihil
1612 2181 1838 2235 omnino
1866 2197 2008 2257 pra:-

431 2269 851 2334 termittentem,
889 2269 1246 2338 imperarunt.
1289 2270 1395 2326 Sed
1448 2272 1539 2326 ille
1590 2287 1843 2337 exorsus,
1896 2288 2009 2326 rem

430 2360 708 2430 sigillatim
739 2375 959 2415 omnem
987 2360 1262 2428 edisserit,
1304 2371 1360 2417 et
1383 2363 1846 2432 quemadmodum
1882 2381 2008 2419 cum

431 2466 492 2507 se
524 2466 718 2506 somno
751 2451 1016 2519 dedisset,
1053 2453 1299 2522 quaadam
1329 2469 1432 2508 vox
1463 2469 1562 2524 per
1605 2456 1845 2524 quietem
1880 2472 2012 2522 pue-

431 2559 555 2600 rum
609 2543 1006 2607 inciamavcrit,
1050 2551 1105 2599 et
1137 2553 1195 2598 ut
1233 2545 1321 2600 ille
1353 2561 1643 2616 assurgens
1674 2547 1777 2602 sibi
1810 2557 2008 2618 praesto

431 2635 620 2701 fuerit,
643 2634 968 2705 quotiesque
991 2635 1069 2690 illi
1096 2651 1201 2691 vox
1224 2635 1552 2702 insonuerit,
1574 2646 1629 2692 ct
1655 2637 1872 2693 demum
1890 2656 2011 2710 quae

433 2729 532 2783 abs
569 2742 649 2792 se,
689 2728 943 2798 quaiiave
993 2728 1253 2784 didicerit
1308 2744 1506 2798 nempe
1559 2729 1654 2800 qni
1708 2741 2012 2798 vocarat,e

433 2823 576 2879 crelo
618 2822 928 2884 advenisse,
973 2837 1036 2878 ac
1088 2823 1553 2893 quemadmodum
1600 2835 1878 2892 postrema
1907 2841 2012 2881 vox

433 2913 774 2985 apparuerit,
815 2917 935 2986 ejus
982 2916 1156 2986 ipsius
1190 2933 1352 2972 aures
1381 2918 1691 2987 percellens
1723 2919 1878 2973 littus
1905 2919 2011 2974 sibi

433 3007 687 3077 protinus
733 3008 1073 3078 petendum:
1133 3008 1379 3063 futurum
1418 3010 1564 3064 enim
1602 3017 1661 3063 ut
1694 3008 1810 3065 illic
1854 3011 2010 3065 inve-

438 3099 586 3154 niret
634 3101 968 3169 quibuscum
1010 3116 1160 3155 mare
1210 3101 1466 3155 celeriter
1505 3102 1800 3171 trajiceret.
1835 3101 1927 3155 llis
1957 3101 2010 3154 ia

2111 627 2299 687 αὐτοῖς
2329 623 2579 691 ἐπισχεῖν
2606 618 2900 679 κελεύσας,
2932 618 3030 668 τὸν
3057 613 3442 685 ἀρχιδιάκονον
3465 613 3696 666 Δονάτον

2108 717 2307 772 αὐτίκα
2339 715 2748 785 μετακαλεῖται.
2782 709 2872 780 Τῷ
2903 710 2959 762 δὲ
2981 707 3322 778 παραστάντι
3357 704 3454 774 τὴν
3487 704 3700 773 σιωπὴν

2109 809 2373 878 πρότερον
2390 804 2604 877 πικρῶς
2625 802 2895 866 ὀνειδίζει.
2921 799 3028 854 Καὶ
3048 799 3190 860 τίνος
3221 797 3426 860 ἕνεκεν,
3447 797 3632 864 φησὶν,
3657 791 3704 849 ὦ

2107 900 2385 969 ἄνθρωπε,
2415 897 2508 952 τὸν
2534 895 2768 965 πονηρὸν
2799 894 3059 964 ἐμιμήσω
3081 891 3268 944 δοῦλον
3287 891 3492 942 ἐκεῖνον
3512 887 3702 956 ὥσπερ

2104 993 2366 1046 τάλαντον
2394 991 2453 1045 τὸ
2475 990 2567 1044 τοῦ
2599 989 2733 1042 Θεοῦ
2756 986 3049 1056 μεγαλεῖον
3071 983 3446 1054 καταχωννὺς,
3467 982 3604 1034 ἀλλά
3628 983 3701 1048 μὴ

2108 1080 2341 1150 φανερὸν
2361 1079 2492 1132 αὐτὸ
2510 1077 2805 1138 καθιστῶν,
2829 1075 2892 1128 ἵν’
2922 1074 3062 1128 οὕτω
3089 1073 3288 1142 μᾶλλον
3334 1072 3547 1142 ήεονῆς,
3582 1071 3698 1123 ἀλλ’

2106 1173 2208 1226 οὐκ
2237 1169 2495 1239 ἀθυμίας,
2517 1170 2629 1230 τοῖς
2652 1185 2709 1220 τε
2726 1167 2821 1219 τοῦ
2848 1164 3038 1225 παιδὸς
3061 1163 3304 1234 πατράσι
3332 1160 3510 1229 καὶτῷ
3529 1161 3702 1226 κοινῷ

2109 1267 2143 1335 ἡ
2156 1264 2270 1335 μῶν
2296 1263 2475 1334 ῐῐατρὶ
2508 1261 2643 1331 τῷδε
2677 1261 2772 1314 καὶ
2799 1258 3047 1329 ἀρχιερεῖ
3086 1255 3352 1326 κατέστης
3383 1254 3698 1322 παραίτιος,

2108 1356 2225 1410 Νῦν
2256 1353 2348 1409 οὖν
2373 1354 2628 1425 ὀφλήσεις
2646 1352 2707 1404 τὺ
2723 1351 3018 1421 ἐπιτίμιον,
3043 1347 3309 1413 τοσαύτης
3337 1348 3430 1416 μὲν
3474 1345 3689 1407 τούτοις

2111 1447 2314 1517 ὀδύνης
2348 1444 2611 1516 πρόξενος
2641 1440 2901 1512 γεγονὼς,
2941 1445 3037 1493 καὶ
3060 1437 3160 1508 τὴν
3184 1436 3278 1490 τοῦ
3311 1435 3446 1489 Θεοῦ
3491 1433 3547 1487 δὲ
3601 1436 3702 1504 χά.

2125 1556 2212 1610 ριν
2256 1538 2318 1591 τό
2356 1554 2418 1605 γε
2463 1539 2554 1590 σὺν
2601 1536 2768 1606 μέρος
2803 1530 3154 1603 συγκρύψας.
3185 1527 3374 1582 Ταῦτα
3425 1528 3698 1598 λεγόμενα

2114 1631 2206 1683 τον
2260 1627 2634 1699 ἀρχιδιάκονον
2668 1626 2874 1696 ὠχριᾷν
2910 1621 3108 1688 ἐποίει,
3141 1621 3236 1673 καὶ
3291 1617 3571 1689 ἠλλοιοῦτο
3601 1613 3700 1684 τὴν

2117 1719 2266 1790 Bai/tv,
2298 1719 2396 1772 καὶ
2427 1718 2616 1788 τρόμῳ
2643 1717 2713 1769 τὰ
2747 1714 2882 1785 μέλη
2921 1712 3198 1781 συνείχετο
3219 1727 3234 1743 ’
3267 1710 3360 1762 ἐπὶ
3408 1707 3701 1777 πρόσωπον

2121 1810 2178 1863 δὲ
2212 1806 2396 1862 πεσὼν
2428 1804 2730 1860 ἀνέκλαυσέ
2759 1821 2818 1856 τε
2851 1802 3061 1871 πικρῶς
3089 1801 3183 1854 καὶ
3218 1799 3364 1869 μέγα
3405 1794 3697 1866 ἀνῴμωξε,

2113 1901 2286 1954 ταῦτα
2311 1898 2463 1970 δὴτά
2483 1897 2576 1952 τοῦ
2594 1895 2755 1950 Δαυῒδ
2773 1895 2963 1949 ἑαυτοῦ
2989 1891 3514 1962 καταψηφιζόμενος
3557 1907 3576 1939 ‹
3598 1888 3691 1942 Ἦ-

2123 1994 2382 2064 μάρτηκα
2429 1991 2507 2061 τῷ
2549 1989 2741 2060 Κυρίῳ
2785 2006 2886 2058 μου
2924 1986 3023 2039 καὶ
3052 1986 3219 2037 πᾶσιν
3251 1982 3404 2050 ὑμῖν.
3447 2001 3464 2031 ι
3503 1979 3698 2042 Δόντες

2117 2081 2213 2140 οὖν
2244 2083 2393 2154 αὐτῷ
2440 2081 2795 2152 συγγνώμην,
2832 2081 2924 2132 καὶ
2956 2078 3035 2147 τῷ
3066 2076 3252 2144 ἐδάφει
3285 2073 3535 2140 κείμενον
3565 2069 3698 2123 ἅναξ

2125 2179 2426 2245 στήσαντες
2483 2174 2666 2242 λέγειν
2748 2170 2993 2240 ἀκριϐῶς
3049 2168 3117 2220 τὰ
3182 2168 3309 2236 περὶ
3366 2165 3695 2233 Γρηγορξου⁹

2119 2269 2241 2339 μηδ’
2272 2268 2452 2321 ὁτιοῦν
2483 2265 2893 2336 παραλείπονται
2921 2262 3191 2314 ἐκέλευον.
3244 2258 3303 2310 ’0
3346 2257 3399 2309 δὲ
3448 2254 3695 2324 ἀρξαμε-

2117 2379 2205 2424 νος
2235 2363 2409 2414 πάντα
2443 2358 2584 2414 κατὰ
2615 2357 2778 2428 μέρος
2809 2357 2994 2425 ἐπῄει,
3047 2354 3193 2414 ὅπως
3233 2368 3319 2416 τε,
3350 2347 3696 2417 κοιμωμένου

2117 2451 2302 2512 αὐτοῦ,
2369 2452 2520 2521 φωνή
2585 2467 2666 2511 τις
2701 2447 2948 2516 ἀοράτως
3002 2447 3094 2497 τὸν
3135 2443 3301 2496 παῖδα
3335 2441 3542 2502 ἐκάλει,
3601 2437 3697 2497 καὶ

2117 2549 2264 2609 ὅπως
2309 2546 2514 2605 ἐκεῖνος
2578 2539 2726 2610 αὐτῷ
2762 2536 3107 2610 παρασταίη,
3159 2533 3395 2595 ποσάκις
3444 2548 3503 2583 τε
3553 2529 3692 2600 πρὸς

2119 2640 2280 2694 αὐτὸν
2335 2639 2368 2707 ἡ
2421 2634 2570 2705 φωνὴ
2611 2633 2844 2702 γένοιτο,
2902 2631 2998 2682 καὶ
3026 2627 3178 2690 τέλος
3229 2620 3318 2678 οἷα
3347 2624 3478 2693 παρ’
3526 2619 3692 2674 αὑτοῧ

2115 2727 2421 2798 διδαχθείη,
2455 2724 2638 2778 θεόθεν
2671 2717 2809 2774 εἶναι
2863 2715 3279 2789 συμϐαλομένου
3311 2715 3409 2781 τὴν
3463 2710 3683 2778 κλῆσιν,

2116 2824 2208 2876 καὶ
2239 2815 2328 2872 οἷα
2377 2820 2474 2887 τὴν
2531 2816 2764 2885 ἐσχάτην
2820 2812 2985 2880 φάναι
3029 2809 3237 2879 φωνὴν,
3289 2803 3503 2866 λεπτῶς
3577 2820 3692 2865 πως

2117 2915 2212 2969 καὶ
2257 2909 2421 2967 αὑτοῦ
2464 2907 2654 2962 τούτου
2691 2901 3068 2974 περιηχούσης
3106 2899 3176 2952 τὰ
3219 2893 3354 2960 ὦτα,
3388 2898 3470 2949 ὅτι
3499 2911 3557 2947 τε
3589 2896 3694 2948 Ποιι

2121 3005 2344 3075 ρεύθητι
2369 3001 2521 3071 παρὰ
2546 2998 2637 3051 τὸν
2672 2993 2945 3063 αἰγιαλὸν,
2992 2992 3090 3045 καὶ
3128 2992 3202 3052 ὡς
3230 2989 3382 3043 Ἐκεῖ
3419 2986 3693 3075 εὑρήσεις,

2119 3074 2208 3160 ὕφ’
2236 3087 2310 3144 ὧν
2359 3088 2467 3157 ἄρα
2506 3086 2568 3138 τὸ
2599 3084 2764 3154 τάχος
2807 3081 3198 3152 περαιωθήσει.
3252 3077 3437 3131 Ταῦτα
3497 3074 3692 3136 εἰπὼν,

439 3191 854 3247 excusationem
886 3191 1068 3254 dictis,
1103 3189 1264 3244 tinem
1298 3191 1554 3260 lacrymis
1582 3191 1733 3256 fecit,
1770 3192 1912 3246 hanc
1943 3192 2012 3247 si-

2120 3188 2200 3247 είς
2220 3183 2584 3252 παραιτήσεις
2609 3175 2863 3231 ἐτελεύτα
2888 3176 2983 3228 καὶ
3011 3173 3245 3243 δάκρυα,
3277 3171 3483 3238 ταύτην
3514 3171 3694 3222 αἰτίαν

434 3281 590 3336 lentii
621 3296 842 3336 causam
871 3281 1038 3335 fuisse
1058 3279 1316 3345 atierens,
1342 3281 1580 3334 veritum
1601 3295 1680 3345 se,
1710 3293 1778 3337 ne
1799 3282 2018 3350 quando

439 3373 545 3428 fide
577 3373 835 3442 indignus
885 3373 1250 3439 inveniretur,
1310 3388 1448 3428 neve
1496 3373 1909 3428 insimularetur
1963 3377 2019 3431 in

437 3463 842 3520 adolescentem
898 3465 1023 3518 mali
1078 3465 1284 3535 aliquid
1331 3465 1496 3520 fuisse
1538 3467 1808 3521 molitum.
1842 3469 2018 3537 Atque

438 3555 861 3610 archidiaconus
896 3556 950 3608 in
984 3555 1134 3609 hunc
1170 3563 1254 3609 est
1291 3555 1515 3610 modum
1548 3557 1784 3611 locutus.

513 3644 659 3700 XIX.
701 3645 771 3699 At
799 3644 1012 3700 Marcus
1041 3661 1161 3715 qua:
1190 3647 1258 3700 ab
1302 3645 1397 3701 illo
1430 3647 1497 3702 dc
1525 3661 1694 3716 puero
1725 3647 1871 3704 dicta
1901 3649 2019 3704 fue-

440 3748 585 3801 rant,
623 3737 918 3801 aﬂirmans,
955 3735 1071 3806 ipse
1101 3751 1322 3807 quoque
1372 3738 1600 3810 adjecit,
1654 3739 1902 3810 Gregorii
1939 3741 2019 3793 vi-

443 3839 552 3883 tam
584 3828 688 3884 sibi
727 3843 852 3884 esse
900 3837 1242 3907 perspecta-ii
1279 3846 1342 3885 ac
1367 3831 1722 3901 exploratam,
1757 3833 1912 3901 isque
1945 3832 2019 3886 ita

443 3923 593 3991 loqui
621 3922 825 3991 coepit:
867 3921 1004 3976 Cum
1056 3937 1304 3977 essemus
1359 3923 1565 3990 Romm,
1601 3924 1768 3994 inque
1817 3925 2020 3994 templo

438 4027 784 4069 summorum
811 4011 1193 4082 Apostolorum
1234 4027 1539 4075 oraremus,
1573 4013 1683 4068 duo
1716 4013 1877 4069 nobis
1909 4016 2021 4069 for-

444 4104 732 4160 midabiles
779 4103 883 4158 viri
941 4103 1259 4167 astiterunt,
1325 4105 1419 4173 qui
1468 4105 1624 4167 mihi,
1680 4104 1874 4176 Surge,
1940 4106 2022 4161 in-

442 4195 663 4265 quiunt,
711 4194 913 4256 Marce,
963 4204 1189 4264 repente
1235 4209 1360 4249 cum
1405 4194 1643 4262 duobus,
1692 4198 1785 4266 qui
1839 4207 2016 4252 tecum

444 4293 576 4339 sunt
627 4283 932 4352 monachis,
965 4293 1019 4337 et
1050 4281 1437 4354 Carthaginem
1501 4283 1849 4351 navigatione
1885 4297 2019 4336 con-

447 4375 678 4439 tendite,
726 4374 913 4443 ibique
948 4372 1274 4443 Gregorium
1314 4372 1607 4442 quemdam
1657 4373 1902 4428 Slcuium
1953 4374 2020 4429 ab

443 4466 727 4540 Agrigenti
778 4466 1024 4521 Ecclesia
1092 4467 1226 4521 illuc
1278 4465 1564 4520 advectum
1622 4465 1918 4535 inquirite;
1975 4467 2020 4521 is

2121 3279 2220 3346 τῆς
2267 3275 2479 3343 σιωπῆς
2520 3268 2660 3323 εἶναι
2692 3268 2937 3337 φάμενος
2985 3265 3078 3319 τοῦ
3112 3266 3184 3335 μή
3218 3279 3373 3326 ποτε,
3401 3262 3556 3329 φησι,
3598 3259 3697 3312 καὶ

2121 3366 2476 3422 ἀπιστεῖσθαι
2510 3365 2667 3430 δόξω,
2725 3361 2928 3433 μᾶλλον
2959 3359 3015 3413 δὲ
3063 3357 3158 3411 καὶ
3189 3354 3429 3416 ὕποπτος
3477 3353 3692 3420 ἔσομαι,

2121 3461 2222 3513 οὒκ
2251 3459 2456 3526 ἀγαθόν
2494 3475 2548 3510 τι
2578 3455 2706 3524 περὶ
2748 3453 2840 3505 τὸν
2875 3450 3038 3502 παῖδα
3087 3445 3550 3517 διαπραξάμενος.
3585 3443 3696 3494 Καὶ

2122 3554 2263 3607 οὕτω
2298 3553 2396 3622 μὲν
2421 3555 2448 3605 ὁ
2472 3551 2866 3621 ἀρχιδιόικονος.

2192 3641 2293 3698 19'.
2341 3641 2398 3693 Ὃ
2429 3641 2486 3694 δὲ
2539 3639 2788 3708 Μάρκος,
2821 3637 2888 3690 τὰ
2939 3637 3070 3707 παρ’
3135 3634 3346 3688 ἐκείνου
3410 3633 3523 3693 τοῖς
3561 3628 3694 3696 παρ’

2121 3734 2286 3790 αὐτοῦ
2331 3731 2591 3803 βεϐαιῶν,
2618 3731 2710 3784 καὶ
2741 3728 2904 3791 αὐτὸς
2936 3726 3297 3798 προστίθησιν
3346 3723 3492 3784 ὅπως
3543 3717 3695 3786 αὖτῷ

2123 3827 2302 3882 πάντα
2339 3825 2526 3893 σαφῶς
2559 3822 2799 3893 ἐδηλώθη
2830 3819 2898 3873 τὰ
2935 3819 3076 3872 κατά
3118 3819 3209 3870 τὸν
3245 3814 3569 3886 Γρηγόριον,
3602 3811 3697 3863 καὶ

2121 3918 2326 3990 ἧρξατο
2357 3917 2540 3983 λέγειν
2587 3913 2712 3966 ὡδίο
2758 3913 2848 3967 Ἐν
2881 3915 2946 3981 τῇ
2985 3909 3203 3980 πατρίδι
3241 3907 3427 3976 Ῥώμῃ
3484 3904 3697 3972 διατρι-

2122 4012 2326 4064 6όντων
2373 4007 2554 4079 ἡμῶν,
2592 4006 2688 4059 καὶ
2717 4004 2796 4074 τῷ
2840 4003 2949 4055 τῶν
3005 3999 3322 4071 κορυφαίων
3381 3994 3697 4050 ἀποστόλων

2121 4102 2234 4173 ναῷ
2266 4103 2364 4163 τὰς
2403 4097 2575 4170 εὐχὰς
2599 4097 2962 4165 ποιουμένων,
2995 4093 3186 4164 ἄνδρες
3212 4093 3346 4160 ἡμῖν
3385 4088 3480 4141 δύο
3502 4085 3699 4148 νυκτδς

2122 4194 2440 4262 ἐφίστανται
2468 4188 2713 4259 φοὸεροὶ.
2752 4185 3009 4251 Ἀνάστα,
3036 4182 3230 4252 Μάρκε
3258 4178 3484 4248 ταχέως,
3506 4176 3698 4242 λέγον-

2121 4301 2232 4348 τες,
2260 4281 2397 4352 μετά
2418 4279 2527 4332 τῶν
2549 4279 2645 4330 σὺν
2666 4277 2751 4329 σοὶ⁸
2766 4276 2859 4330 δύο
2883 4273 3154 4344 μοναχῶν,
3180 4271 3275 4324 καὶ
3299 4268 3373 4331 ὡς
3395 4269 3451 4330 ἐς
3476 4267 3694 4334 Καρχη-

2121 4375 2251 4428 δόνα
2280 4373 2369 4426 τὸν
2396 4370 2676 4424 ἀπόπλουν
2707 4366 2972 4428 ποιεῖσθε,
3006 4361 3125 4417 εἶτα
3154 4365 3210 4415 ὲν
3240 4357 3571 4430 Καρθαγένῃ
3604 4371 3698 4421 γε·

2127 4466 2365 4535 νόμενοι,
2406 4461 2713 4535 Γρηγόριόν
2764 4475 2887 4512 τινα
2939 4455 3271 4524 Σικελιώτην
3301 4451 3696 4519 ἐπιζητήσατε,

445 4560 594 4616 enim
621 4559 866 4614 naucieri
896 4559 1206 4628 cujusdam,
1268 4559 1364 4627 qui
1412 4557 1591 4613 Varus
1632 4559 1855 4625 dicitur,
1889 4575 2012 4614 cont

2124 4531 2226 4627 τῆς
2265 4531 2706 4624 Ἄκρα-ξαντίνων
2762 4551 2861 4620 μὲν
2909 4545 3206 4616 ἐκκλησίας
3261 4540 3602 4614 ὁρμώμενον,
3635 4536 3700 4628 έν

447 4655 598 4710 victu
646 4651 905 4718 familiari
952 4651 1147 4718 utitur,
1193 4652 1355 4720 eique
1413 4658 1560 4705 totus
1617 4651 1809 4715 haeret.
1869 4652 2024 4708 ilunc

447 4744 735 4799 vobiscum
785 4749 1156 4803 assmnentes,
1198 4739 1576 4810 Hierosolyma
1612 4755 1785 4811 usque
1818 4741 2022 4810 perdu-

448 4834 621 4892 eatis:
649 4847 759 4903 quo
790 4831 1006 4902 appulsi
1038 4831 1392 4902 patriarchae,
1420 4831 1534 4900 cui,
1569 4847 1689 4905 quae
1718 4833 1810 4887 ilio
1841 4832 2022 4888 facere

446 4934 718 4998 oporteat,
765 4924 1119 4995 injunximus,
1169 4924 1322 4979 illum
1369 4925 1568 4980 sistite.
1618 4925 1712 4980 His
1735 4927 1916 4991 dictis,
1954 4925 2022 4979 ab

447 5023 674 5082 aspectu
731 5022 896 5084 atque
931 5011 1108 5066 oculis
1165 5011 1300 5078 mihi
1347 5013 1546 5067 sublati
1599 5023 1747 5068 sunt.
1787 5013 2025 5068 Proinde

447 5121 552 5187 ego
585 5121 709 5160 cum
761 5120 790 5159 a
815 5091 1030 5160 somno
1061 5105 1275 5171 solutus
1303 5119 1502 5167 essem,
1543 5105 1610 5169 ad
1651 5105 1854 5161 ﬂumen
1898 5122 2020 5161 cum

451 5197 536 5254 bis
565 5197 781 5252 duobus
812 5196 1099 5264 monachis
1125 5205 1340 5250 maturo
1375 5197 1670 5266 proficisci,
1707 5198 1795 5251 ubi
1828 5213 2021 5253 navem

448 5289 587 5350 velis
617 5289 793 5360 passis
825 5290 958 5357 (Deo
995 5288 1076 5344 sic
1124 5289 1422 5356 annuente)
1473 5287 1732 5342 vcliiicari
1793 5287 2024 5342 Cartha-

451 5380 657 5449 ginem,
717 5378 1006 5448 comperi:
1039 5393 1200 5447 quam
1253 5376 1708 5438 conscendentes.
1739 5376 2021 5444 Carthagi-

453 5487 578 5530 nem
617 5470 943 5544 trajiciunus,
993 5484 1224 5539 eamque
1271 5469 1562 5527 obeuntes,
1617 5467 2017 5535 adolescentem

454 5563 518 5625 ad
550 5563 722 5618 adem
763 5561 872 5616 divi
908 5562 1164 5632 martyris
1187 5560 1412 5622 Juliani,
1447 5560 1666 5613 lectioni
1709 5571 2016 5622 vacantem,

457 5651 785 5712 oﬂcndimus
823 5669 835 5700 :
885 5667 1046 5720 quem
1088 5651 1353 5719 compleri
1401 5662 1456 5703 et
1500 5650 1741 5715 allocuti,
1799 5666 1919 5718 qu:e
1964 5666 2021 5705 se

564 5839 580 5866 ‘
611 5832 800 5901 Matth.
847 5850 971 5900 xxv,
1015 5834 1083 5890 23
1115 5847 1270 5913 seqq.
1366 5832 1410 5914 μ’
1450 5832 1498 5894 ii
1541 5831 1671 5912 ch.
1720 5850 1817 5906 xu,
1856 5835 1936 5901 ιδ,

2122 4626 2256 4719 οἴκῳ
2285 4647 2342 4700 δέ
2395 4661 2541 4707 τινος
2605 4641 2914 4709 ναυκλήρου
2962 4636 3299 4706 καλουμένου
3335 4632 3548 4699 Οὐάρου
3593 4626 3698 4695 τὴν

2121 4715 2395 4805 διαέωγὴν
2420 4733 2616 4804 ἔχοντα
2646 4730 2744 4783 καὶ
2773 4729 2850 4799 τῷ
2882 4726 3001 4797 Θεῷ
3042 4722 3467 4794 προσανέχοντα.
3495 4715 3702 4770 Τοῦτον

2124 4831 2285 4898 ὑμεῖς
2339 4822 2867 4896 συμπαραλαϐόντες
2919 4820 3078 4889 ἄχρις
3132 4812 3523 4885 Ἰεροσολύμων
3577 4807 3699 4858 ἔσε-

2125 4921 2218 4974 σθε
2286 4916 2684 4982 διασιιῖιξονιιες⁸
2747 4915 2926 4968 ὲκεῖσε
2989 4911 3048 4964 δὲ
3111 4909 3396 4978 γενόμενοι
3452 4901 3531 4972 τῷ
3589 4915 3698 4950 παν

2123 5014 2361 5083 τριάρχῃ
2385 5009 2574 5063 τοῦτον
2615 5009 2920 5077 συστήσατε
2943 5021 2957 5035 ο
2984 5001 3221 5070 κάκείνῳ
3238 5000 3346 5068 γὰρ
3367 4994 3498 5064 περὶ
3517 4990 3698 5052 τοῦδε,

2123 5099 2158 5176 ᾖ
2189 5103 2468 5172 προσῆκον
2537 5096 2950 5166 ὲνετειλάμεθα.
2983 5093 3171 5146 Ταῦτα
3201 5091 3249 5142 ol
3287 5089 3383 5159 μὲν
3427 5085 3700 5176 είπόντες,

2125 5173 2186 5258 is
2247 5190 2546 5261 ὀφθαλμῶν
2594 5206 2682 5259 μοι
2737 5186 3114 5256 κατέστησαν·
3150 5179 3261 5249 ἐγὼ
3306 5178 3364 5233 δὲ
3394 5175 3490 5229 τοῦ
3525 5173 3699 5226 ὕπνου

2124 5286 2273 5352 ἡμᾶς
2327 5280 2650 5340 ὑπανέντος,
2715 5276 2915 5329 αὐτίκα
2973 5274 3128 5343 παρὰ
3167 5273 3260 5324 τὸν
3302 5265 3545 5335 ποταμδν
3579 5262 3701 5330 ἅμα

2130 5377 2244 5427 ’τοῖν
2294 5373 2440 5424 δυοῖν
2473 5369 2683 5422 τούτοιν
2718 5367 2975 5437 μοναχοῖν
3005 5363 3406 5433 παραγίνομαι.
3464 5354 3560 5410 καὶ⁵
3599 5350 3700 5404 τοῦ

2129 5464 2264 5518 Θεοῦ
2317 5463 2489 5516 ταῦτα
2513 5461 2658 5515 οὓτω
2687 5460 2928 5512 τιθέντος
2964 5457 3149 5510 πλοῖον
3205 5449 3701 5522 καταλαμϐάνομεν

2130 5559 2190 5609 τ’,
2227 5555 2394 5608 ἱστίον
2423 5546 2578 5622 αῒρον
2605 5552 2706 5624 ἥδη
2751 5549 2841 5603 καὶ
2870 5547 3027 5610 εὐθὺς
3073 5543 3418 5614 Καρχηδόνος
3445 5541 3534 5593 τὸν
3565 5539 3702 5590 dm??-

2135 5652 2300 5703 πλουν
2347 5645 2666 5716 ποιούμενον
2692 5638 2750 5696 οὗ
2776 5644 2837 5697 δὴ
2879 5641 3187 5702 ἐπιϐάντες,
3221 5641 3297 5702 είς
3331 5633 3696 5715 Κορθατένην
