4080 6374
335 376 449 442 313

1298 376 1476 439 VITA
1518 378 1579 440 5.
1622 378 2006 438 GREGORII
2047 380 2589 442 AGRIGENTINI.

3469 374 3580 437 2H

337 487 721 559 περαιουμεθα
746 502 762 520 ⁸
794 488 892 543 καὶ
943 486 1151 560 ταύτην
1182 491 1584 561 περιελθόντες,
1625 491 1718 546 τὸν
1752 492 1916 546 παῖδα

2020 505 2208 551 nostro
2251 496 2538 551 oculorum
2588 494 2775 551 sensti
2803 493 3138 559 obtulerant,
3182 491 3476 555 edicimus,
3521 499 3581 546 et

337 582 478 651 πρὸς
536 580 599 632 τὸ
648 580 746 633 τοῦ
799 579 961 648 ἁγίου
1025 581 1304 651 μάρτυρος
1350 582 1642 636 Ἰουλιανοῦ
1672 582 1785 651 ναῷ
1841 585 1910 654 τῇ

336 670 648 736 ἀναγνώσει
702 670 1103 741 προσκείμενον
1154 670 1415 742 εὕρομεν,
1444 674 1537 726 καί⁵
1587 673 1915 740 προσειπόν-

336 779 433 824 τες
496 762 596 814 καὶ
640 761 1048 830 ἀσπασάμενοι,
1107 761 1419 835 διδάξαντες
1471 779 1532 815 τε
1578 763 1647 816 τὰ
1679 764 1915 833 φανέντα

340 856 475 924 ἡμῖν
508 855 688 908 πάντα
715 853 813 908 καὶ
841 852 972 923 παρ’
1024 854 1238 908 ἐκείνου
1269 855 1430 909 πάλιν
1457 856 1525 910 τὰ
1547 856 1764 912 ἐκείνου
1819 874 1917 927 με·

344 945 683 1015 μαθηκότες,
718 945 1002 1016 χαίροντες
1028 946 1291 1017 χαίροντα
1343 945 1776 1016 παραλαῦόντες.
1823 947 1919 1016 μό-

344 1052 436 1106 χρι
464 1036 576 1089 τῶν
615 1036 778 1106 ἱερῶν
802 1037 1207 1107 ἀπηνέγκαμεν
1234 1037 1443 1103 τόπων,
1467 1037 1630 1105 λόγου
1659 1057 1718 1092 τε
1746 1038 1917 1104 δεξιό-

342 1141 464 1193 τητι
509 1126 604 1178 καὶ
664 1124 782 1196 βίου
826 1125 1179 1197 λαμπρότητι
1227 1126 1349 1180 καθ’
1402 1126 1497 1189 οὒς
1553 1127 1621 1180 ἂν
1677 1128 1933 1195 γένοιτο,-

345 1218 554 1279 πάντας
585 1216 721 1287 πρὸς
756 1217 953 1270 ἑαυτὸν
983 1215 1388 1285 ἐπισπώμενον.
1420 1217 1604 1272 Ταῦτα
1636 1219 1730 1272 τοῦ
1759 1219 1917 1290 Μάρ-

345 1324 440 1360 κου
465 1307 825 1372 διεξελθόντος
852 1308 1063 1375 γίνεταί
1085 1326 1138 1362 τι
1168 1308 1328 1376 λόγου
1362 1310 1457 1363 καὶ
1491 1311 1714 1380 μνήμης
1739 1310 1911 1374 ἄξιον.

343 1399 416 1451 Τὸ
469 1399 571 1468 μὲν
604 1399 714 1469 γὰρ
743 1399 952 1468 πλῆθος
984 1400 1131 1454 ἅπαν
1160 1395 1251 1453 οἷά
1283 1417 1391 1453 τινι
1439 1399 1672 1473 βακχείᾳ
1700 1403 1766 1471 τῇ
1801 1401 1918 1471 διη-

344 1490 505 1559 γήσει
562 1490 941 1560 κεκινημένοι,
979 1492 1103 1546 λίαν
1169 1509 1229 1544 τε
1294 1492 1591 1562 σκιρτῶσιν
1652 1493 1752 1562 ἡδὺ
1821 1493 1917 1547 καὶ

348 1582 490 1650 μέγα
519 1581 778 1651 κροτοῦσι
809 1581 904 1635 καὶ
932 1582 1030 1653 τὴν
1078 1580 1263 1653 φωνὴν
1301 1582 1535 1652 αἴρουσι,
1581 1582 1709 1653 βοῆς
1738 1600 1798 1636 τε
1828 1583 1918 1637 τὸν

344 1672 484 1740 ἀέρα
515 1669 852 1740 πληροῦντες
881 1671 977 1725 καὶ
1012 1670 1090 1741 τῷ
1133 1671 1423 1741 παραδόξῳ
1452 1672 1544 1725 τοῦ
1596 1671 1919 1742 πράγματος

345 1759 800 1831 εὐχαριστοῦντες
846 1761 987 1830 ἅμα,
1031 1762 1126 1814 καὶ
1166 1761 1229 1814 τὸ
1266 1761 1361 1815 τοῦ
1409 1761 1545 1815 Θεοῦ
1600 1762 1918 1828 δοξάζοντες

2013 603 2136 655 quae
2180 589 2247 641 ad
2275 586 2426 642 illum
2458 596 2649 643 contra
2682 586 3048 657 pertinerent,
3085 584 3269 640 omnia
3299 580 3584 653 cognosci-

2015 692 2157 732 mus.
2184 678 2321 731 Tum
2349 678 2479 741 laeti,
2512 678 2693 733 laetum
2724 678 2903 746 ipsum
2932 676 3285 745 accipientes.
3316 674 3384 729 ad
3426 687 3582 728 saera

2015 767 2135 824 loca
2179 769 2528 834 deduximus,
2561 777 2671 824 tam
2698 769 2997 825 verborum
3035 768 3385 829 dexteritate,
3419 781 3583 834 quam

2016 860 2309 929 splendore
2342 875 2580 925 morum,
2617 874 2809 914 omnes
2859 859 2925 914 ad
2978 874 3036 913 se
3072 859 3399 913 trahentem.
3444 856 3582 910 Cum

2018 952 2134 1007 haec
2165 952 2379 1008 Marcus
2404 952 2790 1021 percurrisset,
2822 966 2914 1006 res
2946 950 3192 1020 quaedam
3230 950 3456 1016 contigit
3488 962 3570 1003 co-

2017 1044 2261 1113 gnitione
2287 1052 2450 1114 atque
2481 1044 2745 1099 memoria
2773 1043 2958 1112 digna.
3011 1040 3293 1110 Siquidem
3325 1041 3585 1095 universa

2022 1135 2342 1198 multitudo,
2381 1135 2485 1190 hoc
2536 1149 2791 1189 sermone
2824 1145 3080 1202 tanquam
3115 1132 3326 1185 insania
3353 1131 3585 1202 quadam

2018 1227 2248 1295 percita,
2275 1227 2492 1281 exsilire
2524 1227 2681 1282 valde
2710 1240 2776 1281 ac
2803 1226 3043 1297 jucunde
3075 1226 3369 1279 admodum
3426 1225 3585 1294 plau-

2018 1320 2149 1375 dere
2180 1319 2376 1389 cmpit;
2407 1319 2620 1374 sublata
2656 1319 2784 1374 item
2814 1333 2951 1375 voce
2987 1332 3169 1373 aerem
3213 1317 3451 1371 clamore
3485 1318 3588 1371 im-

2019 1406 2251 1475 plentes,
2278 1406 2389 1460 Deo
2419 1406 2490 1462 ob
2530 1422 2644 1461 rem
2672 1415 2781 1460 tam
2812 1406 3190 1476 admirandam
3221 1407 3426 1475 gratias
3452 1421 3585 1476 age-

2019 1422 2251 1475 pteutes,
2279 1422 2389 1460 ueo
2419 1422 2490 1462 on
2530 1422 2644 1461 rem
2672 1422 2781 1460 tam
2812 1422 2876 1461 aa
2942 1422 3190 1461 iranuam
3221 1422 3426 1475 gratias
3452 1422 3585 1476 age-

2019 1498 2184 1562 bant,
2215 1499 2443 1569 ejusque
2473 1514 2680 1555 nomen
2727 1422 3178 1554 mirisWaudibus
3206 1498 3585 1555 cumulabant.

2019 1588 2196 1659 Atque
2229 1589 2359 1645 hinc
2396 1590 2618 1659 quidem
2650 1590 2947 1645 multitudo
2992 1605 3187 1660 magna
3219 1590 3587 1645 communiter

2020 1681 2240 1752 perfusa
2273 1682 2485 1747 laetitia,
2518 1690 2633 1737 tum
2682 1683 2986 1753 praesertim
3033 1693 3286 1753 parentes
3314 1679 3585 1749 Gregorii,

2021 1789 2133 1843 pra:
2162 1774 2462 1843 voluptatis
2501 1774 2750 1830 ubertate
2779 1791 2809 1828 a
2839 1774 3145 1830 constantia
3177 1773 3377 1827 mentis
3401 1772 3586 1826 desci-

344 1853 532 1921 ινομα.
564 1851 674 1904 Καὶ
706 1850 850 1904 οὕτω
887 1852 987 1921 μὲν
1020 1850 1082 1904 τδ
1124 1850 1325 1920 πλῆθος
1353 1851 1541 1920 κοινὴν
1574 1853 1914 1924 εὐφροσύνην

2020 1880 2164 1928 vere,
2195 1867 2251 1919 in
2273 1874 2586 1935 terramque
2612 1866 2950 1921 semimortui
2976 1865 3321 1921 ceciderunt.
3346 1864 3415 1919 Ut
3433 1865 3583 1919 enim

344 1942 405 1996 ιδ
436 1944 671 2013 πρᾶγμα
696 1941 1012 2011 ποιούμενοι
1041 1957 1054 1973 ο
1084 1942 1133 1995 et
1166 1943 1224 1995 δέ
1260 1959 1324 2011 γε
1352 1941 1445 1995 τοῦ
1474 1942 1776 2013 Γρηγορίου
1804 1959 1914 1996 πα-

342 2033 501 2101 τέρες
565 2031 765 2103 μικροῦ
820 2031 914 2085 καὶ
962 2031 1043 2094 είς
1091 2030 1348 2085 ἔκστασιν
1384 2033 1449 2102 τῇ
1501 2032 1776 2103 ὑπερῖολῇ
1817 2032 1918 2102 τῆς

344 2124 543 2195 ἡδονῆς
577 2120 737 2196 ἧκον,
778 2126 873 2177 καὶ
912 2124 1212 2195 ἡμιθνῆτες
1262 2124 1342 2186 είς
1402 2122 1506 2196 γῆν
1556 2122 1913 2176 κατέπιπτον.

356 2217 705 2270 Ἐκστατικδν
736 2217 844 2286 γὶιρ
873 2215 1067 2285 ὥσπερ
1117 2214 1356 2284 ἀμετρία
1386 2192 1587 2285 λύδτης,
1631 2214 1803 2275 οὕτως
1830 2214 1919 2267 οὐ·

345 2310 436 2363 ὁὲν
467 2305 629 2381 ἦττον
654 2309 750 2361 καὶ
774 2309 957 2380 ἡδονὴ,
985 2309 1080 2363 καὶ
1101 2307 1344 2372 κίνδυνος
1362 2308 1623 2372 πολλάκις
1654 2308 1715 2375 ἐξ
1739 2308 1918 2379 ἀμφο-

344 2402 518 2468 τέρων
548 2401 808 2467 ἐπῆλθεν.

414 2492 498 2546 ις’.
534 2489 669 2546 Εἶτα
696 2493 831 2563 πρὸς
857 2491 950 2546 τοῦ
973 2492 1201 2564 Μάρκου
1238 2492 1624 2555 διαναστάντες
1647 2493 1739 2546 καὶ
1762 2493 1916 2562 μόλις

343 2584 553 2638 ἑαυτῶν
580 2586 882 2655 γενόμενοι,
903 2585 1242 2655 διηπίστουν,
1275 2585 1370 2638 καὶ
1405 2585 1564 2638 τοῦτο
1601 2585 1657 2637 δὲ
1690 2586 1795 2638 ἀπὸ
1818 2588 1917 2653 τῆς

343 2678 516 2746 χαρᾶς
542 2676 674 2739 ίσως
700 2675 842 2730 κατὰ
868 2675 927 2732 τὸ
960 2677 1101 2748 ἱερὸν
1125 2676 1304 2743 λόγιον
1319 2675 1401 2740 τὸ,
1427 2675 1550 2730 Ἔτι
1570 2675 1916 2730 διαπιστοόν-

340 2783 449 2820 των
470 2767 656 2822 αὐτῶν
679 2767 788 2821 ἀπὸ
819 2767 920 2838 τῆς
935 2769 1283 2840 χαρᾶςὸθεν
1310 2766 1401 2821 καὶ
1425 2768 1606 2821 πίστιν
1625 2767 1784 2838 ᾔτουν
1809 2767 1918 2822 τῶν

342 2858 679 2928 λεγομένων,
717 2858 959 2929 ὡσπερεὶ
976 2858 1206 2923 δεδιότες
1232 2860 1307 2931 μὴ
1338 2861 1433 2914 καὶ
1451 2856 1633 2935 ιναρῇ
1665 2862 1732 2915 τὰ
1758 2862 1918 2930 λεγό-

346 2963 485 3018 μενα
509 2963 523 2976 ’
556 2949 676 3013 καὶ,
707 2949 917 3012 Ὄντως
974 2950 1002 3002 ὀ
1051 2936 1205 3015 παῖς,
1240 2952 1396 3018 φασὶ,
1427 2951 1495 3022 ζῇ
1526 2953 1555 3005 δ
1582 2952 1869 3022 ἡμέτερος,
1888 2954 1919 3005 ὁ

344 3038 667 3108 μονογενὴς,
688 3041 717 3093 δ
751 3041 1039 3109 φίλτατοςς
1077 3041 1136 3096 '0
1167 3041 1248 3107 δὲ,
1274 3043 1370 3096 καὶ
1393 3043 1493 3113 ζῇν
1524 3043 1618 3096 καὶ
1644 3044 1825 3106 καλῶς
1858 3046 1919 3097 ὲν

341 3126 459 3197 Θεῷ
510 3126 614 3197 ζῇν
646 3127 909 3197 ἔφασκεν.
950 3130 1072 3184 Ἵνα
1100 3130 1157 3183 δὲ
1193 3130 1361 3201 μηδὲν
1392 3130 1699 3201 ἀμφίϐολον
1728 3132 1918 3197 αὐτοῖς

341 3214 396 3295 ᾗ.
432 3223 531 3277 καὶ
567 3221 669 3292 τὴν
712 3223 930 3293 μορφὴν
984 3224 1327 3294 ὑπέγραψεν,
1390 3223 1475 3277 ὃτι
1518 3223 1735 3286 νεανίας
1799 3225 1917 3278 ἐστὶ

342 3313 550 3384 σφόδρα
570 3314 756 3381 καλὸς,
782 3316 875 3370 καὶ
901 3316 977 3386 τῷ
1000 3315 1165 3387 πατρὶ
1188 3316 1331 3370 πάνυ
1355 3314 1685 3385 παρεοικὼς,
1707 3315 1919 3387 maps;

340 3402 402 3461 τδ
439 3403 667 3474 χρῶμα,
721 3406 849 3469 τοὺς
902 3406 1215 3476 ὀφθαλμοὺς
1261 3406 1523 3477 χαροπδς,
1585 3407 1684 3478 τὴν
1733 3407 1918 3476 φωνὴν

342 3492 459 3553 λίαν
493 3495 793 3568 ήδυμελὴς,
830 3498 926 3552 καὶ
971 3498 1070 3568 τὴν
1123 3498 1293 3569 ἀκοὴν
1348 3498 1495 3566 ὀξύς.
1544 3497 1678 3554 Εἶτα
1712 3500 1808 3553 καὶ
1849 3498 1919 3552 τὰ

340 3584 434 3638 τοῦ
463 3586 632 3655 ήθους
665 3587 899 3640 καθόσον
928 3589 1058 3659 ἐνῆν
1087 3588 1312 3660 διεξῄει,
1349 3589 1424 3652 ὡς
1451 3589 1538 3643 διε)⁸
1567 3588 1666 3659 μὲν
1693 3588 1918 3651 σύννους

341 3675 460 3727 εστὶ
487 3677 586 3729 καὶ
616 3679 1048 3748 συνεσταλμένος
1075 3682 1168 3733 καὶ
1193 3680 1345 3735 κάτω
1374 3680 1565 3747 νεύων,
1586 3682 1713 3745 τοὺς
1737 3682 1793 3734 δὲ
1820 3682 1920 3753 τῆς

343 3765 523 3833 ψυχῆς
560 3765 881 3834 ὀφθαλμοὺς
914 3767 1026 3821 ἄνω
1058 3766 1253 3822 τείνων
1295 3769 1390 3822 καὶ
1424 3768 1689 3823 πάντοθεν
1723 3787 1920 3836 συγκεο

347 3855 714 3924 κροτημένος,
744 3859 873 3928 περὶ
914 3857 1012 3921 τὰς
1037 3858 1189 3923 θείας
1218 3859 1274 3913 δὲ
1311 3858 1531 3930 Γραφὰς
1568 3859 1919 3923 ἐσπουδακὼς

344 3946 431 3999 ἀεὶ
457 3948 554 3999 καὶ
584 3949 760 4017 ταχὺς
799 3949 899 4018 μὲν
930 3950 999 4003 τὰ
1028 3950 1240 4021 χρηστὰ
1276 3950 1370 4004 καὶ
1399 3953 1579 4004 εἰπεῖν
1618 3953 1714 4006 καὶ
1752 3951 1915 4005 ἀκοῦ-

347 4053 460 4101 σαι,
492 4035 697 4107 βραδὺς
734 4037 788 4091 δὲ
825 4039 1088 4109 προέσθαι
1118 4041 1297 4110 ῥῆμα·
1337 4039 1542 4109 φαῦλον
1574 4041 1632 4094 δέ
1662 4060 1714 4096 τι
1741 4042 1918 4097 εἰπεῖν

345 4125 379 4195 ἢ
408 4127 645 4180 ἀκοῦσαι
674 4128 734 4180 τδ
757 4128 889 4198 παρ’
922 4129 1068 4182 ἅπαν
1094 4129 1194 4183 οὐκ
1214 4130 1458 4195 ἀνεκτὸς,
1493 4130 1729 4199 γέλωτος
1759 4130 1918 4202 εῐπερ

345 4235 430 4281 τις
468 4218 721 4290 κρατῶν,
759 4221 894 4290 πρὸς
924 4220 982 4274 δὲ
1024 4221 1117 4275 καὶ
1161 4222 1349 4285 πόνοις
1392 4223 1665 4284 συντόνοις
1687 4223 1917 4293 ἀσκήσει

346 4310 756 4378 προσκείμενος
790 4309 1125 4382 τραχυτάτη.
1162 4308 1350 4363 Ταῦτα
1375 4311 1470 4369 καὶ
1508 4310 1577 4365 τὰ
1606 4308 1811 4365 τούτων
1838 4310 1917 4369 [τι

346 4400 519 4454 πλείω
551 4401 649 4454 τοῦ
691 4402 928 4471 μοναχοῦ
959 4404 1089 4472 περὶ
1134 4400 1231 4458 τοῦ
1258 4401 1564 4472 Γρηγορίου
1597 4401 1912 4467 διεξιόντος,

2020 1955 2408 2011 immoderatus
2452 1956 2610 2011 dolor
2654 1956 2980 2026 plerumque
3015 1957 3071 2010 in
3121 1964 3407 2025 stuporem
3448 1955 3582 2025 agit,

2018 2048 2098 2103 sic
2153 2047 2511 2104 nihilominus
2556 2049 2853 2117 voluptatis
2901 2048 3220 2118 magnitudo
3262 2048 3513 2101 homines
3554 2059 3587 2102 ι

2021 2146 2200 2193 mente
2229 2139 2511 2194 discedere
2540 2139 2839 2207 compellit,
2880 2147 2940 2193 ut
2965 2138 3220 2209 utrinque
3248 2153 3409 2210 grave
3441 2136 3587 2210 peri-

2018 2229 2203 2287 culum
2234 2229 2550 2300 impendere
2574 2236 2808 2285 constet.

2091 2495 2208 2550 XX.
2248 2496 2369 2551 Mox
2398 2510 2584 2550 coram
2621 2495 2804 2550 Marco
2851 2504 3223 2566 assurgentes,
3269 2495 3470 2564 vixque
3499 2497 3582 2550 sui

2019 2596 2301 2654 compotes
2341 2586 2496 2651 facti,
2548 2586 2712 2642 dictis
2760 2586 2943 2651 ﬁdem,
2994 2586 3158 2655 idque
3202 2588 3433 2641 fortasse
3474 2601 3587 2653 pra:

2019 2677 2218 2746 gaudio
2248 2678 2419 2747 (juxta
2455 2678 2643 2732 divina
2694 2677 2919 2748 scripta)
2960 2694 2975 2730 :
3025 2676 3219 2734 Adhuc
3249 2688 3430 2734 autem
3477 2678 3585 2734 illis

2016 2783 2124 2821 non
2147 2766 2499 2822 credentibus
2518 2783 2628 2835 pra:
2674 2768 2894 2836 gaudio,
2914 2783 3023 2821 non
3037 2767 3331 2823 habebant.
3355 2768 3588 2824 Proinde

2020 2858 2294 2913 dictorum
2330 2857 2515 2919 ﬁdem,
2545 2857 2773 2928 perinde
2801 2867 2965 2926 atque
3019 2858 3208 2912 istliazc
3239 2858 3403 2913 verba
3438 2873 3587 2913 som-

2019 2949 2172 3004 nium
2205 2957 2408 3013 essent,
2441 2948 2560 3003 ﬁeri
2605 2948 2708 3003 sibi
2764 2948 3133 3018 postulabant.
3181 2949 3586 3018 Numquidnam

2019 3039 2161 3095 ﬁlius
2212 3047 2401 3095 noster
2422 3041 2757 3110 unigenitus,
2787 3040 3179 3096 dilectissimus
3203 3040 3376 3094 vivit?
3400 3039 3469 3096 At
3495 3039 3586 3096 ille

2020 3129 2173 3185 hunc
2200 3129 2341 3185 bene
2368 3130 2633 3198 beateque
2668 3129 2721 3184 in
2757 3130 2883 3184 Deo-
2903 3130 3092 3185 vivere
3122 3129 3280 3184 dixit.
3330 3129 3402 3186 Ut
3449 3143 3584 3186 vero

2019 3220 2158 3275 nihil
2189 3220 2315 3284 illis,
2347 3220 2418 3275 de
2459 3235 2569 3289 quo
2599 3221 2962 3291 ambigerem,
3010 3222 3441 3290 relinqueretur,
3473 3222 3587 3276 for-

2018 3325 2162 3363 mam
2211 3311 2332 3381 ejus
2380 3309 2608 3375 eﬂinxit,
2643 3310 3045 3365 adolescentem
3074 3310 3231 3365 illum
3263 3325 3395 3365 sane
3422 3325 3587 3380 quam

2020 3400 2282 3456 decorum
2326 3410 2536 3470 patrem
2563 3402 2720 3457 valde
2759 3402 2965 3457 referre
3009 3418 3194 3468 suum,
3240 3402 3427 3457 colore
3476 3402 3585 3457 {ulc

2021 3507 2172 3557 vum,
2222 3492 2511 3562 pulchrum
2539 3493 2749 3556 oculos,
2778 3492 3038 3562 prmdulci
3074 3507 3226 3557 voce,
3278 3491 3455 3545 acutis
3491 3506 3588 3546 auo

2021 3584 2175 3638 ribus
2204 3599 2357 3642 esse:
2405 3599 2470 3640 ac
2512 3585 2732 3639 demum
2767 3599 2946 3639 mores
2976 3584 3219 3655 ejusdem
3267 3598 3367 3653 per
3402 3583 3586 3638 omnia

2021 3675 2357 3732 recensebat.
2401 3676 2572 3742 Quam
2605 3676 2693 3731 ille
2727 3675 2988 3746 prudens,
3034 3691 3197 3745 quam
3232 3675 3432 3736 sciens,
3478 3673 3590 3726 hu-

2020 3765 2135 3818 mili
2163 3765 2286 3820 loco
2318 3766 2550 3836 positus,
2590 3767 2789 3822 mentis
2818 3767 3010 3822 oculos
3038 3767 3092 3821 in
3142 3767 3315 3822 cmlos
3345 3764 3586 3825 tolleret.

2021 3872 2085 3913 ac
2109 3857 2351 3926 undique
2398 3857 2683 3913 favorabili
2724 3866 2988 3929 exceptus
3037 3859 3254 3928 plausu,
3293 3857 3350 3911 in
3400 3856 3585 3910 divina

2021 3952 2223 4022 scripta
2256 3966 2473 4020 semper
2500 3950 2868 4006 incumberet.
2900 3950 2981 4005 Ac
3006 3949 3165 4003 velox
3190 3948 3414 4018 quidem
3445 3946 3584 4015 Opti-

2021 4042 2125 4098 mis
2155 4040 2462 4110 quibusque
2489 4048 2601 4096 tum
2632 4038 2943 4108 loquendis,
2975 4047 3088 4092 tum
3119 4035 3434 4096 audiendis.
3457 4049 3584 4089 cum

2020 4130 2224 4200 alioqui
2258 4130 2449 4185 tardus
2493 4129 2561 4184 ad
2589 4128 2927 4199 loquendum
2958 4128 3142 4183 l'oret:
3182 4127 3423 4183 levitatis
3452 4142 3583 4183 vero

2020 4221 2320 4292 quamlibet
2362 4220 2671 4286 minimum,
2707 4234 2811 4274 nec
2851 4219 3035 4274 dicere
3079 4232 3182 4273 nec
3215 4217 3410 4274 audire
3443 4232 3592 4274 nun.

2020 4329 2181 4383 quam
2208 4312 2435 4367 omnino
2469 4311 2747 4368 sustinuit.
2784 4309 2969 4374 Risus,
2996 4324 3165 4379 quam
3191 4308 3287 4378 qui
3315 4308 3576 4374 maxime,

2023 4406 2310 4462 continens
2330 4411 2468 4459 erat.
2501 4401 2761 4460 Assiduis-
2780 4409 3045 4471 praeterea
3067 4399 3371 4464 laboribus,
3400 4415 3590 4470 asper‘

347 4492 539 4565 ἡδονῆς
568 4495 596 4545 ὁ
636 4492 894 4562 σύλλογος
933 4491 1260 4563 ἐπληροῦτο,
1294 4494 1388 4546 καὶ
1429 4495 1541 4555 τοῖς
1602 4493 1851 4560 γονεῦσιν
1882 4492 1912 4547 ὁ

2023 4498 2280 4567 rimaeque
2306 4494 2680 4552 exercitationi
2708 4492 2969 4549 haerebat.
3001 4492 3137 4548 Cum
3166 4493 3283 4548 haec
3307 4500 3473 4560 atque
3499 4490 3595 4546 his

346 4583 437 4636 τοῦ
470 4583 668 4648 παιδὸς
700 4584 920 4648 ἔπαινος
951 4585 1071 4637 ἀντὶ
1100 4583 1197 4638 τοῦ
1223 4584 1412 4646 παιδὸς
1443 4584 1523 4646 εἰς
1558 4580 1911 4653 παραμυθίαν

347 4675 667 4733 καθίστατο.
704 4676 957 4731 Ἐδόκουν
1000 4677 1111 4748 γὰρ
1140 4674 1305 4729 αὐτὸν
1338 4676 1543 4731 ἐκεῖνον
1586 4675 1743 4744 ὁρᾷν,
1771 4673 1917 4730 οὕτω

350 4769 493 4837 σαφῆ
525 4769 629 4837 τῆς
651 4769 861 4824 ἐκείνου
881 4768 1060 4839 ψυχῆς
1090 4766 1381 4829 ἀκούοντες
1410 4767 1530 4836 ἴχνη
1560 4782 1619 4820 τε
1648 4766 1741 4819 καὶ
1776 4782 1918 4834 γνω-

355 4859 611 4928 ρίσματα.
652 4860 760 4912 Καὶ
785 4860 854 4913 τά
881 4860 980 4928 μὲν
1020 4857 1143 4913 κατ’
1177 4857 1371 4920 αὐτοὺς
1398 4852 1501 4911 ὧδέ
1540 4874 1616 4924 πη
1651 4853 1818 4927 εἶχεν.
1851 4858 1914 4910 Οί

349 4945 406 4998 δὲ
466 4947 701 5016 μοναχοὶ
756 4946 975 5017 ἡμέρας
1016 4947 1137 5005 {xei
1198 4944 1557 5017 διαγαγόντες
1593 4947 1773 5016 τρεῖς,
1817 4946 1918 5015 τὴν

352 5037 561 5096 ἑαυτῶν
602 5037 940 5108 πορεύεσθαι
982 5038 1393 5106 διεγνώκεισαν,
1446 5035 1541 5097 καὶ
1601 5037 1680 5098 εἰς
1732 5034 1918 5088 πλοῖον

353 5127 938 5199 ἑμὸάντες.’ὲπιφόρου
990 5130 1245 5200 τυχόντες
1304 5125 1638 5196 πνεύματος,
1689 5126 1777 5183 διὰ
1824 5144 1922 5179 τα-

350 5220 509 5287 χέων,
535 5221 595 5274 ὲν
628 5220 902 5290 Πανόρμῳ
930 5239 989 5274 τε
1021 5220 1511 5291 προσορμίζονται,
1534 5216 1793 5271 κάκεῖθεν
1822 5219 1920 5290 τὴν

352 5312 586 5378 πατρίδα
626 5311 854 5383 Ῥώμην
908 5313 1003 5367 καὶ
1045 5312 1106 5366 τὸ
1170 5312 1381 5365 ἑαυτῶν
1442 5310 1921 5378 καταλαμϐάνουσι

353 5404 795 5474 φροντιστήριον.
856 5404 967 5463 Καὶ
1018 5403 1226 5467 τούτοις
1276 5402 1378 5474 μὲν
1426 5400 1667 5461 τοιοῦτον
1702 5401 1763 5455 τὸ
1821 5402 1922 5472 τῆς

353 5491 665 5562 ἀποδημίας
695 5495 894 5566 πέρας.

420 5584 551 5640 KA'.
595 5584 658 5639 '0
696 5588 754 5640 δέ
791 5604 854 5655 γε
890 5589 1208 5660 Γρηγόριος,
1234 5588 1535 5657 ὑπομείνας
1573 5584 1922 5655 ὲνἹροσολύ-

358 5690 496 5738 μοις,
521 5675 595 5737 ὡς
622 5676 913 5746 προλαεὶὼν
939 5680 967 5730 ὁ
998 5678 1153 5743 λόγος
1186 5677 1450 5748 ἐδήλωσε,
1494 5677 1586 5730 καὶ
1610 5675 1698 5729 τὸν
1725 5675 1929 5731 ἑαυτοῦ.

357 5764 553 5839 δρόμον
576 5768 807 5843 τρέχων,
845 5769 1046 5841 μᾶλλον
1080 5769 1135 5820 δὲ
1200 5769 1285 5821 ἀεὶ
1340 5767 1503 5825 νικῶν
1558 5766 1750 5823 ίαυτδν
1824 5766 1921 5859 καὶ
1963 5847 2001 5854 Ν

2018 4589 2179 4658 longe
2222 4588 2424 4657 majora
2459 4585 2759 4640 monachus
2786 4585 3126 4653 loqueretur,
3171 4583 3262 4638 illa
3298 4582 3593 4637 hominum.

2019 4680 2327 4748 frequentia
2354 4677 2560 4732 laetitiis
2597 4676 2856 4731 omnibus
2894 4675 3139 4739 incessit,
3171 4674 3437 4744 puerique
3465 4674 3594 4728 laus

2020 4770 2339 4840 parentibus
2368 4785 2468 4839 pro
2508 4768 2620 4823 [ilio
2651 4767 2708 4822 in
2740 4767 3170 4825 consolationem
3220 4766 3393 4822 stetit.
3425 4764 3593 4820 Illum-

2022 4862 2197 4930 ipsum
2228 4860 2377 4915 enim
2422 4858 2624 4914 intueri
2674 4858 3031 4924 videbantur,
3082 4857 3167 4912 sic
3213 4857 3332 4927 ejus
3378 4854 3597 4911 iudicia.

2021 4950 2189 5006 animi
2217 4959 2381 5019 atque
2408 4948 2639 5019 vestigia
2669 4948 2955 5003 manifesta
2987 4947 3383 5018 percipiebant.
3412 4947 3492 5003 Ac
3512 4946 3582 5002 de

2026 5044 2109 5097 his
2133 5040 2352 5111 quidem
2401 5042 2687 5097 hactenus.
2738 5041 2910 5095 Porro
2955 5038 3205 5094 monachi
3260 5037 3441 5092 triduo
3471 5036 3582 5092 illic

2022 5133 2363 5197 commorati,
2414 5133 2519 5188 iter
2536 5148 2698 5189 suum
2734 5130 2985 5202 persequi
3021 5130 3394 5186 instituerunt.
3430 5128 3581 5195 Quo-

2024 5224 2172 5278 circa
2228 5221 2412 5277 navim
2472 5220 2794 5288 subeuntes,
2850 5220 3119 5275 Panormo
3186 5217 3583 5274 secundissimo

2025 5316 2197 5369 vento
2210 5312 2463 5377 celeriter
2483 5312 2889 5384 applicuerunt.
2909 5310 3067 5365 Illinc
3083 5309 3309 5364 Romam
3338 5308 3591 5377 patrium

2023 5404 2198 5459 solum
2215 5417 2370 5458 suum
2396 5415 2667 5469 suumque
2689 5399 2930 5468 ipsorum
2954 5395 3343 5451 monasterium
3363 5404 3581 5465 petunt.

2027 5495 2093 5550 Et
2121 5496 2167 5549 is
2195 5494 2416 5564 quidem
2451 5506 2640 5547 eorum
2674 5488 3167 5558 peregrinationem
3194 5486 3322 5543 linis
3344 5487 3580 5557 excepit.

2093 5584 2235 5640 XXI.
2275 5582 2570 5651 Gregorius
2598 5594 2727 5636 vero
2751 5578 3141 5649 Hierosolymis
3170 5578 3256 5651 (ut
3286 5593 3468 5635 sermo
3487 5594 3595 5634 su-.

2026 5673 2213 5741 perius
2252 5668 2536 5736 indicavit)
2569 5668 2855 5731 exsistcns,
2891 5681 3223 5739 cursumque
3257 5682 3417 5724 suum
3453 5683 3591 5725 con~

2029 5764 2235 5831 ﬁciens,
2266 5762 2399 5834 quin
2429 5762 2613 5838 potius
2636 5762 2878 5837 seipsum
2898 5760 3143 5823 vincens.
3172 5774 3468 5839 secumque
3490 5760 3597 5820 ἀει
