4080 6374
1460 331 1505 358 ‘o

485 375 594 443 215

1725 377 2010 442 MENSIS
2052 379 2486 444 NOVEMBEB.

3621 380 3724 445 216

484 496 720 552 certans,
753 487 1018 543 diaconus
1043 501 1075 541 a
1109 485 1425 556 patriarcha
1476 486 1714 543 Macario
1743 489 2040 560 deligitur:

2157 493 2292 560 πρὸς
2323 490 2512 546 ἑαυτὸν
2541 489 2942 560 ἁμιλλώμενος,
2977 489 3228 552 διάκονος
3273 490 3424 557 παρᾶ
3468 489 3563 544 τοῦ
3619 509 3726 545 πα-

481 595 516 634 a
543 595 654 651 quo
679 579 841 634 divus
864 577 1162 649 Gregorius
1188 588 1553 636 commeatum
1583 579 1861 636 Olivarum
1897 595 2055 634 mon-

480 670 572 733 tis,
604 671 942 737 Patrumque
976 669 1032 722 in
1071 669 1164 724 illa
1215 679 1420 726 sancta
1470 671 1708 728 civitatis
1756 672 2052 728 solitudine

478 760 793 830 degentium
824 759 1176 816 visendarum
1211 764 1381 832 gratia
1410 765 1593 833 petiit,
1627 763 1786 831 cujus
1815 778 1938 820 cum
1963 778 2051 818 ars

478 848 645 904 bitrio
673 849 778 905 hoc
811 852 989 920 ipsum
1020 854 1455 922 permitteretur,
1484 856 1613 919 iter,
1648 872 1758 926 quo
1787 858 1963 912 fertur
1993 858 2048 912 in

479 940 797 995 interiorem
833 957 1102 1008 eremum,
1132 947 1469 1016 aggreditur.
1509 948 1757 1018 Cumque
1791 960 1902 1003 tres
1928 947 2050 1002 dies

478 1029 586 1085 iter
641 1031 882 1097 fecisset,
938 1034 1006 1088 ad
1054 1047 1260 1090 sextam
1313 1038 1426 1093 fere
1471 1039 1662 1093 horam
1718 1040 2045 1094 monachum

479 1122 758 1178 consuetis
807 1133 1090 1180 vacantem
1129 1128 1384 1196 precibus
1432 1131 1674 1199 reperit:
1716 1147 1878 1200 quem
1921 1147 2048 1186 cum

477 1213 850 1279 convenisset,
878 1215 933 1269 in
957 1230 1374 1287 sermonemque
1402 1219 1722 1275 familiarem
1744 1221 2045 1288 incidisset,

477 1301 697 1369 quando
725 1303 814 1357 ille
841 1304 978 1360 nihil
1009 1307 1191 1362 minus
1225 1308 1371 1363 hunc
1398 1309 1574 1379 ipsum
1605 1312 1825 1366 virtutis
1855 1312 2053 1380 depre-

475 1389 744 1449 henderat
786 1405 1109 1463 amatorem,
1143 1398 1197 1452 in
1244 1398 1366 1454 vitae
1399 1415 1583 1455 secum
1617 1402 2045 1458 contubernium

477 1484 711 1552 accepit.
747 1483 945 1541 Verum
975 1503 1099 1542 cum
1121 1499 1245 1558 post
1273 1490 1461 1560 viginti
1485 1491 1604 1545 dies
1625 1506 1733 1545 una
1763 1505 1886 1545 cum
1911 1491 2050 1545 Grec

469 1575 630 1644 goria
671 1575 798 1632 ill-ac
819 1577 927 1632 iter
949 1578 1177 1643 faceret,
1209 1581 1409 1647 locum,
1447 1581 1502 1635 in
1535 1597 1642 1650 quo
1673 1581 1924 1637 monachi
1951 1583 2052 1637 do-

477 1663 745 1720 micilium
781 1667 1012 1738 duaeque
1061 1669 1254 1738 palmae
1308 1679 1487 1738 erant,
1516 1671 1820 1727 indicavit:
1850 1673 2048 1742 ingens

473 1754 588 1820 hic,
616 1772 650 1812 ο
674 1757 749 1811 {ili
767 1759 969 1828 (locum
1001 1759 1172 1830 digito
1201 1762 1444 1830 signans,
1474 1762 1721 1817 subdidit
1752 1763 1888 1830 ille),
1917 1764 2044 1817 the-

2163 582 2426 650 τριάρχου
2458 579 2746 650 Μακαρίου
2779 584 3194 650 χειροτονεῖται,
3222 580 3285 632 δν
3319 580 3383 648 δὴ
3435 580 3673 644 ἀξιώσας
3696 582 3725 634 ό

2159 674 2302 736 θεῖος
2349 673 2672 743 Γρηγόριος,
2696 673 2758 727 τό
2782 689 2839 725 τε
2875 673 3001 743 ὅρος
3047 674 3156 725 τῶν
3201 672 3398 726 ἐλαιῶν
3461 674 3587 725 ἰδεῖν
3631 675 3725 727 καὶ

2159 767 2284 826 τοὺς
2316 765 2458 819 κατὰ
2484 767 2582 833 τὴν
2620 765 2825 834 ἔρημον
2869 767 2966 834 τῆς
3020 767 3180 832 ἀγίας
3227 765 3432 826 πόλεως
3478 765 3726 832 Πατέρας

2159 856 2487 927 περιελθεῖν,
2524 857 2620 910 καὶ
2646 858 2974 927 ἐπιτραπεὶς
3014 858 3240 926 ἄρχεται
3301 858 3402 923 τῆς
3447 855 3566 908 ὁδιιῦ
3625 856 3725 920 τῆς

2158 951 2251 1002 ἐπὶ
2304 949 2402 1017 τὴν
2429 949 2708 1019 ὲνδοτέραν
2743 951 3013 1018 φερούσης
3056 949 3284 1019 ἔρημον.
3349 947 3593 1016 Ἡμέρας
3667 946 3723 998 δὲ

2157 1045 2221 1112 τῇ
2254 1041 2536 1114 ὁδοιπορίᾳ
2584 1045 2732 1112 τρεῖς
2768 1042 3043 1104 διανύσας,
3077 1040 3261 1110 σχεδόν
3315 1057 3415 1091 που
3447 1039 3574 1106 περὶ
3624 1037 3722 1101 τὴν

2155 1136 2323 1205 ἕκτην
2353 1135 2502 1203 ὥραν
2544 1133 2957 1200 καταλαμϐάνει
2986 1133 3106 1184 τινὰ
3137 1133 3366 1202 μοναχιιν
3408 1132 3503 1190 τὰς
3559 1131 3723 1194 συνή-

2158 1227 2270 1289 θεις
2300 1225 2465 1296 εὐχὰς
2493 1226 2833 1294 ποιούμενον.
2866 1225 3051 1293 Τούτῳ
3074 1224 3136 1293 δὴ
3186 1224 3580 1290 συγγενόμενος
3627 1221 3724 1274 καὶ

2159 1323 2236 1384 είς
2277 1321 2474 1387 λόγους
2505 1320 2674 1373 ἐλθὼν
2704 1321 2824 1372 ἐπεὶ
2880 1321 3130 1384 κάκεῖνος
3159 1319 3321 1372 αὐτὸν
3369 1316 3725 1384 ἔγνωάρετῆς

2158 1411 2345 1481 ἄκρως
2376 1409 2864 1479 μεταποιούμενον.
2913 1409 3026 1476 μεθ’
3057 1408 3251 1461 ἑαυτοῦ
3282 1405 3721 1473 παραλαμϐάνει.

2169 1502 2256 1553 Ἐν
2292 1502 2530 1572 ἡμέραις
2568 1501 2623 1554 δὲ
2647 1501 2825 1555 εἴκοσι
2859 1500 2957 1572 τὴν
2997 1501 3165 1570 αὐτὴν
3193 1499 3416 1553 ὁδεύσας
3447 1497 3522 1567 τῷ
3581 1497 3727 1564 Γρησ

2157 1593 2346 1663 γορίῳ,
2384 1593 2624 1645 δείκνυσι
2649 1592 2813 1645 τόπον
2847 1592 2996 1662 αὐτῷ
3019 1608 3140 1644 τινα
3172 1593 3228 1644 ἐν
3246 1585 3290 1659 ᾧ
3318 1589 3486 1657 σκηνή
3525 1605 3582 1641 τε
3623 1604 3722 1657 μο-

2160 1683 2324 1754 ναχοῦ
2356 1681 2445 1754 ἦν,
2472 1685 2566 1742 καὶ
2591 1684 2683 1738 δύο
2718 1685 2962 1750 φοίνικες
2992 1685 3358 1752 ἐπεφύκεσαν.
3390 1681 3594 1734 Τοῦτον
3622 1678 3721 1730 αὖ·

2157 1779 2235 1848 τῷ
2266 1779 2342 1845 τῷ
2364 1778 2611 1848 δακτύλῳ
2645 1777 2826 1841 δείξας
2855 1777 2950 1830 καὶ
2989 1776 3180 1841 εἰπὼν,
3217 1773 3503 1838 Ἐνταῦθα,
3563 1771 3718 1839 φησὶ,

471 1863 672 1904 caurus
699 1861 782 1906 est
809 1852 1050 1916 abditus,
1080 1867 1277 1922 nempe
1305 1855 1717 1910 exercitationis
1752 1855 1911 1910 laude
1949 1869 2040 1925 pa.

2151 1845 2218 1924 ὦ*
2257 1872 2378 1937 παῖ,
2429 1845 2608 1940 μέγας
2675 1870 3048 1938 ὲγκέκρυπται
3103 1866 3401 1938 θησαυρὸς,
3459 1865 3632 1934 μέγας
3657 1863 3717 1915 ὲν

477 1949 562 1994 ter
587 1943 1076 2011 eminentissimus,
1107 1956 1365 2016 tuusque,
1391 1947 1447 2002 id
1479 1949 1587 2004 nisi
1614 1951 1730 2019 ipse
1749 1950 2038 2018 detrectes,

468 2042 718 2089 servator
747 2038 985 2099 iuturus.
1023 2039 1260 2097 Proinde
1288 2041 1509 2107 accede,
1536 2051 1592 2096 et
1618 2043 1842 2112 pulsans
1875 2044 2038 2108 fores,

471 2126 690 2181 obviam
721 2129 820 2184 tibi
842 2130 1202 2200 prodeuntem
1227 2133 1456 2189 habebis
1475 2150 1492 2201 ;
1514 2136 1659 2204 quod
1683 2136 1727 2190 si
1759 2137 2042 2206 psallendo

473 2217 850 2284 distinebitur,
881 2230 1102 2276 cantum
1131 2239 1254 2278 cum
1285 2225 1400 2290 illo,
1430 2225 1564 2280 foris
1599 2227 1842 2296 alioquin
1869 2238 2039 2293 stans,

475 2321 849 2378 prosequere;
884 2325 1007 2365 cum
1044 2327 1176 2366 vero
1203 2313 1435 2367 canendi
1471 2313 1634 2368 tinem
1670 2315 1882 2381 fecerit,
1913 2317 2043 2372 hinc

473 2396 570 2450 tibi
597 2412 740 2452 cura:
758 2399 852 2461 sit,
877 2401 1170 2470 quominus
1194 2402 1294 2457 bac
1319 2404 1435 2472 ipsa
1457 2403 1740 2459 frustreris
1767 2405 2039 2476 indagine.

472 2485 596 2542 llaec
638 2503 770 2544 sane
822 2506 946 2547 cum
991 2492 1081 2548 ille
1124 2493 1372 2562 dixisset,
1422 2504 1676 2567 essetque
1718 2497 2040 2569 Gregorium

473 2579 834 2648 aniplexatus,
866 2582 1138 2640 discessit.

545 2670 712 2727 XX'll.
751 2673 824 2728 At
865 2689 996 2729 vero
1037 2691 1161 2730 cum
1195 2676 1288 2734 hic
1342 2677 1498 2735 ﬂexis
1553 2679 1804 2750 genibus.
1855 2683 2043 2738 oculos

471 2777 692 2818 sursum
745 2763 802 2818 in
828 2766 1029 2821 omium
1065 2767 1281 2834 tollens,
1334 2779 1566 2834 orasset,
1600 2786 1829 2843 seseque
1859 2775 2044 2830 crucis

473 2853 632 2924 signo
666 2857 1094 2925 praemuniisset,
1127 2857 1360 2915 ﬁdenter
1388 2861 1760 2931 gradiebatur.
1794 2864 2042 2935 Cumque

471 2943 540 2997 ad
591 2945 773 3001 locum
805 2949 1164 3019 pertingeret,
1194 2961 1482 3008 canentem
1511 2955 1669 3025 quasi
1697 2955 1916 3011 turbam
1942 2973 2042 3012 au-

473 3035 653 3091 divit:
686 3039 783 3094 sed
815 3055 938 3094 cum
971 3043 1200 3112 prepius
1233 3046 1574 3109 accessisset,
1605 3063 1714 3102 non
1749 3057 1862 3102 tum
1896 3049 2041 3102 mul-

473 3125 790 3194 titudinem,
823 3131 920 3186 sed
945 3132 1112 3188 veluti
1146 3143 1257 3188 tres
1282 3143 1545 3190 canentes
1572 3136 1786 3202 audire,
1817 3138 1922 3193 sibi
1960 3139 2040 3194 vi-

2147 1961 2378 2032 ἀσκήσει
2423 1961 2607 2029 πατὴρ
2633 1960 2729 2012 καὶ
2774 1959 2890 2022 σὸς,
2947 1960 2995 2012 εί
3057 1958 3238 2029 θέλῃς,
3293 1957 3496 2026 σωτήρ.
3561 1952 3722 2007 Ἀλλὰ

2147 2052 2364 2120 πρόσιθι
2385 2053 2477 2106 καὶ
2494 2053 2661 2119 κόψας
2678 2052 2774 2121 τὴν
2792 2051 2982 2117 θύραν,
3001 2047 3143 2113 ἔξεις
3166 2049 3328 2102 αὑτὸν
3352 2047 3718 2101 ὑπακούοντα.

2153 2145 2251 2197 *Αν
2287 2144 2342 2196 δέ
2367 2161 2430 2212 γε
2469 2143 2692 2212 ψάλλων
2724 2141 2988 2213 τυγχάνῃ.
3021 2141 3228 2209 πλήρου
3279 2141 3376 2193 σὺν
3418 2138 3568 2207 αὐτῷ
3623 2138 3721 2206 τὴν

2147 2234 2290 2305 ᾠδὴν
2314 2234 2488 2297 ἑστὼς
2520 2233 2739 2299 ἔξωθεν·
2785 2234 2878 2285 καὶ
2914 2232 3051 2300 μετὰ
3081 2232 3141 2284 τδ
3187 2229 3520 2293 παύσασθαι,
3543 2229 3626 2281 σοὶ
3660 2226 3720 2280 τὸ

2149 2327 2399 2381 ἐντεῦθεν
2429 2326 2635 2396 μελέτω
2658 2325 2808 2388 ὅπως
2835 2326 2938 2394 τῆς
2971 2325 3147 2395 θήρας
3184 2325 3258 2394 μὴ
3300 2323 3623 2392 διαμάρτῃς.
3658 2319 3718 2372 Ὀ

2152 2418 2271 2487 μὲν.
2309 2416 2547 2470 τοσαῦτα
2584 2414 2755 2468 εἰπὼν
2787 2414 2887 2468 καὶ
2914 2415 3002 2468 τὸν
3031 2414 3333 2486 Γρηγόριον
3391 2412 3634 2472 άσπασάτ
3663 2429 3721 2464 ε-

2147 2525 2256 2572 νος,
2287 2505 2569 2578 ἀνεχώρει.

2221 2681 2352 2738 KB'.
2390 2681 2449 2736 '0
2468 2681 2525 2735 δὲ
2553 2681 2622 2736 τὰ
2645 2685 2848 2750 γόνατα
2871 2681 3082 2748 κλίνας,
3119 2684 3247 2747 τοὺς
3293 2683 3350 2737 δὲ
3408 2678 3723 2750 ὀφθαλμοὺς

2146 2774 2244 2844 τῆς
2278 2773 2518 2838 διανοίας
2547 2775 2659 2828 ἂνω
2684 2775 2818 2846 πρὸς
2852 2775 3082 2844 οὐρανὸν
3105 2776 3289 2835 τείνας
3327 2773 3420 2828 κοιλ¹
3484 2789 3724 2844 προσευ-

2150 2863 2404 2935 ξάμενος,
2434 2866 2512 2934 τῷ
2533 2867 2693 2938 τύπῳ
2718 2883 2777 2920 τε
2814 2865 2906 2920 τοῦ
2944 2865 3182 2936 σταυροῦ
3249 2866 3719 2936 σφραγισάμενος,

2150 2956 2349 3027 ἐχώρει
2393 2957 2638 3028 θαρρῶν,
2675 2958 2768 3012 καὶ
2799 2958 3028 3026 πλησίον
3056 2957 3153 3011 τοῦ
3177 2958 3345 3011 τόπου
3400 2957 3719 3024 γενόμενος,

2147 3047 2380 3118 ἤκουσεν
2422 3049 2611 3119 ῶσπερ
2655 3049 2816 3119 ὄχλου
2860 3050 3004 3114 τινὸς
3041 3050 3282 3121 ᾅδοντος.
3358 3050 3615 3116 Ἐγγίσας
3663 3049 3721 3101 δὲ

2148 3139 2562 3208 πληοιέστερον,
2592 3140 2712 3209 οὐχὶ
2741 3139 2982 3211 πλήθους
3019 3141 3162 3203 τότε,
3220 3140 3335 3194 ἀλλ’
3376 3141 3499 3193 ὅσον
3550 3140 3722 3206 τριῶν

470 3232 568 3273 sus
593 3227 700 3274 est.
729 3220 909 3286 Quare
954 3221 1150 3278 timore
1184 3226 1492 3293 perculsus,
1525 3227 1591 3282 ad
1619 3229 1843 3298 januam
1878 3230 2040 3286 silens

2148 3229 2456 3298 ψαλλόντων
2479 3231 2705 3302 ἀκήκοε.
2730 3231 2834 3284 Τὸν
2865 3233 2962 3301 μὲν
2991 3227 3082 3286 οὖν
3109 3233 3227 3294 δέος
3258 3227 3395 3301 εἶχε,
3435 3231 3528 3283 καὶ
3567 3229 3724 3296 παρὰ

471 3311 985 3382 appmpinquabat;
1018 3315 1111 3370 sed
1141 3316 1232 3371 ille
1256 3333 1380 3373 cum
1406 3330 1627 3374 cantum
1661 3321 1809 3377 intus
1832 3323 2040 3392 exples<

2148 3322 2245 3392 τὴν
2296 3323 2467 3391 θύραν
2524 3323 2748 3378 σιωπῶν
2799 3324 3066 3392 εἱστήκει.
3130 3323 3190 3375 '0
3245 3323 3325 3387 δὲ,
3371 3323 3558 3390 ἐπειδὴ
3619 3322 3724 3391 τὴν

470 3409 578 3465 set,
611 3416 710 3470 per
743 3410 1094 3460 transennam
1125 3408 1420 3476 aspiciens,
1451 3426 1586 3466 voce
1613 3411 1932 3488 Gregorium
1963 3415 2040 3468 in.

2148 3414 2287 3485 ᾠδὴν
2317 3414 2464 3468 ἔνδον
2488 3414 2745 3479 τελέσειε,
2767 3414 3120 3484 παρακύπτει
3148 3415 3247 3481 τῆς
3266 3415 3459 3484 θύρας,
3481 3415 3576 3466 καὶ
3607 3431 3724 3481 φω-

470 3489 749 3546 clamavit.
785 3489 885 3548 Hic
913 3509 1042 3549 vero
1094 3497 1268 3551 multo
1291 3499 1462 3569 magis
1487 3501 1555 3555 ob
1589 3503 1830 3559 nominis
1855 3505 2040 3574 appel-

2149 3507 2232 3557 νεῖ
2252 3505 2447 3572 λέγων·
2475 3504 2762 3574 Γρηγόριε.
2799 3504 2857 3557 Ὀ
2890 3504 2947 3557 δὲ
2974 3504 3068 3559 καὶ
3125 3504 3324 3574 μᾶλλον
3360 3504 3452 3556 ἐπὶ
3500 3507 3563 3574 τῇ
3619 3502 3718 3557 τοῦ

470 3577 730 3634 lationem
781 3581 1175 3650 pertimescere
1227 3587 1417 3656 coepit.
1457 3597 1514 3643 et
1560 3593 1774 3645 vocanti
1825 3609 2040 3663 parens,

2148 3594 2414 3664 ὀνόματος
2441 3595 2632 3663 κλήσει
2670 3594 3046 3662 καταπλαγεὶς
3074 3594 3170 3647 καὶ
3196 3593 3272 3663 τῷ
3314 3593 3568 3647 καλοῦντι
3597 3609 3722 3645 πει-

470 3667 796 3738 lagreditur.
831 3686 1062 3742 seseque
1091 3673 1345 3746 lacrymis
1375 3693 1440 3733 ac
1463 3679 1762 3736 sudoribus
1793 3683 2040 3738 circnm-

2148 3685 2320 3754 σθεὶς,
2346 3687 2606 3740 εἰσελθὼν
2638 3686 2974 3756 προσπίπτει
3005 3689 3116 3751 τοῖς
3161 3689 3352 3740 τούτου
3420 3686 3566 3751 ποσὶ,
3624 3685 3722 3738 δά-

469 3755 648 3850 ilsus,
699 3761 848 3818 illius
885 3763 962 3817 ad
1011 3766 1179 3834 pedes
1229 3770 1485 3840 proiecit.
1538 3771 1787 3843 Cumque
1827 3776 1896 3830 ab
1949 3792 2039 3842 eo,

2148 3782 2387 3848 κρυσίτε
2436 3780 2532 3832 καὶ
2567 3755 2757 3847 ίδρῶσι
2779 3779 3224 3850 περιρρεόμενος,
3253 3779 3346 3830 καὶ
3379 3779 3544 3848 εὐχὴν
3571 3778 3722 3844 ἐξαε-

467 3847 643 3905 Deum
664 3861 724 3908 ut
743 3869 844 3923 pro
867 3870 926 3910 se
951 3865 1159 3921 oraret,
1181 3860 1447 3929 petiisset,
1469 3862 1684 3934 sibique
1705 3865 1836 3920 illud
1860 3867 2040 3935 ipsum

2148 3868 2428 3939 τούμενος.
2451 3868 2647 3939 Τυχὼν
2673 3870 2729 3923 δὲ
2767 3847 2866 3939 τῆς
2893 3847 3062 3939 ε-ὐίχῆς
3098 3870 3246 3939 μένει
3297 3847 3568 3939 παρὲινντῷ
3619 3869 3718 3937 γέο

467 3942 774 4009 praestitum
817 3955 984 4014 esset,
1019 3948 1164 4017 apud
1192 3965 1379 4006 senem
1425 3965 1818 4024 commoratur,
1854 3974 2040 4028 gram-

2148 3975 2309 4028 ροντι,
2333 3958 2428 4012 καὶ
2453 3961 2583 4027 παρ’
2607 3959 2755 4030 αὐτῷ
2782 3961 2869 4014 διὰ
2896 3960 3172 4027 τεττάρων
3209 3960 3348 4013 ἐτῶν
3387 3977 3716 4031 γραμματι-

467 4035 841 4105 maticamquc
878 4046 936 4092 et
969 4039 1237 4110 quidquid
1270 4053 1559 4112 poetarum
1599 4045 1756 4103 libris
1784 4050 2038 4104 contine-

2148 4047 2245 4117 κήν
2269 4064 2328 4100 τε
2356 4047 2693 4112 παιδεύεται,
2730 4047 2951 4100 καὶσὸσα
2975 4047 3080 4098 τῶν
3107 4049 3371 4114 ποιητῶν,
3413 4047 3716 4118 ῥητορικήν

466 4131 579 4190 tur,
613 4126 943 4183 rhetoricam
983 4130 1136 4198 item,
1179 4133 1678 4211 aqpbilosopbiam
1714 4139 1882 4206 illam,
1916 4158 2038 4211 qua:

2148 4153 2196 4189 τε
2221 4139 2314 4190 καὶ
2347 4137 2666 4206 φιλοσοφίας
2710 4138 2832 4191 ὅσον
2860 4135 2921 4190 τὺ
2978 4137 3336 4208 θεωρητικόν·
3392 4137 3451 4190 τὸ
3501 4138 3607 4206 γάρ
3649 4135 3717 4205 δὴ

466 4215 654 4270 animo
691 4227 745 4271 et
777 4223 1236 4292 contemplatione
1261 4227 1506 4282 cernitur
1540 4230 1684 4298 (nam
1714 4246 1835 4300 quae
1859 4233 1914 4287 in
1944 4248 2034 4288 re-

2148 4227 2441 4298 πρακτικὸν
2458 4229 2556 4298 ἤδη
2580 4230 2672 4281 καὶ
2691 4227 2956 4296 προλαϐὸν
2978 4229 3266 4298 ἐξήσκητο,
3300 4247 3366 4281 πε
3377 4227 3627 4279 παίδευτο
3654 4227 3714 4279 δι

465 4320 590 4359 rum
617 4309 832 4364 actione
860 4323 1131 4378 versatur,
1163 4316 1271 4386 jam
1305 4318 1516 4386 pridem
1552 4321 1863 4391 didicerat),
1896 4325 2034 4383 edo-

2148 4325 2233 4378 καὶ
2255 4325 2321 4377 τά
2337 4323 2563 4376 τοιαῦτα
2584 4324 2610 4374 ὁ
2627 4327 2688 4392 γε
2700 4341 2804 4393 ρων
2824 4324 3047 4389 ἱκανῶς,
3077 4324 3171 4377 καὶ
3193 4323 3364 4391 λόγων
3379 4321 3712 4390 Ἑλληνικῶν

462 4405 640 4451 cetur.
678 4398 957 4469 Siquidem
986 4420 1152 4459 senex
1186 4405 1256 4461 ab
1311 4407 1398 4462 bis
1425 4410 1679 4466 omnibus
1707 4412 1844 4469 belle
1877 4431 2035 4484 para-

2148 4413 2646 4487 Ξκρωςδιδάσκαλος
2663 4410 2750 4482 ἦν.
2776 4413 3026 4466 Τοσαῦτα
3043 4415 3189 4484 παρὰ
3209 4413 3396 4466 τούτου
3412 4413 3715 4482 Γρηγόριος

463 4494 554 4542 tus
601 4499 742 4552 erat,
805 4492 1225 4564 litterarumque
1282 4496 1593 4554 Graecarum
1645 4503 1927 4560 doctorem
1977 4523 2037 4564 se

2149 4508 2276 4579 περὶ
2301 4507 2569 4574 τὸνλόγον
2600 4504 2889 4574 κερδάνας,
2925 4505 3024 4557 οὐκ
3046 4505 3201 4572 ὀλίγα
3247 4504 3302 4557 δὲ
3340 4506 3431 4556 καὶ
3469 4503 3580 4571 βίου
3615 4503 3714 4555 καὶ

462 4579 758 4645 praestabat
777 4580 1062 4636 eximium.
1096 4584 1228 4636 Tam
1261 4585 1465 4642 affabre
1494 4588 1789 4659 Gregorius
1821 4595 2038 4652 littera-

2148 4599 2240 4668 τῆς
2271 4597 2475 4667 ἀρετῆς
2502 4597 2865 4664 ἀπονάμενος,
2901 4595 3303 4662 συνταξάμενος
3371 4592 3518 4660 αὐτῷ
3571 4593 3714 4660 μετὰ

467 4682 590 4722 rum
625 4667 831 4724 divitiis
860 4679 1074 4736 auctus,
1110 4689 1213 4729 nec
1236 4675 1435 4732 minori
1489 4695 1704 4736 morum
1736 4692 1900 4754 atque
1923 4689 2040 4742 vir-

467 4757 624 4823 tutis,
652 4761 963 4816 accessione
994 4763 1154 4828 facta,
1216 4765 1295 4820 illi
1340 4767 1746 4828 adhaerescebat
1793 4793 1806 4830 :
1839 4791 1869 4830 a
1902 4792 2037 4847 quo,

463 4865 710 4920 quamam
759 4866 817 4907 se
867 4854 1184 4911 vexationes
1243 4857 1513 4917 invasurae
1553 4875 1758 4928 essent,
1807 4867 2037 4925 edoctus

461 4942 604 5009 (erat
652 4941 802 4996 enim
843 4941 1066 5000 divinus
1117 4946 1207 5002 ille
1258 4948 1342 5004 vir
1378 4949 1522 5006 inter
1569 4964 1763 5010 caetera
1814 4960 2032 5015 venturi

461 5030 771 5104 praescius),
801 5049 996 5090 rursus
1049 5036 1119 5091 ad
1154 5053 1308 5096 sacra
1333 5041 1451 5096 loca
1484 5045 1705 5114 pergit:
1740 5048 1795 5104 in
1830 5050 2033 5120 quibus

457 5135 583 5177 cum
613 5137 711 5190 per
735 5138 937 5179 annum
968 5126 1213 5194 vixisset,
1244 5128 1393 5186 illinc
1418 5131 1472 5186 in
1501 5133 1841 5193 Antiochiam
1875 5140 2028 5196 abit:

456 5215 600 5282 apud
628 5231 792 5286 quam
815 5232 1026 5274 moram
1058 5220 1299 5288 trahens,
1339 5239 1541 5280 annum
1573 5227 1761 5284 itidem
1789 5244 2033 5286 commo-

454 5311 610 5359 ratus
639 5313 744 5360 est.
777 5306 1025 5378 Cumque
1064 5320 1214 5368 esset
1249 5313 1435 5383 plures
1461 5317 1710 5375 eruditos
1741 5335 2028 5379 sermones

456 5393 876 5466 interpretatus,
921 5418 1019 5461 nec
1049 5420 1254 5475 paucos
1303 5407 1420 5477 ipse
1449 5411 1874 5483 composuisset,
1909 5428 2026 5469 om-

451 5483 616 5540 ni‘ios
643 5487 731 5542 sui
768 5493 1132 5551 admiratione
1181 5498 1403 5567 injecta,
1438 5499 1506 5553 ad
1542 5514 1792 5571 magnam
1836 5517 1901 5557 ac
1932 5518 2023 5559 re-

451 5575 594 5642 giam
648 5577 996 5640 Constantini
1027 5585 1310 5642 civitatem
1345 5591 1658 5646 concessit:
1695 5594 1916 5663 quando
1941 5595 2024 5652 di-

451 5663 581 5720 vina
611 5666 766 5724 illum
797 5675 1024 5730 omnino
1044 5677 1386 5744 providentia
1414 5695 1482 5736 eo
1504 5683 1876 5752 compelleret,
1908 5696 1963 5742 et
1985 5702 2018 5744 a

972 5861 982 5866 ι
997 5853 1108 5868 ’.ρ-ιν
1125 5852 1222 5868 ηας.

387 5843 560 5942 (τε

2136 4689 2330 4752 ταῦτα,
2354 4689 2451 4740 καὶ
2476 4688 2602 4749 τοὺς
2629 4687 3019 4756 ὲκδεξομὲνους
3036 4685 3198 4738 αὑτὸν
3221 4683 3556 4752 πειρασμοὺς
3578 4679 3711 4748 παρ’

2134 4779 2302 4832 αὐτοῦ
2331 4779 2602 4849 διδαχθείς
2624 4793 2640 4809 ·
2683 4773 2750 4848 ἦν
2782 4780 2889 4846 γὰρ
2918 4777 3052 4847 πρὸς
3081 4777 3194 4837 τοῖς
3221 4775 3402 4834 ἄλλοις
3436 4775 3528 4825 καὶ
3565 4790 3710 4837 προ-

2136 4871 2367 4942 φητικδς
2403 4871 2432 4922 ὁ
2463 4871 2606 4933 θεῖος
2630 4870 2792 4940 ἀνήρ’
2827 4870 2924 4921 ἐπὶ
2951 4869 3078 4930 τοὺς
3135 4865 3313 4935 ἱεροὺς
3361 4864 3559 4923 τόπους
3610 4863 3715 4915 καὶ

2137 4959 2296 5026 αὖθις
2357 4964 2544 5034 φοιτᾷ,
2600 4963 2694 5015 καὶ
2759 4960 2972 5024 τούτοις
3025 4957 3371 5028 ὲνδιατρίῲας
3432 4955 3707 5018 ἐνιαυτὸν,

2136 5053 2346 5108 ἐκεῖθεν
2377 5055 2457 5117 είς
2495 5053 2827 5123 Ἀντιόχειαν
2850 5052 3059 5106 ἄπεισι·
3099 5051 3194 5103 καὶ
3226 5048 3356 5120 παρ’
3379 5049 3517 5116 αὐτῇ
3544 5047 3712 5099 πάλιν

2135 5145 2384 5200 ἐνιαυτὸν
2421 5144 2518 5198 ἕνα
2567 5145 2951 5214 διαγενόμενος
3008 5141 3202 5211 σχολῆς
3255 5157 3314 5193 τε
3380 5138 3708 5206 λαϐόμενος,

2134 5239 2230 5291 καὶ
2259 5236 2367 5290 τῶν
2397 5235 2746 5305 δογματικῶν
2780 5235 2955 5303 λόγων
2985 5231 3216 5294 πολλοὺς
3246 5229 3348 5300 μὲν
3411 5231 3710 5298 ἀναγνοὺς,

2134 5330 2235 5385 οὐκ
2259 5329 2470 5398 ὀλίγους
2495 5329 2554 5384 δὲ
2579 5331 2672 5383 καὶ
2694 5328 2856 5392 αὐτὸς
2889 5326 3206 5396 ἐκθέμενος,
3231 5324 3326 5377 καὶ
3375 5323 3557 5391 θαῦμα
3601 5323 3714 5375 πᾶ·-

2135 5437 2221 5475 σιν
2247 5419 2553 5485 ἀπολιπὼν,
2583 5421 2660 5484 εἰς
2718 5419 2816 5490 τὴν
2846 5418 3091 5488 μεγάλην
3129 5417 3288 5470 πόλιν
3326 5415 3420 5466 καὶ
3458 5413 3712 5483 βασιλίδα

2131 5512 2230 5584 τὴν
2268 5512 2682 5565 Κωνσταντίνου
2713 5513 2903 5581 χωρεῖ,
2939 5511 3036 5579 τῆς
3065 5509 3178 5562 ἄνω
3201 5508 3415 5567 πάντως
3439 5504 3710 5576 Προνοίας

2129 5603 2293 5658 αὑτὸν
2336 5603 2672 5669 άπαγούσης,
2719 5603 2797 5665 είς
2833 5603 2899 5670 ἣν
2945 5602 3009 5673 δὴ
3064 5599 3270 5670 ἐκλήθη
3309 5597 3461 5662 τάξιν
3511 5595 3705 5665 ὥσπερ

2130 5688 2594 5763 προϐιϐαζούσης.

471 5763 688 5824 emeris
715 5766 939 5856 quidem
973 5748 1714 5869 mundi‘curisfbstractu-m,
1748 5777 1815 5835 ad
1845 5748 2046 5840 munus
2073 5748 2226 5852 illud,
2253 5785 2320 5841 ad
2347 5748 2492 5858 quod
2523 5748 2832 5847 obeundum
2862 5798 3085 5846 vocatus
3126 5788 3322 5848 fuerat.
3366 5783 3700 5841 hortaretur.
