4080 6374
493 354 599 420 219
1711 348 1996 410 MENSIS
2035 349 2466 413 NOVEMBEB.
3631 339 3745 405 22?

498 471 671 530 minio
702 468 905 534 redire,
935 466 1195 536 illincque
1229 462 1502 535 proficisci
1536 465 1863 520 maturabat.
1895 466 2057 521 Paret

2166 464 2402 535 κώρησιν
2424 461 2784 518 ἐπισπεύδων.
2821 459 3074 513 Πείθεται
3103 457 3147 510 δ’
3166 452 3263 515 οὖν
3288 459 3437 531 ὅμως
3479 459 3577 511 καὶ
3617 459 3735 514 κατ’

482 564 668 619 nihilo
693 561 897 625 secius,
949 566 1005 613 et
1038 571 1224 612 coram
1256 553 1643 626 archiprasule
1672 556 1904 624 positus,
1931 568 2060 610 eum

2166 556 2290 625 ϐψιν
2317 555 2595 625 παραστὰς
2609 552 2685 623 τῷ
2706 554 2956 623 ἀρχιερεῖ
2978 550 3039 604 τ’)
3057 546 3455 621 ἦθοςιγαληνὸς,
3475 549 3532 603 τὸ
3552 551 3739 623 σχῆμα

496 646 741 702 moribus
776 654 923 700 esset
976 644 1329 713 tranquillus,
1361 652 1589 712 aspectu
1609 644 1976 706 venerandus,
2007 650 2062 698 et

2170 647 2388 714 σεμνὸς,
2417 648 2526 706 τοῖς
2562 645 2743 711 λόγοις
2792 643 2862 694 τὰ
2898 641 3162 713 σειρήνων
3194 639 3256 693 τδ
3293 640 3369 710 μὴ
3414 640 3581 711 μῦθον
3600 637 3740 697 εἶναι

495 737 725 807 alloquii
761 737 1033 791 suavitate
1065 736 1289 791 Sirenas
1327 735 1472 790 haud
1503 733 1757 789 fabulose
1785 734 2062 804 loquendo

2170 734 2360 794 νικῶν.
2388 733 2531 788 οὕτω
2557 733 2839 801 κατάκρας
2880 730 3042 785 αὑτὸν
3088 724 3201 783 εἷλε
3230 730 3325 783 καὶ
3367 731 3490 784 ὅλον
3534 730 3734 785 ἑαυτοῦ

494 831 776 885 vinceret:
812 829 886 882 ita
939 828 1092 882 illum
1138 828 1495 885 vehementer
1542 826 1811 888 devinxit.
1846 827 2062 896 sibique

2169 828 2485 895 ἐποιήσατο,
2540 826 2617 887 ώς
2674 823 2799 893 μηδ’
2848 821 2915 876 ἆν
2964 821 3018 875 εί
3060 839 3113 874 τι
3163 822 3258 875 καὶ
3290 821 3502 889 γένοιτο
3545 822 3739 877 τούτου

496 927 670 973 totum
724 916 1042 979 obstrinxit,
1098 922 1156 969 ut
1211 916 1330 969 sine
1388 914 1482 969 illo
1526 914 1679 968 nullo
1730 923 1888 983 pacto
1938 930 2062 969 con-

2181 919 2311 973 ποτὲ
2338 918 2506 989 χωρὶς
2536 917 2700 970 αὑτὸν
2734 914 3063 970 καθεστάναι
3111 912 3398 983 βούλεσθαι
3437 930 3451 945 ο
3496 916 3591 968 καὶ
3636 917 3731 984 μᾶ·

494 1010 691 1066 sistere
719 1008 903 1074 vellet,
935 1007 1100 1077 idque
1130 1007 1185 1062 in
1214 1006 1425 1078 primis,
1454 1007 1582 1076 quia
1615 1005 1750 1060 nihil
1787 1021 1817 1059 a
1853 1005 2066 1075 sapien-

496 1101 643 1160 tibus
689 1099 1121 1170 proponebatur,
1166 1098 1312 1168 quod
1372 1113 1484 1153 non
1551 1097 1643 1153 ille
1702 1112 1894 1166 magna
1938 1112 2062 1152 cum

493 1192 888 1265 perspicuitate
930 1205 995 1244 ac
1026 1189 1092 1244 ad
1130 1188 1574 1260 persuadendum
1625 1188 1930 1257 aptitudine
1979 1190 2065 1242 in-

496 1288 915 1349 terpretaretur.
966 1278 1204 1334 Proinde
1252 1277 1439 1348 viginti
1505 1277 1617 1331 illic
1660 1277 1778 1332 dies
1820 1291 2067 1331 commo-

495 1382 671 1435 ratus,
706 1370 1050 1440 interimque
1097 1384 1222 1424 cum
1274 1368 1563 1438 sapientia,
1613 1375 1728 1420 tum
1789 1365 2065 1436 singulari

494 1461 919 1518 mansuetudine
977 1476 1041 1516 ac
1094 1460 1360 1516 modestia
1422 1458 1764 1514 admirabilis
1807 1457 2067 1512 omnibus

497 1555 737 1619 habitus,
773 1554 1011 1609 abeundi
1046 1568 1237 1609 rursus
1270 1553 1438 1606 verba
1466 1552 1617 1605 fecit.
1670 1549 1776 1607 Sed
1810 1564 1933 1605 cum
1967 1564 2064 1618 pa-

498 1644 741 1701 triarcha
783 1645 953 1699 nollet
996 1644 1172 1714 ipsum
1203 1643 1499 1706 dimittere,
1531 1642 1663 1712 quin
1711 1641 1858 1696 omni
1909 1641 2060 1695 illum

496 1736 681 1791 studio
726 1737 968 1791 retinere
1029 1736 1327 1799 niteretur,
1377 1735 1512 1788 alias
1561 1748 1758 1789 causas
1801 1733 2064 1799 afferens,

2171 1009 2311 1063 λισο⁹
2340 1011 2422 1061 ὅτι
2455 1008 2622 1077 μηδὲν
2662 1006 2769 1059 τῶν
2804 1004 3263 1073 προϐαλλομένων
3294 1008 3445 1073 παρά
3492 1006 3601 1059 τῶν
3644 1006 3740 1059 tut

2188 1102 2351 1169 σοφίᾳ
2383 1098 2813 1168 θαυμαζομένων
2842 1093 2934 1169 ἦν,
2976 1096 3005 1149 ὅ
3036 1095 3112 1166 μὴ
3157 1097 3294 1167 μετὰ
3347 1099 3529 1167 πάσης
3578 1099 3743 1164 αὐτὸς

2187 1191 2386 1244 ἑπέλυε
2447 1189 2748 1258 σαφηνείας
2808 1188 2904 1242 καὶ
2945 1187 3325 1258 πιθανότητος.
3401 1190 3589 1251 Οὕτως
3636 1189 3736 1244 οὖν

2174 1280 2352 1332 ἐκεῖσε
2383 1278 2511 1339 ὅλας
2545 1277 2753 1346 ἡμέρας
2777 1274 3057 1345 διαγαγὼν
3088 1277 3284 1342 εἰκοσι,
3316 1276 3740 1347 θαυμαζόμενος

2175 1368 2280 1421 ὑπὸ
2302 1368 2519 1421 πάντων
2560 1367 2657 1437 τῆς
2701 1383 2759 1420 τε
2798 1368 2994 1435 σοφίας
3018 1367 3115 1421 καὶ⁵
3150 1370 3248 1437 τῆς
3268 1368 3408 1435 ἄγαν
3443 1370 3743 1433 ἐπιεικείας

2170 1460 2265 1514 καὶ
2300 1459 2670 1529 μετριότητος,
2691 1457 2812 1512 ὁδοῦ
2847 1458 3009 1512 πάλιν
3058 1458 3350 1528 ἐμέμνητο.
3372 1458 3525 1512 Ἐπεὶ
3558 1460 3616 1513 δὲ
3658 1462 3738 1529 μὴ

2170 1554 2399 1621 ἑφείναι,
2426 1550 2563 1605 ἀλλὰ
2578 1551 2651 1605 πά
2661 1566 2725 1623 σῃ
2746 1553 2961 1622 μηχανῇ
2980 1551 3232 1620 κατέχειν
3254 1551 3414 1605 αὑτὸν
3430 1552 3457 1602 6
3481 1550 3745 1621 πατριάρο

2171 1662 2275 1715 χης
2302 1645 2584 1714 ἠϐούλετο,
2618 1644 2783 1708 ἄλλας
2825 1661 2884 1697 τε
2912 1645 3085 1713 λέγων
3135 1646 3316 1707 αἰτίας
3359 1646 3453 1697 καὶ
3508 1647 3590 1699 ὅτι
3619 1645 3742 1698 τότε

2173 1736 2341 1806 πολλὴ
2366 1736 2474 1789 τῶν
2500 1736 2941 1806 Μονοθελητῶνή
2987 1736 3223 1806 αῖρεσις,
3267 1736 3427 1803 μόνος
3475 1737 3532 1790 δὲ
3581 1729 3742 1798 olivo;

496 1827 698 1896 quibus
756 1827 833 1882 illi
903 1826 1298 1882 remanentium
1360 1834 1505 1880 esset
1555 1824 2053 1895 (Monothelitarum

2166 1826 2397 1896 εὐχερῶς
2449 1826 2702 1897 ῥηγνύειν
2739 1826 2836 1889 τὰς
2895 1827 3117 1880 ἐκείνων
3154 1825 3360 1888 πλοκὰς
3392 1826 3576 1890 ἱκανὸς
3603 1825 3728 1879 τότε

495 1919 641 1972 enim
666 1917 894 1974 heresis
925 1918 1222 1987 plurimum
1252 1926 1364 1971 tum
1397 1917 1673 1986 serpebat,
1708 1924 1763 1970 et
1799 1916 1889 1971 hic
1911 1916 2062 1972 solus

497 2024 671 2063 nexus
699 2010 916 2063 illorum
942 2010 1101 2064 facile
1125 2009 1457 2079 perfringere
1485 2007 1744 2079 poterat),
1771 2017 1883 2061 tum
1905 2023 2059 2072 sane,

496 2101 627 2155 licet
675 2100 901 2166 invitus,
950 2115 1232 2156 remanere
1259 2108 1341 2154 est
1397 2114 1711 2169 persuasus.
1759 2099 1877 2154 Jam
1928 2114 2062 2154 vero

498 2191 704 2261 ubique
734 2192 800 2246 ad
846 2192 1050 2247 bellum
1085 2192 1483 2246 conclamatum
1512 2184 1650 2257 erat,
1694 2191 1762 2245 ab
1794 2207 1899 2245 una
1935 2191 2060 2261 qui-

494 2285 620 2340 dem
652 2294 803 2354 parte
831 2284 1080 2354 Sergius.
1111 2284 1374 2353 Pyrrhus.
1407 2282 1625 2348 Paulus,
1664 2291 1717 2336 et
1740 2281 1934 2353 Cyrus,
1960 2282 2055 2351 qui

492 2378 602 2445 jam
645 2376 889 2431 haeretici
924 2375 1185 2430 declarati
1228 2374 1484 2428 fuerant:
1531 2374 1599 2427 ab
1626 2372 1795 2427 altera
1824 2372 2057 2442 quicun-

495 2481 602 2536 que
633 2465 881 2520 haeresim
911 2468 1265 2526 detestantes,
1296 2480 1398 2531 pro
1433 2478 1560 2517 vera
1593 2463 1789 2531 pietate
1818 2464 2056 2520 stabant.

495 2556 615 2628 Ipse
651 2572 779 2610 vero
808 2572 975 2625 prave
1021 2557 1343 2621 sentientes,
1371 2556 1500 2610 licet
1529 2555 1718 2623 procul
1753 2556 1933 2611 adhuc
1965 2571 2062 2626 po-

2167 1916 2231 1985 δὴ
2292 1918 2388 1971 καὶ
2462 1917 2608 1970 ἄκων
2681 1916 2948 1970 ἐπείθετο.
3026 1915 3137 1968 Καὶ
3193 1918 3570 1984 συνεκροτεῖτο
3643 1916 3748 1985 μὲν

2169 2009 2273 2079 ἤδη
2329 2008 2667 2078 πανταχόθεν
2710 2008 2739 2060 6
2791 2008 3022 2078 πόλεμος
3072 2007 3180 2060 τῶν
3229 2008 3328 2077 μὲν
3377 2008 3605 2077 Σεργίου
3680 2025 3745 2062 τυ

2169 2106 2263 2159 καὶ
2299 2104 2536 2177 Πύρρου,
2595 2104 2805 2159 Παύλου
2883 2121 2943 2156 τε
3003 2103 3097 2156 καὶ
3147 2102 3332 2172 Κύρου
3412 2102 3521 2156 τῶν
3575 2119 3744 2156 κακο-

2168 2194 2333 2258 δόξων
2354 2197 2772 2263 ἀφηγουμένων,
2801 2194 2907 2247 τών
2926 2194 3219 2265 ὁρθοδύξων
3241 2193 3298 2246 δὲ
3322 2193 3485 2247 πάλιν
3504 2194 3620 2246 ὅσοι
3642 2196 3742 2261 τῆς

2173 2282 2407 2352 ἀληθοῦς
2425 2284 2706 2346 εὐσεϐείας
2726 2284 3054 2354 ἀντείχοντο.
3082 2284 3250 2348 Αὐτὸς
3271 2283 3330 2337 δὲ
3358 2282 3748 2353 καὶπόῤῥωθενη

2163 2372 2243 2426 ἔτι
2268 2376 2389 2437 τοὺς
2424 2375 2746 2443 κακοδόξους
2776 2375 3116 2446 ὑπάρχοντας
3159 2377 3271 2438 τοῖς
3316 2376 3744 2445 ἀκροϐολισμοῖς

2167 2464 2444 2533 ἐτρέπετο,
2476 2466 2668 2533 λόγους
2698 2467 2824 2536 περί
2847 2467 2905 2521 τ’)
2929 2467 3111 2536 δόγμα
3143 2467 3378 2533 συνθεὶς,
3405 2468 3501 2520 καὶ
3534 2466 3751 2535 γέλωτα

2166 2555 2345 2609 πάντα
2360 2557 2427 2610 τὰ
2454 2557 2673 2610 ἐκείνων
2687 2557 2970 2625 ἀποδείξας
2999 2560 3093 2611 καὶ
3117 2558 3317 2627 ἀκριϐῆ
3351 2557 3654 2627 φλήναφον.

495 2649 653 2707 sitos.
703 2649 922 2703 intortis
970 2648 1311 2717 vibratisque
1365 2648 1564 2719 jaculis
1611 2649 1853 2718 fugabat,
1898 2648 2068 2704 variis
2104 2648 2250 2703 circa
2275 2649 2472 2719 dogma
2533 2652 2882 2707 sermonibus
2954 2651 3140 2717 editis,
3171 2650 3374 2722 quibus
3401 2667 3593 2708 omnes
3621 2652 3750 2719 illo.

495 2756 615 2793 rum
639 2738 924 2807 opiniones
963 2737 1108 2793 risus
1132 2748 1187 2793 et
1219 2754 1399 2793 meras
1421 2754 1541 2794 esse
1568 2755 1739 2809 nugas
1758 2739 2163 2796 evidentissime
2193 2740 2618 2797 demonstrabat.
3333 2753 3395 2786 θη-

567 2829 731 2886 XXV.
770 2831 964 2885 Postea
993 2845 1122 2884 vero
1150 2846 1313 2901 quam
1348 2831 1551 2885 bellum
1577 2845 1865 2901 erumpere
1889 2831 2065 2900 palam

495 2921 683 2990 cepit,
734 2931 848 2976 tum
899 2922 1176 2976 haereseos
1211 2921 1316 2975 viri
1360 2921 1636 2992 principes
1678 2930 2066 2986 occurrerunt,

496 3022 611 3064 tum
659 3027 728 3066 ex
761 3012 868 3074 his,
901 3012 996 3083 qui
1044 3021 1192 3067 recta
1226 3012 1480 3083 dogmata
1514 3013 1889 3078 sectabantur,
1922 3029 2067 3082 prm-

2239 2832 2371 2892 ΚΒ.
2392 2835 2546 2889 Ἐπεὶ
2563 2834 2620 2888 δὲ
2652 2835 2745 2889 καὶ
2775 2836 2808 2905 ἡ
2829 2835 2975 2905 μάχη
3017 2850 3269 2904 φανερως
3291 2833 3617 2903 ἐρρήγνυτο,
3651 2840 3752 2892 καὶ

2164 2928 2423 2998 ἀπήντων
2458 2927 2559 2996 μὲν
2601 2928 2651 2981 οί
2698 2926 3063 2997 αίρεσιάρχαι,
3112 2927 3401 2996 συνέρρεον
3438 2926 3494 2979 δὲ
3548 2926 3643 2980 καὶ
3692 2929 3744 2983 οι

2164 3018 2273 3072 τῶν
2304 3018 2599 3088 όρθοδόξων
2646 3017 2938 3088 πρόμαχοι,
2975 3017 3156 3088 παρῆν
3205 3017 3303 3086 μὲν
3344 3019 3373 3070 6
3399 3018 3496 3087 τῆς
3542 3019 3753 3072 Ἀντιο-ν

494 3103 789 3158 stantiores
834 3104 965 3157 illuc
1012 3103 1418 3158 conﬂuxerunt.
1452 3103 1698 3158 Aderant
1741 3102 2062 3169 Antiochiae,

2166 3109 2335 3180 χείας,
2370 3110 2552 3179 παρῆν
2590 3108 2647 3163 δὲ
2686 3111 2713 3163 ό
2754 3109 2850 3178 τῆς
2888 3106 3315 3179 Ἀλεξανδρείας,
3362 3110 3543 3181 παρῆν
3579 3109 3670 3164 καὶ
3711 3113 3752 3163 6

494 3191 836 3246 Alexandriae
866 3206 931 3247 ac
974 3191 1495 3262 Hierosolymorum,
1550 3192 1823 3262 simulque
1871 3207 2062 3247 omnes

2166 3201 2273 3254 τῶν
2322 3203 2708 3272 Ἱεροσολύμων
2759 3201 3058 3274 πρόεδρος.
3112 3200 3248 3271 ὁμοῦ
3307 3201 3406 3265 τῆς
3463 3201 3639 3273 Ἐῷας
3687 3204 3747 3256 et

494 3279 735 3335 Orientis
798 3281 1076 3349 praesides,
1118 3280 1359 3352 itemque
1403 3282 1471 3336 ab
1513 3280 1807 3339 Occidente
1852 3299 2062 3350 omnes,

2169 3293 2373 3356 πάντες
2401 3294 2499 3364 τῆς
2553 3292 2826 3362 Ἐσπέρας
2883 3294 2979 3347 καὶ
3030 3287 3177 3347 οὗτοι
3237 3292 3436 3356 πάντες
3482 3294 3611 3349 ἄνευ
3642 3293 3747 3348 τοῦ

497 3380 696 3440 praeter
737 3371 921 3428 Romae
980 3374 1329 3443 antiquioris,
1380 3384 1436 3429 et
1475 3373 1739 3429 Sardinia:
1787 3376 2062 3444 praesules.

2166 3389 2266 3456 τῆς
2297 3386 2671 3456 πρεσϐυτέρας
2720 3384 2970 3454 Ῥώμης,
3028 3385 3121 3439 καὶ
3154 3384 3250 3437 τοῦ
3301 3386 3393 3438 τὸν
3435 3386 3495 3437 ἐν
3540 3383 3741 3454 Σαρδοῖ

499 3460 632 3532 (llos
668 3463 814 3517 enim
845 3466 1028 3534 gravis
1061 3464 1287 3520 morbus
1321 3465 1466 3520 intra
1507 3467 1642 3521 lines
1672 3467 2062 3538 continuerat.)

2173 3473 2364 3543 Θρόνον
2403 3474 2617 3544 ἔχοντος
2662 3488 2678 3505 ’
2736 3472 2959 3535 τούτους
3007 3473 3117 3544 γὰρ
3173 3473 3325 3535 νόσος
3385 3472 3581 3542 βαρεῖα
3628 3472 3750 3527 τῶν¹

495 3556 567 3609 At
619 3554 899 3610 Romanus
947 3556 1224 3611 hominem
1272 3556 1444 3611 sacris
1498 3556 1721 3612 Litteris
1766 3558 2062 3623 eruditum,

2171 3565 2336 3637 ὁρίων
2368 3565 2499 3618 εἵσω
2521 3566 2791 3636 κατεῖχεν.
2849 3564 2989 3617 Ἀλλ’
3013 3565 3041 3616 6
3078 3564 3179 3633 μὲν
3240 3563 3342 3632 τῆς
3393 3564 3612 3634 Ῥώμης
3646 3564 3747 3619 τὸν

497 3646 590 3716 qui
621 3662 747 3701 suas
774 3649 921 3700 vit-es
950 3646 1223 3717 impleret,
1260 3646 1576 3702 destinavit.
1614 3646 1909 3719 Gregorius
1938 3664 2062 3704 vero

2168 3658 2286 3711 ἀντ’
2320 3656 2489 3711 αὐτοῦ
2522 3656 2857 3725 συνεροῦντα
2901 3659 3014 3717 τοῖς
3045 3656 3230 3726 ὀρθοῖς
3266 3655 3447 3724 λόγοις
3494 3657 3743 3725 ἔπεμπε.

500 3736 551 3791 in
578 3736 830 3792 Sardonii
865 3738 1045 3792 locum
1076 3738 1339 3793 suffectus
1368 3747 1472 3792 est.
1502 3737 1767 3803 Quocirca
1792 3754 1915 3793 cum
1947 3754 2062 3794 ma-

2169 3748 2470 3818 Γρηγόριος
2510 3750 2569 3802 δὲ
2614 3748 2705 3801 τὸν
2761 3749 2856 3801 τοῦ
2923 3747 3177 3819 Σαρδῴου
3232 3747 3399 3801 τόπον
3461 3748 3733 3819 ἐπλήρου.

498 3844 662 3896 gnum
700 3828 793 3882 illo
849 3827 939 3883 die
978 3830 1181 3898 (utpar
1214 3831 1354 3899 erat)
1395 3829 1462 3883 de
1492 3831 1663 3884 sacris
1699 3829 1919 3885 Litteris
1952 3845 2062 3885 εει-ε

2173 3840 2385 3909 Πολλῆς
2430 3840 2524 3894 οὖν
2586 3841 2759 3909 λόγων
2817 3839 2995 3911 πάλης
3050 3839 3194 3894 κατὰ
3257 3839 3465 3909 ταύτην
3515 3839 3580 3910 δὴ
3636 3839 3745 3910 τὴν

498 3929 678 3975 tamen
710 3929 890 3975 ortum
922 3930 1088 3984 esset,
1131 3921 1255 3976 aliis
1284 3920 1506 3990 quidem
1537 3937 1742 3985 rerum,
1789 3921 1911 3977 aliis
1939 3938 2062 3978 vero

2174 3930 2388 4001 ἡμέραν
2421 3931 2497 3994 ώς
2533 3932 2582 3984 εί
2610 3931 2960 4001 κινουμένης,
3009 3933 3103 3984 καὶ
3133 3930 3244 3985 τῶν
3291 3930 3389 4000 μὲν
3432 3932 3545 3993 τοῖς
3588 3946 3742 4000 πρα-

495 4004 796 4071 verborum‘
822 4011 1020 4067 fiducia
1049 4011 1226 4078 fretis,
1257 4013 1389 4068 dum
1434 4012 1677 4068 hmretici
1713 4014 1824 4068 acri
1850 4028 1913 4069 ac
1943 4029 2062 4068 sua-

2171 4035 2348 4088 γμασι
2393 4019 2454 4073 τδ
2488 4020 2712 4092 θαρρεῖν
2746 4022 2999 4091 ἐχόντων,
3027 4022 3135 4073 τών
3158 4020 3213 4073 δὲ
3261 4023 3375 4083 τοῖς
3400 4021 3610 4090 ῥήμασι
3638 4018 3737 4072 καὶ

494 4103 640 4158 sorio
692 4103 929 4173 quodam
974 4107 1249 4169 set-itione,
1286 4119 1396 4174 quo
1449 4102 1739 4159 veritatem
1793 4103 2071 4159 occultare

492 4195 877 4263 opinabantur,
913 4204 1182 4261 utuntur;
1219 4197 1309 4252 ille
1334 4211 1460 4252 vere
1487 4180 1785 4266 generosus
1813 4212 1877 4249 ac
1912 4195 2071 4250 inex-

493 4284 804 4353 pugnabilis
839 4285 1043 4355 lingua,
1071 4300 1178 4355 qua
1208 4295 1321 4339 tum
1348 4285 1533 4340 divina
1562 4286 1866 4355 opitulante
1896 4285 2072 4355 gratia

500 4374 798 4456 plurimum
832 4377 1123 4432 roboratus
1159 4386 1264 4441 est,
1292 4379 1372 4432 sie
1401 4391 1596 4431 eorum
1632 4391 1804 4431 nexus
1845 4384 1992 4430 tanta
2021 4375 2074 4428 vi

491 4467 754 4522 orationis
782 4476 839 4521 et
870 4467 1068 4523 ardore
1104 4469 1329 4539 spiritus
1379 4467 1561 4537 fregit,
1610 4477 1672 4521 ut
1713 4482 1810 4522 eos
1859 4467 1953 4535 qui
1991 4466 2075 4522 di—

2175 4111 2326 4180 δεινῇ
2366 4110 2474 4167 τῶν
2528 4112 2820 4181 αίρετικῶν
2865 4113 2932 4181 τῇ
2989 4110 3344 4183 πιθανολογίᾳ
3407 4109 3737 4181 χρωμένων,

2176 4204 2273 4255 καὶ
2299 4202 2473 4273 ταύτῃ
2512 4202 2774 4274 βλάπτειν
2804 4202 2903 4271 τὴν
2932 4202 3191 4273 ἀλήθειαν
3223 4203 3511 4272 οἰομένων,
3560 4204 3590 4258 6
3617 4219 3743 4270 γεν-

2174 4300 2321 4361 ναῖος
2352 4296 2523 4361 ὅντως
2564 4299 2769 4360 ἐκεῖνος
2797 4297 2892 4352 καὶ
2924 4298 3026 4367 τὴν
3065 4296 3313 4366 γλῶτταν
3354 4298 3751 4368 ἀπρόσμαχοςι

2174 4386 2296 4438 τότε
2319 4386 2383 4456 δὴ
2412 4387 2504 4438 καὶ⁵
2539 4386 2738 4456 μᾶλλον
2788 4385 2959 4455 αὐτὴν
2996 4385 3301 4455 στομωθεὶς
3351 4388 3416 4455 τῇ
3476 4384 3757 4456 συνεργίᾳ,

2176 4475 2275 4544 τῆς
2308 4474 2551 4544 χάριτος,
2598 4476 2739 4529 οὓτω
2768 4476 2870 4539 τὰς
2902 4476 3131 4529 ἐκείνων
3177 4475 3500 4545 συμπλοκὰς
3555 4474 3739 4528 suis.

489 4558 647 4615 eendi
677 4557 840 4613 laude
886 4557 1178 4627 plurimum
1226 4558 1574 4627 prmstabant,
1608 4566 1788 4611 mutos
1829 4558 2054 4612 omnino

2166 4581 2289 4618 σατο
2313 4565 2542 4633 δυνάμει
2573 4564 2734 4633 λόγου
2768 4565 2862 4618 καὶ
2886 4563 3193 4635 πνεύματος
3218 4565 3313 4619 καὶ
3338 4564 3517 4627 οὕτως
3557 4564 3735 4631 aes-

491 4650 772 4714 redderet,
826 4660 880 4705 et
922 4665 1113 4704 eorum
1151 4650 1365 4720 linguas
1410 4649 1629 4719 penitus
1659 4648 1875 4703 auferre
1908 4647 2064 4702 vide-

490 4746 661 4802 retur,
691 4755 756 4793 ac
786 4738 823 4794 ii
847 4749 1106 4807 praeterea
1142 4739 1245 4808 ipsi
1278 4739 1527 4803 silentes,
1578 4753 1698 4794 sese
1737 4738 1913 4792 victos
1940 4752 2059 4793 esse

491 4829 812 4884 faterentur.
850 4829 1039 4900 Itaque
1082 4830 1304 4883 Patrum
1342 4829 1566 4899 quidem
1614 4827 1858 4895 synodus
1902 4827 2059 4897 plau-

490 4920 674 4985 debat,
708 4921 1086 4977 litareticorum
1126 4936 1257 4976 vero
1298 4919 1613 4987 multitudo,
1636 4919 1752 4984 alii,
1782 4926 1840 4975 et
1867 4918 1903 4972 ii
1933 4918 2055 4987 qui-

490 5014 615 5071 dem
671 5013 1019 5077 illustriores,
1059 5012 1310 5085 deposito
1356 5027 1565 5078 errore,
1612 5012 1817 5066 nostris
1867 5010 2052 5065 adhae-

489 5106 814 5166 reseebant;
846 5104 936 5159 alii
970 5118 1100 5159 vero
1148 5102 1369 5173 plurimi
1414 5112 1637 5173 propter
1664 5101 2053 5157 verecundiam

487 5198 545 5252 in
593 5196 831 5251 medium
876 5194 1093 5265 prodire
1142 5211 1251 5250 non
1302 5195 1598 5251 audebant.
1647 5194 1805 5248 Hunc
1847 5190 2055 5246 exitum

487 5286 726 5357 synodus
777 5286 988 5347 habuit,
1037 5286 1300 5357 solusque
1338 5285 1635 5355 Gregorius
1668 5298 1765 5352 per
1809 5279 2055 5336 omnium

487 5392 607 5444 ora,
632 5386 689 5433 et
714 5378 1018 5448 praesertim
1048 5376 1295 5433 Patrum.
1330 5376 1609 5431 volitabat.

560 5553 750 5610 XXVI.
790 5562 859 5609 At
886 5555 1009 5611 aliis
1036 5564 1150 5609 tum
1193 5553 1613 5614 admirantibus,
1647 5560 1761 5605 tum
1795 5557 1920 5604 vota
1954 5564 2055 5619 pro

492 5644 589 5701 illo
611 5645 959 5711 facientibus,
982 5645 1332 5715 archiprzrsul
1363 5659 1550 5700 secum
1578 5643 1730 5697 illum
1760 5639 2054 5711 accipiens,

493 5734 559 5790 ad
607 5749 785 5806 regem
831 5735 1051 5792 adducit
1081 5754 1093 5790 :
1127 5735 1247 5802 Hic,
1274 5752 1364 5791 rex
1402 5736 1604 5808 optime
1652 5734 1905 5803 (dicens),
1943 5732 2054 5799 hic,

2158 4674 2285 4720 νους
2315 4658 2515 4721 αὐτοὺς
2546 4656 2674 4721 τοὺς
2705 4655 2911 4726 σφόδρα
2963 4658 3093 4727 περὶ
3145 4656 3207 4710 τὸ
3259 4657 3438 4724 λέγειν
3487 4656 3753 4723 ἑτοίμους

2156 4749 2466 4819 εἰργάσατο,
2497 4748 2572 4812 ὡς
2599 4749 2690 4801 καὶ
2720 4748 2885 4811 αὐτὰς
2912 4747 3061 4811 δόξαι
3093 4748 3279 4818 σχεδὸν
3306 4748 3485 4802 αὐτῶν
3510 4748 3605 4802 καὶ
3628 4745 3734 4809 τὰς

2154 4840 2399 4908 γλώττας
2428 4840 2720 4905 περιελεῖν,
2754 4840 2849 4893 καὶ
2878 4839 2955 4909 τῷ
2988 4841 3199 4910 σιωπᾷν
3252 4840 3451 4903 αὐτοὺς
3492 4838 3737 4902 ἐκείνους

2152 4930 2249 4999 τὴν
2270 4926 2442 5002 ἧτταν
2488 4930 2790 5000 ὁμολογεῖν.
2821 4930 2886 4983 Ὶι
2928 4928 3027 5000 μὲν
3049 4925 3140 4983 οὖν
3172 4929 3386 4993 σύνοδος
3411 4930 3519 4984 τῶν
3559 4930 3739 4983 Πατέ-

2158 5035 2265 5093 ρων
2314 5023 2591 5094 ἐκρότουν,
2620 5024 2654 5091 ἡ
2682 5021 2740 5077 δὲ
2768 5020 2876 5074 τῶν
2905 5021 3199 5091 αίρετικῶν
3213 5022 3421 5092 πληθὺς
3452 5022 3500 5075 οἱ
3525 5019 3735 5090 μὲντῆς

2154 5115 2361 5182 πλάνης
2395 5112 2855 5182 μεταϐαλλόμενοι
2883 5110 3267 5185 προσεχώρουν
3287 5114 3397 5174 τοῖς
3415 5112 3744 5183 ἡμετέροιςι

2154 5208 2246 5262 καὶ
2269 5204 2375 5259 τῶν
2392 5204 2805 5276 ὲπισημοτέρων
2839 5203 3041 5261 πολλοί·
3071 5203 3192 5257 οἶδὲ
3226 5202 3393 5274 πολλῇ
3416 5206 3482 5272 τῇ
3500 5202 3735 5274 αἰσχύνῃ

2153 5294 2896 5351 συνεκαλύπτοντο.Τοιοῦτον
2907 5295 2971 5366 δὴ
2996 5295 3056 5347 τό
3082 5295 3248 5365 πέρας
3270 5294 3369 5364 τῆς
3389 5293 3607 5347 συνόδου
3626 5292 3741 5346 λα-.

2153 5386 2355 5452 ϐοὶσης
2381 5388 2561 5456 μόνος.
2592 5383 2893 5456 Γρηγόριος
2925 5388 2983 5437 ὲν
3017 5386 3128 5447 τοῖς
3167 5384 3422 5438 ἁπάντων
3463 5384 3729 5452 στόμασιν

2151 5472 2220 5548 ἦν
2233 5477 2325 5530 καὶ
2342 5477 2511 5530 πολλὰ
2522 5477 2586 5547 δὴ
2601 5475 2711 5528 τῶν
2725 5476 2767 5528 ι]
2773 5475 2865 5529 att
2873 5492 2980 5547 ρων
2994 5476 3092 5546 μὲν
3104 5473 3724 5544 ύπερεκπληττομένων.

2229 5567 2373 5635 λς’.
2415 5570 2536 5621 Τών
2592 5568 2649 5621 δὲ
2704 5569 2799 5620 καὶ
2847 5567 3307 5639 ύπερευχομένων
3337 5564 3579 5629 αύτού,ό
3626 5564 3728 5634 ἀρα

2163 5661 2381 5730 χιερεὺς
2447 5659 2572 5730 μεθ’
2621 5658 2819 5713 ἑαυτοῦ
2875 5658 3057 5712 λαϐὼν
3108 5658 3246 5729 πρὸς
3288 5656 3380 5710 τδν
3422 5653 3730 5725 κρατοῦντα

2159 5752 2387 5825 εἰσάγει,
2424 5744 2610 5823 Οὗτος,
2641 5750 2835 5823 λέγων,
2870 5752 2896 5803 6
2930 5749 3184 5826 ἀριστεὺς
3226 5747 3471 5827 βασιλεῦ,
3506 5740 3659 5814 οὗτος
3700 5744 3729 5802 6
