4080 6374
340 402 449 470 εει
611 382 659 427 ⁸
1313 421 1493 484 VlTA
1534 423 1592 484 s.
1633 422 1893 485 GREGO

2000 426 2017 485 [
2050 431 2593 501 AGRIGENTINI.
3484 430 3592 497 2'32

335 515 585 620 :Igﬂltﬁi.
628 511 791 620 οἶτος
839 523 902 620 τὸ
933 527 1110 601 τεῖχος
1171 530 1269 601 τῆς
1327 533 1602 605 ἡμετέρας
1657 538 1900 602 πίστεως

2021 543 2266 614 inquam.
2312 558 2398 604 est
2436 550 2528 605 ille
2559 550 2758 612 victor,
2783 566 2848 606 ae
2882 561 3081 609 nostrae
3122 551 3247 606 fidei
3282 566 3591 620 propugna-

335 609 474 661 τότε
515 608 616 678 μὲν
649 609 745 664 οὖν
771 612 869 667 τοῦ
915 616 1199 688 θαύματος
1246 622 1409 691 μόνον
1449 626 1544 678 καὶ
1586 626 1696 678 τῶν
1748 628 1900 681 Enat-

2015 636 2228 693 culum.
2259 637 2401 693 Tum
2435 654 2531 693 rex
2557 654 2623 695 ac
2653 640 2941 696 universus
2971 642 3332 696 circumstans
3364 648 3588 694 senatus

334 716 444 753 νων
490 700 520 753 δ
569 717 631 755 τε
671 700 934 773 βασιλεὺς
973 709 1121 783 καὶὴ
1159 712 1288 782 περὶ
1341 715 1503 769 αὐτὸν
1547 717 1701 771 πᾶσα
1742 719 1910 789 βουλὴ

333 789 653 859 γενόμενοι,
706 796 803 849 καὶ
835 795 955 867 Θεῷ
1002 798 1102 870 τὴν
1150 802 1312 872 χάριν
1359 805 1776 876 ὁμολογοῦντες,
1813 810 1910 863 σὺν

333 880 479 935 αίδοῐ
509 883 702 938 τοῦτον
740 886 845 958 ὅσῃ
866 887 963 942 καὶ
1006 894 1140 963 τιμῇ
1187 896 1560 966 παρέπεμπον
1607 915 1622 931 ο
1676 899 1906 972 ὕστερον

330 972 388 1026 δὲ
420 974 519 1028 καὶ
563 976 881 1044 ἰδιαζόντως
928 982 1092 1037 αὐτὸν
1125 987 1153 1038 ὁ
1186 988 1409 1058 κρατῶν
1440 992 1894 1062 μετακαλεσάμε-

332 1082 423 1128 νος
461 1068 556 1121 καὶ
583 1070 665 1133 είς
688 1068 883 1138 λόγους
912 1073 1103 1141 ἐλθὼν,
1147 1080 1244 1131 καὶ
1284 1080 1446 1148 γνοὺς
1472 1082 1556 1146 τίς
1582 1100 1641 1135 τε
1680 1086 1766 1154 είη
1810 1084 1908 1138 καὶ

331 1155 453 1246 ὅθεν
490 1158 642 1227 ἥκει,
679 1162 774 1215 καὶ
810 1164 986 1236 πόσην
1018 1167 1225 1243 ἐπῆλθε
1256 1172 1381 1243 γῆν,
1419 1173 1509 1229 τίς
1552 1191 1615 1227 τε
1661 1176 1694 1246 ἡ
1756 1177 1909 1232 αἰτία

330 1245 431 1313 τῆς
468 1246 782 1319 ἀποδημίας
833 1253 1002 1324 αὐτῷ,
1058 1257 1158 1310 καὶ
1216 1262 1338 1312 τίνα
1391 1259 1485 1314 τὸν
1543 1245 1689 1333 μετὰ
1730 1264 1903 1319 ταῦτα

334 1341 540 1393 σκοπὸν
562 1340 804 1409 τίθεται,
831 1345 1035 1417 σφόδρα
1072 1346 1172 1417 τῆς
1215 1348 1443 1422 γνώμης
1479 1355 1646 1408 αὐτὸν
1691 1355 1906 1425 ἀγάμε-

331 1447 442 1496 νος,
467 1430 546 1494 ὡς
572 1434 859 1503 κρείττονά
880 1453 959 1502 τε,
988 1437 1021 1509 ἢ
1046 1439 1184 1493 κατὰ
1205 1440 1491 1511 ἄνθρωπον
1515 1446 1663 1514 ἑώρα
1687 1448 1783 1502 καὶ
1808 1449 1901 1503 τοῦ

330 1520 479 1588 αὐτῷ
505 1522 563 1584 ἐς
588 1521 713 1592 ὄψιν
739 1523 916 1578 ἐλθεῖν
951 1528 1151 1594 πολλὰς
1172 1530 1252 1601 τῷ
1282 1533 1400 1604 Θεῷ
1429 1537 1523 1590 καὶ
1554 1537 1630 1605 τῷ
1652 1539 1903 1609 ἀρχιερεῖ

331 1609 504 1663 αἰτοῦ
542 1610 774 1680 χάριτας
812 1612 1051 1683 ὀφείλειν
1075 1617 1421 1689 διωμολόγει.
1473 1620 1534 1677 '0
1579 1624 1637 1679 δὲ
1694 1626 1734 1677 Γ
1740 1628 1905 1697 ρηγό-

334 1716 470 1766 ριος,
495 1701 598 1769 τῆς
621 1705 1137 1780 προτέρας’γνώμης
1158 1710 1420 1782 ἐχόμενος
1439 1752 1454 1778 ,
1482 1715 1582 1784 τὴν
1601 1717 1702 1786 μὲν
1721 1718 1901 1772 ἐκεῖσε

337 1790 628 1865 διατριϐὴν
658 1796 754 1850 καὶ
779 1796 948 1868 τιμὴν
977 1798 1097 1852 λίαν
1128 1801 1495 1874 δυσχεραίνων
1525 1801 1614 1878 ἦν,
1650 1810 1815 1863 παντὶ
1845 1809 1900 1863 δὲ

328 1886 518 1958 τρόπῳ
553 1889 658 1958 τὴν
681 1890 1034 1962 ἀναχώρησιν
1068 1899 1623 1969 πραγματευόμενος.
1676 1903 1895 1973 Ἀμέλει
1929 1877 1974 1934 Β

329 1978 421 2030 καὶ
469 1978 559 2032 διά
615 1997 764 2045 τινος
812 1986 1133 2055 Μαρκιανοῦ
1173 1987 1232 2053 ὃς
1278 1986 1345 2062 ἦν
1401 1991 1752 2064 ᾠκειωμένος
1805 1993 1885 2065 τῷ

329 2065 543 2134 βασιλεί
570 2072 779 2143 ταύτην
803 2074 1021 2146 εὕρετο,
1067 2079 1160 2131 καὶ
1202 2080 1296 2133 ἐπὶ
1348 2084 1534 2152 ῥητοῖς
1574 2101 1716 2137 τισιν
1760 2085 1897 2137 ἁπο-

327 2163 613 2219 στέλ>.εται
642 2166 731 2235 ἐφ’
836 2152 918 2232 είς
967 2169 1189 2241 Ῥώμην
1232 2189 1292 2225 τε
1335 2174 1639 2240 κατελθεῖν,
1691 2176 1786 2230 καὶ
1828 2176 1898 2230 τὰ

325 2254 515 2308 ικεῖσε
541 2258 713 2327 κάλλη
746 2262 1252 2332 περισκεψάμενος,
1278 2267 1371 2318 καὶ
1394 2266 1457 2335 δὴ
1489 2265 1709 2321 καὶτῶν
1734 2286 1891 2332 κορυ-

328 2347 510 2412 ᾳαῐων
562 2352 949 2423 προσκυνητὴς
1006 2357 1299 2427 γενόμενος
1347 2357 1686 2424 ἀποστόλων,
1738 2358 1893 2423 αὖθις

326 2438 685 2506 ὑποστρέψας
728 2442 815 2496 διὰ
867 2446 1095 2517 ταχέων,
1147 2447 1242 2500 καὶ
1286 2449 1380 2501 τοῦ
1419 2448 1608 2503 λοιποῦ
1657 2452 1895 2503 συνεῖναι

329 2528 406 2598 τῷ
455 2529 698 2600 βασιλεῖ,
753 2535 1024 2611 Πρότερον
1076 2537 1133 2591 δὲ
1187 2538 1219 2609 ἢ
1277 2540 1486 2593 ἐκεῖνον
1526 2540 1625 2611 τὴν
1676 2540 1897 2612 Ῥώμην

327 2623 665 2679 καταλαϐεῖν
718 2627 1023 2698 φθάσαντες
1061 2632 1109 2686 οἱ
1159 2633 1293 2697 πρὸς
1333 2632 1428 2686 τοῦ
1483 2633 1685 2687 πάππα
1746 2634 1896 2703 παρὰ

325 2714 422 2785 τὴν
462 2716 687 2772 σύνοδον
747 2720 1033 2786 σταλέντες
1096 2723 1432 2789 ἐπίσκοποι,
1481 2725 1646 2788 αὐτόν
1692 2743 1751 2779 τε
1803 2725 1897 2779 τὸν

327 2806 583 2873 πάππαν,
630 2807 727 2861 καὶ
769 2810 977 2874 πάντας
1030 2811 1157 2876 τοὺς
1191 2816 1248 2867 ἐν
1292 2818 1358 2887 τῇ
1414 2815 1571 2886 χώρᾳ
1625 2813 1722 2868 τοῦ
1765 2815 1895 2884 περὶ

325 2898 485 2953 αὐτὸν
521 2902 846 2970 ἑμπιπλῶσι
873 2903 1171 2976 θαύματος.
1220 2908 1505 2978 ’Λσμένοις
1539 2908 1633 2964 οὖν
1662 2908 1760 2963 καὶ
1800 2909 1897 2963 αὒ-

325 2994 436 3054 τοίς
476 2993 691 3058 ἐκεῖνος
736 2998 1042 3067 ἐπιφανεὶς,
1081 2999 1284 3068 μᾶλλον
1330 3003 1611 3073 ὁρώμενος
1669 3003 1751 3066 είς
1798 3000 1895 3055 ἐκ·

328 3083 520 3156 πληξιν
549 3083 692 3161 ἦγεν
723 3087 756 3157 ἢ
788 3089 1143 3158 ἀκουόμενος.
1165 3092 1387 3161 Φεύγων
1422 3093 1479 3147 δὲ
1513 3094 1611 3157 τὰς
1643 3094 1895 3166 ὀχλήσεις

2012 726 2377 782 admiratione
2406 743 2471 782 ac
2493 728 2749 785 laudibus
2771 729 2918 784 hunc
2946 743 3298 800 exceperunt.
3330 730 3448 783 Mox
3477 730 3585 784 Deo

2009 818 2213 886 gratias
2241 829 2489 888 agentes,
2539 822 2710 879 multa
2754 838 2879 877 cum
2930 823 3234 876 reverentia
3270 832 3325 876 ct
3376 822 3584 878 honore

1956 957 1960 961 «
2009 908 2377 965 deduxerunt.
2411 911 2618 967 Deinde
2649 927 2744 967 rex
2773 913 2952 982 ipsum
2977 912 3286 973 accersivit,
3309 914 3583 982 simulque

2009 1014 2135 1055 cum
2169 1000 2262 1055 illo
2294 1001 2532 1067 loculus,
2562 1003 2811 1073 quisnam
2862 1013 3028 1067 esset,
3063 1018 3129 1057 ac
3161 1003 3305 1057 unde
3341 1004 3582 1073 gentium

2009 1092 2247 1158 veniret,
2296 1104 2349 1149 et
2399 1110 2536 1164 quas
2580 1093 2734 1150 orbis
2782 1095 3035 1164 regiones
3069 1103 3429 1163 peragrasset.
3462 1108 3585 1162 quae

2010 1183 2089 1238 illi
2127 1183 2352 1239 demum
2391 1193 2557 1239 tanta:
2585 1186 3043 1254 peregrinationis
3075 1200 3262 1247 causa,
3295 1199 3415 1250 quae
3447 1200 3583 1250 prte-

2009 1283 2153 1331 terea
2176 1291 2333 1332 mens
2357 1275 2572 1344 fuisset,
2594 1278 2834 1347 agnovit.
2856 1278 2975 1345 Quo
2995 1278 3196 1335 factum
3216 1288 3322 1341 est,
3348 1288 3406 1332 ut
3427 1277 3579 1332 illum

2004 1379 2070 1418 ex
2124 1367 2308 1422 animo
2357 1368 2713 1425 vehementer
2765 1370 3067 1434 admirans,
3124 1370 3348 1424 homine
3404 1370 3580 1425 multo

2006 1459 2265 1524 majorem
2317 1459 2636 1526 aestimaret,
2670 1462 2925 1531 quodque
2967 1462 3021 1515 in
3071 1463 3191 1531 ejus
3223 1471 3578 1529 conspectum

2006 1547 2267 1613 venisset,
2296 1550 2496 1607 multas
2546 1552 2651 1607 hoc
2700 1551 2921 1607 nomine
2959 1552 3072 1608 Deo
3102 1561 3159 1606 et
3204 1551 3580 1622 arcliiprzesuli

2005 1638 2212 1708 gratias
2258 1640 2463 1697 debere
2494 1640 2752 1698 fateatur.
2784 1644 2854 1698 At
2903 1659 3035 1699 vero
3062 1644 3363 1714 Gregorius
3408 1648 3579 1715 priori

2004 1729 2286 1798 proposito
2342 1732 2583 1797 innixus,
2626 1737 3084 1792 consuetudinem
3117 1738 3264 1792 illam
3313 1753 3376 1792 ac
3407 1737 3580 1792 hono-

2006 1837 2119 1873 rem
2159 1838 2299 1892 aegre
2347 1823 2649 1880 admodum
2702 1826 2951 1882 ferebat:
2988 1828 3120 1897 quin
3168 1830 3375 1883 abitum
3430 1830 3579 1884 illinc

2003 1908 2179 1968 modis
2222 1914 2480 1971 omnibus
2524 1917 2911 1972 meditabatur.
2950 1919 3106 1974 nunc
3151 1920 3389 1989 denique
3439 1919 3579 1975 Mar-

2002 2001 2143 2058 ciani
2180 2005 2487 2073 cujusdam.
2516 2008 2609 2075 qui
2652 2007 2765 2075 regi
2813 2025 3078 2078 perquam
3115 2010 3401 2066 familiaris
3431 2021 3575 2075 erat,

2003 2107 2167 2159 opera
2200 2106 2552 2161 consecutus,
2595 2101 2949 2157 cautionibus
2996 2118 3058 2156 ac
3092 2104 3308 2170 legibus
3347 2105 3578 2173 quibus-

2002 2185 2125 2239 dam
2180 2186 2439 2245 dimissus
2490 2201 2593 2253 est,
2649 2194 2915 2248 nimirum
2976 2194 3238 2250 inviseret
3290 2197 3570 2253 Romam:

2003 2290 2238 2344 cumque
2267 2279 2422 2334 urbis
2451 2281 2597 2336 illius
2627 2283 3093 2352 pulchritudinem
3125 2299 3189 2338 ac
3212 2283 3571 2354 magnificen-

2004 2366 2132 2421 tiam
2158 2367 2405 2435 vidisset,
2449 2382 2704 2441 essetque
2739 2388 2984 2428 summos
3024 2374 3300 2442 apostolos
3344 2389 3576 2429 venera.

2004 2465 2113 2521 tus,
2152 2474 2345 2515 rursus
2379 2477 2542 2531 quam
2588 2464 2875 2518 celerrime
2913 2475 3116 2532 posset,
3171 2474 3569 2526 reverteretur.

2003 2550 2142 2619 regis
2192 2554 2553 2609 contubernio
2602 2555 2656 2610 in
2704 2568 2983 2625 posterum
3015 2557 3357 2611 adhaesurus.
3400 2557 3575 2612 Porro

2001 2651 2294 2711 antequam
2326 2644 2418 2698 ille
2451 2645 2676 2700 Romam
2704 2647 2905 2709 adiret,
2939 2647 3182 2717 episcopi
3226 2663 3363 2715 quos
3388 2647 3578 2702 Ponti—

2002 2730 2089 2787 fex
2118 2732 2383 2790 Maximus
2411 2737 2478 2790 ad
2505 2738 2798 2792 concilium
2831 2739 3075 2802 miserat,
3124 2739 3243 2807 ejus
3274 2738 3570 2793 adventum

2000 2830 2428 2889 anteverterant,
2457 2828 2883 2896 pontificemque
2910 2830 3110 2899 ipsum,
3159 2845 3225 2883 ac
3262 2844 3457 2883 omnes
3487 2844 3577 2884 re-

2000 2914 2091 2984 gni
2135 2916 2381 2985 ejusdem
2430 2920 2688 2987 praesules
2716 2922 2768 2976 in
2823 2926 3111 2977 maximam
3148 2922 3294 2976 illius
3326 2920 3572 2975 admira-

2002 3004 2204 3063 tionem
2250 3018 2565 3066 evexerant.
2613 3011 2978 3078 Quamobrem
3048 3013 3281 3069 illustris
3344 3013 3436 3067 ille
3486 3014 3571 3068 vir

2001 3106 2350 3171 exspectatus
2378 3100 2621 3167 advenit,
2670 3116 2726 3158 et
2759 3106 3017 3174 majorem
3052 3106 3158 3160 illis
3184 3120 3282 3160 sua
3324 3120 3568 3174 prasen-

325 3181 477 3250 παρὰ
509 3184 578 3252 τῇ
617 3186 754 3254 μονῇ
780 3184 875 3238 τοῦ
915 3185 1071 3254 ἀγίον
1125 3187 1277 3250 Σάϐα
1322 3189 1619 3258 ἡσυχάζειν
1670 3188 1890 3256 διέγνω,

2000 3182 2094 3247 tia,
2131 3201 2293 3255 quam
2326 3188 2571 3259 cujusvis
2600 3191 2685 3245 sui
2723 3171 3139 3261 praedicatione,
3173 3171 3456 3262 stuporem
3490 3192 3570 3248 in-

327 3269 421 3333 τὰς
452 3274 707 3341 συνεχεῖς
737 3274 1003 3329 ἐκκλίνων
1038 3278 1330 3351 προόδους,
1382 3277 1479 3333 καὶ
1521 3278 1659 3348 πρὸς
1692 3277 1894 3350 μηδένα

330 3365 595 3441 μηδαμῶς
629 3369 1182 3441 παρρησιαζόμενος

396 3623 526 3675 KZ'.
609 3621 703 3677 Ἐν
758 3623 974 3689 τούτοις
1019 3626 1075 3680 δὲ
1148 3626 1520 3699 διατρίϐοντος
1568 3626 1897 3697 Γρηγορίου,

328 3713 415 3765 καὶ
464 3715 495 3767 δ
552 3715 1003 3785 Ἀκραγαντίνων
1053 3716 1353 3782 ἐπίσκοπος
1417 3698 1694 3788 Θεόδωρος
1727 3714 1900 3789 ,οὕτω

328 3806 665 3877 καλούμενος
699 3807 758 3871 ὃς
785 3809 885 3880 ἤδη
918 3813 1344 3880 κεχειροτόνειτο
1377 3811 1516 3882 μετὰ
1546 3810 1899 3880 Ποταμίωνα,

333 3900 416 3951 καὶ
445 3900 614 3962 αύτδς
642 3901 927 3956 ἀπολείπει
957 3904 1047 3957 τὸν
1073 3902 1209 3972 βίον.
1232 3903 1433 3958 Φύεται
1454 3903 1519 3975 δὴ
1533 3903 1724 3966 στάσις
1744 3904 1804 3956 ὲν
1822 3901 1902 3972 τῷ

337 3992 445 4062 λαῷ
475 3993 570 4046 καὶ
601 3993 778 4046 ἄλλων
806 3993 967 4046 ἄλλον
995 3994 1469 4066 προϐαλλομένων,
1492 3992 1580 4049 οἵα
1603 3996 1748 4065 φιλεῖ
1791 3996 1906 4059 τοῖς

330 4083 587 4146 τοιούτοις
625 4084 968 4151 συμϐαίνειν,
1005 4086 1217 4158 ταραχὴ
1271 4090 1334 4140 τὸ
1378 4088 1582 4158 πλῆθος
1628 4089 1900 4157 κατεῖχεν.

332 4175 388 4227 Οἱ
418 4177 520 4243 μὲν
556 4176 671 4245 γὰρ
717 4176 945 4236 Σιϐἶνόν
969 4195 1092 4232 τινα
1125 4178 1516 4250 πρεσϐύτερον,
1567 4181 1617 4232 οι
1665 4180 1721 4233 δὲ
1765 4181 1903 4251 Κριο

334 4269 630 4331 σκεντῖνον,
661 4268 712 4320 oi
741 4267 797 4321 δὲ
826 4267 917 4321 τὸν
937 4270 1313 4339 ἀρχιδιάκονον
1341 4266 1575 4334 Εὗπλον,
1600 4271 1694 4324 καὶ
1716 4269 1902 4340 ἔτερος

332 4357 516 4427 ἕτερον
550 4361 635 4421 είς
666 4358 762 4412 τὸν
791 4357 982 4429 θρόνον
1030 4361 1276 4426 καθίζειν
1324 4361 1575 4417 ἔσπευδε.
1612 4361 1686 4416 Τὸ
1730 4361 1899 4431 κῦρος

330 4445 414 4503 οὖν
444 4450 678 4505 ἑκάστου
712 4451 865 4522 παρὰ
899 4452 993 4506 τοῦ
1022 4453 1220 4507 πάππε
1275 4454 1591 4523 ζητοῦντος,
1624 4457 1705 4519 εἰς
1755 4452 1895 4509 Ῥω-

2000 3274 2174 3331 duxit.
2210 3275 2481 3335 Caeterum
2523 3284 2737 3338 turbam
2769 3286 2967 3351 vitans,
3019 3286 3443 3356 frequentesque
3475 3286 3574 3341 bo—

2002 3365 2211 3421 minum
2254 3384 2582 3441 congressus
2624 3375 2925 3440 declinans,
2951 3394 3126 3447 neque
3163 3387 3365 3434 temere
3430 3392 3572 3443 sese,

1996 3473 2098 3515 nec
2148 3461 2458 3519 inconsulto
2498 3466 2742 3535 cujusvis
2823 3469 3151 3539 colloquium
3204 3471 3373 3533 dans,
3418 3473 3570 3542 juxta

1997 3548 2106 3605 divi
2162 3551 2319 3609 Saba:
2367 3554 2703 3612 domicilium
2738 3563 3061 3616 commorari
3090 3561 3356 3616 decrevit.

2069 3642 2280 3700 XXVII.
2321 3645 2457 3705 Cum
2493 3647 2608 3707 haec
2643 3648 2864 3705 interim
2902 3651 3045 3719 apud
3084 3652 3409 3723 Gregorium
3441 3666 3570 3719 egeo

1997 3743 2219 3799 rentur,
2272 3734 2595 3794 Theodorus
2637 3741 2918 3811 Agrigenti
2962 3742 3282 3811 episcopus,
3319 3743 3410 3811 qui
3454 3742 3566 3812 jam

2000 3827 2302 3883 Potamioni
2333 3841 2703 3900 successerat,
2742 3835 2854 3893 vita
2890 3835 3005 3904 ipse
3044 3835 3250 3905 pariter
3276 3835 3570 3891 defunctus

1999 3925 2106 3974 est.
2139 3918 2270 3974 lude
2307 3921 2435 3975 dum
2471 3922 2562 3976 alii
2601 3922 2768 3977 alium
2800 3932 3169 3993 proponerent
3201 3925 3284 3992 (ut
3317 3940 3417 3977 usu
3454 3925 3568 3981 fere

2003 4009 2057 4064 in
2082 4011 2350 4081 ejusmodi
2385 4013 2661 4085 suffragiis
2687 4015 2910 4070 evenire
2931 4013 3091 4081 solet)
3146 4014 3343 4068 seditio
3381 4014 3433 4067 in
3473 4030 3570 4083 po-

2005 4102 2135 4171 pulo
2168 4103 2429 4167 nascitur,
2456 4114 2512 4159 ct
2536 4105 2804 4162 tumultus
2832 4121 2862 4160 a
2890 4103 3245 4160 multitudine
3275 4103 3564 4160 conflatur.

2001 4189 2109 4245 Alii
2157 4192 2301 4245 enim
2358 4193 2618 4247 Sabinum
2675 4194 2966 4264 quemdam
3011 4194 3428 4264 presbyterum,
3476 4196 3566 4249 alii

1999 4282 2413 4338 Crescentinum
2437 4324 2452 4346 ,
2485 4285 2576 4339 alii
2610 4285 3058 4343 archidiaconum
3089 4286 3353 4355 Euplum,
3385 4294 3441 4341 et
3473 4288 3567 4341 alii

1998 4371 2138 4426 alios
2187 4372 2241 4441 in
2283 4372 2414 4427 sede
2452 4373 2720 4429 collocare
2767 4374 3079 4431 studebant.
3115 4375 3360 4446 Cumque
3393 4393 3570 4431 unus-

1996 4463 2231 4534 quisque
2265 4463 2613 4535 designatum
2650 4479 2681 4519 a
2718 4480 2777 4520 se
2809 4467 3135 4523 auctoritate
3168 4466 3446 4537 pontificis
3477 4468 3570 4521 lir-

331 4556 431 4610 μην
459 4541 626 4593 διαπε
638 4539 794 4609 ρῶσι,
822 4542 915 4594 καὶ
953 4543 1030 4614 τῷ
1055 4545 1256 4598 πάππα
1284 4544 1457 4599 ταῦτα
1493 4547 1634 4600 κατὰ
1662 4545 1726 4599 τὸ
1766 4545 1890 4610 ἔθος

2000 4555 2158 4619 mari,
2204 4565 2493 4626 ratumque
2539 4555 2655 4611 fieri
2685 4558 2883 4620 vellet,
2925 4557 3154 4613 Romam
3199 4558 3278 4613 ire
3315 4573 3569 4628 perrexe-

327 4631 666 4686 ἁνατιθέασι.
727 4632 902 4703 Συνῆν
955 4634 1012 4686 δὲ
1060 4635 1247 4700 αὐτοῖς
1294 4637 1390 4689 καὶ
1430 4638 1686 4708 Χαρίτων
1731 4641 1760 4692 ὁ
1798 4639 1893 4693 τοῦ

331 4721 637 4796 Γρηγορίου
671 4725 882 4795 πατήρ.
932 4724 1303 4780 Εἰσελθόντων
1327 4723 1420 4781 οὖν
1462 4729 1597 4797 πρὸς
1642 4729 1806 4783 αὑτὸν
1848 4733 1896 4784 oi

330 4811 425 4879 μὲν
456 4815 589 4884 περῖΙ
618 4813 846 4877 Σαϐῖνον
871 4816 930 4869 ὲν
960 4816 1040 4869 ἐνὶ
1082 4816 1238 4894 μέρει
1270 4817 1525 4887 ἔστησαν,
1575 4820 1621 4872 οἱ
1657 4819 1712 4873 δὲ
1766 4821 1896 4892 περὶ

341 4903 727 4973 Κρισκεντϊνον
757 4905 1008 4976 ἑτέρωθι,
1031 4907 1080 4960 oi
1115 4908 1173 4961 δὲ
1209 4907 1337 4977 περὶ
1380 4908 1590 4963 senm
1629 4911 1722 4963 καὶ
1769 4914 1896 4975 τοὺς

322 4992 544 5059 λοιποὺς
570 4994 751 5058 ὀπίσω
788 4997 997 5052 τούτων
1045 4997 1241 5067 ἔταξαν
1275 5000 1522 5067 ἑαυτούς.
1565 5001 1653 5065 Ὠς
1697 5001 1753 5054 δὲ
1801 5002 1897 5055 καὶ

321 5087 694 5158 ἐρωτηθέντες
723 5088 847 5144 τίνα
884 5089 1160 5161 βούλοιντο
1214 5093 1664 5168 χειροτονηθῆναι
1708 5095 1894 5158 αὐτοῖς

318 5181 647 5243 ἐπίσκοπον,
698 5184 748 5235 οι
808 5182 909 5251 μὶν
976 5183 1225 5249 Σαϐῖνον,
1278 5187 1328 5239 οἱ
1396 5186 1455 5245 δὲ
1508 5189 1897 5260 Κριτκεντῖνον

320 5273 568 5346 ᾐτοῦντο.
617 5272 777 5344 Ὑμῖν
806 5276 884 5342 δὲ,
911 5276 1075 5347 φησὶν
1099 5279 1212 5339 τοῖς
1237 5278 1362 5347 περῖ
1395 5277 1605 5332 Εὗπλον
1632 5282 1896 5349 ἐπιστρα-

320 5365 449 5431 φεὶς
482 5366 511 5419 ὁ
536 5366 796 5431 πάππας,
822 5367 877 5420 τί
920 5385 1050 5421 ποτε
1086 5368 1195 5436 ἄρα
1226 5369 1412 5435 δοκεῖ;
1460 5372 1523 5423 Οί
1551 5371 1606 5424 δὲ
1652 5371 1739 5425 διὰ
1778 5375 1894 5426 Χα-

321 5454 554 5522 ρίτωνος
582 5456 952 5525 ἀπεκρίναντο
979 5475 992 5488 ⁸
1039 5460 1107 5512 Ὃ
1139 5459 1289 5512 δοκεί
1314 5461 1391 5530 τῷ
1424 5461 1544 5532 Θεῷ
1578 5462 1777 5529 μᾶλλον
1802 5463 1896 5517 καὶ

321 5548 395 5615 τῇ
430 5548 494 5616 σῇ
526 5547 824 5618 διακρίσει,
859 5550 1018 5603 τοῦτο
1044 5552 1108 5622 δὴ
1144 5553 1237 5606 καὶ
1267 5553 1521 5608 εὐκταῖον
1566 5558 1699 5625 ἡμῖν
1742 5557 1896 5623 γενέ-

320 5637 476 5692 σθαι.
506 5641 571 5692 ὀ
620 5643 733 5710 γὶρ
782 5643 850 5695 ἂν
903 5644 1038 5714 αὐτῇ
1083 5645 1424 5715 δοκιμάσειε,
1470 5647 1625 5701 τοῦτο
1680 5651 1901 5713 πάντως

317 5728 425 5789 καὶ
449 5725 523 5790 ὡς
547 5728 661 5795 Θιῷ
686 5728 879 5783 δοκοῦν
907 5730 1258 5802 λογιούμεθα.
1289 5731 1422 5789 Εἶτα
1450 5736 1478 5788 δ
1518 5737 1751 5802 πάππας
1785 5740 1896 5802 τοῖς

317 5816 460 5898 περὶ
513 5818 736 5881 Σαϐῖνον
771 5821 866 5875 καὶ
911 5824 1320 5908 Κρισκεντίνον,
1362 5828 1851 5903 Συμφρονήσαντες
1877 5871 1892 5901 ,

2000 4655 2150 4710 runt,
2196 4660 2311 4701 rem
2350 4645 2433 4705 (ut
2464 4647 2635 4701 moris
2662 4647 2768 4710 est)
2814 4647 3089 4717 pontificis
3155 4664 3296 4703 max.
3341 4648 3568 4704 arbitrio

1997 4735 2345 4807 permissuri.
2383 4738 2591 4795 llorum
2628 4738 2681 4793 in
2727 4740 2989 4795 comitatu
3026 4740 3289 4796 Cliariton
3321 4740 3568 4812 Gregorii

1996 4836 2154 4897 pater
2197 4827 2408 4883 aderat.
2477 4829 2643 4901 Atqui
2720 4830 2830 4887 illis
2876 4832 3105 4887 Romam
3156 4831 3566 4898 accedentibus,

1997 4919 2281 4974 cumhinc
2323 4919 2581 4988 Sabinus,
2627 4921 2757 4979 inde
2798 4922 3185 4980 Crescentiuus
3218 4923 3566 4990 consisteret,
3614 4939 3618 4944 '

1999 5007 2205 5078 Euplus
2247 5025 2312 5065 ac
2354 5009 2549 5081 reliqui
2600 5012 2723 5066 illos
2766 5012 2962 5068 ordine
3000 5013 3387 5082 sequebantur.
3423 5014 3569 5081 Quo-

1997 5100 2142 5154 circa
2178 5098 2516 5171 interrogati,
2547 5118 2840 5173 quemnam
2870 5103 2974 5158 sibi
3011 5103 3215 5158 vellent
3244 5103 3567 5175 episcopum

1997 5192 2222 5263 praeﬁci,
2256 5192 2380 5247 aliis
2410 5193 2697 5262 Sabinum,
2729 5194 2851 5251 aliis
2880 5193 3298 5251 Crescentinum
3331 5198 3570 5266 petenti-

1996 5283 2137 5347 bus,
2192 5283 2440 5354 pontifex
2494 5299 2795 5340 conversus
2853 5286 2920 5340 ad
2972 5301 3108 5347 eos,
3156 5285 3251 5354 qui
3299 5294 3459 5341 erant
3502 5286 3572 5340 ab

1998 5373 2189 5442 Euplo:
2219 5373 2359 5441 Quid
2389 5375 2565 5439 vobis,
2599 5375 2797 5444 inquit,
2824 5374 3079 5439 videtur?
3110 5374 3152 5427 li
3197 5390 3295 5444 per
3317 5375 3570 5431 Cliarito-

1997 5482 2122 5521 nem
2159 5467 2588 5535 responderunt,
2619 5482 2679 5522 se
2712 5466 2865 5520 illum
2900 5466 2993 5535 qui
3026 5466 3140 5520 Deo
3176 5465 3229 5519 iu
3258 5465 3481 5536 primis,
3514 5477 3570 5521 et

1998 5557 2145 5613 illius
2200 5558 2409 5628 judicio
2465 5557 2786 5622 videretur,
2838 5567 3213 5628 suscepturos.
3271 5559 3386 5615 Hoc
3437 5575 3568 5615 sane

1997 5647 2157 5703 nobis
2181 5649 2377 5719 (aiunt)
2403 5650 2509 5703 erit
2549 5648 2824 5715 optabile;
2860 5649 3006 5720 quod
3048 5650 3194 5706 enim
3240 5659 3334 5707 tuo
3360 5651 3566 5722 judicio

1999 5740 2333 5810 probaveris,
2354 5740 2585 5809 idipsum
2606 5755 2822 5809 queque
2844 5740 2952 5795 Deo
2974 5742 3191 5811 placere
3215 5728 3439 5796 omnino
3455 5740 3564 5796 cxi-

1998 5830 2567 5923 stimamus.Jl§pdg
2605 5831 3218 5923 90939253531131
3238 5831 3452 5920 gabino
3500 5846 3566 5890 ac

2165 5911 2567 5925 -O—w—QW”
2680 5913 2760 5922 ...α-η
2774 5913 3014 5924 ..φο-γ’...
3097 5912 3167 5922 ...ν-
3186 5912 3218 5919 ..-
3238 5912 3299 5920 Α...
