4072 6390
440 354 550 419 2‘23

1646 354 1812 419 ΜΕΝ
1816 355 1941 417 SIS
1980 354 2421 423 NOVEMBER.

3598 374 3709 441 εει

442 474 804 533 Crescentino
837 471 1081 538 stabant,
1112 471 1225 527 ait:
1250 470 1434 529 Unum
1470 471 1710 543 aliquem
1738 489 1806 530 ex
1837 489 2018 530 omm-
2049 526 2051 533 .

2158 494 2253 547 φη,
2284 478 2380 531 ἕνα
2406 476 2516 533 τῶν
2547 477 2765 533 πάντων
2796 478 2855 544 ὃς
2885 479 3017 549 ύμῖν
3063 478 3144 541 είς
3173 479 3464 551 ἀρέσκειαν
3514 484 3700 554 ἀφορί.

443 569 584 631 bus,
631 565 726 634 qui
771 562 931 619 vobis
974 561 1130 618 cordi
1181 561 1356 632 magis
1398 563 1500 627 sit,
1548 564 1836 620 unanimes
1874 564 2022 621 desi-

442 668 627 733 gnate.
656 657 929 713 Caeterum
963 637 1269 726 pritdentcr
1303 654 1381 710 illi
1408 655 1547 710 nihil
1587 658 2021 728 responderunt,

445 752 581 823 quin
626 750 968 805 tumultuose
1008 757 1269 820 agentes,
1316 748 1419 818 ipsi
1465 748 1611 804 inter
1655 766 1714 807 se
1756 751 2028 807 conviciis

445 845 685 915 turpiter
717 845 1081 900 lacessebant.
1114 843 1349 913 Propter
1373 842 1776 912 imprudentem
1806 844 2025 898 illorum

446 936 776 994 seditionem
821 935 1139 1005 indignatus
1183 934 1461 1005 pontifex,
1499 934 1717 989 illorum
1757 936 2027 1005 postulata

447 1030 607 1086 irrita
650 1029 800 1084 fecit.
831 1028 1036 1084 Verum
1077 1035 1204 1097 post
1230 1026 1477 1081 triduum
1523 1026 1759 1094 Euplum
1790 1041 1855 1081 ac
1885 1022 2031 1081 Cha~

448 1123 686 1177 ritonem
715 1135 1005 1176 accersens
1037 1120 1162 1174 illos
1190 1119 1411 1174 consilii
1437 1117 1521 1173 sui
1550 1118 1847 1189 participes
1876 1118 2027 1174 facit.

448 1212 663 1268 Rursus
691 1213 771 1267 illi
810 1212 907 1266 Dei
951 1213 1215 1281 placitum
1263 1220 1605 1281 exspectare,
1648 1220 1706 1266 et
1741 1225 1905 1280 quem
1939 1210 2031 1267 ille

450 1306 743 1361 manifeste
775 1305 1156 1375 approbasset,
1192 1305 1342 1360 hunc
1383 1304 1575 1359 itidem
1617 1319 1741 1360 sese
1772 1303 2033 1359 dixerunt

448 1400 677 1469 eligere.

521 1487 766 1545 XXVIII.
836 1488 1206 1555 Quamobrem
1270 1504 1397 1544 cum
1463 1489 1710 1561 pontifex
1770 1490 2035 1561 penderet

451 1582 645 1641 animi.
680 1583 960 1651 Deumque
991 1581 1229 1637 assiduis
1257 1581 1517 1652 precibus
1545 1593 1750 1648 oraret,
1787 1591 1846 1636 ut
1870 1597 2033 1652 quem

451 1674 504 1732 is
543 1675 823 1744 probaret,
866 1672 1124 1728 eumdem
1166 1673 1518 1744 perspicuum
1550 1674 1770 1730 coalitus
1808 1673 2033 1740 faceret,

446 1768 596 1823 duos
637 1766 890 1821 homines
948 1781 1047 1836 per
1100 1764 1341 1833 quietem
1407 1764 1513 1819 sibi
1553 1764 1694 1818 vidit
1754 1766 2032 1829 assistere,

2128 585 2281 625 σατε.
2324 567 2413 638 ᾭς
2439 568 2498 623 δὲ
2523 570 2677 625 οὐδὲν
2723 570 3095 642 ἀπεκρίναντο
3136 571 3377 636 συνετὸν,
3422 572 3538 627 ἀλλ’
3590 576 3709 631 ἐοον

2128 660 2326 732 ρύδουν
2358 661 2557 732 μᾶλλον
2589 661 2685 716 καὶ
2723 660 3054 733 ἀσχημόνως
3092 660 3342 730 ἀλλήλοις
3380 661 3709 733 ἐλοιδόρουν,

2128 752 2267 821 πρὸς
2298 751 2397 821 τὴν
2418 752 2608 824 ἀναιδῆ
2637 753 2828 807 στάσιν
2863 751 3050 806 αὐτῶν
3072 751 3387 823 χαλεπήνας
3403 754 3430 807 ό
3453 752 3704 828 πάππας,

2126 841 2352 905 τούτους
2380 843 2718 913 ἀπελαθῆναι
2749 842 2987 897 κελεύει.
3037 841 3176 897 Μεθ’
3209 842 3423 914 ἡμέρας
3449 843 3533 899 δὲ’
3554 847 3703 917 τρεῖς

2129 932 2257 996 τοὺς
2282 934 2412 1003 περὶ
2444 933 2653 987 Εὗπλον
2680 935 2775 988 καὶ
2798 930 3091 1003 Χαρίτωνα
3112 934 3480 1002 συγκαλέσας,
3513 952 3710 990 κοινωο

2130 1025 2256 1088 νοῦς
2305 1023 2456 1094 αύτῷ
2482 1026 2581 1094 τῆς
2609 1024 2836 1095 γνώμης
2862 1025 3057 1080 ἐποίει.
3112 1022 3178 1079 Oi
3211 1022 3269 1077 δὲ
3299 1022 3400 1095 τὴν
3445 1022 3542 1076 τοῦ
3571 1023 3709 1083 Θεοῦ

2133 1116 2315 1186 ψῆφον
2356 1117 2453 1172 καὶ
2485 1114 2642 1182 αὖθις
2696 1118 2920 1190 κρατεῖν
2969 1116 3201 1186 ἔφησαν,
3248 1116 3344 1171 καὶ
3400 1116 3461 1172 ὃν
3506 1118 3711 1180 ἐκεῖνος

2135 1210 2395 1282 ἐμφανῶς
2421 1210 2758 1282 δοκιμάσειε,
2784 1209 2973 1266 τοῦτον
2999 1210 3063 1283 δή
3097 1212 3194 1266 καὶ
3233 1210 3586 1281 χειροτονεῖν.

2210 1474 2351 1529 KR’.
2398 1474 2489 1529 ’Ev
2518 1451 2710 1547 ἀπόρῴ
2737 1474 2920 1529 τοίνυν
2946 1474 2974 1529 ό
3003 1474 3237 1539 πάππας
3290 1472 3587 1545 γενόμενος
3618 1481 3720 1530 καὶ

2135 1564 2228 1619 τοῦ
2260 1565 2392 1618 Θεοῦ
2437 1565 2699 1627 συντόνως
2731 1565 3005 1635 δεόμενος,
3056 1563 3117 1629 ἐξ
3148 1563 3381 1634 οὐρανοῦ
3422 1564 3584 1633 δῆλον
3620 1582 3715 1631 γε·

2139 1656 2328 1710 νέσθαι
2360 1657 2452 1709 τὸν
2485 1657 2634 1727 αὐτῷ
2668 1655 2912 1725 δόκιμον,
2936 1654 3070 1726 δναρ
3133 1655 3256 1726 ὁρᾷ,
3301 1653 3394 1707 δύο
3443 1655 3596 1720 τινὰς
3625 1655 3721 1711 ἄν.

2136 1745 2270 1818 δρας
2301 1747 2633 1810 ἐπιστάντας
2671 1746 2841 1816 αὐτῷ·
2880 1745 3235 1800 άποστολικδν
3266 1740 3416 1817 at?“
3447 1746 3719 1817 τδήἧμα

443 1859 639 1928 specie
666 1873 729 1913 ac
761 1859 909 1913 cultu
950 1834 1202 1927 corporis
1236 1857 1516 1926 apostolos
1560 1857 1900 1919 referentes,
1937 1856 2031 1927 qui

2158 1841 2349 1905 τούτοις
2385 1842 2481 1895 καὶ
2515 1842 2548 1911 ή
2579 1839 2812 1910 ἀναϐολή
2843 1857 2860 1873 ·
2901 1839 2955 1894 οῖ
2981 1841 3075 1894 καὶ
3118 1840 3255 1912 πρὸς
3295 1840 3457 1895 αὐτὸν
3474 1839 3719 1914 ἐῴκεσαν

456 1964 517 2005 se
548 1950 603 2003 in
638 1949 787 2004 hunc
824 1948 1046 2002 modum
1083 1949 1186 2002 visi
1221 1956 1350 2002 sunt
1380 1947 1621 2018 alloqui:
1653 1947 1765 2003 Cur
1792 1948 1863 2003 ob
1892 1947 2036 2002 invi-

454 2054 574 2096 cem
614 2040 1003 2096 dissidentium
1044 2041 1456 2096 contentionem
1501 2040 1688 2095 animo
1726 2038 2032 2094 cruciaris?

454 2134 593 2189 Nam
633 2134 725 2202 qui
771 2133 838 2189 ad
885 2142 970 2198 te,
1025 2142 1088 2187 ut
1129 2132 1431 2203 eligantur,
1468 2132 1537 2186 ab
1581 2132 1772 2187 iisdem
1813 2131 2034 2186 adducti

457 2234 623 2288 sunt,
662 2225 769 2278 hoc
802 2241 973 2279 onere
1006 2234 1171 2293 atque
1201 2232 1401 2278 conatu
1455 2222 1880 2292 haudquaquam
1910 2232 2040 2278 sunt

459 2317 634 2385 digni.
668 2316 736 2371 At
765 2317 985 2385 quidam
1022 2316 1161 2369 alius
1191 2325 1274 2369 est
1303 2316 1356 2368 in
1388 2314 1521 2368 urbe
1545 2315 1765 2383 hospes,
1802 2313 1886 2367 vir
1918 2329 2038 2368 mo-

459 2410 618 2464 ribus
650 2419 878 2463 ornatus
909 2423 973 2461 ac
1004 2407 1117 2461 Deo
1148 2406 1378 2473 cltarus;
1420 2403 1684 2474 Gregorio
1724 2418 1924 2457 nomen
1955 2413 2042 2458 est.

462 2501 561 2556 illi.
593 2499 694 2555 Hic
719 2499 1015 2568 aliquando
1061 2498 1116 2552 in
1143 2498 1251 2550 divi
1285 2497 1441 2553 Sabae
1472 2495 1806 2551 monasterio
1840 2494 2041 2563 hOSpcs

460 2593 604 2661 egit:
632 2591 725 2645 sed
760 2605 882 2644 cum
913 2590 1085 2645 hosce
1120 2589 1269 2644 viros
1299 2589 1597 2645 adventare
1627 2588 1694 2644 ad
1732 2588 1924 2643 urbem
1957 2587 2036 2642 in~

462 2681 689 2743 lcllexit,
715 2681 888 2735 multo
910 2680 1083 2750 magis
1117 2694 1176 2734 se
1197 2680 1515 2741 occultavit,
1543 2695 1604 2733 ac
1630 2694 1777 2735 nunc
1809 2679 1862 2733 in
1891 2695 2042 2735 sacra

464 2773 575 2828 divi
610 2772 863 2828 Mercurii
901 2773 1018 2827 mde
1049 2772 1185 2828 latet
1214 2773 1488 2827 occultus.
1524 2772 1681 2826 Ilunc
1712 2787 1955 2830 accerse.
1991 2780 2048 2826 et

464 2866 746 2936 Agrigenti
789 2865 1047 2921 Ecclesiae
1085 2865 1406 2936 praefectura
1444 2865 1793 2936 insignitum.
1824 2864 1877 2919 in
1906 2861 2049 2919 Sici-

465 2960 594 3015 liam
623 2960 800 3029 primo
825 2974 1044 3029 quoque
1064 2969 1311 3028 tempore
1343 2959 1741 3021 transmittito;
1776 2966 1860 3013 est
1896 2955 2044 3012 enim

467 3051 554 3105 vir
585 3066 707 3106 cum
741 3050 1051 3106 sacerdotio
1073 3050 1295 3120 dignus,
1325 3059 1439 3105 tum
1466 3050 1717 3121 regendae
1749 3049 1825 3102 illi
1855 3047 2047 3102 Eccle-

468 3142 565 3197 size
611 3144 846 3197 maxime
904 3143 1158 3197 idoneus.
1208 3142 1305 3195 llis
1359 3141 1554 3203 dictis,
1600 3140 1872 3209 simulque
1921 3154 2047 3193 cum
2079 3180 2123 3242 ο

468 3233 823 3290 lineamentis
859 3235 1013 3289 illum
1055 3233 1306 3303 corporis
1351 3232 1720 3292 iudicassent,
1766 3230 1835 3285 ab
1877 3230 2052 3286 oculis

470 3323 644 3389 elapsi
677 3332 826 3376 sunt.
860 3321 1035 3377 Simul
1076 3338 1140 3376 ac
1175 3337 1305 3376 vero
1344 3337 1537 3377 somno
1578 3318 1669 3374 ille
1700 3320 1915 3374 solutus
1942 3327 2049 3384 est,

473 3416 671 3470 timore
715 3429 780 3469 ac
817 3413 1017 3484 gaudio
1056 3413 1333 3484 perfusus,
1375 3427 1498 3467 cum
1537 3411 1721 3467 Marco
1756 3411 2052 3477 monacho,

474 3520 598 3575 quae
647 3506 749 3561 sibi
801 3521 897 3576 per
953 3506 1129 3559 visum
1199 3511 1610 3575 apparuerant,
1661 3501 2053 3558 communicat.

472 3596 648 3650 Porro
667 3595 756 3648 hic
781 3604 900 3649 erat
924 3594 1139 3648 Marcus
1166 3594 1277 3657 ille,
1311 3608 1474 3662 quem
1505 3589 1769 3661 Gregorio
1796 3590 2054 3644 comitem

477 3685 697 3742 itineris
718 3687 969 3748 missum,
991 3700 1052 3740 ac
1077 3686 1276 3740 deinde
1297 3686 1523 3738 Romam
1547 3684 1599 3737 in
1626 3681 1858 3752 patrium
1881 3680 2058 3734 solum

477 3793 762 3834 reversum
801 3778 992 3843 fuisse,
1028 3778 1281 3847 superior
1300 3792 1483 3832 sermo
1514 3771 1931 3829 demonstravit.
1958 3772 2061 3826 llic

476 3869 721 3939 pontiﬁci
775 3871 879 3926 hoc
919 3873 1093 3926 visum
1145 3871 1487 3941 gratulatus,
1537 3866 1753 3922 monuit
1803 3874 2061 3935 Oportere

478 3960 636 4015 illum
662 3963 816 4027 juxta
857 3960 1118 4015 visionem
1157 3974 1338 4029 agere.
1372 3957 1510 4011 Tum
1551 3957 1771 4025 quidam
1810 3955 2062 4023 explora-

481 4057 597 4108 tum
651 4054 946 4107 mittuntur
991 4051 1093 4105 viri
1144 4053 1376 4114 selecti,
1430 4052 1633 4120 quique
1686 4046 1837 4100 illum
1892 4044 2063 4114 probe

479 4147 707 4203 norant,
749 4156 813 4193 ac
855 4140 963 4193 duo
1008 4148 1269 4209 praeterea
1311 4138 1586 4209 episcopi,
1629 4137 1722 4206 qui
1756 4152 1783 4187 a
1828 4133 2065 4189 concilio

480 4240 638 4284 antea
670 4230 873 4283 reversi
903 4229 1139 4287 fuerant.
1168 4229 1375 4299 quibus
1402 4231 1540 4283 a'ler
1563 4229 1785 4298 quidam
1810 4227 2066 4281 sacerdos

481 4318 558 4374 illi
585 4322 835 4390 cognitus
858 4336 1042 4375 eomes
1068 4322 1310 4375 additur.
1345 4321 1407 4375 Ili
1467 4320 1627 4375 simul
1671 4312 2064 4373 monasterium

483 4408 597 4462 divi
642 4409 795 4463 Saliae
841 4412 1249 4479 quamprimum
1295 4410 1501 4464 adeunt
1534 4428 1546 4462 :
1583 4411 1672 4463 ubi
1703 4410 2069 4479 intelligemus

2144 1934 2348 2003 λέγειν.
2382 1933 2449 1989 Τί
2479 1934 2616 2003 δῆτα
2646 1932 2795 2008 λύπῃ
2827 1934 2928 2005 τὴν
2956 1933 3136 2006 ψυχὴν
3182 1935 3442 2006 ἐπλήγεις
3482 1937 3582 2008 τῆς
3611 1936 3724 1991 τῶν

2151 2026 2555 2092 στασιαζόντων
2580 2027 2736 2081 ἓνεκε
2784 2025 3145 2097 φιλονεικίας.
3201 2019 3366 2082 Οὗτοι
3420 2028 3478 2083 δέ
3533 2046 3619 2083 σοι
3669 2030 3719 2085 σί

2151 2120 2283 2188 παρ’
2316 2119 2498 2172 αὐτῶν
2537 2119 2945 2190 προσαγόμενοι
2975 2119 3114 2191 πρὸς
3144 2119 3484 2191 χειροτονίαν
3520 2121 3723 2191 ἥκιστα

2149 2211 2243 2264 τοῦ
2276 2211 2675 2282 ἐγχειρήματος
2714 2210 2854 2275 ἄξιοι
2886 2228 2902 2243 ο
2934 2210 3092 2273 άλλος
3131 2210 3188 2264 δέ
3217 2210 3302 2275 τίς
3348 2212 3500 2265 ἐστιν
3554 2212 3614 2266 ἐν
3655 2214 3721 2283 τῇ

2154 2298 2310 2356 πόλει
2357 2302 2531 2372 ταύτῃ
2583 2300 2738 2367 ξένος
2791 2300 2950 2372 ἀνὴρ,
2977 2301 3072 2355 τὸν
3105 2301 3318 2372 πρόπον
3348 2302 3578 2372 κόσμιος
3629 2302 3725 2357 καὶ

2152 2392 2231 2462 τῷ
2279 2391 2400 2462 Θεῷ
2449 2392 2601 2460 φίλος
2627 2395 2708 2463 ’ή
2749 2392 2940 2462 κλῆσις
3000 2391 3151 2464 αὐτῷ
3198 2393 3522 2465 Γρηγόριος.
3555 2388 3726 2459 Οὗτος

2156 2484 2317 2554 μέχρι
2351 2484 2453 2554 μέν
2504 2501 2648 2549 τινος
2696 2484 2775 2556 τῷ
2824 2484 2920 2537 τοῦ
2955 2484 3115 2554 ἁγίου
3175 2484 3345 2538 Σάὸα·
3372 2484 3725 2556 μοναστηρίῳ

2154 2574 2575 2643 ἐπιξενούμενος
2624 2569 2695 2647 ἦν
2735 2589 2751 2607 ο
2803 2573 2928 2628 ἐπεὶ
2975 2575 3033 2628 δέ
3067 2574 3194 2639 τοὺς
3251 2570 3455 2645 ἄνδρας
3505 2574 3729 2639 τούτους

2128 2665 2394 2736 -ήκοντας
2422 2664 2649 2735 ἔμαθεν,
2681 2665 2764 2719 ἔτι
2792 2667 2886 2718 καὶ
2922 2665 3124 2736 μᾶλλον
3159 2664 3479 2737 ἀπέκρυψεν
3513 2663 3727 2731 ἐαυτὸν,

2159 2759 2253 2812 καὶ
2281 2757 2377 2812 νῦν
2401 2757 2462 2810 τὸ
2499 2758 2595 2810 τοῦ
2628 2757 2782 2825 ἁγίου
2827 2757 3034 2830 Ἐρμοῦ
3077 2758 3328 2828 σεμνεῖον
3378 2756 3497 2827 ἔχει
3539 2755 3730 2810 τοῦτον

2163 2850 2296 2923 παρ’
2332 2849 2513 2920 ἐαυτῷ
2560 2851 2943 2922 κρυπτόμενον
2969 2866 2983 2881 ⁸
3017 2851 3191 2922 ὅνπερ
3242 2850 3306 2919 δὴ
3347 2848 3732 2922 μετακαλεσά-

2163 2959 2322 3013 μενος
2354 2945 2449 2997 καὶ
2481 2944 2581 3014 τῆς
2622 2944 3070 3016 Ἀκραγαντίνων
3101 2942 3418 3015 ἐγχειρίσας
3442 2942 3547 3012 τὴν
3571 2957 3735 3011 προε-

2167 3036 2321 3108 δρίαν
2362 3038 2421 3100 ἐς
2464 3037 2718 3091 Σικελίαν
2772 3038 2857 3092 ὅτι
2891 3037 3124 3107 τάχιστα
3170 3038 3361 3107 πέμπε
3403 3052 3419 3069 ο
3466 3034 3586 3088 ἔστι
3623 3034 3733 3106 γὰρ

2161 3130 2258 3182 καὶ
2288 3128 2596 3200 ἱερωσύνης
2629 3129 2779 3194 ἄξιος
2805 3132 2833 3184 ό
2858 3128 3022 3198 ἀνὴρ,
3078 3127 3176 3183 καὶ
3218 3127 3296 3198 τῷ
3338 3127 3529 3198 τοιῷδε
3581 3127 3734 3195 τόπῳ

2162 3219 2400 3289 μάλιστα
2455 3220 2878 3292 προσαρμόζων.
2937 3220 3124 3275 Ταῦτα
3172 3218 3425 3281 εἰπόντες
3475 3218 3570 3272 καὶ
3615 3216 3734 3288 ἅμα

2160 3314 2253 3368 τὸν
2282 3312 2449 3368 αὐτοῦ
2476 3313 2809 3384 χαρακτῆρα
2857 3312 2958 3381 τῆς
3008 3312 3229 3384 μορφῆς
3281 3310 3733 3381 παραδείξαντες.

2164 3406 2393 3472 ἀφανεῖς
2447 3406 2819 3473 ἐγεγόνεισαν.
2907 3403 2998 3467 Ὦς
3047 3404 3105 3458 δέ
3153 3403 3251 3457 τοῦ
3305 3402 3477 3457 ὕπνου
3524 3403 3733 3467 λέλυτο,

2165 3497 2332 3566 φόϐου
2364 3496 2462 3550 καὶ
2493 3499 2670 3567 χαρᾶς
2714 3496 2933 3566 πλήρης
2986 3493 3085 3561 ὢν,
3134 3493 3216 3564 τῷ
3259 3492 3483 3564 μοναχῷ
3523 3493 3739 3564 Μάρκῳ

2164 3589 2441 3645 κοινοῦται
2473 3589 2573 3661 τὴν
2609 3588 2754 3653 ὄψιν.
2805 3588 2866 3641 '0
2897 3588 3124 3658 Μάρκος
3161 3587 3220 3639 δὲ
3250 3581 3404 3644 οὗτος
3430 3582 3499 3655 ἦν
3530 3584 3590 3638 ὃν
3634 3584 3736 3655 ἤδη

2164 3682 2376 3752 φθάσας
2410 3681 2438 3734 ό
2464 3680 2622 3749 λόγος
2647 3680 2725 3749 τῷ
2772 3680 3070 3751 Γρηγορίῳ
3134 3677 3519 3747 συνοδοιπόρον
3566 3673 3741 3744 ἐγνώ-

2168 3788 2288 3844 ρισε
2325 3773 2650 3842 πεμφθῆναι
2678 3771 2831 3841 παρά
2857 3768 3016 3835 Θεοῦ,
3053 3769 3152 3823 καὶ
3198 3767 3338 3838 πρὸς
3359 3766 3457 3836 τὴν
3504 3762 3741 3832 πατρίδα

2178 3863 2397 3933 Ῥώμην
2429 3859 2588 3926 αὖθις
2631 3861 3004 3928 ἀνασωθῆναι.
3050 3860 3162 3913 Καὶ
3201 3859 3260 3921 δς
3293 3856 3584 3928 συνησθεὶς
3642 3854 3743 3921 τῆς

2165 3955 2343 4024 ﬁdem;
2390 3955 2468 4025 τῷ
2526 3955 2795 4025 ἀρχιερεῖ,
2854 3955 2941 4008 ὅτι
2986 3951 3151 4021 τάχος
3211 3948 3444 4019 παρῄνει
3495 3946 3637 3998 κατὰ
3674 3944 3744 3996 τὰ

2164 4048 2431 4119 ὁραθέντα
2456 4051 2651 4102 ποιεῖν.
2688 4045 2799 4102 Καὶ
2848 4045 3163 4115 πέμπονται
3195 4042 3261 4113 δὴ
3318 4040 3462 4094 κατὰ
3514 4040 3745 4106 ζήτησιν

2169 4141 2364 4210 ἄνδρες
2419 4141 2689 4211 ἔκκριτοι,
2737 4140 2831 4193 καὶ
2879 4137 2996 4207 άμα
3050 4134 3242 4189 τοῦτον
3288 4132 3471 4195 καλῶς
3517 4129 3743 4192 εἰδότες,

2167 4237 2261 4291 δύο
2295 4253 2356 4289 τε
2404 4235 2515 4289 τῶν
2563 4235 2905 4297 ἐπισκόπων,
2953 4234 3001 4286 οἱ
3043 4229 3151 4284 ἀπὸ
3195 4228 3297 4296 τῆς
3353 4225 3572 4280 συνόδου
3613 4223 3746 4293 πρό-

2167 4346 2326 4393 τερον
2362 4327 2708 4397 ἀφικόμενοι,
2738 4323 2832 4378 καί
2877 4340 2960 4387 τις
3007 4319 3196 4392 ἔτερος
3221 4318 3250 4372 ὁ
3280 4317 3465 4386 ἱερεὺς
3511 4314 3606 4367 mi
3646 4314 3746 4366 αύ-

2168 4423 2259 4481 τος
2283 4417 2431 4488 αύτῴ
2459 4415 2758 4485 γνώριμος.
2793 4405 2953 4466 Οὗτοι
2978 4410 3193 4481 πρῶτον
3247 4408 3304 4459 ἐν
3337 4403 3414 4474 τῷ
3447 4403 3545 4455 τοῦ
3589 4403 3745 4472 ἁγίου

483 4498 639 4556 illum
674 4500 843 4553 biduo
875 4510 1034 4554 antea
1067 4517 1375 4571 egressum,
1406 4502 1471 4554 ad
1509 4503 1767 4569 templum
1805 4517 1924 4556 sesc
1955 4502 2044 4555 div

2170 4510 2318 4564 Σάδα
2357 4506 2704 4578 μοναστηρίῳ
2730 4521 2791 4572 γε
2805 4503 3047 4571 νόμενοι.
3072 4498 3169 4553 καὶ
3201 4494 3471 4583 μαθόντες
3519 4493 3602 4583 ὅτι
3630 4493 3747 4583 δυσὲ

486 4592 742 4646 Mercurii
773 4591 1093 4654 contulisse,
1125 4592 1255 4646 illuc
1282 4599 1560 4645 maturant
1590 4593 1884 4658 prolicisri,
1912 4609 2068 4647 eum-

488 4698 597 4753 que
650 4682 777 4737 inde
826 4697 951 4735 mox
1003 4681 1377 4751 digressurum
1429 4680 1739 4735 inveniunt.
1793 4682 1895 4747 Qui
1944 4680 2068 4736 illos

486 4774 705 4829 eminus
748 4772 1130 4842 conspicatus,
1183 4781 1239 4826 et
1290 4771 1513 4841 quinam
1558 4780 1761 4837 essent,
1812 4772 1880 4826 de
1931 4770 2068 4827 faeie

486 4880 811 4936 agnoscens.
864 4879 929 4920 ac
968 4863 1229 4931 demum,
1265 4864 1394 4935 quid
1440 4879 1469 4918 a
1510 4879 1569 4919 se
1604 4865 1842 4928 vellent,
1884 4866 2069 4935 conje-

488 4966 677 5035 ctans,
731 4955 786 5010 in
837 4955 1057 5010 hortum
1107 4953 1245 5010 sein
1302 4952 1501 5009 mediis
1543 4952 1779 5026 plantis,
1831 4951 2067 5023 fugiens,

491 5046 733 5103 abdidit.

561 5136 757 5195 XXIX.
828 5137 967 5195 Cum
1026 5151 1160 5195 vero
1225 5137 1306 5194 illi
1364 5152 1394 5193 a
1449 5137 1745 5209 prmposito
1805 5136 2070 5193 domicilii

491 5234 741 5306 ejusdem
788 5232 1108 5305 Gregorium
1164 5233 1368 5289 acriter
1414 5239 1766 5302 repeterent,
1822 5230 1971 5285 hunc
2026 5231 2071 5285 si

497 5328 831 5390 dimitteret,
872 5325 1114 5395 graviter
1151 5323 1520 5392 interminati,
1562 5324 1653 5379 ille
1692 5322 1876 5378 animo
1910 5331 2076 5391 atque

497 5418 829 5489 cogitatione
852 5431 1176 5489 suspensus,
1207 5417 1276 5472 ab
1299 5416 1575 5487 episcopis
1596 5429 1764 5469 morae
1794 5414 2075 5483 paululum

499 5508 843 5581 impetravit,
901 5524 1005 5565 nec
1036 5509 1192 5581 prius
1224 5507 1524 5579 acquievit.
1552 5505 1728 5562 donec
1762 5505 2077 5562 universam

503 5603 728 5682 domum
759 5601 1171 5658 accuratissime
1197 5608 1478 5658 scrutatus
1498 5600 1908 5670 perlustrasset.
1935 5597 2079 5655 llor—

505 5701 621 5750 tum
656 5692 844 5751 itidem
877 5692 1104 5761 obiens,
1147 5704 1203 5751 et
1239 5693 1432 5750 oculos
1471 5692 1765 5749 arboribus
1796 5693 2077 5767 adjiciens,

511 5784 755 5847 medium
784 5785 894 5847 illis
917 5786 1177 5847 obrutum
1208 5802 1275 5849 ac
1306 5786 1612 5866 latitantem
1640 5786 1839 5845 cernit.
1871 5785 2081 5844 Accur-

1187 5876 1324 5903 ιιεοξιη
1351 5893 1367 5903 .
1388 5896 1391 5899 λ
1735 5900 1744 5904 _
2070 5881 2131 5901 Γᾶο.

2165 4598 2437 4668 πρότερον
2460 4594 2696 4665 ἡμέραις
2722 4589 2957 4655 ἐξελθὼν
2983 4590 3061 4652 εἰς
3084 4586 3181 4658 τὴν
3208 4582 3301 4638 τοῦ
3337 4581 3503 4650 ἁγίου
3543 4579 3749 4649 Ἑρμοῦ

2172 4689 2371 4762 μετέϐη
2404 4688 2595 4757 μονὴν,
2626 4684 2744 4736 ἐκεῖ
2758 4682 2853 4735 καὶ
2872 4671 3017 4736 οὗτοι
3048 4678 3251 4750 σπουδῇ
3275 4674 3745 4747 παραγεγονότες.

2171 4783 2520 4851 εὑρίσκουσιν
2549 4778 2651 4849 ήδη
2675 4775 2933 4830 κάκεῖθεν
2961 4772 3229 4844 ἐκχωρεῖν
3259 4769 3539 4851 μέλλοντα·
3570 4764 3627 4824 ὃς
3653 4763 3748 4815 καὶ

2180 4850 2456 4941 μακρόθεν
2484 4867 2683 4930 αὐτοὺς
2709 4864 3043 4934 θεασάμενος
3064 4860 3158 4914 καὶ
3180 4858 3374 4920 οἵτινες
3411 4850 3521 4907 εἷεν
3548 4855 3610 4905 ἐκ
3644 4852 3746 4920 τῆς

2171 4940 2346 5031 ὄψεώς
2375 4957 2661 5026 ἀναγνοὺς,
2678 4957 2771 5010 καὶ
2787 4950 3081 5024 συμϐαλὼν
3103 4951 3131 5002 ὃ
3151 4965 3203 5002 τι
3227 4945 3524 5018 βούλοιντο,
3543 4940 3636 4994 τοῦ
3656 4941 3753 5008 κή·

2172 5071 2278 5108 που
2294 5051 2518 5122 δραμὼν
2545 5047 2807 5118 ἐνδοτέρω
2829 5046 2995 5117 μέσον
3012 5042 3122 5095 τῶν
3143 5038 3327 5108 φυτῶν
3344 5032 3748 5106 ὑπεκρύπτετο.

2246 5141 2377 5199 ΚΘ’.
2434 5141 2595 5195 Ἐπεὶ
2642 5139 2699 5193 δέ
2755 5129 2905 5190 οὗτοι
2951 5133 3028 5204 τῷ
3080 5127 3393 5202 προεστῶτι
3435 5125 3535 5196 τῆς
3581 5123 3753 5194 μονῆς

2181 5235 2572 5305 προσελθόντες
2603 5233 2693 5287 τὸν
2726 5228 3029 5301 Γρηγόριον
3060 5222 3300 5294 ἰσχυρῶς
3329 5219 3572 5292 ἀπῄτουν
3591 5259 3607 5282 ,
3654 5214 3754 5268 καὶ

2176 5327 2286 5383 οὐδ’
2316 5327 2381 5383 ἂν
2414 5328 2466 5381 εί
2487 5343 2539 5379 τι
2574 5325 2786 5393 γένοιτο
2820 5319 3079 5391 μεθήσειν
3096 5314 3261 5370 αὑτὸν
3290 5311 3496 5380 ἔλεγον,
3528 5312 3583 5363 ἐν
3610 5309 3756 5378 ἀμη-

2178 5423 2330 5491 χάνῳ
2358 5416 2638 5479 καταστὰς
2666 5416 2892 5479 ἐκεῖνος,
2953 5412 3051 5466 καὶ
3100 5408 3301 5480 μικρὸν
3360 5406 3581 5473 ὑφεῖναι
3627 5401 3756 5463 τοὺς

2181 5509 2520 5573 ἐπισκόπους
2550 5504 3003 5577 ἐξαιτησάμενος,
3035 5503 3138 5556 οὐκ
3173 5501 3339 5564 ἀνίει,
3371 5499 3549 5552 πάντα
3589 5494 3753 5546 τόπον

2180 5605 2281 5675 τῆς
2316 5600 2486 5672 μονῆς
2515 5595 2747 5670 περιιὼν
2785 5596 2881 5651 καὶ
2926 5591 3381 5666 διερευνώμενος.
3431 5588 3517 5651 Ὠς
3564 5583 3620 5639 δὲ
3658 5582 3752 5636 καὶ

2185 5674 2315 5766 περὶ
2344 5693 2437 5747 τὸν
2494 5690 2674 5761 κῆπον
2726 5688 2983 5758 ἐγένετο,
3041 5685 3136 5740 καὶ
3188 5681 3611 5756 περιεργότερον
3660 5674 3754 5766 si»!

2186 5763 2469 5860 ὀφθαλμὸν
2500 5784 2613 5848 τοῖς
2643 5781 2835 5853 φυτοῖς
2868 5776 3193 5843 ἐπέϐαλλεν,
3223 5776 3326 5850 ὁρᾷ
3358 5772 3524 5847 μέσον
3570 5763 3754 5825 αὐτῶν
