4080 6374
291 373 400 435 225

1252 357 1432 430 VITA
1475 362 1531 421 S.
1573 355 1960 420 GREGORII
1997 353 2534 417 AGRIGENTINI.

3440 344 3548 408 2‘26

293 479 663 535 υποδεδλκότα
747 479 842 531 καὶ
924 473 1310 547 κρυπτόμενον
1373 472 1467 525 τὸν
1538 469 1866 540 Γρηγόριον.

1993 481 2102 521 'ens
2130 481 2280 536 ergo,
2313 481 2477 519 manu
2511 464 2657 519 illius
2695 461 3059 532 apprehensa,
3089 475 3149 516 se
3178 457 3560 530 quaerentibus

302 568 660 637 Ἐπιδραμὼν
693 567 786 620 οῦν
821 566 914 618 καὶ
957 564 1059 634 τῆς
1104 562 1289 633 χειρός
1327 561 1538 612 ἐκείνου
1572 559 1872 626 λαϐόμενος

295 662 433 732 πρὸς
471 661 598 721 τοὺς
642 657 947 728 ζητοῦντας
989 656 1178 723 ἐξῆγε,
1228 652 1570 722 χαλεπαίνων
1615 649 1733 718 ἅμα
1775 647 1872 701 καὶ

297 750 591 824 κεκραγὼς
648 752 733 804 ὅτι
809 747 1090 819 μεγάλοις,
1138 744 1214 808 ὡς
1268 743 1469 804 ἔοικεν,
1531 740 1872 809 ἐγκλήμασιν

297 847 484 914 ἔνοχος
517 842 616 908 ὢν,
651 843 748 896 καὶ
783 840 873 893 διὰ
895 837 1072 892 ταῦτα
1103 838 1199 890 καὶ
1234 835 1387 905 παρὰ
1429 832 1646 904 ἀνδρῶν
1696 830 1874 885 τοιού-

297 955 404 991 των
432 935 794 1006 ζητούμενος,
829 931 1008 1000 φυγάς
1053 944 1112 982 τε
1162 927 1300 996 πρὸς
1346 927 1446 996 τὴν
1501 925 1672 995 μονὴν
1723 923 1872 976 ἔλθοι

298 1027 396 1082 καὶ
422 1027 674 1081 κίνδυνον
707 1025 890 1086 αὐτοῖς
921 1023 982 1074 οὐ
1010 1019 1208 1091 μικρὸν
1231 1021 1503 1087 ἐπαγάγοι
1551 1014 1864 1086 κρυπτόμε·

301 1138 411 1183 νος.
445 1116 772 1186 Καὶιταῦτα
809 1115 907 1185 μὲν
933 1113 1010 1176 ὡς
1043 1104 1251 1174 ἐκεῖνος
1279 1110 1416 1182 ᾣετο
1445 1125 1458 1141 ·
1499 1112 1526 1164 6
1572 1109 1630 1162 δὲ
1710 1109 1875 1179 μηδὲν

297 1210 558 1281 εἰρηκὼς,
593 1209 716 1261 ἐπεὶ
743 1208 863 1276 μηδ’
891 1202 1004 1276 είχέ
1034 1222 1086 1256 τι
1117 1203 1254 1274 πρὸς
1279 1202 1441 1255 αὑτὸν
1475 1203 1504 1255 6
1526 1202 1706 1270 λόγος,
1741 1217 1872 1252 σιω-

301 1306 417 1358 πῶν
444 1303 614 1373 ἐξῄει.
661 1302 750 1364 Ὠς
777 1300 834 1353 δὲ
863 1300 959 1352 καὶ
990 1293 1128 1350 εἶδον
1154 1296 1317 1349 αὑτὸν
1365 1295 1414 1348 οἱ
1451 1294 1742 1347 ἐπίσκοποι
1782 1293 1878 1346 καὶ

302 1395 648 1462 ἐπέγνωσαν,
681 1395 748 1462 τῇ
786 1391 916 1459 περὶ
956 1388 1136 1443 αὐτῶν
1193 1387 1334 1440 αἰδοί
1386 1387 1732 1456 νικηθέντες,
1790 1384 1878 1437 πί-

303 1485 498 1538 πτουσί
555 1501 616 1536 τε
665 1482 827 1544 εὐθὺς
888 1481 966 1544 είς
1027 1480 1264 1548 γόνατα,
1324 1476 1420 1530 καὶ
1506 1478 1613 1530 πᾶν
1666 1475 1876 1528 ἐκείνου

271 1576 770 1648 ,περιεπτύσσοντο
807 1572 988 1642 μέλος,
1018 1571 1171 1624 οὐδὲν
1209 1569 1352 1639 μέγα
1385 1570 1559 1620 ποιεῖν
1622 1567 1875 1636 νομίζον-

303 1685 416 1731 τες,
449 1665 618 1717 eam
648 1664 814 1733 τιμῆς
844 1661 1115 1732 τοσαύτης
1162 1659 1316 1731 παρὰ
1361 1677 1420 1711 τε
1465 1661 1576 1720 τοῖς
1637 1659 1873 1728 πρώτοις

301 1759 409 1810 τῶν
445 1760 504 1809 ὲν
555 1761 623 1826 τῇ
685 1753 890 1823 συνόδῳ
943 1754 1207 1822 Πατὲρων
1256 1751 1350 1802 καὶ
1398 1750 1566 1804 αὐτοῦ
1615 1749 1877 1816 βασιλέως

1977 559 2266 622 educebat,
2297 559 2351 610 in
2390 559 2542 611 illum
2572 555 2822 618 saeviens,
2851 553 3121 608 clamabat
3150 550 3364 621 magnis
3396 549 3554 604 illum

1979 650 2062 720 (ut
2092 647 2411 718 apparebat)
2444 647 2742 701 obnoxium
2774 655 2830 701 et
2853 634 3182 700 obst'rietum
3216 656 3338 696 esse
3371 640 3559 694 crimi-

1978 741 2165 814 nibus,
2195 749 2248 793 et
2279 745 2564 808 prOptcrea
2586 737 2653 790 ab
2679 735 2948 805 ejusmodi
2971 735 3106 788 viris
3129 733 3370 802 inquiri:
3402 734 3560 785 item-

1975 846 2083 901 que
2117 830 2358 884 exsulem
2406 842 2471 881 ac
2501 828 2822 897 profugum,
2869 826 3130 894 templum
3162 825 3329 890 illud,
3381 833 3439 879 ut
3481 823 3560 878 ibi

1975 923 2192 987 lateret,
2212 921 2454 992 petiisse,
2483 935 2547 974 ac
2571 933 2734 989 grave
2758 919 2860 972 sibi
2886 919 2987 971 lioc
3012 919 3232 971 nomine
3255 917 3560 986 periculum

1978 1016 2252 1070 attulisse.
2292 1013 2360 1068 Et
2397 1013 2486 1066 ille
2521 1011 2742 1081 quidem
2769 1010 2882 1064 haec
2902 1008 2974 1062 ita
3005 1023 3062 1063 se
3099 1008 3298 1064 habere
3329 1010 3560 1063 arbitra-

1976 1107 2170 1174 batur;
2224 1106 2313 1160 ille
2359 1115 2547 1158 contra
2596 1103 2730 1155 nihil
2774 1101 3007 1155 locutus.
3051 1102 3204 1170 quasi
3235 1102 3383 1153 nulla
3425 1100 3559 1154 sub-

1977 1206 2122 1253 esset
2161 1197 2263 1250 sibi
2299 1196 2435 1250 ratio
2479 1193 2544 1246 ad
2603 1191 3038 1260 reSpondendum
3091 1191 3262 1243 silens
3311 1191 3561 1258 egredie-

1981 1287 2162 1342 batur.
2193 1285 2298 1342 Ubi
2343 1298 2476 1338 vcro
2523 1283 2781 1336 viderunt
2827 1281 2981 1334 illum
3013 1282 3255 1350 episcopi
3301 1291 3355 1334 et
3385 1295 3559 1349 agno-

1980 1388 2204 1443 verunt,
2242 1377 2454 1446 pudore
2483 1390 2611 1445 erga
2635 1374 2785 1426 illum
2823 1374 3028 1437 affecti,
3069 1375 3297 1440 ejusque
3329 1373 3566 1440 genibus

1981 1470 2261 1532 advoluti,
2303 1468 2742 1536 complexantur,
2776 1467 2956 1534 magni
2995 1481 3052 1518 se
3093 1466 3226 1518 nihil
3256 1480 3415 1534 agere
3445 1463 3566 1530 opi-

1980 1571 2205 1624 nantes,
2236 1561 2280 1614 si
2319 1574 2480 1629 quem
2522 1574 2551 1611 a
2584 1557 2805 1611 concilii
2846 1557 3135 1617 Patribus,
3166 1569 3330 1625 atque
3359 1558 3498 1608 adio
3531 1570 3564 1608 a

1983 1671 2111 1724 rege
2145 1655 2262 1723 ipso
2298 1650 2598 1706 honorifice
2635 1659 2927 1718 exceptum
2965 1651 3216 1702 viderant
3246 1690 3258 1706 .
3296 1647 3399 1717 ipsi
3427 1663 3566 1717 quo—

1984 1760 2090 1814 que
2119 1759 2333 1798 summo
2368 1744 2575 1796 honore
2606 1742 3124 1810 complecterentur.
3159 1740 3361 1794 Verum
3389 1753 3569 1792 enim-

312 1847 622 1920 ήξιωμένον
649 1847 744 1899 καὶ
770 1846 924 1898 αὑτοὶ
963 1845 1130 1914 τιμᾷν
1163 1843 1432 1910 ἔγνωσαν.
1473 1843 1550 1894 Ού
1585 1841 1692 1910 μὴν
1743 1841 1878 1894 ἀλλὰ

1993 1851 2112 1889 vero
2145 1837 2305 1888 divus
2347 1834 2675 1902 Gregorius,
2727 1848 2836 1885 non
2887 1833 3111 1901 segnius
3148 1846 3208 1884 se
3247 1835 3563 1892 deinitteus,

305 1941 400 1994 καὶ
437 1943 466 1992 6
500 1940 644 2002 θεῖος
675 1938 1004 2008 Γρηγόριος,
1054 1935 1262 2005 σφόδρα
1311 1932 1406 1986 τοῦ
1461 1933 1687 2003 μετρίου
1731 1930 1878 1998 γινό-

306 2046 492 2100 μενος,
524 2028 676 2082 ούδὲν
706 2028 890 2090 αὐτοῖς
910 2027 1131 2078 ἔλαττον
1151 2025 1220 2077 τὰ
1244 2024 1342 2092 τῆς
1371 2025 1540 2091 τιμῆς
1566 2019 1840 2074 ἀντεδίδου
1863 2035 1877 2050 ·

309 2118 434 2174 εἶτα
465 2122 562 2174 καὶ
585 2122 670 2184 τίς
697 2113 859 2173 αὐτὸν
889 2121 914 2171 ό
937 2117 1118 2171 καλῶν
1141 2118 1228 2184 εἴη
1267 2113 1541 2184 ἀκηκοὼς,
1572 2111 1652 2182 τῷ
1703 2112 1882 2164 ταῦτα

304 2211 484 2275 οὕτως
513 2210 893 2280 οἰκονομοῦντι
924 2207 1042 2278 Θεῷ
1073 2208 1400 2276 πειθόμενος
1430 2207 1642 2258 εἵπετο.
1697 2204 1785 2256 Ἐν
1824 2203 1881 2256 δὲ

303 2305 381 2373 τῷ
416 2304 628 2373 μεταξὺ
665 2305 758 2356 τὸν
799 2304 864 2356 ἐκ
912 2300 1099 2363 παιδὸς
1155 2298 1366 2352 ἐκείνου
1439 2297 1551 2367 βίον
1588 2298 1616 2349 6
1657 2297 1882 2366 Μάρκος

302 2397 514 2467 διεξῄει
568 2393 648 2464 τῷ
695 2393 902 2460 πάππα
958 2390 1026 2442 τά
1057 2405 1135 2443 ,τε
1188 2389 1284 2440 τοῦ
1329 2378 1534 2456 τρόπου
1585 2385 1884 2452 κατέλεγεν

308 2487 514 2556 ἀγαθὰ,
550 2487 644 2538 καὶ
675 2485 820 2546 ὅπως
847 2481 1012 2534 αὐτόν
1040 2481 1104 2532 ἐκ
1130 2478 1284 2541 θείας
1308 2478 1485 2547 ὅψεως
1519 2477 1585 2528 ὲκ
1631 2474 1882 2536 Σικελίας

311 2576 654 2646 παραλαϐὼν
726 2575 804 2635 είς
877 2572 1017 2632 τοὺς
1071 2569 1250 2639 ἱεροὺς
1309 2568 1590 2638 ἀπήνεγκε
1661 2565 1881 2626 τόπους.

315 2669 556 2740 Ὁμοίως
580 2667 636 2718 δὲ
668 2665 764 2718 καὶ
785 2665 814 2716 6
846 2652 1074 2723 π’άππας
1107 2659 1142 2712 ἃ
1173 2645 1324 2728 παρὰ
1365 2659 1474 2710 τῶν
1511 2658 1575 2709 ὲκ
1623 2656 1722 2725 τῆς
1749 2671 1879 2707 συν-

309 2762 425 2815 ὁδου
457 2756 904 2826 κατεληλυθότων
940 2752 1185 2816 άκούσοι,
1226 2749 1502 2804 κοινοῦται
1540 2747 1618 2818 τῷ
1645 2747 1882 2816 Μάρκῳ,

313 2856 406 2907 καὶ
434 2853 588 2911 ὅπως
619 2851 787 2902 κάκεῖ
818 2849 930 2908 τοῖς
960 2845 1139 2912 λόγοις
1163 2841 1448 2913 ἀστράψας
1470 2840 1540 2894 τὰ
1570 2840 1680 2893 τῶν
1731 2839 1883 2909 αἱρε-

314 2942 479 2995 τικῶν
508 2939 777 3008 ἐνέφραξε
810 2937 1074 3006 στόματα.

378 3032 461 3083 Δ¹.
499 3028 589 3080 Ἐν
618 3021 662 3094 ᾧ
701 3029 757 3080 δὲ
786 3020 934 3079 οὗτοι
974 3023 1149 3077 ταῦτα
1191 3021 1326 3090 πρὸς
1377 3017 1640 3088 ἀλλήλους
1685 3017 1881 3086 διωμι-

312 3102 522 3184 λοῦνεῖο,
555 3115 693 3188 ᾖκον
735 3118 830 3171 καὶ
860 3116 909 3168 οἱ
949 3114 1239 3167 ἐπίσκοποι
1273 3113 1391 3183 μεθ’
1423 3110 1636 3164 ἑαυτῶν
1674 3109 1888 3178 ἔχοντες

1983 1926 2249 1980 honorem
2279 1925 2389 1979 illis
2413 1925 2586 1978 nihilo
2616 1925 2888 1977 minorem
2921 1923 3281 1991 rependebat.
3309 1923 3423 1976 Sub
3450 1926 3568 1976 haec

1984 2019 2216 2072 audiens
2262 2019 2306 2072 is
2351 2017 2446 2086 qui
2491 2017 2818 2085 Gregorium
2861 2016 3230 2077 accersierat,
3273 2015 3397 2068 talia
3431 2024 3569 2068 nutu

1981 2109 2076 2162 Dei
2116 2109 2228 2179 regi
2255 2117 2310 2161 et
2345 2107 2719 2162 administrari
2761 2122 3080 2176 persuasus,
3119 2107 3243 2159 illos
3304 2109 3574 2174 sequeba-

1987 2209 2095 2252 tur.
2147 2199 2285 2250 Dum
2320 2198 2437 2251 ιιωο
2479 2207 2745 2267 aguntur,
2790 2197 3005 2250 Marcus
3027 2235 3041 2260 ,
3077 2196 3170 2265 qui
3198 2198 3314 2265 ejus
3345 2197 3514 2264 ipsius
3539 2213 3571 2250 a

1985 2308 2163 2363 puero
2198 2294 2336 2358 vita,
2369 2293 2536 2362 quive
2573 2302 2896 2348 lﬂﬂOk‘QnLCS
2926 2306 3112 2345 mores
3143 2292 3394 2350 fuissent,
3439 2307 3575 2359 pon-

1988 2386 2117 2438 tit‘ici
2162 2401 2305 2438 max.
2356 2385 2639 2447 narrabat,
2668 2383 3129 2452 quemadmodum
3167 2397 3235 2435 ex
3264 2383 3447 2435 divina
3491 2383 3573 2435 vi-

1985 2477 2141 2532 sione
2183 2488 2526 2548 assumptum
2577 2492 2644 2530 ex
2692 2476 2877 2530 Sicilia
2927 2476 2997 2529 ad
3043 2485 3232 2530 sancta
3279 2491 3404 2528 eum
3455 2476 3574 2528 loca

1984 2569 2310 2624 advexisset.
2348 2568 2656 2623 ldentidem
2686 2568 2963 2637 pontifex,
2995 2582 3118 2635 quae
3149 2581 3177 2618 a
3206 2567 3416 2636 synodo
3448 2582 3575 2634 pro-

1985 2661 2146 2714 fectis
2192 2662 2471 2727 audierat,
2514 2661 2697 2714 Marco
2753 2661 3158 2722 communicat,
3202 2661 3461 2712 nimirum
3519 2667 3578 2710 ut

1986 2751 2295 2806 litterarum
2343 2752 2662 2821 praestantia
2706 2765 3004 2806 coruscans
3039 2751 3427 2806 haereticorum
3476 2763 3574 2802 ora

1995 2843 2107 2898 illic
2140 2843 2500 2898 obstruxerit.

2057 3015 2228 3070 XXX.
2272 3017 2500 3071 Interim
2543 3030 2678 3070 vero
2723 3031 2852 3070 dum
2904 3015 3022 3070 haec
3065 3013 3148 3069 illi
3194 3024 3388 3070 mutuo
3428 3031 3579 3071 com-

1991 3117 2336 3170 mentantur,
2367 3107 2612 3176 episcopi
2661 3104 2984 3174 Gregorium
3021 3121 3206 3158 secum
3237 3107 3577 3160 adducentes

312 3215 400 3269 τδν
829 3209 981 3262 Ἐπεὶ⁸
1025 3210 1081 3261 δὲ
1133 3207 1230 3260 καὶ
1269 3168 1498 3274 πλησίον
1547 3200 1634 3275 ἦν,
1788 3201 1886 3269 τῆς

1993 3203 2316 3256 redierunt:
2348 3199 2443 3269 qui
2478 3214 2602 3252 cum
2649 3200 2875 3268 propius
2946 3198 3341 3262 accessissent,
3383 3202 3577 3252 formae

319 3309 534 3378 μορφῆς
565 3303 716 3374 αὐτῷ
755 3302 878 3373 ἴχνη
911 3300 1048 3374 πρὸς
1087 3301 1184 3369 τὴν
1233 3298 1521 3367 όραθείσαν
1567 3294 1690 3364 δψιν
1735 3295 1888 3346 ἀντι·-

317 3398 689 3470 παραόάλλων
745 3398 772 3448 ό
827 3394 1056 3453 πάππας
1113 3390 1276 3442 αὐτὸν
1328 3389 1539 3440 ἐκεῖνον
1595 3384 1892 3436 ἐπέπειστο

320 3493 541 3564 βλέπειν
579 3489 676 3542 τὸν
723 3490 780 3540 ὲν
813 3488 924 3550 τοῖς
977 3483 1169 3545 ὕπνοις
1212 3481 1364 3551 αὑτῴ
1417 3475 1888 3544 ὑποδεδειγμὲνον.

318 3585 532 3652 Σφόδρα
579 3577 674 3632 οὖν
719 3577 1060 3648 φιλοφρόνως
1111 3573 1273 3626 αὑτὸν
1324 3570 1751 3636 ἀσπασάμενος,
1799 3565 1892 3616 καὶ

315 3679 433 3738 τοὺς
480 3675 560 3743 τῷ
609 3671 786 3741 καιρῷ
830 3669 1204 3739 προσήκοντας
1267 3661 1651 3732 χαριστηρίους
1700 3658 1892 3724 λόγους

319 3766 790 3836 ἐπιφθεγξάμενος
818 3801 832 3826 ,
866 3761 921 3812 ἐν
948 3775 1052 3810 τινι
1083 3755 1259 3826 θρόνῳ
1293 3753 1626 3820 καθεσθῆναι
1657 3750 1890 3802 κελεύει.

321 3864 503 3933 ιιαρῆν
546 3859 608 3911 δὲ
653 3856 752 3908 καὶ
796 3854 824 3904 6
865 3849 1092 3920 Μάρκος
1141 3846 1323 3907 αὐτοῖς
1379 3842 1794 3913 συμπάρεδρυς,
1835 3840 1892 3890 ὃν

319 3932 656 4021 θεασάμενος
711 3949 739 3999 6
775 3943 1076 4014 Γρηγόριος
1127 3941 1220 3992 καὶ
1269 3936 1361 4006 ὑφ’
1407 3937 1598 4006 ἡδονῆς
1644 3932 1894 4001 δακρύων

317 4046 438 4108 τοὺς
467 4040 786 4110 ὀφθαλμοὺς
830 4031 1160 4101 πληρωθεὶς,
1193 4030 1287 4082 τοῦ
1326 4045 1385 4080 τε
1420 4027 1608 4095 θρόνου
1639 4025 1712 4086 ὡς
1748 4021 1894 4091 εἶχεν

321 4133 570 4202 ἀναπηδᾷ
597 4133 694 4183 καὶ
726 4125 835 4180 τῶν
865 4123 1041 4176 ποδῶν
1073 4121 1280 4174 ἐκείνου
1327 4118 1656 4187 λαϐόμενος,
1695 4116 1894 4184 μυρίας

322 4226 452 4290 7:96;
485 4224 624 4274 θεὸν
652 4213 995 4286 εὐχαριστῶν
1017 4212 1170 4280 ἠφίει
1190 4211 1398 4278 φωνάς,
1418 4206 1554 4271 Δόξα
1580 4204 1895 4290 σοι,λέγων,

323 4286 492 4387 Κύριε
521 4309 776 4383 βασιλεῦ,
818 4307 947 4372 δόξα
975 4319 1079 4357 σοι.
1124 4301 1256 4354 Ἰδοὺ
1289 4301 1383 4354 καὶ
1411 4297 1570 4352 πάλιν
1593 4299 1620 4350 ό
1649 4296 1780 4366 ὲμὸς
1811 4286 1899 4346 οὗ·

322 4425 406 4472 τος
433 4408 621 4476 σωτὴρ
651 4404 680 4455 6
705 4402 839 4472 ἐμὸς
868 4397 1088 4467 όδηγὸς,
1123 4395 1158 4464 ή
1189 4394 1288 4460 τῆς
1315 4391 1456 4461 ὲμῆς
1488 4387 1697 4450 ἐλπίδος
1729 4388 1894 4476 ἀρχή.

323 4497 454 4554 Εἶτα
481 4472 750 4568 καίῖπρδς
789 4493 954 4547 αὑτὸν
1001 4491 1094 4542 τὸν
1122 4487 1374 4558 Μάρκον,
1425 4484 1574 4545 Ἰδοὺ,
1627 4483 1812 4551 φησὶν,
1855 4472 1900 4530 ὧ

325 4595 525 4662 Πάτερ,
553 4592 617 4644 τὸ
646 4607 720 4641 πα
730 4589 799 4658 ρὰ
824 4585 918 4638 σοῦ
946 4599 1035 4654 μοι
1063 4578 1373 4652 προρρηθὲν
1395 4576 1543 4638 τέλος
1565 4573 1754 4642 εἴληφε
1776 4569 1920 4637 νῦν,’

324 4693 415 4742 καὶ
463 4687 633 4741 πάλιν
667 4683 932 4753 ἀλλήλους
966 4681 1110 4734 κατά
1143 4694 1208 4746 γε
1240 4675 1339 4746 τὴν
1368 4672 1650 4746 παροῦσαν
1681 4670 1898 4739 ὁρῶμεν

325 4789 490 4858 ζωήν.
520 4785 707 4838 Ταῦτα
737 4781 832 4834 τοῦ
879 4776 1183 4851 Γρηγορίου
1231 4773 1367 4844 πρὸς
1393 4773 1486 4824 τὸν
1532 4771 1762 4840 Μάρκον
1797 4769 1900 4820 οὐκ

325 4879 593 4949 ἀδακρυτὶ
633 4878 904 4944 λέγοντος,
950 4867 1259 4939 ἐθαύμαζόν
1289 4881 1349 4917 τε
1379 4865 1428 4916 oi
1461 4865 1749 4933 παρόντες,
1805 4860 1900 4910 καὶ

323 4975 420 5041 τῆς
451 4971 629 5041 χαρᾶς
655 4966 1040 5026 κοινωνοῦντες
1098 4955 1518 5015 συνεκοινώνουν
1546 4956 1636 5007 καὶ
1666 4953 1776 5004 τῶν
1807 4951 1902 5003 δα-

327 5064 531 5134 κρύων.
577 5063 640 5114 ὐ
699 5061 754 5113 δὲ
806 5060 870 5131 δὴ
924 5059 1154 5118 πάππας
1209 5053 1337 5113 τοὺς
1389 5050 1486 5121 μὲν
1546 5047 1903 5117 παρεστῶτας

327 5155 577 5219 ἅπαντας
609 5154 674 5204 ὲκ
705 5151 874 5221 μέσου
930 5150 1189 5218 ποιήσας,
1215 5146 1309 5198 δύο
1336 5141 1393 5194 δὲ
1427 5140 1618 5212 μόνους
1645 5139 1754 5190 τῶν
1787 5136 1905 5188 ἑπι-

328 5245 551 5300 σκόπων
579 5244 675 5295 καὶ
705 5241 797 5293 τὸν
831 5238 1132 5309 Γρηγόριον
1168 5235 1352 5306 μένειν
1383 5230 1669 5294 κελεύσας,
1703 5227 1902 5290 πάντα,

327 5334 402 5396 ὡς
423 5329 539 5403 εἷχε
565 5332 634 5386 τὰ
652 5331 747 5384 τοῦ
777 5331 1054 5400 δράματος
1091 5323 1450 5394 ἀπαγγέλλει,
1481 5322 1552 5376 τά
1577 5338 1636 5374 τε
1662 5321 1766 5390 τῆς
1794 5317 1906 5370 τῶν

323 5429 502 5499 ὖχλων
550 5426 820 5488 στάσεως,
869 5421 966 5475 καὶ
1021 5419 1090 5473 τὰ
1149 5417 1250 5487 τῆς
1292 5413 1676 5484 κατασχούσης
1741 5409 1906 5464 αὑτὸν

289 5522 589 5593 ἀπορίας,
635 5513 756 5573 εἶτα
788 5517 886 5570 καὶ
908 5516 977 5568 τά
1021 5513 1122 5584 τῆς
1177 5508 1536 5581 ἐπιφανείσης
1581 5504 1730 5576 αὐτῷ
1757 5504 1907 5568 θείας

325 5615 542 5690 ἀμφὶεέ
571 5615 668 5665 καὶ
698 5611 781 5663 ὅτι
823 5606 1031 5664 ἄνωθεν
1083 5603 1186 5676 ήδη
1229 5602 1533 5662 ἐπίσκοπος
1559 5597 1658 5668 τῆς
1703 5597 1908 5666 Ἀκρα-

325 5685 600 5780 Tanti...»
615 5703 944 5774 Ἐκκλησίὰξ
970 5716 1097 5769 κεχε
1109 5699 1432 5770 ιροτόνηται.
1449 5693 1636 5758 Οὕτως
1663 5693 1909 5753 εἰπόντος

324 5779 432 5858 τοῦ
457 5802 662 5860 πάππα
687 5802 716 5853 6
743 5794 1046 5869 Γρηγόριος
1067 5791 1168 5860 τὴν
1195 5787 1502 5860 ἱερωσύνην
1527 5785 1702 5843 ὀκνῶν
1727 5779 1799 5858 ἦν
1817 5785 1908 5837 καὶ

1992 3295 2138 3350 illius
2212 3296 2542 3349 lineamenta
2589 3295 2659 3349 ad
2713 3297 3019 3361 visionem,
3059 3311 3224 3362 quam
3271 3298 3323 3348 in
3369 3295 3578 3349 somnis

1991 3388 2244 3454 viderat,
2290 3388 2582 3442 conferens
2617 3389 2896 3457 pontifex,
2943 3392 3196 3442 eumdem
3239 3391 3440 3456 ipsum,
3479 3388 3576 3457 qui

1993 3483 2098 3538 sibi
2146 3483 2200 3536 in
2246 3484 2431 3553 quiete
2477 3483 2630 3536 visus
2667 3483 2865 3546 fuerat,
2899 3482 3099 3534 intueri
3131 3491 3214 3535 est
3256 3495 3574 3549 persuasus.

1992 3579 2170 3640 Quare
2235 3574 2484 3629 hilariter
2554 3574 2707 3627 illum
2796 3573 3092 3628 admodum
3178 3573 3572 3642 complexatus,

1995 3667 2212 3734 Deoque
2267 3665 2740 3734 quemadmodum
2768 3663 2987 3733 tempiis
3010 3664 3340 3732 postulabat,
3375 3667 3579 3733 gratias

1994 3773 2192 3828 agens,
2225 3758 2278 3812 in
2315 3759 2444 3815 sede
2475 3758 2769 3814 locandum
2806 3760 3073 3828 prazcipit.
3115 3759 3318 3814 Aderat
3348 3768 3403 3813 et
3432 3758 3568 3814 Mar-

1996 3865 2092 3906 cus
2125 3852 2336 3906 cacteris
2369 3852 2639 3906 assidens.
2671 3851 2842 3916 Quem
2871 3850 3171 3920 Gregorius
3201 3854 3572 3920 conspicatus,

1995 3943 2114 4012 ejus
2146 3951 2278 3996 sunt
2307 3943 2504 3998 elicitze
2531 3943 2730 4012 gaudio
2765 3943 3051 4013 lacrymae,
3086 3958 3150 3996 ac
3179 3958 3210 3995 a
3250 3944 3412 4004 sede,
3448 3959 3572 3997 cum

1995 4038 2236 4106 primum
2265 4035 2466 4105 potuit,
2501 4035 2784 4098 exsiliens,
2814 4049 2934 4090 sese
2968 4035 3037 4088 ad
3069 4034 3214 4088 illius
3249 4035 3415 4103 pedes
3446 4053 3576 4106 pro-

1996 4129 2168 4200 jecit,
2223 4129 2447 4196 Deoque
2499 4127 2831 4194 multiplices
2871 4134 2928 4180 et
2986 4127 3327 4181 immortales
3374 4129 3581 4197 gratias

1997 4220 2112 4288 egit
2145 4237 2158 4274 :
2198 4219 2276 4273 Te
2319 4219 2523 4288 gloria,
2563 4216 2780 4272 Christe
2808 4217 2924 4270 Rex
2953 4217 3277 4286 (inquiens),
3320 4227 3370 4271 te
3403 4219 3578 4288 gloria

2000 4311 2180 4366 decet.
2239 4309 2324 4363 En
2371 4309 2468 4363 tibi
2512 4323 2704 4362 rursus
2741 4319 2989 4362 servator
3030 4323 3218 4374 meus,
3258 4308 3365 4362 dux
3400 4325 3576 4376 meus,

1999 4402 2117 4472 spei
2149 4417 2284 4457 meae
2317 4401 2672 4470 principium.
2709 4399 2916 4454 Deinde
2950 4399 3194 4454 Marcum
3232 4399 3412 4470 ipsum
3443 4403 3582 4457 allo-

2001 4491 2232 4559 quitur:
2263 4488 2406 4543 Ecce
2444 4497 2618 4550 tuum,
2652 4486 2833 4550 Pater,
2863 4486 2972 4555 jam
3005 4487 3216 4554 pridem
3256 4487 3578 4557 praedictum

2009 4579 2330 4637 vaticinium
2387 4593 2536 4632 nunc
2564 4578 2726 4632 linem
2750 4577 2982 4646 accepit,
3010 4575 3127 4631 fore
3159 4586 3218 4630 ut
3243 4593 3344 4632 nos
3375 4578 3582 4643 denuo,

2010 4675 2112 4728 hac
2155 4670 2320 4725 etiam
2368 4667 2627 4738 praesenti
2670 4667 2816 4731 vita,
2865 4677 3058 4722 mutuo
3101 4669 3435 4723 videremus.
3485 4668 3585 4724 His

2007 4780 2119 4819 non
2146 4763 2265 4818 sine
2291 4761 2545 4832 lacrymis
2569 4775 2598 4814 a
2627 4758 2894 4830 Gregorio
2924 4760 3108 4823 dictis,
3144 4773 3443 4830 prwsentcs
3465 4775 3587 4814 om-

2009 4870 2109 4910 nes
2135 4855 2499 4914 mirabantur,
2530 4852 2824 4922 gaudiique
2863 4853 3156 4920 participes
3188 4853 3343 4916 facti,
3406 4852 3584 4920 lacry-

2009 4963 2128 5002 mas
2165 4961 2291 5001 cum
2344 4944 2453 5000 illis
2500 4943 3010 4998 communicabant.
3049 4944 3120 4996 At
3159 4959 3292 4997 vero
3333 4944 3582 4999 Pontifex

2011 5040 2151 5095 Max.
2201 5047 2498 5109 praesentes
2544 5050 2737 5091 omnes
2792 5035 3056 5101 dimittit,
3105 5035 3253 5090 solos
3295 5038 3584 5106 episcopos

2014 5133 2150 5186 duos
2179 5137 2343 5197 atque
2399 5125 2723 5196 Gregorium
2782 5126 3003 5189 retinet,
3036 5126 3220 5179 omnia
3267 5123 3374 5177 illis
3413 5124 3494 5194 (ut
3520 5137 3586 5179 se

2013 5223 2246 5290 habent)
2273 5229 2415 5286 acta,
2449 5231 2564 5273 tum
2599 5216 2774 5273 turbat
2813 5216 3173 5282 seditionem,
3209 5225 3321 5269 tum
3361 5197 3601 5294 dubita-f

2013 5314 2257 5378 tionem,
2311 5325 2477 5381 quam
2527 5309 2837 5373 habuerat,
2885 5307 3175 5372 edisserit;
3224 5321 3400 5375 eaque
3429 5305 3586 5361 addit

2012 5423 2134 5477 qua:
2165 5404 2271 5461 sibi
2323 5403 2378 5458 in
2421 5403 2650 5458 somniis
2687 5400 2950 5456 divinitus
2995 5409 3391 5470 apparuerant,
3436 5397 3601 5472 asse-2

2012 5513 2141 5554 rens
2198 5498 2352 5553 illum
2407 5493 2887 5566 Agrigentinorum
2944 5491 3205 5546 Ecclesiae
3262 5491 3584 5561 episcopum

2014 5591 2233 5647 caelitus
2269 5591 2506 5646 electum
2547 5601 2691 5642 esse.
2738 5583 2862 5640 Haec
2907 5599 3032 5639 cum
3075 5583 3321 5655 pontifex
3365 5585 3587 5640 locutus

2013 5693 2190 5750 esset,
2233 5681 2529 5751 Gregorius
2572 5677 2942 5734 sacerdotium
2978 5675 3291 5732 detrectare
3326 5691 3389 5731 ac
3422 5692 3585 5731 recu-

2017 5793 2163 5849 sare,
2193 5775 2472 5849 indignum
2503 5788 2561 5831 se
2589 5771 2880 5842 minusque
2906 5779 3058 5828 tanto
3085 5768 3303 5840 fastigio
3328 5758 3598 5842 idoneam;

1921 5869 1989 5897 an:
2491 5863 2732 5889 1r“
2855 5860 2882 5867 ‘
