4080 6374
470 330 571 395 227

1676 322 1959 384 MENSIS
1995 318 2435 388 NOVEMBER.

3607 309 3715 376 2328

468 440 672 495 obnixe
718 452 1057 494 asseverans.
1102 435 1277 489 Porro
1322 445 1445 486 cum
1487 428 1735 501 pontifex
1786 430 1924 484 nihil
1970 430 2037 485 ob

2144 433 2606 503 ἀναϐαλλόμενος,
2667 431 2888 498 ἀνάξων
2950 426 3143 481 tatith
3194 406 3334 479 εἶναι
3387 427 3713 495 πράγματος

468 534 522 587 id
560 530 766 585 hortari
798 542 990 582 rursus
1018 542 1083 581 ac
1121 523 1363 579 minitari
1396 522 1708 588 desisteret,
1742 522 2038 592 Gregorius

468 624 549 678 vir
598 629 857 683 sanctus,
904 622 1116 672 veritus
1164 632 1234 670 ne
1281 615 1690 685 quodammodo
1741 614 2040 668 insolenter

462 714 743 769 videretur
777 711 1176 770 intumescere,
1211 721 1277 761 ac
1308 722 1410 761 suo
1449 707 1650 761 damno
1684 706 1780 761 Dei
1812 705 2040 761 nutibus

463 805 778 869 adversari,
827 803 1011 874 exigui
1064 799 1360 871 temporis,
1411 814 1521 868 quo
1569 813 1685 853 rem
1729 798 2041 854 accuratius

464 897 868 968 perpenderet,
916 893 1168 949 inducias
1206 894 1367 964 petit.
1413 890 1636 944 interim
1690 905 1815 944 cum
1857 889 2039 943 Marco

464 987 736 1042 monacho
777 994 1145 1056 pernoctans,
1194 983 1452 1053 precibus
1492 980 1810 1044 insistebat,
1862 994 2039 1049 neque

464 1080 638 1133 multo
702 1088 826 1147 post
886 1076 1067 1153 cidem
1132 1089 1233 1144 per
1297 1081 1467 1129 totam
1538 1082 1754 1125 noctem
1814 1083 2040 1123 somnus

462 1169 729 1237 obrepsit.
1324 1184 1325 1187 η

537 1260 731 1313 XXXI.
774 1260 1021 1314 Audiens
1078 1266 1298 1320 autem,
1355 1253 1502 1324 quod
1560 1252 1825 1309 Chariton
1879 1262 2038 1324 pater

463 1368 569 1406 una
600 1367 725 1406 cum
774 1353 881 1405 illis
932 1349 1306 1421 Agrigentinis
1346 1347 1593 1410 adesset,
1640 1360 1751 1400 non
1801 1345 2035 1414 amplius

459 1446 565 1499 sibi
616 1446 671 1498 in
711 1445 985 1512 reliquum
1033 1444 1102 1497 de
1143 1440 1360 1508 negodo
1406 1436 1852 1492 contendendum
1886 1446 2037 1490 ratus

459 1546 578 1599 est,
613 1536 707 1590 sed
738 1535 807 1588 ad
842 1536 1021 1604 fugam
1053 1534 1373 1603 capiendam
1408 1548 1528 1587 sese
1561 1542 1707 1587 totus
1740 1531 2031 1584 convertit.

458 1626 729 1682 Caeterum
758 1627 996 1689 Marcus,
1021 1624 1141 1695 ejus
1169 1623 1432 1678 abscessu
1466 1624 1654 1678 divina
1688 1620 2033 1692 providentia

460 1731 769 1790 perspecto,
798 1720 1058 1789 pleraque
1096 1717 1197 1781 illi,
1230 1718 1343 1771 Deo
1367 1716 1558 1784 procul
1591 1714 1761 1768 dubio
1792 1715 2032 1783 linguam

460 1809 581 1874 ejus
618 1808 955 1872 moderante,
998 1807 1067 1860 de
1110 1804 1360 1859 morandi
1391 1804 1722 1859 necessitate
1753 1804 2033 1857 disseruit.

460 1900 693 1954 llemum
723 1899 899 1952 divini
944 1899 1095 1952 senis
1134 1895 1454 1951 vaticinium
1498 1895 1551 1949 in
1594 1895 1912 1949 memoriam
1961 1892 2038 1948 illi

460 1990 782 2053 revocavit,
834 1988 978 2058 apud
1028 2003 1190 2056 quem
1238 1988 1533 2042 continuos
1582 1995 1818 2056 quatuor
1865 1999 2040 2039 annos

461 2084 547 2152 (ut
581 2080 840 2151 superius
883 2094 1138 2134 sermone
1181 2078 1627 2148 perstrinximus)
1675 2077 2039 2147 philosophia:

463 2172 834 2242 perdiscendae
878 2185 1042 2226 causa
1072 2180 1443 2227 commoratus
1485 2181 1591 2224 est.
1657 2171 1857 2223 Annon
1922 2169 2039 2224 haec

463 2266 585 2330 tibi,
641 2265 724 2317 vir
774 2264 867 2318 ille
898 2262 1113 2316 dierum
1159 2262 1454 2330 antiquus,
1506 2262 1774 2315 virtutum
1820 2260 2035 2328 plenus,

462 2357 763 2423 divinaque
817 2352 1088 2421 sapientia
1139 2353 1441 2422 praeditus,
1490 2350 1560 2404 ad
1617 2356 1778 2419 q‘uem
1825 2348 2036 2421 iamdiu

460 2446 763 2516 disciplinae
792 2459 954 2498 causa
977 2444 1255 2499 accessisti
1287 2461 1301 2494 :
1330 2458 1437 2497 non
1471 2443 1606 2508 haec,
1652 2444 1899 2511 inquam,
1936 2441 2035 2496 tibi

457 2539 567 2606 iam
601 2535 813 2606 pridem
842 2536 933 2589 ille
967 2535 1293 2589 vaticinatus
1316 2533 1442 2588 est?
1469 2532 1647 2598 Tune,
1696 2542 1829 2587 tune
1888 2534 2029 2604 (oro)

461 2629 538 2683 ita
604 2626 907 2681 rationibus
966 2626 1076 2680 tuis
1135 2626 1278 2679 male
1335 2633 1695 2695 prospectum
1754 2623 2037 2679 volueris?

459 2717 687 2775 Scilicet
727 2733 828 2788 pro
866 2724 1140 2771 tantorqu
1189 2716 1442 2770 laborum
1490 2715 1746 2784 repositis
1791 2717 1848 2769 in
1895 2716 2036 2771 caelo

461 2807 701 2875 prauniis
742 2809 874 2859 iram
898 2844 913 2867 ,
948 2812 1152 2875 etjpro
1196 2805 1557 2860 beneﬁcentia
1600 2806 2032 2861 exsecrationem

463 2898 710 2953 referes?
756 2898 882 2953 Haec
922 2908 980 2951 et
1018 2898 1124 2950 alia
1164 2897 1215 2951 id
1266 2912 1440 2966 genus
1480 2897 1653 2951 multa
1700 2897 1916 2951 Marcus
1956 2897 2034 2953 illi

459 2990 696 3055 locutus,
721 2990 811 3043 vix
834 3006 865 3042 a
890 2990 1177 3058 proposito
1201 2988 1560 3058 compescuit.
1581 2986 1719 3043 Hinc
1742 3004 1850 3042 non
1877 2990 2031 3042 multi

460 3080 776 3150 praeteriere
799 3079 937 3144 dies,
962 3093 1086 3131 cum
1114 3079 1358 3147 pontifex
1384 3077 1598 3132 Siculos
1621 3094 1812 3133 omnes
1841 3079 2033 3133 adesse

461 3172 791 3241 imperavit:
823 3171 917 3238 qui
944 3184 1070 3223 cum
1098 3184 1196 3238 per
1223 3170 1466 3222 Marcum
1498 3170 1865 3238 cognovisset,
1887 3170 2037 3225 Cha-

462 3266 698 3319 ritonent
723 3262 969 3330 Gregorii
990 3270 1201 3329 patrem
1226 3274 1366 3321 esse,
1393 3260 1670 3313 hominem
1692 3261 1815 3314 fixis
1838 3261 2035 3326 oculis,

464 3355 630 3424 idque
663 3368 828 3423 quam
866 3352 1141 3406 occultius
1179 3353 1295 3405 lieri
1336 3362 1572 3422 poterat,
1609 3354 1950 3420 intuebatur,
1983 3364 2040 3410 et

460 3448 877 3500 accuratissime
909 3444 1317 3507 considerabat,
1354 3443 1694 3512 ﬁguramque
1720 3455 1776 3499 et
1807 3448 2035 3500 formam

461 3536 752 3591 conferens
772 3537 1116 3601 mirabatur,
1153 3552 1317 3606 quam
1348 3536 1507 3592 Valde
1538 3537 1640 3605 ipsi
1680 3537 1825 3591 inter
1862 3554 1921 3593 se
1954 3539 2033 3593 si-

462 3627 622 3682 miles
650 3637 854 3682 essent.
899 3629 1144 3697 Reliqua:
1184 3643 1313 3682 vero
1355 3628 1696 3683 multitudini
1742 3629 2036 3699 (siquidem

462 3718 721 3787 frequens
770 3718 1024 3789 aderat):
1071 3718 1169 3772 Eia
1239 3718 1463 3790 (inquit)
1506 3718 1762 3772 cantibus
1814 3735 1879 3774 ac
1924 3721 2041 3774 lau—

463 3811 625 3864 dibus
653 3812 720 3865 ad
742 3825 957 3864 sacrum
983 3824 1327 3863 summorum
1361 3810 1749 3878 Apostolorum
1775 3811 2040 3880 templum

462 3903 727 3957 adeamus
768 3916 961 3956 omnes
1008 3901 1327 3967 unanimes,
1361 3917 1469 3956 una
1506 3916 1640 3957 voce
1685 3903 2042 3973 supplicatio-

466 4009 567 4048 nes
603 3994 716 4048 Deo
750 3991 1054 4063 peracturi,
1092 4002 1148 4046 et
1177 4008 1344 4062 super
1374 4008 1539 4063 quem
1570 3976 1896 4050 admirabile
1934 3997 2040 4052 ali-

463 4090 614 4158 quod
634 4091 849 4160 signum
872 4088 1139 4152 illuxerit,
1158 4088 1346 4158 procul
1366 4088 1532 4142 dubio
1548 4090 1675 4154 erit,
1694 4091 1786 4161 qui
1811 4092 2040 4158 hujusce

463 4182 651 4251 populi
684 4182 1065 4251 praefecturam
1097 4181 1383 4249 suscipiet.
1402 4179 1529 4235 Haec
1563 4181 1720 4249 dixit,
1755 4186 2040 4252 protinus-

2140 524 2392 576 τοσούτου
2421 523 2848 593 διατεινόμενος.
2890 518 3044 573 Ἐπεὶ
3090 517 3148 571 δὲ
3174 518 3271 570 καὶ
3297 514 3453 578 αὖθις
3485 517 3514 569 ό
3558 515 3713 568 παπ·-

2140 631 2247 676 πας
2275 616 2375 668 οὐκ
2413 615 2578 680 ἀνίει,
2610 612 2948 685 παρακαλῶν
2972 610 3066 664 καὶ
3090 609 3206 680 ἅμα
3238 607 3441 679 φοϐῶν,
3474 606 3657 668 δείσας
3681 607 3709 657 ὃ

2144 707 2289 778 ἱερὸς
2316 707 2621 777 Γρηγόριος
2651 705 2726 776 μὴ
2772 704 2894 757 καθ’
2942 702 3131 772 ἕτερόν
3170 718 3292 754 τινα
3321 699 3522 770 τρόπον
3580 685 3732 769 θρα-ι¹

2144 794 2399 853 σύνεσθαι
2431 798 2557 869 δόξῃ
2583 798 2677 850 καὶ
2706 795 2842 849 Θεοῦ
2868 793 3136 863 νεύμασιν
3165 793 3257 845 ἐπὶ
3290 790 3452 861 κακῷ
3485 789 3563 859 τῷ
3585 790 3706 842 ἐχυ-

2140 891 2235 944 τοῦ
2260 892 2582 959 ἀντιλέγειν,
2617 875 2990 942 αἰτεῖταίτινα
3015 887 3209 956 χρόνον
3248 883 3454 955 βραχὺν
3484 886 3563 948 είς
3589 883 3712 937 διάο

2142 982 2351 1051 σκεψιν.
2377 980 2508 1037 Εἶτα
2536 981 2612 1050 τῷ
2640 978 2859 1050 μοναχῷ
2881 977 3094 1048 Μάρκῳ
3124 974 3709 1047 συνδιανυκτερεύσας,

2139 1075 2274 1146 εὐχῇ
2306 1075 2499 1128 ἐαυτὶν
2544 1075 2817 1136 ἐκδίδωσι,
2853 1065 2990 1142 μηδὲ
3023 1070 3198 1141 βραχὺ
3250 1066 3328 1138 τῷ
3371 1066 3530 1139 ὐπνῳ
3577 1065 3709 1137 παρ’

2137 1166 2265 1236 ὃλην
2296 1166 2465 1235 αὐτὴν
2494 1166 2857 1235 χρησάμενος.

2209 1262 2337 1314 AA'.
2375 1259 2640 1322 ’Ᾱκούσας
2679 1258 2736 1310 δὲ
2775 1259 2858 1313 ὅτι
2902 1258 2997 1312 καὶ
3029 1257 3059 1310 ό
3082 1257 3268 1328 πατὴρ
3298 1247 3554 1326 Χαρίτων
3582 1254 3706 1308 σῦν.

2138 1373 2255 1426 αμα
2284 1356 2398 1417 τοῖς
2440 1352 2622 1415 ἄλλοις
2656 1340 3101 1422 ’Δκραγαντίνοις
3142 1352 3349 1421 παρῆν,
3381 1350 3566 1403 οὐκέτι
3593 1349 3707 1403 λοιο

2140 1448 2241 1501 πὸν
2267 1445 2588 1509 ὲπιδοιάζων
2614 1439 2680 1514 ἦν
2705 1444 2763 1496 ὲν
2785 1443 2865 1513 τῷ
2894 1443 3245 1513 προκειμένῳ
3265 1484 3282 1510 ,
3339 1441 3453 1495 ἀλλ’
3482 1441 3599 1505 ὅλος
3629 1442 3710 1503 εἰς

2138 1538 2318 1608 φυγὴν
2375 1537 2623 1606 ἔϐλεψεν.
2668 1536 2731 1589 Ὀ
2786 1536 2841 1589 δὲ
2884 1536 2949 1604 δὴ
2999 1536 3262 1606 Μᾶρκος,
3309 1532 3431 1604 θείᾳ
3481 1533 3710 1603 προνοίᾳ

2139 1631 2410 1698 συγγνοὺς
2468 1629 2617 1697 αὐτῷ
2666 1627 2760 1680 τὸν
2816 1627 3081 1697 δρασμὸν,
3141 1625 3276 1679 Θεοῦ
3334 1627 3554 1688 πάντως
3610 1610 3739 1692 τῆν’

2138 1724 2392 1792 γλῶτταν
2426 1722 2831 1785 ὑποκινοῦντος,
2862 1720 3036 1774 πολλὰ
3082 1719 3218 1790 πρὸς
3246 1718 3407 1773 αὐτὸν
3454 1718 3583 1788 περὶ
3615 1702 3710 1770 τοῦ

2145 1817 2257 1871 δεῖν
2287 1816 2471 1887 μένειν
2498 1813 2722 1883 διεξῄει,
2756 1813 2849 1866 καὶ
2874 1812 3188 1865 τελευταῖον
3215 1809 3308 1863 καὶ
3336 1809 3435 1878 τῆς
3457 1800 3709 1879 προῤῥήο

2146 1926 2284 1971 σεως
2307 1908 2468 1961 αὐτὸν
2495 1905 2588 1959 τοῦ
2617 1906 2869 1975 γέροντος
2907 1904 3307 1974 ἀνεμίμνησκε,
3351 1901 3481 1973 παρ’
3507 1896 3551 1969 ᾧ
3581 1903 3711 1954 τέσ-

2145 2016 2321 2069 σαρας
2379 1998 2505 2052 ὅλου
2521 2017 2535 2060 ;
2615 1997 2841 2067 χρόνους
2908 1987 3113 2058 ἐκεῖνος
3190 1993 3708 2064 προσφιλοσοφήσας

2141 2090 2463 2159 ιτύγχανεν,
2507 2088 2580 2150 ὡς
2622 2089 2722 2158 ἤδη
2767 2084 2977 2156 φθάσας
3019 2085 3048 2137 ὁ
3095 2085 3251 2152 λόγος
3285 2084 3577 2154 ἐδήλωσεν.
3631 2083 3707 2135 Οὐ

2143 2183 2316 2236 ταῦτά
2343 2199 2425 2235 σοι
2449 2182 2700 2242 κάκεῖνος
2745 2180 2773 2231 ό
2808 2176 3037 2240 παλαιὸς
3092 2176 3314 2248 ἡμερῶν
3358 2176 3452 2228 καὶ
3497 2175 3713 2245 πλήρης

2142 2272 2373 2342 ἀρετῶν,
2404 2275 2431 2325 ό
2464 2271 2660 2341 μεστὸς
2688 2268 2878 2338 θεῖκῆς
2908 2268 3124 2335 σοφίας,
3186 2268 3317 2339 παρ’
3341 2260 3385 2334 ᾧ
3406 2268 3495 2319 τὸν
3525 2267 3714 2320 τοσοῦ·

2141 2379 2231 2414 τον
2263 2362 2559 2429 ἑφοίτησας
2612 2359 2825 2429 χρόνον,
2886 2358 2947 2410 οὐ
2983 2357 3154 2411 ταῦτά
3212 2374 3293 2410 σοι
3345 2358 3597 2419 κάκεῖνος
3644 2358 3712 2408 ἑκ

2143 2452 2342 2505 πολλοῦ
2384 2450 2781 2523 προεθέσπ.σε;
2830 2450 2921 2519 Μὴ
2970 2450 3034 2502 σύ
3076 2465 3161 2516 γε,
3193 2448 3266 2518 μὴ
3307 2447 3450 2501 οὕτω
3514 2448 3701 2511 κακῶς

2143 2547 2274 2614 περὶ
2309 2543 2566 2604 σεαυτοῦ,
2644 2545 2721 2613 μὴ
2774 2544 2871 2597 καὶ
2933 2541 3135 2611 μᾶλλον
3176 2541 3383 2613 ἀποίσῃ
3426 2541 3547 2594 ἀντὶ
3610 2539 3713 2609 μὲν

2143 2633 2377 2704 ἀμοιϐῆς
2430 2632 2701 2685 τοσούτων
2735 2633 2912 2685 πόνων
2957 2632 3148 2702 ὀργὴν,
3180 2633 3302 2683 ἀντὶ
3352 2632 3409 2682 δὲ
3459 2630 3715 2698 εὐλογίας

2140 2726 2412 2797 κατάραν.
2461 2724 2650 2778 Ταῦτα
2684 2725 2779 2777 καὶ
2813 2723 2986 2777 πολλὰ
3042 2722 3267 2778 τοιαῦτα
3320 2724 3457 2793 πρὸς
3490 2723 3655 2776 αὐτὸν
3682 2724 3712 2775 ό

2140 2819 2366 2886 Μάρκος
2399 2819 2683 2888 συνείρων,
2715 2817 2866 2888 μόλις
2897 2816 3093 2885 ἔστησε
3122 2816 3224 2885 τῆς
3253 2819 3451 2887 ὁρμῆς.
3475 2816 3551 2869 Οὐ
3578 2814 3708 2868 πολ·

2140 2909 2229 2963 λαὶ
2252 2909 2528 2980 παρῆλθον
2552 2910 2774 2978 ἡμέρας..
2802 2910 2898 2962 καὶ
2939 2912 3196 2979 παρεῖναι
3223 2908 3342 2961 κατ’
3374 2908 3500 2977 ὄψιν
3555 2907 3708 2976 αὐτῷ

2138 3001 2265 3064 τοὺς
2289 3002 2546 3063 Σικελοὺς
2580 3002 2832 3063 ἅπαντας
2882 3001 3234 3071 προστάσσει.
3296 3000 3499 3054 Μαθὼν
3529 3000 3586 3053 δὲ
3620 3000 3710 3054 διὰ

2139 3093 2394 3164 Μάρκου,
2418 3093 2500 3146 ὅτι
2531 3092 2709 3161 πατὴρ
2738 3092 3045 3161 ὁνΧαρίτων
3064 3089 3156 3144 τοῦ
3185 3091 3709 3161 Γρηγορίου,’ἀκρ;-

2140 3184 2250 3247 ϐὡς
2281 3183 2620 3236 ὐπεϐλέπετο
2650 3183 2745 3235 καὶ
2802 3183 3096 3236 ἀνεσκόπει
3126 3182 3218 3235 τὸν
3261 3184 3453 3252 ἄνδρα.
3488 3184 3584 3235 καὶ
3610 3184 3709 3246 τὰς

2139 3276 2354 3346 μορφὰς
2398 3276 2634 3339 εἰκάζων
2686 3274 2761 3338 ὡς
2815 3275 2936 3328 λίαν
2986 3274 3314 3344 παρεικυίας
3371 3264 3704 3344 ἐθαύμαζεν.

2147 3370 2316 3422 Ἀλλὰ
2345 3368 2504 3422 τοῦτο
2536 3370 2635 3437 μὲν
2685 3367 2761 3430 ὡς
2812 3361 2923 3420 οἷόν
2958 3384 3015 3420 τε
3047 3366 3353 3430 λανθάνων,
3395 3368 3533 3437 πρὸς
3563 3368 3621 3420 δὲ
3646 3370 3710 3418 τὸ

2134 3461 2317 3515 λοιπὸν
2350 3461 2577 3531 πλῆθος,
2611 3463 2733 3513 ἐπεὶ
2794 3460 3072 3530 παρῆσαν,
3110 3461 3271 3528 ιἈγε,
3320 3460 3508 3528 φησὶν,
3540 3462 3706 3514 ᾶπαν-

2132 3569 2245 3617 τες,
2273 3553 2371 3606 σὺν
2399 3551 2633 3620 ψαλμοῖς
2668 3551 2764 3604 καὶ
2828 3550 3020 3618 ὐμνιρις
3063 3550 3199 3619 πρὶς
3251 3550 3344 3603 τὸν
3397 3552 3542 3621 ἱερὸν
3595 3552 3707 3603 τῶν

2137 3645 2453 3714 κορυφαίων
2480 3643 2606 3697 ναὸν
2635 3643 2999 3711 ἀφικώμεθα,
3043 3644 3144 3714 μιᾷ
3167 3641 3382 3716 γνώμῃ,
3425 3645 3525 3714 μιᾷ
3552 3647 3704 3714 φωνῇ

2134 3734 2226 3788 τοῦ
2254 3735 2390 3787 Θεοῦ
2416 3736 2758 3804 δεησόμενοι,
2792 3733 2889 3786 καὶ
2911 3734 2999 3802 ἐφ’
3042 3727 3088 3800 ᾧ
3130 3735 3197 3787 ἂν
3232 3734 3460 3803 σημεῖόν
3501 3753 3556 3788 τι
3589 3734 3701 3787 τῶν

2135 3826 2452 3898 παραδόξων
2492 3827 2756 3895 ἐπιφανῇ,
2791 3826 2999 3887 ἐκεῖνος
3056 3825 3209 3878 ἔσται
3257 3826 3477 3887 πάντως
3525 3827 3619 3878 καὶ
3677 3827 3706 3878 ὀ

2134 3920 2232 3974 τοῦ
2292 3918 2426 3972 λαοῦ
2498 3918 2656 3971 τοῦδε
2721 3917 2820 3987 τὴν
2888 3917 3229 3988 προστασίαν
3294 3908 3704 3985 ἀναδεξόμενος.

2138 4009 2327 4065 Ταῦτα
2352 4006 2496 4076 εἷπε,
2550 4013 2644 4061 καὶ
2697 4009 2857 4072 εὐθὺς
2884 4010 2918 4079 ή
2957 4009 3112 4072 πόλις
3144 4009 3378 4062 ἐκινεῖτο
3408 4009 3577 4070 πᾶσα,
3612 4006 3708 4060 καὶ

2141 4103 2342 4164 πάντες
2369 4098 2621 4173 ἐξῄεσαν,
2651 4099 2778 4152 ὅσον
2807 4114 2867 4150 τε
2904 4101 2960 4152 ἐν
2992 4098 3217 4170 ἀνδράσι
3240 4100 3336 4153 καὶ
3363 4097 3706 4167 γυναιξὶ,καὶ

2142 4192 2266 4245 ὅσον
2292 4191 2464 4262 ἄρχον
2491 4207 2550 4243 τε
2584 4191 2680 4244 καὶ
2708 4190 3037 4260 ἀρχόμενον.

463 4289 571 4343 (ille
601 4276 859 4329 υηίνθΐεει
899 4274 1093 4329 “Vim
1128 4280 1400 4328 οοιιιωοιδ
1429 4281 1548 4340 εει.
1590 4289 1657 4329 ac
1720 4291 1913 4335 omnes
1942 4283 2243 4356 cum_viri,
2278 4294 2396 4338 tum
2459 4282 2740 4348 mulieres,
2777 4290 2884 4335 tam
2920 4280 3162 4348 domini,
3199 4297 3363 4354 quam
3400 4283 3542 4339 servi
3573 4296 3710 4354 pro-’-

463 4366 756 4421 cedebant.

536 4458 756 4516 XXXII.
803 4457 995 4515 Postea
1035 4476 1165 4516 vero
1209 4475 1372 4532 quam
1412 4476 1530 4517 rem
1573 4462 1815 4519 divinam
1862 4465 2037 4523 facere

2217 4463 2342 4519 AB'.
2380 4462 2535 4516 Ἐπεὶ
2550 4461 2607 4515 δὲ
2631 4460 2727 4515 καὶ
2756 4460 2856 4530 τῆς
2896 4459 3046 4521 θείας
3086 4460 3316 4531 ἤρχοντο
3344 4461 3712 4531 λειτουργίας,

465 4559 788 4620 cmperunt,
818 4549 1117 4620 Gregorius
1144 4550 1499 4622 Evangelium
1542 4554 1649 4609 sibi
1688 4556 1746 4610 in
1785 4556 1889 4612 hoc
1933 4566 2045 4612 tra-

466 4638 641 4693 ditum
692 4640 771 4694 ita
825 4640 1094 4693 concinne
1137 4648 1194 4694 et
1241 4649 1368 4709 apte
1410 4640 1573 4711 legit,
1626 4651 1688 4697 ut
1731 4643 2046 4702 Charitonis

467 4739 901 4799 ceterorumque
954 4730 1268 4785 auditorum
1336 4733 1551 4787 animos
1597 4735 1877 4804 voluptate
1914 4753 2041 4807 per-

469 4824 749 4878 funderet.
783 4822 955 4878 Simul
986 4838 1051 4878 ac
1080 4839 1209 4878 vero
1239 4824 1593 4894 Evangelium
1624 4826 1909 4896 impletum
1937 4840 2040 4894 est,

469 4918 727 4972 columba
765 4917 835 4971 ab
878 4916 1040 4971 altari
1077 4916 1374 4984 advolans,
1414 4917 1584 4987 capiti
1629 4920 1778 4974 illius
1819 4919 2040 4977 insedit.

469 5006 835 5073 Quamobrem
888 5007 1180 5061 universus
1228 5007 1463 5076 populus
1512 5017 1740 5079 stupore
1795 5010 1895 5080 (ut
1945 5024 2044 5079 par

467 5099 608 5169 erat)
640 5099 872 5153 allectus
891 5136 907 5160 ,
937 5098 1135 5168 gaudio
1168 5107 1226 5152 et
1267 5097 1633 5154 admiratione
1661 5100 1860 5169 plenus
1881 5138 1898 5165 ,
1929 5115 2042 5155 non

472 5192 710 5257 amplius
752 5188 947 5242 orabat
978 5188 1322 5256 exploratum
1364 5187 1473 5241 sibi
1521 5187 1675 5250 fieri,
1724 5196 1909 5241 utrum
1948 5189 2042 5257 qui

472 5279 790 5348 designatus
822 5278 1067 5348 pontifex
1101 5281 1122 5331 t
1126 5287 1303 5344 uerat,
1337 5293 1485 5333 nunc
1516 5278 1627 5333 Deo
1658 5278 1931 5333 creandus
1961 5280 2042 5334 vi-

473 5370 721 5425 deretur.
757 5368 946 5437 Itaque
973 5370 1217 5422 crastino
1256 5368 1345 5421 die
1375 5368 1622 5437 pontifex
1652 5377 1892 5431 creatur,
1928 5377 2042 5422 tra-

480 5462 733 5529 diturque
755 5460 1148 5531 Agrigentiuis,
1173 5460 1285 5515 imo
1310 5476 1439 5514 vero
1463 5460 1595 5513 huic
1621 5458 1734 5524 isri,
1763 5461 1839 5514 uti
1869 5460 2042 5530 probo

470 5555 705 5624 pastori,
731 5553 1025 5609 rationales
1052 5568 1186 5609 oves
1204 5568 1234 5607 a
1262 5552 1522 5622 pontitice
1545 5550 1779 5607 Maximo
1806 5551 2041 5606 credun-

479 5656 598 5711 tur,
629 5659 794 5716 etque
822 5644 1063 5714 priorem
1101 5645 1227 5700 vitae
1271 5644 1576 5710 rationem,
1622 5657 1688 5699 ac
1729 5643 2038 5699 institutum

477 5736 820 5821 suggerebat,
852 5746 908 5795 et
939 5736 1093 5794 illum
1128 5735 1198 5793 ad
1236 5746 1430 5809 casus“,
1463 5750 1494 5791 ε
1524 5734 1727 5808 quibus
1763 5735 2036 5807 impeten-

2142 4556 2171 4608 ό
2207 4554 2509 4624 Γρηγὸριος
2561 4552 2859 4620 ὲπιτραπὲν
2906 4552 3057 4620 αὐτῷ
3085 4554 3147 4604 τὸ
3192 4553 3335 4605 θεῖον
3376 4552 3715 4623 Εὐαγγέλιιν

2145 4643 2613 4710 ὐπαναγινὼσκει,
2648 4641 2822 4704 οὕτως
2861 4639 3143 4708 εὐφώνως,
3206 4641 3381 4705 οὕτως
3415 4643 3711 4713 εὐτέχνως,

2142 4737 2217 4798 ὡς
2274 4735 2513 4805 χαρίτων
2551 4734 2645 4785 καὶ
2686 4732 2885 4803 ἡδονῆς
2917 4735 3017 4797 τὰς
3040 4735 3148 4787 τῶν
3174 4733 3459 4804 ἀκροατῶν
3494 4734 3709 4805 πληρῶι

2145 4840 2238 4875 σαι
2267 4822 2465 4892 ψυχάς.
2502 4822 2654 4891 ’Ἅμα
2682 4820 2739 4873 δὲ
2771 4822 2833 4875 τὸ
2862 4821 3195 4892 Εὐαγγέλιον
3229 4822 3556 4894 ἐπληροῦτο,
3618 4827 3715 4877 καὶ

2143 4910 2446 4982 περιστερὰ
2475 4909 2569 4963 τοῦ
2602 4912 2989 4982 θυσιαστηρίου
3021 4912 3422 4966 ἐκπτασθείσα
3474 4916 3539 4985 τῇ
3585 4912 3718 4966 τού-

2140 5021 2235 5057 του
2265 5002 2561 5057 ὲπεκόιθισε
2606 5002 2840 5073 κεφαλῇ.
2871 5001 3190 5073 Θαμϐηθεὶς
3238 5000 3333 5057 οῦν
3380 5006 3488 5067 πᾶς
3516 5007 3544 5057 ὁ
3583 5003 3715 5067 λαὸς

2142 5095 2393 5159 (basiate;
2425 5093 2519 5146 ἐπὶ
2556 5093 2747 5164 τούτῳ,
2785 5095 2881 5147 καὶ
2933 5095 3106 5165 χαρᾶς
3160 5094 3277 5165 ἅμα
3306 5097 3402 5148 καὶ
3433 5094 3716 5165 θαύματος

2143 5185 2477 5256 πληρωθεὶς,
2515 5185 2617 5238 οὐκ
2664 5185 2834 5237 ἐδεῖτο
2870 5186 3065 5254 μαθεῖν
3109 5185 3191 5238 ὅτι
3234 5187 3353 5255 Θεῷ
3402 5187 3656 5256 ἀρέσκων
3685 5187 3716 5238 ό

2146 5277 2283 5346 πρὸς
2336 5276 2670 5344 χειροτονίαν
2726 5274 2822 5328 νῦν
2877 5275 3258 5344 εἰσαγόμενος.
3304 5276 3716 5342 Χειροτονεῖται

2148 5368 2443 5439 τοιγαροῦν
2504 5371 2586 5430 είς
2642 5367 2743 5436 τὴν
2799 5366 2988 5437 αὔριον
3044 5369 3140 5421 καὶ
3207 5369 3563 5439 παραδίδοται
3598 5371 3718 5432 τοῖς

2156 5460 2600 5531 Ἀκραγαντίνοις
2624 5498 2638 5523 ,
2676 5458 2879 5529 μᾶλλον
2922 5461 2980 5514 δὲ
3013 5461 3208 5532 ἐκείνῳ
3253 5456 3400 5515 οὗτοι
3434 5461 3586 5531 παρὰ
3617 5459 3719 5514 τοῦ

2143 5550 2346 5605 πάππα
2378 5547 2453 5612 ὼς
2499 5547 2652 5619 καλῷ
2684 5551 2905 5617 ποιμένι
2954 5549 3151 5619 λογικὰ
3199 5552 3547 5604 πιστεύονται
3578 5552 3723 5622 πρό-

2143 5643 2302 5698 ϐατα.
2346 5643 2436 5696 Ἐν
2466 5634 2511 5710 ᾧ
2551 5642 2611 5694 δὲ
2668 5642 2965 5715 Γρηγὸριος
3017 5645 3081 5713 ἐν
3129 5646 3196 5714 τῇ
3231 5640 3419 5715 Ῥώμῃ
3450 5641 3717 5714 διέτριϐε,

2142 5731 2315 5788 ταῦτά
2369 5730 2416 5785 οἱ
2482 5731 2792 5804 συμϐαίνει.
2847 5735 3016 5805 Σννῆν
3052 5733 3153 5805 μὶν
3215 5733 3363 5806 αὐτῷ
3420 5735 3648 5806 Μάρκος
3685 5736 3720 5790 6

3183 5851 3207 5877 π
3301 5835 3424 5864 ’δ”
