4080 6374
300 331 410 400 ςεο

1304 330 1484 389 ινιτιι
1529 289 1600 390 εξ
1635 327 2022 389 caecum
2069 324 2610 388 AGRIGENTINI.

3462 321 3568 382 $20

301 445 664 519 προῤῥηθεὶς,
704 443 802 512 τῆς
833 457 894 495 τι
925 443 1198 513 προτέρας
1243 441 1406 494 αὐτὸν
1449 441 1884 510 ἀναμιμνήσκων

1992 436 2097 492 dus
2123 447 2265 501 erat,
2300 452 2567 508 generose
2595 433 2953 505 perferendos
2989 431 3291 487 animabat.
3322 431 3571 498 Quadam

297 539 614 608 ἀσκήσεως,
672 534 766 586 καὶ
813 533 1129 595 ὑπαλείφων
1190 531 1460 598 γενναίως
1519 532 1708 600 φέρειν
1758 532 1884 591 τοὺς

297 625 768 694 ἐπελευσομένους
819 622 972 694 αὐτῷ
1027 622 1392 693 πειρασμούς.
1429 622 1520 674 Ἐν
1554 623 1654 692 μιᾷ
1685 621 1744 674 δὲ
1774 621 1884 672 τῷν

303 718 521 772 νυκτῶν
548 717 807 785 Χαρίτων
830 713 1134 778 ἐξαναστὰς
1163 716 1190 766 6
1216 713 1310 766 τοῦ
1343 712 1648 783 Γρηγορίου
1673 712 1880 782 πατὴρ,

296 809 422 861 οὐδὲ
453 809 562 876 γὰρ
592 805 764 876 λήθην
812 805 1086 875 ἐλάμϐανε
1113 804 1208 858 τοῦ
1239 805 1451 867 παιδὸς,
1483 804 1603 857 οὐδὲ
1630 803 1658 854 6
1689 805 1882 873 χρόνος

299 903 403 970 τὴν
439 899 636 968 ὀδύνην
665 899 961 968 ὲμάρανεν,
1012 897 1133 952 ἀλλ’
1184 898 1448 952 ὲκόπτετο
1491 895 1562 949 τὰ
1598 895 1883 964 σπλάγχνα

300 995 402 1044 καὶ
453 992 551 1060 τὴν
600 989 828 1058 καρδίαν
885 990 1203 1060 ἐστρέφετο,
1254 989 1378 1043 τότε
1425 989 1484 1044 δὲ
1515 988 1612 1042 καὶ
1645 987 1884 1058 μάλιστα

297 1082 398 1136 τοῦ
429 1081 687 1150 φιλτάτου
715 1082 906 1135 τέκνου
933 1082 1158 1151 μνήμην
1185 1081 1388 1148 λαϐὼν,
1425 1081 1664 1144 ἀναστὰς
1690 1079 1882 1148 ὥσπερ

304 1175 398 1225 καὶ
425 1172 504 1241 τῷ
531 1171 694 1224 πάθει
719 1170 959 1242 μεθύων,
988 1172 1129 1241 ἀωρὶ
1151 1171 1260 1224 τῶν
1283 1171 1493 1224 νυκτῶν
1516 1169 1882 1241 παραγίνεται

305 1260 444 1331 πρὸς
477 1259 698 1322 αὐτούς.
729 1256 859 1312 Εἶτα
889 1261 1123 1328 δάκρυσί
1156 1277 1214 1312 τε
1249 1261 1344 1313 καὶ
1403 1263 1732 1328 στεναγμοῖς
1783 1261 1881 1313 ἀν-

301 1351 557 1404 εκαλεῖτο
585 1351 672 1402 τὸν
704 1351 891 1415 παῖδα,
925 1352 1020 1403 καὶ
1050 1351 1124 1412 ὼς
1149 1352 1284 1420 πρὸς
1323 1351 1505 1404 εἰδότα
1535 1351 1625 1402 τὸν
1653 1351 1880 1420 Μάρκον

305 1441 669 1514 ἐξετραγῴδει
707 1442 804 1512 τὴν
839 1445 1150 1512 συμφορὰν,
1210 1443 1302 1497 καὶ
1365 1441 1482 1513 ἅμα
1540 1448 1606 1513 τῇ
1672 1443 1882 1497 τούτων

303 1535 439 1603 εὐχῇ
485 1533 819 1605 παραψυχὴν
869 1537 1050 1603 ᾐτεῖτο
1086 1534 1179 1587 τοῦ
1214 1535 1423 1599 πάθους
1477 1536 1684 1589 λαϐεῖν.
1721 1537 1779 1590 '0
1825 1537 1880 1589 δὲ

304 1627 536 1693 Μάρκος
590 1626 779 1694 ἀνίστη
817 1643 873 1678 τε
902 1625 1064 1677 αὐτὸν
1111 1627 1206 1680 καὶ
1266 1627 1682 1696 ἀνεμίμνησκεν
1738 1627 1772 1680 ἆ
1819 1645 1879 1680 τε

305 1717 554 1785 περὶτοῦ
589 1718 780 1780 παιδὸς
831 1717 1000 1770 πάλαι
1051 1719 1316 1786 προεῖπεν
1365 1719 1538 1788 αὐτῷ,
1597 1721 1682 1772 ὅτι
1717 1719 1879 1774 αὐτὸν

1992 540 2154 585 nocte
2183 547 2308 584 cum
2348 528 2614 583 Chariten
2647 527 2897 593 Gregorii
2939 536 3092 594 pater
3125 525 3268 579 lecto
3302 527 3571 583 surrexis-

1992 631 2073 675 set
2104 628 2309 690 (neque
2343 621 2490 675 enim
2530 620 2625 673 ﬁlii
2659 619 2862 672 oblivio
2892 619 3046 672 illum
3079 627 3320 686 ceperat,
3349 634 3449 674 nec
3477 618 3574 672 do-

1994 712 2168 767 lorem
2202 721 2419 781 tempus
2453 714 2821 776 absterserat,
2854 714 2952 770 sed
2988 712 3154 768 corde
3185 722 3349 782 atque
3387 713 3574 768 animo

1990 803 2201 859 fractus
2240 805 2406 859 vitam
2439 805 2654 875 agebat)
2683 821 2747 860 ac
2776 816 2890 860 tum
2922 806 3156 860 maxime
3186 807 3305 877 ejus
3327 811 3572 860 animum

1990 894 2300 950 charissimi
2335 895 2432 951 ﬁlii
2478 897 2742 950 memoria
2783 896 3073 959 subiisset,
3105 896 3334 966 perinde
3373 911 3438 949 ac
3468 895 3572 950 d0-

1989 986 2109 1040 lore
2145 986 2359 1047 furens,
2395 986 2466 1042 ad
2498 988 2621 1042 illos
2653 989 2982 1056 intempesta
3015 995 3174 1042 nocte
3199 996 3478 1056 properat,
3508 1002 3574 1041 ac

1991 1087 2106 1131 tum
2146 1077 2436 1149 lacrymis,
2473 1087 2585 1134 tum
2618 1079 2877 1148 suspiriis
2922 1078 3094 1132 ﬁlium
3141 1078 3486 1146 appellaltat,
3517 1084 3574 1132 et

1989 1169 2133 1238 apud
2185 1169 2428 1224 Marcum
2470 1171 2650 1224 virum
2695 1171 3021 1240 prudentem
3057 1185 3211 1224 suam
3255 1169 3432 1238 ipsius
3478 1167 3574 1222 de—

1988 1260 2238 1329 plorabat
2284 1261 2690 1327 calamitatem,
2741 1262 3018 1331 simulque
3052 1261 3274 1314 illorum
3317 1258 3578 1328 precibus

1992 1352 2207 1407 doloris
2243 1353 2682 1426 consolationem
2729 1354 2831 1408 sibi
2880 1363 3174 1422 suppetere
3221 1352 3573 1421 precabatur.

1988 1444 2160 1498 Porro
2204 1444 2424 1498 Marcus
2460 1455 2649 1500 erecto
2681 1446 2867 1499 animo
2897 1445 3054 1498 illum
3095 1459 3214 1500 esse
3239 1445 3438 1514 jussit,
3475 1443 3576 1498 ad-

1991 1536 2240 1605 diditque
2272 1545 2528 1606 oportere
2578 1553 2635 1591 se
2680 1536 2962 1590 reminisci
2986 1577 2999 1599 ,
3034 1551 3156 1605 qua:
3186 1535 3316 1589 olim
3351 1535 3466 1604 ipsc
3504 1533 3576 1590 de

1989 1626 2100 1680 ﬁlio
2149 1627 2332 1681 eidem
2385 1627 2634 1688 dixerat,
2689 1627 2949 1680 nimirum
3000 1642 3058 1680 se
3102 1625 3270 1680 ﬁlium
3323 1626 3575 1680 visurum

1987 1733 2144 1780 esse,
2186 1730 2479 1788 propterea
2514 1728 2573 1772 ut
2603 1728 2851 1787 speraret
2871 1757 2886 1781 ,
2917 1717 3132 1784 aiebat,
3163 1733 3221 1774 se
3253 1718 3574 1788 promissio-

301 1809 518 1878 ὄψεται,
549 1811 643 1862 καὶ
673 1810 776 1870 δτι,
808 1808 1037 1870 Εὖελπις
1072 1809 1188 1872 ἔσο,
1210 1811 1399 1880 φησὶν,
1420 1809 1495 1874 ὼς
1523 1811 1584 1864 οὐ
1612 1811 1883 1882 ψεύσομαι

1993 1824 2115 1861 nem
2145 1824 2300 1862 suam
2335 1809 2657 1879 neutiquam
2690 1810 3106 1864 Irustratumm.

303 1901 402 1970 τὴν
427 1903 727 1970 ὑπόσχεσιν
841 1913 892 1970 )

374 1996 501 2048 AI".
533 1996 778 2047 Ἤκουσε
821 1994 1076 2066 Χαρίτων
1120 1996 1312 2059 ταῦτα,
1372 2001 1464 2052 καὶ
1513 1998 1610 2069 τὴν
1659 1999 1885 2068 καρδίαν
1945 2009 1957 2020 '

300 2087 464 2149 εὐθὺς
499 2087 762 2139 ἐπάλλετο
793 2087 888 2139 aut
918 2089 1037 2150 ταῖς
1066 2089 1283 2142 ἐλπίσιν
1306 2091 1511 2160 ἤρτητο
1543 2093 1638 2144 καὶ
1669 2091 1881 2162 ἀγωνίᾳ

301 2181 426 2232 τότε
483 2182 578 2232 καὶ
632 2179 834 2248 μᾶλλον
887 2179 1238 2248 κατείληπτο.
1279 2181 1448 2235 Πόθεν
1485 2182 1542 2236 δὲ
1568 2181 1634 2237 ἂν
1663 2187 1758 2236 καὶ
1790 2187 1885 2238 ἐπ·

301 2275 450 2342 ἕγνω
483 2273 574 2326 τὸν
603 2272 918 2343 Γρηγόριον,
969 2271 1057 2324 διὰ
1085 2270 1341 2362 τοσούητου
1389 2273 1486 2342 μὲν
1534 2275 1697 2326 αὑτὸν
1743 2275 1884 2343 ὁρῶν

303 2367 524 2435 χρόνου,
557 2366 782 2434 ἠλικίαν
835 2365 891 2417 δὲ
949 2363 1067 2434 ἅμα
1105 2365 1199 2416 καὶ
1261 2367 1449 2434 σχῆμα
1485 2365 1879 2435 μεταϐαλόντα,

301 2461 362 2511 οὗ
419 2459 527 2530 μὴν
573 2460 708 2511 ἀλλὰ
764 2461 859 2511 καὶ
908 2457 1210 2529 ἐγκρατείᾳ
1239 2459 1502 2530 τοσαύτῃ,
1539 2459 1678 2526 πρὸς
1708 2459 1885 2513 δὲκαὶ

305 2551 648 2622 κακοπαθείᾳ
703 2551 804 2622 τὴν
853 2550 1004 2620 ὥραν
1052 2551 1413 2620 ἐκτρίψαντα.
1471 2551 1614 2603 Ἀλλ’
1673 2552 1882 2614 ἐκεῖνος

304 2645 574 2712 ἐγίνωσκε
605 2661 666 2696 τε
718 2644 794 2713 μὴ
843 2642 1202 2711 γινώσκοντα,
1253 2645 1348 2693 καὶ
1406 2641 1515 2695 τῶν
1546 2645 1640 2694 τοῦ
1677 2644 1882 2712 πατρδς

304 2737 476 2803 λόγων
499 2737 742 2802 ἁκούων,
787 2735 1116 2789 ὲπαθαίνετο
1161 2738 1259 2804 μὲν
1289 2736 1438 2788 ἔνδον
1471 2736 1562 2788 καὶ
1594 2737 1882 2807 συνεστρέ-

305 2847 435 2897 quo
455 2828 558 2899 τὴν
590 2829 796 2900 ψυχὴν,
825 2830 1012 2897 ἐπεῖχε
1073 2828 1128 2880 δὲ
1154 2829 1305 2899 ὅμως
1367 2828 1562 2882 ἑαυτὸν
1623 2829 1718 2881 καὶ
1771 2829 1881 2894 τῶν

301 2924 556 2992 δακρύων
584 2925 832 2993 ἐκράτει.
879 2919 1010 2974 Εἶτα
1041 2922 1178 2992 πρὸς
1211 2922 1303 2974 τὸν
1339 2922 1635 2993 Χαρίτωνα
1671 2922 1878 2974 πυνθαο

304 3015 553 3084 νόμινος,
593 3017 658 3068 'H
685 3015 740 3066 δὲ
777 3014 872 3067 τοῦ
899 3013 1091 3076 παιδὸς
1120 3012 1272 3067 τοῦδε
1308 3015 1510 3085 μήτηρ,
1531 3008 1575 3066 ὦ
1602 3012 1876 3085 ἄνθρωπε,

2062 2007 2308 2064 XXXIII.
2373 2009 2601 2065 Audivit
2659 2009 2776 2064 haec
2837 2009 3104 2064 Chariten
3167 2008 3571 2078 confestimque

1988 2101 2154 2155 corde
2200 2100 2454 2170 prosilit.
2499 2117 2722 2171 speque'
2753 2102 2936 2156 animo
2976 2100 3310 2164 ﬁuctuabat,
3341 2116 3405 2153 ac
3455 2109 3569 2153 tum

1990 2192 2162 2244 multo
2199 2192 2370 2260 magis
2401 2207 2607 2262 angore
2641 2192 3027 2257 detinebatur;
3065 2205 3244 2260 neque
3273 2207 3404 2245 vero
3437 2190 3572 2246 Gre-

1985 2285 2225 2354 gorium,
2255 2301 2568 2355 quanquam
2597 2287 2763 2340 toties
2785 2286 3024 2350 viderat,
3050 2297 3348 2354 agnoscere
3375 2282 3568 2352 potuit,

1988 2391 2162 2445 usque
2197 2375 2337 2430 adeo
2369 2392 2477 2446 qua
2505 2386 2686 2439 (etate,
2719 2391 2826 2445 qua
2858 2375 3032 2446 ﬁgura
3062 2385 3118 2431 et
3145 2375 3296 2430 cultu
3325 2371 3574 2440 corporis

1987 2466 2313 2520 immutatus
2341 2476 2495 2532 erat;
2531 2466 2723 2536 ingens
2751 2465 2898 2520 enim
2935 2465 3160 2521 inomni
3193 2480 3254 2518 re
3278 2461 3570 2518 continen-

1987 2557 2083 2622 tia,
2109 2558 2253 2612 addo
2277 2560 2442 2613 etiam
2474 2560 2744 2613 malorum
2772 2559 3081 2623 tolerantia,
3104 2571 3324 2611 omnem
3355 2553 3578 2608 absum-

1984 2657 2167 2715 pserat
2218 2649 2721 2717 pulchritudinem.
2770 2651 2841 2704 At
2895 2651 2986 2704 ille
3029 2665 3139 2702 non
3183 2657 3573 2718 agnoscentem

1982 2739 2236 2807 agnovit,
2271 2755 2695 2809 sermonemque
2729 2739 2905 2809 patris
2939 2739 3208 2802 audiens,
3242 2737 3448 2792 acriter
3486 2739 3574 2790 in-

1988 2839 2076 2885 tus
2127 2833 2362 2886 alTectus
2410 2833 2596 2886 animo
2645 2831 3054 2896 incalescebat,
3101 2846 3160 2884 se
3211 2829 3580 2884 nihilominus

1988 2923 2105 2993 ipse
2156 2924 2513 2986 continebat,
2567 2923 2782 2992 sibique
2832 2923 3178 2992 temperabat
3216 2937 3247 2976 a
3293 2920 3571 2991 lacrymis.

1981 3013 2191 3068 Deinde
2226 3013 2424 3082 quierit
2457 3030 2486 3066 a
2530 3014 2850 3076 Cliaritone,
2899 3011 3136 3083 Hujusce
3170 3011 3326 3082 pueri
3369 3021 3570 3075 mater,

303 3108 428 3172 ποῦ,
481 3109 675 3178 φησὶν,
722 3109 866 3171 ἄρτι,
939 3107 1082 3173 ποῦ;
1125 3107 1182 3159 Ὀ
1235 3106 1292 3158 δὲ
1341 3107 1532 3177 χρόνος
1591 3106 1650 3170 ἐξ
1708 3099 1878 3176 οὗπερ

1989 3105 2135 3159 bone
2169 3104 2256 3158 vir
2279 3104 2603 3173 (inquiens),
2627 3103 2718 3156 ubi
2758 3104 2999 3168 interim,
3038 3103 3131 3158 ubi
3165 3101 3316 3172 agit?
3347 3100 3423 3156 Ex
3457 3115 3571 3171 quo

300 3196 456 3265 66:0;
489 3201 764 3266 ἀπώλετο,
793 3200 1073 3264 πόσος;’0
1106 3199 1163 3252 δὲ
1193 3199 1292 3268 τὴν
1325 3199 1537 3270 μητέρα
1570 3199 1668 3268 μὲν
1701 3197 1884 3260 ζῶσαν

303 3300 405 3366 ἔφη
439 3297 536 3349 καὶ
570 3293 874 3346 πενθοῦσαν
907 3294 1048 3346 οἴκοι
1110 3291 1450 3356 καταλιπεῖν,
1499 3291 1888 3362 τρισκαιδέκα-

303 3411 395 3446 τον
438 3393 494 3444 δὲ
525 3391 604 3461 τῷ
633 3391 782 3444 παιδὶ
822 3389 1126 3445 ἀπολωλότι
1159 3387 1446 3458 διηνύσθαι
1499 3387 1715 3456 χρόνον.
1767 3385 1885 3439 Ἐνο

299 3487 479 3539 ταῦθα
533 3485 837 3556 Γρηγόριος
870 3484 944 3552 (τί
973 3483 1082 3550 γὰρ
1113 3484 1206 3535 καὶ
1235 3481 1432 3534 παθεῖν
1483 3480 1648 3551 ἓδει);
1678 3481 1745 3533 τὰ
1788 3481 1886 3550 μὲν

297 3581 400 3647 τῆς
433 3577 639 3648 μητρὸς
677 3577 889 3647 δάκρυα
936 3577 1030 3628 ἐπὶ
1059 3576 1184 3628 νοῦν
1225 3573 1426 3638 λαϐὼν,
1463 3571 1530 3626 τὰ
1557 3573 1612 3625 δὲ
1645 3571 1739 3624 τοῦ
1779 3589 1886 3624 παι

299 3672 433 3740 τρὸς
465 3671 568 3739 ἤδη
596 3670 690 3722 καὶ
718 3666 993 3738 καθορῶν,
1020 3666 1114 3720 καὶ
1153 3666 1229 3736 μὴ
1258 3667 1439 3736 φέρων
1493 3664 1638 3718 οὕτω
1693 3662 1885 3725 δεινῶς

301 3763 666 3830 γοπτόμενον,
697 3761 817 3830 ἅμα
849 3759 906 3812 δὲ
940 3757 1038 3812 καὶ
1089 3758 1253 3820 αὐτὸς
1311 3757 1518 3828 φίλτρῳ
1565 3757 1880 3827 συγγενικῴ

303 3854 576 3925 νικηθεὶς,
622 3851 877 3923 δακρύων
913 3868 968 3904 τε
1006 3850 1309 3920 πληροῦται
1362 3852 1490 3913 τοὺς
1540 3850 1882 3920 ὀφθαλμοὺς,

302 3948 400 4001 καὶ
433 3945 702 4016 καθέδρας
739 3944 1041 4008 ἐξαναστὰς
1067 3946 1177 4005 τοῖς
1207 3941 1335 3994 ποσὶ
1366 3942 1754 4012 περιπλέκεται
1789 3944 1884 3996 τοῦ

305 4038 538 4108 πατρὸς,
556 4033 626 4089 Ὦ
659 4037 859 4105 πάτερ,
887 4036 1085 4103 λέγων,
1113 4032 1225 4102 ἐγὼ
1250 4034 1339 4097 σὸς
1377 4035 1514 4097 υἱὸς,
1539 4033 1672 4103 ἐγὼ,
1707 4035 1883 4106 πάτερ

304 4131 586 4200 φιλόπαις,
619 4128 680 4181 δν
713 4128 922 4196 σφόδρα
951 4125 1256 4197 ἐπιζητεῖς,
1288 4127 1387 4196 τῆς
1443 4126 1614 4197 εὐχῆς
1665 4128 1693 4180 6
1746 4127 1872 4196 βλα-

306 4221 432 4285 στὸς
459 4221 558 4290 τῆς
592 4219 867 4290 ὑμετέρας
895 4216 1029 4286 ἐγὼ,
1063 4219 1091 4272 6
1119 4217 1260 4270 κατά
1295 4234 1358 4286 γε
1411 4219 1472 4271 τὸ
1501 4221 1594 4272 σὸν
1632 4219 1884 4290 βούλημα

304 4313 364 4376 ἐξ
417 4312 598 4364 αὐτῶν
649 4311 860 4364 ὠδίνων
900 4309 1021 4381 Θεῷ
1069 4309 1430 4382 καθιερωθεὶς
1481 4313 1508 4364 6
1554 4311 1882 4382 Γρηγόριος.

305 4405 454 4474 Πλὴν
481 4403 594 4455 ἀλλ’
621 4402 814 4472 ἔμοιγε
860 4400 1006 4466 ἵλεος
1056 4401 1175 4472 εῖης
1207 4401 1306 4454 τοῦ
1355 4401 1654 4472 δράματος,
1683 4405 1878 4472 πάτερ,

1989 3212 2119 3250 vero
2163 3195 2254 3250 hic
2294 3195 2496 3264 periit,
2545 3206 2814 3262 quantum
2863 3196 3095 3249 interest.
3139 3195 3438 3263 temporis?
3480 3195 3576 3249 Ille

1988 3296 2221 3342 matrem
2271 3287 2494 3356 quidem
2551 3288 2769 3350 \iverc,
2823 3303 2888 3341 ac
2929 3288 3204 3356 lugentem
3255 3286 3402 3339 domi
3448 3285 3577 3339 reli-

1987 3384 2196 3448 quisse,
2240 3390 2500 3434 caateruni
2554 3379 2622 3433 ab
2671 3380 2876 3434 amisso
2927 3379 3039 3432 ﬁlio
3087 3377 3354 3432 tredecim
3400 3391 3576 3431 annos

1989 3471 2258 3524 interesse
2292 3471 2450 3525 dixit.
2489 3470 2589 3524 llic
2621 3470 2922 3540 Gregorius
2959 3470 3200 3540 (aliquid
3233 3469 3384 3523 enim
3419 3485 3574 3523 com-

1989 3563 2200 3617 moveri
2244 3562 2400 3616 illum
2435 3572 2869 3618 consentaneum
2907 3561 3045 3631 fuit)
3083 3561 3274 3616 matris
3305 3561 3578 3632 lacrymas

1985 3655 2170 3709 animo
2200 3655 2579 3723 complectens
2602 3694 2618 3718 ,
2648 3655 2742 3724 qui
2779 3663 2990 3723 patrem
3032 3654 3199 3724 paulo
3229 3662 3356 3708 ante
3399 3653 3578 3723 lacry-

1988 3755 2228 3801 mantem
2267 3747 2518 3812 viderat,
2566 3762 2745 3815 neque
2785 3747 2998 3801 diutius
3031 3747 3217 3800 ferens
3263 3747 3416 3799 illum
3465 3753 3576 3799 tam

1985 3841 2230 3909 graviter
2268 3845 2393 3911 angi
2427 3841 2566 3910 (pari
2599 3841 2746 3894 enim
2784 3851 2839 3894 et
2873 3841 2990 3909 ipse
3023 3839 3263 3893 naturali
3291 3837 3578 3892 cliaritatis

1986 3931 2183 3985 ardore
2202 3945 2513 3987 commotus
2540 3934 2668 4003 est),
2689 3932 2874 3987 subito
2901 3933 3148 3986 suﬁusus
3177 3930 3368 3985 oculos
3399 3929 3578 3996 lacry-

1988 4021 2128 4084 mis,
2187 4021 2318 4075 sede
2361 4023 2664 4086 exsiliens,
2716 4022 2949 4092 pedibus
2993 4022 3166 4092 patris
3219 4019 3576 4076 advolvitur:

1986 4113 2148 4166 Pater
2174 4113 2496 4181 (inquiens),
2522 4128 2624 4182 ego
2647 4122 2774 4166 tuus
2801 4113 2978 4179 ﬁlius;
3007 4128 3130 4182 ego,
3158 4114 3403 4174 inquam,
3429 4126 3580 4181 sum,

1987 4213 2140 4272 pater
2168 4203 2566 4265 amantissime,
2597 4203 2918 4272 Gregorius.
2949 4218 3114 4272 quem
3171 4211 3456 4270 tantopere
3491 4201 3576 4255 in-

1985 4297 2184 4365 quiris,
2212 4296 2411 4350 vestris
2444 4295 2704 4364 precibus
2736 4295 2793 4349 in
2820 4295 2999 4350 lucem
3037 4295 3243 4359 editus,
3273 4309 3358 4358 ac,
3391 4304 3452 4346 ut
3481 4309 3578 4347 vo-

1985 4389 2177 4452 luisti,
2213 4389 2282 4442 ab
2315 4387 2451 4457 ipsis
2491 4386 2785 4441 cunabulis
2818 4387 2932 4441 Deo
2979 4395 3250 4441 sacratus.
3291 4385 3578 4441 Verumta-

303 4498 400 4549 καὶ
439 4495 609 4566 μηδέν
652 4513 742 4563 μοι
772 4495 871 4547 τοῦ
904 4494 1113 4557 πάθους
1153 4494 1388 4566 μηνίσῃς
1430 4494 1504 4557 ὼς
1541 4496 1751 4548 πολλῶν
1790 4495 1880 4548 δα-

1988 4495 2132 4542 men,
2154 4478 2226 4531 mi
2258 4486 2415 4548 pater
2439 4477 2741 4547 (obsecro),
2781 4479 3042 4530 miserere
3065 4517 3080 4541 ,
3117 4475 3391 4544 mihique,
3425 4474 3577 4544 quod

299 4591 491 4662 κρύων
515 4590 676 4658 αἰτίῳ
705 4606 786 4642 σοι
821 4590 1120 4659 γενομένῳ.
1153 4588 1340 4642 Ταῦτά
1359 4606 1417 4641 τε
1447 4589 1622 4657 ἔλεγε,
1656 4591 1748 4642 καὶ
1771 4589 1889 4660 ἅμα

299 4685 546 4752 περιφὺς
602 4682 886 4752 ἠσπάζετο
921 4682 1010 4734 τὸν
1049 4683 1287 4753 πατέρα.
1323 4683 1430 4735 Τοῦ
1492 4684 1548 4734 δὲ
1604 4685 1748 4754 χοιρά
1790 4685 1887 4754 μὲν

295 4775 546 4845 ἇρῤητος
571 4773 843 4842 ἐλάμϐανε
875 4773 974 4844 τὴν
1001 4775 1253 4843 καρδίαν,
1282 4775 1375 4828 καὶ
1406 4774 1488 4843 τῷ
1523 4777 1765 4844 περιόντι
1791 4775 1887 4844 τῆς

291 4862 651 4931 εὖφῖλοσῦντὶς
686 4865 719 4932 ἡ
754 4863 978 4930 γλῶσσα
1019 4865 1314 4933 πεπέδητο.
1365 4860 1498 4916 Εἶτα
1532 4867 1657 4928 τοὺς
1686 4864 1889 4932 ὀφθαλ-

293 4957 445 5023 pri-Li;
501 4954 862 5021 ἀτενέστερον
920 4954 1226 5008 ἐπιϐάλλων
1283 4953 1362 5024 τῷ
1409 4954 1722 5025 Γρηγορίῳ,
1788 4956 1888 5026 τὴν

289 5048 428 5115 δ’,ιιν
466 5062 523 5099 τε
555 5047 980 5117 περιεργότερον
1029 5047 1354 5115 ἀνιχνεύων,
1409 5049 1508 5101 καὶ
1561 5047 1636 5110 ὡς
1689 5047 1754 5100 ἄν
1807 5066 1888 5109 τις

287 5141 456 5192 εἴποι
493 5137 594 5190 σὺν
625 5136 885 5206 ἀκριϐείᾳ
930 5136 1120 5190 τοῦτον
1157 5137 1484 5208 ῥινηλατῶν,
1545 5141 1637 5190 καὶ
1676 5156 1888 5190 πιστωο

287 5231 416 5292 θείς
447 5229 608 5280 αὐτὸν
645 5223 787 5280 εἶναι
836 5227 930 5280 τὸν
983 5228 1259 5296 φίλτατον,
1296 5229 1456 5281 αὑτὸν
1512 5229 1756 5298 ἀτεχνῶς
1795 5229 1888 5281 τὸν

288 5322 452 5376 θεῖον
479 5318 805 5392 Γρηγόριον,
832 5319 1193 5388 ἀντιπεριφῦς
1224 5318 1320 5371 καὶ
1347 5319 1533 5383 αύτὶς,
1569 5318 1744 5387 ἐφίλει
1790 5320 1886 5373 καὶ

283 5417 369 5479 ὡς
413 5413 614 5481 ἣδιστα
646 5411 1058 5480 κατησπάζετο,
1109 5414 1202 5464 xui.
1234 5413 1324 5482 ὑφ’
1362 5413 1556 5483 ἡδονῆς
1594 5412 1885 5482 δακρύοντι

285 5504 664 5574 συνεδάκρυε.
699 5504 870 5567 Μόλις
891 5499 986 5556 οὖν
1016 5503 1127 5556 τῶν
1153 5503 1406 5574 δακρύων
1441 5506 1627 5566 αὐτοῖς
1661 5521 1884 5558 παυσα-

283 5603 508 5669 μένων,
561 5596 589 5647 6
638 5596 869 5666 Μάρκος
919 5595 1266 5666 ἀμφοτέρους
1329 5595 1660 5666 παραλαϐὼν
1713 5597 1884 5660 οὕτως

277 5689 412 5759 εἶχε
454 5687 584 5757 παρ’
614 5686 742 5756 ὃλην
773 5686 874 5754 τὴν
901 5683 1096 5752 νύκτα,
1123 5683 1323 5750 πολλάς
1354 5687 1450 5740 σὺν
1475 5684 1672 5757 ἰκτίνῳ
1702 5686 1883 5756 διομο-

278 5776 602 5847 λογοῦντας
633 5777 710 5848 τῷ
745 5777 935 5848 Κυρίῳ
961 5777 1214 5848 χάριτας.

1995 4572 2295 4626 admissum
2338 4579 2422 4626 est
2465 4569 2714 4625 condona
2741 4610 2756 4636 ,
2789 4585 2892 4624 nec
2925 4585 3010 4624 me
3041 4569 3120 4624 uti
3163 4569 3460 4622 multarum
3499 4567 3580 4621 la-

1991 4679 2305 4734 crymarum
2339 4671 2622 4717 auctorem
2651 4677 2764 4732 pra:
2795 4661 2984 4716 dolore
3014 4660 3249 4729 amplius
3281 4660 3572 4713 insectare.

1991 4755 2117 4810 Haec
2165 4755 2339 4820 dixit,
2393 4755 2668 4823 simulque
2719 4753 3008 4822 complexu
3061 4761 3272 4820 patrem
3330 4749 3572 4804 tenebat.

1989 4846 2262 4913 Quocirca
2325 4845 2518 4899 laetitia
2576 4843 2829 4914 quardam
2885 4842 3228 4897 admirabilis
3281 4857 3378 4896 cor
3429 4843 3577 4899 illius

1990 4940 2178 5001 subit,
2211 4952 2274 4992 ac
2303 4936 2620 4990 incredibili
2649 4935 2850 5006 gaudio
2876 4937 2997 5006 ejus
3045 4933 3217 5002 ipsius
3250 4933 3435 5004 lingua
3471 4935 3576 4988 im-

1989 5028 2347 5097 pediebatur.
2395 5026 2605 5081 Deinde
2663 5027 2732 5081 ad
2786 5025 3113 5096 Gregorium
3142 5025 3363 5078 'oculos
3415 5023 3578 5080 ﬁxius

1991 5120 2281 5190 adjiciens,
2316 5130 2604 5190 aspectum
2637 5120 2759 5190 ejus
2801 5117 3121 5172 accuratius
3163 5116 3491 5185 vestigabat,
3523 5126 3580 5172 et

1991 5215 2258 5283 sagaciter
2284 5214 2368 5281 (ut
2394 5214 2469 5266 ita
2505 5211 2708 5282 dicam)
2732 5210 3056 5266 venabatur.
3101 5207 3240 5262 Tum
3279 5210 3456 5277 ipsum
3494 5209 3578 5260 di-

1993 5321 2118 5360 vum
2162 5304 2487 5375 Gregorium
2537 5305 2955 5359 dilectissimum
3001 5303 3170 5358 ﬁlium
3217 5316 3339 5354 esse
3381 5302 3577 5356 certis~

1991 5399 2130 5454 sime
2161 5414 2457 5468 persuasus
2478 5435 2493 5462 ,
2535 5397 2685 5450 hunc
2715 5395 2952 5449 vicissim
2988 5392 3336 5462 complexus,
3363 5392 3577 5447 suavis-

1991 5493 2128 5546 sime
2178 5491 2567 5554 osculabatur,
2619 5505 2683 5542 ac
2736 5503 2860 5542 cum
2905 5486 3247 5556 lacrymaute
3295 5484 3408 5538 ﬁlio
3459 5485 3576 5553 ipse

1992 5584 2199 5653 pariter
2243 5596 2354 5651 pra:
2396 5580 2583 5634 laetitia
2633 5578 3060 5648 lacrymabatur.
3110 5576 3362 5647 Cumque
3426 5591 3455 5630 a
3497 5575 3574 5630 la-

1990 5671 2192 5741 crymis
2219 5670 2496 5739 paulisper
2530 5677 2895 5737 temperatum
2929 5678 3094 5731 esset.
3121 5668 3340 5722 lllareus
3361 5673 3572 5720 utrum-

1990 5778 2098 5832 que
2142 5761 2472 5836 suscipiens,
2516 5776 2717 5831 magno
2755 5761 2866 5816 Deo
2910 5760 3110 5832 gratias
3149 5759 3292 5832 egit,
3339 5761 3569 5830 illosque

1997 5866 2112 5911 tota
2147 5865 2306 5913 nocte
2337 5871 2524 5913 secum
2556 5854 2769 5913 habuit.
