4080 6374
299 258 413 325 233

1267 212 1442 318 vim
1479 254 1547 315 s.
1576 252 1960 317 GREGORII
2002 255 2541 319 AGRIGENTINI.

3441 258 3548 324 234

298 371 675 445 ἀνθρωπίνης,
709 369 742 438 ἢ
786 369 878 422 καὶ
920 366 1093 438 βραχύ
1148 384 1199 421 τι
1238 367 1572 437 φθέγξασθαι
1609 361 1745 439 πρὸς
1793 369 1875 421 δν-

1982 383 2085 424 vox
2123 370 2221 425 tibi
2251 380 2335 428 est
2366 370 2673 442 impedita?
2712 372 2808 429 Ille
2840 388 3122 444 nunquam
3154 390 3213 430 se
3243 376 3325 432 vel
3362 393 3551 435 vocem

299 482 429 521 τινα
459 461 591 533 γοῦν
618 457 1015 531 δυνηθῆναι.’0
1045 460 1234 528 μέντοι
1266 458 1545 532 προεστὼς
1574 459 1675 530 τῆς
1710 458 1878 530 μονῆς

299 556 492 625 ὃγδοον
516 555 633 616 ἔτος
659 552 822 605 αὑτὸν
846 553 1001 619 ἄγειν
1029 552 1212 616 ὁπότε,
1244 551 1375 621 ἔφη,
1404 550 1500 603 καὶ
1520 551 1875 632 ἀπεκείρατο,

299 647 479 701 εῐκοσι
512 646 568 699 δὲ
604 645 707 716 ἤδη
739 644 968 715 χρόνους
999 645 1058 696 ἐν
1085 645 1152 713 τῇ
1188 645 1325 714 μονῇ
1354 640 1659 712 διατρίψαι.
1707 643 1877 707 Φόϐος

297 741 399 795 ἰπὶ
428 740 591 795 τοῦτο
617 739 785 801 πολὺς
815 738 1007 807 εἴληφε
1049 737 1177 803 τοὺς
1233 738 1507 808 παρόντας
1536 778 1552 804 ,
1603 738 1701 792 καὶ
1742 739 1875 802 Θεὸς

296 835 407 889 ὑπὸ
437 833 658 888 πάντων
686 831 1072 903 ἐμεγαλύνετο.

371 1010 515 1076 AG".
544 1007 789 1061 Είσιόντι
819 1007 878 1061 δὲ
910 1006 1011 1077 τὴν
1040 1007 1196 1060 πόλιν
1230 1006 1308 1076 τῷ
1345 1008 1623 1080 μακαρίῳ,
1656 1009 1790 1062 πολύ
1822 1026 1875 1063 τι

297 1100 509 1170 πλῆθος
562 1098 714 1168 αὑτῷ
776 1099 1140 1169 προσυπήντα
1163 1138 1180 1164 ,
1241 1097 1302 1150 οὐ
1330 1097 1439 1150 τῶν
1487 1099 1875 1169 ἐπιτυχόντων,

296 1190 440 1245 ἀλλὰ
492 1191 589 1244 καὶ
642 1188 751 1243 τῶν
820 1185 1097 1257 ἀξιώμασι
1154 1186 1218 1240 τὸ
1270 1186 1553 1260 διαφέρειν
1617 1189 1872 1258 ἑχόντων.

308 1279 579 1354 Ἐπτέρου
612 1282 724 1351 γὰρ
756 1275 875 1335 οἷον
903 1280 1101 1345 αὐτοὺς
1135 1280 1234 1334 καὶ
1265 1281 1529 1346 ἀνεκίνει,
1561 1281 1659 1335 καὶ
1680 1281 1878 1336 διάπυ-

299 1388 397 1445 ρον
454 1372 636 1426 ιποίει
669 1371 764 1426 τὸν
803 1370 943 1443 πρὸς
1009 1368 1312 1440 Γρηγόριον
1369 1371 1552 1443 ιρωτα
1604 1373 1633 1426 ό
1693 1374 1877 1443 κωφὸς

297 1465 397 1520 καὶ
435 1464 632 1528 ἄλαλος
657 1506 672 1531 ,
710 1463 773 1528 δς
827 1463 1305 1535 προπορευόμενος
1351 1463 1476 1518 καθ’
1523 1463 1618 1529 οὓς
1667 1466 1878 1534 γένοιτο

298 1557 430 1612 ἐϐόα
455 1557 569 1622 ἀεὶ,
613 1557 708 1611 καὶ
734 1556 914 1628 κήρυξ
963 1555 1221 1628 λαμπρὸς
1260 1554 1357 1611 τοῦ
1392 1556 1734 1622 τελεσθέντος
1774 1559 1879 1613 ὐπ-

294 1648 433 1721 ῆρχε
454 1646 759 1719 θαύματος.
792 1646 1074 1703 Τοσούτων
1100 1646 1194 1702 οὖν
1223 1646 1333 1701 τῶν
1358 1647 1533 1703 ἄλλων
1559 1666 1877 1722 προσυπαν-

293 1741 539 1806 τῶντων,
570 1743 606 1811 ἡ
632 1740 754 1806 ίερὰ
781 1739 876 1793 τοῦ
891 1737 1210 1811 Γρηγορίου
1238 1743 1433 1813 μήτηρ
1462 1742 1605 1814 μετὰ
1629 1745 1727 1800 καὶ
1765 1744 1875 1797 τῶν

296 1832 503 1886 λοιπῶν
546 1832 924 1904 πρεσϐυτίδων
974 1832 1127 1897 ἐντὸς
1154 1834 1408 1904 εἱστήκει
1434 1836 1535 1906 τῆς
1568 1835 1745 1906 πύλης
1776 1837 1877 1908 τῆς

295 1925 534 1991 πόλεως,
566 1925 666 1995 ήδη
710 1925 811 1995 μέν
843 1942 967 1978 τινα
989 1925 1194 1996 τρόπον
1216 1927 1489 1995 ἀκηκουῖα
1521 1928 1591 1982 τὰ
1614 1928 1756 1983 κατὰ
1784 1929 1876 1982 τὸν

296 2013 455 2067 υίόνο
489 2013 615 2066 οὐδὲ
674 2014 787 2086 γὰρ
836 2012 1014 2079 οὕτως
1056 2016 1265 2085 ἀμελὴς
1311 2017 1569 2089 Χαρίτων
1602 2019 1631 2072 ό
1670 2017 1875 2091 ταύτης

296 2106 463 2175 ἀνὴρ,
501 2105 575 2169 ὡς
615 2104 690 2176 μὴ
724 2103 997 2177 τοσαύτης
1021 2106 1216 2179 ἡδονῆς
1258 2109 1519 2162 κοινωνὸν
1545 2109 1739 2164 θέσθαι
1779 2113 1875 2169 καὶ

305 2197 410 2265 τὴν
433 2197 671 2262 γυναῖκα
698 2196 799 2250 καὶ
829 2197 1115 2268 πόρρωθεν
1145 2193 1334 2264 οὖσαν,
1366 2197 1485 2253 ἀλλ’
1526 2195 1622 2256 οὖν
1670 2203 1766 2255 καὶ
1792 2201 1873 2255 ἔτι

294 2284 500 2358 ὥσπερ
516 2285 595 2357 τῷ
627 2285 921 2360 παραδόξῳ
946 2288 1047 2341 τοῦ
1077 2290 1403 2359 πράγματος
1434 2289 1710 2362 μετέωρος
1738 2289 1873 2347 οὖσα

294 2379 399 2449 τὴν
433 2380 631 2449 φρένα,
665 2381 760 2434 καί
805 2379 908 2432 οὐκ
944 2379 1145 2449 ἔχουσα
1180 2384 1291 2443 τοῖς
1326 2381 1647 2455 λεγομένοις
1695 2383 1874 2438 συντί-

296 2468 518 2528 θεσθαι.
555 2471 716 2526 Ἐπεὶ
736 2471 795 2525 δὲ
823 2473 919 2525 καὶ
948 2470 1237 2544 πόρρωθεν
1259 2472 1471 2543 ἥκοντα
1496 2474 1591 2529 τὸν
1623 2476 1735 2529 υἱὸν
1760 2470 1870 2530 εἶδε

298 2564 397 2615 καὶ
425 2563 532 2632 τὴν
558 2562 683 2633 δψιν
714 2564 965 2631 ἀνέγνω·
999 2562 1211 2634 σφόδρα
1236 2567 1352 2632 γὰρ
1381 2565 1477 2617 καὶ
1510 2567 1639 2629 παίς
1682 2564 1757 2621 ὢν
1791 2567 1873 2623 ἔτι

294 2651 377 2725 τῷ
408 2658 584 2725 πατρὶ
607 2655 930 2726 παρομοίως
958 2649 1051 2727 ἦν,
1075 2653 1152 2718 ὡς
1180 2655 1283 2726 ήδη
1316 2655 1410 2709 καὶ
1442 2656 1867 2730 προδεδήλωται,

296 2746 394 2798 καὶ
437 2745 585 2818 ἀνὴρ
625 2746 684 2800 δὲ
730 2748 896 2802 πάλιν
950 2746 1245 2817 γενόμενος
1312 2750 1383 2800 τὰ
1427 2748 1526 2818 τῆς
1570 2750 1873 2823 ὲμφερείας

1986 462 2226 518 hominis
2274 464 2497 519 audisse
2541 463 2722 532 dixit,
2768 465 2854 521 vel
2912 466 3215 537 quemlibet
3264 469 3551 539 paululum

1979 556 2135 612 affari
2161 557 2424 628 potuisse.
2456 557 2595 612 Tum
2627 559 2946 615 monasterii
2980 573 3182 629 praeses
3218 570 3345 618 octo
3376 577 3552 620 annos

1979 651 2132 706 illum
2167 664 2357 720 agere,
2392 663 2519 703 cum
2549 659 2742 706 tonsus
2770 659 2894 706 est:
2934 662 3193 707 caeterum
3229 653 3431 724 viginti
3450 671 3553 711 an-

1978 758 2080 799 nos
2103 743 2158 798 in
2183 740 2517 798 monasterio
2537 754 2939 799 commoratum
2961 745 3121 800 dixit.
3143 745 3203 801 In
3225 746 3330 803 hoc
3357 749 3551 820 ingens

1981 843 2280 907 praesentes
2303 847 2497 889 omnes
2519 833 2685 889 timor
2714 834 2963 904 incessit,
2996 835 3248 909 Deusque
3268 840 3339 894 ab
3367 842 3551 896 omni-

1980 929 2086 985 bus
2115 927 2401 998 magnifice
2436 926 2838 983 celebrabatur.

2050 1019 2287 1075 XXXVI.
2335 1019 2667 1092 Ingredienti
2715 1020 3018 1087 civitatem,
3056 1036 3252 1093 magna
3294 1024 3541 1092 quaedam

1982 1110 2305 1178 multitudo,
2329 1126 2436 1167 n0u
2461 1112 2837 1186 gregariorum
2850 1110 3095 1183 quidem,
3111 1111 3207 1167 sed
3229 1112 3446 1168 illorum
3460 1117 3556 1187 qui

1980 1202 2290 1259 honoribus
2314 1212 2379 1256 ac
2417 1203 2681 1274 dignitate
2709 1201 2925 1257 caeteris
2957 1202 3326 1268 antestabant,
3358 1219 3555 1260 occur-

1979 1296 2076 1353 rit.
2103 1295 2309 1353 Eorum
2334 1295 2483 1351 enim
2510 1296 2724 1353 animos
2750 1294 2808 1350 in
2836 1293 3071 1350 sublime
3097 1303 3373 1357 evexerat.
3403 1310 3554 1351 com-

1977 1393 2259 1454 moverat,
2292 1386 2460 1459 inque
2501 1384 2751 1455 Gregorii
2785 1399 3030 1445 amorem
3068 1385 3429 1443 vehementer
3462 1386 3552 1442 in-

1978 1476 2285 1534 ﬂammarat
2313 1476 2518 1533 surdus
2552 1477 2665 1545 ille,
2705 1479 2963 1546 idemque
2993 1484 3220 1532 mutus:
3262 1477 3358 1551 qui
3391 1488 3552 1535 ante-

1978 1580 2224 1637 vertens,
2251 1569 2397 1641 apud
2422 1584 2638 1633 omnes,
2663 1583 2804 1639 quos
2825 1567 3065 1624 habebat
3086 1568 3300 1636 obvios,
3329 1583 3553 1642 semper

1979 1661 2286 1728 clamabat,
2330 1675 2502 1731 seque
2541 1675 2851 1732 praeconem
2888 1660 3090 1731 patrati
3126 1660 3376 1716 miraculi
3410 1676 3552 1733 prae-

1977 1756 2160 1811 stabat
2183 1755 2475 1812 illustrem.
2499 1755 2636 1811 Cum
2660 1754 2828 1826 igitur
2849 1754 3102 1825 Gregorii
3131 1764 3330 1820 mater,
3355 1756 3555 1817 mulier

1976 1859 2187 1913 sancta,
2222 1846 2346 1903 aliis
2396 1847 2508 1904 lilio
2540 1846 2760 1903 obviam
2812 1845 3238 1917 prodeuntibus,
3273 1846 3389 1919 ipsa
3419 1863 3545 1904 cum

1978 1938 2206 2011 reliquis
2241 1938 2557 1997 senioribus
2600 1937 2822 1994 feminis
2862 1938 3010 1991 intra
3047 1945 3264 2011 portam
3312 1939 3554 1994 civitatis

1975 2031 2312 2088 substitisset
2355 2033 2482 2102 (nec
2517 2030 2662 2087 enim
2693 2045 2815 2101 qua:
2847 2028 2964 2085 lilio
3009 2030 3139 2085 olim
3178 2031 3548 2103 contigerant,

1976 2122 2326 2193 aliquatenus
2363 2123 2508 2180 illam
2543 2123 2808 2189 latebant,
2848 2122 3123 2194 siquidem
3156 2122 3426 2182 Chariten
3465 2125 3550 2180 vir

1975 2214 2095 2285 ejus
2138 2228 2248 2271 non
2304 2228 2481 2285 usque
2528 2215 2667 2272 adeo
2708 2214 2892 2285 segnis
2941 2211 3078 2278 fuit,
3131 2214 3266 2286 quin
3320 2230 3549 2271 uxorem

1975 2320 2290 2377 quanquam
2316 2306 2478 2380 longe
2503 2308 2761 2378 positam,
2793 2317 2901 2361 tam
2924 2307 3163 2379 ingentis
3187 2307 3394 2364 laetitia
3417 2326 3549 2380 par-

1978 2396 2199 2468 ticipem
2229 2397 2456 2469 faceret)
2490 2398 2724 2470 proinde
2752 2399 3042 2470 repentino
3072 2398 3180 2456 hoc
3210 2409 3268 2456 et
3305 2400 3552 2457 admira-

1972 2489 2071 2545 bili
2100 2489 2296 2546 nuntio
2324 2490 2612 2561 suspensis
2642 2488 2825 2546 adhuc
2855 2498 2913 2545 et
2942 2493 3146 2546 erectis
3174 2491 3374 2549 animis
3403 2504 3544 2559 erat,

1974 2597 2153 2657 neque
2183 2581 2347 2639 dictis
2377 2582 2729 2654 acquiescere
2760 2590 3001 2654 poterat.
3032 2583 3104 2641 At
3125 2581 3222 2642 ubi
3255 2582 3426 2640 lilium
3453 2601 3553 2641 ve-

1973 2674 2218 2730 nientem
2267 2674 2488 2732 eminus
2529 2672 2845 2749 conspicata
2891 2683 3010 2740 est,
3057 2673 3254 2729 faciem
3299 2675 3544 2746 agnovit,

1970 2764 2115 2833 patri
2146 2763 2293 2818 enim
2316 2776 2455 2836 puer
2478 2762 2659 2821 adhuc
2686 2762 2956 2819 exsistens
2976 2777 3077 2833 per
3110 2764 3298 2818 omnia
3326 2767 3411 2834 (ut
3437 2779 3550 2819 non

298 2837 421 2909 ῐχνη
454 2837 717 2903 διέσωζν
764 2838 827 2892 τό
876 2854 939 2892 τε
988 2832 1084 2892 οὖν
1140 2836 1319 2901 καλὼς
1347 2837 1511 2893 αὑτὸν
1543 2838 1871 2907 ἐπιγνοῦσα,

1978 2852 2054 2910 ita
2095 2832 2703 2925 pridemrperspicuum
2748 2853 2952 2910 factum
2984 2832 3100 2924 est)
3144 2832 3350 2913 similis
3387 2864 3554 2911 erat:

292 2927 425 2982 ἕπει
459 2928 631 3000 μηδὲν
660 2928 965 3000 ἀμφίϐολον
999 2928 1325 2982 ὑπελείπετο
1351 2967 1368 2996 ,
1400 2927 1536 2983 ἀλλὰ
1558 2929 1817 3001 καθαρῶς
1844 2932 1876 2986 ὁ

294 3017 606 3091 Γρηγόριος
639 3020 755 3084 υἱὸς
783 3021 955 3093 αὐτῆς
980 3020 1333 3092 ἐγνωρίξετο,
1355 3020 1610 3093 δακρύων
1632 3021 1877 3093 μὲντοὺς

293 3111 646 3182 ὀφθαλμοὺς,
688 3113 863 3185 χαρᾶς
891 3110 949 3165 δὲ
981 3112 1081 3183 τὴν
1126 3111 1359 3184 καρδίαν
1391 3111 1608 3184 πλήρης
1644 3112 1873 3182 ἐγίνετο,

296 3203 404 3257 καὶ
431 3203 607 3268 ὅντως
637 3205 773 3276 πρὸς
816 3203 1017 3276 ἑαυτὴν
1067 3205 1252 3277 φησιν,
1289 3204 1367 3260 Οὐ
1411 3205 1633 3277 ψευδὴς,
1664 3204 1883 3275 ἔλεγεν,

290 3296 357 3352 οὐ
386 3294 595 3367 ψευδὴς
649 3296 783 3366 ἔφυς
828 3297 858 3349 ὁ
908 3296 1081 3352 ταῦτα
1110 3314 1200 3368 μοι
1232 3297 1341 3367 πρὸ
1368 3297 1565 3352 πολλοῦ
1602 3297 1866 3370 εἰρηκὼς,

296 3387 389 3442 δτι
439 3389 544 3443 κάν
567 3391 635 3460 τῇ
667 3388 924 3463 παρούσῃ
958 3389 1070 3461 ζωῇ
1094 3391 1190 3444 καὶ
1218 3388 1396 3454 ζῶντα
1426 3390 1522 3444 καὶ
1547 3391 1690 3460 μετὰ
1718 3390 1876 3467 δόξης

294 3480 398 3534 τὸν
423 3480 561 3551 ὲμδν
587 3482 756 3536 παῖδα
781 3482 1071 3553 θεάσομαι.
1110 3481 1272 3536 Ἀλλὰ
1292 3480 1465 3539 ταῦτα
1490 3482 1591 3553 μὲν
1619 3485 1652 3557 ’1)
1689 3486 1876 3556 μήτηρ

291 3573 392 3628 τὸν
430 3574 662 3647 Μάρκον
685 3577 1036 3648 αἰνιττομένη
1055 3593 1069 3608 '
1125 3577 1156 3628 ό
1179 3577 1237 3631 δὲ
1266 3578 1408 3635 κατὰ
1433 3576 1655 3650 πνεῦμα
1701 3580 1876 3656 ταύτῃ

293 3664 425 3719 τότε
467 3667 676 3737 πατὴρ,
739 3667 975 3738 ἐπείπερ
1024 3667 1243 3737 ﬁnus,
1291 3668 1388 3722 xui.
1418 3669 1518 3735 τὴν
1550 3670 1764 3741 μητέρι
1790 3688 1879 3738 γι-

296 3755 629 3810 νώσκουσαν
688 3756 852 3827 εγνω,
912 3757 1233 3828 περιϐάλλει
1280 3774 1340 3811 τε
1389 3758 1533 3812 πάνυ
1575 3758 1741 3834 ἡδέως
1780 3760 1876 3814 καὶ

297 3848 701 3919 ἀσπασάμενος
728 3850 913 3921 μόνον,
948 3850 1067 3903 οὐδὲ
1095 3852 1205 3921 γὰρ
1240 3849 1605 3922 ἑνδιατρίὸειν
1635 3853 1662 3905 ό
1687 3852 1878 3924 καιρὸς

295 3936 435 4007 περὶ
452 3938 633 3992 ταῦτα
657 3939 853 4005 ἐδίδου,
881 3937 1019 4009 μετὰ
1041 3940 1240 4003 παντὸς
1263 3940 1356 3993 τοῦ
1380 3938 1619 4009 πλήθους
1641 3939 1702 3995 τὸ
1733 3940 1880 4015 ἱερὸν

298 4028 499 4100 εἰσῄει.
557 4029 672 4100 Τῆς
717 4029 774 4083 δὲ
820 4029 975 4094 θείας
1023 4030 1357 4101 τελουμένης
1403 4033 1818 4102 μυσταγωγίας,
1852 4034 1881 4087 ό

1972 2943 2104 3015 quin
2141 2954 2199 3000 et
2226 2943 2311 2999 vir
2337 2943 2537 3011 factus,
2565 2943 2795 3016 vestigia
2828 2943 3209 3000 similitudinis
3239 2959 3554 3002 conserva-

1972 3034 2074 3089 vit.
2115 3031 2483 3102 Quamobrem
2513 3049 2638 3090 cum
2682 3035 2857 3091 lilium
2896 3033 3070 3106 probe
3109 3045 3463 3107 agnosceret,
3494 3046 3554 3092 et

1974 3125 2185 3195 anceps
2214 3123 2352 3180 nihil
2382 3123 2490 3180 sibi
2522 3124 2830 3197 quidquam
2864 3124 3306 3199 relinqueretur,
3337 3128 3555 3200 quomi-

1981 3218 2087 3274 nus
2124 3214 2421 3285 Gregorius
2463 3218 2547 3272 sui
2586 3216 2763 3287 ipsius
2794 3216 2940 3275 Illius
2972 3217 3295 3276 manifestus
3323 3232 3557 3291 appare—

1983 3316 2068 3365 ret
2094 3326 2107 3363 :
2138 3317 2252 3365 tum
2279 3308 2337 3363 in
2371 3308 2642 3381 lacrymas
2668 3320 2725 3365 et
2749 3309 2936 3365 cordis
2963 3309 3225 3381 gaudium
3254 3310 3447 3377 causa,
3477 3311 3555 3367 ita

1983 3397 2145 3468 plane
2171 3413 2361 3454 secum
2384 3398 2501 3471 ipsa
2524 3400 2858 3471 loquebatur
2883 3417 2900 3456 :
2932 3400 3053 3457 Non
3076 3408 3136 3457 tu
3161 3403 3415 3470 mendax,
3443 3419 3552 3457 non

1979 3494 2037 3545 tu
2085 3490 2353 3563 (inquam)
2398 3491 2633 3547 mendax
2678 3491 2874 3557 fuisti,
2914 3490 3009 3562 qui
3053 3491 3167 3563 jam
3198 3492 3411 3563 pridem
3439 3492 3557 3553 haec

1979 3582 2117 3637 mihi
2153 3581 2408 3650 dixeras,
2451 3598 2542 3639 me
2580 3582 2685 3638 hac
2724 3582 2890 3639 etiam
2929 3583 3185 3658 praesenti
3227 3582 3339 3640 vita
3382 3581 3556 3638 (ilium

1980 3686 2162 3728 meum
2187 3688 2314 3731 cum
2346 3673 2520 3745 gloria
2544 3674 2785 3731 visuram
2819 3691 2834 3728 :
2867 3674 3074 3747 quibus
3099 3672 3282 3731 verbis
3312 3674 3553 3735 Marcum

1980 3762 2221 3820 latenter
2243 3761 2588 3836 designabat.
2612 3762 2785 3820 Porro
2804 3761 2952 3820 ﬁlius
2975 3761 3281 3820 secundum
3306 3776 3554 3827 carnem,

1982 3855 2074 3924 qui
2107 3864 2240 3909 tunc
2271 3854 2453 3910 cidem
2490 3854 2645 3927 juxta
2679 3855 2935 3924 spiritum
2968 3863 3122 3923 pater
3150 3861 3303 3918 erat,
3332 3852 3427 3907 ubi
3463 3868 3557 3906 cu-

1984 3943 2168 3999 minus
2190 3944 2676 4018 appropinquavit,
2707 3954 3052 4019 matremque
3076 3960 3137 4001 se
3165 3952 3550 4016 agnoscentem

1981 4033 2225 4105 agnovit,
2252 4049 2373 4090 eam
2396 4035 2723 4092 suavissime
2746 4035 3016 4101 ambiens,
3050 4044 3369 4109 tantumque
3401 4049 3557 4091 com-

296 4117 633 4189 καθιδρῦσαι
678 4118 841 4175 αὐτὸν
894 4118 1172 4191 ἐληλυθὼς
1223 4121 1551 4185 ἐπίσκοπος,
1591 4122 1683 4175 καί
1734 4139 1875 4186 τινες

1981 4126 2234 4195 ριοιειῑιιε
2262 4128 2408 4194 (nam
2434 4125 2734 4195 quominus
2759 4124 2815 4178 in
2846 4124 2935 4180 his
2959 4125 3166 4181 diutius
3192 4127 3556 4183 immorarcn-

297 4208 414 4262 τῶν
453 4209 627 4275 ἀξίων
662 4209 837 4277 ἄλλοι,
866 4211 976 4282 τὴν,
1016 4210 1211 4281 ὁμοίαν
1239 4212 1307 4282 τῇ
1354 4210 1519 4267 πάλαι
1581 4215 1875 4285 περιστερᾷ

1990 4223 2099 4283 tur,
2141 4226 2387 4287 tempore
2415 4215 2873 4288 excludebantur)
2912 4232 3016 4271 una
3050 4234 3171 4272 cum
3200 4216 3556 4275 multitudine

292 4300 512 4356 ἄνωθεν
554 4303 836 4375 καθορῶσι
892 4304 990 4358 καὶ
1063 4302 1227 4357 πάλιν
1276 4304 1729 4359 ἐπικαταπῖᾶσαν
1782 4308 1875 4360 καὶ

1984 4306 2247 4376 templum
2296 4307 2604 4385 ingreditur
2640 4324 2653 4362 :
2696 4306 2790 4362 ubi
2835 4308 3074 4378 peractis
3116 4306 3319 4365 divinis
3349 4315 3555 4379 myste-
3610 4306 3617 4313 ’

291 4392 744 4462 πριαιὰσασαν
770 4390 863 4446 τὸν
896 4392 1222 4464 Γρηγόριον.

1985 4395 2101 4463 riis,
2127 4398 2422 4471 episcopus
2445 4398 2538 4467 qui
2568 4397 2718 4455 hunc
2747 4398 2802 4453 in
2828 4398 3012 4457 sedem
3037 4398 3278 4453 locatum
3302 4409 3556 4468 venerat,

288 4497 359 4538 ac
386 4483 482 4538 alii
514 4492 784 4552 praeterea
809 4482 917 4539 viri
947 4483 1100 4555 digni
1125 4484 1464 4550 columbam,
1499 4483 1579 4539 illi
1604 4498 1725 4554 quae
1750 4483 1881 4540 olim
1920 4487 2139 4544 ctelitus
2167 4489 2467 4559 advolarat,
2501 4490 2836 4566 persimilem
2894 4506 3085 4547 rursus
3116 4507 3146 4547 e
3181 4493 3320 4552 ccelo
3388 4494 3557 4551 devo-

290 4576 529 4642 lantem,
557 4575 889 4647 Gregorium
919 4574 1254 4630 adumbrare
1287 4575 1657 4645 conspiciunt.

366 4666 494 4722 AZ’.
546 4665 747 4721 Ταῦτα
807 4666 996 4737 ἑπειδὴ
1050 4666 1260 4738 φανερὰ
1302 4667 1539 4735 γεγόνει,
1599 4668 1711 4730 τοῖς
1779 4666 1879 4737 μὲν

286 4757 494 4823 ίδοῦσι,
530 4760 644 4821 τοῖς
672 4756 731 4810 δὲ
763 4760 855 4810 καὶ
895 4758 1046 4827 παρὰ
1083 4758 1300 4812 ιδόντων
1333 4757 1660 4820 ἀκούσασιν,
1687 4757 1876 4811 οὐκέτι

286 4849 520 4922 μέλλειν
570 4850 605 4919 ἡ
661 4847 816 4911 πόλις
868 4849 1137 4916 ἔγνωσαν,
1173 4847 1293 4902 ἀλλ’
1347 4842 1455 4912 οἷός
1488 4850 1637 4902 ἐστιν
1666 4849 1873 4913 ἐκεῖνος

280 4939 480 5004 καλῶς
512 4939 736 5003 εἰδότες,
767 4939 933 5000 εὐθὺς
957 4938 1051 5003 οὓς
1080 4935 1227 5009 εἶχον
1253 4938 1631 5008 δαιμονῶντας
1661 4938 1694 5010 ἢ
1728 4955 1872 5013 παρ-

281 5033 556 5103 ειμένους
582 5030 616 5101 ἢ
648 5029 833 5092 ἄλλως
856 5031 1127 5100 νοσήμασι
1158 5030 1396 5102 χρονίοις
1432 5030 1874 5100 κατεσχημένους

280 5120 512 5182 πάντας
567 5114 706 5189 ἦγον
750 5118 1207 5182 διαδαστάζοντες
1262 5118 1395 5189 παρ’
1446 5118 1626 5172 αὐτόν.
1677 5117 1788 5181 Οὓς
1845 5120 1873 5172 ὁ

278 5211 478 5282 μέγας
497 5211 798 5282 Γρηγόριος
829 5211 962 5281 εὐχῇ
987 5212 1125 5282 μόνῃ
1151 5211 1245 5264 καὶ
1276 5211 1386 5281 ἁφῇ
1410 5208 1612 5280 χειρῶν
1640 5209 1875 5278 ἑτοίμως

276 5308 442 5359 ἰᾶτο.
471 5305 582 5358 Καὶ
613 5302 721 5356 τῶν
755 5303 857 5373 μὲν
912 5303 1182 5373 σωμάτων
1215 5303 1401 5365 αὐτοῖς
1444 5300 1617 5365 οὕτως
1675 5302 1867 5370 ἐπεμε-

272 5397 462 5457 inito,
486 5393 593 5457 τὰς
621 5393 677 5446 δέ
708 5393 971 5462 γεψυχάς
1004 5394 1101 5448 καὶ
1140 5394 1232 5448 διὰ
1277 5391 1483 5448 τοθτων
1527 5393 1628 5463 μὲν
1674 5392 1877 5455 ίκανῶί

272 5486 635 5558 ἐθεράπευε,
658 5483 933 5541 διδάσκων
964 5485 1165 5546 αὐτοὺς
1192 5482 1287 5539 καὶ
1315 5485 1528 5547 δεικνὺς
1564 5483 1640 5548 ὡς
1671 5483 1878 5538 τούτων

272 5581 355 5632 τὰ
392 5577 633 5629 πλεῖστα
654 5574 894 5645 ψυχικῆς
914 5574 1096 5637 αἰτίας
1125 5572 1383 5646 ιξῆπται,
1404 5575 1668 5645 κάκείνης
1696 5574 1788 5626 ἐπὶ
1817 5574 1879 5627 τδ

316 5669 513 5722 έλτιον
540 5667 1155 5740 μεταϐαλλομένης,κα“ι
1179 5667 1357 5723 ταῦτα
1385 5667 1581 5722 θᾶττον
1602 5665 1702 5736 τὴν
1731 5663 1889 5719 iactv

635 5770 906 5858 ίἈτιωι..
936 5767 1055 5832 Gn.
1090 5765 1312 5831 CXVI.

2056 4667 2322 4724 XXXVII.
2352 4667 2476 4725 Hmc
2497 4669 2590 4725 ubi
2622 4681 2733 4725 tum
2765 4670 2834 4724 ab
2855 4669 2930 4724 iis
2974 4671 3069 4743 qui
3101 4670 3377 4735 viderunt.
3438 4679 3554 4727 tum

1985 4761 2078 4830 qui
2114 4760 2363 4816 videntes
2389 4759 2707 4824 audierunt,
2738 4760 2976 4816 indicata
3010 4773 3164 4826 sunt,
3196 4762 3395 4818 civitas
3444 4777 3555 4818 non

1978 4849 2191 4905 diutius
2248 4859 2503 4906 cunctata
2540 4859 2645 4919 est,
2686 4850 2781 4907 sed
2803 4852 2983 4926 qualis
3007 4861 3154 4908 esset
3204 4851 3319 4917 ille,
3383 4851 3556 4922 probe

1977 4941 2343 5013 perspiciens,
2378 4957 2520 5015 quos
2551 4959 2600 5011 Va
2641 4943 2887 4999 daemone
2926 4944 3189 5018 percitos,
3242 4943 3553 5013 languidos,

1974 5035 2061 5090 vel
2087 5035 2350 5092 diuturno
2375 5036 2567 5091 morbo
2601 5035 2850 5091 detentos
2879 5035 3070 5092 habuit
3118 5034 3184 5088 ad
3236 5035 3388 5090 illum
3424 5050 3554 5089 ceu-

1978 5126 2159 5183 festim
2199 5141 2393 5183 omnes
2436 5127 2714 5189 adduxit:
2772 5142 2913 5197 quos
2968 5126 3264 5196 Gregorius
3326 5140 3554 5196 magnus

1978 5208 2094 5273 sola
2124 5218 2439 5288 precatione
2471 5232 2536 5272 ac
2584 5225 2847 5273 contactu
2875 5230 3133 5271 manuum
3167 5215 3549 5268 incunctanter

1978 5302 2220 5357 sanabat.
2238 5304 2677 5373 Atqueﬁeorpora
2698 5303 2918 5375 quidem
2947 5302 3021 5356 ita
3043 5302 3300 5366 curabat;
3329 5300 3544 5362 animas

1980 5406 2114 5448 vero
2148 5408 2244 5463 per
2273 5393 2388 5451 haec
2408 5392 2614 5449 aﬂ‘atim
2642 5392 2887 5456 sanabat,
2932 5392 3189 5447 nimirum
3219 5391 3350 5447 dum
3392 5391 3553 5447 doce-

1980 5492 2066 5538 ret
2095 5482 2218 5539 Illos
2263 5493 2428 5553 atque
2475 5483 2810 5547 ostenderet,
2836 5484 3097 5554 pleraque
3147 5499 3215 5540 ex
3263 5484 3350 5539 his
3382 5481 3551 5544 animi

1981 5575 2142 5643 culpa
2194 5575 2327 5628 oriri
2363 5592 2377 5628 :
2412 5589 2521 5644 quo
2582 5574 2637 5629 in
2694 5575 2891 5630 melius
2939 5574 3262 5639 constituto,
3320 5588 3552 5644 corpora

1982 5674 2200 5735 quoque
2227 5661 2463 5721 celerius
2506 5665 2847 5722 curationem
2901 5666 3232 5737 suscipiunt.
3292 5664 3551 5736 Inprimis

3104 5760 3138 5823 8
