4080 6374
484 240 594 303 2Ξῦ

1708 221 1999 283 MENSIS
2042 219 2481 283 NOVEMBER.

3176 129 3205 149 ν

3617 213 3739 285 ἓθθ

402 370 407 373 ‘
485 368 621 413 vero
643 353 922 423 exemplar
955 362 1073 405 sese
1135 345 1242 400 illis
1274 342 1399 398 vitae
1452 346 1615 395 rectae
1659 335 2059 393 constituendae

2177 334 2398 406 ῑέχεται.
2422 332 2534 405 Πρὸ
2563 333 2620 389 δὲ
2650 333 2859 388 τούτων
2890 331 3049 401 αὐτὸς
3071 327 3139 405 ἦν
3172 333 3354 399 αὐτοῖς
3385 337 3739 409 παράδειγμα

484 445 916 521 pulcherrimum
955 442 1071 510 ipse
1101 434 1414 509 praestabat,
1446 432 1526 487 sic
1558 430 1765 495 vivens,
1798 438 1854 483 ut
1880 428 2056 484 oratio

486 538 741 612 superius
774 532 1057 596 indicavit,
1086 528 1331 599 seipsum
1358 533 1569 581 tantum
1618 522 2057 592 supereminens,

486 640 809 697 tantumque
838 621 1123 692 utriusque
1143 619 1270 677 vitae
1298 616 1540 673 medium
1572 628 1762 684 agens,
1792 618 2058 682 quantum

487 719 592 779 sibi
619 733 716 787 per
745 712 1026 786 dignitatis
1076 709 1456 770 excellentiam
1490 705 1706 763 licebat.
1757 704 1885 759 Post
1942 702 2060 757 haec

487 810 653 868 etiam
682 809 830 864 viros
852 806 961 865 illis
991 813 1109 861 tum
1164 803 1503 866 sacerdotes,
1549 808 1663 854 tum
1715 795 1996 858 diaconos,
2029 809 2061 849 a

488 901 687 973 quibus
715 899 897 956 divina
925 907 983 954 et
1011 911 1132 967 quae
1177 894 1322 949 ultra
1353 907 1454 948 nos
1486 898 1636 956 sunt,
1658 893 2057 959 peragerentur

490 991 792 1057 constituit,
823 1004 961 1060 quos
979 988 1055 1044 illi
1087 987 1363 1043 intuentes
1388 984 1796 1050 imitantesque,
1828 978 1885 1031 in
1916 978 2061 1032 viros

488 1084 695 1139 virtute
750 1077 1083 1137 clarissimos
1140 1075 1456 1133 evaderent.
1513 1072 1659 1127 Inter
1720 1070 1822 1126 hos
1875 1081 2062 1123 sacros

487 1175 636 1230 viros
662 1171 974 1242 complures
1006 1170 1112 1224 viri
1144 1175 1467 1240 praestantes
1498 1163 1744 1226 fuerunt,
1771 1160 1827 1213 in
1853 1156 2059 1228 quibus

489 1265 771 1330 Erasmus,
832 1259 1145 1318 Platonicus
1204 1273 1269 1314 ac
1341 1252 1731 1322 Philadelphus
1785 1248 2062 1320 praecipue

492 1356 733 1411 illustres
760 1352 998 1417 nituere,
1031 1350 1125 1420 qui
1159 1364 1286 1405 cum
1309 1348 1402 1403 illo
1428 1346 1727 1417 plurimum
1752 1351 2055 1405 versantes,

490 1462 555 1505 ac
583 1448 909 1518 ejusvitam,
955 1441 1134 1513 quoad
1169 1440 1285 1495 fieri
1340 1447 1577 1510 poterat,
1638 1433 1955 1506 etiingentes
1998 1447 2062 1486 ac

490 1528 884 1610 exprimentes,
915 1534 1154 1605 insignes
1186 1541 1246 1587 ut
1265 1532 1358 1602 qui
1390 1532 1625 1584 maxime
1660 1526 1807 1596 apud
1834 1539 2057 1580 omnem

492 1629 885 1700 rempublicam
917 1626 1044 1682 facti
1083 1632 1229 1682 sunt.
1286 1623 1411 1678 llaec
1438 1637 1569 1677 sane
1594 1617 2059 1692 quemadmodum

490 1722 862 1793 exposuimus,
896 1719 972 1773 ita
1049 1733 1108 1773 se
1142 1716 1439 1772 habebant.

560 1813 844 1873 XXXVIII.
880 1811 1170 1868 Nonnullis
1242 1819 1364 1880 post
1430 1807 1625 1863 diebus
1663 1820 1786 1860 cum
1828 1804 1892 1857 D.
1929 1801 2065 1857 Gre—

490 1908 677 1982 gorius
704 1905 979 1963 civitatem
1031 1902 1235 1964 obiret,
1299 1915 1409 1970 quo
1445 1896 1799 1954 miseratione
1843 1903 2068 1966 paterna

489 2009 723 2073 aegrotos
753 1997 1034 2061 inviseret,
1078 1996 1182 2049 alia
1219 1993 1440 2059 quidem
1473 2006 1596 2045 cum
1647 2002 1897 2051 numero,
1954 1994 2068 2039 tum

493 2090 868 2164 magnitudine
899 2089 1123 2159 majora,
1176 2099 1338 2155 quam
1366 2094 1427 2139 ut
1456 2082 1631 2137 oratio
1657 2079 2067 2150 complectatur,

493 2186 639 2241 edita
665 2191 815 2238 sunt.
858 2180 968 2235 Sed
994 2192 1189 2242 unum,
1244 2175 1394 2246 quod
1445 2173 1674 2228 auribus
1726 2169 1930 2224 vestris
1987 2172 2071 2221 est

493 2282 709 2346 gratum
740 2272 1004 2330 futurum.
1038 2268 1356 2334 largiamur.
1392 2262 1625 2317 Sabinus
1681 2257 1904 2330 quidam
1946 2270 2071 2326 pre-

493 2366 678 2437 sbyter
740 2361 955 2417 ﬁliolam
985 2357 1266 2429 pulchram
1297 2353 1518 2426 quidem
1569 2367 1631 2407 ac
1661 2350 1816 2405 valde
1870 2347 2071 2419 gratio-

496 2475 611 2514 sam
638 2455 851 2519 habuit,
885 2461 1141 2508 caeterum
1174 2449 1366 2504 morbo
1395 2447 1661 2501 diuturno
1695 2444 1806 2514 jam
1842 2454 2070 2512 oppres-

497 2564 633 2612 sam,
665 2561 784 2618 quae
808 2559 1001 2599 novem
1032 2542 1190 2596 annis
1209 2554 1424 2595 movere
1454 2553 1513 2592 se
1534 2534 1815 2605 nunquam
1838 2532 2064 2587 omnino

497 2646 772 2711 pctucrat.
817 2635 869 2690 Is
894 2648 1018 2689 cum
1070 2632 1288 2687 beatum
1351 2630 1530 2683 virum
1575 2642 1638 2681 ea
1694 2631 2070 2678 transeuntem

499 2727 763 2792 audisset,
814 2723 962 2779 illam
1021 2737 1127 2777 una
1156 2734 1288 2776 eum
1349 2734 1517 2773 uxore
1580 2716 1658 2771 uti
1709 2714 2069 2769 inanimatum

498 2818 771 2890 quoddam
791 2816 1003 2888 pondus
1036 2822 1162 2868 ante
1219 2809 1551 2866 vestibulum
1580 2807 1853 2877 exposuit.
1909 2805 2074 2877 (Illac

500 2908 647 2965 enim
687 2907 770 2962 vir
813 2906 1039 2976 magnus
1091 2903 1195 2957 iter
1259 2898 1505 2955 facturus
1564 2897 1737 2966 erat.)
1770 2894 1889 2963 Quo
1943 2895 2071 2949 illuc

501 3008 814 3072 appetente,
878 2996 1073 3067 puella:
1128 3003 1301 3049 mater
1334 2992 1429 3061 (ut
1459 3007 1577 3046 mos
1632 2994 1717 3045 est
1754 2987 2068 3055 matribus)

500 3091 624 3148 ﬁlim
638 3087 1013 3162 pulchitudine
1036 3103 1099 3142 ac
1126 3093 1285 3141 aztate
1314 3084 1562 3139 ﬂorentis
1584 3095 1769 3137 casum
1791 3080 2070 3147 miserata,

500 3198 618 3241 tum
647 3184 1003 3239 vehementer
1036 3179 1167 3235 ﬁere
1196 3194 1259 3234 ac
1296 3191 1545 3243 currere,
1579 3189 1809 3244 seseque
1844 3173 2072 3246 hujusce

501 3278 675 3350 patris
712 3274 778 3331 ad
811 3271 976 3343 pedes
1002 3271 1292 3341 projicere.
1352 3269 1447 3323 Ille
1502 3267 1634 3338 quid
1675 3279 1812 3336 opus
1846 3264 2073 3335 haberet

504 3373 878 3439 percontatus,
937 3375 1156 3417 causam
1214 3360 1425 3425 didicit,
1479 3361 1706 3430 ejusque
1770 3371 1833 3409 ac
1885 3354 2073 3409 Sabini

505 3457 871 3515 calamitatem
932 3453 1244 3516 miseratus,
1325 3451 1516 3520 positis
1591 3447 1820 3519 genibus
1877 3450 2072 3512 oravit,

505 3549 739 3607 dicens:
778 3545 1004 3601 Domine
1054 3545 1183 3599 Jcsu
1241 3541 1479 3609 Christe,
1536 3541 1679 3595 Deus
1724 3549 1935 3598 noster.
1968 3554 2062 3604 ne,

509 3653 716 3711 quaeso,
771 3647 987 3692 avertas
1029 3634 1215 3690 oculos
1237 3649 1266 3687 a
1289 3631 1543 3703 precibus
1565 3630 1709 3686 servi
1748 3630 1848 3693 tui.
1878 3642 2075 3698 meque

509 3729 673 3785 hodie
701 3727 967 3783 humilem
997 3723 1219 3789 exaudi,
1256 3733 1418 3794 atque
1449 3724 1588 3778 hanc
1619 3721 1854 3793 puellam
1904 3719 2077 3792 gratia

509 3838 573 3879 ac
602 3820 842 3893 potentia
873 3818 949 3875 tui
973 3817 1145 3873 sancti
1196 3814 1435 3886 Spiritus
1469 3814 1684 3884 erigens
1735 3813 1926 3867 invise.
1984 3809 2078 3866 llis

510 3912 693 3978 dictis,
719 3909 980 3973 surrexit,
1010 3923 1073 3963 ac
1096 3906 1251 3978 signo
1275 3906 1454 3961 crucis
1482 3904 1718 3976 puellam
1762 3904 2075 3974 obsignans,

511 4004 573 4059 In
605 3999 978 4057 nomine‘Jesu
1003 3996 1209 4055 Christi
1237 3996 1347 4069 (ait
1372 3998 1390 4066 )
1423 4011 1674 4065 exsurge,
1724 4005 1778 4050 ct
1807 4002 1891 4049 sta
1915 4007 2079 4062 super

510 4091 680 4165 pedes
714 4100 859 4147 tuos.
893 4087 1015 4144 llaec
1042 4088 1130 4144 ille
1166 4088 1326 4153 dixit,
1350 4097 1405 4142 et
1437 4087 1617 4156 puella
1648 4086 1902 4155 protinus
1951 4099 2078 4138 sur-

512 4181 674 4247 rexit,
744 4189 909 4250 atque
964 4174 1269 4250 singulares
1306 4176 1603 4231 immortali
1676 4173 1786 4230 Deo
1839 4170 2078 4227 universi

513 4272 715 4342 gratias
735 4281 967 4342 egerunt
997 4287 1012 4336 ;
1044 4268 1231 4325 aderat
1250 4268 1395 4324 enim
1417 4277 1611 4323 cuncta
1636 4266 1870 4322 civitatis
1896 4264 2082 4320 multi-

2094 1696 2142 1755 B

2162 425 2469 490 κάλλιστον,
2517 422 2661 478 οὕτω
2694 423 2846 496 βιοὺς
2876 424 2951 489 ὡς
2979 424 3007 479 ό
3040 425 3328 495 προλαϐὼν
3356 427 3525 496 ἔδειξε
3552 430 3734 501 λόγος,

2166 515 2369 586 μᾶλλον
2402 516 2460 569 δὲ
2492 515 2749 571 τοσοῦτον
2776 515 3101 586 ὑπερϐαλὼν
3129 519 3324 572 ἑαυτὸν
3353 522 3448 575 καὶ
3477 522 3739 578 τοσοῦτον

2161 605 2341 670 δείξας
2395 606 2663 677 ἑκατέρου
2698 604 2814 676 βίου
2840 606 2902 659 τὸ
2933 605 3098 678 μέσον
3147 607 3272 661 ὅσον
3304 602 3373 677 ἦν
3423 610 3519 663 καὶ
3550 610 3610 663 τὸ
3637 611 3741 683 τῆς

2168 698 2320 762 ἀξίας
2355 698 2637 768 διάφορον.
2666 698 2824 752 Μετὰ
2855 696 2914 751 δὲ
2943 696 3152 752 τούτων
3195 700 3288 752 καὶ
3319 700 3519 771 ἄνδρας
3553 704 3744 769 αὐτοῖς

2162 787 2381 860 ἐφίστη,
2437 788 2621 859 ἱερέας
2651 806 2711 841 τε
2745 788 2841 842 καὶ
2862 787 3174 854 διακόνους,
3205 790 3300 843 καὶ
3327 784 3408 854 οἷς
3431 792 3501 847 τὰ
3526 792 3648 848 θεῖά
3683 811 3744 849 τε

2178 883 2272 935 καὶ
2295 881 2435 951 ὑπὲρ
2466 883 2614 952 ἡμᾶς
2639 882 2871 945 ἀνεῖται,
2891 882 3029 952 πρὸς
3059 881 3155 946 οὓς
3171 885 3415 938 κάκεῖνοι
3448 885 3745 955 βλέποντες

2163 973 2258 1026 καὶ
2286 971 2599 1042 ζηλοῦντες,
2648 972 2811 1044 ἄκροι
2861 973 2961 1043 τὴν
2993 974 3191 1045 ἀρετὴν
3216 974 3442 1049 ἔμελλον
3468 977 3745 1051 ἀποϐήσε-

2165 1063 2312 1117 σθαι.
2342 1061 2564 1118 Τούτων
2588 1066 2699 1117 τῶν
2748 1064 2909 1135 ἱερῶν
2940 1064 3153 1135 ἀνδρῶν
3184 1067 3275 1120 καὶ
3309 1066 3457 1122 ἄλλοι
3488 1070 3588 1136 μὲν
3614 1071 3745 1124 ἀπι-

2168 1156 2362 1223 φανεῖς
2416 1153 2785 1226 κατέστησαν,
2823 1156 2882 1207 ὲν
2913 1154 3100 1217 αὐτοῖς
3148 1155 3206 1207 δὲ
3245 1154 3452 1220 τούτοις
3503 1159 3745 1227 μάλιστα

2162 1245 2436 1316 διαφανῶς
2464 1244 2794 1315 ἐξέλαμψαν,
2831 1246 3108 1320 Ἔρασμός
3152 1265 3208 1301 τε
3249 1250 3345 1303 καὶ
3398 1249 3747 1315 Πλατώνικος

2164 1339 2256 1393 καὶ
2275 1338 2624 1409 Φιλάδελφος,
2648 1339 2703 1392 οἵ
2725 1357 2787 1409 γε
2822 1338 2972 1411 αὺτῷ
2999 1342 3092 1394 καὶ
3127 1342 3192 1396 τὰ
3229 1341 3457 1397 πλεῖστα
3490 1344 3749 1408 συνόντες

2164 1430 2261 1484 καὶ
2294 1433 2376 1495 είς
2399 1433 2523 1486 ὅσον
2560 1428 2687 1504 ἐνῆν
2718 1435 2808 1487 τὸν
2858 1433 3070 1488 ἐκείνου
3103 1432 3218 1504 βίον
3269 1436 3747 1505 ἀποματτόμενοι,

2164 1523 2567 1594 ἐπισημότατοι
2594 1525 2747 1595 παρὰ
2779 1525 2927 1597 πάσῃ
2951 1527 3017 1597 τῇ
3056 1525 3299 1598 πολιτείᾳ
3327 1529 3605 1597 γεγόνασι.
3636 1530 3748 1584 Καὶ

2165 1619 2339 1669 ταῦτα
2367 1615 2469 1685 μὲν
2496 1615 2670 1680 οὕτως
2694 1616 3027 1686 ἐπράττετο.

2238 1789 2366 1846 ΛΗ¹.
2399 1792 2538 1845 Μεθ’
2570 1792 2786 1863 ἡμέρας
2817 1793 2873 1845 δέ
2905 1810 3062 1857 τινας
3096 1793 3194 1865 τὴν
3228 1795 3380 1849 πόλιν
3434 1794 3527 1850 τοῦ
3556 1813 3745 1867 μακα-

2174 1878 2289 1949 ρίου
2319 1883 2647 1952 περιιόντος,
2693 1885 2779 1955 ἐφ’
2911 1885 3036 1948 τοὺς
3070 1887 3128 1939 ἐν
3180 1886 3355 1951 νόσοις
3412 1888 3748 1959 σπλάγχνοις

2172 1974 2461 2043 πατρικοῖς
2512 1976 2942 2046 ἐπισκέψασθαι,
2978 1979 3074 2032 καὶ
3132 1977 3269 2032 ἄλλα
3316 1980 3415 2049 μὲν
3463 1980 3749 2034 τετέλεστο

2177 2066 2439 2133 μεγαλεῖα
2465 2068 2704 2136 κρείττω
2736 2068 2897 2136 λόγου
2936 2069 3015 2139 τῷ
3047 2087 3105 2123 τε
3140 2069 3337 2140 πλήθει
3381 2072 3477 2125 καὶ
3532 2071 3612 2140 τῷ
3646 2089 3746 2142 με-

2172 2153 2345 2222 γέθει,
2376 2155 2433 2209 ἓν
2474 2156 2531 2209 δὲ
2561 2157 2624 2227 δὴ
2667 2157 2760 2211 καὶ
2788 2159 2927 2224 τόδε,
2979 2159 3008 2212 ὃ
3036 2163 3155 2223 ταῖς
3202 2158 3500 2231 ὑμετέραις
3554 2164 3749 2226 ἀκοαῖς

2173 2246 2496 2317 χαρίσομαι.
2551 2248 2777 2314 Σαδῖνός
2834 2268 2919 2314 τις
2974 2249 3389 2322 πρεσῦύτερος,
3452 2251 3749 2324 θυγάτριον

2176 2336 2319 2409 ἔχων
2348 2339 2446 2411 τὴν
2471 2341 2570 2411 μὲν
2593 2341 2745 2412 ὥραν
2776 2344 2870 2397 καὶ
2903 2320 3043 2397 πάνυ
3074 2320 3362 2415 λαμπρὰν,
3392 2320 3532 2413 νόσῳ
3558 2342 3615 2397 δὲ
3632 2320 3743 2416 ἤδη

2174 2434 2515 2504 παρειμένην
2543 2438 2754 2507 χρονία,
2810 2438 2905 2491 καὶ
2935 2438 3017 2506 ἐφ’
3051 2437 3193 2503 ὅλοις
3227 2438 3384 2493 ὲννέα
3426 2438 3646 2513 χρόνοις
3684 2441 3750 2494 τὸ

2175 2527 2439 2597 παράπαν
2469 2528 2756 2598 κινηθῆναι
2786 2529 2861 2600 μὴ
2883 2530 3216 2602 δυναμένην,
3245 2531 3436 2601 ἐπειδὴ
3461 2531 3751 2602 περιιόντα

2179 2614 2409 2669 ἐπύθετο
2436 2616 2526 2669 τὸν
2558 2618 2855 2690 μακάριον,
2900 2617 3189 2686 ἐξαγαγὼν
3244 2618 3364 2688 ἅμα
3411 2623 3478 2691 τῇ
3525 2624 3751 2689 γυναικὶ

2175 2706 2249 2771 ὡς
2281 2708 2475 2780 φόρτον
2498 2709 2707 2779 ἄψυχον
2738 2711 2946 2781 ταύτην
2977 2710 3086 2781 πρὸ
3114 2709 3207 2764 τοῦ
3247 2710 3495 2775 πυλῶνος
3537 2712 3706 2767 ὲτίθει
3735 2729 3748 2744 ·

2176 2802 2397 2891 ιτεκείθεν⁵
2426 2803 2533 2870 γὰρ
2588 2801 2781 2871 ἔμελλε
2828 2803 2923 2855 καὶ
2957 2805 2985 2857 ὁ
3017 2804 3190 2874 μέγας
3223 2803 3522 2876 διέρχεθαι.
3565 2806 3655 2869 Ὠς
3691 2805 3751 2859 δὲ

2176 2886 2240 2967 δὴ
2266 2899 2362 2949 καὶ
2391 2886 2489 2966 ⁸τῷ
2521 2898 2670 2968 τόπῳ
2719 2897 2968 2969 ῆγγιζον,
2999 2899 3032 2969 ὴ
3068 2899 3255 2969 μήτηρ
3280 2900 3379 2971 τῆς
3412 2903 3602 2969 κόρης,
3657 2892 3750 2952 οἷα

2175 2986 2232 3038 δὲ
2262 2988 2330 3040 τθι
2364 2987 2618 3058 μητέρων
2673 2992 2768 3041 καὶ
2804 2988 2979 3044 ταῦτα
3022 2988 3295 3061 θυγατρὸς
3331 2990 3593 3062 τοιαύτης
3649 2992 3752 3044 ἂν·

2177 3075 2376 3149 θούσης
2417 3078 2536 3149 ὥρᾳ
2570 3097 2629 3134 τε
2690 3081 2786 3136 καὶ
2826 3082 3042 3152 νεότητι
3085 3083 3230 3137 πάνυ
3283 3083 3583 3154 περιπαθὲς
3621 3084 3757 3138 ἀνα-

2177 3168 2487 3235 κλαύσασα,
2515 3172 2609 3226 καὶ
2636 3173 2945 3244 δραμοῦσα,
2979 3174 3181 3245 ἑαυτὴν
3209 3176 3324 3239 τοῖς
3345 3176 3538 3229 τούτου
3579 3192 3755 3246 προσι

2180 3262 2356 3328 ρίπτει
2390 3262 2571 3317 ποσίν.
2617 3263 2677 3317 Ὀ
2708 3264 2763 3317 δὲ
2786 3260 3076 3335 ἐρωτήσας
3110 3257 3171 3318 οῦ
3202 3264 3400 3333 δέοιτο,
3424 3268 3518 3321 καλ⁵
3545 3265 3645 3333 τὴν
3674 3269 3756 3319 αἰ-

2178 3351 2302 3405 τίαν
2337 3353 2546 3423 μαθὼν,
2597 3356 2983 3433 κατοικτείρας
3014 3373 3074 3409 τε
3122 3361 3331 3428 ταύτην
3364 3340 3475 3412 καὶ
3529 3346 3754 3412 Σαϐῖνοι

2176 3444 2273 3514 τῆς
2309 3449 2615 3516 συμφορᾶς,
2657 3447 2770 3511 θεὶς
2804 3449 2873 3502 τὰ
2921 3449 3125 3518 γόνατα
3154 3451 3498 3524 προσηύξατο
3532 3451 3705 3522 λέγων
3733 3468 3750 3483 ο

2178 3531 2349 3603 Κύριε
2397 3534 2569 3605 Ἰησοῦ
2596 3538 2822 3607 Χριστὲ,
2882 3538 2912 3591 ὁ
2938 3540 3071 3605 Θεὸς
3099 3541 3278 3613 ἡμῶν,
3330 3541 3482 3596 ἔπιδε
3518 3544 3618 3613 καλ
3656 3542 3752 3597 νῦν

2180 3623 2271 3677 ἐπὶ
2302 3623 2399 3694 τὴν
2451 3629 2761 3699 προσευχὴν
2803 3628 2899 3683 τοῦ
2932 3630 3119 3707 δούλου
3158 3649 3252 3687 σου
3274 3673 3292 3702 ,
3324 3635 3418 3687 καὶ
3449 3634 3754 3705 ὲπάκουσόν

2183 3728 2284 3784 μου
2308 3713 2400 3767 τοῦ
2422 3716 2683 3770 ταπεινοῦ
2716 3718 2982 3789 σήμερον,
3019 3704 3114 3774 καὶ
3135 3720 3431 3792 ἐπίσκεψαι
3464 3725 3563 3793 τὴν
3588 3702 3754 3777 παῖδα

2179 3803 2386 3875 ταύτην
2410 3807 2721 3879 ἀναστήσας
2745 3811 2917 3881 αὐτὴν
2947 3814 3014 3884 τῇ
3038 3812 3232 3884 -χάριτι
3261 3814 3356 3868 καὶ
3376 3814 3602 3886 δυνάμει
3649 3814 3748 3869 τοῦ

2183 3898 2451 3965 παναγίου
2489 3915 2583 3951 σου
2616 3900 2956 3972 Πνεύματος.
3003 3904 3190 3961 Ταῦτα
3220 3905 3391 3961 εἰπὼν
3422 3908 3520 3960 καὶ
3567 3907 3755 3963 διαναο

2185 3988 2316 4051 στὰς
2346 3989 2422 4059 τῷ
2454 3991 2667 4063 σημείῳ
2694 3992 2788 4046 τοῦ
2835 3996 3069 4067 σταυροῦ
3103 3998 3398 4069 σφραγίζει
3431 3998 3531 4070 τὴν
3560 4000 3752 4071 κόρην,

2184 4079 2276 4132 καὶ
2304 4080 2360 4133 ὲν
2394 4081 2470 4154 τῷ
2491 4083 2716 4154 ὀνόματι
2739 4085 2834 4140 τοῦ
2866 4087 3108 4159 Χριστοῦ
3139 4089 3286 4159 λέγει
3307 4104 3322 4122 ·
3365 4109 3384 4142 ι
3414 4091 3634 4162 Ἔγειρε
3658 4094 3754 4157 καὶ

2187 4167 2343 4238 στῆθι
2378 4172 2471 4224 ἐπὶ
2496 4174 2622 4238 τοὺς
2660 4176 2828 4241 πόδας
2864 4194 2980 4233 σου.
3011 4197 3030 4230 ι
3072 4179 3259 4244 Οῢτως
3302 4183 3331 4235 ό
3375 4182 3472 4253 μὲν
3504 4177 3689 4236 εἶπεν·
3726 4184 3758 4252 ἡ

2182 4256 2240 4311 δὲ
2265 4258 2546 4341 divinitate,
2581 4265 2674 4318 καὶ
2701 4265 3023 4338 εὐχαριστία
3052 4270 3204 4327 πᾶσα
3258 4270 3335 4340 τῷ
3362 4270 3479 4341 Θεῷ
3508 4272 3756 4341 ἀνεπέμ-

514 4362 669 4427 tudo,
717 4340 837 4430 qua:
870 4359 1046 4414 virum
1062 4368 1327 4414 sanctum
1374 4358 1446 4413 ob
1479 4373 1543 4413 ea
1579 4372 1700 4427 qua
1749 4358 1816 4410 ab
1838 4357 1956 4425 ipso
1987 4354 2072 4410 lie-

2187 4340 2458 4409 πεαῖοςἾνιν
2485 4355 2593 4425 γὰρ
2614 4355 2674 4409 τὸ
2702 4344 2903 4429 πλῆθος
2937 4360 3085 4415 ἅπαν
3115 4363 3215 4432 τῇς
3248 4340 3459 4429 πόλεως
3487 4366 3757 4436 ἑπόμενον

511 4451 669 4516 bant,
701 4451 1060 4507 admiratione
1097 4458 1195 4514 ,ut
1248 4465 1347 4519 par
1372 4456 1510 4512 erat,
1561 4447 1834 4517 perculsa,
1882 4460 2083 4515 seque-

516 4545 697 4600 batur.
738 4540 987 4610 Cumque
1022 4541 1331 4596 universam
1373 4541 1648 4593 civitatem
1673 4540 2081 4608 pertransisset,

513 4621 900 4703 omnibusque,
954 4646 1076 4700 quae
1130 4630 1237 4684 illis
1290 4631 1408 4684 usui
1456 4639 1661 4693 essent,
1695 4631 2081 4701 prospexisset,

512 4725 583 4810 ad
604 4723 893 4781 ecclesiam
956 4739 1081 4799 cum
1129 4723 1500 4778 ecclesiastico
1546 4732 1691 4776 coetu
1745 4725 2080 4778 revertitur:

512 4814 823 4885 divinisque
849 4816 1086 4884 peractis
1122 4811 1427 4879 sacriﬁciis,
1484 4812 1856 4869 ecclesiastico
1886 4814 2078 4879 coetui,

512 4906 694 4964 viduis
759 4921 826 4963 ac
883 4905 1107 4976 pupillis
1155 4903 1409 4962 omnibus
1478 4920 1721 4960 mensam
1782 4906 2081 4976 apposuit;

513 4998 713 5068 quibus
740 4997 876 5067 ipse,
904 4995 997 5052 vili
1028 4995 1309 5052 accinctus
1352 5010 1553 5065 panno,
1587 5010 1693 5048 una
1729 5009 1855 5048 cum
1906 4993 2085 5048 tribus

513 5088 777 5157 diaconis,
805 5087 874 5142 de
899 5085 1103 5158 quibus
1135 5085 1469 5143 mentionem
1514 5084 1766 5159 fecimus,
1833 5082 2084 5151 Erasmo,

512 5178 873 5251 Philadelpho
906 5187 961 5234 et
1005 5177 1305 5244 Platonico,
1335 5174 1701 5231 ministrabat.
1731 5168 1923 5246 Neque
1955 5187 2087 5230 vero

517 5270 666 5326 illius
686 5277 861 5325 mater
884 5268 953 5324 ab
1005 5267 1275 5339 ejusmodi
1324 5264 1634 5321 ministerio
1691 5263 2088 5334 aberat;quin

518 5362 634 5430 ipsa
675 5376 781 5415 una
814 5374 939 5415 cum
997 5358 1234 5423 ancillis,
1285 5363 1558 5427 quotquot
1610 5355 1861 5422 aderant,
1906 5354 2090 5409 viduis

517 5457 684 5523 pedes
706 5452 923 5509 illarum
958 5451 1211 5519 lavando,
1233 5465 1298 5505 ac
1329 5465 1492 5505 omne
1518 5450 1739 5519 pietatis
1760 5447 2088 5517 obsequiqu

517 5544 847 5614 praestando,
882 5543 1282 5602 ministrabant.
1313 5540 1391 5611 In_
1418 5543 1521 5597 hoc
1555 5550 1739 5598 autem
1796 5540 2093 5610 Gregorius

520 5633 912 5699 incumbebat,
968 5642 1027 5688 ut
1084 5635 1256 5690 sacris
1312 5634 1557 5691 initiatos
1622 5643 1738 5689 tum
1794 5632 1861 5686 ad
1916 5632 2091 5689 virtue

2188 4441 2266 4511 τῷ
2294 4443 2461 4514 ἁγίῳ,
2483 4449 2578 4499 καὶ
2607 4449 2718 4511 τοῖς
2754 4449 2846 4504 ὑπ’
2876 4451 3039 4506 αὐτοῦ
3084 4455 3390 4523 γινομένοις
3410 4495 3425 4525 ,
3472 4455 3547 4520 ὡς
3581 4459 3755 4523 εἰκὸς,

2186 4532 2641 4607 ἐκπληττόμενον.
2672 4540 2857 4595 Πᾶσαν
2876 4542 2933 4596 δὲ
2966 4542 3065 4615 τὴν
3092 4544 3247 4598 πόλιν
3276 4546 3577 4617 περιελθὼν
3604 4588 3620 4614 ,
3660 4550 3759 4604 καὶ

2187 4625 2324 4676 πᾶσι
2354 4626 2422 4681 τὰ
2459 4629 2593 4695 πρὸς
2621 4631 2721 4699 τὴν
2750 4633 2942 4703 χρείαν
2974 4637 3364 4709 παρεσχηκὼς,
3407 4641 3485 4702 είς
3532 4641 3632 4711 τὴν
3658 4643 3758 4693 ἰκ-

2187 4714 2412 4783 κλησίαν
2439 4716 2616 4784 αῦθις,
2645 4720 2863 4793 σύναμα
2908 4723 2986 4794 τῷ
3029 4724 3218 4798 κλήρῳ
3265 4731 3439 4783 παντὶ
3476 4730 3757 4796 ἐπάνεισι,

2187 4807 2284 4860 καὶ
2304 4808 2403 4876 τὴν
2432 4808 2582 4864 θείαν
2612 4811 2958 4886 λειτουργίαν
3003 4818 3362 4884 ἐπιτελέσας,
3431 4820 3513 4891 τῷ
3557 4822 3761 4894 ἐκκληο

2191 4901 2454 4971 σιαστικῷ
2489 4919 2547 4955 τε
2596 4904 2968 4977 πληρώματι,
3022 4910 3118 4962 καὶ
3158 4911 3355 4980 χήραις
3407 4913 3609 4977 πάσαις
3662 4917 3761 4968 καὶ

2188 4991 2444 5061 ὀρφανοῖς
2475 4995 2756 5065 τραπέζας
2798 5000 3086 5071 παραθεὶς,
3120 5001 3285 5071 αὐτος
3313 5004 3555 5076 διηκόνει
3587 5008 3760 5075 ῥάκος

2188 5079 2549 5152 διεζωσμένος
2591 5087 2706 5158 ἅμα
2746 5095 2859 5156 τοῖς
2920 5096 3344 5165 μνημονευθείσι
3388 5101 3538 5168 τρισὶ
3575 5100 3764 5154 διακόο
3810 5115 3816 5165 j

2190 5193 2325 5242 νοις,
2365 5178 2645 5251 Ἐράσμῳ,
2681 5182 2996 5255 Φιλαδέλφῳ
3036 5187 3240 5258 καὶτῷ
3279 5189 3635 5261 Πλατωνίκῳ.
3683 5195 3761 5247 οὐ

2194 5264 2299 5336 μὴν
2356 5267 2538 5339 οὐδὲή
2592 5273 2773 5342 μήτηρ
2802 5274 2968 5328 αὐτοῦ
3022 5276 3123 5346 τῆς
3181 5276 3438 5349 τοιαύτης
3495 5281 3761 5349 ἐργασίας

2191 5357 2634 5428 άπελιμπάνετο,
2690 5364 2825 5420 ἀλλὰ
2872 5369 2970 5423 σὺν
3025 5371 3162 5442 αὐτῇ
3194 5372 3289 5425 καὶ
3320 5373 3440 5426 ὅσαι
3474 5374 3581 5426 τῶν
3609 5377 3769 5445 θερα-

2192 5451 2456 5507 παινίδων
2515 5456 2764 5528 ὑπῆρχον
2806 5463 2927 5524 ταῖς
2982 5463 3180 5533 χήραις
3214 5463 3652 5534 ἐξυπηρετοῦντο
3687 5482 3769 5519 νι-

2194 5543 2427 5596 meum!
2467 5560 2526 5598 τε
2549 5550 2674 5612 τοὺς
2704 5548 2873 5619 πόδας
2900 5552 3102 5616 αὐτῶν,
3131 5553 3227 5607 καὶ
3256 5556 3354 5624 τὴν
3382 5555 3548 5626 ἄλλην
3583 5557 3768 5612 πᾶσαν

2196 5633 2493 5707 θεραπείαν
2519 5640 2945 5709 προσφέρουσαι.
2974 5642 3174 5715 Ἔργον
3200 5646 3256 5698 δὲ
3286 5642 3354 5719 ἦν
3376 5648 3455 5717 τῷ
3477 5649 3515 5701 Γ
3521 5652 3764 5721 ρηγορὲφ
