4080 6374
361 263 469 329 237
1320 260 1501 321 V'lTA
1538 263 1597 319 S.
1639 257 2021 320 GREGURII
2063 262 2607 324 AGRLGENTINI.
3314 300 3317 301 ν
3508 268 3614 333 238

358 385 491 447 τοὺς
520 380 616 435 τοῦ
654 380 862 452 κλήρου
901 378 1188 451 ῥυθμίζειν
1220 378 1355 449 πρὸς
1402 377 1609 448 ἀρετὴν
1640 378 1709 430 τά
1737 377 1859 429 θεῖά
1888 388 1945 429 τε

2059 388 2185 443 tem,
2218 387 2334 434 tum
2365 377 2434 433 ad
2459 378 2681 448 eloquia
2704 376 2891 434 divina
2917 381 3255 449 meditanda,
3276 382 3621 447 informaret,

358 475 811 547 παρασκευάζειν
859 474 1160 545 ἑκμελετᾷν
1186 472 1367 540 λόγια,
1397 473 1492 527 καὶ
1525 471 1600 534 ὡς
1624 463 1735 522 οἶόν
1762 486 1818 523 τε
1847 471 1937 522 τὸν

2059 485 2344 541 serumque
2370 484 2585 535 sensus,
2616 486 2779 541 quam
2809 474 3249 532 commodissime
3294 486 3499 547 posset,
3535 494 3630 534 ex-

366 571 492 643 νρῦν
516 569 700 624 αὐτῶν
728 567 1117 623 ἀναπτύσσειν.
1406 586 1416 598 ·

2059 565 2303 633 plicaret.

427 660 551 718 AG'.
618 661 759 715 Ἀλλ’
811 660 935 714 ἐπεὶ
1001 657 1261 713 ἀδύνατον
1313 651 1383 726 ἦν
1434 652 1578 709 οὕτω
1615 655 1918 724 φιλοπόνως

2114 652 2356 709 XXXIX.
2398 654 2502 709 Sed
2528 655 2749 724 quando
2774 656 2890 710 lieri
2925 672 3035 712 non
3061 665 3262 727 potest,
3290 674 3625 730 quemquam

362 754 621 826 μετιόντα
680 754 784 822 τὴν
849 750 1072 821 ἀρετὴν,
1117 751 1212 803 τὸν
1262 750 1355 802 τοῦ
1420 748 1660 819 πονηροῦ
1688 747 1941 818 δαίμονος

2059 762 2154 800 ιοιη
2184 746 2377 801 sedulo
2405 747 2665 803 virtutem
2698 750 3030 814 consectari,
3059 760 3121 804 ut
3152 751 3328 808 hostis
3355 753 3628 807 daemonis

359 844 552 913 φθόνον
586 840 1023 913 διαφυγεῖν,ὥρα
1041 839 1137 893 νῦν
1164 840 1403 905 ἐξειπεῖν
1431 840 1565 902 οῖοις
1607 839 1940 909 περιπίπτει

2059 837 2288 894 iecliuet
2311 838 2599 905 invidiam,
2650 841 2816 896 instat
2855 858 3023 906 nunc,
3056 852 3289 915 ut,‘quaa
3316 844 3471 899 illum
3513 856 3632 901 ten—

358 937 710 1006 πειρασμοῖς.
739 933 966 995 Σαϐῖνος
1030 932 1140 1003 γὰρ
1165 933 1262 985 καὶ
1286 931 1702 1001 Κρισκεντῖνος,
1724 928 1817 993 οὓς
1846 932 1943 983 καὶ

2059 929 2286 985 taliones
2371 932 2698 997 invaserint,
2788 947 3203 1004 persequamur.
3269 935 3507 994 Sabinus
3566 952 3631 992 ac

350 1028 389 1080 ό
411 1026 570 1095 λόγος
630 1026 846 1097 φθάσας
874 1025 1147 1094 ἐδήλωσεν
1195 1024 1302 1078 ὑπὸ
1324 1022 1418 1077 τοῦ
1443 1022 1683 1093 πλήθους
1730 1025 1809 1086 εἰς
1845 1022 1943 1093 τὴν

2059 1021 2457 1090 Dresceutinus,
2488 1038 2629 1095 quos
2654 1026 2911 1095 superius
2941 1040 2971 1080 a
3004 1026 3359 1083 multitudine
3413 1030 3632 1094 episco-

358 1117 673 1188 ὲπισκοεὴν
727 1113 1190 1187 προϐιϐάζεσθαι,
1238 1106 1392 1167 οὗτοι
1452 1112 1547 1165 ἐπὶ
1575 1112 1636 1165 τό
1661 1112 1793 1166 αὐτὸ
1823 1130 1945 1166 συν-

2059 1130 2145 1184 pos
2170 1115 2487 1188 designatos
2521 1117 2693 1173 fuisse
2724 1118 3244 1184 demonstravimus,
3274 1120 3458 1186 ambo,
3490 1120 3630 1176 inito

363 1205 633 1267 ελθόντες,
667 1204 861 1266 καὶείς
890 1202 1199 1273 συμϐάσεις
1223 1205 1601 1273 χωρήσαντες,
1640 1201 1812 1255 πάλαι
1837 1203 1944 1274 γὰρ

2059 1205 2278 1270 fmdere,
2330 1207 2808 1279 conspirant(diu
2851 1209 2998 1264 enim
3046 1204 3268 1266 mutuas
3322 1212 3634 1269 simultates

356 1298 611 1379 adgregat
647 1296 1118 1365 καθειστήκεσαν,
1181 1295 1326 1357 Ἕως
1360 1294 1492 1347 πότε
1524 1296 1709 1365 ἡμεῖς,
1738 1293 1944 1363 ἔλεγον,

2059 1296 2387 1367 gesserant),
2426 1300 2726 1368 Quousque
2789 1315 2887 1355 nos
2914 1300 3237 1372 (dicentes)
3268 1302 3399 1359 huic
3433 1304 3639 1375 impos-

363 1391 825 1459 ὑποταγησόμεθα
853 1389 932 1458 τῷ
952 1388 1110 1457 γόητι
1154 1388 1332 1457 τούτῳ
1381 1389 1479 1441 καὶ
1531 1388 1835 1460 φαρμακῷ,
1886 1388 1947 1452 ός

2059 1389 2158 1442 tori
2211 1397 2375 1459 atque
2431 1389 2678 1445 veneﬁco
2733 1390 3111 1463 subjiciemur,
3152 1394 3248 1464 qui
3295 1396 3500 1462 ignaris
3558 1413 3622 1451 ac

366 1484 623 1554 μαγείαις
664 1483 780 1553 ἅμα
830 1481 924 1535 καὶ
960 1480 1236 1549 τεθρείαις
1270 1479 1461 1550 ἐξιστᾷ
1487 1483 1617 1544 τοὺς
1653 1482 1947 1547 εὐηθεστέ-

2059 1480 2476 1550 simplicioribus
2530 1481 2849 1538 hominibus
2934 1484 3356 1541 admirationem
3421 1489 3633 1557 ρεπεῑί-

364 1594 495 1649 ρους
554 1574 664 1630 τῶν
727 1575 920 1642 ξένων,
960 1575 1106 1636 ὃπως
1162 1573 1549 1643 διαπεφευγὼς
1587 1573 1698 1628 τῶν
1733 1574 1947 1629 ἐνθένδε

2059 1571 2156 1642 giis
2182 1587 2245 1628 ac
2270 1573 2593 1644 imposturis
2616 1576 2820 1631 excitat
2849 1576 2873 1629 ?
2905 1577 2988 1630 An
3020 1577 3339 1648 ignoramus
3365 1556 3626 1650 quemad-
3692 1556 3696 1560 Δ

367 1671 531 1742 μάγῳ
563 1654 673 1723 τινὶ
724 1669 1048 1741 παρέμεινε,
1074 1666 1333 1721 κάκεῖθεν
1380 1668 1562 1720 πᾶσαν
1590 1668 1949 1738 κακοτεχνίαν

2059 1665 2277 1720 modum
2302 1665 2433 1721 hinc
2464 1666 2746 1737 effugerit,
2776 1677 2981 1723 etcum
3015 1669 3253 1739 quodam
3291 1685 3449 1743 mago
3473 1686 3632 1726 man-

365 1723 687 1836 ἑξήντλησε,
748 1723 969 1812 πλανῶν
1019 1723 1147 1821 τοὺς
1202 1757 1549 1830 ἀνθρώπους,
1616 1754 1708 1813 οἶα
1755 1723 1828 1812 δῖ
1854 1763 1951 1814 καὶ

2059 1757 2206 1821 serit,
2240 1773 2406 1828 aquo
2459 1758 2725 1814 nefariam
2789 1759 2931 1815 hanc
2983 1771 3039 1815 et
3103 1761 3410 1818 maleficam
3458 1772 3635 1819 artem

363 1857 549 1927 Σίμων
570 1856 780 1915 ἐκεῖνος
818 1852 1027 1923 δαίμων
1048 1850 1420 1922 ὲξανθρώπων
1443 1850 1765 1922 γενόμενος.
1780 1852 1951 1924 Ὀρᾷς

365 1949 476 2019 γάρ
508 1948 587 2010 ὡς
623 1945 739 2000 οὐθ’
768 1945 909 2008 ὅλως
946 1944 1116 1999 ἐσθίει
1140 1944 1268 1998 οὔτε
1295 1945 1463 2010 πίνει,
1496 1944 1524 1998 ὃ
1554 1944 1649 1999 καί⁵
1675 1946 1724 1998 οἰ
1750 1944 1947 2012 δαίμο-

364 2057 457 2103 νες
483 2038 682 2110 κομιδῆ
724 2036 937 2090 ποιοῦσι
967 2053 984 2104 ;
1029 2037 1218 2091 Ταῦτα
1240 2037 1377 2108 πρὸς
1411 2037 1675 2108 ἀλλήλους
1704 2036 1950 2100 εἰπόντες

364 2130 886 2202 προσλαμϐάνονται
953 2129 1076 2199 μεθ’
1134 2130 1347 2183 ἑαυτῶν
1399 2129 1620 2184 καὶτοῦ
1650 2129 1856 2199 κλήρου
1878 2145 1952 2181 τι·

364 2223 465 2287 νάς
487 2238 504 2252 ’
534 2221 893 2275 ὑποσπῶνται
915 2221 972 2274 δι
996 2222 1093 2275 καὶ⁵
1133 2220 1229 2274 τοῦ
1254 2220 1387 2273 λαοῦ
1425 2220 1589 2291 μέρος
1607 2221 1709 2274 οὐκ
1745 2221 1949 2289 ὀλίγον,

366 2312 466 2362 καὶ
520 2310 711 2379 ὅρκοις
769 2309 1033 2379 ἀλλήλους
1080 2308 1628 2379 κατεμπεόὼσαντες,
1676 2309 1861 2381 όράμά
1898 2327 1951 2363 τι

365 2397 798 2461 συσκευάζονται
810 2398 909 2468 τῆς
927 2397 1021 2451 τοῦ
1043 2398 1394 2469 κεκινηκοτός
1409 2399 1607 2461 αὐτοὺς
1626 2400 1761 2470 πρὸς
1777 2398 1951 2453 ταῦτα

364 2488 731 2560 κακοτεχνίας
784 2488 1029 2554 ἱπάξιον.
1084 2489 1400 2559 Ἀκολάστῳ
1461 2491 1569 2561 γάρ
1593 2507 1699 2545 τινι
1733 2494 1951 2558 γυναικὶ

363 2579 789 2649 προσελθόντες,
820 2579 920 2650 τὴν
947 2579 1098 2651 ὥραν
1127 2581 1487 2651 περικαλλεῖ,
1519 2581 1758 2653 τοῦνομα
1785 2584 1949 2636 E1360-

364 2673 514 2737 κίαν,
556 2671 655 2725 καὶ
701 2670 910 2740 ταύτην
958 2672 1236 2742 χρήμασιν
1271 2671 1695 2738 ἀναπείσαντες,
1721 2672 1824 2739 φεῦ
1853 2672 1951 2742 τῆς

363 2763 645 2827 ἀναιδείη
668 2764 689 2815 ιί
728 2764 824 2816 τοῦ
858 2764 1162 2819 ἐπισκόπου
1227 2766 1515 2821 κατειπεῖν
1542 2765 1949 2834 ἀναγκάζουσιν

362 2855 439 2918 ὡς
478 2856 591 2925 ἄρα
630 2854 718 2925 είη
754 2854 927 2924 αὐτὴν
988 2852 1273 2923 ἐγνωκώς.
1335 2856 1426 2919 Ὠς
1453 2854 1549 2909 οῦν
1583 2855 1830 2926 ἧρτυσαν
1850 2853 1950 2925 τὴν

365 2946 686 3015 ἔπισουλὴν,
731 2944 963 3016 ἐζήτουν
1013 2946 1205 3015 καιρὸν
1245 2944 1370 2999 καθ’
1407 2945 1467 2998 ὃν
1497 2946 1565 2999 ἂν
1594 2947 1726 2999 εἴσω
1748 2944 1951 3015 ταύτην

2055 1846 2258 1913 hausit,
2326 1865 2433 1919 qua
2494 1850 2813 1905 hominibus
2894 1851 3068 1907 instar
3143 1854 3385 1909 Simonis
3464 1855 3633 1921 illius,

2053 1937 2266 1994 daamon
2288 1953 2355 1993 ex
2386 1940 2700 1996 hominibus
2728 1940 2925 2008 factus,
2959 1943 3235 2013 imponit?
3264 1944 3382 1999 Non
3433 1947 3633 2011 cernis,

2053 2039 2115 2084 ut
2136 2045 2316 2101 neque
2345 2034 2571 2087 omnino
2596 2035 2869 2099 comedat,
2899 2050 3079 2105 neque
3112 2037 3283 2098 bibat,
3315 2036 3464 2107 quod
3515 2038 3633 2093 daa-

2052 2139 2244 2181 mones
2277 2125 2512 2181 subinde
2550 2126 2759 2181 faciunt
2786 2127 2809 2180 ?
2840 2125 2965 2183 Haec
2997 2127 3142 2183 inter
3169 2144 3229 2184 se
3254 2132 3634 2193 commentati.

2054 2229 2241 2271 secum
2285 2218 2449 2273 etiam
2504 2217 2740 2273 clericos
2781 2218 3049 2287 quosdam
3091 2218 3390 2285 asciscant,
3423 2229 3481 2276 et
3522 2235 3633 2276 non

2052 2310 2303 2380 exiguam
2326 2310 2510 2381 populi
2550 2318 2759 2381 partem
2809 2310 3147 2373 convellunt,
3192 2311 3352 2369 fidem
3395 2314 3538 2369 inter
3576 2330 3635 2369 se

2048 2403 2434 2476 jusjurandum
2466 2403 2622 2469 dant,
2651 2402 2961 2471 captiosum
2984 2401 3331 2474 figmentum,
3348 2414 3490 2471 arte,
3515 2423 3637 2476 qua:

2054 2500 2122 2552 ad
2153 2496 2258 2551 hoc
2284 2496 2409 2552 illos
2445 2495 2785 2567 impellebat,
2816 2496 3086 2553 insidiosa
3133 2497 3359 2569 dignum
3407 2500 3639 2555 commi—

2054 2588 2366 2645 niscuntur.
2394 2588 2528 2642 Nam
2584 2587 2872 2644 mulierem
2940 2590 3231 2658 quamdam
3282 2591 3635 2662 impudicam,

2053 2679 2298 2750 alioquin
2313 2680 2724 2750 pulchritudine
2752 2681 3048 2751 insignem,
3076 2681 3370 2737 Eudociam
3391 2685 3637 2748 nomine.

2056 2774 2395 2827 conveniunt
2429 2786 2443 2825 :
2478 2785 2641 2849 quant
2677 2770 2911 2839 pecunia
2966 2783 3304 2841 -corruptam
3365 2772 3639 2828 inducunt

2055 2868 2246 2914 contra
2264 2859 2583 2930 episcopum
2613 2860 2773 2930 (proh
2795 2859 3227 2930 pudor'!)pa1am
3250 2875 3370 2916 sese
3389 2877 3519 2932 ‘cum
3545 2864 3641 2919 illo

2056 2951 2423 3007 concubuisse
2463 2951 2835 3007 testimonium
2863 2952 3048 3006 dicere
3081 2954 3215 3022 ;qui
3249 2968 3372 3007 cum
3405 2953 3635 3023 perﬁdia

365 3037 693 3108 παρασύσαι
730 3036 827 3090 τοῦ
864 3038 1221 3091 ἐπισκοπείου
1273 3027 1619 3107 δυνήσονται.
1653 3039 1829 3108 Ὥραν
1858 3033 1951 3091 οὖν

2059 3055 2110 3101 et
2136 3046 2297 3116 plena
2325 3044 2543 3100 subdoli
2577 3059 2641 3099 ac
2675 3044 2884 3100 versuti
2912 3045 3079 3100 animi
3114 3045 3340 3101 consilia
3381 3046 3638 3101 institue-

368 3130 712 3198 φυλάξαντες
777 3129 900 3183 καθ’
936 3129 1063 3201 ἢνιό
1096 3130 1270 3202 μέγας
1320 3132 1502 3202 μέσων
1563 3131 1775 3184 νύκτων
1839 3130 1954 3200 ἅμα

363 3226 482 3288 τοῖς
505 3223 689 3294 τρισὶν
733 3222 968 3284 ἐκείνοις
1030 3224 1395 3284 οἰκειοτάτοις
1440 3223 1552 3277 τῶν
1588 3223 1854 3278 διακόνων
1877 3224 1956 3285 εἰς

365 3317 463 3370 τὸν
490 3317 617 3369 ναὸν
673 3313 895 3385 κατῄει,
942 3316 1041 3378 τὰς
1069 3315 1323 3384 συνήθεις
1369 3315 1701 3368 ὲπιτελέσων
1765 3316 1953 3385 εὐχάς.

380 3408 473 3462 Ἕν
501 3407 675 3479 ταύτῃ
714 3405 780 3477 δὴ
807 3408 1086 3478 χρήμασιν
1118 3407 1170 3459 οἱ
1215 3405 1493 3467 ὲπίόουλοι
1516 3407 1644 3469 τοὺς
1673 3405 1957 3477 θυρωροὺς

368 3501 809 3571 ὑπηθείραντες
840 3535 859 3561 ,
906 3498 1224 3568 εἰσάγουσιν
1272 3500 1360 3562 εἰς
1395 3500 1489 3551 τὸν
1551 3500 1645 3551 τοῦ
1714 3499 1955 3568 μεγάλου

369 3594 729 3649 κοιτωνίσκον
757 3592 857 3664 τήν
911 3592 1104 3662 κόρην,
1158 3591 1254 3643 καὶ
1299 3592 1360 3643 ὲν
1392 3591 1568 3663 γωνίᾳ
1601 3593 1795 3645 ἰστῶσι
1833 3594 1953 3663 μιᾷ.

380 3688 446 3742 ’0
471 3687 554 3755 δὲ,
580 3689 706 3741 ἐπεὶ
741 3685 839 3749 τὰς
882 3685 1046 3755 εὐχάς
1101 3685 1203 3755 ήδη
1246 3683 1541 3747 τελέσειεν,
1590 3683 1748 3753 ἀνῄει
1786 3700 1845 3737 τε
1875 3687 1955 3747 εἰς

373 3778 547 3834 αὑτὸν
571 3779 668 3831 καὶ
695 3776 904 3848 βιϐλίον
954 3777 1050 3828 ἐπὶ
1094 3778 1290 3846 χεῖρας
1316 3775 1496 3828 λαϐὼν
1526 3773 1618 3831 τὸν
1649 3776 1763 3845 βίον
1789 3789 1959 3845 προσ-

372 3871 609 3941 εχόντως
652 3868 790 3941 διῄει
816 3867 910 3922 τοῦ
953 3868 1149 3921 πολλοῦ
1190 3869 1281 3921 τόν
1337 3884 1397 3922 τε
1424 3867 1583 3935 λόγον
1613 3868 1709 3921 καὶ
1737 3868 1957 3937 τρόπον,

386 3962 637 4017 Ἰωάννου
673 3959 767 4014 τοῦ
813 3960 1200 4030 Χρυσοστόμου
1242 3960 1409 4030 φημί.

445 4144 538 4201 Μ’.
580 4143 645 4199 Ἣ
698 4144 761 4199 δὲ
813 4145 882 4215 δὴ
938 4145 1077 4216 κόρη
1136 4145 1216 4207 εἰς
1286 4145 1453 4196 ὓπνον
1507 4143 1633 4213 ἄρτι
1700 4159 1959 4211 κατενεχ-

373 4240 534 4294 θεῖσα
550 4238 746 4310 βαθὺν,
781 4236 898 4291 οὔτ’
927 4237 1109 4307 ἐκείνη
1155 4237 1247 4291 τὸν
1280 4238 1457 4307 μέγαν
1482 4234 1774 4289 ἀνελθόντα
1798 4234 1963 4300 συνῆ·

370 4350 494 4387 κεν.
535 4330 675 4385 οὕτε
712 4332 875 4385 πάλιν
908 4330 1073 4392 αὐτὸς
1112 4330 1211 4401 τὴν
1267 4330 1439 4400 κόρην
1481 4328 1652 4398 ἑώρα.
1676 4327 1850 4380 Πόθεν
1896 4327 1963 4379 ἂν

2060 3147 2213 3204 runt,
2261 3147 2533 3208 quatenus
2586 3136 2642 3192 in
2692 3136 3011 3207 episcopum
3076 3137 3226 3192 illam
3270 3138 3636 3193 insinuarent.

2058 3232 2240 3297 Quare
2273 3241 2491 3302 tempus
2548 3231 2869 3294 observant,
2899 3246 3010 3301 quo
3046 3231 3131 3284 vir
3181 3245 3410 3303 magnus
3442 3232 3641 3287 mediis

2058 3323 2315 3378 noctibus
2349 3338 2458 3378 una
2496 3337 2624 3377 cum
2672 3322 2920 3377 diaconis
2971 3322 3110 3379 illis’
3140 3323 3318 3379 tribus
3348 3323 3451 3379 sibi
3482 3324 3639 3379 fami-

2059 3415 2376 3471 liarissimis
2401 3415 2455 3469 in
2484 3415 2748 3486 templum
2770 3415 2839 3470 ad
2862 3423 3157 3471 consuetas
3192 3431 3386 3486 preces
3412 3418 3641 3472 descen-

2061 3509 2192 3564 dere
2243 3508 2476 3564 solebat.
2536 3507 2890 3564 lusidiatores
2950 3507 3170 3563 interim
3230 3508 3485 3579 pecunia,
3514 3524 3638 3564 cum

2057 3604 2391 3674 ianitoribus
2420 3602 2776 3673 paciscuntur
2810 3612 2874 3657 ut
2912 3603 3147 3673 puellam
3181 3604 3237 3658 in
3278 3605 3480 3660 lectum
3537 3604 3639 3657 viri

2064 3699 2245 3769 magni
2266 3697 2594 3753 submittere
2617 3697 2799 3761 liccat,
2830 3706 2886 3752 ct
2943 3698 3043 3768 ipsi
3099 3698 3153 3750 in
3202 3697 3401 3768 angulo
3451 3697 3636 3751 censio

2062 3793 2221 3848 dunt.
2254 3792 2370 3857 Ille,
2403 3793 2597 3849 solutis
2645 3791 2924 3862 precibus,
2980 3789 3301 3845 cubiculum
3355 3790 3513 3858 petit,
3570 3788 3639 3842 li-

2062 3883 2333 3953 brumque
2356 3899 2520 3939 manu
2544 3884 2911 3954 prehendens.
2938 3884 3105 3937 vitam
3126 3882 3353 3937 Joannis
3374 3881 3638 3952 Chrysos-

2065 3973 2218 4037 tomi,
2257 3981 2317 4028 ut
2345 3973 2477 4028 clari
2507 3973 2732 4039 litteris,
2793 3973 2868 4027 ita
2900 3970 3151 4026 moribus
3178 3979 3234 4025 et
3267 3969 3486 4039 ingenio
3526 3962 3643 4026 ma;

2063 4065 2218 4128 simi,
2246 4063 2615 4119 attentissime
2643 4064 2937 4133 percurrit.

2135 4156 2248 4211 XL.
2274 4156 2445 4211 Porro
2469 4154 2648 4225 puclla
2692 4154 3002 4209 arctissimo
3034 4154 3197 4225 paulo
3249 4159 3377 4207 ante
3438 4164 3634 4205 somno

2064 4246 2308 4313 detenta,
2340 4260 2519 4315 neque
2578 4244 2694 4315 ipsa
2723 4245 2898 4298 virum
2944 4259 3201 4315 magnum
3250 4240 3642 4298 ascendentem

2064 4339 2257 4403 sensit,
2316 4352 2495 4408 neque
2554 4351 2750 4391 rursus
2802 4336 2921 4407 ipse
2953 4335 3189 4407 puellam
3242 4334 3404 4390 vidit.
3454 4334 3641 4398 ‘Unde,

371 4425 472 4478 καὶ
497 4422 827 4476 ὑπώπτευσε
853 4420 1069 4493 καθαρᾷ
1123 4420 1353 4492 τοιαύτῃ
1383 4420 1530 4491 ψυχῇ
1551 4422 1646 4472 καὶ
1668 4418 1956 4487 παρθένος,

2067 4430 2299 4487 obsecro
2329 4471 2343 4493 ,
2379 4430 2569 4484 isthmc
2634 4429 2901 4483 innocens
2957 4437 3015 4483 et
3066 4426 3414 4482 immaculata
3464 4426 3643 4479 an’ma
3696 4484 3705 4492 ,

369 4516 769 4589 κρυπτομένήν
799 4513 877 4576 ὡς
902 4509 1016 4567 οἷόν
1073 4530 1133 4566 τε
1172 4515 1268 4565 καὶ
1290 4512 1569 4567 διαλαθεῖν
1601 4509 1955 4581 βουλομένην.

382 4610 445 4664 '0
491 4608 593 4678 μὲν
616 4602 714 4660 οὖν
742 4605 888 4658 οὓτω
920 4605 1059 4673 μετὰ
1087 4606 1188 4675 τὴν
1213 4604 1521 4671 ἀνάγνωσιν
1553 4604 1643 4655 ἐπὶ
1674 4603 1773 4665 τὰς
1795 4601 1958 4655 ἑωθι-

369 4706 472 4765 νὰς
500 4698 698 4769 καθῄει
747 4699 910 4751 πάλιν
939 4695 1083 4767 ᾠδάς
1109 4712 1121 4728 ο
1170 4696 1294 4750 ἐπεὶ
1322 4696 1380 4749 δὲ
1425 4697 1521 4749 καὶ
1546 4694 1758 4757 ταύτας
1823 4693 1960 4763 πλη-

373 4796 561 4868 ρώσας
592 4793 750 4864 ἀνῄει
787 4791 1008 4861 σύιαμα
1032 4789 1109 4861 τῷ
1137 4790 1324 4860 κλήρῳ
1358 4790 1523 4842 παντί
1558 4788 1652 4841 καὶ
1690 4788 1800 4850 τοῖς
1837 4802 1962 4837 συνο

368 4889 598 4944 ελθοῦσι
639 4885 739 4938 τοῦ
793 4885 1052 4956 πλήθους,
1115 4880 1234 4936 εἶτα
1297 4883 1392 4936 καὶ
1432 4883 1722 4950 παραινεῖν
1775 4880 1959 4939 αὐτοῖς

371 4981 588 5052 ἧρξατο
608 4980 677 5032 τὰ
706 4980 974 5046 σωτήρια,
1031 4975 1123 5027 καί
1178 4972 1400 5041 ἕτοιμος
1445 4968 1514 5042 ἦν
1540 4973 1637 5024 καὶ
1662 4970 1822 5044 θείων
1877 4970 1962 5021 λο-

373 5075 521 5143 γίων
553 5069 862 5140 ἀναγνώσει
892 5069 992 5130 τὰς
1031 5066 1259 5121 ἐκείνων
1287 5065 1484 5138 θρέψαι
1512 5063 1714 5135 ψυχάς,
1770 5061 1962 5128 ὥσπερ

370 5167 589 5221 εἴθιστο
618 5162 745 5217 καθ’
782 5162 1025 5230 ἑκάστην
1068 5161 1267 5223 ποιεῖν,
1321 5161 1521 5211 αὐτίκα
1542 5159 1594 5209 οἰ
1619 5156 1746 5224 περὶ
1780 5155 1959 5224 Κρισο

369 5260 649 5319 κεντῖνον,
684 5254 891 5325 θηρίων
919 5252 1076 5322 δίκην
1102 5250 1314 5322 ἀγρίων
1344 5250 1491 5303 ἔνδον
1510 5247 1962 5309 συνεισπεσόντες

369 5354 479 5423 τῆς
502 5368 563 5403 τε
622 5349 794 5420 κόρης
833 5347 1326 5415 ὲπιλαμὸάνονται,
1372 5345 1465 5397 καὶ
1504 5345 1586 5405 εἰς
1624 5341 1684 5395 τὸ
1755 5338 1963 5409 πλῆθος

368 5446 667 5513 ἐξάγουσι,
730 5441 857 5511 βοῆς
906 5440 1023 5509 ἃμα
1048 5439 1142 5491 καὶ
1198 5436 1430 5507 θορύσου
1483 5434 1580 5488 καὶ
1616 5432 1864 5502 ταραχῆς
1894 5430 1966 5483 τὰ

366 5540 566 5591 πάντα
596 5533 954 5605 πληροῦντες.
976 5532 1035 5584 'U
1062 5532 1323 5599 ἀσελγὴς,
1352 5530 1379 5578 ό
1408 5527 1632 5595 ἐναγὴς,
1665 5526 1694 5576 ὁ
1722 5525 1963 5590 ἀνάξιος.

372 5633 430 5684 οἰ
478 5627 669 5697 μιαροὶ
719 5626 797 5696 τῷ
830 5624 967 5686 ὄντι,
1002 5624 1143 5675 κατὰ
1166 5625 1262 5674 τοῦ
1314 5620 1521 5691 σφόδρα
1552 5617 1794 5688 καθαροῦ
1831 5620 1968 5686 κρά⁶

372 5723 597 5790 (οντες,
651 5719 748 5772 καὶ
792 5719 908 5787 ἅμα
943 5715 1020 5786 τῷ
1074 5714 1271 5784 πλήθει
1299 5715 1398 5778 τὴν
1451 5711 1676 5781 ἑταίραν
1703 5708 1964 5779 παραδει-

2058 4519 2323 4591 suspicari
2350 4518 2544 4573 habuit
2587 4517 2824 4588 puellam
2868 4524 3053 4587 prout'
3085 4523 3302 4587 poterat
3349 4513 3637 4576 occultari,

2061 4619 2118 4665 et
2147 4610 2412 4665 libentem
2465 4609 2576 4664 illic
2606 4609 2842 4663 latenter
2897 4609 3201 4676 conjcctam
3246 4622 3304 4662 se
3350 4605 3644 4661 voluisse?

2060 4703 2153 4758 Ille
2186 4703 2351 4772 igitur
2392 4710 2515 4771 post
2540 4699 2834 4757 lectionem
2856 4698 2924 4755 ad
2958 4699 3256 4754 matutinas
3314 4697 3503 4753 Iaudes
3562 4697 3644 4749 ire

2060 4792 2360 4859 contendit,
2392 4792 2594 4863 quibus
2638 4791 2892 4861 expletis,
2950 4805 3060 4845 una
3119 4805 3244 4845 cum
3288 4789 3437 4844 omni
3486 4801 3643 4843 sacro

2060 4884 2275 4948 ordine,
2310 4898 2373 4938 ac
2402 4884 2524 4938 aliis
2561 4898 2626 4938 ex
2658 4883 2862 4951 populo
2902 4881 3293 4936 comitantibus
3322 4879 3641 4932 revertitur.

2062 4976 2200 5031 Tum
2262 4975 2472 5030 hortari
2524 4974 2666 5035 illos,
2729 4989 2793 5027 ac
2845 4971 3113 5028 salutaria
3186 4984 3411 5025 monere
3453 4968 3643 5038 cmpit,

2064 5067 2310 5138 illudque
2358 5065 2666 5130 laborabat,
2692 5076 2769 5131 ut,
2804 5066 2952 5136 quod
3019 5063 3251 5135 singulis
3288 5062 3403 5117 fere
3448 5061 3645 5115 diebus

2063 5175 2222 5231 agere
2254 5168 2639 5224 consueverat,
2676 5173 2868 5213 eorum
2896 5157 3110 5211 animos
3131 5154 3440 5210 divinarum
3466 5150 3645 5205 Litte-

2063 5269 2245 5307 rarum
2269 5253 2502 5309 lectione
2520 5254 2794 5308 relieeret.
2836 5251 2975 5305 Tum
3013 5245 3446 5305 Crescentiniani
3472 5244 3646 5299 instar

2062 5344 2305 5400 ferarum
2335 5346 2637 5416 agrestium
2691 5346 2986 5409 irruentes,
3046 5341 3284 5412 puellam
3346 5335 3646 5406 arripiunt.

2065 5451 2295 5506 eamque
2315 5451 2500 5493 coram
2524 5436 2726 5506 papulo
2770 5442 3039 5497 statuunt,
3069 5433 3335 5493 clamore,
3378 5429 3647 5484 turbatio-

2067 5541 2157 5591 ne,
2193 5542 2258 5581 ac
2294 5528 2528 5581 tumultu
2556 5528 2743 5581 omnia
2793 5524 3023 5594 implent
3053 5542 3067 5577 :
3105 5522 3379 5593 improbe,
3412 5521 3647 5576 sceleste

2067 5635 2129 5674 ac
2152 5620 2526 5682 exsecrabilis,
2562 5620 2657 5689 qui
2685 5633 2809 5673 vere
2832 5617 3027 5673 nefarii
3049 5627 3229 5682 erant,
3254 5625 3444 5671 contra
3465 5614 3643 5668 virum

2069 5711 2295 5767 omnino
2347 5721 2600 5767 sanctum
2662 5710 3049 5779 vociferantes,
3104 5711 3242 5768 nihil
3298 5711 3480 5766 minus
3524 5719 3647 5763 sese
