4072 6390
428 269 537 333 239

1663 263 1946 325 MENSIS
1987 260 2424 324 NOVEMBER.

3565 253 3674 319 240

429 377 773 436 multitudini
815 375 1195 434 ostendebant.
1227 376 1420 432 Caneri
1450 374 1575 430 talia
1606 374 1875 441 videntes,
1906 373 1993 428 ad-

2101 371 2348 435 κνύντες.
2378 370 2444 423 Οἱ
2486 365 2542 422 δὲ
2567 365 2740 423 ταῦτα
2773 367 3011 438 δρῶντες
3059 364 3322 434 ἐκπλήξει
3353 381 3412 418 τε
3440 364 3672 435 εἴχοντο,

431 473 721 528 miratione
752 485 815 525 ac
838 467 1178 524 dubitatione
1213 466 1675 538 percellebantur.
1714 466 1851 520 Nam
1878 480 1998 520 mu-

428 564 622 619 lierem
659 562 806 616 illam
837 560 1090 614 vitiosam
1146 558 1288 613 intra
1318 556 1633 614 cubiculum
1670 563 1995 628 praesentem

428 656 725 714 cernebant
776 670 790 706 :
830 652 996 706 vitam
1038 665 1170 707 vero
1225 665 1289 706 ae
1362 665 1544 707 mores
1590 649 1696 704 viri
1746 646 1995 718 ιιι-ποιατί

427 741 739 813 bujusmodi
773 740 1180 811 suspicionibus
1228 737 1464 794 maxime
1511 737 1790 792 adversari
1813 750 1877 791 ac
1908 749 1996 790 re-

426 853 670 911 pugnare
692 845 980 892 noverant.
1016 836 1087 889 At
1140 846 1273 889 vero
1295 829 1665 904 sycophantae,
1693 827 1911 899 injectis
1939 826 1996 882 in

425 932 607 987 virum
625 939 874 985 sanctum
892 926 1144 982 manibus
1168 924 1221 997 (ο
1239 922 1505 980 insaniam
1524 920 1905 978 detestabilem
1928 918 1992 993 ι),

425 1040 525 1095 per
562 1023 748 1080 omnia
799 1023 918 1077 loca
972 1019 1280 1075 trahebant.
1325 1015 1425 1072 Hic
1478 1015 1772 1070 multitudo
1792 1013 1996 1070 amaris

427 1132 552 1173 cum
578 1115 838 1186 lacrymis
859 1112 1067 1182 pariter
1087 1109 1327 1181 lugebat,
1350 1106 1576 1178 perinde
1599 1121 1663 1161 ac
1686 1106 1731 1160 si
1762 1105 1994 1176 quisque

425 1207 662 1269 illorum,
696 1203 864 1268 idem,
898 1201 991 1271 qui
1040 1200 1153 1254 haec
1206 1206 1511 1269 pateretur,
1571 1197 1883 1252 exsisteret.
1916 1195 1994 1250 ita

424 1296 542 1351 haec
579 1309 792 1357 omnes,
825 1300 978 1347 extra
1028 1303 1232 1360 paucos
1290 1289 1450 1359 longe
1512 1285 1989 1358 ﬂagitiosissimos,

425 1387 601 1455 iisque
642 1383 904 1452 exceptis.
935 1381 1027 1451 qui
1064 1379 1264 1449 impuri
1294 1388 1459 1448 atque
1488 1378 1703 1448 profani
1737 1377 1993 1447 eonjura-

425 1475 559 1529 tioni
587 1479 1001 1536 consenserant,
1034 1469 1103 1523 de
1159 1467 1251 1522 illo
1313 1467 1555 1537 graviter
1614 1463 1989 1537 perferebant.

424 1565 516 1621 isti
540 1564 685 1619 enim
725 1562 947 1617 meliora
980 1561 1176 1624 secuti,
1213 1558 1551 1628 figmentum,
1584 1566 1645 1610 ut
1669 1570 1788 1610 sese
1820 1554 1991 1610 babe-

424 1658 538 1721 bat,
574 1654 857 1725 suspicati,
895 1664 1110 1721 tempus
1139 1650 1207 1704 ab
1251 1664 1314 1704 ea
1335 1665 1444 1719 quo
1494 1657 1638 1703 esset
1663 1648 1717 1700 in
1759 1645 1985 1700 domum

2097 464 2199 533 τὴν
2231 462 2331 534 μὲν
2390 457 2602 529 φαύλην
2664 458 2882 528 ἐκείνην
2911 457 3147 525 γυναῖκα
3194 455 3328 509 εἵσω
3357 454 3452 509 τοῦ
3476 473 3671 512 κοιτω-

2097 557 2284 609 νίσκου
2336 551 2620 623 παροῦσαν
2679 550 2993 621 βλέποντες,
3051 547 3145 603 τὸν
3206 545 3301 601 τοῦ
3337 548 3579 619 μεγάλου
3617 549 3675 603 δὲ

2100 645 2220 719 βίον
2250 643 2495 716 ἀκριϐῶς
2534 642 2740 707 ειδότες
2763 642 2900 713 πρὸς
2943 640 3205 706 τοιαύτας
3245 640 3503 706 ὑπονοίας
3528 642 3675 695 ἀντι-

2094 737 2489 808 φθεγγόμενον.
2517 737 2580 789 Οί
2609 735 2668 789 δὲ
2694 733 2758 807 δὴ
2787 732 3146 803 συκοφάνται,
3195 734 3385 803 χεῖρας
3423 732 3502 804 τῷ
3532 734 3674 804 ἁγίῳ

2097 830 2445 892 ἐπιϐαλόντες
2474 828 2639 900 μέσον
2657 828 2753 885 τοῦ
2781 825 3125 893 ἐπισκοπίου,
3164 821 3210 881 ὧ
3256 826 3455 897 μανίας
3484 828 3674 897 δαιμο-

2096 923 2290 993 νικῆςι
2326 921 2599 987 ἕλκουσιν,
2629 918 2866 976 ἐνταῦθα
2892 919 2987 974 καὶ
3019 918 3081 973 τὸ
3124 918 3334 990 πλῆθος
3392 920 3593 990 πικρόν
3617 937 3670 973 τι

2099 1013 2242 1082 μετὰ
2299 1010 2554 1083 δακρύων
2610 1009 2806 1072 κοινῶς
2836 1007 3134 1077 ὠλόλυξαν,
3165 1010 3261 1062 καὶ
3283 1008 3478 1081 ὥσπερ
3509 1009 3669 1072 αὐτὸς

2095 1100 2170 1155 ῶν
2199 1101 2429 1166 ἕκαστος
2478 1100 2507 1154 ό
2529 1098 2705 1156 ταῦτα
2749 1100 3000 1171 πάσχων.
3061 1097 3250 1164 Οὕτως
3287 1099 3429 1170 ὐπὲρ
3461 1099 3675 1153 ἐκείνου

2095 1193 2299 1257 πάντες
2344 1192 2535 1257 δεινῶς
2582 1192 2900 1257 ἐκόπτοντο,
2925 1190 3063 1262 πλὴν
3087 1189 3283 1259 όλίγων
3314 1192 3422 1245 τῶν
3464 1192 3673 1263 σφόδρα

2096 1285 2503 1356 πονηροτάτων,
2540 1284 2633 1337 καὶ
2681 1284 2805 1337 ὅσον
2836 1284 3166 1353 ἐκοινώνησε
3197 1285 3295 1355 τῆς
3333 1284 3676 1357 συνωμοσίας

2094 1377 2211 1439 τοῖς
2253 1374 2508 1446 ἁνιέροις,
2571 1375 2621 1428 οἱ
2664 1373 2847 1444 μέντοι
2894 1390 2956 1442 γε
3005 1376 3106 1443 τῆς
3163 1372 3377 1444 ἀγαθῆς
3435 1375 3673 1445 μερίδος,

2093 1465 2230 1535 ὅπερ
2267 1460 2335 1536 ἦν
2374 1464 2443 1520 τά
2481 1462 2575 1517 τοῦ
2606 1463 2885 1534 δράματος
2924 1463 3393 1527 ὑποπτεύσαντες,
3425 1465 3516 1518 τὸν
3549 1482 3675 1519 και-

2092 1558 2188 1628 ρὸν
2241 1556 2469 1627 ἠρώτων
2508 1556 2630 1609 καθ’
2659 1554 2717 1610 ὃν
2764 1554 2936 1626 ταύτῃ
2977 1556 3113 1624 φησὶ
3169 1553 3436 1610 συνέλθοι.
3499 1543 3566 1609 Ἦ
3591 1557 3671 1623 δὲ,

2094 1649 2275 1712 καθὼς
2327 1647 2757 1720 προεδεδίδακτο,
2783 1647 2937 1702 Μετὰ
2963 1648 3091 1709 τοὺς
3139 1646 3459 1719 ἑσπερίους,
3487 1648 3673 1717 ἔλεγεν

424 1720 755 1810 introducta,
814 1720 1259 1801 sciscitabantur.
1294 1741 1387 1795 illa
1423 1740 1520 1812 (ut
1556 1740 1750 1795 edocta
1777 1737 1987 1803 fuerat)

2096 1740 2322 1813 ὕμνους,
2352 1741 2497 1794 κατὰ
2540 1738 2764 1811 πρώτην
2805 1737 3046 1809 μάλιστα
3099 1737 3201 1801 τῆς
3266 1740 3460 1804 νυκτὸς
3507 1740 3677 1810 φυλα-

423 1859 455 1896 a
483 1839 810 1911 vespertinis
828 1838 1082 1893 laudibus
1101 1837 1203 1891 sub
1226 1835 1457 1905 primam
1483 1833 1600 1887 fere
1648 1831 1829 1886 noctis
1852 1828 1990 1900 vigi-

425 1934 577 1998 liam,
608 1931 765 1987 dixit.
807 1930 888 1985 Ad
936 1930 1052 1984 haec
1104 1943 1228 1983 cum
1284 1924 1677 1994 Philadelphus
1729 1922 1992 1977 diaconus

424 2024 803 2096 propheticum
827 2021 959 2077 illud
975 2019 1376 2091 respondisset:
1398 2036 1415 2068 ι
1439 2015 1828 2072 Obmutescant
1849 2013 1991 2069 labia

423 2116 728 2179 mendacia,
757 2131 876 2185 qua:
907 2110 1237 2169 Veteratorie
1275 2109 1536 2179 injustum
1566 2107 1868 2176 loquuntur
1889 2107 1934 2170 ⁸,
1967 2124 1985 2155 ι

425 2208 815 2267 Crescentinus
844 2202 1129 2275 improbus
1162 2200 1314 2256 illum
1377 2198 1647 2254 invadens
1697 2194 1988 2267 percussit.

425 2300 567 2358 Tum
619 2295 969 2353 multitudine
1010 2304 1205 2349 contra
1260 2291 1413 2346 illum
1463 2287 1755 2344 confertim
1811 2286 1993 2340 insur-

423 2401 605 2465 gente,
645 2404 841 2463 parum
877 2386 1075 2451 abfuit,
1104 2385 1240 2456 quin
1270 2381 1653 2440 crudelissime
1676 2385 1990 2442 necaretur,

424 2484 536 2543 nisi
560 2483 645 2540 vir
674 2495 904 2554 magnus
956 2491 1259 2535 conversus
1288 2490 1385 2532 eos
1427 2471 1811 2530 adhortatione
1838 2482 1991 2523 eom-

424 2574 747 2646 peseuissct.
776 2572 846 2628 Se
869 2586 1000 2627 vero
1031 2566 1333 2626 tortoribus
1366 2573 1619 2637 prompte
1662 2557 1992 2616 trahendum

425 2666 694 2722 exhibuit.
731 2664 800 2722 At
825 2663 943 2719 haec
974 2660 1250 2734 praecipua
1308 2672 1472 2714 causa
1521 2655 1645 2719 fuit,
1677 2663 1737 2709 ut
1774 2651 1903 2708 dum
1933 2665 1993 2706 se

425 2759 540 2828 ipse
568 2756 645 2812 uti
671 2770 825 2813 reum
855 2750 1308 2825 criminatoribus
1353 2748 1538 2814 otiert,
1586 2760 1839 2818 magnam
1894 2758 1994 2813 po-

424 2850 555 2922 pulo
585 2846 919 2924 suspicionis
954 2844 1302 2903 occasionem
1334 2839 1570 2909 dederit,
1601 2854 1669 2895 ne
1695 2838 1902 2894 crimen
1937 2837 1993 2891 in

425 2957 486 2998 se
513 2940 761 3010 recipere
796 2936 1096 3003 videretur,
1123 2935 1326 3006 illaque
1349 2932 1575 2989 omnino
1627 2945 1758 2985 vera
1786 2940 1991 2992 essent,

424 3047 547 3104 quae
576 3038 766 3087 contra
797 3042 856 3085 se
905 3035 1253 3083 accusatores
1310 3021 1677 3088 intenderant,
1748 3027 1806 3075 et
1865 3033 1991 3089 pro-

2095 1834 2224 1902 κήν.
2279 1831 2611 1902 Φιλαδέλφου
2640 1831 2696 1884 δὲ
2727 1829 2825 1885 τοῦ
2882 1828 3134 1883 διακόνου
3190 1830 3328 1902 πρὸς
3390 1831 3564 1886 ταῦτα
3611 1834 3672 1888 τὸ

2095 1923 2434 1996 προφητικὸν
2500 1922 2695 1995 ἐκείνῳ
2739 1921 3007 1984 είπόντος,
3066 1938 3084 1971 ι
3125 1920 3336 1976 ’Δλαλα
3379 1923 3669 1995 γενηθήτω

2092 2018 2162 2070 τὰ
2191 2016 2345 2086 χείλη
2395 2015 2465 2069 τὰ
2499 2015 2650 2069 δόλια
2715 2015 2785 2070 τά
2834 2011 3104 2067 λαλοῦντα
3155 2017 3297 2067 κατὰ
3320 2015 3414 2069 τοῦ
3455 2016 3669 2072 δικαίου

2093 2108 2324 2177 ἀνομίαν
2352 2126 2372 2159 ι
2399 2144 2414 2171 ,
2483 2105 2762 2179 δραμὼνό
2818 2105 3036 2174 άνίερος
3085 2105 3477 2177 Κρισκεντίνος
3519 2107 3671 2160 παίει

2094 2202 2237 2255 κατά
2286 2201 2495 2273 κόρρης
2528 2200 2713 2255 αὐτόν.
2758 2201 2884 2254 Ἐπὶ
2911 2202 3088 2273 τούτῳ
3134 2198 3669 2264 καταστασιάζουσιν

2094 2293 2261 2348 αὐτοῦ
2314 2295 2424 2348 πᾶν
2454 2293 2517 2347 τὸ
2547 2292 2773 2364 πλῆθος,
2840 2294 2939 2349 καὶ
2984 2288 3188 2366 μικροῦ
3228 2294 3296 2348 ἂν
3348 2292 3540 2347 τοῦτον
3574 2292 3670 2347 καὶ

2101 2386 2494 2453 διεσπάσαντο,
2524 2387 2573 2439 εί
2603 2384 2681 2457 μὴ
2727 2386 2758 2439 ὁ
2820 2385 3019 2456 μέγας,
3049 2387 3436 2456 ἐπιστραφεὶς,
3470 2384 3670 2445 αὐτοὺς

2097 2481 2198 2553 μὲν
2256 2481 2579 2553 παραινέσει
2658 2480 2965 2553 κατέσχεν,
3044 2481 3239 2537 ἑαυτὸν
3279 2482 3336 2535 δὲ
3389 2478 3672 2548 παρέσχεν

2094 2574 2329 2644 ετοίμως
2350 2574 2504 2643 ἄγειν
2524 2575 2639 2637 τοῖς
2665 2573 2903 2629 ἕλκουσι.
2932 2573 3102 2629 Τοῦτο
3133 2574 3188 2627 δὲ
3215 2573 3280 2644 δή
3316 2573 3410 2626 καὶ
3436 2571 3672 2642 μάλιστα

2093 2662 2155 2716 τὸ
2182 2665 2445 2735 παρέχειν
2501 2663 2697 2719 ἑαυτὸν
2746 2665 2824 2728 ὡς
2870 2664 3174 2719 ὑπεύθυνον
3220 2662 3456 2733 ὑποψίας
3481 2662 3668 2733 χῶραν

2095 2756 2269 2811 ἐδίδου
2318 2748 2397 2828 τῷ
2423 2757 2606 2831 δήμῳ,
2636 2758 2755 2824 καὶ,
2803 2758 2959 2831 Μήτι
2989 2774 3057 2828 γε
3091 2757 3202 2830 ἄρα
3226 2757 3321 2812 καὶ
3350 2753 3578 2831 άληθῆῇ
3607 2756 3675 2810 τά

2096 2847 2249 2916 παρὰ
2271 2846 2382 2901 τῶν
2406 2847 2730 2922 κατηγόρων
2783 2850 3145 2921 είσαγόμενα,
3180 2849 3394 2918 ελεγον,
3439 2850 3535 2902 καὶ
3583 2848 3675 2904 διὰ

2095 2934 2255 2989 τοῦτο
2287 2936 2347 2990 τὸ
2379 2936 2622 3003 συνειδὸς
2652 2938 2803 2994 ἔνδον
2832 2936 3180 3010 κατηγοροῦν
3209 2936 3351 3009 ἔχων
3397 2937 3499 2992 οὐκ
3535 2938 3675 2992 am-

2099 3026 2301 3099 πρᾶξαι
2356 3028 2541 3098 μόνον,
2601 3029 2717 3084 ἀλλ’
2781 3030 2905 3085 οὐδὲ
2956 3031 3237 3085 ἀντειπεῖν
3279 3029 3419 3101 πρὸς
3471 3028 3668 3091 αὐτοὺς

423 3137 612 3198 pterea
642 3120 975 3180 conscientia
1005 3120 1157 3175 illum
1183 3116 1411 3172 interior
1440 3115 1739 3176 evinceret,
1774 3121 1833 3167 ut
1880 3126 1989 3168 non

2096 3118 2337 3174 δύναται.
2376 3121 2486 3176 Καὶ
2512 3121 2639 3186 τοὺς
2671 3121 2772 3192 μὲν
2812 3122 2987 3177 ταῦτα
3022 3123 3252 3178 ὲκλόνει.

425 3221 601 3276 solum
630 3235 729 3290 pro
759 3233 816 3273 se
845 3213 1055 3285 aliquid
1094 3228 1277 3285 agere,
1314 3211 1408 3267 sed
1437 3226 1505 3264 ne
1544 3208 1695 3278 loqui
1747 3209 1970 3279 quidem
2010 3222 2203 3270 contra
2272 3216 2576 3287 quidquam
2601 3218 2852 3276 auderet.
2921 3217 3018 3275 His
3060 3231 3194 3276 sane
3240 3218 3670 3289 cogitationibus

424 3316 645 3371 illorum
666 3310 835 3366 animi
870 3308 1287 3379 torquebantur.

494 3407 634 3462 XLI.
669 3407 885 3460 Interea
935 3416 1065 3457 vero
1120 3401 1357 3471 improbi
1407 3402 1658 3458 homines
1716 3401 1989 3457 seditione

421 3498 796 3571 pratvalentcs,
855 3494 1035 3549 virum
1124 3502 1371 3548 sanctum
1429 3493 1592 3548 domo
1672 3494 1990 3558 exturbant,

424 3605 661 3661 eumque
728 3589 787 3642 in
812 3586 1117 3643 custodiam
1184 3585 1426 3651 tradunt,
1461 3584 1720 3656 lignoque
1761 3586 1992 3656 pedibus

424 3685 572 3741 illius
593 3684 796 3756 injecto
821 3680 1221 3736 communiunt.
1254 3678 1385 3734 Erat
1438 3687 1622 3735 autem
1660 3678 1754 3734 illa
1809 3687 1994 3734 ευειο-

427 3777 539 3843 dia,
584 3790 692 3845 qua
739 3787 969 3843 magnus
1012 3772 1103 3825 ille
1156 3771 1451 3840 Gregorius
1505 3769 1692 3841 Lybis,
1746 3770 1842 3841 qui
1891 3784 1994 3839 pro

424 3868 645 3927 Christo
699 3875 931 3920 mortem
995 3862 1250 3934 oppetiit,
1308 3862 1563 3917 detentus
1612 3861 1811 3917 fuerat.
1851 3861 1991 3917 Cum

425 3961 592 4032 igitur
643 3956 783 4013 fama
825 3954 971 4028 apud
1030 3968 1225 4009 omnes
1273 3954 1667 4020 crebresceret,
1734 3953 1995 4022 frequens

427 4049 672 4122 quaedam
701 4047 994 4129 multitudo
1028 4061 1127 4115 pro
1175 4044 1388 4100 foribus
1424 4044 1661 4100 carceris
1694 4043 1938 4099 haerebat
1973 4059 1988 4108 ;

424 4156 661 4215 quorum
693 4141 787 4196 alii
817 4139 1094 4204 manibus.
1127 4137 1218 4194 alii
1242 4134 1477 4208 pedibus
1525 4146 1711 4207 portas
1757 4135 1997 4206 perfrin-

421 4233 646 4305 gebant.
686 4231 936 4286 nonnulli
963 4230 1160 4286 ferreis
1194 4228 1443 4284 vectibus
1470 4227 1723 4283 demoliri
1752 4241 1818 4282 ac
1840 4236 1998 4283 ever-

430 4336 542 4379 tere
574 4322 697 4377 illas
752 4321 1232 4392 aggrediebantur.
1258 4320 1378 4375 Non
1418 4318 1649 4374 deerant
1678 4318 1865 4385 etiam,
1900 4316 1994 4387 qui

427 4413 698 4472 seditione
719 4412 773 4467 in
801 4413 1001 4483 populo
1024 4412 1186 4477 facta,
1210 4410 1474 4467 Sabinum
1493 4425 1557 4466 ac
1579 4409 1999 4466 Crescentinum

430 4506 743 4562 interﬁcere
771 4504 1105 4575 cogitabant.
1167 4503 1371 4560 Verum
1426 4518 1551 4558 cum
1591 4501 1797 4557 Christi
1832 4501 2000 4558 disci-

428 4597 594 4669 pulus
624 4611 687 4651 ac
722 4595 963 4650 imitator
991 4595 1107 4649 haec
1136 4594 1262 4649 illos
1291 4592 1546 4649 meditari
1595 4593 1884 4659 sensisset,
1927 4608 1996 4649 ex

430 4704 650 4745 carcere
716 4687 862 4758 ipsos
915 4686 1277 4742 hortabatur:
1314 4685 1666 4756 Nequaquam
1722 4701 1839 4753 vos,
1871 4685 1991 4752 filii,

432 4779 676 4854 (aiebat)
719 4780 825 4837 tale
882 4778 1181 4849 quidquam
1238 4778 1295 4833 in
1346 4778 1469 4834 illos
1529 4777 1992 4834 deliberaveritis.

429 4876 728 4931 Aversetur
745 4873 851 4928 hoc
877 4872 1040 4937 Deus,
1073 4879 1132 4925 ut
1174 4880 1419 4927 vestrum
1449 4870 1651 4942 aliquis
1694 4885 1891 4926 manus
1944 4877 2001 4924 et

431 4968 667 5023 animam
726 4975 946 5035 propter
1008 4979 1094 5018 me
1150 4974 1258 5019 tam
1297 4963 1440 5020 foede
1480 4971 1834 5034 eonspurcet.
1864 4963 1988 5019 Non

430 5072 695 5127 eousque,
758 5056 877 5122 lilii,
955 5056 1244 5126 quisquam
1304 5054 1646 5111 infelicitatis
1721 5055 1995 5112 deveniat.

431 5150 658 5205 Ρτωδιιιι
693 5148 837 5203 enim
863 5163 949 5203 me
974 5147 1145 5218 magis
1167 5161 1288 5204 esse
1312 5147 1649 5217 perdendum
1675 5162 1686 5198 :
1727 5147 1851 5203 idco
1872 5162 2000 5219 per-

428 5241 683 5298 mittendi
733 5250 881 5304 sunt.
944 5250 1003 5295 ut
1051 5240 1107 5294 in
1155 5238 1433 5295 hominem
1493 5241 1757 5295 miserum
1810 5242 2001 5297 saevire

430 5332 663 5404 possint.
696 5331 778 5385 Ab
806 5330 1167 5402 infringendis
1194 5347 1324 5387 vero
1366 5330 1597 5397 foribus,
1628 5333 1696 5387 ab
1727 5333 1877 5387 omni
1916 5341 2001 5386 tu-

430 5423 609 5479 multu
648 5421 1005 5489 abstinentes,
1042 5433 1217 5488 orate,
1282 5423 1656 5494 ultionemque
1712 5441 1741 5477 a
1770 5424 1999 5478 Domino

426 5526 761 5587 exspectate.
796 5515 951 5582 Quod
998 5517 1044 5572 si
1081 5520 1205 5587 quis
1252 5518 1403 5576 vobis
1442 5518 1720 5589 negotium
1769 5519 1992 5576 facesse-

504 5696 523 5728 '
554 5693 694 5751 Psai.
732 5709 895 5764 uxn,
930 5694 984 5752 8.

2085 4866 2202 4943 ’ὲμὲ
2231 4875 2323 4926 καὶ
2349 4871 2524 4943 ψυχὴν
2569 4873 2794 4944 μολῦναι
2829 4890 2842 4904 ⁸

2158 3401 2295 3458 MA'.
2340 3403 2430 3457 ’Ev
2457 3403 2697 3477 τοσούτῳ
2746 3404 2805 3458 δὲ
2840 3404 2949 3459 τῶν
2987 3405 3227 3475 ἀνιέρων
3259 3403 3484 3460 ἐκείνων
3513 3403 3675 3474 ὑπερ·

2089 3495 2314 3566 ίσχυσαν
2331 3497 2390 3548 τὸ
2414 3495 2687 3566 σύστημα,
2701 3496 2795 3551 τοῦ
2816 3487 3246 3550 ὲπισκοπείουτε
3261 3497 3351 3549 τὸν
3375 3495 3528 3564 ἅγιον
3541 3493 3676 3561 ἐξω-

2088 3588 2261 3654 θοῦσι,
2287 3586 2379 3642 καὶ
2408 3589 2599 3659 εἱρκτὴ
2626 3586 2811 3642 τοῦτον
2840 3587 3215 3660 παραδιδόασι,
3251 3588 3377 3653 τοὺς
3408 3587 3575 3650 πόδας
3597 3585 3674 3656 τῷ

2091 3678 2233 3749 ξύλῳ
2269 3679 2724 3749 ἀσφαλισάμενοι,
2762 3680 2955 3751 εἱρκτὴ
2984 3680 3043 3734 δὲ
3082 3678 3150 3753 ἦν
3181 3680 3421 3752 ὲκείνηή
3456 3680 3666 3736 καὶτὸν

2095 3771 2230 3827 πάνυ
2292 3770 2592 3843 Γρηγόριον
2656 3772 2747 3824 τὸν
2813 3771 2984 3825 Λίϐυν
3020 3772 3082 3825 τὸ
3129 3772 3473 3844 μαρτυρικδν
3515 3771 3671 3834 τέλος

2093 3862 2234 3933 ὑπὲρ
2287 3863 2527 3934 Χριστοῦ
2582 3862 2881 3934 δεξάμενον
2933 3859 3065 3920 εἶδε.
3116 3863 3232 3935 Τῆς
3255 3864 3446 3935 φήμης
3482 3863 3672 3917 τοίνυν

2095 3954 2304 4020 πάντας
2358 3954 2795 4027 διαδραμούσης,
2857 3955 2991 4010 πολύ
3032 3972 3086 4010 τι
3126 3954 3332 4026 πλῆθος
3383 3954 3521 4025 πρὸς
3548 3956 3668 4017 ταῖς

2095 4045 2288 4117 θύραις
2318 4036 2619 4119 συνήνέχθη
2660 4050 2761 4119 τῆς
2808 4045 3091 4117 φυλακῆς·
3121 4046 3217 4100 καὶ
3246 4044 3449 4099 τούτων
3481 4045 3531 4098 oi
3574 4045 3671 4117 μὲν

2096 4137 2254 4208 χερσὶ
2285 4138 2378 4192 καὶ
2427 4139 2586 4192 ποσὶν
2613 4138 2766 4203 ἰδίοις
2795 4139 2894 4203 τὰς
2918 4138 3096 4204 πύλας
3139 4139 3492 4209 ὲναράσσειν,
3533 4140 3582 4193 ot
3614 4140 3672 4192 δὲ

2099 4229 2196 4282 καὶ
2230 4228 2445 4299 μοχλοῖς
2476 4229 2719 4301 σιδηροῖς
2743 4230 3081 4303 ἀναρρήσειν
3133 4231 3304 4295 αὐτάς
3330 4231 3670 4303 ἐπεχείρουν,

2101 4320 2209 4373 εἰσὶ
2234 4319 2291 4373 δὲ
2316 4320 2366 4373 οἳ
2414 4320 2508 4373 καὶ
2549 4321 2691 4375 κατά
2746 4321 3063 4393 συμμορίας
3113 4322 3409 4386 συστάντες
3464 4323 3672 4379 ἀνελεῖν

2102 4410 2326 4467 Σαὸῖνόν
2371 4429 2431 4465 τε
2484 4414 2577 4467 καὶ⁵
2638 4414 3028 4483 Κρισκεντίνον
3085 4413 3395 4469 Μούλοντο.
3475 4414 3617 4469 Ἀλλ’
3643 4418 3672 4469 ὁ

2100 4506 2338 4579 Χριστοῦ
2372 4504 2620 4577 μαθητής
2644 4522 2703 4559 τε
2732 4507 2829 4560 καὶ
2852 4505 3102 4577 ζηλωτὴς
3139 4506 3252 4560 τῶν
3276 4507 3674 4578 μελετωμένων

2100 4596 2306 4651 τούτων
2331 4597 2675 4667 αἰσθόμενος,
2694 4596 2906 4652 ἔνδοθεν
2925 4596 3124 4659 αὐτοὺς
3151 4596 3446 4667 παρεκάλει
3475 4598 3671 4665 λέγων

2102 4690 2196 4761 Μὴ
2230 4690 2389 4760 ὑμεῖς
2413 4704 2498 4759 γε,
2532 4683 2577 4743 ὦ
2604 4690 2793 4755 τέκνα,
2842 4686 3011 4759 μηδὲν
3045 4688 3285 4743 τοιοῦτον
3326 4692 3458 4761 περὶ
3479 4692 3675 4752 αὐτοὺς

2105 4781 2492 4853 βουλεύσησθε,
2549 4782 2686 4854 μηδὲ
2750 4781 2964 4851 γένοιτό
3008 4799 3114 4836 τινι
3143 4781 3204 4848 ἐξ
3240 4782 3394 4853 ὑμῶν
3417 4784 3576 4854 χεῖρα
3599 4784 3679 4838 δι’

2912 4874 2989 4945 μὴ
3041 4857 3123 4937 εἶς
3151 4873 3409 4927 τοσοῦτον
3453 4874 3676 4945 ἥκοιμι,

2102 4965 2288 5032 τέκνα,
2341 4965 2656 5033 δυστυχίας,
2712 4964 2915 5036 μᾶλλον
2956 4965 3014 5018 δὲ
3067 4963 3347 5027 ἀπωλείας
3413 4964 3545 5033 ἐγώ.
3589 4969 3679 5017 Διὸ

2103 5056 2277 5109 ταῦτα
2319 5056 2416 5125 μὲν
2464 5056 2652 5111 ἐατέον
2684 5057 2976 5125 ἀνθρώπου
3003 5054 3194 5121 ἕνεκα,
3225 5055 3321 5109 καὶ
3353 5054 3525 5109 ταῦτα
3555 5055 3682 5108 δυσο

2104 5149 2269 5219 τήνου
2301 5152 2498 5203 ποιεῖν.
2536 5148 2644 5203 Τοῦ
2685 5150 2785 5212 τάς
2814 5149 2983 5219 θύρας
3010 5148 3067 5202 δὲ
3110 5148 3376 5220 ἀράσσειν
3397 5151 3492 5201 καὶ
3522 5148 3682 5218 θορυ-

2106 5241 2219 5293 ϐεῖν
2258 5241 2654 5314 ὑποσχομένοις
2708 5241 2875 5311 εὐχῆς
2912 5239 3125 5310 ἔχεσθε,
3158 5240 3253 5293 καὶ
3283 5240 3434 5308 παρὰ
3471 5239 3679 5309 Κυρίου

2109 5340 2297 5407 μένετε
2320 5338 2416 5408 τὴν
2434 5337 2738 5405 ἐκδίκησιν,
2768 5338 2868 5391 κᾶν
2900 5338 3090 5408 μηδεὶς
3121 5336 3279 5399 ὄκνος
3305 5337 3435 5406 ὑμῖν
3465 5333 3680 5404 ἐνοχλῇ,

2095 5430 2200 5487 ,καὶ
2225 5428 2411 5483 αὐτόθι
2464 5430 2930 5501 προσκαρτερεῖτε
3000 5446 3091 5500 μοι
3138 5428 3407 5499 φυλακῆς,
3465 5427 3541 5497 μὴ
3589 5424 3683 5480 καί

2105 5541 2157 5579 τι
2183 5526 2364 5596 χεῖρον
2393 5524 2443 5578 οἱ
2475 5524 2639 5596 θῆρες
2675 5525 2804 5596 περὶ
2837 5523 2935 5596 ἐμὲ
2966 5522 3375 5594 βουλεύσονται.
3408 5517 3595 5573 Ταῦτα
3625 5514 3684 5573 δὲ
