4080 6374
330 429 436 499 241

330 551 513 620 λέγων
547 545 706 618 δῆλος
747 538 819 616 ἦν
853 544 914 597 ού
942 542 1036 597 τὸν
1059 543 1293 599 θάνατον
1326 546 1577 611 δεδοικὼς
1601 549 1718 602 ἀλλ’
1753 550 1918 619 ἀσχο-
1949 580 1993 635 Α

332 641 526 713 λίᾳτῇ
584 638 718 709 περὶ
770 637 870 707 τὴν
925 635 1181 708 φυλακὴν
1232 639 1332 707 τῆς
1401 639 1678 710 προτέρας
1731 641 1917 711 ὁρμῆς

333 732 570 802 ἀπάγων
613 730 815 793 αὐτοὺς
866 728 960 782 καὶ
1027 727 1144 798 ἅμα
1193 729 1289 782 τοῦ
1344 730 1633 799 μέλλοντος
1694 731 1918 786 ἔσεσθαι

341 823 637 897 μιγαλείου
706 820 909 884 θεατὰς
953 821 1212 888 γενέσθαι
1272 821 1621 892 βουλόμενος,
1656 823 1685 877 ό
1727 825 1792 892 δὴ
1822 828 1919 880 καὶ

335 916 503 979 εὐθὺς
538 911 852 984 ἠκολούθει.
873 912 981 966 Τοῦ
1028 911 1137 983 γὰρ
1158 912 1224 983 δὴ
1250 912 1488 985 πλήθους
1518 914 1623 979 ἔξω
1656 914 1800 969 κατὰ
1824 914 1920 970 τὸν

335 1014 436 1067 τοῦ
456 1012 618 1082 ἁγίου
648 1011 809 1080 λόγον
840 1010 1386 1083 προσκαρτεροῦντας
1436 1011 1587 1066 ἔνδον
1608 1014 1818 1076 ἐκεῖνος
1851 1012 1919 1065 τὰ

337 1105 545 1173 γόνατα
573 1103 762 1166 ταθεὶς
789 1101 1156 1173 προσηύχετο,
1200 1103 1297 1157 καὶ
1329 1103 1550 1158 πάντων
1582 1103 1772 1158 ἕνεκεν
1817 1104 1920 1174 ηὐ-

337 1196 589 1267 καρίστει
620 1193 767 1265 Θεῷ,
806 1193 972 1264 μέσον
1009 1194 1066 1247 δὲ
1110 1193 1324 1259 νυκτῶν
1356 1193 1583 1264 φαιδρὸν
1615 1195 1684 1247 αὑ
1697 1193 1776 1263 τῷ
1805 1192 1919 1262 φῶς

335 1291 367 1342 ό
404 1289 536 1351 Θεὸς
558 1286 768 1343 ἄνωθεν
799 1288 879 1350 είς
902 1286 1250 1358 παράκλησιν
1293 1285 1620 1357 ἐπιλάμπει,
1652 1286 1681 1339 δ
1699 1286 1794 1339 καὶ
1819 1285 1920 1353 τὴν

338 1378 596 1448 φυλακὴν
642 1378 774 1448 ὅλην
803 1375 1214 1449 κατήστραψεν.
1260 1376 1524 1446 Ἀγγελος
1551 1376 1608 1429 δὲ
1629 1374 1778 1445 αὐτῷ
1796 1376 1919 1428 ἐπι-

340 1472 474 1535 στὰς
500 1470 586 1523 δια
598 1471 868 1541 ῥρήγνυσι
895 1468 965 1523 τὰ
985 1468 1192 1538 δεσμὰ,
1220 1470 1314 1523 καὶ
1338 1468 1522 1537 λόγοις
1541 1466 1918 1538 ὲπιστηρίξας,

341 1563 438 1617 καὶ
464 1561 591 1631 τόγε
633 1561 853 1615 πλείονα
898 1560 996 1630 τὴν
1027 1561 1301 1614 οἱκείωσιν
1357 1559 1551 1629 δηλοῦν
1595 1557 1921 1628 ἀσπασάμε-

344 1670 433 1715 νος
454 1654 663 1714 ἐκεῖνος
694 1652 795 1720 μὲν
812 1650 1028 1721 ἀφανὴς
1055 1644 1144 1720 ἦν,
1178 1650 1234 1703 αῖ
1260 1649 1317 1703 δὲ
1348 1649 1447 1717 τῆς
1478 1647 1725 1719 φυλακῆς
1755 1646 1920 1701 πύλαι

338 1743 644 1814 αὐτόματοι
708 1740 1059 1812 διηνοίγοντο.
1125 1741 1234 1793 Καὶ
1264 1741 1293 1793 ό
1325 1740 1452 1802 λαὸς
1474 1738 1647 1793 ταῦτα
1671 1738 1921 1810 καθορῶν

337 1834 753 1905 ἐξεπλήττοντο.
788 1832 1007 1902 Δάκρυα
1024 1832 1081 1886 δὲ
1113 1830 1505 1902 προσετίθεντο
1521 1830 1776 1902 δάκρυσι,
1804 1830 1920 1893 τοῖς

337 1928 434 1981 ἐπὶ
480 1930 548 1997 τῇ
598 1926 843 1998 προτέρᾳ
896 1926 1044 1999 λύπῃ
1096 1924 1164 1978 τὰ
1214 1927 1314 1996 τῆς
1351 1924 1578 1997 ὕστερον
1616 1927 1793 1995 χαρᾶς
1828 1924 1923 1977 καὶ
1954 1923 1998 1980 Β

337 2017 809 2087 θανματονργίας.
835 2016 1089 2087 Θάμϐους
1117 2011 1212 2071 οὖν
1260 2016 1357 2069 καὶ
1401 2015 1666 2087 εὐθυμίας
1723 2016 1913 2081 μεστοὶ

333 2113 451 2173 το“ς
484 2110 615 2163 τισὶ
638 2108 729 2162 τοῦ
759 2109 999 2181 μεγάλου
1047 2108 1438 2179 προσέπιπτον,
1471 2107 1606 2171 Νῦν,
1638 2107 1912 2176 λέγοντες,

336 2203 590 2270 ἔγνωμεν
611 2203 694 2255 ὅτι
722 2203 750 2254 ό
771 2200 902 2264 Θεὸς
936 2201 1074 2270 μετά
1106 2199 1223 2267 σοῦ,
1281 2203 1375 2254 καὶ
1405 2200 1522 2271 ἄμα
1548 2202 1644 2254 καὶ
1688 2199 1825 2272 πρὸς
1851 2198 1913 2252 τὸ

337 2294 605 2364 πράττειν
655 2293 1002 2362 ἑτοιμότερον
1078 2291 1490 2364 ηὐτρεπίζοντο,
1551 2294 1727 2347 πάντα
1751 2291 1916 2361 ὶύπὲρ

337 2384 511 2438 αὑτοῦ
563 2385 661 2439 καὶ
691 2385 884 2440 παθεῖν
908 2384 1004 2439 καὶ
1033 2385 1250 2456 δρᾶσαι,
1282 2384 1380 2438 σὺν
1407 2385 1510 2456 ὅσῃ
1532 2385 1737 2455 σπουδῇ
1794 2383 1920 2455 βου-

339 2477 589 2546 λόμενοε.

1296 432 1479 497 νιΤΑ
1521 436 1585 498 8.
1624 435 2011 499 GREGOBII
2054 440 2594 507 AGRIGENTINI.

3484 439 3599 509 242

2022 552 2115 617 rit,
2147 553 2257 608 illic
2297 554 2464 610 etiam
2514 555 2804 623 sustinete,
2861 552 3105 629 mihique
3162 556 3304 616 hanc
3338 561 3594 632 injuriam

2019 645 2213 715 vigiles
2244 646 2351 701 mei
2406 648 2714 703 condonate
2740 668 2755 705 :
2794 666 2902 706 non
2946 652 3096 706 enim
3124 664 3317 709 contra
3341 670 3427 711 me
3458 655 3596 711 fera:

2022 739 2138 795 ista:
2170 741 2415 796 deterius
2458 741 2760 812 quidquam
2806 752 3067 800 statuent.
3098 746 3195 799 llis
3226 747 3412 803 verbis
3463 748 3598 805 satis

2019 830 2287 901 liquebat,
2329 832 2482 887 illum
2508 843 2742 889 mortem
2769 849 2880 889 non
2931 835 3132 899 vereri,
3163 836 3259 890 sed
3310 837 3414 892 hoc
3481 846 3601 893 stu—

2022 921 2179 986 dere,
2222 931 2281 977 ut
2309 924 2438 979 dum
2461 923 2609 978 circa
2635 939 2915 979 carcerem
2949 924 3144 979 intenti
3174 935 3534 994 occupantur,
3569 945 3601 984 a

2021 1011 2195 1082 priori
2226 1012 2349 1068 illos
2379 1012 2753 1084 indignatione
2788 1015 3102 1069 retraheret
3132 1033 3145 1067 :
3197 1016 3469 1085 simulque
3519 1018 3605 1071 in-

2022 1103 2204 1174 gentis
2241 1118 2305 1159 ac
2337 1103 2611 1174 magnifici
2672 1105 2944 1170 miraculi,
2996 1105 3144 1175 quod
3187 1106 3371 1161 statim
3404 1108 3603 1162 subse-

2021 1201 2211 1247 cutum
2269 1201 2376 1257 est,
2406 1202 2747 1261 spectatores
2804 1196 3188 1251 constitueret.
3249 1197 3387 1252 Cum
3457 1199 3604 1253 enim

2021 1283 2485 1354 multitudoiuxta
2519 1285 2623 1341 viri
2659 1286 2833 1342 sancti
2869 1302 3188 1343 sermonem
3217 1288 3352 1344 foris
3378 1300 3607 1359 praesto-

2019 1373 2249 1440 laretur,
2286 1375 2377 1431 ille
2403 1376 2552 1431 intus
2597 1377 2791 1446 positis
2847 1379 3082 1450 genibus
3128 1381 3345 1442 orahat,
3405 1390 3461 1437 et
3504 1398 3607 1451 pro

2020 1466 2280 1522 omnibus
2338 1468 2449 1523 Deo
2498 1469 2705 1538 gratias
2757 1471 2974 1540 agebat.
3034 1471 3205 1526 Porro
3276 1473 3606 1544 intempesta

2020 1565 2183 1613 nocte
2207 1558 2383 1613 lucem
2424 1558 2805 1626 clarissimam,
2839 1575 2960 1630 quae
2987 1569 3160 1616 totum
3192 1575 3470 1623 carcerem
3498 1563 3607 1625 cir-

2022 1648 2321 1716 cumfulsit,
2376 1652 2443 1704 ad
2492 1653 2675 1722 ipsum
2739 1651 3141 1708 consolandum
3197 1654 3342 1707 Deus
3390 1654 3608 1710 caelitus

2024 1742 2269 1807 immisit,
2326 1743 2618 1814 eidemque
2693 1746 2920 1814 angelus
3003 1744 3294 1805 assistens.
3359 1753 3604 1810 catenas,

2022 1833 2227 1903 quibus
2248 1834 2464 1890 vinctus
2488 1844 2630 1900 erat,
2662 1834 2926 1906 perfregit
2951 1851 2967 1893 :
3001 1850 3240 1905 cumque
3266 1835 3449 1891 verbis
3473 1850 3609 1889 con-

2026 1924 2297 1982 ﬁrmasset
2360 1927 2538 1993 illum,
2565 1943 2675 1999 quo
2698 1929 2960 1999 majorem
2993 1929 3437 1984 benevolentiam
3465 1928 3611 1983 indi-

2021 2026 2192 2082 caret,
2221 2018 2537 2088 complexus
2562 2027 2668 2074 est.
2698 2019 2792 2074 Ille
2847 2019 3076 2091 quidem
3100 2019 3387 2073 hominum
3439 2020 3608 2074 obtu-

2025 2120 2113 2164 tus
2143 2111 2431 2165 oculorum
2452 2110 2743 2182 effugerat,
2803 2121 3064 2168 cazterum
3115 2113 3299 2183 ianuae
3370 2112 3610 2166 carceris

2022 2217 2119 2256 sua
2142 2210 2334 2273 sponte
2357 2210 2554 2273 apertae
2583 2214 2731 2258 sunt.
2750 2205 2866 2271 Qua
2883 2219 2940 2258 re
2963 2203 3364 2265 animadversa,
3387 2212 3494 2257 tam
3525 2201 3611 2254 in-

2031 2310 2165 2365 gens
2188 2296 2448 2366 pOpnIum
2476 2295 2764 2350 admiratio
2792 2294 2981 2359 subiit,
3005 2305 3063 2350 ut
3079 2295 3330 2365 lacryma
3350 2309 3460 2365 prae
3483 2308 3610 2363 gau-

2027 2386 2119 2464 dio
2169 2401 2232 2441 ac
2259 2384 2582 2440 admirando
2607 2385 2750 2440 facto
2776 2386 3049 2455 posterius
3077 2385 3291 2449 elicitae,
3314 2381 3612 2453 superioris

2025 2477 2295 2547 lacrymas
2323 2477 2504 2532 luctus
2531 2476 2864 2546 exciperent.
2917 2475 3152 2546 Stupore
3207 2476 3372 2545 igitur
3410 2489 3474 2529 ac
3520 2474 3613 2527 lae-

340 2571 466 2623 tilia
526 2570 697 2639 pleni,
762 2571 829 2625 ad
888 2572 1057 2641 pedes
1108 2572 1289 2643 magni
1360 2571 1461 2625 viri
1531 2570 1928 2641 procumbunt,
1968 2570 2262 2625 dicentes:
2310 2569 2470 2625 Nunc
2554 2571 2721 2626 Deum
2778 2581 2958 2627 tecum
3012 2584 3135 2625 esse
3206 2567 3609 2640 cognovimus:

340 2662 623 2734 simulque
674 2665 980 2735 paratiores
1006 2665 1072 2719 ad
1103 2674 1253 2723 recte
1284 2664 1426 2720 facta
1453 2665 1759 2728 constituti,
1789 2663 1974 2719 omnia
2003 2679 2103 2735 pro
2135 2664 2259 2733 ipso
2283 2672 2341 2719 et
2366 2663 2477 2733 pati
2512 2662 2774 2719 etfacere
2804 2664 3055 2718 hilariter
3080 2662 3470 2717 decreverunt.

415 2762 556 2814 ΜΒ.
598 2763 711 2815 Καὶ
764 2762 1085 2831 ἀνήρπαστο
1136 2762 1203 2815 ἂν
1259 2760 1457 2815 αὐτίκα
1487 2759 1713 2823 Σαϐῖνός
1739 2777 1799 2813 τε
1830 2764 1924 2814 καὶ

342 2854 741 2925 Κρῑσκεντῖνος
766 2852 818 2903 οἱ
851 2848 1262 2919 κακοδαίμονες,
1294 2850 1344 2901 εί
1385 2847 1460 2919 μὴ
1487 2849 1595 2917 ἄρα
1625 2846 1798 2900 πολλὰ
1826 2847 1926 2917 μὲν

342 2943 531 3001 αὐτῶν
578 2944 676 2996 καὶ
721 2939 879 3004 αὖθις
932 2939 1143 3010 δεηθετς
1174 2942 1201 2992 ό
1234 2938 1381 3002 θεῖος
1425 2938 1594 3003 ϐντως
1633 2937 1794 3008 ἀνὴρ,
1827 2937 1930 2991 οὐκ

340 3035 529 3104 ὀλίγον
560 3034 618 3087 δὲ
639 3033 736 3086 καὶ
765 3030 931 3100 φόϐον
951 3031 1135 3095 αὐτοῖς
1172 3029 1421 3085 ὲπέσεισε
1447 3032 1517 3084 τά
1537 3045 1598 3083 τε
1627 3028 1723 3082 τοῦ
1763 3029 1929 3097 φόνου

342 3129 496 3184 κακὰ
517 3126 755 3192 διεξιὼν,
770 3124 868 3179 καὶ
885 3126 989 3180 ὅσα
1010 3127 1074 3178 ἐκ
1098 3124 1289 3179 τούτου
1311 3122 1692 3196 συμϐήσεσθαι
1710 3122 1925 3195 ἔμελλε,

344 3221 446 3274 καὶ
500 3218 813 3271 τελευταῖον
848 3215 1109 3283 προσθεὶς
1167 3214 1245 3279 ὡς
1276 3216 1327 3269 εί
1357 3214 1528 3269 ταῦτα
1565 3215 1771 3287 τολμᾷν
1802 3212 1928 3285 βού-

343 3322 547 3378 λοιντο,
576 3306 741 3361 αύτὸν
764 3307 872 3359 δεῖν
904 3303 1118 3375 πρῶτον
1142 3305 1592 3371 ἁποκτεὶιαντις,
1626 3303 1801 3367 οὕτως
1831 3303 1930 3356 ἐπ’
1955 3287 1998 3347 C

343 3403 602 3464 ἐκείνους
655 3402 877 3470 χωρεῖν.
931 3396 1118 3461 Οὕτως
1181 3396 1353 3451 είπὼν
1398 3396 1551 3468 μόλις
1609 3397 1796 3466 ἵστησι
1834 3394 1935 3464 τῆς

340 3492 552 3565 ὁρμῆς.
587 3492 847 3558 Φωνήσας
892 3489 951 3542 δὲ
1000 3489 1226 3544 Σαϐῖνον
1272 3489 1371 3544 καὶ
1411 3489 1806 3562 Κρισκεντῖνον
1851 3486 1939 3540 ἱνα

344 3583 633 3641 nlui/etc
658 3580 752 3650 ἐξῇ
787 3580 856 3633 τὰ
899 3582 1171 3650 γενόμενα
1213 3581 1475 3653 καθορᾷς),
1514 3580 1580 3633 Τί
1608 3579 1706 3634 καλ⁵
1750 3578 1814 3650 δή
1848 3596 1937 3649 με,

344 3678 513 3748 φησὶ,
577 3674 816 3728 ὲιταῦθα
874 3673 1338 3735 κατακλείσαντες
1392 3674 1547 3744 ἔχετε
1575 3670 1693 3737 ἐξὸν
1721 3671 1939 3741 θανάτῳ

345 3765 697 3835 παραδοῦναι
728 3766 760 3835 ἢ
797 3766 892 3819 καὶ
944 3765 1343 3837 κριθησόμενον
1413 3764 1766 3834 ἀποπέμπειν
1811 3761 1942 3816 ἔνθα

346 3863 428 3914 ἂν
456 3860 615 3929 ὑμεῖς
658 3856 962 3928 βούλοισθε.
999 3857 1060 3910 Οἱ
1090 3857 1147 3909 δὲ
1176 3858 1267 3910 καὶ
1303 3855 1411 3908 τῶν
1444 3854 1753 3924 λεγομένοιν
1777 3852 1942 3906 ἁκού-

346 3967 511 4013 οντες
535 3950 631 4002 καὶ
652 3948 765 4001 τῶν
794 3949 1187 4018 πραττομένων
1215 3948 1367 4001 αὐτοὶ
1390 3946 1667 4019 μάρτυρες
1693 3945 1943 4016 ἀψευδεῖς

346 4044 579 4105 ἑαυτοῖς
641 4042 1004 4113 ὑπάρχοντες,
1065 4039 1219 4093 οὐδέν
1249 4057 1300 4093 τι
1334 4039 1536 4109 μᾶλλον
1576 4038 1942 4108 ὲδυσωπήθη-

349 4150 488 4194 σαν,
509 4133 620 4187 ούδ¹
657 4134 707 4186 εἰ
739 4135 814 4201 μή
848 4131 1049 4185 τιᾶλλο
1094 4131 1205 4185 τῶν
1233 4130 1497 4203 ῥημάτων
1526 4131 1628 4203 τὴν
1669 4130 1943 4201 τοσαύτην

340 4226 671 4298 ⁴ελσδέθησςιιν
710 4226 1044 4276 ἐπιείκειαν·
1093 4225 1174 4277 ὅτι
1223 4226 1359 4294 μετὰ
1393 4224 1630 4278 τοσαῦτα
1673 4225 1768 4278 καὶ
1796 4223 1946 4293 τηλι-

339 4317 543 4373 καῦτα
582 4318 652 4370 τά
679 4332 743 4383 γε
778 4315 1097 4385 παραδόξως
1127 4316 1207 4379 είς
1250 4316 1413 4369 αὑτὸν
1469 4315 1793 4369 τελεσθέντα
1847 4333 1948 4369 κυ-

338 4410 520 4480 ρίους
566 4408 816 4469 ἐκείνους
860 4405 952 4458 τοῦ
1015 4406 1148 4459 ίδίου
1207 4408 1446 4459 ἐποιεῖτο
1502 4404 1775 4477 σώματος,
1820 4406 1949 4461 ἀλλ’

328 4498 822 4569 ἀπονενοημένως
880 4497 1086 4567 σιρόδρα
1167 4498 1263 4551 καὶ
1317 4496 1529 4567 ἰταμῶς
1581 4498 1720 4568 πρὸς
1782 4497 1948 4565 αὑτὸν

326 4592 628 4661 ἔφασκον,
672 4587 964 4682 ἐπιστολὰς
1017 4590 1148 4660 περὶ
1181 4587 1348 4642 αὐτοῦ
1376 4588 1454 4660 τῷ
1486 4588 1701 4660 ὲξάρχῳ
1730 4604 1947 4658 πεπομ-
1975 4622 2025 4682 D

324 4685 549 4754 φέναι,
586 4681 847 4735 κάκείνου
872 4679 936 4749 δὴ
961 4680 1197 4751 ἥκοντος
1231 4679 1413 4735 πάντα
1446 4683 1543 4735 σὺν
1595 4679 1856 4754 ἀκριϐείᾳ
1876 4681 1948 4734 τὰ

318 4775 491 4834 κατ’
550 4773 722 4829 αὐτὸν
798 4772 1169 4837 ἐξετάζεσθαι.
1231 4773 1431 4841 Γέγονε
1464 4773 1647 4840 οὕτω,
1700 4772 1796 4828 καὶ
1850 4771 1946 4827 τοῦ

306 4872 603 4942 ἐξάρχου
654 4869 761 4940 ἤδη
826 4867 1251 4934 καταλαϐόντος,
1303 4869 1362 4921 ἐν
1394 4868 1534 4939 μέσῃ
1571 4884 1630 4922 τε
1673 4871 1739 4939 τῇ
1792 4869 1947 4923 πόλει

311 4959 866 5035 προκαηετθέντος,
899 4958 1266 5027 παρίστανται
1317 4957 1418 5027 μὲν
1456 4959 1661 5030 οἱπερὶ
1718 4959 1948 5013 Σαϐῖνον

308 5060 480 5127 ἅμα.
532 5054 603 5121 τῇ
675 5051 974 5121 μοιχαλίδι,
1030 5050 1228 5118 ἄγεται
1257 5048 1315 5103 δὲ
1339 5051 1432 5101 καὶ
1461 5052 1489 5103 ὁ
1516 5051 1672 5119 ἅγιος
1710 5050 1811 5120 τῆς
1837 5051 1951 5120 ειρ-

304 5148 503 5217 κτῆς
538 5143 649 5198 ύπδ
678 5141 860 5213 πολλῷ
888 5141 965 5213 τῷ
994 5142 1188 5213 πλήθει
1238 5144 1763 5213 παραπεμπόμενος,
1789 5143 1839 5197 οἳ
1860 5143 1951 5197 καὶ

300 5246 440 5318 βοῇ
478 5238 633 5308 πρὸς
659 5236 752 5290 τ’τν
783 5235 1013 5307 ἔξαρχον
1038 5236 1299 5306 ἐχρῶντο,
1325 5236 1395 5291 τά
1422 5252 1483 5289 τε
1503 5235 1641 5291 ἄλλα
1673 5234 1952 5308 θαυμάσια

295 5336 431 5393 τοῦ
513 5331 826 5400 Γρηγορίου
881 5327 1173 5395 διεξιόντες
1233 5328 1326 5381 καὶ
1355 5327 1504 5390 ὅπως
1551 5327 1716 5382 αὐτοῦ
1762 5327 1953 5383 τούτου

294 5425 608 5487 Σαϐίνου
642 5421 741 5491 τὴν
797 5420 1085 5490 θυγατέρα
1111 5420 1386 5483 τοσούτοις
1425 5420 1572 5473 ἔτεσι
1614 5423 1956 5489 παρειμένην

293 5516 483 5592 ὑγιᾶ
549 5511 631 5581 τῷ
687 5508 871 5582 Πατρὶ
918 5509 1156 5575 δίδωσιν,
1196 5509 1257 5565 ὂν
1312 5510 1407 5564 καὶ
1456 5510 1713 5580 δεύτερον
1754 5510 1956 5565 Ἰούδαν

293 5608 516 5669 έκάλτ
530 5619 628 5668 In,
650 5604 740 5656 τὸν
765 5603 1064 5672 εὐεργέτην
1099 5599 1292 5671 ὥσπερ
1325 5603 1532 5663 ἐκεῖνος
1556 5603 1668 5664 τοῖς
1697 5601 1956 5673 χαλεποῖς

290 5694 782 5776 ἀμειψάμενοι.
845 5693 988 5764 Πρὸς
1053 5693 1148 5746 ἐπὶ
1199 5695 1332 5746 πᾶσι
1369 5692 1426 5745 δὲ
1478 5693 1572 5746 καὶ
1626 5692 1687 5746 τὸ
1709 5693 1958 5747 τελεσθὲν

291 5802 611 5861 εναγγος
637 5788 767 5855 περὶ
792 5786 890 5855 τὴν
925 5784 1174 5856 φυλακὴν
1200 5784 1576 5853 προετίθεσαν,
1594 5784 1710 5843 .xal
1728 5785 1808 5840 ὅτι
1867 5784 1960 5838 τδν

300 5890 448 5963 τη).
473 5878 722 5934 -κοῦτον
759 5878 990 5947 ίνάλιστα
1055 5878 1151 5948 μὲν
1194 5877 1313 5930 οὐδὲ
1344 5878 1422 5941 εἰς
1468 5878 1761 5947 ἀπνλογίαν
1791 5878 1959 5949 ἐχρῆν

2100 2759 2264 2813 XLII.
2294 2760 2371 2813 Ac
2412 2758 2651 2813 Sabinus
2681 2756 3188 2827 Crescentin’usquc
3224 2755 3603 2811 scelestissimi

2031 2859 2257 2923 repente
2308 2850 2545 2906 confossi
2571 2866 2636 2905 ac
2683 2850 2914 2921 jugulati
2966 2848 3221 2913 fuissent,
3260 2846 3365 2902 nisi
3414 2861 3610 2902 rursus

2030 2946 2115 3000 vir
2137 2943 2230 2999 ille
2278 2958 2406 2999 vere
2435 2942 2652 2999 divinus
2676 2957 2770 2998 eos
2804 2956 2932 2996 mox
2971 2940 3206 2995 multum
3241 2938 3606 3002 obsecrasset,

2029 3034 2379 3106 graviterque
2411 3032 2725 3098 terruisset,
2756 3032 2927 3089 caedis
2949 3029 3317 3098 incommoda,
3347 3039 3403 3086 et
3441 3028 3608 3094 mala,

2032 3140 2155 3197 qua:
2216 3125 2346 3181 inde
2383 3125 2755 3191 imminerent,
2794 3123 2867 3179 ob
2890 3116 3080 3178 oculos
3127 3136 3361 3194 ponens.
3414 3121 3611 3178 Extre-

2034 3232 2182 3273 mum
2215 3217 2350 3274 illud
2409 3217 2641 3284 addens,
2703 3217 2748 3273 si
2785 3223 2998 3273 tantum
3049 3214 3269 3272 facinus
3318 3213 3609 3275 auderent,
3688 3228 3692 3231 ·

2030 3320 2291 3380 oportere
2339 3319 2400 3366 ut
2422 3325 2541 3366 sese
2571 3309 2810 3380 primum
2872 3306 3266 3371 interﬁcerent,
3319 3321 3385 3361 ac
3411 3304 3491 3360 sic
3517 3319 3615 3376 po-

2035 3408 2240 3478 stremo
2262 3401 2383 3456 illos
2403 3401 2746 3456 invaderent.
2779 3400 2881 3457 Vix
2902 3399 2988 3454 his
3012 3398 3197 3455 verbis
3218 3411 3410 3454 eorum
3435 3396 3582 3466 impe
3601 3424 3614 3438 -

2041 3504 2156 3550 tum
2200 3493 2431 3550 sedavit.
2459 3493 2724 3550 Sabinum
2771 3508 2835 3548 ac
2852 3491 3267 3548 Crescentinum
3293 3504 3611 3551 accersens,

2041 3596 2193 3643 utea
2218 3602 2339 3657 qua:
2367 3595 2517 3659 gesta
2552 3596 2739 3643 essent
2794 3600 3025 3643 cernere
3070 3584 3209 3655 ipsis
3249 3583 3440 3639 liceret
3466 3581 3616 3638 :Cur

2042 3694 2130 3734 me
2176 3678 2426 3744 obsecro,
2450 3678 2647 3750 inquit,
2697 3678 2790 3734 hic
2833 3677 3104 3733 inclusum
3152 3675 3430 3737 dctinetis,
3490 3688 3613 3728 cum

2043 3771 2100 3825 in
2130 3786 2217 3825 me
2246 3772 2398 3827 necis
2428 3771 2680 3827 habeatis
2708 3778 3054 3842 potestatem,
3085 3768 3169 3825 vel
3194 3767 3415 3839 publico
3445 3765 3606 3820 dam-

2043 3871 2231 3917 natum
2272 3864 2501 3934 judicio,
2528 3873 2968 3935 quoqroersum
2991 3863 3044 3917 in
3079 3862 3333 3917 exsilium
3388 3861 3607 3913 mittere

2043 3951 2249 4006 liceat?
2283 3952 2365 4006 Illi
2398 3967 2523 4008 cum
2551 3954 2667 4007 haec
2709 3951 2893 4007 omnia
2934 3950 3211 4014 audirent,
3243 3958 3300 4004 et
3348 3949 3616 4003 factorum

2045 4051 2216 4100 testes
2238 4042 2339 4113 ipsi
2375 4042 2479 4098 sibi
2507 4051 2692 4098 essent
2727 4041 3052 4109 locupletes,
3104 4040 3441 4096 conscientia
3480 4038 3617 4093 alio-

2006 4202 2007 4205 η
2046 4135 2139 4206 qui
2171 4151 2267 4190 sua
2291 4133 2560 4200 transﬁxi,
2608 4134 2749 4189 nihil
2808 4132 2990 4188 minus
3016 4132 3082 4187 de
3108 4131 3404 4199 pertinacia
3435 4138 3489 4184 et
3520 4131 3619 4185 du-

2046 4228 2172 4283 ritie
2198 4226 2548 4293 remiserunt,
2573 4233 2888 4294 tantamque
2949 4224 3245 4279 verborum
3301 4229 3619 4277 mansuetu-

2050 4319 2255 4382 dinem,
2287 4317 2433 4388 quod
2466 4326 2590 4388 post
2643 4325 2723 4372 tot
2761 4324 3022 4386 tantaque
3060 4314 3235 4385 signa,
3273 4328 3400 4384 erga
3462 4314 3615 4369 illum

2050 4411 2451 4469 admirabiliter
2510 4410 2680 4475 edita,
2735 4424 2793 4464 se
2852 4409 3060 4478 proprii
3097 4407 3343 4476 corporis
3369 4406 3622 4461 dominos

2051 4503 2277 4569 iaceret,
2342 4518 2452 4558 non
2498 4503 2692 4573 magis,
2728 4516 2890 4572 quam
2943 4500 3037 4571 qui
3093 4498 3340 4564 minime,
3399 4498 3621 4553 reveriti

2050 4603 2220 4661 sunt;
2261 4593 2395 4664 quin
2423 4594 2707 4664 pmfracte
2730 4592 2888 4646 valde
2922 4606 2985 4645 ac
3008 4594 3325 4661 arroganter
3360 4588 3435 4643 illi
3473 4588 3621 4644 dice-

2048 4688 2202 4751 bant,
2229 4685 2495 4758 epistolas
2518 4700 2577 4741 se
2606 4686 2674 4741 de
2711 4685 2808 4739 illo
2834 4683 3072 4739 exarcho
3100 4681 3337 4754 principi
3383 4679 3620 4745 dedisse,

2048 4778 2144 4836 sed
2166 4789 2462 4835 venturum
2494 4776 2669 4840 illum,
2696 4784 3064 4844 accurateque
3105 4773 3174 4828 de
3204 4772 3354 4828 illius
3386 4770 3624 4825 crimine

2049 4868 2408 4940 quaestionem
2443 4867 2782 4925 habiturum.
2804 4865 2975 4935 quue
3006 4865 3078 4919 ita
3110 4862 3312 4918 factum
3346 4872 3450 4917 est.
3477 4861 3618 4917 Nam

2049 4974 2176 5017 cum
2215 4957 2486 5015 exarchus
2548 4957 2879 5020 advenisset,
2938 4970 3001 5011 ac
3053 4955 3107 5009 in
3177 4952 3360 5010 media
3399 4953 3622 5009 civitate

2049 5068 2153 5125 pro
2195 5052 2453 5108 tribunali
2497 5066 2661 5123 agens
2681 5052 2770 5121 jus
2809 5050 3038 5111 diceret,
3084 5045 3319 5102 Sabinus
3352 5059 3462 5099 una
3493 5058 3620 5100 cum

2050 5144 2296 5201 adultera
2361 5143 2438 5199 illi
2477 5142 2776 5198 sesistunt.
2822 5140 3055 5197 Sanctus
3109 5152 3326 5209 quoque
3380 5137 3627 5192 custodi-

2054 5236 2215 5294 dibus
2272 5251 2339 5292 ac
2407 5234 2830 5305 apparitoribus,
2900 5232 3157 5302 pleraque
3246 5230 3375 5285 item
3434 5228 3623 5299 populi

2054 5326 2409 5383 multitudine
2452 5326 2745 5381 comitatus
2774 5321 3083 5377 deducitur.
3147 5320 3213 5375 Hi
3236 5335 3421 5375 coram
3466 5335 3626 5375 exar-

2056 5419 2161 5473 cbo
2184 5431 2375 5473 vocem
2399 5416 2671 5479 tollentes,
2695 5427 2818 5467 cum
2871 5411 2976 5465 alia
3018 5410 3264 5480 Gregorii
3302 5410 3622 5465 admiranda

2058 5510 2200 5566 facta
2236 5506 2727 5579 persequebantur,
2762 5510 2901 5563 tum,
2927 5499 3387 5570 quemadmodum
3420 5499 3617 5555 Sabini

2059 5600 2235 5671 ipsius
2290 5600 2455 5653 ﬁliam
2500 5607 2579 5651 tot
2630 5593 3367 5665 annisjacentemredditam
3405 5593 3628 5648 sanitati

2059 5691 2200 5765 patri
2224 5687 2548 5751 restituerit,
2575 5686 2850 5751 dixerunt,
2883 5694 2940 5741 et
2986 5700 3149 5756 quem
3172 5684 3370 5741 Judam
3400 5684 3629 5740 alterum

2061 5779 2428 5853 appellabant,
2464 5778 2608 5833 hunc
2643 5775 3049 5833 benefactorem
3098 5791 3259 5830 suum
3320 5790 3427 5830 non
3475 5789 3633 5827 secus

2063 5891 2126 5933 ac
2169 5874 2261 5929 ille
2303 5869 2453 5937 fecit,
2485 5869 2764 5925 maleficiis
2808 5881 3179 5940 compensare.
3204 5863 3341 5920 Illud
3371 5870 3631 5934 praeterea
