4072 6390
404 421 508 487 243

1632 420 1917 483 MENSIS
1959 422 2396 488 NOVEMBER.

3556 416 3662 478 241.

404 534 700 600 addebant,
726 535 869 605 quod
906 536 972 592 de
997 536 1248 592 custodia
1272 553 1447 608 nuper
1472 536 1749 594 acciderat
1782 554 1796 591 :
1826 537 1970 608 quod

2096 541 2341 612 ιαθιστᾷν
2364 556 2377 569 ο
2414 539 2465 593 εἰ
2504 538 2549 593 δ’
2579 530 2696 600 οὖν,
2724 534 2859 589 ἀλλὰ
2883 533 2943 587 τό
2965 549 3029 600 γε
3084 528 3255 603 χωρὶς
3286 528 3507 582 συνδδου
3538 531 3667 598 κρί’

402 636 526 680 cum
565 628 672 678 tam
708 641 962 695 magnum
985 627 1291 697 praesertim
1318 637 1484 693 esset,
1516 644 1587 685 ne
1641 629 1722 684 illi
1751 629 1977 700 quidem

399 717 784 772 necessitatem
808 708 894 773 s'ui
916 720 1215 775 excusandi
1247 721 1412 776 tribui
1437 730 1734 792 oportere:
1773 721 1979 792 alioqui

401 810 447 864 si
508 808 628 864 sine
674 808 911 865 concilio
959 806 1367 884 iudicarentur,
1404 810 1525 869 fore
1586 814 1834 869 omnium
1875 814 1982 869 ini-

403 902 729 971 quissimum
785 904 1126 961 asserebant.
1171 906 1295 963 Haec
1358 907 1713 963 multitudine
1764 907 1982 962 concla-

405 1004 611 1062 mante,
643 996 917 1053 exarchus
956 1000 1136 1067 palam
1176 1001 1507 1071 perterritus
1550 1009 1654 1056 est.
1712 999 1981 1066 Quocirca

402 1088 472 1141 de
494 1086 624 1142 sede
645 1088 911 1150 surrexit,
938 1087 1181 1160 dixitque
1214 1091 1279 1145 ad
1313 1091 1627 1160 pontificem
1652 1091 1980 1157 maximum,

403 1194 513 1249 quo
539 1179 608 1234 de
631 1178 733 1234 hac
757 1188 868 1235 tota
888 1196 1051 1237 causa
1072 1192 1452 1253 cognosceret,
1481 1181 1686 1237 referre
1702 1190 1978 1252 oportere.

403 1272 474 1327 Ut
504 1282 709 1337 tamen,
744 1287 866 1327 cum
893 1273 1024 1328 illuc
1044 1275 1363 1338 accesserit,
1413 1274 1623 1344 aliquid
1688 1275 1863 1330 relatu
1897 1273 1984 1329 di-

404 1379 568 1431 gnum
608 1363 826 1431 habeat,
872 1362 1140 1419 Sabinum
1205 1382 1269 1421 ac
1306 1365 1733 1421 Crescentinum
1791 1365 1984 1421 adesse

398 1454 577 1522 jubet,
608 1456 955 1527 puellamque
977 1473 1164 1513 coram
1196 1459 1330 1528 ipsis
1378 1468 1762 1529 percontatur.
1809 1474 1879 1513 an
1917 1474 1980 1514 ea

404 1562 526 1616 quae
582 1547 660 1602 illi
720 1544 788 1606 de
852 1550 1124 1621 ejusmodi
1192 1552 1416 1607 homine
1450 1552 1797 1616 nuntiarant,
1853 1567 1984 1625 vera

404 1641 631 1695 omnino
660 1651 864 1697 essent.
896 1642 992 1697 illa
1018 1657 1149 1698 vere
1174 1638 1400 1700 fatetur.
1429 1642 1550 1710 Quo
1566 1643 1734 1708 dicto,
1765 1644 1986 1714 impure

405 1733 583 1787 amata
607 1733 991 1803 spiritu,humi
1022 1735 1369 1800 trahebatur,
1403 1733 1804 1805 confestimque
1830 1736 1985 1807 juxta

403 1824 507 1879 viri
538 1825 721 1882 sancti
767 1836 1043 1896 prostrata
1091 1827 1263 1896 pedes
1320 1826 1672 1899 miserabilis,
1724 1827 1987 1882 dentibus

405 1916 667 1981 stridens,
716 1926 883 1986 atque
923 1933 1019 1972 ore
1078 1932 1301 1988 spumas
1350 1932 1519 1990 agens
1568 1916 1985 1987 procumbebat.

407 2007 546 2062 Tum
566 2023 664 2063 eos
679 2008 770 2078 qui
800 2008 1053 2074 aderant,
1077 2018 1258 2064 tantus
1289 2019 1518 2080 repente
1550 2017 1732 2065 terror
1763 2010 1989 2071 invasit.

409 2111 469 2155 ut
497 2100 637 2156 nihil
672 2108 937 2172 praeterea
992 2100 1048 2154 in
1085 2100 1245 2157 ﬁdem
1305 2101 1581 2157 dictorum
1625 2101 1696 2157 ab
1752 2102 1990 2157 exarcho

407 2191 763 2263 quaerendum
785 2207 907 2247 esse
929 2192 1361 2257 arbitrarentur,
1386 2192 1695 2262 praesertim
1713 2192 1807 2262 qui
1829 2202 1992 2247 erant

408 2301 540 2341 sana
564 2294 771 2351 mente,
801 2299 980 2353 neque
1000 2286 1187 2339 animo
1244 2285 1401 2340 valde
1454 2286 1833 2341 cmentiebant.
1896 2285 1992 2340 Sa-

408 2375 619 2429 hiniani
680 2390 812 2430 vero
843 2373 1081 2444 improbi
1104 2374 1455 2444 sycophantae
1507 2374 1688 2428 virum
1722 2374 1990 2445 insignem

409 2466 547 2521 nihil
596 2467 783 2534 veriti,
816 2468 1243 2531 cavillabantur,
1280 2465 1611 2537 aiebantque
1645 2483 1659 2519 :
1689 2466 1831 2533 Quid
1869 2467 1994 2521 aliis

409 2557 646 2613 testibus
665 2558 999 2629 indigemus,
1023 2558 1246 2630 quando
1269 2558 1339 2613 de
1372 2559 1659 2616 voluntate
1713 2574 1815 2614 sua
1842 2558 1990 2614 Deus

2084 633 2269 687 νεσθαι
2299 632 2407 686 τῶν
2423 634 2640 685 πάντων
2679 628 2868 696 ἔλεγον
2893 621 3252 679 ἀδικώτατον.
3293 618 3537 674 Τοιαῦτα
3568 618 3668 673 τοῦ

2082 723 2318 794 πλήθους
2335 723 2609 791 βοῶντος,
2637 723 2667 775 δ
2699 719 2927 787 ἔξαρχος
2973 713 3212 786 φανερὸς
3236 707 3312 783 ἦν
3354 710 3669 779 κατάφοϐος

2082 814 2323 883 γεγονώς
2346 830 2365 849 ⁸
2430 813 2554 869 ὅθεν
2604 813 2700 867 καὶ
2763 809 2861 864 τοῦ
2905 807 3013 879 μὲν
3042 806 3289 877 βήματος
3319 801 3664 870 ἐξανίστατο,

2084 907 2223 977 πρὸς
2253 907 2309 962 δὲ
2336 906 2429 962 τὸν
2451 906 2684 961 πάππαν
2712 901 3012 973 ἀναφέρειν
3035 900 3218 954 πάντα
3242 897 3356 951 δεῖν
3400 895 3668 965 ἔφασκεν.

2087 998 2278 1069 Ὅμως
2315 998 2403 1052 ἴνα
2454 996 2549 1052 καί
2594 1014 2646 1050 τι
2674 993 3123 1065 παραγενόμενος
3169 989 3306 1061 πρὸς
3373 985 3541 1043 αὐτὸν
3564 986 3674 1039 ἁπ-

2083 1089 2372 1157 αγγέλλειν
2430 1087 2541 1158 ἔχοι
2576 1122 2592 1153 ,
2632 1085 2858 1141 Σαϐῖνόν
2889 1101 2949 1137 τε
2972 1084 3071 1136 καὶ
3122 1080 3516 1151 Κρισκεντῖνον
3539 1091 3672 1145 πρσ-

2086 1182 2468 1252 καλεσάμενος
2527 1178 2672 1234 κατὰ
2727 1178 3025 1249 πρόσωπον
3072 1171 3251 1227 αὐτῶν
3284 1170 3387 1240 τὴν
3440 1168 3668 1236 ἑταίραν

2084 1274 2298 1345 ἠρώτα,
2355 1272 2418 1327 Et
2446 1272 2626 1342 ἄληθῆ
2656 1288 2719 1340 γε
2746 1269 2921 1323 ταῦτα
2972 1267 3133 1335 φησι,
3191 1262 3337 1333 ἅπερ
3376 1254 3524 1315 οὗτοι
3574 1255 3669 1311 τοῦ

2085 1366 2277 1435 ἀνδρὸς
2306 1364 2792 1433 καταγγέλλουσιν.
2831 1360 2898 1414 'H
2928 1358 3008 1423 δὲ,
3045 1357 3175 1417 Ναὶ,
3204 1355 3360 1424 φησὶ,
3406 1351 3505 1406 καὶ
3557 1350 3672 1419 ἅμα

2085 1458 2165 1527 τῷ
2196 1457 2342 1528 λόγῳ
2396 1455 2622 1527 πονηρῷ
2677 1452 2953 1522 πνεύματι
3014 1450 3346 1518 κατάσχετος
3390 1445 3671 1512 γεγονυῖα,

2084 1552 2150 1620 τῇ
2163 1552 2234 1620 γῇ
2268 1546 2693 1620 προσηρῥάχθη,
2716 1544 2924 1613 ἐλεεινή
2960 1559 3019 1596 τε
3057 1540 3211 1614 παρὰ
3235 1538 3359 1600 τοὺς
3388 1535 3482 1590 τοῦ
3511 1534 3673 1602 ἁγίου

2088 1645 2255 1707 πόδας
2304 1643 2466 1706 εὐθὺς
2519 1643 2723 1705 ἔκειτο,
2783 1639 3068 1707 τετριγυῖα
3124 1633 3254 1697 τοὺς
3303 1632 3547 1695 ὸδᾶντας,
3579 1628 3676 1682 καὶ

2092 1734 2270 1803 ἀφρὸν
2318 1732 2413 1786 τοῦ
2497 1732 2763 1801 στόματος
2838 1726 3214 1782 ἀποπτύουτα.
3301 1723 3444 1789 Πρὸς
3499 1718 3676 1775 ταῦτα

2091 1826 2261 1896 φρίκη
2279 1811 2407 1888 τοῦς
2430 1824 2673 1894 ὁρῶντας
2730 1820 3026 1891 ἐλάμϐανε,
3055 1817 3150 1872 καὶ
3188 1816 3350 1870 πλέον
3386 1813 3554 1885 μηδὲν
3589 1814 3673 1877 εἰς

2095 1919 2280 1972 πίστιν
2305 1917 2416 1971 τῶν
2445 1916 2755 1982 λεγομένων
2769 1913 2955 1984 ἠξίουν
2986 1911 3173 1981 ζητεῖν
3202 1908 3294 1962 τὸν
3320 1908 3552 1979 ἔξαρχον
3581 1904 3677 1958 καὶ

2099 2009 2339 2079 μάλιστα
2367 2025 2432 2077 γε
2483 2008 2682 2062 ὃσοιτδ
2705 2004 2945 2067 συνειδὸς
3001 2001 3152 2071 ὑγιὲς
3205 1995 3379 2071 εἶχον,
3409 2000 3505 2053 καὶ
3553 1998 3678 2067 οὐχὶ

2094 2102 2239 2157 πάνυ
2289 2103 2389 2174 τὴν
2431 2099 2609 2171 ψυχὴν
2646 2097 2989 2166 ἐτύφλωττον
3043 2096 3095 2148 οἱ
3134 2093 3193 2148 δὲ
3235 2094 3366 2165 περὶ
3398 2091 3491 2145 τὸν
3510 2090 3680 2145 Σαϐῖ·

2094 2208 2185 2247 νον
2217 2195 2405 2264 μιαροὶ
2460 2191 2818 2260 συκοφάνται,
2864 2187 3000 2258 μηδὲ
3043 2185 3138 2241 τὸν
3174 2181 3455 2254 περιφανῆ
3491 2182 3678 2236 τοῦτον

2094 2286 2433 2348 αἰδεσθέντες
2464 2284 2708 2354 ἔλεγχον.
2730 2282 2842 2336 Καὶ
2874 2282 2929 2335 τί
2955 2282 3064 2352 γὰρ
3102 2277 3173 2334 ἂν
3219 2277 3349 2334 ἄλλο
3381 2276 3476 2332 καὶ
3503 2271 3677 2338 εἶπον,

2093 2376 2267 2440 οὕτως
2295 2375 2402 2429 ὑπὸ
2431 2374 2569 2429 Θεοῦ
2618 2370 2784 2428 αὐτοῦ
2837 2369 3431 2443 καταμαρτυρούμενοι
3473 2367 3680 2439 μαγείᾳ

2093 2471 2154 2524 τὸ
2184 2470 2294 2523 πᾶν
2350 2467 2577 2530 ἐδίδουν,
2630 2467 2725 2520 καὶ
2781 2466 3042 2534 γοητείαν
3099 2465 3198 2534 τὴν
3231 2460 3679 2533 θαυματουργίαν

2093 2562 2343 2617 ἐκάλουν.
2387 2561 2452 2614 Ἠ
2484 2559 2543 2614 δὲ
2578 2557 2674 2613 τοῦ
2732 2557 2961 2611 Σαϐίνου
2998 2555 3137 2627 γυνή
3188 2555 3307 2624 ἅμα
3338 2558 3406 2625 τῇ
3447 2552 3681 2623 θυγατρὶ

409 2664 512 2704 nos
561 2661 667 2704 tam
703 2649 991 2705 manifeste
1024 2651 1290 2707 certiores
1325 2651 1535 2707 faciat?
1564 2649 1753 2707 Omnia
1778 2650 1990 2721 praesti-

2097 2656 2190 2710 xal
2218 2657 2246 2707 ὁ
2308 2654 2439 2707 ποτὲ
2464 2651 2660 2714 ἄλαλος
2707 2651 2803 2705 καὶ
2836 2650 3040 2720 κωφὸς,
3096 2649 3190 2702 καὶ
3211 2647 3362 2702 ἄλλοι
3387 2645 3497 2700 τῶν
3514 2645 3679 2714 θερα-

410 2738 515 2810 giis
570 2739 940 2806 ascribebant,
998 2748 1054 2794 et
1112 2741 1504 2797 miraculorum
1581 2742 1693 2796 vim
1750 2741 1990 2796 divinam

2096 2747 2406 2801 πευθέντων
2461 2747 2667 2816 συχνοὶ,
2694 2742 3078 2813 προσέπιπτόν
3106 2759 3168 2796 τε
3203 2741 3317 2804 τοῖς
3351 2738 3447 2793 τοῦ
3498 2752 3680 2806 μακα-

410 2833 771 2901 imposturam
797 2832 1168 2902 appellabant.
1203 2833 1274 2888 At
1306 2832 1497 2888 Sabini
1529 2846 1666 2888 uxor
1697 2847 1805 2887 una
1867 2847 1990 2888 cum

2099 2841 2216 2912 ρίου
2252 2841 2377 2894 ποσὶ
2398 2838 2704 2901 κλαίοντες,
2739 2838 2835 2891 καὶ
2893 2835 3060 2909 μηδὲν
3093 2834 3281 2898 αὐτοῖς
3328 2829 3679 2903 μνησικακῆ-

412 2923 548 2986 ﬁlia,
583 2938 707 2994 quae
739 2938 879 2978 caeca
903 2923 1180 2993 surdaque
1212 2925 1374 2994 paulo
1396 2934 1523 2979 ante
1550 2924 1751 2987 fuerat,
1776 2938 1840 2979 ac
1871 2923 1990 2993 ple-

2100 2950 2189 2987 σαι
2222 2932 2321 3001 τῆς
2378 2931 2581 3002 ἑτέρων
2649 2929 2840 2985 ἕνεκεν
2869 2929 3175 3000 παροινίας,
3214 2927 3352 2998 μηδὲ
3376 2926 3477 2995 τῆς
3514 2925 3683 2993 βλασ-

410 3024 570 3094 rique
608 3022 701 3078 alii
725 3038 792 3077 ex
824 3022 913 3087 iis,
949 3022 1042 3093 qui
1067 3023 1244 3078 sanati
1276 3022 1519 3091 fuerant,
1571 3023 1649 3077 ad,
1702 3022 1848 3077 beati
1886 3022 1990 3077 viri

2097 3024 2309 3095 φημίας
2342 3023 2451 3077 τῶν
2482 3020 2700 3077 ἀσεϐῶν
2750 3020 2987 3075 ἐδέοντο.
3021 3021 3088 3073 Ἠ
3116 3020 3174 3073 δέ
3209 3034 3274 3085 γε
3309 3016 3545 3089 ῥηθεῖσα
3584 3013 3680 3068 τοῦ

411 3116 580 3186 pedes
602 3131 723 3172 sese
748 3113 942 3172 ﬂentes
963 3117 1268 3189 proiecere,
1293 3125 1350 3170 et
1377 3132 1447 3172 ne
1469 3124 1659 3171 contra
1679 3129 1739 3171 se
1764 3115 1836 3171 ob
1858 3115 1990 3171 alio-

2098 3117 2327 3174 Σαϐίνου
2376 3116 2514 3187 γυνὴ
2573 3114 2743 3185 ὀργῆς
2809 3111 3116 3183 πλησθεῖσα
3164 3109 3387 3171 δικαίας
3444 3105 3542 3161 καὶ
3599 3104 3681 3175 τῷ

411 3225 535 3264 rum
583 3207 832 3265 convicia
864 3222 929 3263 ac
972 3207 1355 3277 petulantiam,
1384 3208 1795 3278 impiorumque
1824 3208 1990 3264 male-

2096 3210 2302 3284 ταύτης
2327 3209 2481 3280 ἅνδρὶ
2507 3207 2713 3280 σφόδρα
2733 3207 2931 3278 πικρόν
2956 3223 3009 3260 τι
3028 3205 3124 3260 καὶ
3156 3202 3384 3275 μανικὸν
3411 3201 3678 3273 βλέψασα,

413 3299 713 3355 dicentiam
764 3309 1117 3371 acceptarum
1169 3299 1497 3369 injuriarum
1547 3300 1983 3371 indignationem

416 3378 726 3454 exsereret,
754 3388 1140 3444 obsecrabant.
1182 3388 1354 3443 Porro
1377 3388 1572 3443 eadem
1601 3386 1795 3444 Sabini
1830 3403 1990 3453 uxor,

411 3479 555 3548 iusta
585 3477 656 3532 de
707 3492 871 3534 causa
927 3478 1231 3549 indignata,
1260 3479 1438 3534 virum
1470 3494 1632 3536 suum
1659 3488 1813 3536 torve
1844 3482 1996 3551 aspi-

414 3584 564 3636 cere,
586 3584 651 3625 ac
684 3568 888 3625 acriter
919 3572 1206 3641 increpare
1247 3573 1436 3642 coepit,
1494 3578 1552 3626 et
1575 3571 1757 3629 dicere
1787 3589 1801 3626 :
1836 3572 1977 3628 Hinc

416 3660 645 3726 facesse,
699 3660 950 3725 sceleste,
1004 3661 1140 3716 mihi
1179 3669 1236 3717 et
1272 3662 1373 3717 tibi
1394 3662 1497 3733 ipsi
1544 3663 1751 3733 pariter
1797 3663 1994 3719 insidi-

416 3762 558 3809 ator.
592 3752 843 3809 llatccine
872 3753 1085 3808 homini
1131 3753 1407 3818 beneﬁeo,
1434 3756 1614 3826 deque
1640 3754 1802 3810 nobis
1853 3755 1996 3825 Opti-

417 3858 506 3898 me
542 3844 763 3911 nterito,
815 3846 910 3913 qui
969 3847 1086 3900 solo
1145 3859 1396 3900 sermone
1452 3845 1674 3899 ﬁliolam
1737 3842 1981 3901 nostram

416 3937 640 3992 sanitati
693 3939 960 4003 restituit,
1015 3937 1281 3994 beneﬁcia
1343 3938 1862 4010 rependis?Neque
1916 3948 1991 4004 te,

2108 3301 2403 3373 Ἀπόστηθί
2466 3318 2594 3371 μου,
2654 3299 2830 3369 ἔλεγε,
2865 3298 3033 3368 μιαρὲ
3074 3300 3170 3352 καὶ
3201 3297 3326 3368 ἐμοὶ
3360 3295 3455 3350 καὶ
3496 3292 3684 3363 σαυτῷ

2095 3391 2372 3459 ὲπίϐουλε,
2405 3389 2465 3455 ὃς
2514 3390 2607 3443 τὸν
2636 3389 2796 3461 ήμῶν
2842 3388 3066 3457 σωτῆρα
3101 3388 3200 3440 καὶ
3227 3386 3548 3455 εὐεργέτην,
3590 3384 3684 3438 τὸν

2093 3486 2239 3557 λόγῳ
2273 3485 2423 3556 μόνῳ
2440 3487 2504 3536 τὸ
2525 3482 2823 3554 θυγάτριον
2870 3486 2904 3552 ἠ
2914 3481 3031 3551 μῶν
3062 3479 3482 3553 θεραπεύσαντα
3500 3476 3686 3532 τοιού·

2094 3595 2211 3641 τοις
2256 3577 2499 3649 ἠμείψω,
2561 3580 2660 3630 καὶ
2721 3574 2847 3628 οὐδὲ
2904 3572 3082 3627 ταῦτά
3135 3589 3220 3626 σοι
3282 3570 3563 3642 βλέποντι,
3588 3569 3686 3623 νῦν

2100 3669 2274 3731 ἄθλιε,
2316 3669 2574 3739 μετάνοια
2601 3668 2695 3721 τίον
2720 3667 2980 3737 λογισμὸν
3015 3667 3414 3738 ἐπεισέρχεται.
3444 3662 3687 3718 Τοιαῦτα

2102 3762 2203 3830 τῆς
2257 3762 2519 3829 γυναικὸς
2571 3760 2842 3830 λεγούσης
2873 3759 2901 3812 ὁ
2965 3758 3193 3822 Σαϐῖνος
3244 3758 3347 3829 τήν
3398 3773 3456 3809 τε
3493 3753 3685 3825 χροιὰν

2102 3851 2297 3924 ἡμειϐε
2329 3852 2423 3906 καὶ
2458 3852 2518 3905 τὸ
2547 3852 2843 3922 πρόσωπον
2870 3848 3018 3920 αὑτῷ
3052 3848 3367 3914 συνέπιπτε,
3396 3848 3490 3900 καὶ
3548 3845 3685 3909 ὅλως

2103 3944 2319 4013 ἄφωνος
2369 3940 2461 4015 ἦν,
2529 3945 2610 4007 εἰς
2667 3940 2857 3996 τοῦτον
2907 3941 2970 4010 δὴ
3025 3941 3127 4012 τῆς
3185 3940 3342 4010 δίκης
3370 3936 3681 4008 προϐάσης.

417 4028 632 4094 infelix,
686 4028 814 4083 talia
853 4035 1212 4084 contuentem
1247 4043 1397 4083 nunc
1452 4028 1564 4083 ulla
1595 4029 1989 4097 cogitationum
2068 4031 2382 4091 istiusmodi
2414 4033 2607 4090 'subit
2655 4030 3034 4098 poenitentia?
3121 4029 3245 4086 llaec
3298 4044 3425 4083 cum
3486 4025 3687 4082 mulier

416 4129 868 4193 persequeretur,
897 4119 1137 4175 Sabinus
1161 4096 1401 4176 colorem
1449 4119 1701 4183 mutavit,
1760 4135 1930 4190 seque
1965 4122 2019 4177 in
2062 4132 2262 4180 terram
2324 4125 2544 4197 abiecit,
2614 4128 2766 4183 vocis
2796 4125 3022 4180 omnino
3046 4137 3242 4192 expers
3265 4120 3442 4177 tactus
3469 4138 3483 4175 :
3510 4133 3684 4189 usque

418 4227 486 4267 eo
523 4211 702 4267 divina
729 4226 850 4269 sese
872 4209 1114 4265 vindicta
1149 4209 1369 4266 extulit.

488 4302 678 4357 XLllI.
730 4304 806 4357 Ex
856 4317 967 4372 quo
994 4318 1124 4358 vero
1153 4304 1426 4359 exercitus
1468 4304 1607 4359 nihil
1642 4305 1780 4359 ultra
1808 4314 1995 4362 contra

422 4411 481 4451 se
517 4394 869 4450 statuendum
906 4394 1121 4458 habuit,
1167 4410 1362 4451 rursus
1387 4395 1471 4450 vir
1500 4397 1697 4453 beatus
1724 4397 1780 4453 in
1806 4409 1999 4454 custo-

422 4486 571 4542 diam
607 4484 892 4555 conjectus
922 4494 1026 4549 est,
1075 4485 1253 4540 donec
1284 4486 1543 4542 universa
1572 4488 1691 4545 haec
1737 4490 1985 4560 pontiﬁci

2177 4304 2308 4359 Ml".
2352 4305 2504 4358 Ἐπεὶ
2557 4303 2725 4370 μηδὲν
2774 4300 2974 4371 εἷχενὸ
3017 4300 3244 4370 ἔξαρχος
3307 4296 3438 4364 παρ’
3491 4294 3681 4348 ἑαυτοῦ

2107 4396 2521 4483 (Ξιτιςοιρήνασθαιζ
2558 4394 2714 4457 αὖθις
2763 4395 2793 4446 ὁ
2840 4392 3113 4462 μακάριος
3158 4390 3419 4460 ὥρμησεν
3457 4389 3549 4442 ἐπὶ
3582 4387 3686 4457 τὴν

2105 4489 2349 4560 εἱρκτὴν,
2394 4486 2590 4558 μέχρις
2622 4486 2687 4540 ἂν
2718 4486 2785 4539 τὰ
2826 4485 2945 4539 κατ’
2976 4483 3141 4538 αὐτὸν
3171 4483 3250 4553 τῷ
3315 4483 3518 4552 πάππα
3538 4498 3684 4549 γνωοο

424 4592 569 4632 max.
602 4583 888 4647 perspecta
918 4575 1134 4630 ﬁerent.
1177 4574 1451 4631 Caeterum
1499 4578 1593 4633 ille
1642 4581 1891 4649 praeibat,
1945 4593 1990 4635 et

2109 4581 2209 4635 στὰ
2239 4580 2526 4649 γένωνται,
2563 4579 2757 4649 προῄει
2800 4578 2858 4632 δὲ
2907 4575 3110 4640 παντὸς
3132 4575 3284 4646 αὐτῷ
3305 4575 3400 4629 τοῦ
3446 4574 3684 4646 πλήθους

426 4667 727 4723 universus
785 4665 1024 4737 populus
1061 4666 1538 4739 subsequebatur,
1570 4670 1719 4725 hunc
1772 4671 1998 4742 quidem

424 4759 678 4815 maximis
713 4754 995 4824 laudibus,
1028 4757 1488 4829 quadruplatores
1519 4776 1650 4818 vero
1675 4762 1800 4819 illos
1832 4764 2001 4820 innu-

422 4852 594 4907 meris
634 4849 987 4906 contumeliis
1041 4860 1391 4920 prosecutus.
1437 4852 1556 4909 1am
1619 4868 1753 4908 vero
1803 4870 2001 4927 vesper

425 4941 744 4998 advenerat.
795 4941 1034 4998 Proinde
1062 4957 1187 4997 cum
1215 4944 1325 5012 iam
1355 4955 1503 5002 esset
1543 4946 1857 5012 decretum,
1913 4949 2002 5002 vi-

425 5049 547 5088 rum
594 5041 845 5088 sanctum
897 5032 966 5087 ad
1019 5034 1333 5102 pontificem
1381 5036 1625 5103 mittere,
1679 5036 1861 5092 visum
1916 5049 2003 5094 est

425 5127 665 5183 exarcho
693 5127 1024 5198 intempesta
1071 5138 1255 5194 nocte,
1313 5128 1573 5187 universo
1629 5135 1835 5205 populo
1871 5134 2001 5190 dor-

425 5221 649 5285 miente,
687 5236 785 5292 per
817 5229 1051 5291 portam,
1085 5238 1193 5293 qua
1226 5224 1469 5280 tenditur
1501 5228 1569 5282 ad
1619 5242 1792 5294 mare,
1850 5228 2001 5284 hunc

426 5313 563 5368 clam
597 5328 630 5368 e
691 5312 913 5369 civitate
969 5314 1281 5384 deducere;
1326 5317 1793 5375 animadverterat
1851 5320 2001 5378 enim

426 5405 838 5462 multitudinem
874 5406 952 5470 id,
983 5407 1029 5463 si
1057 5408 1389 5474 rescivissct,
1418 5425 1526 5465 non
1558 5411 1951 5480 permissuram
1982 5431 1994 5465 :

426 5496 574 5566 quod
635 5512 766 5554 sane
830 5515 899 5555 ex
934 5500 1206 5557 sententia
1254 5501 1477 5558 cecidit.
1508 5501 1645 5558 Nam
1679 5502 1895 5557 occulte
1924 5502 2003 5558 ci—

425 5590 595 5645 vitate
623 5606 880 5661 egressus
906 5602 1013 5649 est.
1057 5594 1126 5649 At
1158 5603 1415 5664 parentes
1441 5596 1564 5663 ejus
1596 5596 1802 5667 (neque
1845 5596 1997 5651 enim

427 5682 573 5752 quod
604 5684 768 5739 fiebat
800 5685 1146 5756 ignorabant)
1208 5687 1383 5741 tilium
1435 5687 1635 5744 ﬂentes
1665 5703 1729 5743 ac
1789 5687 2000 5745 lamen—

432 5785 610 5833 tantes
635 5781 1003 5849 sequebantur
1032 5799 1045 5835 :
1083 5791 1138 5837 et
1172 5783 1300 5838 licet
1331 5799 1397 5837 ex
1440 5785 1507 5837 iis
1538 5798 1659 5854 qua:
1705 5796 2003 5852 praecesse-

433 5877 578 5927 rant.
607 5870 730 5927 uuis
763 5871 960 5926 horum
992 5872 1211 5927 futurus
1262 5873 1385 5929 linis
1419 5886 1585 5941 esset,
1638 5874 1714 5929 uti
1754 5873 1999 5944 ejusdem

2107 4674 2474 4744 ὲιρεπομένου,
2533 4671 2742 4725 καὶτὸν
2785 4670 2884 4741 μὲν
2918 4667 3222 4739 εὐφημίαις
3261 4666 3509 4737 μυρίαις,
3558 4666 3687 4727 τοὺς

2103 4765 2159 4818 δὲ
2183 4763 2529 4833 συκοφάντας
2560 4762 2785 4825 πολλαῖς
2810 4764 2934 4825 ταῖς
2985 4759 3183 4831 ὕϐρεσι
3218 4760 3530 4829 βάλλοντος.
3559 4755 3690 4808 Ἐσ-

2105 4860 2278 4929 πέρας
2326 4856 2386 4909 δὲ
2415 4855 2518 4927 ήδη
2560 4853 3000 4925 καταλαϐούσης,
3058 4850 3248 4921 ἐπειδὴ
3315 4849 3535 4903 δέδοκτο
3588 4848 3685 4902 τὸν

2108 4950 2377 5020 μακάριον
2415 4948 2551 5019 πρὸς
2576 4948 2669 5002 τὸν
2700 4948 2935 5002 πάππαν
2969 4944 3369 5014 ἀποσταλῆναι,
3420 4937 3685 4995 συνεϐού-

2104 5044 2227 5097 λευε
2255 5040 2334 5110 τῷ
2364 5038 2748 5111 ὲξάρχῳδωρὶ
2791 5040 2902 5093 τῶν
2933 5037 3166 5101 νυκτῶν,
3197 5033 3406 5089 καὶτοῦ
3441 5033 3687 5102 πλήθους

2104 5133 2441 5205 ἠρεμοῦντος
2502 5131 2724 5196 παντὸς,
2768 5130 2856 5183 διὰ
2894 5129 2995 5196 τῆς
3040 5126 3314 5199 φερούσης
3339 5126 3426 5180 διὰ
3445 5125 3547 5197 τὴν
3579 5123 3686 5179 Oti.

2103 5228 2304 5283 λατταν
2351 5226 2496 5294 πύλη
2509 5243 2547 5289 :,
2584 5224 2759 5294 λάθρα
2789 5223 2889 5292 τῆς
2903 5223 3113 5285 πόλεως
3142 5222 3332 5277 τοῦτον
3362 5221 3685 5289 ἐξαγαγεῖν·

2103 5322 2218 5393 ᾔδει
2239 5320 2346 5390 γὰρ
2368 5319 2444 5382 ὡς
2458 5319 2560 5372 οὐκ
2590 5317 2820 5388 ἡσυχίαν
2841 5316 2953 5380 ἕξει
2969 5317 3031 5369 τὸ
3053 5315 3254 5385 πλῆθος
3275 5314 3598 5383 αίσθόμενον
3621 5328 3634 5340 ·
3654 5311 3690 5365 ὃ

2102 5415 2166 5486 δὴ
2197 5413 2292 5468 καὶ
2322 5412 2467 5467 κατὰ
2505 5410 2733 5480 γνώμην
2782 5409 3109 5480 ἐπράττετο,
3141 5408 3233 5461 καὶ
3262 5404 3410 5479 ἐξῄει
3432 5404 3691 5478 κρυφίως

2101 5505 2202 5573 τῆς
2232 5504 2460 5567 πόλεως.
2504 5501 2569 5556 Ἦ
2595 5501 2653 5556 δὲ
2700 5500 2887 5571 μήτηρ
2938 5501 3034 5555 καὶ
3060 5501 3089 5554 ὁ
3119 5498 3327 5569 πατὴρ,
3380 5497 3503 5551 οὐδὲ
3571 5497 3688 5568 γὰρ

2105 5592 2390 5655 κάκείνους
2414 5589 2673 5644 ἐλάνθανε
2720 5588 2783 5642 τὸ
2816 5588 3127 5659 γινόμενον,
3176 5587 3394 5642 εἵποντο
3420 5585 3501 5657 τῷ
3552 5584 3684 5654 υἱῷ,

2106 5685 2387 5751 κλαίοντές
2415 5703 2473 5740 τε
2503 5691 2717 5755 πικρῶς
2744 5687 2837 5739 καί
2873 5685 3287 5756 ὀλοφυρόμενοι,
3311 5683 3409 5739 καὶ
3444 5679 3556 5737 οἷον
3579 5679 3687 5751 μὲν

2105 5782 2255 5834 ἔσται
2285 5780 2345 5833 τὸ
2380 5780 2574 5847 πέρας,
2600 5781 2661 5833 ὲκ
2706 5780 2813 5832 τῶν
2838 5778 2937 5849 ἤδη
2967 5777 3294 5847 φθασάντων
3322 5776 3504 5840 καλῶς
3522 5772 3687 5829 εἰκά-

2107 5876 2309 5939 ζοντες,
2358 5875 2499 5943 ὅμωε
2533 5873 2589 5925 δὲ
2638 5868 2720 5927 οἷς
2765 5876 2941 5942 γονεῖς
2976 5872 3050 5942 τῷ
3118 5872 3296 5942 ἀδήλῳ
3322 5872 3418 5941 τὴν
3448 5867 3688 5941 καρδίαν
