4080 6374
266 437 382 501 245

1241 444 1419 506 VITA
1465 443 1522 507 S.
1567 442 1957 506 GREGORII
1999 447 2545 518 AGRIGENTINI.

3421 452 3528 519 246

262 547 690 618 ᾰαδονοῦμενοι.
746 548 891 604 Ἀλλ’
945 552 973 606 ό
1006 552 1278 625 μακάριος
1341 556 1449 610 τῶν
1489 573 1547 611 τε
1602 556 1857 628 δακρύων

1979 565 2256 635 'amilares,
2286 568 2458 640 probe
2488 565 2850 638 conjicerent,
2910 564 3290 631 nihilominus,
3321 572 3379 621 ut
3435 581 3532 635 pa.
3630 594 3641 609 -

262 642 528 711 ἐπειρᾶτο
579 641 780 697 παύειν
812 644 1033 711 αὐτοὺς,
1073 646 1169 700 καὶ
1209 648 1443 719 ἡσυχίαν
1470 648 1626 716 ἄγειν
1648 647 1851 717 παραί-

262 752 369 801 νει,
410 735 509 789 καὶ
553 736 745 808 ἐπειδὴ
768 739 908 806 πρὸς
937 736 1017 809 τῷ
1051 738 1287 812 αἰγιαλῷ
1320 740 1566 812 ἧγγισεν,
1593 739 1855 811 εὑχεσθαι

271 827 475 899 μᾶλλον
509 824 656 899 ὑπὲρ
706 821 877 883 αὑτοῦ
924 831 1267 901 παραινέσας
1323 833 1444 901 μετ’
1475 830 1856 903 εὐθυμίαςτῷ

268 915 443 987 πλοίῳ
487 912 772 971 ἐπέϐαινε.
803 918 1090 991 Συνεισῄει
1119 920 1176 973 δὲ
1210 920 1361 992 αὑτῷ
1387 919 1499 974 τῶν
1553 921 1654 991 μὲν
1678 921 1855 975 ἄλλων

262 1006 447 1071 οὐδεὶς
476 1008 558 1061 δτι
585 1007 659 1078 μὴ
692 1008 855 1078 μόνος
918 1011 1295 1078 Πλατωνικὸς,
1332 1012 1394 1075 δς
1456 1011 1607 1082 αὑτῷ
1638 1012 1735 1064 καὶ
1785 1009 1856 1063 τὰ

268 1100 409 1169 πρὸς
468 1100 775 1171 ὑπηρεσίαν
820 1101 1142 1157 καθίστατο.
1190 1103 1294 1157 Τὸν
1339 1104 1397 1157 δέ
1437 1103 1715 1158 ἀπόπλουν
1753 1100 1855 1174 ἤδη

270 1191 546 1246 ποιεῖσθαι
581 1193 815 1261 μέλλων,
842 1194 1015 1247 πολλὰ
1053 1197 1241 1260 αὐτοῖς
1264 1196 1395 1266 περὶ
1427 1196 1527 1264 τῆς
1557 1195 1858 1267 ἐκκλησίας

275 1285 489 1340 καὶτοῦ
550 1287 815 1356 ποιμνίου
871 1287 1294 1359 διεμαρτύρετο,
1338 1290 1413 1352 ὡς
1446 1288 1522 1359 τῷ
1553 1288 1672 1361 Θεῷ
1698 1289 1859 1359 λόγον

275 1378 387 1433 τῶν
416 1380 497 1441 εἰς
515 1379 689 1449 αὑτὴν
726 1380 1123 1451 πραττομένων
1157 1381 1476 1451 ὑφέξοντας.
1523 1382 1586 1435 Οἱ
1620 1382 1676 1436 δὲ
1726 1382 1861 1452 μηδὲ

275 1474 423 1528 οὑτω
448 1474 549 1545 τῆς
579 1477 848 1549 πονηρίας
882 1476 1135 1544 ὑφέντες,
1166 1472 1233 1549 ἦν
1259 1475 1368 1547 γὰρ
1422 1476 1483 1546 δὴ
1525 1477 1619 1530 καὶ
1647 1478 1672 1530 ό
1714 1475 1863 1546 ἐξαρ-

276 1584 370 1639 χος
392 1561 503 1631 οἷος
544 1569 675 1637 περὶ
710 1569 852 1624 αὑτὰ
901 1570 1070 1641 μηδὲν
1122 1570 1231 1623 τῶν
1285 1569 1642 1638 συκοφαντῶν
1671 1569 1862 1638 διαςρὲ-

279 1678 396 1730 ρειν
419 1661 490 1716 τά
524 1678 582 1714 τε
628 1660 762 1715 ἄλλα
812 1664 928 1724 τοῖς
971 1662 1303 1734 κατηγόροις
1344 1662 1575 1726 ἐτίθετο,
1625 1661 1718 1715 καὶ
1740 1659 1862 1716 τότε

276 1752 744 1824 ἀποκρινάμενος,
804 1752 1012 1823 Μηδεὶς
1056 1750 1195 1805 ἔστω
1252 1769 1335 1806 σοι
1383 1752 1540 1822 λόγος
1598 1752 1863 1823 περὶτῆς

286 1843 644 1916 Ἐκκλησία-ς,
675 1847 865 1914 φησὶν,
897 1839 941 1898 ὦ
980 1844 1249 1916 Γρηγόριε
1274 1861 1286 1875 ·
1320 1844 1561 1909 τοιοῦτος
1592 1845 1701 1915 γὰρ
1727 1845 1861 1915 ἡμῖν

1954 668 2159 725 rentes,
2190 674 2377 716 rerum
2414 657 2808 716 incertitudine
2854 656 3021 713 corde
3076 655 3366 714 nutabant.
3425 655 3530 712 Ve-

1955 767 2081 807 rum
2116 750 2333 807 divinus
2355 750 2435 805 vir
2472 750 2604 807 ﬂere
2654 750 2776 806 illos
2802 749 3150 820 prohibebat,
3183 758 3413 819 tutoque
3467 763 3533 803 ac

1955 846 2079 900 laeto
2122 846 2307 901 animo
2339 859 2459 901 esse
2507 844 2857 901 hortabatur.
2899 843 3003 899 Ubi
3036 858 3169 899 vero
3204 843 3366 899 littus
3398 856 3530 911 pro-

1958 939 2084 1008 pius
2139 937 2390 1010 contigit,
2433 952 2529 993 eos
2575 945 2635 992 ut
2678 951 2777 1008 pro
2829 952 2888 992 se
2948 944 3219 995 orarent“
3250 943 3530 1004 precatus,

1959 1032 2214 1088 alacriter
2262 1046 2458 1087 navem
2489 1029 2833 1086 conscendit.
2868 1030 3039 1084 Porro
3078 1028 3423 1084 Platonicum
3452 1042 3535 1082 se-

1959 1140 2082 1180 cum
2110 1125 2323 1191 habuit,
2369 1133 2629 1195 praeterea
2666 1122 2962 1189 neminem,
2996 1118 3090 1192 qui
3121 1130 3179 1176 et
3227 1120 3364 1191 ipse,
3414 1135 3536 1189 qua:

1961 1219 2027 1274 ad
2055 1216 2459 1288 navigationem
2508 1216 2817 1272 necessaria
2862 1223 3041 1279 erant,
3084 1213 3263 1270 eidem
3327 1213 3536 1270 instru-

1961 1320 2133 1365 xerat.
2173 1310 2307 1365 Cum
2335 1323 2468 1365 vero
2488 1310 2600 1379 jam
2641 1323 2698 1364 se
2728 1305 3057 1377 navigationi
3092 1314 3240 1362 esset
3282 1306 3538 1361 commis-

1962 1420 2144 1468 surus,
2183 1404 2412 1458 multum
2447 1401 2512 1457 de
2536 1400 2801 1465 Ecclesia,
2839 1399 3017 1469 deque
3049 1414 3211 1469 grege
3258 1398 3382 1453 illos
3435 1396 3537 1451 im-

1965 1499 2174 1569 plorata
2218 1496 2327 1551 ﬁde
2370 1494 2677 1551 obtestatus
2710 1501 2797 1551 cst
2826 1509 2836 1545 :
2902 1506 3097 1561 nempe
3126 1506 3226 1560 pro
3255 1487 3535 1551 omnibus,

1964 1591 2018 1646 in
2049 1589 2252 1660 quibus
2285 1595 2474 1644 contra
2505 1587 2678 1658 ipsam
2712 1586 2906 1641 saevire
2938 1599 3001 1639 ac
3047 1582 3284 1653 grassari
3344 1594 3535 1650 perre-

1965 1683 2170 1746 xerint,
2207 1681 2320 1736 Deo
2346 1679 2621 1735 rationem
2653 1691 2775 1733 esse
2832 1674 3166 1731 reddituros.
3224 1670 3285 1726 Hi
3321 1688 3389 1728 ne
3453 1672 3535 1727 sic

1966 1771 2185 1842 quidem
2211 1785 2240 1825 a
2270 1768 2513 1841 nequitia
2545 1773 2923 1835 temperarunt
2963 1779 3059 1820 sua
3092 1781 3104 1817 ι
3135 1761 3407 1835 siquidem
3438 1777 3542 1819 nec

1966 1861 2239 1916 exarchus
2285 1860 2403 1930 ipse
2459 1860 2513 1913 in
2558 1857 2678 1928 ejus
2715 1870 2879 1912 causa
2931 1870 2961 1910 a
3013 1854 3369 1924 aequissimis
3428 1853 3539 1908 illis

276 1939 513 2009 εὕρηται
572 1939 691 1991 ἀντὶ
751 1938 847 1991 σοῦ
886 1938 1020 2011 πρὸς
1063 1938 1122 1992 ὃν
1155 1939 1278 1993 οὐδὲ
1307 1938 1417 1993 τῶν
1439 1938 1653 2012 ἐχθρῶν
1682 1938 1861 2002 οὐδεὶς

1979 1954 2287 2011 hominibus
2322 1952 2619 2022 quidquam
2676 1948 2787 2003 fere
2831 1946 3092 2012 distabat,
3147 1960 3273 2001 cum
3327 1944 3535 2014 alioqui

274 2030 394 2097 ἔχει
432 2044 484 2080 τι
520 2027 985 2098 προφασῖστσθαι.
1035 2030 1221 2084 Ταῦτα
1247 2029 1302 2084 δὲ
1354 2029 1485 2102 περί
1518 2043 1664 2094 τινος
1702 2030 1855 2099 ἔλεγε

276 2122 513 2172 Λενκῖον
558 2119 859 2189 αἱρετικοῦ,
887 2121 945 2184 ὃς
1002 2126 1131 2193 περὶ
1184 2123 1281 2193 τὴν
1314 2121 1454 2193 ἑῴαν
1486 2121 1749 2188 πολλάκις
1776 2123 1853 2194 τῷ

278 2210 574 2282 Γρηγορίῳ
619 2212 729 2265 τῶν
780 2212 1104 2282 παραδόξων
1153 2214 1341 2269 ἕνεκεν
1395 2215 1498 2286 τῆς
1548 2217 1867 2288 οἰκονομίας

278 2303 528 2376 Χριστοῦ
568 2305 855 2375 δογμάτων
921 2306 1226 2378 διαλεχθεὶς
1263 2309 1357 2362 καὶ⁸
1387 2311 1718 2373 τοσαυτάκις
1749 2312 1869 2365 ἐπι-

284 2395 605 2467 στομηθεὶς,
656 2398 915 2472 διάφορος
949 2400 1049 2471 μὲν
1074 2400 1221 2471 αὑτῷ
1273 2403 1335 2456 ἐκ
1362 2403 1557 2457 πολλοῦ
1597 2404 1867 2474 ἐγεγόνει,

281 2490 406 2543 τότε
441 2488 500 2542 δὲ
522 2490 672 2560 παρά
696 2508 803 2544 τινι
839 2492 1216 2563 κρυπτόμενος
1245 2494 1353 2548 τῶν
1376 2496 1479 2567 τῆς
1518 2498 1745 2562 πόλεως,
1777 2499 1868 2552 τόν

284 2601 347 2637 τε
378 2600 638 2638 κυκεωνα
660 2584 853 2639 τοῦτον
883 2587 981 2657 τῆς
1022 2586 1274 2658 διαϐολῆς
1300 2587 1462 2653 αὑτὸς
1488 2585 1555 2660 ἦν
1577 2591 1603 2643 ό
1631 2590 1709 2661 τῷ
1729 2590 1873 2662 Γρηο

283 2676 461 2747 γορίῳ
483 2678 706 2749 κιρνῶν,
739 2679 853 2741 τοῖς
883 2679 1248 2748 συκοφάνταις
1280 2681 1539 2751 ὑποφυείς
1564 2683 1654 2736 καὶ
1694 2684 1872 2736 πᾶσαν

282 2769 471 2830 αὑτοῖς
507 2769 786 2833 ὑποτιθεὶς
814 2770 914 2840 τὴν
942 2769 1145 2844 σκηνὴν
1176 2771 1269 2825 τοῦ
1290 2789 1295 2795 ’
1313 2772 1587 2843 δράματος
1614 2766 1656 2842 ᾧ
1680 2775 1742 2844 δὴ
1780 2776 1895 2845 καὶ.

284 2862 412 2914 τότε
455 2863 526 2914 τὰ
559 2861 660 2928 τῆς
694 2864 998 2934 ἐπισκοπῆς
1054 2864 1406 2936 ἐνεχείριζον.
1455 2865 1598 2918 Ἀλλ’
1664 2866 1713 2918 οἱ
1773 2869 1874 2935 μὲν

283 2953 529 3008 τοσαῦτα
558 2954 805 3018 εἰπόντες
866 2955 1053 3010 πλέειν
1103 2956 1433 3028 ἀπέπεμπον
1460 2977 1471 2989 '
1529 2961 1576 3013 οἱ
1604 2958 1658 3012 δὲ
1683 2958 1746 3031 δὴ
1769 2960 1877 3013 τῶν

299 3048 751 3118 Ἀκραγαντίνων
781 3050 1049 3123 ἄρχοντές
1084 3069 1143 3104 τε
1191 3054 1287 3106 καὶ
1348 3051 1410 3105 τὸ
1436 3052 1623 3106 λοιπὸν
1649 3053 1873 3123 πλῆθος,

285 3142 479 3215 ἐπειδὴ
539 3143 670 3213 περὶ
721 3143 823 3213 τὴν
866 3144 941 3197 ἐω
977 3144 1119 3199 κατὰ
1141 3147 1239 3217 τὴν
1274 3146 1522 3216 φυλακὴν
1566 3145 1878 3217 ἀθροισθένο

1966 2044 2367 2102 adelatoribus
2418 2051 2531 2099 tum
2585 2041 2751 2112 judex
2803 2049 2951 2097 esset
2999 2039 3265 2094 deiectus.
3318 2035 3537 2091 Nullum

1969 2139 2067 2194 tibi
2098 2138 2339 2209 posthaec
2368 2137 2544 2206 (dixit)
2576 2134 2805 2207 Gregori
2838 2133 3000 2189 liccat
3039 2132 3107 2189 de
3142 2130 3388 2186 Ecclesia
3422 2144 3543 2185 ser-

1970 2246 2192 2288 monem
2219 2229 2459 2296 habere;
2507 2228 2686 2283 virum
2715 2226 2861 2283 enim
2906 2224 3179 2296 ejusmodi
3228 2224 3283 2277 in
3333 2221 3411 2276 tui
3462 2221 3545 2276 lo-

1972 2336 2095 2376 cum
2126 2319 2568 2392 subrogavimus,
2604 2319 2659 2373 in
2690 2331 2856 2387 quem
2888 2330 2957 2369 ne
2985 2312 3287 2369 adversarii
3315 2310 3543 2385 quidem

1973 2413 2180 2485 aliquid
2222 2413 2427 2469 habent
2485 2411 2727 2481 culpare.
2793 2408 2915 2463 Haec
2971 2414 3155 2462 autem
3209 2404 3278 2459 de
3326 2401 3546 2457 Eleusio

1974 2503 2210 2573 quodam
2244 2501 2505 2558 haeretica
2534 2499 2770 2564 dicebat,
2798 2496 2892 2568 qui
2925 2495 2980 2549 in
3016 2494 3243 2551 Oriente
3292 2507 3547 2562 saepenu-

1976 2610 2127 2651 mero
2181 2610 2304 2651 cum
2347 2592 2613 2664 Gregorio
2646 2592 2715 2647 de
2775 2587 3115 2644 admirandis
3171 2583 3541 2656 dogmatibus,

1976 2688 2153 2759 deque
2185 2702 2410 2742 munere
2433 2726 2448 2749 ,
2488 2685 2631 2756 quod
2659 2683 2933 2745 Christus,
2968 2681 3062 2736 Dei
3089 2678 3264 2737 Patris
3296 2678 3350 2732 in
3383 2676 3550 2732 terris

1976 2779 2214 2850 legatum
2287 2792 2487 2848 agens,
2551 2774 2787 2839 obierat,
2861 2770 3129 2827 acerrime
3217 2767 3548 2838 disputaret.

1979 2885 2105 2925 cum
2167 2867 2342 2923 nihilo
2402 2866 2583 2923 secius
2665 2866 2825 2935 plane
2894 2874 3177 2928 repressus
3236 2859 3303 2914 ab
3368 2873 3432 2912 eo
3486 2872 3549 2912 ac

1980 2963 2157 3018 victus
2197 2961 2406 3016 fuisset.
2442 2958 2539 3013 Hic
2578 2957 2908 3028 jampridem
2965 2955 3147 3012 cidem
3199 2950 3546 3032 admirabilis

1982 3053 2310 3116 habebatur,
2356 3052 2514 3120 isque
2545 3059 2658 3103 tum
2695 3048 2839 3120 apud
2870 3048 3045 3102 civem
3095 3044 3388 3116 quemdam
3422 3042 3554 3099 lati-

1987 3146 2153 3209 tabat,
2210 3145 2303 3214 qui
2352 3141 2694 3197 delatoribus
2759 3141 3106 3209 conjunctus,
3168 3137 3311 3193 hanc
3352 3146 3548 3192 contu-

284 3250 404 3299 τες,
459 3233 535 3305 μὴ
570 3233 783 3305 εὕροιεν
836 3234 924 3288 τὸν
960 3234 1288 3308 Γρηγόριον,
1348 3237 1585 3308 ἤρξαντο
1609 3239 1877 3308 ταράττε-

1984 3240 2158 3294 melia:
2202 3237 2478 3307 potionem
2533 3232 2798 3304 Gregorio
2852 3230 3052 3287 callide
3105 3227 3552 3288 commiscuerat,

290 3327 422 3381 σθαι
473 3328 566 3380 καὶ
617 3328 840 3399 θρηνεῖν
876 3371 892 3395 ,
956 3331 1049 3385 καὶ
1099 3330 1420 3400 νομίσαντες
1481 3334 1667 3401 κρύφα
1720 3332 1881 3384 αὑτὸν

286 3417 641 3489 ἀνῃρεῖσθαι,
697 3418 886 3472 στάσιν
947 3420 1091 3473 κατά
1117 3437 1175 3472 τε
1211 3418 1305 3473 τοῦ
1370 3420 1604 3490 ἐξάρχου
1662 3420 1879 3473 καὶτοῦ

288 3508 554 3581 πονηροῦ·
592 3511 876 3583 συνεδρίου
930 3510 1171 3584 χαλεπὴν
1210 3512 1474 3583 ἀνῆπτον.
1522 3512 1632 3566 Καὶ
1667 3512 1881 3581 πρῶτον

292 3599 403 3667 μὲν
463 3599 572 3671 πῦρ
603 3599 885 3667 λαϐόντες,
920 3602 1228 3670 ὑφάπτουσι
1266 3603 1391 3666 τοὺς
1429 3603 1612 3665 οἴκους
1646 3603 1755 3656 τῶν
1792 3621 1881 3656 σνι

291 3692 587 3759 κοφαντῶν
644 3692 875 3746 Σαϐίνου
936 3695 1029 3747 καὶ
1082 3696 1507 3765 Κρισκεντίνου·
1577 3693 1768 3748 ἔπειτα
1826 3694 1882 3748 δὲ

297 3781 401 3834 καὶ
422 3781 621 3845 αὐτοὺς
683 3783 927 3848 ἐκείνους
956 3785 1166 3855 ὁρμῶσι
1211 3785 1677 3857 διαχειρίσασθαι.
1729 3786 1884 3838 Ἀλλ’

290 3865 450 3925 e’mt
486 3871 588 3941 μὲν
618 3876 696 3936 εἰς
758 3875 858 3945 τὴν
900 3875 1197 3947 ἐκκλησίαν
1244 3879 1723 3949 προσπεφευγότες
1774 3878 1885 3931 δια-

291 3963 471 4033 δρῶςι
506 3963 597 4016 τὸν
627 3964 893 4020 κίνδυνον.
943 3967 1157 4032 Φθάσας
1191 3970 1300 4041 γὰρ
1328 3974 1355 4024 ὁ
1392 3971 1649 4040 Χαρίτων
1668 3970 1729 4023 τὸ
1750 3970 1886 4039 πλῆο

292 4055 396 4117 θος
423 4056 565 4109 κατά
615 4056 782 4121 πόδας
846 4059 1029 4122 αὐτοῖς
1063 4060 1329 4131 ἑπόμενον
1370 4062 1544 4132 εἴργει
1588 4065 1648 4116 τὸ
1682 4064 1757 4135 μὴ
1794 4064 1886 4117 καὶ

288 4146 397 4213 τοῦ
426 4147 575 4218 ἱεροῦ
637 4148 785 4203 ἔνδον
840 4152 1037 4216 αὐτοῦς
1093 4154 1431 4222 ἀποσφάξαι,
1455 4156 1551 4210 σὺν
1583 4157 1678 4228 βοῇ
1715 4158 1885 4228 πολλῇ

288 4241 394 4293 καὶ
430 4241 587 4309 μόλις
623 4243 821 4308 αὑτοὺς
847 4244 944 4297 τοῦ
982 4247 1378 4318 ἐγχειρήματος
1403 4247 1751 4313 ἀποπαύσας.
1780 4249 1888 4302 Καὶ

286 4333 366 4386 τὶ
404 4331 507 4403 μὲν
535 4334 636 4402 τῆς
697 4335 940 4401 στάσεως
994 4324 1096 4391 ὧδέ
1142 4341 1203 4393 τὸ
1240 4339 1412 4411 πέρας
1452 4335 1588 4411 εἶχε.
1632 4340 1886 4393 Καταλα-

285 4424 491 4486 εόντος
518 4424 576 4478 δέ
596 4424 694 4478 τοῦ
716 4426 874 4494 ἁγίου
900 4428 999 4500 τὴν
1045 4428 1267 4500 Ῥώμην
1288 4431 1316 4483 ό
1349 4430 1584 4495 πάππας
1631 4430 1731 4501 τὴν
1767 4434 1888 4484 ἐπι-

286 4516 504 4586 στολὴν
558 4516 852 4586 δεξάμενος
886 4519 982 4572 τοῦ
1040 4520 1272 4591 ἐξάρχου
1305 4521 1395 4575 καὶ
1420 4523 1489 4576 τὰ
1520 4523 1886 4594 γεγραμμένα

283 4609 736 4679 ἀναλεξάμενος,
772 4610 1017 4681 θάμϐους
1075 4613 1190 4683 ἅμα
1231 4614 1323 4668 καὶ
1352 4614 1525 4683 θυμοῦ
1558 4614 1888 4685 πληρωθεὶς,
1923 4596 1968 4650 θ

282 4703 395 4756 καὶ
458 4701 597 4771 μηδὲ
634 4703 715 4766 εἰς
761 4703 883 4773 ὄψιν
919 4703 1092 4759 ἐλθεῖν
1128 4705 1278 4777 αὑτῷ
1320 4708 1410 4761 τὸν
1440 4707 1598 4775 ἅγιον
1631 4707 1890 4774 ἀξιώσας,

1987 3330 2204 3398 illisque
2259 3342 2478 3383 omnem
2547 3334 2700 3380 actus
2777 3337 3015 3386 scenam,
3063 3320 3169 3375 hoc
3198 3329 3303 3383 est,
3362 3314 3553 3387 ﬂagitii

1986 3423 2271 3478 materiam
2306 3432 2469 3491 atque
2526 3418 2831 3487 subjectum
2872 3414 3231 3478 ministraret,
3293 3410 3381 3465 cui
3438 3418 3551 3466 tum

1987 3518 2064 3572 illi
2108 3490 2487 3585 episcopatum
2546 3508 3026 3566 concrediderant.
3071 3506 3167 3561 llis
3221 3490 3406 3570 dictis,
3461 3519 3557 3556 na-

1988 3615 2317 3686 vigationem
2354 3611 2443 3666 ille
2488 3608 2677 3665 subiit.
2714 3603 3061 3676 Agrigentini
3108 3616 3239 3655 vero
3275 3599 3376 3653 viri
3411 3599 3558 3667 prin-

1987 3708 2137 3778 cipes
2166 3722 2269 3760 una
2300 3720 2422 3761 cum
2454 3703 2661 3772 reliqua
2688 3698 3063 3761 multitudine,
3094 3710 3219 3750 cum
3251 3693 3556 3751 custodiam

1987 3813 2201 3857 summo
2244 3812 2400 3852 mane
2432 3794 2573 3851 facto
2607 3794 2822 3865 agmine
2854 3791 3162 3862 petiisscnt,
3198 3802 3376 3857 neque
3422 3784 3561 3840 Gre-

1988 3894 2200 3965 gorium
2270 3887 2614 3959 reperiisent,
2652 3885 2875 3940 turbare
2924 3881 3129 3946 omnia,
3174 3877 3559 3939 commiscere,

1989 4002 2051 4041 ac
2080 3981 2369 4038 lamentari
2404 3987 2711 4050 cmpcrunt.
2743 3975 3135 4033 Existimantes
3184 3981 3369 4027 autem
3405 3968 3561 4024 illum

1990 4078 2127 4132 ciam
2161 4073 2230 4127 dc
2264 4070 2445 4127 medio
2503 4068 2803 4131 sublatum,
2862 4064 3158 4119 tumultum
3215 4076 3277 4115 ac
3336 4057 3564 4115 seditio—

1990 4179 2113 4218 nem
2140 4172 2329 4233 contra
2356 4158 2673 4222 exarcbum,
2696 4158 2921 4227 ejusque
2939 4167 3272 4219 assessorem
3294 4147 3568 4206 molestis-

1990 4256 2184 4311 simam
2216 4252 2547 4309 excitarunt.
2593 4248 2671 4304 Ac
2703 4246 2943 4318 primum
2980 4243 3204 4315 quidem
3254 4241 3444 4299 Sabini
3499 4256 3565 4296 ac

1990 4344 2332 4403 Crescentini
2368 4341 2833 4415 syc0phantarum
2872 4338 3067 4393 domos
3096 4334 3435 4400 incendunt;
3469 4333 3565 4389 de-

1992 4435 2118 4491 inde
2174 4434 2297 4490 illos
2329 4433 2477 4505 ipsos
2543 4429 2856 4487 interﬁcere
2903 4427 3183 4493 adoritur;
3261 4425 3354 4482 sed
3409 4425 3443 4479 ii
3498 4424 3565 4480 ad

1994 4530 2284 4588 ecclesiam
2321 4528 2450 4600 fuga
2500 4541 2621 4583 sese
2651 4523 2985 4597 recipientes
3033 4520 3339 4592 perieulum
3392 4517 3565 4575 decli-

1997 4634 2222 4678 narunt.
2256 4621 2464 4675 Verum
2524 4617 2788 4674 Chariten
2852 4615 3025 4671 turbae
3070 4614 3191 4668 illos
3227 4608 3569 4682 insequentis

1995 4713 2244 4783 vestigiis
2274 4713 2557 4776 insistens,
2588 4709 2793 4773 effecit,
2845 4724 2912 4763 ne
2979 4708 3120 4761 intra
3168 4702 3429 4775 templum
3477 4701 3568 4771 ju-

276 4795 529 4868 ᾷχριτον
562 4794 784 4848 ἐκέλευε
816 4796 1117 4869 συρόμενόν
1134 4816 1189 4852 τε
1214 4799 1308 4852 καλ⁸
1332 4797 1692 4871 ὑϐριζόμενον
1710 4803 1777 4872 τῇ
1797 4818 1898 4870 φυ-

274 4887 447 4958 λακῇ
468 4886 838 4952 δίδοσθαι,τὰς
865 4906 921 4942 τε
955 4893 1144 4960 χεῖρας
1167 4890 1302 4946 ἀλλὰ
1337 4891 1437 4962 μὲν
1471 4892 1565 4946 καὶ
1586 4893 1714 4958 τοὺς
1729 4892 1895 4958 πόδας

273 4981 507 5050 σέδηρα
534 4979 905 5047 διαδεθέντας.
925 4981 983 5036 '0
1000 4982 1057 5036 δὲ
1077 4982 1171 5037 καὶ
1196 4983 1367 5046 οὑτως
1393 4984 1896 5056 ἐμπαροινοὺμενος

272 5074 387 5128 καὶ
417 5072 709 5144 τῇεὶρκτῇ
735 5071 1138 5144 ἐμϐαλλόμενος
1188 5074 1281 5128 καὶ
1315 5075 1757 5147 δεσμούμενοςὲν
1797 5078 1901 5130 πᾶ-

269 5184 375 5221 σιν
416 5162 616 5232 ἑαυτῷ
656 5163 859 5234 ὁμοίως
891 5159 984 5237 ἦν,
1017 5165 1113 5220 καὶ
1144 5166 1403 5221 ὑπόθεσιν
1447 5169 1510 5221 οὑ
1562 5168 1765 5241 μικρὰν
1802 5169 1902 5238 τὴν

264 5255 542 5328 ἀτιμίαν
585 5255 684 5324 τῆς
738 5255 874 5325 πρὸς
915 5254 1052 5312 Θεὸν
1081 5258 1318 5313 ἐποιεῖτο
1362 5259 1737 5330 εὐχαριστίας.
1785 5259 1900 5315 Ἵνα

260 5352 332 5407 δὲ
375 5346 499 5405 καὶ
551 5346 758 5416 μᾶλλον
812 5347 1190 5419 ἀπαράκλιτος
1238 5347 1272 5421 ᾗ
1329 5350 1573 5421 ἀνιαροῖς
1626 5347 1902 5414 τοσούτοις

263 5436 884 5512 περιστοιχιζόμενος,
944 5439 1065 5494 οὐδὲ
1111 5440 1203 5493 τὸν
1253 5440 1501 5495 διάκονον
1552 5440 1702 5511 αὑτῷ
1760 5441 1901 5495 Πλα-

258 5530 545 5591 τωνικὸν
580 5532 659 5593 είς
682 5531 784 5602 τὴν
815 5530 1066 5602 φυλακὴν
1086 5533 1234 5599 εἴων,
1263 5532 1377 5586 ἀλλ’
1412 5533 1583 5604 ἑτέρῳ
1617 5534 1726 5587 τινὶ
1746 5534 1877 5604 rem:

2006 5536 2299 5592 tumeliose
2329 5535 2574 5598 illusum,
2607 5529 2864 5585 manibus
2902 5537 3168 5599 praeterea
3225 5526 3573 5598 pedibusque

255 5629 567 5684 κάκεῖνον
594 5622 1068 5691 ἐγκατακλείουσι.

2007 5640 2199 5686 catena
2249 5626 2515 5688 vinctum,
2575 5624 2632 5679 in
2689 5637 2968 5679 carcerem
3023 5619 3428 5694 conjiciendum
3474 5620 3576 5674 im-

255 5718 553 5797 peravit.
603 5715 875 5771 Caeterum
937 5715 1029 5771 ille
1074 5714 1318 5771 ludibrio
1364 5726 1475 5770 tam
1512 5719 1749 5787 turpiter
1802 5721 2048 5788 habitus,
2115 5721 2167 5774 in
2239 5730 2625 5787 carceremquc
2689 5731 2751 5771 ac
2792 5715 3026 5771 vinculis
3083 5714 3444 5785 mancipatus,
3488 5712 3574 5767 ni-

256 5813 621 5875 nilominus
648 5809 908 5865 omnibus
951 5809 1007 5864 in
1048 5807 1217 5865 rebus
1243 5810 1327 5865 sui
1354 5809 1552 5865 similis
1595 5826 1723 5867 esse
1814 5816 2075 5882 perrexit,
2127 5824 2290 5882 atque
2348 5811 2680 5867 contumelia
2760 5812 2812 5865 in
2898 5825 3147 5882 magnam
3235 5808 3567 5881 agendarum

256 5923 389 5973 δεο
438 5904 774 5979 gratiarum
823 5906 1171 5965 occasionem
1215 5922 1344 5964 usus
1369 5917 1473 5964 est.
1512 5905 1582 5963 Ut
1610 5922 1737 5963 vero
1771 5908 2189 5976 consolationis,
2245 5919 2322 5965 tot
2397 5909 2795 5978 circumseptus
2868 5906 3152 5973 molestiis,
3232 5901 3404 5974 magis
3482 5915 3578 5957 cx-

1994 4806 2336 4878 gularentur,
2388 4802 2475 4857 vix
2507 4801 2629 4855 illos
2661 4814 2860 4869 magno
2899 4799 3136 4854 clamore
3180 4794 3249 4850 ab
3295 4789 3566 4865 ejusmodi

1996 4894 2262 4967 petitione
2294 4908 2356 4948 ac
2390 4893 2600 4947 insultu
2647 4891 3041 4960 comprimens.
3100 4886 3289 4955 itaque
3340 4883 3568 4939 seditio~

1995 5003 2120 5042 nem
2150 4985 2420 5058 ejusmodi
2459 4983 2584 5039 finis
2613 4982 2848 5051 excepit.
2882 4981 3018 5036 Cum
3050 4992 3182 5032 vero
3221 4975 3306 5031 vir
3343 4984 3569 5030 sanctus

1998 5079 2227 5133 Romam
2273 5077 2651 5148 pervenisset,
2702 5070 2946 5143 pontifex
2985 5085 3153 5137 max.,
3202 5066 3443 5135 acceptis
3500 5066 3568 5121 ab

1996 5169 2235 5226 cxarcho
2268 5167 2490 5235 litteris,
2536 5166 2714 5236 iisque
2759 5179 2881 5236 quae
2911 5162 2981 5218 ab
3037 5161 3158 5232 ipso
3188 5158 3570 5217 scribebantur

2000 5257 2252 5331 cognitis,
2284 5257 2652 5313 admiratione
2679 5269 2745 5311 ac
2786 5255 2867 5310 ira
2908 5253 3125 5325 plenus,
3180 5265 3289 5307 non
3335 5256 3421 5305 est
3448 5264 3573 5321 pas-

1997 5368 2091 5407 sus
2118 5352 2295 5405 virum
2354 5358 2603 5407 sanctum
2659 5346 2921 5418 suiipsius
2967 5345 3122 5402 adire
3175 5341 3568 5415 praesentiam;

1999 5445 2133 5518 quin
2163 5443 2327 5499 etiam
2368 5440 2572 5498 indicta
2601 5452 2765 5495 causa
2800 5448 3040 5494 tractum
3069 5436 3223 5492 illum
3250 5443 3415 5504 atque
3437 5449 3572 5490 con-
