4080 6374
350 373 462 441 ειν

1323 368 1507 431 VITA
1545 370 1604 432 S.
1644 368 2025 433 GREGORII
2061 373 2604 438 AGRIGENTINI.

3506 381 3617 448 250

347 486 423 542 τὰ
452 483 592 555 πρὸς
623 481 925 555 Θιραπείαν
953 484 1201 556 ινεργεῖν
1250 483 1537 539 ἔσπευδεν.
1572 483 1685 554 Τῆς
1741 483 1921 554 φήμης

2037 484 2240 541 timore
2263 496 2459 545 sancto
2482 488 2608 543 viro
2638 488 3007 556 ministrabat,
3049 493 3208 563 eique
3238 508 3401 550 omne
3456 497 3621 553 obse-

346 576 534 630 τοίνυν
567 574 880 644 πανταχόσε
927 573 1252 643 διαθεούσης
1285 574 1383 629 καὶ
1413 575 1553 645 γυνή
1582 591 1667 639 τις
1694 574 1805 628 τῶν
1845 574 1937 627 εύ-

344 665 550 736 γενῦν,
583 664 881 736 θυγάτριον
934 665 1134 737 ἔχουσα
1184 665 1362 735 συγκῦ
1374 683 1503 721 πτον
1548 665 1746 737 χαμαὶ,
1780 665 1936 721 τοῦτο

349 755 479 827 μεθ’
511 755 713 827 ἑαυτῆς
743 756 1008 820 λαθοῦσα,
1037 758 1178 828 πρὸς
1205 761 1297 813 τὸν
1320 759 1480 826 ἅγιον
1508 759 1568 812 ἐν
1615 761 1680 828 τῇ
1717 759 1932 831 φυλακῇ

345 842 589 911 γίνεται,
620 846 718 901 καὶ
744 846 853 899 τῶν
880 846 1072 903 τούτου
1127 847 1384 918 ἁψαμένη
1416 849 1616 913 ποδῶν,
1652 849 1930 921 Ἐλέησον,

348 937 535 1000 ἔλεγε,
558 935 622 989 τὸ
654 935 870 990 παιδίον
932 955 1059 1006 μου,
1079 937 1270 1008 ὥσπερ
1298 940 1328 992 ὀ
1354 939 1613 1008 Χριστὸς,
1639 935 1701 994 οὗ
1750 941 1816 994 σὺ
1850 957 1935 1010 μι-

348 1026 534 1097 μητὴς
589 1027 692 1095 τὴν
758 1027 931 1082 πάλαι
980 1028 1428 1094 συγκύπτουσαν.
1468 1029 1528 1084 Ὀ
1552 1029 1610 1082 δὲ
1648 1028 1785 1082 Θεοῦ
1831 1026 1931 1097 μέν

346 1120 470 1174 ἐστι
510 1116 673 1172 τοῦτο
721 1118 910 1187 μόνου,
964 1118 1103 1189 πρὸς
1128 1118 1303 1191 αὐτὴν
1326 1120 1550 1189 εἴρηκεν
1571 1133 1588 1149 ο
1635 1118 1760 1171 ἐπεὶ
1788 1117 1845 1170 δέ
1870 1133 1929 1170 σε

347 1208 536 1261 πίστιν
565 1205 904 1261 πλουτοῦσαν
928 1207 1026 1277 τὴν
1050 1207 1223 1262 πολῦιά
1252 1207 1562 1277 δυναμένην
1592 1206 1725 1278 ὁρῶ,
1751 1207 1929 1260 πάντα

347 1298 460 1370 γάρ
494 1315 663 1369 φησιν
692 1298 933 1369 Χριστὸς
954 1299 1160 1355 δυνατὰ
1182 1300 1263 1371 τῷ
1291 1299 1626 1365 πιστεύοντι,
1655 1298 1930 1368 κατάλλη-

346 1391 441 1444 λόν
491 1408 588 1444 σου
616 1393 681 1462 τῇ
736 1392 921 1444 πίστει
970 1391 1032 1444 τὸ
1079 1391 1254 1465 πέρας
1308 1392 1685 1460 ἀκολουθήσει.
1744 1389 1930 1454 Οὕτως

349 1479 542 1543 εἰπὼν,
572 1478 873 1547 εὐξάμενός
936 1496 993 1532 τε
1052 1480 1148 1533 καὶ
1204 1480 1362 1550 χεῖρα
1412 1478 1623 1542 ἐπιθεὶς
1681 1479 1749 1549 τῇ
1780 1475 1930 1530 παιδὶ

348 1569 479 1638 ὑγιῆ
522 1569 768 1622 δείκνυσι
804 1570 1166 1640 παραχρῆμα,
1207 1568 1335 1640 ῆνή
1370 1571 1579 1647 μήτηρ..
1596 1568 1930 1640 τεθεραπευ·

350 1660 522 1729 μένην
551 1659 716 1722 εὐθὺς
779 1659 1045 1724 λαθοῦσα,
1098 1661 1239 1732 αὐτή
1273 1678 1332 1714 τε
1373 1662 1554 1733 χαρᾶς
1623 1660 1929 1734 ἐπληροῦτο

343 1752 444 1805 καὶ
483 1752 550 1807 τὰ
592 1753 692 1822 τῆς
749 1754 1104 1826 εὐχαριστίας
1162 1755 1416 1810 ἀπεδίδου
1468 1755 1614 1826 Θεῷ,
1671 1757 1769 1810 καὶ
1828 1757 1926 1811 σὺν

346 1843 487 1915 αὐτῇ
516 1846 618 1912 τῆς
661 1845 845 1900 οἶκαδε
904 1846 1181 1919 φερούσης
1238 1846 1673 1914 ἐπελαμϐάνετο.
1749 1845 1927 1903 Πολλὰ

342 1935 570 1990 τοιαῦτα
600 1935 683 1991 ἔτι
713 1937 793 2008 τῷ
825 1939 1186 2010 δεσμωτηρίῳ
1209 1939 1401 2011 παρὼν
1422 1940 1725 2011 Γρηγόριος
1748 1938 1925 1994 διετέ-

337 2028 451 2096 λει,
480 2022 544 2087 οὗ
578 2032 676 2084 καὶ
714 2032 911 2101 χρόνον
938 2031 1059 2086 ὅλον
1091 2032 1269 2086 ἐκεῖσε
1302 2032 1691 2100 διενεγκόντος.
1724 2034 1753 2087 ὁ
1780 2032 1929 2087 πάπ-

342 2138 455 2186 πας
484 2121 597 2175 τῶν
648 2121 769 2176 κατ’
798 2122 965 2177 αὐτὸν
992 2122 1184 2194 ὥσπερ
1224 2122 1614 2193 ἀναμνησθεὶς,
1647 2124 1923 2196 μετάκλη-

337 2228 437 2266 τον
457 2211 550 2266 τὸν
577 2213 680 2283 ἤδη
713 2213 978 2279 πολλάκις
1021 2214 1258 2284 ρηθέντα
1284 2216 1509 2286 Μάρκον
1554 2215 1924 2272 ἐποίει.Ἐπιὶ

337 2297 437 2358 ὥν
483 2305 580 2359 καὶ
630 2304 882 2374 ἀφίκετο,
933 2306 1029 2361 σὺν
1075 2306 1213 2378 ὀργῇ
1269 2307 1407 2379 πρὸς
1476 2307 1641 2363 αυτδν
1711 2310 1923 2372 ἐκεῖνος

338 2398 523 2449 πάντα
587 2396 654 2451 τὰ
692 2398 838 2452 κατὰ
891 2398 986 2451 τὸν
1041 2398 1345 2470 Γρηγόριον
1385 2399 1612 2472 διεξῄει,
1662 2401 1812 2463 ὅπως
1857 2417 1920 2455 τε

340 2488 452 2551 δέσ,
486 2506 563 2551 ιο;
582 2490 717 2560 παρ’
744 2489 908 2544 αὐτδν
942 2490 1107 2562 ἤχθη.
1166 2490 1262 2543 ἐπὶ
1316 2492 1543 2565 πορνείᾳ
1565 2492 1725 2564 δῆθεν
1747 2490 1922 2546 ἑαλω-

340 2581 460 2644 κὸς,
490 2581 585 2635 καὶ
611 2581 762 2644 ὅπως
826 2582 957 2653 παρ’
988 2582 1154 2637 αὑτοῦ
1176 2584 1258 2647 είς
1287 2584 1348 2636 τὸ
1370 2583 1752 2654 δεσμωτήριον
1774 2601 1919 2653 παρ-

338 2671 601 2742 eritatqu
650 2673 746 2727 καὶ
789 2674 873 2735 είς
928 2673 1010 2727 ἔτι
1045 2675 1141 2729 καὶ
1164 2674 1262 2727 νῦν
1297 2675 1430 2746 πρὸς
1455 2676 1521 2746 τῇ
1556 2676 1771 2749 φυλακῇ
1798 2676 1917 2731 δια-

340 2765 625 2834 καρτεριῐ.
673 2760 734 2817 '0
757 2762 813 2817 δὲ
846 2762 1098 2835 Μάρκος.
1143 2765 1290 2833 μέγα
1337 2766 1621 2831 στενάξας,
1646 2766 1762 2839 ᾔδει
1808 2766 1920 2839 γὰρ

333 2847 429 2906 οἷα
459 2854 584 2907 καθ’
602 2854 721 2910 οἴου
740 2855 981 2925 λέγεται,
1020 2856 1182 2926 δῆλος
1203 2852 1274 2931 ἦν
1294 2859 1421 2923 τοὺς
1442 2859 1584 2914 κατὰ
1602 2859 1908 2932 Γρηγορίου

338 2945 647 3017 ράψιιντας,
672 2947 793 3020 ἅμα
816 2947 876 3002 δὲ
902 2949 994 3003 καὶ
1023 2950 1152 3011 τοὺς
1200 2949 1526 3015 πεισθέντας
1545 2951 1921 3024 ἀποκλαιύμε-

337 3056 452 3103 νος.
476 3041 576 3094 παι
600 3041 755 3096 οὐδὲν
805 3043 1016 3112 nemo,
1045 3042 1080 3113 ἢ
1115 3041 1331 3097 Γένοιτό
1367 3058 1482 3112 μοι.
1512 3041 1643 3114 ἔφη,
1667 3044 1701 3111 ἡ
1731 3045 1914 3117 μερὶς,

2037 575 2149 646 quii
2172 575 2409 631 cilicium
2450 584 2709 648 praestare
2764 579 2958 636 sedulo
2981 582 3286 638 nitebatur.
3319 584 3617 646 increbre-

2036 676 2228 722 scente
2291 667 2462 738 igitur
2511 669 2676 734 fama,
2733 679 2791 725 et
2852 671 3061 743 ubique
3110 684 3360 744 vagante,
3415 676 3617 732 mulier

2034 758 2307 830 quzedam,
2363 759 2530 815 claris
2604 771 2727 817 orta
2788 763 3086 827 natalibus,
3161 764 3385 821 filiolam
3457 766 3614 824 humi

2034 856 2373 917 prostratam
2413 847 2642 908 habens.
2672 849 2814 905 hanc
2859 864 3047 906 secum
3101 853 3395 923 arripiens,
3428 856 3613 917 virum

2039 949 2292 996 sanctum
2326 940 2382 994 in
2413 939 2663 995 custodia
2693 940 2853 1011 petit,
2896 942 3155 1012 illiusque
3197 945 3482 1016 complexa
3514 962 3611 1016 pe-

2034 1034 2132 1088 des
2158 1051 2170 1086 :
2201 1032 2480 1098 Miserere,
2516 1030 2715 1102 inquit,
2765 1031 2890 1088 illia:
2946 1048 3102 1095 meae,
3146 1036 3608 1104 quemadmodum

2031 1133 2088 1178 et
2118 1122 2370 1177 Christus
2402 1122 2467 1185 ",
2497 1122 2655 1194 cujus
2697 1138 2759 1178 es
2809 1121 3075 1185 imitator,
3137 1123 3423 1179 mulierem
3481 1139 3614 1180 con-

2034 1222 2265 1269 tractam
2298 1228 2362 1269 ac
2395 1214 2717 1269 inclinatam
2758 1196 2889 1269 olim
2922 1214 3119 1271 erexit.
3166 1214 3260 1270 Ille
3292 1215 3401 1270 hoc
3438 1216 3611 1272 solius

2033 1319 2153 1360 esse
2183 1305 2279 1361 Dei
2308 1304 2614 1374 respondit.
2673 1304 3185 1367 Verumenimverc.
3229 1304 3429 1376 inquit,
3479 1320 3609 1361 cum

2034 1406 2087 1452 te
2116 1397 2345 1453 uberem
2381 1412 2445 1452 ac
2500 1397 2833 1466 locupletem
2885 1397 3048 1452 fidem
3106 1396 3313 1452 habere
3363 1395 3603 1459 videam.

2032 1488 2240 1559 (omnia
2302 1487 2578 1558 siquidem
2645 1486 2824 1543 ﬁdelis
2878 1498 3136 1558 praestare
3187 1486 3391 1559 potest)
3446 1494 3608 1557 aptus

2032 1580 2155 1649 (nec
2210 1578 2264 1635 id
2307 1594 2439 1635 sane
2514 1578 2811 1648 immerito)
2866 1579 2992 1635 fidei
3050 1588 3158 1634 tum
3220 1580 3345 1634 linis
3415 1578 3608 1635 subse-

2030 1679 2262 1742 quetur.
2288 1668 2425 1726 Cum
2454 1669 2530 1725 ita
2550 1669 2770 1725 loeutus
2797 1678 2966 1735 esset,
2996 1670 3197 1740 puellae
3223 1684 3444 1725 manum
3479 1685 3606 1725 ora-

2031 1774 2190 1819 turus
2214 1761 2524 1832 imponens,
2547 1760 2836 1817 confestim
2871 1776 2993 1818 eam
3040 1762 3275 1818 sanitate
3322 1759 3550 1817 donavit
3581 1776 3599 1827 ;

2030 1868 2152 1911 eam
2179 1862 2355 1909 mater
2400 1852 2625 1908 sanitati
2681 1852 2947 1909 redditam
3003 1852 3254 1909 hilariter
3301 1852 3598 1922 accipiens,

2031 1945 2229 2016 gaudio
2282 1944 2523 2016 perfusa,
2588 1943 2929 1999 immortales
2977 1944 3090 1999 Deo
3129 1943 3330 2013 gratias
3384 1943 3600 2013 agebat,
3660 1962 3669 1977 κ

2032 2047 2295 2108 rectaque
2320 2051 2446 2092 cum
2496 2036 2612 2106 ipsa
2649 2035 2873 2090 domum
2930 2035 3195 2105 perrexit.
3232 2034 3501 2102 Pleraque
3546 2033 3602 2088 id

2028 2144 2206 2203 genus
2232 2129 2339 2185 alia
2368 2128 2670 2197 Gregorius
2707 2141 2929 2183 carcere
2976 2124 3157 2181 adhuc
3198 2124 3456 2181 detentus
3483 2122 3603 2179 edi-

2027 2221 2130 2276 dit.
2169 2219 2269 2275 Hic
2294 2234 2419 2274 cum
2442 2232 2659 2274 omnem
2690 2219 2811 2287 ejus
2835 2224 3051 2273 aetatem
3099 2214 3303 2272 ibidem
3346 2222 3604 2270 constan-

2028 2311 2240 2369 tissime
2269 2310 2519 2366 victurus
2545 2318 2723 2373 esset,
2757 2308 3004 2379 pontifex
3034 2321 3180 2362 max.
3215 2321 3338 2376 quae
3361 2306 3416 2360 in
3442 2305 3598 2361 illum

2029 2406 2248 2477 iactata:
2275 2403 2497 2459 fuerant
2526 2401 2890 2458 contumelias
2922 2400 3305 2460 reminiscens,
3330 2398 3596 2462 Marcum,

2025 2514 2190 2569 quem
2225 2496 2363 2552 alias
2423 2509 2564 2565 smpe
2618 2492 3065 2555 memoravimus,
3124 2490 3442 2546 accersivit.
3492 2490 3596 2556 Qui

2026 2605 2150 2646 cum
2188 2597 2388 2659 pmsto
2410 2585 2700 2646 adfuisset.
2720 2600 2829 2640 non
2854 2584 2973 2639 sine
3008 2581 3382 2654 indignatione
3412 2581 3599 2636 omnia

2024 2689 2219 2738 contra
2265 2676 2589 2749 Gregorium
2650 2683 2769 2731 acta
2837 2672 3100 2736 narravit,
3133 2669 3597 2743 quemadmodum

2024 2769 2081 2826 in
2114 2768 2392 2825 adulterio
2424 2764 2829 2837 deprehensus,
2847 2762 3065 2818 vinctus
3090 2761 3158 2816 ad
3188 2774 3246 2816 se
3272 2759 3593 2830 perductus,

2019 2862 2187 2933 inque
2213 2873 2491 2916 carcerem
2533 2871 2565 2911 a
2593 2870 2655 2914 se
2687 2854 2947 2911 detrusus
2970 2853 3187 2916 fuisset,
3210 2852 3306 2908 ubi
3327 2852 3596 2907 hactenus

2019 2949 2291 3010 custodiis
2319 2959 2530 3019 septus,
2562 2945 2837 3018 patienter
2878 2943 3164 3017 perdurat.
3210 2939 3350 2997 Tum
3380 2940 3597 2997 Marcus

2026 3043 2297 3118 ingemuit
2321 3041 2701 3099 vehementer.
2746 3037 2988 3094 Noverat
3034 3034 3205 3100 enim,
3252 3046 3595 3103 quaecunque

334 3122 387 3182 ὖ
407 3129 643 3184 δέσποτα
667 3167 684 3195 ,
713 3132 748 3201 ἡ
778 3131 897 3202 μετ’
918 3131 1105 3196 αὐτοῦ,
1153 3130 1375 3185 ἐπειδὰν
1435 3134 1516 3197 είς
1591 3133 1774 3205 κρίσιν
1837 3134 1916 3206 τῷ

2025 3136 2078 3192 in
2110 3136 2265 3191 illum
2289 3132 2641 3194 dicerentur,
2670 3135 2987 3200 perspectos
3023 3140 3090 3182 ac
3133 3126 3447 3196 exploratos
3470 3122 3597 3179 illos

333 3222 506 3293 κοινῷ
561 3226 725 3294 κριτῇ
783 3224 1237 3297 παρασταίημεν.
1303 3223 1509 3280 Τοῦτον
1551 3225 1836 3296 τὸνλόγον
1887 3229 1918 3282 ὁ

2025 3226 2282 3290 habebat,
2309 3222 2403 3294 qui
2448 3221 2567 3276 lucc
2621 3227 2813 3275 contra
2835 3216 3161 3287 Gregorium
3191 3212 3595 3273 conﬁnxerant.

334 3314 577 3379 πάππος
625 3316 701 3378 ὡς
762 3317 1022 3389 ἤκουσεν,
1073 3316 1239 3372 οἱονεὶ
1281 3316 1344 3372 τδ
1373 3317 1527 3390 ῥῆμα
1574 3319 1919 3391 δυσωπηθεὶς

331 3406 437 3475 τὴν
465 3406 611 3460 κατὰ
672 3407 769 3462 τοῦ
826 3407 1139 3480 Γρηγορίου
1192 3407 1548 3478 πεμφθεῖσαν
1613 3407 1914 3479 επιστολὴν

332 3497 548 3551 ἐδείκνυ
571 3496 651 3569 τῷ
700 3499 936 3570 Μάρκῳ,
986 3499 1176 3570 ὥσπερ
1225 3499 1688 3569 ἀπολογούμενος,
1723 3501 1806 3555 ὅτι
1836 3500 1913 3572 μὴ

333 3589 465 3659 εἰκῆ
516 3592 613 3644 καὶ
664 3591 741 3654 ὡς
807 3591 1023 3661 ἔτυχεν,
1059 3591 1199 3645 ἀλλὰ
1248 3594 1362 3654 τοῖς
1393 3591 1535 3646 οὕτω
1587 3592 1708 3644 κατ’
1749 3592 1915 3646 αὐτοῦ

334 3681 741 3751 γεγραμμένοις
789 3683 885 3736 καὶ
933 3683 1095 3746 αὐτὸς
1155 3682 1491 3746 πιστεύσας,
1557 3682 1659 3735 οὐκ
1700 3682 1915 3753 ἔκρινεν

334 3774 643 3827 ἀκόλαστον
698 3775 759 3827 τὺ
805 3774 1198 3845 πεπραγμένον
1253 3773 1597 3829 καταλιπεῖν.
1640 3775 1916 3829 Ἐπελθὼν

335 3866 391 3918 δὲ
417 3865 519 3935 τὴν
569 3866 870 3938 ἐπιστολὴν
899 3867 928 3919 ὁ
962 3866 1211 3938 Μάρκος,
1245 3867 1341 3919 καὶ
1390 3865 1582 3935 ὥσπερ
1614 3866 1915 3935 ἐγγελὰσκς

335 3960 449 4022 τοῖς
515 3959 949 4029 γεγραμμένοις,
979 3959 1302 4030 Πράγμασιν
1336 3958 1540 4024 αὐτοῖς,
1574 3959 1699 4029 ἔφη,
1727 3954 1773 4014 ὧ
1797 3960 1915 4014 δέσ-

339 4065 505 4109 ποτα.
563 4049 924 4120 ἐπιτρεπτέον
980 4050 1045 4103 τὰ
1094 4050 1217 4102 κατ’
1250 4049 1419 4102 αύτὶν
1473 4047 1569 4101 καὶ
1595 4046 1915 4111 ἐξεταστέον

334 4140 449 4204 τοῖς
482 4139 715 4203 δικαίοις
756 4138 1183 4203 ἀκολουθοῦντα,
1236 4140 1336 4194 καὶ
1385 4138 1510 4192 τότε
1568 4137 1690 4208 εἴσῃ
1729 4136 1916 4205 σαφῶς

334 4225 446 4294 οἷος
486 4232 589 4300 μὲν
642 4224 817 4296 οὗτος,
872 4230 985 4283 εἴτε
1031 4230 1239 4300 πόρνης
1294 4228 1468 4297 φίλος,
1501 4228 1616 4282 είτε
1645 4226 1780 4283 ἀλλὰ
1838 4227 1914 4296 μὴ

334 4322 507 4376 πλέον
529 4321 664 4394 ἐρῶ,
716 4322 903 4396 γνώσῃ
933 4322 990 4377 δι
1022 4323 1122 4377 καὶ
1142 4321 1307 4384 αὐτὸς
1332 4321 1523 4392 τάχος,
1567 4320 1619 4374 si
1639 4319 1695 4373 δὲ
1716 4317 1911 4384 θέλοις,

334 4417 432 4470 καὶ
469 4415 574 4486 ἤδη
633 4414 902 4484 έγνωκας.
941 4413 1159 4477 Φθάσας
1207 4414 1264 4468 δὲ
1291 4413 1385 4469 τὸν
1410 4412 1572 4482 λόγον
1599 4413 1628 4466 6
1653 4409 1911 4474 πάππας.

2023 3317 2302 3388 simulque
2323 3315 2391 3371 ah
2424 3312 2513 3369 his
2537 3324 2832 3383 persuasos
2859 3306 3201 3379 deplorahat,
3223 3319 3404 3377 neque
3428 3303 3597 3375 quid-

2016 3422 2180 3480 quam
2212 3403 2359 3461 aliud
2384 3403 2587 3467 aiebat,
2612 3416 2774 3472 quam
2808 3418 2823 3455 :
2852 3399 2897 3456 0
2922 3400 3154 3462 utinam,
3185 3396 3433 3459 domine.
3472 3411 3597 3467 par-

2020 3513 2126 3557 tem
2178 3508 2233 3572 et
2266 3498 2402 3555 mihi
2437 3496 2601 3552 liceat
2651 3509 2760 3550 una
2792 3508 2915 3548 eum
2976 3492 3098 3561 ipso
3123 3489 3274 3545 adire
3311 3488 3595 3544 calamita-

2018 3603 2159 3657 tum,
2204 3589 2424 3663 quando
2463 3587 2532 3643 ad
2581 3585 2891 3643 communis
2934 3582 3142 3654 judicis
3182 3579 3444 3635 subsellia
3481 3586 3595 3633 sta-

2020 3685 2128 3739 turi
2156 3697 2370 3739 sumus.
2400 3679 2560 3734 llunc
2591 3690 2901 3733 sermonem
2927 3688 3054 3730 cum
3105 3671 3353 3742 pontifex
3405 3670 3594 3725 audis-

2017 3786 2119 3840 set,
2142 3774 2221 3829 uti
2241 3771 2516 3843 ejusmodi
2533 3768 2719 3825 verbis
2748 3765 2990 3839 graviter
3009 3763 3278 3827 offensus,
3305 3761 3592 3833 epistolam

2028 3866 2084 3921 in
2142 3863 2469 3935 Gregorium
2530 3859 2793 3928 scriptam
2848 3855 3028 3912 eidem
3072 3852 3332 3916 ostendit,
3375 3859 3434 3905 ut
3480 3866 3590 3906 non

2022 3968 2232 4013 temere
2281 3969 2342 4009 se
2401 3961 2498 4006 aut
2538 3948 2851 4005 inconsulto
2886 3960 3211 4017 persuasum
3266 3951 3588 3998 excusaret:

2018 4045 2113 4101 sed
2143 4044 2213 4098 iis
2244 4040 2446 4097 litteris
2476 4048 2733 4108 tanquam
2786 4034 3103 4092 testimonio
3128 4034 3268 4089 bene
3316 4030 3591 4101 locuplete

2016 4150 2128 4191 rem
2166 4143 2274 4187 tam
2343 4128 2607 4185 nefariam
2640 4126 2994 4198 injudicatam
3033 4122 3296 4177 noluisse.
3343 4119 3587 4176 Perleeta

2021 4234 2208 4280 autem
2249 4221 2482 4292 epistola
2515 4220 2752 4283 Marcus,
2787 4231 2851 4271 ac
2886 4215 3039 4270 velut
3080 4228 3145 4269 ea
3204 4226 3327 4283 quae
3387 4210 3587 4280 scripta

2013 4330 2191 4382 erant.
2246 4317 2507 4383 irridens,
2552 4315 2738 4372 Rebus
2802 4313 2960 4385 ipsis,
3003 4310 3206 4383 inquit,
3256 4326 3288 4363 ο
3347 4308 3587 4373 domine,

2016 4412 2209 4469 isthmc
2260 4407 2510 4466 convicia
2567 4415 2699 4463 sunt
2750 4403 3134 4475 expendenda,
3190 4401 3589 4474 diligenterque

332 4500 495 4567 Οἶδα,
525 4505 653 4575 ἔφη.
692 4507 790 4565 καὶ
842 4505 1008 4571 αύτδς
1035 4505 1072 4560 ἃ.
1138 4505 1306 4578 βούλῃ
1348 4503 1551 4572 λέγειν,
1584 4503 1772 4574 φησὶν,
1824 4502 1908 4556 ὅτι

2025 4502 2264 4575 quisnam
2304 4498 2578 4568 justitiam
2629 4504 2919 4566 sequatur,
2957 4493 3396 4565 disquirendum.
3449 4489 3589 4549 Tum

333 4597 508 4668 πολλή
553 4615 637 4662 τις
656 4593 724 4669 ἦν
747 4599 780 4668 ἡ
823 4597 943 4651 θεία
965 4599 1127 4668 χάρις
1153 4598 1282 4667 περὶ
1306 4596 1490 4658 αὐτὸν,
1518 4595 1636 4649 ἀλλ’
1695 4592 1916 4663 ὀλισθή-

334 4706 535 4752 σαντος
575 4688 779 4758 δηλαδὴ
828 4689 926 4743 καὶ
966 4688 1104 4759 αὐτὴ
1159 4687 1393 4756 ἀπέστη.
1451 4686 1559 4740 Καὶ
1603 4685 1777 4739 ταῦτα
1815 4683 1914 4756 μὲν

332 4782 543 4843 ἐκεῖνος
574 4775 662 4834 οἶα
700 4780 765 4849 δὴ
794 4780 1082 4852 ἄνθρωπος
1097 4778 1172 4850 μὴ
1204 4777 1418 4849 βλέπων
1471 4776 1541 4830 τὰ
1577 4775 1730 4843 ὄντα,
1778 4773 1914 4845 μηδὲ

329 4871 416 4932 εἰς
439 4868 695 4938 καρδίαν,
750 4867 826 4931 ὥς
857 4884 1027 4939 φησιν
1064 4870 1093 4922 ὀ
1153 4867 1295 4930 θεῖος
1321 4867 1501 4935 λόγος,
1528 4865 1695 4938 ὀρῶν.

2015 4593 2114 4649 tibi
2147 4590 2360 4663 liquido
2385 4586 2619 4661 patebit,
2660 4587 2840 4657 qualis
2861 4586 2948 4641 vir
2997 4586 3069 4642 sit
3090 4586 3214 4651 iste,
3242 4600 3312 4639 an
3347 4591 3589 4640 scortum

2013 4695 2107 4742 aut
2132 4683 2279 4738 aliud
2341 4679 2496 4752 quid,
2528 4695 2597 4736 ne
2651 4679 2812 4749 plura
2845 4677 3049 4741 dicam,
3093 4677 3383 4747 depereat;
3419 4688 3590 4744 agno-

2019 4787 2142 4828 sces
2176 4780 2234 4827 et
2268 4771 2384 4841 ipse
2427 4768 2708 4841 protinus;
2747 4767 2793 4822 si
2821 4766 3082 4829 volueris,
3119 4773 3176 4821 et
3221 4766 3331 4834 jam
3381 4778 3590 4833 cogno-

2013 4862 2167 4918 visti.
2204 4861 2334 4933 Ejus
2364 4860 2669 4916 orationem
2706 4857 2954 4928 pontifex
3008 4855 3339 4926 interpellat,
3379 4867 3436 4908 se
3466 4867 3590 4922 quae

329 4959 428 5015 ille
476 4958 732 5014 dicturus
780 4967 948 5023 esset,
1008 4957 1174 5024 scire,
1226 4972 1425 5026 nempe
1509 4970 1762 5027 magnam
1813 4968 1941 5025 erga
1978 4953 2131 5009 illum
2184 4950 2277 5006 Dei
2338 4948 2751 5006 beneficentiam
2805 4943 3245 5012 exstitisse,sed
3297 4944 3392 4999 illo
3442 4943 3588 5000 fmde

328 5055 577 5119 labente,
617 5069 840 5124 pessum
891 5068 1110 5126 quoque
1170 5053 1344 5123 ipsam
1395 5052 1625 5108 abiisse.
1672 5051 1741 5105 Et
1796 5050 1912 5104 haec
1947 5047 2037 5103 ille
2094 5045 2317 5116 quidem
2347 5052 2409 5099 ut
2473 5044 2771 5107 humanus,
2829 5057 2953 5097 cum
3010 5055 3124 5095 rem
3174 5047 3234 5093 ut
3280 5045 3419 5099 erat,
3475 5051 3586 5092 non

328 5152 698 5224 perspiceret,
743 5165 920 5219 neque
972 5165 1068 5206 cor
1105 5153 1188 5215 (ut
1238 5162 1421 5204 sermo
1451 5147 1674 5202 divinus
1723 5144 1908 5215 habet)
1950 5145 2276 5200 intueretur.

406 5250 562 5315 ΜΤ.
605 5243 741 5301 Εἶτα
764 5249 861 5300 καὶ
890 5245 1136 5316 περὶτοῦ
1175 5245 1294 5308 πῶς
1314 5242 1371 5296 δὲ
1400 5244 1664 5314 χρήσεται
1700 5241 1909 5311 Γρηγο-

2082 5237 2263 5292 XLVI.
2293 5233 2499 5291 Deinde
2525 5247 2673 5297 etim,
2711 5231 2971 5302 quidnam
3023 5228 3092 5284 de
3137 5223 3400 5295 Gregorio
3438 5236 3583 5282 esset

333 5342 443 5414 ρίῳ
500 5336 811 5407 σύμϐουλον
857 5315 976 5391 τὸν
1015 5338 1245 5408 Μάρκον
1301 5335 1497 5388 ἐποίει.
1555 5334 1613 5388 ’0
1667 5331 1724 5384 δὲ
1760 5330 1910 5401 αὐτῷ

2025 5327 2385 5390 statuendum,
2411 5324 2652 5380 Marcum
2683 5322 2737 5375 in
2758 5320 3050 5375 consilium
3100 5315 3463 5380 adhibuisset,
3492 5316 3583 5372 ille

330 5428 697 5484 συνεϐούλευε
730 5429 871 5499 μήτε
907 5426 1077 5499 χωρὶς
1092 5426 1284 5480 τοῦτον
1310 5424 1405 5479 τοῦ
1443 5424 1683 5497 μεγάλου
1717 5424 1908 5494 ἱερέως

2007 5418 2298 5475 consilium
2350 5414 2526 5477 dedit,
2577 5427 2687 5467 non
2749 5410 2956 5480 absque
3020 5422 3216 5480 magno
3272 5407 3585 5472 sacerdote.

325 5520 434 5589 τῆς
465 5519 715 5589 μεγάλης
736 5497 889 5589 eam
910 5497 1136 5589 *κρίνειν
1195 5518 1425 5580 πόλεως.
1461 5516 1598 5586 μήτε
1633 5514 1742 5585 μὴν
1810 5510 1907 5565 τοῦ

2025 5510 2255 5575 ιιοοιεα»,
2314 5508 2569 5576 inquam,
2607 5501 2868 5565 civitatis,
2912 5499 3143 5571 ejusque
3179 5514 3306 5570 rege
3330 5497 3586 5570 judican-

328 5608 605 5685 βασιλέως
680 5608 871 5672 αὑτοῦ,
908 5608 1024 5662 ἀλλ’
1061 5606 1481 5672 ἀποστείλαντα,
1545 5604 1640 5659 καὶ
1682 5603 1807 5667 τούς
1845 5618 1905 5656 τε

2025 5602 2137 5657 lum
2171 5612 2312 5655 esse.
2337 5596 2635 5667 Pr0pterea
2665 5591 2819 5648 illum
2869 5591 3003 5648 dare
3033 5603 3256 5661 cperam
3297 5597 3582 5661 oportere,

406 5794 454 5827 ¹¹
482 5794 614 5852 Luc.
641 5811 761 5861 xm,
801 5794 855 5848 ll
898 5809 1055 5862 seqq.
