4072 6390
461 392 562 461 251

1683 408 1790 469 ΜΕ
1802 410 1973 472 NSlS
2007 415 2444 481 NOVEMBER.

3597 425 3707 492 152

468 519 532 565 ut
561 507 836 566 delatores
874 509 1024 581 ipsos
1043 527 1172 569 eum
1212 514 1830 587 mandatisremittcrct,
1853 522 2040 578 simul-

2151 529 2497 599 κατηγόρους
2530 530 2931 600 συναγαγόντα,
2966 533 3061 587 καὶ
3110 533 3210 605 τὴν
3248 534 3553 609 λεγομένην
3574 554 3718 611 συμ-

464 616 574 672 que
635 602 966 668 mulierem,
1032 606 1189 675 cujus
1238 608 1415 678 Stupri
1463 610 1921 675 insimulabatur,
1976 631 2042 673 ac

462 707 592 747 eum
616 707 779 760 quem
812 693 870 747 in
898 695 1021 763 ejus
1042 696 1226 752 locum
1254 700 1592 757 sacerdotem
1614 703 2038 774 substituerant,

462 797 678 839 necnon
714 784 1065 842 mandatores
1094 802 1288 846 omnes
1340 790 1667 863 Byzantium
1688 795 2042 854 deducendos

463 882 682 928 curaret
713 890 888 944 eaque
907 879 1370 947 quemadmodum
1424 898 1547 939 sese
1591 884 1885 951 habebant,
1922 905 2042 958 quae

467 975 659 1019 contra
714 981 994 1037 quemque
1061 970 1296 1027 dicenda
1351 985 1560 1040 essent,
1633 980 2040 1047 praescriberet.

465 1053 594 1110 Haec
627 1073 749 1111 cum
783 1060 1027 1127 pontifex
1055 1077 1204 1117 max.
1224 1065 1378 1119 utilia
1404 1067 1559 1137 juxta
1584 1084 1649 1124 ac
1674 1079 2041 1128 consentanea

467 1148 654 1202 omnia
689 1151 1019 1218 censuisset,
1040 1153 1170 1209 bine
1205 1158 1396 1224 mittit,
1430 1169 1546 1214 tum
1579 1162 1671 1229 qui
1712 1163 1986 1222 delatores
2009 1182 2041 1222 e

467 1236 653 1292 Sicilia
710 1241 1032 1309 profectos,
1095 1246 1162 1301 ad
1210 1251 1573 1317 quaestionem
1650 1270 1714 1309 ac
1772 1256 2040 1326 judicium

394 1314 403 1322 ’
465 1327 834 1397 abducerent,
894 1342 1010 1388 tum
1063 1339 1156 1406 qui
1179 1314 1394 1397 litteras
1454 1314 1791 1412 patriarchae.
1830 1348 2042 1418 ipsique

466 1421 581 1491 regi
638 1423 1143 1498 Constantinopolis
1185 1433 1468 1491 adet-rent.
1552 1437 1617 1492 Hi
1689 1450 1870 1495 autem
1931 1441 2042 1497 duo

464 1522 625 1565 erant
671 1516 941 1587 episcopi,
992 1522 1084 1589 qui
1115 1531 1273 1579 antea
1314 1528 1524 1597 synodo
1561 1532 1727 1586 etiam
1779 1532 2045 1589 interfue-

468 1610 614 1659 rant.
655 1605 828 1663 Porro
860 1624 955 1665 rex
1011 1613 1254 1685 itemque
1302 1620 1638 1687 patriarcha,
1694 1625 1935 1693 acceptis
1979 1640 2044 1681 ac

465 1694 729 1762 perlectis
759 1702 1028 1769 ejusmodi
1053 1704 1275 1771 litteris,
1304 1708 1501 1764 falsum
1527 1720 1585 1766 et
1606 1713 1831 1768 omnino
1864 1715 2044 1772 incre~

467 1785 636 1842 dibile
659 1789 893 1857 crimen,
927 1797 1089 1866 cujus
1107 1796 1405 1866 Gregorius
1452 1801 1803 1859 insimulatus
1841 1805 2041 1873 fuerat,

464 1877 877 1945 judicaverunt.
928 1864 1348 1950 Quocirca'rex
1402 1895 1693 1962 quemdam
1749 1896 1821 1951 ab
1890 1864 2043 1970 regio
2076 1864 2118 1921 Β

463 1973 890 2028 armamentario
953 1990 1184 2044 persane
1261 1981 1619 2051 familiarem,
1700 1985 2036 2042 Marcianum

465 2061 709 2126 nomine,
748 2078 854 2119 una
892 2080 1018 2121 cum
1060 2070 1336 2141 episcopis
1378 2074 1604 2130 Romam
1655 2078 1891 2135 remisit.
1939 2080 2040 2135 Pa-

467 2152 710 2209 triarcha
744 2157 933 2214 itidem
958 2161 1207 2234 Ancyrae.
1251 2164 1432 2235 Cyzlci
1486 2184 1551 2224 ac
1595 2169 1846 2227 Corinthi
1897 2187 2040 2243 prae—

465 2243 637 2306 sules.
673 2247 877 2316 quibus
929 2252 1164 2308 accessit
1191 2254 1609 2325 Constantinus,
1656 2275 1819 2330 quem
1871 2262 2041 2332 pleri-

466 2349 576 2404 que
619 2352 648 2390 a
694 2339 896 2396 libellis
926 2345 1297 2414 appellabant,
1327 2350 1484 2421 cujus
1522 2352 1732 2407 mentio
1784 2353 2040 2423 superius

466 2436 553 2483 est
588 2428 749 2496 facta,
795 2432 957 2488 simul
998 2436 1340 2494 destinavit:
1397 2442 1744 2510 mandantcs,
1780 2452 1843 2500 ut
1873 2445 1931 2501 hi
1970 2445 2039 2502 ad

468 2518 633 2575 latam
667 2538 839 2592 usque
865 2530 1217 2597 sententiam,
1263 2534 1735 2607 qumstionemque
1790 2539 2043 2608 persolu-

467 2619 603 2676 tam,
633 2614 957 2685 Gregorium
982 2634 1168 2676 secum
1192 2623 1483 2681 baberent.

535 2705 744 2763 XLV".
782 2710 821 2763 li
854 2726 977 2767 cum
1014 2713 1243 2771 Romam
1276 2719 1566 2785 adiissent,
1627 2724 1860 2797 contigit
1902 2726 2045 2783 Mar-

465 2798 683 2854 cianum
718 2804 1044 2872 gravissimo
1079 2809 1274 2864 morbo
1325 2812 1599 2879 aﬂlietari,
1647 2815 1722 2872 ita
1775 2827 1837 2874 ut
1891 2834 2040 2889 spem

2142 618 2426 689 φθαρῆναι
2475 624 2738 689 γυναῖκα,
2766 624 2827 677 οὐ
2866 626 2974 696 μὴν
2998 625 3135 680 ἀλλά
3182 626 3278 681 καὶ
3314 628 3376 683 ὃν
3403 629 3522 683 ἀντ’
3552 628 3721 688 αὑτοῦ

2140 710 2538 780 προδάλλονται
2590 715 2758 784 ἱερέα,
2798 717 2996 780 αὐτούς
3022 733 3084 771 τε
3133 719 3342 783 πάντας
3389 721 3450 784 ές
3469 720 3569 791 τὴν
3616 722 3721 777 Βύ-

2142 803 2335 868 ζαντος
2365 804 2631 871 πέμπειν,
2707 807 2806 861 καὶ
2836 807 2907 876 τά
2943 808 3065 862 κατ’
3087 809 3287 872 αὐτοὺς
3314 809 3508 882 ῶσπερ
3534 809 3719 883 έχουσι

2140 896 2283 950 κατά
2314 895 2477 967 μέρος
2502 899 2754 969 γράφειν.
2795 902 2862 952 Ἃ
2903 900 2969 969 δὴ
3008 902 3103 954 καὶ
3129 903 3483 971 συμφέροντα
3527 905 3720 976 κρίνας

2139 985 2445 1051 όπάππας,
2497 987 2652 1042 ἔνθεν
2707 988 2808 1059 μὲν
2881 989 3089 1043 στέλλει
3140 992 3265 1054 τοὺς
3297 992 3408 1046 ἀπὸ
3439 995 3714 1061 Σικελίας,

2141 1078 2269 1141 τοὺς
2294 1078 2637 1150 κατηγόρους
2664 1079 3000 1147 ἀπάξοντας,
3055 1082 3265 1136 ἐκεῖθεν
3293 1084 3352 1137 δὲ
3381 1085 3508 1150 τοὺς
3536 1086 3719 1158 γράμ-

2146 1185 2289 1237 ματα
2314 1169 2451 1239 πρὸς
2479 1170 2572 1224 τὸν
2629 1172 2890 1243 ἀρχιερέα
2936 1174 3569 1242 Κωνσταντινουπόλεως
3620 1179 3719 1233 καὶ

2140 1259 2309 1314 αὐτὸν
2336 1260 2560 1330 βασιλέα
2603 1263 2946 1333 νομίσοντας.
3021 1258 3184 1318 Οὗτοι
3216 1266 3274 1318 δὲ
3306 1266 3415 1338 ἄρα
3443 1263 3586 1339 ἦσαν
3609 1271 3718 1324 τῶν

2142 1352 2456 1408 ἐπισκόπων
2506 1354 2556 1408 oi
2604 1354 2718 1421 δύο,
2754 1356 2950 1416 οἵτινες
2982 1358 3370 1429 καὶπρότερον
3401 1361 3460 1412 ὲν
3499 1362 3564 1432 τῇ
3593 1377 3721 1415 συν-

2141 1443 2245 1514 όδῳ
2279 1448 2715 1515 παραγεγονότες
2744 1448 3013 1519 ὑπῆρχον.
3064 1449 3124 1503 '0
3152 1449 3209 1503 δὲ
3259 1450 3513 1520 βασιλεὺς
3546 1454 3641 1507 καὶ
3688 1453 3720 1507 ό

2141 1535 2510 1607 πατριάρχης,
2533 1540 2602 1591 τὰ
2658 1538 2885 1592 τοιαῦτα
2943 1540 3226 1611 δεξάμενοι
3275 1544 3579 1614 γράμματα
3624 1544 3720 1598 καὶ⁵

2143 1625 2531 1691 ἀναγνόντες,⁵
2552 1630 2758 1683 ἄπιστα
2785 1629 2966 1684 πάντα
2991 1632 3060 1685 τὰ
3096 1632 3239 1687 κατά
3276 1634 3366 1689 τὸν
3414 1634 3718 1708 Γρηγόριον

2144 1716 2442 1785 ἡγήσαντο.
2478 1720 2670 1789 Ὅμως
2702 1721 2729 1772 ό
2787 1722 2886 1791 μὲν
2941 1721 3198 1792 βασιλεὺς
3226 1726 3435 1779 στέλλει
3456 1727 3577 1779 τινὰ
3611 1727 3719 1780 τῶν

2143 1806 2462 1862 οίκιοτάτων
2490 1810 2793 1880 σπαθάριον
2825 1813 3144 1884 Μαρκιανὸν
3176 1813 3322 1869 οὕτω
3352 1817 3711 1885 καλούμενον,

2145 1894 2353 1948 στέλλει
2378 1896 2432 1949 δὲ
2460 1898 2646 1951 τοῦτον
2703 1897 2924 1970 σύναιμα
2971 1904 3083 1963 τοῖς
3127 1903 3472 1966 ἐπισκόποις.
3501 1904 3721 1958 Στέὶλει

2143 1985 2199 2039 δὲ
2227 1988 2321 2040 καὶ
2346 1990 2377 2041 δ
2402 1989 2745 2061 πατριάρχης
2806 1992 2899 2046 τόν
2922 2009 2982 2047 τε
3024 1995 3299 2064 Ἀγκύρας
3330 1996 3594 2067 πρόεδρον
3629 1998 3721 2050 καὶ

2144 2080 2388 2145 Κυζίκου
2439 2084 2534 2136 καὶ
2555 2083 2649 2137 τὸν
2707 2085 2993 2157 Κορίνθου,
3044 2088 3133 2141 ναὶ
3171 2088 3282 2158 μὴν
3307 2089 3403 2141 καὶ
3430 2090 3721 2143 Κωνσταν-

2141 2174 2306 2238 τῖνον,
2363 2174 2422 2227 ὃν
2473 2176 2861 2247 χαρτοφύλακα
2907 2182 3022 2241 τοῖς
3077 2180 3291 2243 πολλοῖς
3349 2181 3573 2254 σύνηθες
3606 2183 3725 2236 δνο-

2157 2263 2376 2333 μάζειν,
2441 2267 2569 2340 περὶ
2628 2263 2691 2322 οῦ
2746 2272 2841 2323 καὶ
2893 2273 3397 2344 πρότερονδλόγος
3450 2274 3719 2345 ἐμνήσθη,

2140 2352 2534 2423 ἐντειλάμενοι,
2557 2355 2770 2422 τούτοις
2788 2357 2925 2429 μετά
2952 2359 3015 2413 τὺ
3050 2360 3225 2431 πέρας
3254 2362 3350 2433 τῆς
3384 2362 3716 2429 ὑποθέσεως,

2144 2445 2236 2499 τὸν
2272 2446 2577 2520 Γρηγόριον
2608 2449 2729 2519 μεθ’
2760 2450 2970 2507 ἑαυτῶν
3004 2452 3255 2522 ἀγαγεῖν.

2219 2712 2649 2771 Καταλαὸόντων
2686 2717 2743 2772 δὲ
2776 2717 2875 2791 τὴν
2908 2720 3151 2794 Ῥώμην,
3190 2722 3394 2795 συνέϐη
3436 2725 3528 2780 τὸν
3560 2728 3720 2800 Μαρ-

2145 2805 2335 2860 κιανδν
2392 2807 2533 2879 νόσῳ
2595 2808 2878 2884 βαρυτάτῃ
2923 2816 3269 2885 περιπεσεῖν,
3304 2817 3401 2871 καὶ
3452 2819 3581 2883 τοὺς
3622 2820 3720 2891 μὲν

464 2890 533 2946 de
568 2891 713 2949 illius
750 2894 861 2949 vita
919 2898 1116 2954 medici
1167 2916 1383 2958 omnem
1436 2905 1844 2965 destituerent:
1883 2914 2040 2982 cujus

2148 2896 2370 2968 ἰατροὺς
2428 2898 2707 2968 ἀπειπεῖν,
2739 2901 2886 2975 λύπῃ
2912 2905 2970 2958 δὲ
3003 2905 3107 2981 ὕσῃ
3132 2909 3260 2971 τοὺς
3285 2890 3629 2976 ἐπισκόπους
3653 2912 3718 2966 τὸ

465 2985 544 3037 rel
576 3001 741 3042 causa
790 2989 984 3061 ingens
1031 2994 1321 3064 episcopos
1381 2996 1541 3053 dolor
1570 2999 1872 3058 invaserat.
1916 3004 2040 3059 Mox

2148 2987 2382 3057 πρᾶγμα
2412 2990 2752 3060 περιϐαλεῖν.
2809 2994 2950 3066 Ἤδη
2982 2997 3040 3050 δὲ
3099 2998 3169 3052 τὰ
3196 2998 3403 3072 ἔσχατα
3444 3002 3720 3072 πνέοντος,

464 3088 589 3129 cum
613 3091 830 3133 omnem
865 3094 1054 3136 curam
1116 3083 1224 3139 fata
1272 3086 1580 3153 vincerent,
1623 3099 2040 3165 extremumque

2145 3079 2239 3134 καὶ
2289 3080 2382 3135 τοῦ
2411 3082 2561 3152 ἡλίου
2598 3085 2728 3156 περὶ
2752 3086 2965 3159 δυσμὰς
2996 3090 3180 3159 ὄντος,
3210 3093 3469 3149 κάκείνου
3495 3094 3721 3164 μέλλον·

463 3164 720 3237 spiritum
756 3173 1062 3239 anheluret,
1099 3191 1163 3232 ac
1207 3178 1324 3233 sole
1362 3180 1428 3235 ad
1471 3194 1727 3238 occasum
1757 3164 2037 3255 vergente,

2143 3188 2235 3262 τος
2263 3174 2557 3243 ἐκλείπειν,
2623 3179 2786 3251 ήπρδ
2815 3181 3046 3254 βραχέος
3087 3191 3527 3259 μνημονευθεῖσα
3554 3189 3716 3262 γυνὴ,

464 3259 582 3330 ipse
618 3261 795 3317 lucem
824 3264 966 3319 hanc
1022 3268 1319 3325 relicturus
1380 3271 1682 3341 videretur,
1721 3291 1785 3331 ea
1818 3277 2038 3344 mulier,

462 3349 624 3417 cuius
674 3352 841 3410 tiliam
897 3359 1091 3414 morbo
1123 3369 1433 3431 correptam
1476 3364 1727 3436 Gregorii
1776 3369 2039 3437 precibus

463 3447 805 3504 curationem
882 3467 1061 3523 nuper
1109 3457 1385 3526 accepisse
1452 3459 1712 3527 diximus,
1766 3461 1889 3517 illae
1946 3461 2038 3518 ubi

463 3536 772 3597 Marcianus
806 3542 860 3598 in
915 3544 1061 3601 lecto
1089 3546 1475 3613 decumbebat,
1525 3551 1866 3621 praeteriens,
1919 3567 2037 3608 sere

462 3641 656 3683 verum
701 3630 1075 3701 plangentium
1121 3648 1184 3689 ac
1221 3634 1643 3692 lamentantium
1691 3638 1929 3694 ﬂebilem
1975 3654 2041 3697 ac

464 3719 771 3776 luctuosam
812 3738 1001 3779 vocem
1035 3726 1246 3782 audivit
1280 3744 1294 3782 :
1333 3729 1490 3800 cujus
1535 3744 1754 3787 causam
1802 3746 2039 3802 percon-

463 3818 598 3879 tata,
631 3815 861 3882 gratiam
886 3832 995 3871 non
1026 3818 1246 3883 celavit,
1292 3819 1387 3874 sed
1415 3820 1592 3890 palam
1622 3822 2037 3880 beneficentiam

465 3901 785 3970 evulgat,et
818 3919 940 3974 quae
972 3907 1087 3976 ipsa
1129 3907 1473 3966 admirabilia
1526 3913 1582 3967 in
1625 3912 1733 3967 ﬁlia
1761 3914 1851 3973 sit
1884 3929 2038 3970 asse-

465 4003 615 4059 cuta,
647 3994 754 4051 illis
805 3998 1118 4063 annuntiat,
1166 4001 1575 4072 scrvatorisque
1614 4017 1811 4073 praeco,
1865 4012 1923 4058 et
1957 4005 2039 4060 rei

463 4095 628 4154 gestae
660 4089 814 4144 testis
868 4090 1131 4147 classicus
1190 4093 1571 4150 constituitur.
1626 4094 1721 4150 Eia
1762 4096 1931 4166 agite,
1961 4099 2039 4151 in-

465 4180 604 4249 quit,
638 4181 756 4247 lilii,
780 4182 907 4238 lletu
934 4200 1208 4257 represso,
1252 4187 1384 4241 mibi
1411 4187 1808 4259 obtemperate,
1835 4189 2040 4259 ipsum-

463 4286 571 4340 que
598 4273 666 4325 ab
687 4274 804 4343 ipso
838 4273 981 4331 Icelo
1009 4278 1286 4342 tollentes,
1321 4279 1580 4335 alacriter
1605 4296 1690 4336 me
1712 4280 2032 4351 sequimini.

385 4406 389 4410 μ
462 4363 653 4419 Virum
679 4366 824 4420 enim
853 4367 984 4423 mihi
1046 4370 1116 4424 ab
1164 4371 1502 4440 experientia
1566 4369 1705 4427 bene
1756 4372 2036 4443 cognitum

463 4455 619 4510 vobis
652 4456 959 4525 ostendam,
987 4458 1081 4530 qui
1116 4476 1216 4515 vos
1271 4478 1300 4516 a
1324 4463 1474 4518 luctu
1508 4463 1667 4518 facile
1710 4464 2032 4531 vindicabit,

2141 3256 2209 3335 ἦς
2229 3264 2401 3334 δήπου
2441 3268 2537 3322 καὶ
2566 3267 2628 3323 τὸ
2650 3268 2944 3343 θυγάτριον
2964 3256 3353 3351 ἔναγχοςθνόσῳ
3388 3256 3718 3352 περισχεθὲνν

2142 3352 2249 3407 τῶν
2281 3355 2585 3428 Γρηγορίου
2638 3359 2817 3431 εὐχῶν
2844 3362 3065 3434 ἠξίωτο,
3095 3368 3188 3421 καὶ
3219 3370 3524 3439 παραδόξου
3551 3373 3716 3444 θερα-

2140 3444 2297 3510 πείας
2327 3446 2603 3518 ἀπώνατο,
2658 3451 2748 3506 διά
2795 3454 2896 3525 τῆς
2927 3456 3108 3522 οίκίας
3132 3458 3255 3531 τότε
3300 3464 3714 3534 παρερχομένη,

2141 3534 2273 3590 ἔνθα
2317 3539 2466 3593 καὶὸ
2496 3541 2797 3610 σπαθάριος
2843 3546 3108 3620 κλινήρης
3158 3552 3469 3618 κατέκειτο,
3518 3554 3717 3608 ἀκούει

2144 3626 2273 3699 βοῆς
2290 3631 2601 3701 συμμιγοῦς
2619 3634 2732 3689 τῶν
2747 3636 2951 3691 παίδων
2978 3640 3146 3695 αὑτοῦ
3173 3644 3527 3713 κοπτομένων
3537 3661 3597 3698 τε
3622 3647 3719 3700 καὶ

2142 3717 2500 3791 θρηνούντων·
2523 3724 2618 3777 καὶ
2646 3726 2834 3798 ἐπειδὴ
2864 3730 2964 3800 τὴν
2986 3731 3170 3809 αἰτίαν
3189 3733 3443 3798 ἐπύθετο,
3459 3736 3720 3807 ούκρύπ-

2140 3810 2339 3899 τειτην
2374 3813 2558 3883 χάριν,
2576 3814 2713 3871 ἀλλά
2743 3819 3003 3889 κηρύττει
3038 3824 3226 3892 σαφῶς
3241 3828 3343 3896 τὴν
3366 3828 3713 3899 εὐεργεσίαν,

2141 3902 2237 3956 καὶ
2268 3895 2342 3959 ὧν
2376 3903 2513 3975 αὐτῇ
2544 3906 2843 3979 τετύχηκεν
2874 3912 2970 3965 ἐπὶ
2997 3915 3061 3984 τῇ
3103 3895 3338 3987 θυγατρὶ
3378 3895 3715 3989 θαυμασίων,

2142 3993 2240 4046 καὶ
2276 3994 2462 4060 αὐτοῖς
2495 3997 2853 4069 ἀπαγγέλλει,
2901 4005 2998 4059 καὶ
3026 4009 3270 4079 μηνυτῆς
3289 4009 3385 4064 τοῦ
3418 4012 3713 4082 σωτηρίας,

2140 4087 2303 4151 εὐθὺς
2315 4090 2545 4160 γίνεται,
2572 4094 2667 4166 καὶ
2686 4094 2922 4167 ἀψευδὴς
2947 4098 3158 4170 μάρτυς
3187 4104 3285 4173 τῆς
3319 4107 3714 4177 πεπραγμένου

2142 4185 2255 4248 καὶ,
2296 4184 2451 4253 Ἀγε,
2495 4187 2681 4257 φησιν,
2723 4183 2769 4243 ὧ
2797 4190 3009 4257 παῖδες,
3057 4195 3180 4263 ἐμοὶ
3229 4196 3563 4266 πειθόμενοι,
3621 4200 3714 4252 τοῦ

2140 4274 2339 4347 θρήνου
2377 4278 2476 4346 μὲν
2512 4278 2817 4348 παύσασθε,
2842 4282 3032 4339 τοῦτον
3072 4285 3120 4339 δ’
3152 4287 3291 4359 αὐτῇ
3319 4287 3473 4360 κλίνῃ
3509 4290 3714 4361 προθύ-

2141 4384 2260 4436 μως
2306 4368 2541 4438 ἄραντες
2583 4371 2708 4441 ἐμοὶ
2736 4372 2954 4431 ἔπεσθε.
3018 4377 3190 4443 Δείξω
3217 4379 3325 4449 γὰρ
3356 4380 3487 4449 ὑμῖν
3508 4380 3717 4452 ἀνθρω-

2139 4470 2242 4509 πον
2274 4459 2337 4510 ὲκ
2367 4457 2565 4529 πείρας
2586 4461 2752 4516 αὐτὸν
2781 4463 3079 4532 ὲγνωκυῖα.
3108 4468 3167 4531 ὃς
3199 4469 3297 4523 τοῦ
3337 4471 3567 4535 πένθους
3613 4474 3713 4545 ρᾳ-

462 4558 519 4604 et
548 4548 829 4603 dominum
860 4559 1101 4606 vestrum
1136 4554 1305 4608 multa
1336 4568 1459 4608 cum
1493 4556 1772 4609 celeritate
1810 4557 2034 4612 sanitati

2141 4548 2266 4612 δίως
2291 4550 2432 4620 ὑμᾶς
2456 4551 2756 4621 ἀπαλλάξει
2798 4556 2895 4610 σὺν
2925 4559 3108 4631 πολλῷ
3137 4560 3296 4631 τάχει
3319 4562 3410 4617 τὸν
3441 4539 3713 4634 δεσπότην

465 4641 737 4696 restituet.
779 4640 905 4713 Ejus
932 4644 1173 4699 sermoni
1202 4645 1343 4699 servi
1382 4655 1598 4714 parent,
1639 4647 2037 4721 dominumque

463 4741 691 4802 repente
714 4734 991 4801 tollentes,
1024 4735 1175 4805 juxta
1207 4736 1537 4800 custodiam,
1589 4738 1681 4792 ubi
1733 4738 2036 4809 Gregorius

462 4835 605 4890 erat,
635 4826 936 4895 deponunt.
966 4826 1136 4893 Quem
1172 4828 1263 4883 ille
1285 4828 1671 4884 ardentissima
1713 4829 1854 4886 febri
1872 4847 2035 4889 .com-

464 4930 675 4972 motum
711 4928 767 4972 ct
814 4917 1211 4974 inflammatum
1259 4920 1555 4991 aspiciens,
1612 4923 1905 4978 miseratus
1955 4933 2041 4980 est

464 5008 769 5074 horuinem,
799 5010 1113 5081 lectumque
1136 5012 1394 5084 lacrymis
1432 5013 1713 5086 irrigabat.
1758 5016 2032 5075 Caeterum

461 5101 629 5155 semel
681 5100 833 5156 illum
886 5108 1050 5173 atque
1098 5102 1297 5158 iterum
1360 5120 1562 5162 vocans
1607 5108 1753 5177 (eum
1802 5125 2039 5180 namque

462 5202 750 5260 vexatque
780 5207 976 5248 sensus
1021 5193 1320 5260 defecerat,
1371 5212 1474 5253 nec
1519 5198 1818 5269 quidquam
1885 5201 2037 5271 loqui

465 5281 728 5352 poterat),
766 5298 989 5338 manum
1021 5284 1241 5355 quidem
1270 5285 1346 5341 illi
1403 5288 1490 5342 vir
1542 5289 1760 5344 divinus
1813 5289 2035 5362 adjecit,

466 5382 648 5426 mente
698 5388 833 5428 vero
880 5384 1028 5432 totus
1084 5376 1138 5431 in
1188 5378 1387 5433 malum
1438 5390 1678 5446 erectus,
1735 5382 2038 5453 faciemque

463 5476 620 5516 suam
645 5473 695 5516 et
720 5471 982 5534 :rgrotum
1007 5464 1266 5537 lacrymis
1295 5467 1656 5537 perfundens,
1686 5470 1856 5524 Deum
1880 5472 2038 5526 obse-

461 5551 670 5606 orabat.
706 5553 867 5623 Atqui
895 5570 1088 5626 preces
1135 5571 1388 5614 somnum
1447 5573 1748 5630 peperere;
1814 5574 2040 5614 somnus

459 5652 667 5709 mgroto
689 5641 920 5696 salutem
946 5645 1153 5701 attulit.
1181 5647 1318 5702 Cum
1369 5651 1517 5704 enim
1564 5649 1810 5720 quinque
1869 5663 2036 5719 supra

462 5729 652 5800 viginti
689 5730 809 5785 dies
842 5731 1111 5790 insomnis
1132 5735 1403 5803 duxisset,
1436 5740 1779 5795 arctissimus
1808 5751 1922 5794 tum
1960 5740 2035 5795 illi

466 5837 692 5878 sunmus
724 5821 987 5893 obrepsit.
1041 5824 1197 5883 Servi
1258 5844 1409 5897 vero,
1462 5831 1552 5901 qui
1613 5830 1805 5885 mediis
1858 5831 2033 5888 eidem

2140 4639 2295 4709 ὑμῶν
2348 4640 2601 4713 ἰώμενος.
2639 4645 2931 4701 Πείθονται
2961 4652 3084 4714 ’τοῖς
3139 4652 3383 4723 ῥηθεῖσιν
3416 4655 3465 4708 sl
3503 4656 3709 4721 παῖδες,

2139 4732 2233 4783 καὶ
2256 4732 2345 4786 τὸν
2371 4733 2641 4807 δεσπότην
2664 4737 2829 4802 εὐθὺς
2856 4738 3095 4811 ἄραντες
3124 4743 3260 4813 πρὸς
3280 4747 3348 4815 τῇ
3383 4746 3601 4816 φυλακῇ
3632 4762 3714 4800 τι-

2139 4821 2351 4889 θέασιν,
2383 4822 2513 4877 ἔνθα
2539 4819 2609 4896 ἦν
2640 4826 2967 4899 Γρηγόριος.
3018 4830 3165 4885 Ἰδὼν
3208 4831 3267 4886 δὲ
3307 4833 3473 4887 αὐτὸν
3503 4837 3712 4899 ἐκεῖνος

2138 4914 2241 4968 λάε
2248 4932 2324 4986 ρῳ
2346 4918 2563 4989 πυρετῷ
2589 4920 2876 4992 κατάκρας
2907 4922 3313 4994 διακαιόμενον,
3338 4928 3710 4998 οίκτείρειξτδν

2138 5005 2330 5079 ἀνδρα,
2365 5009 2458 5062 καὶ
2498 5009 2599 5081 τῆς
2627 5009 2816 5081 κλίνης
2868 5012 3079 5084 δάκρυα
3111 5016 3396 5085 καταχέει.
3444 5018 3710 5089 Φωνήσας

2138 5097 2194 5151 δὲ
2227 5098 2389 5152 αὑτὸν
2417 5099 2568 5168 ἅπαξ
2599 5103 2694 5156 καὶ⁵
2718 5102 2823 5166 δὶς,
2851 5101 2927 5166 ὡς
2965 5105 3067 5176 ἢδη
3115 5108 3212 5161 καὶ
3252 5111 3287 5173 ἡ
3331 5110 3485 5180 φωνὴ
3517 5111 3615 5164 καὶ
3646 5113 3712 5167 τὸ

2141 5191 2370 5260 φρονοῦν
2401 5193 2607 5246 ἐκεῖνον
2634 5194 2859 5248 ἐπέλιπε
2891 5196 2988 5249 καὶ
3006 5199 3107 5251 οὐκ
3129 5195 3277 5270 εἶχεν
3296 5202 3452 5256 οὐδὲν
3475 5202 3711 5272 φθέγξα-

2141 5278 2287 5346 σθαι,
2312 5279 2411 5348 τὴν
2442 5282 2542 5352 μὲν
2571 5284 2728 5353 χεῖρα
2745 5283 2833 5336 ἐπ’
2868 5285 3033 5341 αὑτὸν
3066 5291 3094 5340 ό
3120 5288 3267 5355 θεῖος
3302 5291 3444 5363 ἀνὴρ
3498 5292 3705 5363 τίθησι,

2137 5370 2236 5440 τὴν
2291 5371 2348 5425 δὲ
2396 5371 2641 5426 διάνοιαν
2688 5374 2818 5444 ὃλην
2841 5376 2989 5449 αῐρει
3025 5380 3166 5450 πρὸς
3214 5383 3463 5454 οὐρανὸν,
3493 5385 3588 5438 καὶ
3613 5386 3708 5438 δά-

2139 5478 2304 5531 κρυσι
2336 5464 2397 5517 τό
2423 5478 2481 5515 τε
2516 5463 2830 5534 πρόσωπον,
2877 5468 2972 5522 καὶ
3031 5470 3122 5524 τὸν
3156 5475 3711 5548 κατακείμενονβρέ-

2138 5570 2269 5624 κων,
2295 5553 2590 5608 δέεταιτοῦ
2623 5554 2779 5613 Θεοῦ.
2812 5558 3048 5631 Παρεῖχε
3097 5562 3156 5616 δὲ
3208 5566 3241 5635 ἠ
3276 5565 3376 5632 μὲν
3434 5568 3571 5640 εὐχὴ
3619 5568 3710 5623 τὸν

2139 5645 2327 5711 ὕπνον,
2359 5647 2388 5698 ό
2417 5644 2474 5699 δὲ
2498 5645 2667 5712 ὕπνος
2698 5647 2775 5719 τῷ
2810 5650 3057 5706 νοσοῦντι
3082 5654 3184 5725 τὴν
3211 5658 3513 5729 σωτηρίαν.
3536 5661 3711 5717 Πέντε

2139 5739 2246 5806 γὰρ
2268 5739 2362 5790 καὶ
2389 5739 2593 5791 είκοσιν
2636 5740 2851 5811 ἡμέρας
2907 5742 3227 5811 διατελέσας
3269 5746 3496 5815 ἄϋπνος,
3550 5749 3710 5823 ,ῦπνῳ

2139 5831 2258 5883 τότε
2291 5830 2448 5900 βαθεῖ
2477 5831 2798 5904 συνεσχέθη.
2833 5834 2913 5890 Τὰ
2947 5836 3003 5890 δὲ
3028 5839 3313 5909 παιδάρια,
3355 5843 3485 5915 περὶ
3531 5847 3705 5915 μεσας
