4080 6374
235 447 352 510 253

1216 449 1397 510 VITA
1440 450 1498 511 S.
1548 449 1935 510 GBEGORII
1973 453 2518 520 AGRIGENTINI.

3405 454 3515 520 254

229 559 390 628 αύτῷ
425 557 797 629 προσελθόντα
835 557 1059 625 νύκτας,
1090 557 1250 630 εὖρον
1289 560 1368 624 ὡς
1401 560 1430 612 6
1463 560 1565 630 μὲν
1591 561 1828 633 πυρετὸς

1937 565 2190 621 noctibus
2216 567 2569 632 assistebant,
2598 566 2795 623 febrim
2819 565 3136 635 recessisse,
3166 575 3224 624 et
3243 579 3513 637 aegrotum

233 650 573 718 ἀπελήλατο,
601 653 632 704 6
659 651 719 705 δὲ
740 650 916 705 νοσῶν
939 651 1150 725 ἔρρωτο
1170 668 1184 683 ι
1216 646 1301 717 οἷς
1324 654 1352 706 6
1384 653 1658 725 μακάριος
1686 669 1827 725 παρ-

232 740 464 803 αινισας
515 742 638 813 Θεῷ
681 742 783 813 τὴν
809 744 973 813 χάριν
1010 743 1116 812 τῆς
1172 743 1475 814 θεραπείας
1516 745 1827 814 ὁμολογεῖν,

234 831 403 895 αὐτὸς
431 832 515 885 ἐτι
545 833 648 902 τῆς
676 834 845 903 εῠχῆς
880 835 1094 905 καὶτῆς
1130 836 1445 906 ἀγρυπνίας
1469 836 1668 908 εἴχετο.
1693 836 1832 910 Περὶ

232 924 292 974 δὲ
317 923 424 985 τὰς
454 923 688 987 ἑωθινὰς
727 925 872 995 ᾠδὰς
907 925 1179 995 θυμιῶντι
1207 927 1287 997 τῷ
1314 929 1574 999 μακαρίῳ
1618 929 1831 999 ἀνεπή-

234 1016 370 1085 δησέ
397 1032 458 1068 τε
479 1018 508 1069 ὀ
529 1016 851 1085 Μαρκιανὸς
875 1015 974 1087 τῆς
998 1017 1212 1088 κλίνης,
1236 1020 1331 1072 καὶ
1358 1020 1490 1089 παρ’
1518 1020 1715 1074 ἑαυτοῦ
1738 1021 1830 1075 τὸν

239 1111 543 1180 ἑασάμενον
591 1111 940 1179 κατανοήσας
997 1112 1093 1165 καὶ
1144 1113 1401 1182 ἐπιγνοὺς
1451 1115 1829 1186 προσέπιπτεν

236 1200 410 1255 αὐτοῦ
440 1204 556 1263 τοῖς
588 1201 717 1254 ποσὶ
756 1203 850 1255 καὶ
865 1203 1301 1273 περιεπτύσσετο
1326 1205 1549 1269 τούτους
1576 1222 1590 1237 ο
1619 1208 1710 1260 τὸν
1738 1207 1830 1261 διὰ

239 1294 597 1363 πραγμάτων
626 1293 795 1347 αὐτὸν
840 1294 1095 1347 σώσαντα
1130 1295 1341 1366 ῥήμασι
1372 1297 1631 1369 χρηστοῖς
1666 1298 1830 1369 ἀμει-

240 1386 499 1454 δόμενος,
530 1385 725 1440 ἔπειτα
745 1386 802 1440 δὲ
827 1386 1001 1451 ἑστὼς
1035 1388 1265 1458 συνῇδεν
1310 1389 1462 1460 αὐτῷ
1505 1390 1616 1443 τῶν
1643 1388 1830 1460 ὓμνων

240 1476 310 1528 τὰ
342 1475 627 1528 ἐπίλοιπα.
681 1475 837 1529 Ἐπεὶ
860 1475 917 1528 δὲ
956 1474 1111 1539 τέλος
1145 1476 1179 1546 ἡ
1223 1476 1470 1550 ὑμνῳδεα
1527 1476 1829 1547 ἐλάμϐανε,

243 1566 606 1630 καθεσθέντες
624 1568 705 1631 εἰς
736 1566 931 1635 λόγους
950 1565 1149 1637 ᾔεσαν.
1194 1566 1513 1631 Ἐθαύμαζε
1541 1567 1597 1620 δὲ
1623 1569 1649 1621 ό
1674 1568 1834 1639 Μαρ-

242 1657 431 1718 κιανὸς
448 1657 546 1725 οἴῳ
571 1656 966 1723 συγκέκλειστο
1015 1657 1044 1710 6
1076 1656 1352 1726 μακάριος
1395 1656 1570 1726 τόπῳ,
1601 1655 1751 1717 ὅπως
1773 1672 1832 1707 τε

239 1748 451 1811 ἄπνους
467 1749 562 1801 καὶ
588 1747 836 1819 ἀφεγγὴς
861 1743 954 1819 ἦν,
994 1747 1111 1801 λίαν
1163 1747 1256 1801 τὸν
1287 1746 1609 1802 ἐνοικοῦντα
1635 1746 1832 1803 λυπεῖν

235 1838 564 1905 δυνᾶμενος.
627 1838 738 1892 Καὶ
788 1837 960 1893 ταῦτα
1012 1839 1111 1908 μὲν
1140 1839 1341 1891 ἐκεῖνοι
1393 1837 1533 1910 πρὸς
1565 1837 1832 1901 ἀλλῦλους
1872 1866 1877 1871 ε

236 1929 511 1999 ὡμίλουν.

1932 657 2281 713 convaluisse
2338 665 2684 728 repererunt.
2723 656 2833 716 llos
2856 659 2942 714 vir
2987 669 3213 719 sanctus
3270 661 3512 727 monuit,

1931 746 1999 801 de
2026 758 2244 816 recepta
2267 751 2499 805 sanitate
2524 751 2727 822 gratias
2751 750 2863 806 Deo
2886 751 3170 808 habendas
3192 767 3314 817 esse
3344 767 3359 806 :
3393 751 3513 822 ipse

1932 838 2153 893 interim
2219 839 2478 909 precibus
2534 856 2599 896 ac
2649 842 2851 913 vigiliis
2888 841 3138 897 vacabat.
3179 842 3518 898 Marcianum

1925 929 2206 1002 jucundus
2240 931 2423 988 denuo
2445 948 2674 988 somnus
2699 934 3020 1005 complexus
3061 943 3168 989 est.
3197 932 3355 990 Circa
3381 948 3514 991 vero

1932 1022 2233 1078 matutinas
2267 1024 2481 1091 laudes,
2538 1034 2733 1081 orante
2766 1026 2886 1080 viro
2942 1033 3158 1091 sancto,
3206 1025 3515 1081 Marcianus

1932 1114 2077 1170 lecto
2109 1115 2363 1185 prosiliit,
2393 1125 2452 1171 et
2471 1116 2567 1189 qui
2597 1134 2657 1174 se
2687 1127 2933 1181 sanarat,
2970 1132 3038 1172 ex
3081 1132 3141 1173 se
3170 1116 3516 1187 perspiciens

1935 1212 2101 1275 atque
2137 1219 2500 1274 cognoscens,
2552 1205 2675 1275 ejus
2700 1205 2770 1261 ad
2802 1207 2968 1277 pedes
3017 1206 3360 1277 provolutus.
3390 1205 3516 1261 illos

1933 1295 2373 1365 amplexabatur,
2410 1296 2707 1366 verbisque
2755 1298 2964 1368 quibus
3015 1306 3233 1367 poterat
3258 1297 3516 1368 gratiosis

1932 1379 2266 1439 beneﬁcium
2298 1384 2350 1438 in
2386 1399 2446 1440 se
2499 1385 2774 1452 sanitatis,
2811 1385 2960 1457 quod
3002 1397 3123 1442 erat
3174 1388 3502 1454 maximum,

1935 1473 2358 1530 munerabatur.
2428 1475 2678 1532 Subinde
2737 1491 2871 1532 vero
2930 1486 3105 1543 stans,
3145 1476 3357 1542 laudes.
3395 1492 3520 1548 quae

1935 1565 2162 1637 reliqua:
2208 1580 2387 1636 erant,
2431 1586 2556 1627 cum
2599 1573 2694 1628 illo
2727 1573 2891 1630 simul
2924 1574 3382 1645 prosequebatur.
3412 1574 3519 1631 Ubi

1935 1671 2069 1712 vero
2116 1656 2284 1715 dictio
2332 1660 2558 1717 laudum
2625 1662 2791 1719 linem
2849 1662 3086 1734 accepit,
3149 1665 3518 1736 sedentesque

1936 1747 2085 1819 loqui
2115 1764 2426 1821 coeperunt,
2462 1754 2769 1811 mirabatur
2793 1766 2980 1812 autem
3020 1756 3350 1825 Marcianus,
3380 1772 3519 1827 quo.

1940 1858 2063 1896 nam
2102 1845 2265 1899 modo
2324 1847 2407 1901 vir
2459 1846 2656 1903 beatus
2712 1848 2830 1904 illic
2893 1850 3191 1905 conclusus
3243 1859 3411 1915 esset,
3462 1860 3521 1904 et

1863 1930 1905 1986 Β
1937 1936 2219 2003 quomodo
2245 1938 2416 1993 silens
2442 1954 2633 1994 carere
2661 1955 2782 1996 sese
2809 1940 3018 1997 lumine
3048 1952 3352 2012 pateretur,
3387 1956 3518 1997 cum

235 2022 448 2092 alioqui
478 2023 863 2080 observantem
893 2038 975 2092 se,
1041 2023 1232 2096 ibique
1289 2022 1693 2080 inbabitantem
1739 2021 2060 2093 gravissime
2127 2036 2314 2095 posset
2350 2028 2669 2086 oli‘endere?
2708 2032 2775 2088 Et
2842 2032 2959 2087 haec
3019 2032 3240 2102 quidem
3303 2032 3380 2089 illi
3435 2033 3521 2088 in-

242 2115 427 2171 vicem
459 2116 853 2187 loquebantur.

308 2211 458 2264 MB'.
490 2210 553 2263 Οἱ
579 2210 637 2263 δὲ
663 2210 959 2264 ἐπίσκοποι
992 2209 1041 2262 οἱ
1072 2208 1295 2279 σύναμα
1324 2207 1634 2280 Μαρκιανῷ
1672 2207 1826 2279 παρὰ

236 2301 516 2371 βασιλέως
576 2302 889 2367 σταλέντες,
925 2301 1013 2371 ἐφ’
1044 2293 1090 2369 ᾧ
1134 2301 1203 2355 τὰ
1236 2299 1369 2371 περὶ
1408 2300 1716 2371 Γρηγορίου
1747 2299 1827 2359 εἰς

235 2396 474 2464 ἔρευναν
493 2395 748 2462 ἀγαγεῖν,
782 2397 864 2457 εἰς
886 2394 985 2464 τὴν
1005 2394 1188 2448 οἰκίαν
1219 2387 1367 2468 ᾗπερ
1393 2392 1485 2447 τὸν
1522 2393 1828 2462 σπαθάριον

234 2489 446 2554 ἐξένιζε
478 2490 793 2558 γεγονότες,
824 2490 948 2543 ἐπεὶ
980 2490 1078 2560 οὐχ
1116 2488 1280 2560 εὖρον
1306 2488 1470 2542 αὐτὸν
1502 2488 1829 2557 τεθνηκέναι

232 2580 337 2648 ἤδη
379 2580 478 2632 καὶ
521 2583 667 2649 ταφῇ
690 2580 917 2650 δοθῆναι
944 2582 1037 2633 τον
1063 2579 1234 2649 ἄνδρα
1255 2579 1606 2651 νομίσαντες,
1630 2578 1830 2651 ᾔδεσαν

233 2673 366 2742 γὰρ,
393 2672 457 2725 τὸ
487 2672 589 2741 τῆς
641 2672 794 2736 θείας
851 2674 1018 2743 φάναι
1060 2672 1307 2743 Γραφῆς.
1358 2671 1631 2744 κραταιὰν
1658 2665 1831 2741 ξεῖναι

234 2764 335 2832 τὴν
367 2764 691 2836 ἀρρωστίαν
721 2765 913 2829 αὐτοῦ,
950 2765 1242 2837 συμφορὰν
1272 2763 1560 2818 ἐποιοῦντο
1591 2764 1653 2817 τὸ
1687 2765 1831 2835 πρᾶ-

233 2872 382 2924 γμα,
410 2859 510 2908 καὶ
542 2856 769 2929 θρήνοις
794 2856 1026 2926 εἴχοντο,
1055 2856 1146 2910 τόν
1178 2872 1234 2909 τε
1261 2854 1418 2925 φίλον
1454 2854 1831 2922 ἁποκλαιόμε-

237 2964 341 3008 vos,
366 2950 462 3001 καὶ
492 2949 611 3018 ἅμα
636 2948 697 3002 τὺ
729 2948 808 3019 μὴ
870 2949 1109 3018 μετρίως
1138 2946 1312 3001 οἴσειν
1344 2946 1435 3000 τὸν
1491 2946 1743 3017 βασιλέα,
1772 2947 1832 3000 ἐν

238 3039 529 3110 προσθήκῃ
555 3041 656 3108 τῆς
693 3042 979 3112 συμφορᾶς
1024 3039 1326 3109 τιθέμενοι.
1364 3038 1523 3092 Οὕτω
1572 3032 1681 3092 τῶν
1747 3039 1837 3091 dv-

237 3133 382 3202 δρῶν
433 3132 884 3202 ὀλοφυρομένων,
933 3132 1043 3186 ίδοῦ
1076 3134 1171 3185 καὶ
1204 3130 1311 3184 τῶν
1353 3131 1706 3202 θεραπόντων
1737 3129 1833 3183 τοῦ

242 3224 554 3294 σπαθαρίου
606 3222 715 3291 εἷς,
776 3224 966 3295 δρόμῳ
1021 3224 1121 3293 τῆς
1160 3222 1411 3293 φυλακῆς
1438 3220 1835 3294 παραγεγονὼς

239 3316 359 3370 λύει
390 3316 486 3370 τὸν
523 3314 723 3388 θρῆνον
744 3316 1044 3384 εὐάγγελος
1076 3317 1263 3379 αὐτοῖς
1293 3315 1507 3384 φανεὶς,
1534 3315 1630 3371 καὶ
1657 3316 1835 3369 πάντα

2004 2208 2235 2265 XLVIII.
2266 2211 2437 2267 Porro
2464 2212 2730 2284 episcopi,
2759 2213 2854 2284 qui
2902 2213 2971 2269 ab
3036 2228 3161 2283 rege
3217 2228 3343 2268 eum
3377 2213 3522 2269 Mar-

1931 2301 2090 2356 ciano
2112 2302 2264 2357 missi
2298 2303 2533 2368 Iuerant,
2584 2314 2643 2360 ut
2693 2304 2941 2374 Gregorii
2963 2320 3183 2361 causam
3226 2304 3522 2376 ποωειίυηί

1932 2405 2097 2463 atque
2124 2394 2336 2465 judicio
2390 2394 2720 2460 subderent,
2776 2395 3006 2451 domum
3061 2396 3154 2452 ubi
3212 2396 3525 2453 Marcianus

1933 2485 2317 2542 diversabatur
2340 2486 2591 2557 profecti,
2628 2488 2936 2543 camillum
2990 2488 3218 2544 minime
3271 2489 3521 2545 invenis-

1933 2589 2078 2641 sent,
2108 2594 2367 2650 supremo
2392 2580 2505 2635 fato
2526 2581 2888 2647 concessisse,
2913 2582 3307 2653 hominemque
3334 2584 3525 2653 sepul-

1933 2684 2029 2724 cro
2095 2668 2377 2723 conditum
2435 2669 2839 2736 existimantes,
2897 2671 3151 2727 sciebant
3219 2673 3369 2727 euim
3423 2674 3529 2743 (ut

1932 2759 2118 2815 verbis
2171 2769 2294 2815 utar
2344 2760 2667 2834 Scriptum)
2700 2762 3081 2834 aegritudinem
3118 2766 3241 2836 ejus
3289 2780 3515 2836 gravem

1939 2867 2112 2909 esse:
2149 2854 2393 2910 tulerunt
2456 2854 2698 2925 graviter
2743 2864 2799 2911 et
2859 2857 3082 2921 acerbe,
3140 2856 3411 2927 luctuque
3460 2872 3526 2913 ac

1936 2948 2190 3016 squalore
2216 2947 2406 3011 obsiti,
2436 2947 2599 3004 amisi
2629 2948 2842 3004 obitum
2888 2947 3188 3005 deﬂebant.
3223 2951 3304 3005 Ad
3354 2964 3522 3020 quam

1936 3038 2160 3109 quidem
2210 3040 2576 3096 calamitatem
2649 3056 2762 3097 non
2834 3042 3086 3113 exiguam
3148 3043 3525 3099 accessionem

1937 3131 2195 3200 faciebat,
2260 3133 2409 3202 quod
2463 3132 2881 3191 arbitrabantur
2941 3135 3051 3192 hoc
3108 3150 3294 3209 regem
3334 3137 3528 3208 inique

1936 3223 2232 3280 admodum
2263 3239 2383 3280 esse
2408 3224 2671 3280 laturum.
2701 3224 2949 3295 Cumque
2980 3226 3054 3282 ita
3100 3220 3208 3283 viri
3263 3227 3356 3284 isti
3391 3242 3532 3284 me

1941 3332 2068 3373 rore
2102 3315 2529 3382 conﬁcerentur,
2585 3333 2716 3374 ecce
2769 3318 2869 3374 tibi
2936 3334 3079 3376 unus
3139 3336 3206 3377 ex
3258 3322 3521 3378 Marciani

239 3408 371 3482 ἑξῆς
400 3408 575 3464 εἰπὼν
619 3410 713 3463 τόν
765 3425 826 3463 τε
874 3406 1170 3479 ίασόμενον
1229 3409 1326 3462 καὶ⁵
1375 3408 1469 3463 τὸν
1500 3408 1598 3478 τῆς
1644 3408 1835 3472 ἰάσεως

1948 3407 2237 3474 ministris,
2263 3423 2429 3465 cursu
2484 3419 2631 3466 recta
2665 3409 2976 3467 custodiam
3033 3420 3227 3483 petens
3283 3413 3530 3469 dolorem

239 3504 471 3574 τρόπον,
502 3501 644 3555 ἀλλὰ
680 3501 790 3573 μὴν
826 3503 924 3556 καὶ
958 3500 1052 3555 τὸν
1098 3500 1265 3555 τόπον
1309 3499 1439 3555 ἔνθα
1472 3501 1568 3553 καὶ
1596 3499 1691 3553 νῦν
1729 3498 1835 3563 ἔτι,

244 3595 436 3667 φησιν,
465 3593 707 3664 ὑπάρχει
737 3591 815 3663 τῷ
861 3592 1147 3664 ίασαμένῳ
1190 3591 1565 3663 προσομιλῶν.
1631 3592 1696 3645 Oi
1750 3591 1832 3658 δὲ,

242 3685 420 3739 ταῦτα
457 3685 819 3751 ἀκούσαντες,
864 3685 1022 3755 τάχει
1075 3683 1258 3754 πολλῷ
1287 3683 1424 3754 πρὸς
1451 3684 1553 3754 τὴν
1584 3682 1838 3755 φυλακὴν

242 3778 434 3832 ἔθεον’
475 3771 602 3830 εἶτα
631 3776 727 3829 καὶ
776 3774 923 3829 ἔνδον
987 3775 1277 3847 γενόμενοι
1329 3775 1684 3846 εὑρίσκουσιν
1735 3775 1836 3846 μὲν

244 3871 412 3938 ἄμφω
442 3868 585 3939 μετά
635 3865 959 3939 Μαρκιανού
1003 3868 1096 3920 τὸν
1124 3867 1302 3938 μέγαν
1329 3865 1834 3938 συγκαθεζόμενον.

244 3961 599 4029 Ἐτιγνόντες
620 3960 679 4012 δὲ
701 3959 895 4015 τοῦτον
920 3962 1001 4024 είς
1031 3961 1136 4029 γῆν
1172 3962 1322 4032 παρὰ
1349 3961 1477 4024 τοὺς
1503 3959 1702 4023 αὐτοὺς
1735 3960 1837 4013 πό-

244 4049 339 4109 δας
376 4046 662 4112 πίπτουσι,
728 4047 825 4100 καὶ⁵
860 4043 1238 4117 συμμερισταὶ
1299 4046 1398 4116 τῆς
1438 4046 1643 4117 ἀρετῆς
1682 4046 1835 4117 αύτῷ

246 4144 339 4193 καὶ
370 4144 470 4212 τῆς
506 4141 661 4211 παρὰ
688 4139 826 4193 Θεοῦ
860 4141 1025 4212 εύχῆς
1055 4140 1311 4209 γενέσθαι
1345 4138 1657 4210 εὐξάμενοι,
1692 4157 1838 4212 παρ-

247 4234 571 4296 εκαθέζοίτο
598 4233 691 4285 καὶ
718 4233 894 4299 αὐτοὶ,
925 4233 994 4286 τά
1024 4249 1083 4284 τε
1118 4232 1255 4286 ἄλλα
1283 4232 1373 4285 τὸν
1422 4233 1726 4304 Γρηγόριον
1747 4233 1840 4284 ἐκ·

244 4326 635 4395 πληττόμενα,
659 4327 753 4377 καὶ
781 4325 930 4387 ὅπως
964 4325 989 4376 6
1015 4322 1263 4386 τοιοῦτος
1293 4324 1430 4395 πρός
1453 4341 1512 4377 τε
1542 4323 1641 4396 τὴν
1675 4341 1838 4377 συκο-

244 4421 481 4486 φαντέαν
515 4421 711 4491 πράως
744 4418 890 4473 οὕτω
918 4419 1156 4475 διέκειτο
1185 4421 1280 4472 καὶ
1307 4421 1368 4471 τὸ
1389 4419 1632 4489 ζοφῶδες
1658 4420 1837 4472 ἐκεῖνο

242 4509 336 4560 καὶ
378 4510 628 4563 σκοτινὸν
672 4508 948 4580 βάραθρον
977 4509 1053 4571 ὡς
1101 4509 1409 4578 περικαλλῆ
1439 4526 1563 4561 τινα
1594 4508 1837 4578 θάλαμον

240 4597 397 4668 ᾤκει.
443 4600 682 4669 Ἠροντο
716 4596 833 4663 οὖν,
893 4599 1062 4662 πόσος
1124 4599 1277 4670 αὐτῷ
1307 4602 1421 4665 τοῖς
1462 4599 1685 4671 δεσμοῖς
1735 4601 1837 4672 ἠδη

241 4692 437 4760 χρόνος
466 4691 657 4759 διῆλθε
685 4708 698 4722 ·
731 4693 829 4745 καὶ
851 4692 1116 4764 μαθόντες
1151 4692 1232 4746 ὅτι
1262 4692 1356 4746 δύο
1383 4694 1479 4764 ἔτη
1512 4696 1609 4747 καὶ
1652 4692 1833 4763 μῆνας

1940 3516 2160 3559 onmem
2200 3502 2484 3570 abstersit,
2544 3503 2727 3559 lectum
2798 3504 2908 3561 illis
2958 3507 3214 3561 nuntium
3272 3507 3530 3574 aﬂ‘erens,

1941 3592 2072 3650 dum
2102 3593 2285 3650 omnia
2323 3604 2436 3650 tum
2466 3596 2766 3662 medicum,
2801 3605 2915 3652 tum
2973 3598 3279 3656 curationis
3300 3600 3531 3655 modum

1941 3685 2221 3757 sigillatim
2297 3697 2610 3756 percenset,
2662 3688 2875 3745 addens
2934 3690 3101 3745 etiam
3176 3692 3381 3758 locum,
3433 3692 3529 3748 ubi

1941 3779 2252 3834 etiamnum
2304 3788 2500 3835 mutuo
2555 3781 2949 3852 loquebantur.
3008 3784 3104 3839 llis
3174 3784 3401 3852 auditis,
3460 3785 3533 3841 ad

1940 3868 2251 3925 custodiam
2303 3871 2475 3925 multa
2520 3872 2802 3928 celeritate
2834 3874 3212 3942 contendunt;
3241 3891 3353 3945 quo
3405 3891 3532 3931 cum

1943 3960 2347 4030 pervenissent,
2389 3961 2638 4031 ingressi,
2673 3964 2873 4021 ambos
2904 3966 3083 4020 virum
3108 3966 3373 4021 eximium
3402 3981 3530 4022 cum

1944 4053 2222 4108 Marciano
2251 4054 2536 4109 sedentem
2567 4055 2878 4112 oﬂendunt.
2934 4058 3116 4127 Ipsum
3152 4069 3335 4113 autem
3363 4072 3533 4130 agno-

1946 4147 2360 4217 scentes,juxta
2396 4146 2562 4226 pedes
2602 4146 2751 4202 illius
2797 4149 2950 4202 humi
2995 4148 3391 4226 procumbunt,
3441 4164 3532 4202 ro-

1945 4251 2158 4311 gantes,
2199 4250 2259 4295 ut
2287 4240 2380 4309 qui
2404 4224 2755 4297 communem
2795 4256 2914 4297 cum
2943 4242 3035 4296 illo
3057 4258 3085 4295 a
3115 4224 3337 4298 Christo
3370 4252 3530 4312 pote-

1944 4317 2143 4388 statem
2193 4335 2560 4403 accepissent,
2615 4336 2956 4405 precationis
3017 4350 3238 4406 quoque
3289 4334 3532 4390 elﬁcaeia

1946 4427 2276 4499 potirentur.
2304 4428 2643 4483 Assederttnt
2668 4436 2726 4483 et
2754 4428 2852 4493 illi,
2877 4429 3206 4499 Gregorium
3237 4443 3365 4484 cum
3408 4428 3535 4484 aliis

1945 4519 2014 4574 de
2041 4519 2223 4575 causis
2256 4518 2532 4586 admirati,
2575 4529 2688 4575 tum
2717 4522 2865 4590 quod
2917 4530 3029 4575 tam
3060 4531 3409 4575 mansuetum
3462 4520 3539 4576 ad

1948 4612 2257 4666 calumnias
2287 4626 2348 4668 se
2383 4621 2692 4681 praestaret,
2720 4622 2835 4667 tum
2865 4613 3031 4668 etiam
3069 4611 3217 4681 quod
3261 4611 3539 4668 obscurus

1952 4704 2045 4761 ille
2069 4718 2134 4758 ac
2159 4702 2487 4758 tenebrosus
2510 4718 2671 4759 cacer
2702 4704 2944 4759 thalamo
2969 4704 3187 4758 cuidam
3225 4702 3537 4774 pulcherri-

240 4781 541 4849 τέσσαρας,
581 4780 970 4851 ἐδυσχέραινόν
1022 4799 1079 4833 τε
1138 4783 1232 4835 καὶ
1266 4783 1470 4853 πολλὴν
1508 4783 1602 4836 τοῦ
1640 4785 1835 4841 πάππα

1945 4808 2035 4847 mo
2070 4791 2369 4862 persimilis
2430 4790 2738 4847 videretur.
2775 4792 3188 4863 Interrogantes
3239 4792 3429 4864 igitur,
3463 4808 3533 4848 ett

237 4870 511 4941 ὠμότητα
545 4874 981 4941 κατεγίνωσκον.

1953 4896 2064 4951 quo
2099 4888 2344 4948 tempore
2394 4879 2449 4934 in
2493 4883 2710 4937 vincula
2745 4882 2941 4938 fuisset
2996 4883 3302 4952 coniectus,
3360 4897 3535 4937 unum

237 4974 410 5031 atque
440 4963 680 5018 alterum
714 4979 942 5029 annum,
999 4975 1238 5037 quatuor
1293 4976 1560 5037 praeterea
1620 4985 1839 5025 menses
1876 4985 1999 5026 esse
2072 4968 2485 5026 intellexerunt.
2528 4970 2684 5037 Quod
2732 4971 2814 5027 illi
2843 4986 2990 5044 aegre
3043 4972 3343 5027 admodum
3390 4975 3534 5032 tule.

236 5063 396 5111 runt.
432 5055 776 5123 nimiamque
807 5055 1083 5124 pontificis
1130 5058 1515 5113 crudelitatem
1558 5060 1965 5129 improbarent.

306 5147 451 5204 ΜΗ.
496 5149 889 5220 Ὠρμημένους
943 5150 999 5203 δὲ
1054 5151 1253 5214 αὐτοὺς
1307 5153 1536 5222 καὶτῆς
1588 5156 1841 5224 φαλακῆς

233 5241 464 5307 ἐξάγειν
496 5239 585 5292 τον
620 5239 778 5307 ἅγιον
798 5242 1008 5305 ἐκεῖνος
1040 5243 1275 5313 ἐπέσχε·
1321 5262 1340 5293 ι
1374 5244 1466 5314 Μή
1507 5261 1652 5309 τινα,
1682 5248 1839 5314 φησι,

233 5336 409 5404 ἡμεῖς
441 5351 502 5386 τε
542 5335 658 5396 τοῖς
681 5333 1015 5405 κατηγόροις
1069 5334 1243 5404 λαϐὴν
1273 5330 1476 5404 δῶμεν,
1546 5338 1641 5389 καὶ
1677 5338 1838 5390 αὐτοὶ

234 5427 467 5488 ἑαυτοῖς
504 5422 700 5495 μῶμον
733 5424 1201 5496 προστρίψησθεδ
1279 5425 1473 5481 Ἔνθεν
1506 5430 1843 5498 παραγίνονο

236 5532 331 5570 ται
378 5514 526 5584 πρὸς
558 5515 652 5567 τὸν
688 5513 924 5568 πάππαν
952 5513 1070 5585 ἃμα
1119 5514 1447 5587 Μαρκιανῷ.
1512 5515 1625 5569 Καὶ
1667 5514 1841 5578 οὕτως

236 5607 399 5677 αὐτῷ
430 5606 615 5659 πάντα
639 5605 710 5659 τὰ
739 5604 835 5659 τοῦ
870 5605 1153 5675 θαύματος
1199 5607 1421 5680 διεξῄει,
1465 5609 1551 5661 οἵα
1595 5625 1656 5661 τε
1691 5607 1843 5674 νόσος

237 5699 415 5753 αὐτὸν
451 5692 566 5766 εἶχε
616 5698 713 5751 καὶ
746 5697 885 5766 πρὸς
945 5698 1037 5751 τὸν
1092 5697 1324 5753 θάνατον
1371 5700 1593 5770 ἤλαυνε,
1654 5703 1750 5755 καὶ
1777 5696 1844 5771 ἧς

236 5795 408 5862 ἔτυχε
481 5791 611 5861 παρ’
664 5790 829 5844 αὑτοῦ
888 5791 1207 5862 θεραπείας.
1265 5792 1369 5845 Τὸν
1395 5793 1451 5846 δὲ
1509 5794 1842 5859 ἀκούσαντα,

241 5886 524 5956 μετάνοεὰ
555 5903 608 5938 τε
641 5884 838 5956 εῐσῇει,
871 5887 966 5940 καὶ
1002 5887 1106 5941 τῶν
1142 5890 1217 5951 εἰς
1248 5887 1337 5943 τὴν
1377 5888 1530 5957 ἅγιον
1555 5888 1846 5959 προπετῶς

2017 5153 2207 5209 XLIX.
2241 5154 2512 5208 Caeterum
2545 5169 2669 5207 cum
2725 5154 2965 5210 iivirum
3006 5162 3258 5209 sanctum
3306 5165 3533 5208 carcere

1945 5247 2203 5303 emittere
2247 5234 2595 5308 molirentur,
2627 5247 2740 5314 ipse
2777 5246 3081 5313 prohibuit,
3118 5244 3284 5313 idque
3329 5258 3410 5309 se,
3463 5259 3538 5298 ne

1941 5354 2107 5408 quam
2145 5337 2565 5393 accusatoribus
2595 5350 2783 5389 ansam
2817 5335 3108 5403 praeberet,
3160 5334 3339 5390 facere
3370 5334 3531 5391 dicti-

1945 5436 2119 5497 tabat,
2150 5447 2289 5486 neve
2323 5428 2745 5499 vituperationis
2774 5428 3010 5497 alicujus
3052 5427 3156 5496 ipsi
3206 5426 3313 5481 sibi
3340 5436 3532 5482 notam

1943 5522 2258 5577 inurerent.
2286 5520 2611 5576 Pontiﬁeem
2643 5517 2881 5572 subinde
2935 5531 3061 5571 cum
3100 5516 3380 5572 Marciano
3428 5531 3533 5586 pe-

1948 5622 2095 5677 tunt,
2133 5613 2227 5683 qui
2252 5612 2447 5667 ordine
2477 5624 2695 5665 omnem
2724 5608 2799 5664 illi
2831 5608 3085 5663 miraculi
3126 5605 3326 5664 seriem
3384 5606 3535 5661 edis-

1945 5708 2099 5773 serit,
2127 5703 2597 5777 quemadmodum
2633 5703 2686 5758 in
2741 5703 3023 5767 morbum,
3056 5718 3166 5773 quo
3223 5715 3393 5773 prope
3430 5715 3530 5755 ex-

1946 5802 2180 5856 stinctus
2212 5806 2319 5861 est,
2347 5796 2464 5867 ipse
2491 5796 2824 5861 incurrerat,
2858 5796 3187 5868 qualemque
3241 5793 3409 5850 fuerit
3457 5793 3529 5849 ab

1949 5890 2066 5958 ipso
2100 5890 2441 5945 curationem
2481 5895 2789 5944 assecutus.
2851 5885 2976 5942 llzec
3028 5887 3176 5943 illum
3209 5884 3525 5943 audientem
