4072 6390
484 324 595 392 255

1713 320 1995 383 MENSIS
2033 323 2481 387 NOVEMBER.

3645 319 3750 387 256

484 443 810 517 paenitentia
841 447 1028 499 secuta
1055 448 1161 503 est,
1188 448 1244 497 et
1287 456 1408 512 qua:
1459 440 1513 495 in
1562 441 1743 495 virum
1801 451 2052 497 sanctum
2085 476 2094 502 λ

2196 441 2542 514 Ξργασμένων
2567 440 2818 511 σφοδρῶς
2845 434 3042 494 ἑαυτοῦ
3069 438 3380 507 κατήγορος
3403 431 3492 509 ἦν,
3519 438 3612 493 καὶ
3634 440 3754 508 ἅμα

495 549 704 595 temere
727 535 1047 599 admiserat,
1079 533 1165 590 sui
1196 534 1504 590 acerrimus
1549 542 1839 590 accusator
1868 532 2070 599 factus,

492 627 963 701 reprehendebat,
1000 627 1304 698 faciemque
1333 627 1496 685 simul
1528 642 1652 683 cum
1692 623 1922 681 consilio
1950 639 2074 681 mu-

488 718 648 776 tavit.
679 718 930 777 Vidisses
960 719 1112 774 illum
1165 720 1349 774 animo
1376 718 1734 775 vehementer
1766 732 1887 773 esse
1919 732 2072 773 com-

490 818 724 873 motum,
750 826 943 881 graves
968 825 998 866 a
1030 826 1112 875 se,
1141 820 1396 881 tanquam
1414 810 1534 883 ejus
1550 810 1802 867 criminis
1822 818 2074 876 auctore,

500 917 691 973 poenas
721 901 965 974 exigere.
1027 902 1296 971 Quoniam
1357 917 1489 957 vero
1546 917 1674 958 eum
1732 910 2080 958 accusatores

496 1002 936 1058 anteverterunt,
970 993 1313 1065 Agrigentini
1343 1008 1561 1064 quoque
1622 1001 1736 1047 tum
1795 991 2077 1063 principes

500 1085 766 1147 civitatis.
827 1093 940 1139 tum
997 1084 1177 1154 plebei
1228 1083 1644 1154 quamplurimi,
1701 1084 2078 1155 cujuscunque

500 1170 715 1225 ordinis
736 1169 841 1224 viri
872 1169 1189 1241 frequentes
1223 1186 1329 1225 una
1364 1171 1528 1225 simul
1560 1171 1775 1227 sincera
1806 1172 1915 1227 ﬁde
1938 1172 2079 1227 obli-

2168 537 2234 605 τῇ
2271 535 2464 608 γνώμῃ
2514 537 2609 590 καὶ
2647 533 2746 605 τὴν
2801 533 3025 604 μορφὴν
3078 530 3396 593 ὴ).λοιοῦτο’
3447 530 3542 585 καὶ
3592 530 3757 600 δῆλος

2172 626 2385 695 ἐγίνετο
2409 625 2621 696 μεγάλα
2650 625 2750 697 τὴν
2771 625 2954 696 ψυχὴν
2985 623 3384 693 πληττόμενος,
3404 623 3499 677 καὶ
3529 623 3757 693 βαρείας

2176 717 2284 772 ὑπὸ
2333 716 2429 772 τοῦ
2485 715 2784 781 συνειδότος
2825 714 3289 786 εἰσπραττόμενος
3351 714 3451 777 τὰς
3500 712 3753 775 εὐθύνας.

2185 808 2276 874 Ὠς
2302 808 2362 864 ει
2393 808 2488 864 καὶ
2519 807 2822 863 κατέλαϐον
2850 807 2903 862 οἱ
2924 807 3248 877 κατήγοροι,
3276 800 3412 877 ἧκον
3445 804 3503 858 δὲ
3532 805 3627 858 καὶ
3648 806 3758 858 τῶν

2170 900 2620 973 Ἀκραγαντίνων
2645 899 3086 970 διαπεράσαντες
3150 897 3342 966 συχνοὶ
3386 896 3488 964 μὲν
3513 895 3624 949 τῶν
3653 896 3756 965 ἀρα

2176 991 2401 1061 χὸντων,
2433 992 2614 1063 συχνοὶ
2647 991 2704 1044 δὲ
2756 990 2853 1044 καὶ
2910 988 3020 1041 τῶν
3059 990 3402 1060 ἀρχομένων,
3464 987 3560 1040 καὶ
3630 988 3758 1040 ὅσον

2176 1076 2244 1150 ἦν
2268 1080 2514 1153 καθαρὸν
2563 1081 2663 1145 τῆς
2700 1076 3087 1149 συνωμωσίας,
3130 1077 3393 1146 μαθόντες
3429 1078 3487 1129 ἐν
3540 1067 3584 1143 ᾧ
3612 1071 3680 1145 ἦν
3728 1075 3758 1129 6

2182 1171 2338 1241 ἅγιος
2361 1170 2785 1241 καθειργμένος,
2819 1170 3024 1239 σπουδῇ
3058 1167 3195 1239 πρὸς
3250 1166 3414 1222 αὑτὸν
3462 1165 3760 1236 ἀφικνοῦν-

500 1260 611 1334 gati
677 1260 1062 1317 advenerant:
1117 1261 1408 1317 audientes
1461 1261 1684 1317 ubinam
1726 1262 1813 1317 vir
1854 1272 2080 1318 sanctus

2196 1281 2299 1331 rat,
2334 1258 2422 1318 οἷα
2442 1263 2688 1332 φίλτατοι
2745 1263 2935 1326 παίδες
2986 1262 3246 1329 φίλτατον
3294 1261 3389 1313 καὶ
3436 1260 3525 1316 διὰ
3561 1259 3755 1329 χρόνου

502 1355 725 1409 vinetus
756 1352 1120 1416 detineretur,
1181 1354 1247 1408 ad
1307 1353 1460 1409 illum
1505 1361 1783 1408 maturant
1824 1353 2081 1410 celeriter

2196 1355 2396 1427 πατέρα
2425 1354 2714 1426 θεώμενοι,
2738 1353 2834 1407 καὶ
2862 1352 3067 1424 πολλὴν
3089 1352 3172 1406 δτι
3191 1351 3328 1421 πρὸς
3357 1351 3522 1405 αὑτδν
3555 1351 3761 1405 ἐπιδειο

502 1443 801 1513 proficisci,
827 1450 884 1498 et
910 1452 1167 1512 tanquam
1203 1442 1297 1498 lilii
1325 1443 1636 1499 cbarissimi
1669 1459 1797 1498 eum
1853 1442 1947 1513 qui
1972 1441 2078 1498 sibi

2196 1446 2410 1509 ινύντες
2437 1444 2590 1501 αίδώ.
2620 1445 2775 1499 Ἐπεὶ
2804 1444 2863 1498 δὲ
2911 1443 2987 1515 μὴ
3016 1443 3217 1506 πάντες
3267 1442 3587 1512 περιϐαλεῖν
3626 1441 3762 1511 μηδὲ

510 1549 613 1605 pro
640 1543 888 1604 tempore
914 1534 1308 1591 dilectissimus
1339 1533 1498 1589 Pater
1523 1534 1828 1598 exstiterat,
1860 1533 2083 1589 intuen-

2196 1538 2409 1606 κρατεῖν
2437 1536 2565 1600 τοὺς
2624 1533 2794 1599 αὑτοῦ
2828 1534 2995 1598 πόδας
3028 1531 3239 1603 ἴσχυον,
3293 1532 3583 1604 πόρρωθεν
3634 1530 3757 1584 επι-

502 1639 609 1691 tes,
669 1627 862 1697 majori
907 1640 1018 1697 quo
1079 1633 1334 1696 poterant
1389 1626 1598 1680 honore
1649 1641 1714 1681 ac
1765 1627 2075 1681 reverentia

2196 1645 2317 1681 πτον
2359 1628 2454 1681 καὶ
2513 1629 2571 1679 τὸ
2622 1626 2824 1695 ἔδαφος
2879 1623 3285 1697 προσεκύνουν,
3313 1622 3527 1694 ῥήμασί
3568 1640 3628 1676 τε
3668 1622 3764 1675 καὶ

503 1719 1001 1791 prosequebantur.
1027 1716 1133 1774 Sed
1179 1732 1302 1772 cum
1331 1732 1522 1773 omnes
1549 1718 1667 1788 ejus
1705 1716 2080 1787 circumplecti

2196 1717 2450 1787 δάκρυσιν
2489 1718 2564 1782 ὡς
2612 1716 2730 1771 ὲνὶν
2775 1715 2839 1770 τὸ
2911 1715 3141 1785 φίλτρον
3197 1713 3656 1785 παραδηλοῦντες,
3703 1713 3765 1767 Ὀ

502 1817 598 1864 aut
622 1818 809 1864 tenere
848 1807 1019 1879 pedes
1050 1808 1365 1878 nequirent,
1409 1807 1571 1877 longe
1612 1806 1774 1877 positi
1830 1823 1888 1861 se
1920 1806 2081 1860 incli-

2196 1809 2392 1879 πατὴρ,
2431 1809 2706 1877 λέγοντες,
2758 1808 2787 1862 6
2813 1807 3129 1878 ἀρχιερεὺς,
3171 1808 3200 1859 6
3236 1805 3445 1875 σωτὴρ,
3480 1804 3554 1875 μὴ
3594 1821 3764 1857 κατε-

502 1902 729 1963 nabant,
753 1910 809 1956 et
834 1909 946 1955 tum
968 1899 1172 1967 verbis,
1205 1908 1319 1954 tum
1340 1897 1597 1969 lacrymis
1626 1898 1799 1953 solum
1833 1897 1964 1952 illud
1992 1912 2086 1952 ve-

2196 1901 2353 1972 λίπῃς
2381 1902 2551 1971 ἡμᾶς,
2578 1900 2717 1971 μηδὲ
2742 1899 2841 1970 τῆς
2873 1898 3070 1966 ὀλίγων
3096 1899 3295 1961 κακίας
3326 1899 3422 1952 καὶ
3449 1896 3513 1950 τὸ
3541 1895 3767 1965 σύμπαν

504 1992 861 2056 nerabantur,
898 1991 1235 2061 nimiamque
1263 1991 1316 2044 in
1361 1990 1511 2045 illum
1561 1989 1766 2045 amoris
1798 1989 2089 2044 vehemen-

2196 1994 2353 2064 ἡμεῖς
2406 1991 2614 2060 πλῆθος
2647 1990 3188 2061 παραπολαύσωμεν.
3246 1990 3423 2054 Πολὺς
3455 1989 3549 2044 νῦν
3578 1991 3766 2044 ἕνεκεν

509 2085 642 2139 tiam
675 2098 789 2154 prae
843 2098 904 2139 se
938 2081 1188 2137 ferebant
1232 2081 1517 2139 dicentes:
1552 2082 1731 2144 Pater,
1761 2081 1998 2151 pontifex
2031 2090 2087 2135 et

2196 2083 2284 2136 σοῦ
2315 2084 2647 2153 περιέστηκε
2681 2082 2878 2153 θρῆνος
2906 2083 3006 2153 τὴν
3036 2083 3213 2147 πόλιν,
3261 2082 3545 2154 ὀδύρονται
3574 2082 3632 2136 δὲ
3662 2083 3770 2152 κῆ·

504 2181 776 2238 εετνοιοτ,
808 2189 877 2229 ne
910 2189 1012 2229 nos
1054 2172 1296 2236 deseras,
1344 2187 1523 2242 neque
1579 2170 1739 2226 nobis
1785 2186 2083 2240 Paucorum

2196 2192 2303 2246 ραι,
2328 2173 2614 2243 ὀδύρονται
2649 2174 2748 2243 μὲν
2769 2174 3020 2244 ὀρφανοὶ,
3046 2173 3332 2244 ὀδύρονται
3363 2173 3597 2242 πένητες
3630 2174 3676 2226 οἱ
3707 2173 3768 2225 τὸ

507 2265 751 2331 pravitas
781 2263 1052 2318 universae
1080 2262 1424 2318 multitudini
1472 2261 1649 2316 fraudi
1690 2270 1788 2315 aut
1814 2260 1949 2315 vitio
1988 2261 2087 2315 de-

506 2361 618 2409 tur.
643 2353 847 2409 Multus
876 2370 1021 2410 nunc
1051 2355 1318 2409 tui‘causa
1365 2354 1571 2417 luctus,
1632 2353 1825 2407 urbem
1888 2352 2090 2405 immu-

509 2446 665 2501 tavit.
702 2445 917 2516 Lugent
943 2448 1201 2516 orphani,
1234 2447 1525 2501 tristantur
1578 2445 1780 2511 vidum,
1817 2460 2090 2515 pauperes

513 2533 913 2590 lamentantur.
952 2536 1058 2603 Qui
1118 2552 1348 2606 corpore
1395 2545 1524 2591 sunt
1587 2535 1727 2591 male
1766 2537 2088 2599 constituto,

510 2626 721 2696 quique
773 2627 1017 2681 animum
1081 2629 1224 2683 male
1273 2627 1530 2684 aﬂectum
1586 2628 1811 2691 habent,
1858 2627 1949 2683 alii
1999 2642 2094 2698 pa-

511 2725 675 2781 trem,
710 2717 802 2773 alii
832 2721 1118 2790 praesidem
1167 2730 1225 2776 et
1273 2730 1591 2793 patronum,
1624 2719 1873 2777 nonnulli
1931 2725 2096 2776 benc-

510 2810 797 2879 factorem,
821 2814 1046 2884 plurimi
1078 2823 1193 2870 tum
1217 2815 1385 2870 animi
1413 2826 1525 2871 tum
1547 2814 1795 2886 corporis
1818 2815 2091 2871 medicum

513 2901 808 2974 inquirunt
843 2915 900 2963 et
923 2917 1203 2978 repetunt.
1234 2908 1303 2964 Et
1334 2908 1449 2964 lucc
1469 2907 1693 2980 quidem
1736 2914 1822 2964 est
1852 2921 2094 2978 praésens

513 2992 757 3050 civitatis
781 2994 973 3063 facies,
1014 3012 1137 3068 quae
1177 3006 1436 3069 tanquam
1464 2998 1671 3070 ingenti
1717 3007 1878 3054 terra
1935 3005 2091 3053 motu

2194 2265 2355 2337 σῶμα
2421 2265 2704 2335 μαλακῶς,
2764 2266 2815 2318 oi
2842 2265 2944 2328 τὰς
2993 2265 3173 2337 ψυχὰς
3209 2266 3397 2328 κακῶς
3443 2264 3681 2335 ἔχοντες,
3715 2265 3767 2315 οἱ

2195 2358 2296 2424 μὲν
2331 2355 2423 2409 τὸν
2484 2356 2724 2427 πατέρα,
2791 2357 2841 2409 οἱ
2883 2354 2942 2410 δὲ
2974 2356 3062 2408 τὸν
3095 2357 3427 2426 προστατην,
3485 2358 3533 2410 οἱ
3566 2356 3626 2408 δὲ
3678 2358 3768 2408 τῗιν

2192 2448 2511 2519 εὐεργέτην,
2533 2449 2582 2501 οἱ
2625 2447 2681 2501 δὲ
2713 2446 2811 2500 τὶν
2865 2446 2975 2500 τῶν
3008 2444 3199 2516 ψυχῶν
3230 2445 3523 2515 ζητοῦντες
3547 2445 3642 2499 καὶ⁵
3666 2462 3770 2498 σω-

2199 2540 2386 2609 μάτων
2406 2538 2750 2611 θεραπευτήν
2775 2554 2789 2569 ο
2844 2538 2940 2591 καλ⁸
2972 2537 3070 2590 νῦν
3101 2538 3159 2590 τὺ
3201 2538 3388 2608 σχῆμα
3416 2539 3515 2606 τῆς
3541 2538 3771 2599 πόλεως,

2195 2631 2437 2703 ὡσπερεὶ
2488 2631 2704 2703 σεισμῷ
2753 2631 2976 2703 μεγάλῳ
3031 2631 3510 2703 κατασεισθείσηε,
3562 2631 3596 2702 ἢ
3644 2631 3773 2695 τοὺς

2196 2724 2443 2795 πύργους
2471 2724 2713 2794 πολέμου
2742 2722 2894 2795 νόμῳ
2916 2722 3363 2795 καταϐληθήσης.
3388 2725 3575 2778 Ταῦτα
3595 2722 3780 2776 πάντα·

2193 2812 2381 2877 λύσεις
2440 2813 2768 2882 ἐπιφανείς·
2828 2813 3165 2883 ἔπιφανήσει
3214 2813 3271 2867 δὲ
3326 2813 3570 2877 πάντως,
3598 2812 3774 2868 είκαὶ

2199 2904 2365 2976 μόνον
2392 2904 2606 2976 βούλει*
2640 2905 2717 2969 ὡς
2752 2905 2829 2960 ίδε
2854 2905 2952 2961 καὶ
2973 2906 3137 2977 ἡμεῖς
3170 2904 3374 2969 πάντες
3426 2905 3524 2960 σὺν
3565 2905 3651 2959 σοὶ
3675 2904 3776 2960 καὶ

2198 2995 2384 3052 θανεῖν
2411 2998 2645 3068 ἕτοιμοι.
2665 2996 2860 3052 Ταῦτα
2922 2997 3022 3070 μὶν
3051 2996 3113 3052 τὸ
3165 2996 3374 3070 πλῆθος
3422 2993 3512 3053 οἷα
3544 2997 3750 3069 σφόδρα

516 3101 809 3149 concussa.
852 3090 938 3145 vel
965 3091 1214 3147 turribus
1240 3091 1365 3163 jure
1418 3090 1551 3148 belli
1613 3089 1864 3163 deiectis,
1901 3089 2094 3161 despe-

2196 3089 2442 3155 διακαῶς
2464 3090 2633 3145 αὑτοῦ
2659 3090 2900 3163 ἔχοντες.

514 3188 607 3233 eta
636 3177 802 3247 jacet.
840 3179 990 3244 Haec,
1024 3180 1070 3236 si
1098 3189 1151 3236 te
1183 3181 1241 3235 in
1289 3180 1447 3237 urbis
1498 3188 1798 3253 conspectu
1848 3179 2093 3245 dederis,
2133 3180 2318 3238 omnia
2362 3181 2646 3238 reatitues.
2724 3181 2803 3237 ηιξ
2853 3189 3060 3247 autem,
3120 3187 3335 3236 tantum
3420 3179 3467 3236 si
3515 3180 3776 3250 volueris,

513 3270 828 3327 illucesces.
878 3271 992 3327 Nos
1065 3271 1343 3342 siquidem
1398 3288 1590 3330 omnes
1653 3283 1835 3330 tecum
1880 3273 2091 3340 vivere,
2134 3281 2314 3329 tecum
2354 3274 2491 3329 mori
2555 3274 2731 3344 parati
2795 3289 3009 3330 sumus.
3047 3272 3173 3330 Haac
3206 3272 3429 3344 quidem
3459 3271 3778 3328 multitudo.

517 3360 599 3417 uti
628 3361 919 3430 impotenti
942 3362 1093 3418 illius
1122 3363 1358 3436 flagrans
1389 3364 1691 3430 desiderio,
1719 3365 1961 3423 dicebat.

587 3451 647 3507 L.
681 3451 887 3509 Coacto
918 3469 1050 3510 vero
1080 3455 1150 3511 ad
1180 3457 1352 3513 adem
1382 3458 1493 3513 divi
1525 3458 1802 3529 Hippolyti
1836 3457 2092 3525 concilio,

517 3546 611 3615 qui
640 3545 795 3601 locus
819 3544 1102 3615 proximus
1125 3556 1243 3603 erat
1265 3550 1494 3613 carceri,
1522 3550 1751 3605 aderant
1776 3566 1944 3621 prope
1968 3565 2097 3605 cen-

519 3648 637 3694 tum
683 3653 747 3693 ac
795 3640 1192 3711 quinquaginta
1238 3642 1519 3713 episcopi,
1564 3658 1800 3713 quorum
1846 3644 2097 3699 nonnulli

517 3731 589 3786 ab
632 3728 860 3786 Oriente
905 3742 1209 3807 venerant,
1255 3733 1399 3789 inter
1444 3750 1585 3804 quos
1631 3732 2028 3791 Constantinus
2065 3751 2097 3790 a

518 3824 723 3880 libellis
747 3823 927 3896 magni
997 3824 1405 3895 arebipmulis
1440 3826 1591 3883 vices
1631 3826 1837 3882 obibat.
1882 3827 2099 3897 Indige-

525 3929 718 3984 naeque
758 3915 1015 3970 monachi
1064 3931 1255 3972 omnes
1299 3917 1354 3972 in
1402 3917 1651 3974 ordinem
1699 3918 1925 3982 redacti,
1960 3919 2099 3975 ordo

522 4005 654 4061 item
689 4003 947 4061 Ecclesiae
976 4005 1288 4069 universus,
1329 4021 1542 4062 necnon
1589 4007 1799 4077 reliqua
1833 4009 1947 4064 fere
1983 4023 2101 4063 om-

524 4096 615 4151 nis
663 4094 818 4152 urbis
873 4094 1205 4159 multitudo,
1266 4096 1400 4151 illuc
1456 4094 1817 4151 confluxerat.
1865 4094 2101 4153 Omnino

523 4195 704 4242 autem
732 4186 970 4254 Marcus,
993 4201 1057 4242 ac
1076 4187 1168 4242 alii
1197 4194 1462 4258 praeterea
1486 4186 1735 4258 quinque
1762 4186 2096 4248 sacerdotes.

523 4275 617 4346 qui
647 4275 972 4347 Gregorium
1001 4287 1308 4343 accersant,
1354 4292 1594 4347 eumque
1638 4277 1851 4349 judicio
1879 4279 2099 4334 concilii

525 4367 743 4431 sistant,
778 4366 1147 4425 destinantur.
1182 4366 1288 4434 Qui
1333 4382 1460 4423 cum
1491 4377 1691 4439 pratsto
1722 4367 2011 4437 adfuisset,
2043 4371 2100 4424 in

525 4464 730 4514 terram
776 4466 861 4514 ter
905 4473 967 4514 se
1013 4457 1310 4524 inclinans,
1352 4473 1575 4514 reorum
1622 4474 1776 4516 more
1823 4460 2095 4518 substitit.

527 4551 698 4607 Porro
760 4551 1027 4620 prmsules
1091 4549 1409 4621 quicunque
1474 4551 1643 4620 paulo
1710 4551 2101 4610 clementiores

524 4648 705 4706 erant,
733 4640 864 4697 dum
909 4655 1031 4712 quae
1061 4651 1382 4712 agerentur,
1425 4642 1806 4708 intuebantur,
1847 4645 2104 4718 lacrymis

528 4733 720 4790 oculos
745 4734 1170 4805 perfundehant.
1200 4735 1408 4806 lmpuri
1436 4749 1658 4807 quoque
1685 4735 1962 4792 delatores
1991 4752 2100 4794 una

528 4841 655 4883 cum
702 4825 907 4883 Sabino
945 4841 1010 4882 ac
1036 4824 1413 4894 Crescentino,
1442 4825 1634 4883 decem
1683 4840 1848 4896 supra
1880 4835 2100 4884 centum

529 4917 884 4983 assistebant,
903 4933 1044 4989 quos
1071 4917 1314 4989 pontifex
1343 4934 1484 4973 max.
1509 4933 1662 4974 more
1679 4919 1771 4989 jus
1795 4918 2098 4974 dicentium

532 5010 914 5081 interrogavit,
937 5009 1333 5081 numquidnam
1357 5009 1648 5072 haberent,
1670 5011 1817 5081 quod
1838 5011 2103 5082 Gregorio

532 5114 758 5173 possent
793 5102 928 5157 vitio
966 5112 1201 5168 vertere,
1231 5102 1490 5173 quodque
1528 5101 1748 5156 crimini
1780 5115 1981 5157 nomen
2009 5115 2103 5157 es-

531 5204 636 5250 set.
671 5194 751 5250 llli
780 5194 1060 5249 lasciviam
1090 5201 1256 5264 atque
1284 5192 1569 5248 libidinem
1601 5192 1842 5261 obiicere
1885 5205 2107 5249 asseve-

533 5285 751 5342 rabant.
794 5285 1038 5353 Quorum
1068 5285 1372 5341 orationem
1416 5283 1664 5355 pontifex
1696 5282 2058 5354 interpellans
2088 5300 2103 5338 :

540 5375 721 5433 Vosne
743 5376 966 5449 (inquit)
993 5378 1097 5448 ipsi
1122 5377 1362 5445 vidistis,
1383 5392 1454 5433 an
1480 5376 1767 5433 mulierem
1797 5375 1853 5432 id
1873 5375 2111 5431 audistis

534 5467 846 5525 dicentem?
867 5469 953 5524 llli
971 5483 1106 5525 vero
1125 5468 1421 5526 commenti
1443 5467 1778 5540 principium
1799 5467 2072 5524 ordientes
2093 5485 2108 5521 :

534 5560 647 5618 Nos
685 5561 910 5632 quidem
957 5562 1262 5631 (dixerunt)
1290 5577 1416 5620 cum
1450 5560 1869 5634 ingrederemur
1910 5560 1978 5617 ad
2028 5559 2112 5632 ip-

539 5668 684 5719 sum,
732 5655 904 5710 Deum
948 5655 1018 5711 de
1064 5670 1219 5712 more
1259 5655 1406 5712 circa
1450 5670 1708 5711 auroram
1749 5653 2024 5710 laudaturi
2056 5662 2113 5709 et

542 5744 843 5812 adoraturi,
876 5747 1125 5817 hancque
1170 5748 1225 5802 in
1270 5748 1390 5819 ejus
1435 5748 1580 5804 lecto
1620 5747 1913 5804 cubantem
1956 5747 2113 5804 hirc-

2264 3452 2350 3507 N'.
2399 3449 2513 3520 Τῆς
2569 3448 2626 3502 δὲ
2680 3448 2901 3503 συνόδου
2953 3448 3182 3518 ἔγγιστα
3223 3449 3318 3504 τοῦ
3384 3451 3777 3521 δεσμωτηρίου

2197 3547 2337 3619 πρὸς
2358 3547 2421 3598 τὸ
2449 3542 2546 3596 τοῦ
2580 3542 2739 3611 ἁγίου
2784 3541 3105 3595 Ἱππολύτου
3132 3542 3618 3614 συναθροισθείσης
3639 3541 3778 3613 ναῷ,

2196 3638 2455 3708 παρῆσαν
2493 3635 2594 3705 μὲν
2646 3633 2941 3687 ἐπίσκοποι
2994 3632 3184 3704 σχεδὸν
3241 3633 3389 3704 ἀμφὶ
3417 3635 3549 3697 τοὺς
3582 3634 3781 3688 ἑκατὸν

2197 3729 2295 3784 xui.
2343 3729 2708 3796 πεντήκοντα,
2745 3726 2882 3796 πρὸς
2931 3725 2989 3779 δὲ
3018 3724 3228 3788 τούτοις
3254 3725 3350 3778 καί
3388 3742 3533 3790 τινες
3561 3725 3671 3779 τῶν
3713 3727 3783 3779 ὲκ

2197 3821 2301 3889 τῆς
2336 3819 2512 3890 Ἐᾠας
2544 3818 2825 3887 παρῆσαν,
2846 3817 2942 3870 καὶ
2982 3815 3147 3880 αὑτὸς
3169 3817 3224 3869 δὲ
3254 3818 3282 3871 6
3305 3815 3654 3887 χαρτοερύλαξ
3679 3815 3782 3887 τὴν

2198 3913 2295 3967 τοῦ
2330 3911 2568 3983 μεγάλου
2619 3910 2926 3981 ἀρχιερέως
2980 3910 3164 3989 χώραν
3217 3909 3577 3982 ἀποπληρῶν,
3608 3912 3701 3965 καὶ
3752 3912 3784 3964 ὃ

2208 4021 2262 4058 τι
2292 4021 2397 4074 περ
2427 4004 2537 4057 τῶν
2579 4002 2863 4073 ἐγχωρίων
2894 4003 3143 4073 μοναχῶν
3173 4001 3451 4073 ἔγκριτον,
3487 4002 3629 4056 καὶό
3658 4001 3785 4071 κλῆο

2209 4113 2301 4167 ρος
2340 4096 2397 4149 δὲ
2429 4093 2595 4160 ἄπας,
2631 4095 2729 4148 καὶ
2759 4093 2787 4146 6
2818 4092 3005 4158 λοιπὸς
3050 4094 3187 4156 ὅλως
3242 4094 3428 4164 σχεδὸν
3485 4094 3643 4164 δχλος
3678 4095 3781 4163 τῆς

2202 4186 2430 4250 πόλεως.
2469 4185 2788 4239 Στέλλονται
2813 4184 2871 4238 δὲ
2899 4185 3052 4255 παρὰ
3089 4184 3183 4239 τὸν
3244 4185 3282 4237 Γ
3288 4185 3544 4254 ρηγύριον
3565 4185 3652 4239 ὅτε
3691 4201 3787 4253 μο-

2201 4278 2362 4350 ναχδς
2390 4277 2620 4348 Μάρκος
2649 4278 2743 4330 καὶ
2768 4276 2952 4346 ἕτεροι
2983 4276 3093 4329 τῶν
3128 4275 3324 4344 ἱερέων
3375 4276 3564 4341 πέντε,
3595 4274 3787 4329 τοῦτον

2202 4370 2279 4434 ὼς
2312 4369 2412 4442 τὴν
2467 4369 2689 4424 σύνοδον
2748 4369 3010 4439 ἀγαγεῖν.
3051 4368 3212 4422 Ἐπεὶ
3266 4363 3360 4422 οὖν
3395 4369 3490 4423 καὶ
3532 4368 3786 4438 ἀφίκετο,

2123 4487 2178 4549 D
2200 4462 2389 4534 τρίτον
2425 4460 2520 4514 ἰπὶ
2541 4459 2644 4531 τὴν
2674 4459 2785 4529 γῆν
2826 4461 3237 4532 προσκυνήσας,
3280 4460 3412 4532 ἔστη
3452 4460 3599 4515 κατὰ
3620 4460 3790 4530 νόμον

2200 4552 2313 4607 τῶν
2364 4551 2740 4625 κρινομένων·
2786 4549 3045 4623 δακρύων
3099 4550 3158 4604 δὲ
3242 4550 3587 4622 ἐπληροῦντο
3655 4553 3788 4615 τοὺς

2202 4643 2520 4715 ὀφθαλμοὺς
2569 4644 2688 4698 ὅσοι
2746 4641 2856 4697 τῶν
2917 4642 3109 4713 ἱερέων
3158 4639 3300 4715 ἦσαν
3354 4643 3783 4714 θεοφιλέστεροι.

2204 4740 2661 4811 Παρειστήκεσαν
2682 4738 2739 4792 δὲ
2781 4736 2879 4792 καὶ
2910 4738 2961 4791 οἱ
2995 4739 3184 4808 μιαροὶ
3204 4739 3538 4809 συκοφάνται
3567 4736 3787 4806 σύναμα

2207 4830 2425 4898 Σαϐίνῳ
2455 4832 2550 4884 καὶ
2580 4827 2957 4901 Κρισκεντίνῳ
2982 4829 3114 4882 δέκα
3142 4828 3233 4882 τὸν
3259 4828 3492 4900 ἀριθμὸν
3518 4827 3651 4896 πρὸς
3670 4829 3787 4891 τοῖς

2207 4921 2405 4977 ἑκατὸν
2433 4919 2588 4985 ὄντες
2612 4937 2627 4954 ·
2655 4919 2746 4983 οὓς
2772 4919 2906 4991 δῆτα
2931 4921 2959 4972 ὁ
2990 4922 3219 4983 πάπποις
3249 4919 3788 4992 προσκαλεσάμενος,

2209 5014 2377 5086 ἤρετο
2397 5012 2543 5069 καθὰ
2597 5013 2664 5083 δὴ
2718 5012 2844 5075 τοὺς
2873 5011 3191 5074 δικάζοντας
3226 5011 3408 5081 θέμις,
3457 5010 3561 5065 κᾶν
3588 5011 3794 5075 ειδότες

2209 5108 2311 5170 τὰς
2349 5106 2634 5177 ἐγκλήσεις
2672 5104 3015 5174 τυγχάνωσιν
3035 5102 3122 5171 ἐφ’
3151 5097 3197 5172 ᾧ
3229 5120 3288 5157 τε
3324 5103 3623 5175 Γρηγορίου
3654 5119 3794 5157 κατ·

2218 5200 2489 5271 ηγοροῖεν,
2527 5196 2624 5250 καὶ
2677 5196 2731 5251 τί
2778 5195 2839 5250 τὸ
2871 5193 2963 5248 τοῦ
3025 5194 3369 5266 ιγκλήματος
3397 5194 3587 5264 ὖνομα.
3619 5194 3681 5248 οι
3708 5193 3791 5261 δι,

2216 5289 2481 5360 πορνείαν
2534 5286 2686 5359 αὐτῷ
2731 5285 3015 5342 ἐπικαλεῖν
3055 5285 3284 5355 ἔφασαν.
3318 5286 3429 5340 Καὶ
3490 5284 3521 5339 6
3560 5285 3795 5350 πάππας

2212 5381 2522 5449 ὑπολαϐὼν,
2560 5379 2797 5451 Πότερον
2828 5379 2886 5433 δὲ
2917 5379 3080 5449 ὑμεῖς
3104 5378 3279 5442 αὐτοὶ,
3313 5377 3472 5448 φησὶ,
3506 5376 3792 5449 ἑωράκατε

2213 5474 2248 5545 ἢ
2276 5473 2381 5545 τῆς
2410 5472 2668 5544 γυναικὸς
2689 5471 2956 5542 λεγούσης
2987 5471 3293 5541 ἡκούσατε;
3317 5470 3572 5524 Κάκεῖνοι
3604 5467 3795 5524 λοιπὸν

2216 5565 2312 5621 τοῦ
2338 5565 2659 5636 πλάσματος
2686 5562 2865 5634 ἀρχὴν
2884 5561 3220 5632 ποιούμενοι,
3249 5559 3443 5631 Ἡμεῖς
3470 5558 3590 5630 μὲν,
3608 5555 3793 5621 εἷπον,

2221 5655 2502 5729 είσῄειμεν
2533 5655 2665 5725 παρ’
2691 5653 2851 5707 αὑτὸν
2883 5652 2952 5707 τι
2969 5651 3175 5723 συνήθη
3207 5650 3337 5723 περὶ
3372 5649 3469 5720 τὴν
3506 5648 3582 5704 ἕω
3610 5665 3786 5719 προτ-

2227 5747 2479 5820 εροῦντες
2509 5747 2601 5801 καὶ
2627 5745 3095 5815 προσκυνήσοντες
3122 5761 3135 5775 ·
3160 5742 3408 5811 εὑρόντες
3426 5740 3478 5795 δὲ
3509 5741 3713 5813 ταύτην
3734 5739 3794 5792 ἐν
