  <div class='ocr_page' id='page_1' title='image "/cluster/home/n/w/nwhite01/storage/ocr_20150623/116/hvd.32044073502221/134.png"; bbox 0 0 4072 6390; ppageno 0'>
   <div class='ocr_carea' id='block_1_1' title="bbox 314 230 429 294">
    <p class='ocr_par' dir='ltr' id='par_1_1' title="bbox 314 230 429 294">
     <span class='ocr_line' id='line_1_1' title="bbox 314 230 429 294; baseline 0.009 -1"><span class='ocrx_word' id='word_1_1' title='bbox 314 230 429 294; x_wconf 69' lang='lat'><strong>257</strong></span> 
     </span>
    </p>
   </div>
   <div class='ocr_carea' id='block_1_2' title="bbox 1285 235 2567 310">
    <p class='ocr_par' dir='ltr' id='par_1_2' title="bbox 1285 235 2567 310">
     <span class='ocr_line' id='line_1_2' title="bbox 1285 235 2567 310; baseline 0.009 -12"><span class='ocrx_word' id='word_1_2' title='bbox 1285 235 1463 299; x_wconf 78' lang='lat' dir='ltr'><strong>VITA</strong></span> <span class='ocrx_word' id='word_1_3' title='bbox 1504 238 1566 297; x_wconf 84' lang='lat' dir='ltr'><strong>S.</strong></span> <span class='ocrx_word' id='word_1_4' title='bbox 1600 238 1982 302; x_wconf 78' lang='lat' dir='ltr'><strong>GREGORll</strong></span> <span class='ocrx_word' id='word_1_5' title='bbox 2023 244 2567 310; x_wconf 73' lang='lat' dir='ltr'><strong>AG&#39;RIGENTINI.</strong></span> 
     </span>
    </p>
   </div>
   <div class='ocr_carea' id='block_1_3' title="bbox 3457 260 3564 326">
    <p class='ocr_par' dir='ltr' id='par_1_3' title="bbox 3457 260 3564 326">
     <span class='ocr_line' id='line_1_3' title="bbox 3457 260 3564 326; baseline 0.047 -4"><span class='ocrx_word' id='word_1_6' title='bbox 3457 260 3564 326; x_wconf 81' lang='lat'><strong>258</strong></span> 
     </span>
    </p>
   </div>
   <div class='ocr_carea' id='block_1_4' title="bbox 297 340 1848 445">
    <p class='ocr_par' dir='ltr' id='par_1_4' title="bbox 297 340 1848 420">
     <span class='ocr_line' id='line_1_4' title="bbox 297 340 1848 420; baseline 0.008 -26"><span class='ocrx_word' id='word_1_7' title='bbox 297 341 385 413; x_wconf 77' lang='grc' dir='ltr'><strong>τῷ</strong></span> <span class='ocrx_word' id='word_1_8' title='bbox 420 341 646 394; x_wconf 88' lang='grc' dir='ltr'>κοιτῶνι</span> <span class='ocrx_word' id='word_1_9' title='bbox 717 340 884 397; x_wconf 76' lang='grc' dir='ltr'>αὐτοῦ</span> <span class='ocrx_word' id='word_1_10' title='bbox 946 343 1234 416; x_wconf 82' lang='grc' dir='ltr'>κειμένην,</span> <span class='ocrx_word' id='word_1_11' title='bbox 1289 347 1651 420; x_wconf 83' lang='grc' dir='ltr'>κατέσχομεν.</span> <span class='ocrx_word' id='word_1_12' title='bbox 1683 351 1775 416; x_wconf 71' lang='grc' dir='ltr'>,Ἦ</span> <span class='ocrx_word' id='word_1_13' title='bbox 1809 352 1848 406; x_wconf 70' lang='grc' dir='ltr'><strong>δί</strong></span> 
     </span>
    </p>
   </div>
   <div class='ocr_carea' id='block_1_5' title="bbox 1957 340 3564 445">
    <p class='ocr_par' dir='ltr' id='par_1_5' title="bbox 1957 351 3564 445">
     <span class='ocr_line' id='line_1_5' title="bbox 1957 351 3564 445; baseline 0.017 -41"><span class='ocrx_word' id='word_1_14' title='bbox 1957 396 1964 414; x_wconf 42' lang='grc' dir='ltr'>λ</span> <span class='ocrx_word' id='word_1_15' title='bbox 1995 351 2292 419; x_wconf 87' lang='lat' dir='ltr'><strong>nissemus,</strong></span> <span class='ocrx_word' id='word_1_16' title='bbox 2312 356 2850 426; x_wconf 79' lang='lat' dir='ltr'><strong>comprehendimus.</strong></span> <span class='ocrx_word' id='word_1_17' title='bbox 2883 361 3154 420; x_wconf 72' lang='lat' dir='ltr'><strong>Caeterum</strong></span> <span class='ocrx_word' id='word_1_18' title='bbox 3177 365 3292 438; x_wconf 88' lang='lat' dir='ltr'><strong>ipsa</strong></span> <span class='ocrx_word' id='word_1_19' title='bbox 3322 385 3564 445; x_wconf 86' lang='lat' dir='ltr'><strong>quoque,</strong></span> 
     </span>
    </p>
   </div>
   <div class='ocr_carea' id='block_1_6' title="bbox 293 431 1876 513">
    <p class='ocr_par' dir='ltr' id='par_1_6' title="bbox 293 431 1876 513">
     <span class='ocr_line' id='line_1_6' title="bbox 293 431 1876 513; baseline 0.008 -27"><span class='ocrx_word' id='word_1_20' title='bbox 293 433 442 486; x_wconf 75' lang='grc' dir='ltr'>κατὰ</span> <span class='ocrx_word' id='word_1_21' title='bbox 476 433 536 484; x_wconf 78' lang='grc' dir='ltr'>τὸ</span> <span class='ocrx_word' id='word_1_22' title='bbox 566 431 736 497; x_wconf 77' lang='grc' dir='ltr'>εἰκὸς,</span> <span class='ocrx_word' id='word_1_23' title='bbox 778 434 1203 506; x_wconf 83' lang='grc' dir='ltr'>ἀνακρινομένη,</span> <span class='ocrx_word' id='word_1_24' title='bbox 1256 438 1391 508; x_wconf 77' lang='grc' dir='ltr'>ἡμῖν</span> <span class='ocrx_word' id='word_1_25' title='bbox 1446 456 1506 492; x_wconf 85' lang='grc' dir='ltr'><strong>τε</strong></span> <span class='ocrx_word' id='word_1_26' title='bbox 1550 440 1612 494; x_wconf 82' lang='grc' dir='ltr'>τὸ</span> <span class='ocrx_word' id='word_1_27' title='bbox 1643 445 1876 513; x_wconf 79' lang='grc' dir='ltr'>πρᾶγμα</span> 
     </span>
    </p>
   </div>
   <div class='ocr_carea' id='block_1_7' title="bbox 293 522 1872 604">
    <p class='ocr_par' dir='ltr' id='par_1_7' title="bbox 293 522 1872 604">
     <span class='ocr_line' id='line_1_7' title="bbox 293 522 1872 604; baseline 0.008 -28"><span class='ocrx_word' id='word_1_28' title='bbox 293 523 553 594; x_wconf 71' lang='grc' dir='ltr'>φανερὸν,</span> <span class='ocrx_word' id='word_1_29' title='bbox 590 522 728 578; x_wconf 79' lang='grc' dir='ltr'>ἀλλὰ</span> <span class='ocrx_word' id='word_1_30' title='bbox 760 525 1031 596; x_wconf 82' lang='grc' dir='ltr'>καὶαύτῷ</span> <span class='ocrx_word' id='word_1_31' title='bbox 1067 526 1143 597; x_wconf 81' lang='grc' dir='ltr'>τῷ</span> <span class='ocrx_word' id='word_1_32' title='bbox 1173 526 1392 600; x_wconf 79' lang='grc' dir='ltr'>ὲξάρχῳ</span> <span class='ocrx_word' id='word_1_33' title='bbox 1432 530 1645 587; x_wconf 84' lang='grc' dir='ltr'>πολλῶν</span> <span class='ocrx_word' id='word_1_34' title='bbox 1674 535 1872 604; x_wconf 82' lang='grc' dir='ltr'>παρόν-</span> 
     </span>
    </p>
   </div>
   <div class='ocr_carea' id='block_1_8' title="bbox 288 615 1870 696">
    <p class='ocr_par' dir='ltr' id='par_1_8' title="bbox 288 615 1870 696">
     <span class='ocr_line' id='line_1_8' title="bbox 288 615 1870 696; baseline 0.006 -28"><span class='ocrx_word' id='word_1_35' title='bbox 288 632 404 668; x_wconf 79' lang='grc' dir='ltr'><strong>των</strong></span> <span class='ocrx_word' id='word_1_36' title='bbox 431 615 739 685; x_wconf 78' lang='grc' dir='ltr'>κατέστησε</span> <span class='ocrx_word' id='word_1_37' title='bbox 789 616 994 671; x_wconf 73' lang='grc' dir='ltr'>τούτων</span> <span class='ocrx_word' id='word_1_38' title='bbox 1031 619 1194 688; x_wconf 79' lang='grc' dir='ltr'>ἡμεῖς</span> <span class='ocrx_word' id='word_1_39' title='bbox 1222 621 1384 675; x_wconf 82' lang='grc' dir='ltr'><strong>πλέον</strong></span> <span class='ocrx_word' id='word_1_40' title='bbox 1415 621 1573 693; x_wconf 76' lang='grc' dir='ltr'>ἴσμεν</span> <span class='ocrx_word' id='word_1_41' title='bbox 1624 625 1798 692; x_wconf 78' lang='grc' dir='ltr'>οὐδὲν,</span> <span class='ocrx_word' id='word_1_42' title='bbox 1837 625 1870 696; x_wconf 79' lang='grc' dir='ltr'>ἢ</span> 
     </span>
    </p>
   </div>
   <div class='ocr_carea' id='block_1_9' title="bbox 289 707 1870 790">
    <p class='ocr_par' dir='ltr' id='par_1_9' title="bbox 289 707 1870 790">
     <span class='ocr_line' id='line_1_9' title="bbox 289 707 1870 790; baseline 0.009 -32"><span class='ocrx_word' id='word_1_43' title='bbox 289 707 377 758; x_wconf 77' lang='grc' dir='ltr'>ἔτι</span> <span class='ocrx_word' id='word_1_44' title='bbox 401 707 460 772; x_wconf 77' lang='grc' dir='ltr'>ἐξ</span> <span class='ocrx_word' id='word_1_45' title='bbox 489 707 698 760; x_wconf 77' lang='grc' dir='ltr'>ἐκείνου</span> <span class='ocrx_word' id='word_1_46' title='bbox 733 709 956 780; x_wconf 83' lang='grc' dir='ltr'>πονηρῷ</span> <span class='ocrx_word' id='word_1_47' title='bbox 987 712 1268 782; x_wconf 81' lang='grc' dir='ltr'>πνεύματι</span> <span class='ocrx_word' id='word_1_48' title='bbox 1330 715 1557 785; x_wconf 79' lang='grc' dir='ltr'><strong>κάτοχος</strong></span> <span class='ocrx_word' id='word_1_49' title='bbox 1603 716 1870 790; x_wconf 78' lang='grc' dir='ltr'><strong>γενομένη</strong></span> 
     </span>
    </p>
   </div>
   <div class='ocr_carea' id='block_1_10' title="bbox 286 796 1871 872">
    <p class='ocr_par' dir='ltr' id='par_1_10' title="bbox 286 796 1871 872">
     <span class='ocr_line' id='line_1_10' title="bbox 286 796 1871 872; baseline 0.01 -24"><span class='ocrx_word' id='word_1_50' title='bbox 286 796 379 850; x_wconf 77' lang='grc' dir='ltr'><strong>διὰ</strong></span> <span class='ocrx_word' id='word_1_51' title='bbox 402 797 465 849; x_wconf 73' lang='grc' dir='ltr'>τὸ</span> <span class='ocrx_word' id='word_1_52' title='bbox 493 797 768 868; x_wconf 73' lang='grc' dir='ltr'><strong>τολμηθὲν</strong></span> <span class='ocrx_word' id='word_1_53' title='bbox 803 801 991 865; x_wconf 76' lang='grc' dir='ltr'>αὐτοῖς</span> <span class='ocrx_word' id='word_1_54' title='bbox 1027 802 1180 872; x_wconf 79' lang='grc' dir='ltr'>ἄγος,</span> <span class='ocrx_word' id='word_1_55' title='bbox 1223 804 1412 869; x_wconf 86' lang='grc' dir='ltr'>δεινῶς</span> <span class='ocrx_word' id='word_1_56' title='bbox 1437 809 1513 870; x_wconf 85' lang='grc' dir='ltr'><strong>είς</strong></span> <span class='ocrx_word' id='word_1_57' title='bbox 1539 808 1620 860; x_wconf 82' lang='grc' dir='ltr'>ἔτι</span> <span class='ocrx_word' id='word_1_58' title='bbox 1655 811 1748 863; x_wconf 71' lang='grc' dir='ltr'><strong>καὶ</strong></span> <span class='ocrx_word' id='word_1_59' title='bbox 1776 809 1871 864; x_wconf 82' lang='grc' dir='ltr'>νῦν</span> 
     </span>
    </p>
   </div>
   <div class='ocr_carea' id='block_1_11' title="bbox 289 889 1866 966">
    <p class='ocr_par' dir='ltr' id='par_1_11' title="bbox 289 889 1866 966">
     <span class='ocr_line' id='line_1_11' title="bbox 289 889 1866 966; baseline 0.011 -26"><span class='ocrx_word' id='word_1_60' title='bbox 289 889 668 958; x_wconf 73' lang='grc' dir='ltr'><strong>βασανίζεται.</strong></span> <span class='ocrx_word' id='word_1_61' title='bbox 701 890 888 957; x_wconf 73' lang='grc' dir='ltr'>Οὕτως</span> <span class='ocrx_word' id='word_1_62' title='bbox 919 896 965 946; x_wconf 86' lang='grc' dir='ltr'>οἱ</span> <span class='ocrx_word' id='word_1_63' title='bbox 998 896 1194 966; x_wconf 76' lang='grc' dir='ltr'>γόητες</span> <span class='ocrx_word' id='word_1_64' title='bbox 1243 897 1339 950; x_wconf 76' lang='grc' dir='ltr'>καὶ</span> <span class='ocrx_word' id='word_1_65' title='bbox 1382 898 1546 952; x_wconf 80' lang='grc' dir='ltr'>δεινοὶ</span> <span class='ocrx_word' id='word_1_66' title='bbox 1569 901 1662 953; x_wconf 78' lang='grc' dir='ltr'>τοῦ</span> <span class='ocrx_word' id='word_1_67' title='bbox 1692 902 1866 958; x_wconf 79' lang='grc' dir='ltr'>δεινοῦ</span> 
     </span>
    </p>
   </div>
   <div class='ocr_carea' id='block_1_12' title="bbox 284 981 1870 1062">
    <p class='ocr_par' dir='ltr' id='par_1_12' title="bbox 284 981 1870 1062">
     <span class='ocr_line' id='line_1_12' title="bbox 284 981 1870 1062; baseline 0.009 -29"><span class='ocrx_word' id='word_1_68' title='bbox 284 981 542 1050; x_wconf 81' lang='grc' dir='ltr'>δαίμονος</span> <span class='ocrx_word' id='word_1_69' title='bbox 606 985 864 1055; x_wconf 79' lang='grc' dir='ltr'>μιμηταὶ,</span> <span class='ocrx_word' id='word_1_70' title='bbox 917 986 986 1038; x_wconf 83' lang='grc' dir='ltr'>δι’</span> <span class='ocrx_word' id='word_1_71' title='bbox 1024 981 1099 1040; x_wconf 81' lang='grc' dir='ltr'>ὧν</span> <span class='ocrx_word' id='word_1_72' title='bbox 1148 990 1303 1042; x_wconf 73' lang='grc' dir='ltr'>αὐτοὶ</span> <span class='ocrx_word' id='word_1_73' title='bbox 1353 991 1557 1060; x_wconf 81' lang='grc' dir='ltr'>μᾶλλον</span> <span class='ocrx_word' id='word_1_74' title='bbox 1597 1009 1870 1062; x_wconf 75' lang='grc' dir='ltr'>συκοφαν-</span> 
     </span>
    </p>
   </div>
   <div class='ocr_carea' id='block_1_13' title="bbox 282 1072 1866 1156">
    <p class='ocr_par' dir='ltr' id='par_1_13' title="bbox 282 1072 1866 1156">
     <span class='ocr_line' id='line_1_13' title="bbox 282 1072 1866 1156; baseline 0.009 -33"><span class='ocrx_word' id='word_1_75' title='bbox 282 1072 507 1134; x_wconf 80' lang='grc' dir='ltr'>τοῦντες</span> <span class='ocrx_word' id='word_1_76' title='bbox 541 1073 815 1143; x_wconf 79' lang='grc' dir='ltr'><strong>ἑάλωσαν,</strong></span> <span class='ocrx_word' id='word_1_77' title='bbox 855 1077 943 1130; x_wconf 70' lang='grc' dir='ltr'><strong>διὰ</strong></span> <span class='ocrx_word' id='word_1_78' title='bbox 975 1077 1183 1132; x_wconf 80' lang='grc' dir='ltr'>τούτων</span> <span class='ocrx_word' id='word_1_79' title='bbox 1214 1079 1394 1135; x_wconf 81' lang='grc' dir='ltr'>αὐτῶν</span> <span class='ocrx_word' id='word_1_80' title='bbox 1425 1082 1734 1152; x_wconf 84' lang='grc' dir='ltr'><strong>κρατύνειν,</strong></span> <span class='ocrx_word' id='word_1_81' title='bbox 1767 1085 1866 1156; x_wconf 82' lang='grc' dir='ltr'>τὴν</span> 
     </span>
    </p>
   </div>
   <div class='ocr_carea' id='block_1_14' title="bbox 287 1165 958 1234">
    <p class='ocr_par' dir='ltr' id='par_1_14' title="bbox 287 1165 958 1234">
     <span class='ocr_line' id='line_1_14' title="bbox 287 1165 958 1234; baseline 0.007 -17"><span class='ocrx_word' id='word_1_82' title='bbox 287 1165 658 1234; x_wconf 66' lang='grc' dir='ltr'>συκοφαντίαν</span> <span class='ocrx_word' id='word_1_83' title='bbox 687 1166 958 1234; x_wconf 74' lang='grc' dir='ltr'>ἔγνωσαν.</span> 
     </span>
    </p>
   </div>
   <div class='ocr_carea' id='block_1_15' title="bbox 354 1258 1864 1340">
    <p class='ocr_par' dir='ltr' id='par_1_15' title="bbox 354 1258 1864 1340">
     <span class='ocr_line' id='line_1_15' title="bbox 354 1258 1864 1340; baseline 0.007 -29"><span class='ocrx_word' id='word_1_84' title='bbox 354 1258 494 1312; x_wconf 77' lang='lat' dir='ltr'><strong>NA&#39;.</strong></span> <span class='ocrx_word' id='word_1_85' title='bbox 545 1258 686 1312; x_wconf 76' lang='grc' dir='ltr'>Ἀλλ’</span> <span class='ocrx_word' id='word_1_86' title='bbox 714 1262 762 1312; x_wconf 77' lang='lat' dir='ltr'><strong>oi</strong></span> <span class='ocrx_word' id='word_1_87' title='bbox 798 1262 905 1317; x_wconf 87' lang='grc' dir='ltr'><strong>τῶν</strong></span> <span class='ocrx_word' id='word_1_88' title='bbox 931 1265 1146 1334; x_wconf 71' lang='grc' dir='ltr'>ξίερέων</span> <span class='ocrx_word' id='word_1_89' title='bbox 1179 1267 1391 1336; x_wconf 73' lang='grc' dir='ltr'>ίσχυροὶ</span> <span class='ocrx_word' id='word_1_90' title='bbox 1429 1269 1736 1337; x_wconf 74' lang='grc' dir='ltr'>προστάται</span> <span class='ocrx_word' id='word_1_91' title='bbox 1765 1270 1864 1340; x_wconf 81' lang='grc' dir='ltr'>τῆς</span> 
     </span>
    </p>
   </div>
   <div class='ocr_carea' id='block_1_16' title="bbox 282 1349 1860 1432">
    <p class='ocr_par' dir='ltr' id='par_1_16' title="bbox 282 1349 1860 1432">
     <span class='ocr_line' id='line_1_16' title="bbox 282 1349 1860 1432; baseline 0.009 -30"><span class='ocrx_word' id='word_1_92' title='bbox 282 1349 564 1418; x_wconf 74' lang='grc' dir='ltr'><strong>ἀληθείας,</strong></span> <span class='ocrx_word' id='word_1_93' title='bbox 596 1353 797 1406; x_wconf 73' lang='grc' dir='ltr'>αὐτίκα</span> <span class='ocrx_word' id='word_1_94' title='bbox 845 1354 908 1406; x_wconf 76' lang='grc' dir='ltr'><strong>τὸ</strong></span> <span class='ocrx_word' id='word_1_95' title='bbox 930 1353 1127 1422; x_wconf 74' lang='grc' dir='ltr'>ψεῦδος</span> <span class='ocrx_word' id='word_1_96' title='bbox 1159 1359 1533 1427; x_wconf 74' lang='grc' dir='ltr'><strong>φωράσαντες,</strong></span> <span class='ocrx_word' id='word_1_97' title='bbox 1577 1361 1684 1414; x_wconf 73' lang='grc' dir='ltr'><strong>Καὶ</strong></span> <span class='ocrx_word' id='word_1_98' title='bbox 1729 1365 1860 1432; x_wconf 74' lang='grc' dir='ltr'>μὴν,</span> 
     </span>
    </p>
   </div>
   <div class='ocr_carea' id='block_1_17' title="bbox 279 1435 1860 1521">
    <p class='ocr_par' dir='ltr' id='par_1_17' title="bbox 279 1435 1860 1521">
     <span class='ocr_line' id='line_1_17' title="bbox 279 1435 1860 1521; baseline 0.01 -31"><span class='ocrx_word' id='word_1_99' title='bbox 279 1435 532 1508; x_wconf 60' lang='grc' dir='ltr'>εἷπονλεὶ</span> <span class='ocrx_word' id='word_1_100' title='bbox 555 1443 729 1498; x_wconf 73' lang='grc' dir='ltr'><strong>ταῦτά</strong></span> <span class='ocrx_word' id='word_1_101' title='bbox 752 1445 1027 1516; x_wconf 61' lang='grc' dir='ltr'>γεξὰληθῆ,</span> <span class='ocrx_word' id='word_1_102' title='bbox 1069 1447 1378 1502; x_wconf 77' lang='grc' dir='ltr'>τούναντίον</span> <span class='ocrx_word' id='word_1_103' title='bbox 1402 1451 1511 1503; x_wconf 76' lang='grc' dir='ltr'>ἔδει</span> <span class='ocrx_word' id='word_1_104' title='bbox 1541 1453 1739 1521; x_wconf 80' lang='grc' dir='ltr'>μᾶλλον</span> <span class='ocrx_word' id='word_1_105' title='bbox 1765 1470 1860 1521; x_wconf 85' lang='grc' dir='ltr'>γε-</span> 
     </span>
    </p>
   </div>
   <div class='ocr_carea' id='block_1_18' title="bbox 278 1532 1863 1614">
    <p class='ocr_par' dir='ltr' id='par_1_18' title="bbox 278 1532 1863 1614">
     <span class='ocr_line' id='line_1_18' title="bbox 278 1532 1863 1614; baseline 0.009 -32"><span class='ocrx_word' id='word_1_106' title='bbox 278 1532 494 1584; x_wconf 77' lang='grc' dir='ltr'>νέσθαι’</span> <span class='ocrx_word' id='word_1_107' title='bbox 522 1533 617 1586; x_wconf 69' lang='grc' dir='ltr'>καὶ</span> <span class='ocrx_word' id='word_1_108' title='bbox 653 1535 948 1589; x_wconf 79' lang='grc' dir='ltr'><strong>σιωπῶσαν</strong></span> <span class='ocrx_word' id='word_1_109' title='bbox 973 1537 1072 1606; x_wconf 83' lang='grc' dir='ltr'>μὲν</span> <span class='ocrx_word' id='word_1_110' title='bbox 1103 1538 1166 1591; x_wconf 80' lang='grc' dir='ltr'>τὸ</span> <span class='ocrx_word' id='word_1_111' title='bbox 1211 1538 1344 1608; x_wconf 80' lang='grc' dir='ltr'>ἄγος</span> <span class='ocrx_word' id='word_1_112' title='bbox 1392 1541 1486 1593; x_wconf 72' lang='grc' dir='ltr'><strong>καὶ</strong></span> <span class='ocrx_word' id='word_1_113' title='bbox 1518 1544 1863 1614; x_wconf 79' lang='grc' dir='ltr'>ἀρνουμένην</span> 
     </span>
    </p>
   </div>
   <div class='ocr_carea' id='block_1_19' title="bbox 306 1623 1857 1705">
    <p class='ocr_par' dir='ltr' id='par_1_19' title="bbox 306 1623 1857 1705">
     <span class='ocr_line' id='line_1_19' title="bbox 306 1623 1857 1705; baseline 0.01 -32"><span class='ocrx_word' id='word_1_114' title='bbox 306 1623 530 1693; x_wconf 87' lang='grc' dir='ltr'>σχυρῶς</span> <span class='ocrx_word' id='word_1_115' title='bbox 577 1625 749 1696; x_wconf 77' lang='grc' dir='ltr'>αὐτὴν</span> <span class='ocrx_word' id='word_1_116' title='bbox 783 1628 871 1680; x_wconf 71' lang='grc' dir='ltr'><strong>διὰ</strong></span> <span class='ocrx_word' id='word_1_117' title='bbox 897 1628 992 1680; x_wconf 81' lang='grc' dir='ltr'>τοῦ</span> <span class='ocrx_word' id='word_1_118' title='bbox 1032 1629 1287 1700; x_wconf 81' lang='grc' dir='ltr'>δαίμονος</span> <span class='ocrx_word' id='word_1_119' title='bbox 1341 1633 1498 1702; x_wconf 76' lang='grc' dir='ltr'>’παρὰ</span> <span class='ocrx_word' id='word_1_120' title='bbox 1549 1634 1648 1704; x_wconf 84' lang='grc' dir='ltr'>τῆς</span> <span class='ocrx_word' id='word_1_121' title='bbox 1700 1635 1857 1705; x_wconf 83' lang='grc' dir='ltr'>δίκης</span> 
     </span>
    </p>
   </div>
   <div class='ocr_carea' id='block_1_20' title="bbox 276 1713 1861 1797">
    <p class='ocr_par' dir='ltr' id='par_1_20' title="bbox 276 1713 1861 1797">
     <span class='ocr_line' id='line_1_20' title="bbox 276 1713 1861 1797; baseline 0.011 -35"><span class='ocrx_word' id='word_1_122' title='bbox 276 1713 599 1781; x_wconf 75' lang='grc' dir='ltr'>ἑτάζεσθαι,</span> <span class='ocrx_word' id='word_1_123' title='bbox 628 1715 1000 1787; x_wconf 71' lang='grc' dir='ltr'>ὁμολογούσης</span> <span class='ocrx_word' id='word_1_124' title='bbox 1037 1720 1093 1773; x_wconf 80' lang='grc' dir='ltr'>δὲ</span> <span class='ocrx_word' id='word_1_125' title='bbox 1116 1722 1210 1774; x_wconf 84' lang='grc' dir='ltr'>καὶ</span> <span class='ocrx_word' id='word_1_126' title='bbox 1235 1724 1568 1791; x_wconf 71' lang='grc' dir='ltr'>συγγνώμην</span> <span class='ocrx_word' id='word_1_127' title='bbox 1599 1727 1861 1797; x_wconf 75' lang='grc' dir='ltr'>αἰτούσης</span> 
     </span>
    </p>
   </div>
   <div class='ocr_carea' id='block_1_21' title="bbox 280 1803 1861 1888">
    <p class='ocr_par' dir='ltr' id='par_1_21' title="bbox 280 1803 1861 1888">
     <span class='ocr_line' id='line_1_21' title="bbox 280 1803 1861 1888; baseline 0.013 -34"><span class='ocrx_word' id='word_1_128' title='bbox 280 1803 309 1854; x_wconf 82' lang='grc' dir='ltr'>ὅ</span> <span class='ocrx_word' id='word_1_129' title='bbox 339 1822 401 1856; x_wconf 88' lang='grc' dir='ltr'><strong>τε</strong></span> <span class='ocrx_word' id='word_1_130' title='bbox 429 1805 564 1868; x_wconf 75' lang='grc' dir='ltr'>Θεὸς</span> <span class='ocrx_word' id='word_1_131' title='bbox 601 1808 805 1876; x_wconf 79' lang='grc' dir='ltr'>ἀνῆκεν</span> <span class='ocrx_word' id='word_1_132' title='bbox 834 1811 900 1864; x_wconf 81' lang='grc' dir='ltr'>ἂν</span> <span class='ocrx_word' id='word_1_133' title='bbox 924 1811 1020 1881; x_wconf 77' lang='grc' dir='ltr'>τὴν</span> <span class='ocrx_word' id='word_1_134' title='bbox 1051 1812 1241 1884; x_wconf 80' lang='grc' dir='ltr'>ὀργὴν,</span> <span class='ocrx_word' id='word_1_135' title='bbox 1277 1817 1370 1868; x_wconf 81' lang='grc' dir='ltr'><strong>καὶ</strong></span> <span class='ocrx_word' id='word_1_136' title='bbox 1408 1817 1436 1869; x_wconf 83' lang='grc' dir='ltr'><strong>ό</strong></span> <span class='ocrx_word' id='word_1_137' title='bbox 1458 1824 1672 1888; x_wconf 80' lang='grc' dir='ltr'>οαῐμων</span> <span class='ocrx_word' id='word_1_138' title='bbox 1698 1822 1861 1874; x_wconf 67' lang='lat' dir='ltr'><strong>siml.</strong></span> 
     </span>
    </p>
   </div>
   <div class='ocr_carea' id='block_1_22' title="bbox 273 1894 1860 1976">
    <p class='ocr_par' dir='ltr' id='par_1_22' title="bbox 273 1894 1860 1976">
     <span class='ocr_line' id='line_1_22' title="bbox 273 1894 1860 1976; baseline 0.013 -32"><span class='ocrx_word' id='word_1_139' title='bbox 273 1894 576 1962; x_wconf 76' lang='grc' dir='ltr'>προλαϐὼν</span> <span class='ocrx_word' id='word_1_140' title='bbox 598 1896 794 1966; x_wconf 74' lang='grc' dir='ltr'>ἔτυχεν</span> <span class='ocrx_word' id='word_1_141' title='bbox 847 1898 1130 1966; x_wconf 79' lang='grc' dir='ltr'>εἰσελθεῖν,</span> <span class='ocrx_word' id='word_1_142' title='bbox 1178 1903 1513 1976; x_wconf 78' lang='grc' dir='ltr'>ἀπελήλατο.</span> <span class='ocrx_word' id='word_1_143' title='bbox 1575 1907 1761 1974; x_wconf 74' lang='grc' dir='ltr'>Οὕτως</span> <span class='ocrx_word' id='word_1_144' title='bbox 1801 1906 1860 1965; x_wconf 82' lang='grc' dir='ltr'>εὖ</span> 
     </span>
    </p>
   </div>
   <div class='ocr_carea' id='block_1_23' title="bbox 273 1987 1858 2076">
    <p class='ocr_par' dir='ltr' id='par_1_23' title="bbox 273 1987 1858 2076">
     <span class='ocr_line' id='line_1_23' title="bbox 273 1987 1858 2076; baseline 0.013 -40"><span class='ocrx_word' id='word_1_145' title='bbox 273 1989 371 2038; x_wconf 73' lang='grc' dir='ltr'><strong>καὶ</strong></span> <span class='ocrx_word' id='word_1_146' title='bbox 397 1987 582 2052; x_wconf 87' lang='grc' dir='ltr'>καλῶς</span> <span class='ocrx_word' id='word_1_147' title='bbox 621 1990 794 2061; x_wconf 74' lang='grc' dir='ltr'>αὐτὴν</span> <span class='ocrx_word' id='word_1_148' title='bbox 821 1991 905 2060; x_wconf 75' lang='grc' dir='ltr'><strong>ἐφ’</strong></span> <span class='ocrx_word' id='word_1_149' title='bbox 931 1995 1129 2065; x_wconf 78' lang='grc' dir='ltr'>ἑαυτῆς</span> <span class='ocrx_word' id='word_1_150' title='bbox 1152 1997 1250 2067; x_wconf 75' lang='grc' dir='ltr'>τὴν</span> <span class='ocrx_word' id='word_1_151' title='bbox 1300 2001 1668 2068; x_wconf 72' lang='grc' dir='ltr'>συκοφαντίαν</span> <span class='ocrx_word' id='word_1_152' title='bbox 1713 2006 1858 2076; x_wconf 78' lang='grc' dir='ltr'><strong>σφήο</strong></span> 
     </span>
    </p>
   </div>
   <div class='ocr_carea' id='block_1_24' title="bbox 270 2075 1854 2165">
    <p class='ocr_par' dir='ltr' id='par_1_24' title="bbox 270 2075 1854 2165">
     <span class='ocr_line' id='line_1_24' title="bbox 270 2075 1854 2165; baseline 0.013 -38"><span class='ocrx_word' id='word_1_153' title='bbox 270 2075 490 2141; x_wconf 85' lang='grc' dir='ltr'>λαντες.</span> <span class='ocrx_word' id='word_1_154' title='bbox 539 2080 768 2147; x_wconf 82' lang='grc' dir='ltr'>ἄγουσιν</span> <span class='ocrx_word' id='word_1_155' title='bbox 821 2084 902 2145; x_wconf 82' lang='grc' dir='ltr'><strong>είς</strong></span> <span class='ocrx_word' id='word_1_156' title='bbox 952 2085 1117 2152; x_wconf 84' lang='grc' dir='ltr'>μέσον</span> <span class='ocrx_word' id='word_1_157' title='bbox 1147 2087 1243 2140; x_wconf 78' lang='grc' dir='ltr'>καὶ</span> <span class='ocrx_word' id='word_1_158' title='bbox 1287 2087 1383 2160; x_wconf 80' lang='grc' dir='ltr'>τὴν</span> <span class='ocrx_word' id='word_1_159' title='bbox 1431 2091 1601 2162; x_wconf 80' lang='grc' dir='ltr'>κόρην</span> <span class='ocrx_word' id='word_1_160' title='bbox 1659 2075 1854 2165; x_wconf 72' lang='grc' dir='ltr'>αὑτήν.</span> 
     </span>
    </p>
   </div>
   <div class='ocr_carea' id='block_1_25' title="bbox 279 2167 1858 2255">
    <p class='ocr_par' dir='ltr' id='par_1_25' title="bbox 279 2167 1858 2255">
     <span class='ocr_line' id='line_1_25' title="bbox 279 2167 1858 2255; baseline 0.013 -37"><span class='ocrx_word' id='word_1_161' title='bbox 279 2167 349 2219; x_wconf 82' lang='grc' dir='ltr'>Ἡ</span> <span class='ocrx_word' id='word_1_162' title='bbox 371 2167 428 2220; x_wconf 79' lang='grc' dir='ltr'>δὲ</span> <span class='ocrx_word' id='word_1_163' title='bbox 459 2168 591 2239; x_wconf 75' lang='grc' dir='ltr'>ἔστη</span> <span class='ocrx_word' id='word_1_164' title='bbox 619 2171 717 2242; x_wconf 68' lang='grc' dir='ltr'>ἤδη</span> <span class='ocrx_word' id='word_1_165' title='bbox 743 2171 1076 2244; x_wconf 87' lang='grc' dir='ltr'>κλονουμένη</span> <span class='ocrx_word' id='word_1_166' title='bbox 1109 2176 1201 2229; x_wconf 76' lang='grc' dir='ltr'>καὶ</span> <span class='ocrx_word' id='word_1_167' title='bbox 1224 2177 1574 2253; x_wconf 82' lang='grc' dir='ltr'>ἀλλοιουμένη</span> <span class='ocrx_word' id='word_1_168' title='bbox 1599 2183 1658 2236; x_wconf 78' lang='grc' dir='ltr'>τὸ</span> <span class='ocrx_word' id='word_1_169' title='bbox 1685 2185 1858 2255; x_wconf 83' lang='grc' dir='ltr'>πρόσ-</span> 
     </span>
    </p>
   </div>
   <div class='ocr_carea' id='block_1_26' title="bbox 268 2262 1856 2344">
    <p class='ocr_par' dir='ltr' id='par_1_26' title="bbox 268 2262 1856 2344">
     <span class='ocr_line' id='line_1_26' title="bbox 268 2262 1856 2344; baseline 0.014 -33"><span class='ocrx_word' id='word_1_170' title='bbox 268 2276 445 2312; x_wconf 84' lang='grc' dir='ltr'>ωπον·</span> <span class='ocrx_word' id='word_1_171' title='bbox 478 2262 561 2315; x_wconf 79' lang='grc' dir='ltr'>διὸ</span> <span class='ocrx_word' id='word_1_172' title='bbox 590 2267 682 2316; x_wconf 78' lang='grc' dir='ltr'>καὶ</span> <span class='ocrx_word' id='word_1_173' title='bbox 711 2263 771 2317; x_wconf 78' lang='grc' dir='ltr'>τὸ</span> <span class='ocrx_word' id='word_1_174' title='bbox 798 2265 1001 2338; x_wconf 77' lang='grc' dir='ltr'>ταύτην</span> <span class='ocrx_word' id='word_1_175' title='bbox 1030 2269 1302 2342; x_wconf 78' lang='grc' dir='ltr'>ἐρωτῆσαι</span> <span class='ocrx_word' id='word_1_176' title='bbox 1334 2275 1616 2344; x_wconf 77' lang='grc' dir='ltr'>παρέντες,</span> <span class='ocrx_word' id='word_1_177' title='bbox 1649 2279 1742 2331; x_wconf 77' lang='grc' dir='ltr'><strong>ἐπὶ</strong></span> <span class='ocrx_word' id='word_1_178' title='bbox 1764 2281 1856 2332; x_wconf 86' lang='grc' dir='ltr'>τὸν</span> 
     </span>
    </p>
   </div>
   <div class='ocr_carea' id='block_1_27' title="bbox 268 2350 1851 2443">
    <p class='ocr_par' dir='ltr' id='par_1_27' title="bbox 268 2350 1851 2443">
     <span class='ocr_line' id='line_1_27' title="bbox 268 2350 1851 2443; baseline 0.015 -41"><span class='ocrx_word' id='word_1_179' title='bbox 268 2350 582 2423; x_wconf 75' lang='grc' dir='ltr'>Γρηγόριον</span> <span class='ocrx_word' id='word_1_180' title='bbox 612 2356 933 2424; x_wconf 79' lang='grc' dir='ltr'>μετέϐαινον</span> <span class='ocrx_word' id='word_1_181' title='bbox 966 2361 1014 2414; x_wconf 91' lang='grc' dir='ltr'><strong>οί</strong></span> <span class='ocrx_word' id='word_1_182' title='bbox 1045 2363 1369 2434; x_wconf 80' lang='grc' dir='ltr'>κατήγοροι,</span> <span class='ocrx_word' id='word_1_183' title='bbox 1395 2369 1511 2431; x_wconf 86' lang='grc' dir='ltr'>ταῖς</span> <span class='ocrx_word' id='word_1_184' title='bbox 1546 2370 1851 2443; x_wconf 78' lang='grc' dir='ltr'>ἐρωτήσεσι</span> 
     </span>
    </p>
   </div>
   <div class='ocr_carea' id='block_1_28' title="bbox 267 2442 1848 2530">
    <p class='ocr_par' dir='ltr' id='par_1_28' title="bbox 267 2442 1848 2530">
     <span class='ocr_line' id='line_1_28' title="bbox 267 2442 1848 2530; baseline 0.016 -37"><span class='ocrx_word' id='word_1_185' title='bbox 267 2442 434 2510; x_wconf 72' lang='grc' dir='ltr'>δῆθεν</span> <span class='ocrx_word' id='word_1_186' title='bbox 469 2447 757 2516; x_wconf 75' lang='grc' dir='ltr'>ἐντρέπειν</span> <span class='ocrx_word' id='word_1_187' title='bbox 790 2451 952 2504; x_wconf 77' lang='grc' dir='ltr'>αὐτὸν</span> <span class='ocrx_word' id='word_1_188' title='bbox 973 2451 1315 2525; x_wconf 82' lang='grc' dir='ltr'>βουλόμενοι.</span> <span class='ocrx_word' id='word_1_189' title='bbox 1349 2457 1407 2511; x_wconf 84' lang='lat'><strong>&#39;0</strong></span> <span class='ocrx_word' id='word_1_190' title='bbox 1436 2459 1491 2511; x_wconf 84' lang='grc' dir='ltr'>δὲ</span> <span class='ocrx_word' id='word_1_191' title='bbox 1532 2461 1676 2530; x_wconf 88' lang='grc' dir='ltr'>μέγα</span> <span class='ocrx_word' id='word_1_192' title='bbox 1717 2442 1848 2517; x_wconf 86' lang='grc' dir='ltr'>στε-</span> 
     </span>
    </p>
   </div>
   <div class='ocr_carea' id='block_1_29' title="bbox 267 2533 1854 2625">
    <p class='ocr_par' dir='ltr' id='par_1_29' title="bbox 267 2533 1854 2625">
     <span class='ocr_line' id='line_1_29' title="bbox 267 2533 1854 2625; baseline 0.016 -41"><span class='ocrx_word' id='word_1_193' title='bbox 267 2533 462 2599; x_wconf 76' lang='grc' dir='ltr'>ναξας,</span> <span class='ocrx_word' id='word_1_194' title='bbox 497 2536 567 2588; x_wconf 76' lang='grc' dir='ltr'><strong>τὰ</strong></span> <span class='ocrx_word' id='word_1_195' title='bbox 599 2535 693 2590; x_wconf 83' lang='grc' dir='ltr'>τοῦ</span> <span class='ocrx_word' id='word_1_196' title='bbox 717 2539 884 2594; x_wconf 80' lang='grc' dir='ltr'>Δαυτδ</span> <span class='ocrx_word' id='word_1_197' title='bbox 922 2541 1276 2614; x_wconf 73' lang='grc' dir='ltr'>ἁπεκρίνατοο</span> <span class='ocrx_word' id='word_1_198' title='bbox 1315 2565 1333 2598; x_wconf 77' lang='grc' dir='ltr'><strong>ι</strong></span> <span class='ocrx_word' id='word_1_199' title='bbox 1370 2547 1730 2617; x_wconf 74' lang='grc' dir='ltr'>Ἀνασταντες</span> <span class='ocrx_word' id='word_1_200' title='bbox 1758 2572 1854 2625; x_wconf 83' lang='grc' dir='ltr'><strong>μοι</strong></span> 
     </span>
    </p>
   </div>
   <div class='ocr_carea' id='block_1_30' title="bbox 269 2624 1851 2713">
    <p class='ocr_par' dir='ltr' id='par_1_30' title="bbox 269 2624 1851 2713">
     <span class='ocr_line' id='line_1_30' title="bbox 269 2624 1851 2713; baseline 0.015 -36"><span class='ocrx_word' id='word_1_201' title='bbox 269 2624 555 2696; x_wconf 77' lang='grc' dir='ltr'>μάρτυρες</span> <span class='ocrx_word' id='word_1_202' title='bbox 582 2628 762 2683; x_wconf 80' lang='grc' dir='ltr'>ἄδικοι</span> <span class='ocrx_word' id='word_1_203' title='bbox 787 2629 822 2684; x_wconf 72' lang='grc' dir='ltr'>ἃ</span> <span class='ocrx_word' id='word_1_204' title='bbox 845 2632 945 2686; x_wconf 83' lang='grc' dir='ltr'>οὐκ</span> <span class='ocrx_word' id='word_1_205' title='bbox 976 2633 1272 2703; x_wconf 76' lang='grc' dir='ltr'>ἐγίνωσκον</span> <span class='ocrx_word' id='word_1_206' title='bbox 1305 2638 1534 2708; x_wconf 70' lang='grc' dir='ltr'>ἠρώτων</span> <span class='ocrx_word' id='word_1_207' title='bbox 1566 2659 1660 2713; x_wconf 87' lang='grc' dir='ltr'><strong>με,</strong></span> <span class='ocrx_word' id='word_1_208' title='bbox 1684 2624 1851 2700; x_wconf 80' lang='grc' dir='ltr'>ἀντα-</span> 
     </span>
    </p>
   </div>
   <div class='ocr_carea' id='block_1_31' title="bbox 265 2715 1849 2812">
    <p class='ocr_par' dir='ltr' id='par_1_31' title="bbox 265 2715 1849 2812">
     <span class='ocr_line' id='line_1_31' title="bbox 265 2715 1849 2812; baseline 0.018 -48"><span class='ocrx_word' id='word_1_209' title='bbox 265 2715 558 2770; x_wconf 66' lang='grc' dir='ltr'><strong>πώίῶσάν</strong></span> <span class='ocrx_word' id='word_1_210' title='bbox 591 2736 660 2789; x_wconf 83' lang='grc' dir='ltr'><strong>με</strong></span> <span class='ocrx_word' id='word_1_211' title='bbox 713 2725 929 2794; x_wconf 70' lang='grc' dir='ltr'>πονηρὲ</span> <span class='ocrx_word' id='word_1_212' title='bbox 962 2725 1084 2779; x_wconf 79' lang='grc' dir='ltr'>ἀντὶ</span> <span class='ocrx_word' id='word_1_213' title='bbox 1121 2728 1367 2796; x_wconf 83' lang='grc' dir='ltr'>ἀγαθῶν.</span> <span class='ocrx_word' id='word_1_214' title='bbox 1395 2748 1415 2782; x_wconf 72' lang='grc' dir='ltr'><strong>ι</strong></span> <span class='ocrx_word' id='word_1_215' title='bbox 1465 2732 1620 2804; x_wconf 59' lang='lat' dir='ltr'><strong>&quot;Ana</strong></span> <span class='ocrx_word' id='word_1_216' title='bbox 1665 2737 1723 2790; x_wconf 75' lang='grc' dir='ltr'>δὲ</span> <span class='ocrx_word' id='word_1_217' title='bbox 1770 2739 1849 2812; x_wconf 80' lang='grc' dir='ltr'>τῷ</span> 
     </span>
    </p>
   </div>
   <div class='ocr_carea' id='block_1_32' title="bbox 265 2804 1847 2901">
    <p class='ocr_par' dir='ltr' id='par_1_32' title="bbox 265 2804 1847 2901">
     <span class='ocr_line' id='line_1_32' title="bbox 265 2804 1847 2901; baseline 0.017 -46"><span class='ocrx_word' id='word_1_218' title='bbox 265 2804 449 2858; x_wconf 76' lang='grc' dir='ltr'>ταῦτα</span> <span class='ocrx_word' id='word_1_219' title='bbox 475 2808 672 2874; x_wconf 70' lang='grc' dir='ltr'>εἰπεῖν,</span> <span class='ocrx_word' id='word_1_220' title='bbox 705 2812 971 2882; x_wconf 77' lang='grc' dir='ltr'>ρήσσεται</span> <span class='ocrx_word' id='word_1_221' title='bbox 1016 2817 1050 2887; x_wconf 78' lang='grc' dir='ltr'>ἡ</span> <span class='ocrx_word' id='word_1_222' title='bbox 1105 2817 1246 2888; x_wconf 84' lang='grc' dir='ltr'>κόρη</span> <span class='ocrx_word' id='word_1_223' title='bbox 1289 2823 1491 2891; x_wconf 75' lang='grc' dir='ltr'>χαμαὶ,</span> <span class='ocrx_word' id='word_1_224' title='bbox 1542 2827 1636 2878; x_wconf 79' lang='grc' dir='ltr'>καὶ</span> <span class='ocrx_word' id='word_1_225' title='bbox 1687 2804 1847 2901; x_wconf 74' lang='grc' dir='ltr'>εἴπερ</span> 
     </span>
    </p>
   </div>
   <div class='ocr_carea' id='block_1_33' title="bbox 265 2895 1847 2980">
    <p class='ocr_par' dir='ltr' id='par_1_33' title="bbox 265 2895 1847 2980">
     <span class='ocr_line' id='line_1_33' title="bbox 265 2895 1847 2980; baseline 0.016 -34"><span class='ocrx_word' id='word_1_226' title='bbox 265 2895 399 2948; x_wconf 74' lang='grc' dir='ltr'>ποτὲ</span> <span class='ocrx_word' id='word_1_227' title='bbox 421 2895 904 2970; x_wconf 80' lang='grc' dir='ltr'>διασπαραχθείσα</span> <span class='ocrx_word' id='word_1_228' title='bbox 932 2903 1011 2974; x_wconf 81' lang='grc' dir='ltr'><strong>τῷ</strong></span> <span class='ocrx_word' id='word_1_229' title='bbox 1045 2905 1326 2976; x_wconf 86' lang='grc' dir='ltr'>συνέχοντι</span> <span class='ocrx_word' id='word_1_230' title='bbox 1373 2907 1608 2980; x_wconf 82' lang='grc' dir='ltr'>δαίμονι,</span> <span class='ocrx_word' id='word_1_231' title='bbox 1667 2895 1847 2972; x_wconf 75' lang='grc' dir='ltr'>ἔκειτο</span> 
     </span>
    </p>
   </div>
   <div class='ocr_carea' id='block_1_34' title="bbox 1991 448 3565 527">
    <p class='ocr_par' dir='ltr' id='par_1_34' title="bbox 1991 448 3565 527">
     <span class='ocr_line' id='line_1_34' title="bbox 1991 448 3565 527; baseline 0.018 -33"><span class='ocrx_word' id='word_1_232' title='bbox 1991 448 2051 495; x_wconf 93' lang='lat' dir='ltr'><strong>ut</strong></span> <span class='ocrx_word' id='word_1_233' title='bbox 2079 457 2178 512; x_wconf 89' lang='lat' dir='ltr'><strong>par</strong></span> <span class='ocrx_word' id='word_1_234' title='bbox 2222 455 2362 512; x_wconf 82' lang='lat' dir='ltr'><strong>erat,</strong></span> <span class='ocrx_word' id='word_1_235' title='bbox 2395 448 2643 517; x_wconf 71' lang='lat' dir='ltr'><strong>quaesita,</strong></span> <span class='ocrx_word' id='word_1_236' title='bbox 2687 466 2802 505; x_wconf 89' lang='lat' dir='ltr'><strong>rem</strong></span> <span class='ocrx_word' id='word_1_237' title='bbox 2837 453 2998 510; x_wconf 91' lang='lat' dir='ltr'><strong>nobis</strong></span> <span class='ocrx_word' id='word_1_238' title='bbox 3029 465 3194 527; x_wconf 87' lang='lat' dir='ltr'><strong>atque</strong></span> <span class='ocrx_word' id='word_1_239' title='bbox 3235 461 3375 518; x_wconf 88' lang='lat' dir='ltr'><strong>adeo</strong></span> <span class='ocrx_word' id='word_1_240' title='bbox 3404 480 3565 522; x_wconf 82' lang='lat' dir='ltr'><strong>exar-</strong></span> 
     </span>
    </p>
   </div>
   <div class='ocr_carea' id='block_1_35' title="bbox 1987 531 3564 621">
    <p class='ocr_par' dir='ltr' id='par_1_35' title="bbox 1987 531 3564 621">
     <span class='ocr_line' id='line_1_35' title="bbox 1987 531 3564 621; baseline 0.018 -36"><span class='ocrx_word' id='word_1_241' title='bbox 1987 531 2094 586; x_wconf 90' lang='lat' dir='ltr'><strong>cho</strong></span> <span class='ocrx_word' id='word_1_242' title='bbox 2139 534 2279 604; x_wconf 85' lang='lat' dir='ltr'><strong>ipsi,</strong></span> <span class='ocrx_word' id='word_1_243' title='bbox 2329 539 2517 594; x_wconf 90' lang='lat' dir='ltr'><strong>multis</strong></span> <span class='ocrx_word' id='word_1_244' title='bbox 2565 544 2966 612; x_wconf 76' lang='lat' dir='ltr'><strong>prmsentibus,</strong></span> <span class='ocrx_word' id='word_1_245' title='bbox 3015 551 3358 621; x_wconf 83' lang='lat' dir='ltr'><strong>perspicuam</strong></span> <span class='ocrx_word' id='word_1_246' title='bbox 3409 555 3564 614; x_wconf 76' lang='lat' dir='ltr'><strong>fecit.</strong></span> 
     </span>
    </p>
   </div>
   <div class='ocr_carea' id='block_1_36' title="bbox 1982 621 3565 718">
    <p class='ocr_par' dir='ltr' id='par_1_36' title="bbox 1982 621 3565 718">
     <span class='ocr_line' id='line_1_36' title="bbox 1982 621 3565 718; baseline 0.018 -42"><span class='ocrx_word' id='word_1_247' title='bbox 1982 621 2188 678; x_wconf 80' lang='lat' dir='ltr'><strong>Horum</strong></span> <span class='ocrx_word' id='word_1_248' title='bbox 2233 642 2336 681; x_wconf 91' lang='lat' dir='ltr'><strong>nos</strong></span> <span class='ocrx_word' id='word_1_249' title='bbox 2382 630 2517 683; x_wconf 80' lang='lat' dir='ltr'><strong>nihil</strong></span> <span class='ocrx_word' id='word_1_250' title='bbox 2553 632 2700 686; x_wconf 80' lang='lat' dir='ltr'><strong>aliud</strong></span> <span class='ocrx_word' id='word_1_251' title='bbox 2736 635 2964 702; x_wconf 83' lang='lat' dir='ltr'><strong>scimus,</strong></span> <span class='ocrx_word' id='word_1_252' title='bbox 2997 640 3103 695; x_wconf 90' lang='lat' dir='ltr'><strong>nisi</strong></span> <span class='ocrx_word' id='word_1_253' title='bbox 3147 645 3294 710; x_wconf 89' lang='lat' dir='ltr'><strong>quod</strong></span> <span class='ocrx_word' id='word_1_254' title='bbox 3341 661 3408 700; x_wconf 81' lang='lat' dir='ltr'><strong>ex</strong></span> <span class='ocrx_word' id='word_1_255' title='bbox 3453 664 3565 718; x_wconf 87' lang='lat' dir='ltr'><strong>quo</strong></span> 
     </span>
    </p>
   </div>
   <div class='ocr_carea' id='block_1_37' title="bbox 1983 719 3565 804">
    <p class='ocr_par' dir='ltr' id='par_1_37' title="bbox 1983 719 3565 804">
     <span class='ocr_line' id='line_1_37' title="bbox 1983 719 3565 804; baseline 0.019 -39"><span class='ocrx_word' id='word_1_256' title='bbox 1983 721 2231 783; x_wconf 90' lang='lat' dir='ltr'><strong>tempore</strong></span> <span class='ocrx_word' id='word_1_257' title='bbox 2264 725 2374 770; x_wconf 90' lang='lat' dir='ltr'><strong>tam</strong></span> <span class='ocrx_word' id='word_1_258' title='bbox 2408 719 2693 790; x_wconf 79' lang='lat' dir='ltr'><strong>indignum</strong></span> <span class='ocrx_word' id='word_1_259' title='bbox 2729 725 2911 781; x_wconf 93' lang='lat' dir='ltr'><strong>scelus</strong></span> <span class='ocrx_word' id='word_1_260' title='bbox 2952 729 3194 795; x_wconf 87' lang='lat' dir='ltr'><strong>admisit,</strong></span> <span class='ocrx_word' id='word_1_261' title='bbox 3242 736 3437 804; x_wconf 78' lang='lat' dir='ltr'><strong>Spiritu</strong></span> <span class='ocrx_word' id='word_1_262' title='bbox 3474 741 3565 796; x_wconf 83' lang='lat' dir='ltr'><strong>illa</strong></span> 
     </span>
    </p>
   </div>
   <div class='ocr_carea' id='block_1_38' title="bbox 1981 810 3561 898">
    <p class='ocr_par' dir='ltr' id='par_1_38' title="bbox 1981 810 3561 898">
     <span class='ocr_line' id='line_1_38' title="bbox 1981 810 3561 898; baseline 0.018 -40"><span class='ocrx_word' id='word_1_263' title='bbox 1981 821 2217 875; x_wconf 85' lang='lat' dir='ltr'><strong>nequam</strong></span> <span class='ocrx_word' id='word_1_264' title='bbox 2263 810 2495 879; x_wconf 88' lang='lat' dir='ltr'><strong>percita,</strong></span> <span class='ocrx_word' id='word_1_265' title='bbox 2543 813 2827 885; x_wconf 85' lang='lat' dir='ltr'><strong>hucusque</strong></span> <span class='ocrx_word' id='word_1_266' title='bbox 2876 821 3198 888; x_wconf 80' lang='lat' dir='ltr'><strong>gravissime</strong></span> <span class='ocrx_word' id='word_1_267' title='bbox 3251 836 3561 898; x_wconf 89' lang='lat' dir='ltr'><strong>torquetur.</strong></span> 
     </span>
    </p>
   </div>
   <div class='ocr_carea' id='block_1_39' title="bbox 1983 896 3564 980">
    <p class='ocr_par' dir='ltr' id='par_1_39' title="bbox 1983 896 3564 980">
     <span class='ocr_line' id='line_1_39' title="bbox 1983 896 3564 980; baseline 0.019 -32"><span class='ocrx_word' id='word_1_268' title='bbox 1983 896 2060 950; x_wconf 90' lang='lat' dir='ltr'><strong>lta</strong></span> <span class='ocrx_word' id='word_1_269' title='bbox 2081 898 2324 955; x_wconf 65' lang='lat' dir='ltr'><strong>audaces~</strong></span> <span class='ocrx_word' id='word_1_270' title='bbox 2339 915 2400 957; x_wconf 88' lang='lat' dir='ltr'><strong>ac</strong></span> <span class='ocrx_word' id='word_1_271' title='bbox 2425 905 2688 972; x_wconf 91' lang='lat' dir='ltr'><strong>protervi,</strong></span> <span class='ocrx_word' id='word_1_272' title='bbox 2709 907 3038 980; x_wconf 85' lang='lat' dir='ltr'><strong>subdolique</strong></span> <span class='ocrx_word' id='word_1_273' title='bbox 3061 916 3270 970; x_wconf 89' lang='lat' dir='ltr'><strong>versuti</strong></span> <span class='ocrx_word' id='word_1_274' title='bbox 3296 896 3564 978; x_wconf 55' lang='lat' dir='ltr'><strong>daemonis</strong></span> 
     </span>
    </p>
   </div>
   <div class='ocr_carea' id='block_1_40' title="bbox 1976 986 3562 1071">
    <p class='ocr_par' dir='ltr' id='par_1_40' title="bbox 1976 986 3562 1071">
     <span class='ocr_line' id='line_1_40' title="bbox 1976 986 3562 1071; baseline 0.02 -32"><span class='ocrx_word' id='word_1_275' title='bbox 1976 986 2535 1062; x_wconf 44' lang='lat' dir='ltr'><strong>imitatores,&#39;quibus</strong></span> <span class='ocrx_word' id='word_1_276' title='bbox 2574 998 2788 1054; x_wconf 84' lang='lat' dir='ltr'><strong>artibus</strong></span> <span class='ocrx_word' id='word_1_277' title='bbox 2818 1001 2921 1070; x_wconf 87' lang='lat' dir='ltr'><strong>ipsi</strong></span> <span class='ocrx_word' id='word_1_278' title='bbox 2952 1004 3279 1063; x_wconf 77' lang='lat' dir='ltr'><strong>calumniam</strong></span> <span class='ocrx_word' id='word_1_279' title='bbox 3315 1020 3562 1071; x_wconf 82' lang='lat' dir='ltr'><strong>texentes</strong></span> 
     </span>
    </p>
   </div>
   <div class='ocr_carea' id='block_1_41' title="bbox 1976 1077 3560 1169">
    <p class='ocr_par' dir='ltr' id='par_1_41' title="bbox 1976 1077 3560 1169">
     <span class='ocr_line' id='line_1_41' title="bbox 1976 1077 3560 1169; baseline 0.02 -39"><span class='ocrx_word' id='word_1_280' title='bbox 1976 1077 2278 1148; x_wconf 90' lang='lat' dir='ltr'><strong>plurimum</strong></span> <span class='ocrx_word' id='word_1_281' title='bbox 2317 1099 2516 1154; x_wconf 86' lang='lat' dir='ltr'><strong>capere</strong></span> <span class='ocrx_word' id='word_1_282' title='bbox 2540 1103 2604 1143; x_wconf 88' lang='lat' dir='ltr'><strong>ac</strong></span> <span class='ocrx_word' id='word_1_283' title='bbox 2649 1089 2870 1147; x_wconf 80' lang='lat' dir='ltr'><strong>irretire</strong></span> <span class='ocrx_word' id='word_1_284' title='bbox 2911 1109 3333 1169; x_wconf 83' lang='lat' dir='ltr'><strong>consueverant,</strong></span> <span class='ocrx_word' id='word_1_285' title='bbox 3363 1103 3560 1161; x_wconf 85' lang='lat' dir='ltr'><strong>iisdem</strong></span> 
     </span>
    </p>
   </div>
   <div class='ocr_carea' id='block_1_42' title="bbox 1975 1166 3331 1257">
    <p class='ocr_par' dir='ltr' id='par_1_42' title="bbox 1975 1166 3331 1257">
     <span class='ocr_line' id='line_1_42' title="bbox 1975 1166 3331 1257; baseline 0.019 -36"><span class='ocrx_word' id='word_1_286' title='bbox 1975 1166 2080 1238; x_wconf 90' lang='lat' dir='ltr'><strong>ipsi</strong></span> <span class='ocrx_word' id='word_1_287' title='bbox 2114 1174 2461 1252; x_wconf 84' lang='lat' dir='ltr'><strong>mendacium</strong></span> <span class='ocrx_word' id='word_1_288' title='bbox 2494 1180 2713 1238; x_wconf 84' lang='lat' dir='ltr'><strong>munire</strong></span> <span class='ocrx_word' id='word_1_289' title='bbox 2743 1197 2903 1238; x_wconf 86' lang='lat' dir='ltr'><strong>suum</strong></span> <span class='ocrx_word' id='word_1_290' title='bbox 2934 1187 3331 1257; x_wconf 79' lang='lat' dir='ltr'><strong>cogitaverant.</strong></span> 
     </span>
    </p>
   </div>
   <div class='ocr_carea' id='block_1_43' title="bbox 2051 1263 3558 1356">
    <p class='ocr_par' dir='ltr' id='par_1_43' title="bbox 2051 1263 3558 1356">
     <span class='ocr_line' id='line_1_43' title="bbox 2051 1263 3558 1356; baseline 0.021 -40"><span class='ocrx_word' id='word_1_291' title='bbox 2051 1263 2138 1318; x_wconf 76' lang='grc' dir='ltr'>ιι.</span> <span class='ocrx_word' id='word_1_292' title='bbox 2175 1263 2243 1319; x_wconf 81' lang='lat' dir='ltr'><strong>At</strong></span> <span class='ocrx_word' id='word_1_293' title='bbox 2276 1269 2537 1335; x_wconf 76' lang='lat' dir='ltr'><strong>praesules</strong></span> <span class='ocrx_word' id='word_1_294' title='bbox 2571 1271 2669 1335; x_wconf 83' lang='lat' dir='ltr'><strong>illi,</strong></span> <span class='ocrx_word' id='word_1_295' title='bbox 2706 1286 3030 1344; x_wconf 55' lang='lat' dir='ltr'><strong>praestantes</strong></span> <span class='ocrx_word' id='word_1_296' title='bbox 3064 1279 3364 1356; x_wconf 80' lang='lat' dir='ltr'><strong>invictique</strong></span> <span class='ocrx_word' id='word_1_297' title='bbox 3411 1293 3558 1348; x_wconf 86' lang='lat' dir='ltr'><strong>veri-</strong></span> 
     </span>
    </p>
   </div>
   <div class='ocr_carea' id='block_1_44' title="bbox 1977 1356 3558 1448">
    <p class='ocr_par' dir='ltr' id='par_1_44' title="bbox 1977 1356 3558 1448">
     <span class='ocr_line' id='line_1_44' title="bbox 1977 1356 3558 1448; baseline 0.018 -38"><span class='ocrx_word' id='word_1_298' title='bbox 1977 1356 2107 1410; x_wconf 85' lang='lat' dir='ltr'><strong>tatis</strong></span> <span class='ocrx_word' id='word_1_299' title='bbox 2150 1368 2589 1428; x_wconf 82' lang='lat' dir='ltr'><strong>propugnatores</strong></span> <span class='ocrx_word' id='word_1_300' title='bbox 2619 1379 2634 1417; x_wconf 89' lang='lat'><strong>:</strong></span> <span class='ocrx_word' id='word_1_301' title='bbox 2667 1361 2793 1421; x_wconf 64' lang='lat' dir='ltr'><strong>llaec</strong></span> <span class='ocrx_word' id='word_1_302' title='bbox 2839 1369 3085 1436; x_wconf 74' lang='lat' dir='ltr'><strong>profecto</strong></span> <span class='ocrx_word' id='word_1_303' title='bbox 3111 1374 3158 1428; x_wconf 81' lang='lat' dir='ltr'><strong>si</strong></span> <span class='ocrx_word' id='word_1_304' title='bbox 3195 1391 3321 1432; x_wconf 82' lang='lat' dir='ltr'><strong>vera</strong></span> <span class='ocrx_word' id='word_1_305' title='bbox 3350 1393 3558 1448; x_wconf 88' lang='lat' dir='ltr'><strong>essent,</strong></span> 
     </span>
    </p>
   </div>
   <div class='ocr_carea' id='block_1_45' title="bbox 1975 1447 3558 1533">
    <p class='ocr_par' dir='ltr' id='par_1_45' title="bbox 1975 1447 3558 1533">
     <span class='ocr_line' id='line_1_45' title="bbox 1975 1447 3558 1533; baseline 0.02 -33"><span class='ocrx_word' id='word_1_306' title='bbox 1975 1447 2216 1514; x_wconf 83' lang='lat' dir='ltr'><strong>aiebant,</strong></span> <span class='ocrx_word' id='word_1_307' title='bbox 2242 1451 2576 1506; x_wconf 84' lang='lat' dir='ltr'><strong>contrarium</strong></span> <span class='ocrx_word' id='word_1_308' title='bbox 2600 1455 2771 1527; x_wconf 78' lang='lat' dir='ltr'><strong>magis</strong></span> <span class='ocrx_word' id='word_1_309' title='bbox 2791 1460 2944 1529; x_wconf 90' lang='lat' dir='ltr'><strong>sequi</strong></span> <span class='ocrx_word' id='word_1_310' title='bbox 2964 1466 3272 1533; x_wconf 86' lang='lat' dir='ltr'><strong>oportebat,</strong></span> <span class='ocrx_word' id='word_1_311' title='bbox 3295 1485 3358 1526; x_wconf 92' lang='lat' dir='ltr'><strong>ac</strong></span> <span class='ocrx_word' id='word_1_312' title='bbox 3378 1475 3558 1532; x_wconf 87' lang='lat' dir='ltr'><strong>scelus</strong></span> 
     </span>
    </p>
   </div>
   <div class='ocr_carea' id='block_1_46' title="bbox 1969 1539 3557 1624">
    <p class='ocr_par' dir='ltr' id='par_1_46' title="bbox 1969 1539 3557 1624">
     <span class='ocr_line' id='line_1_46' title="bbox 1969 1539 3557 1624; baseline 0.021 -34"><span class='ocrx_word' id='word_1_313' title='bbox 1969 1539 2192 1609; x_wconf 81' lang='lat' dir='ltr'><strong>quidem</strong></span> <span class='ocrx_word' id='word_1_314' title='bbox 2225 1542 2494 1596; x_wconf 87' lang='lat' dir='ltr'><strong>celantem</strong></span> <span class='ocrx_word' id='word_1_315' title='bbox 2543 1555 2600 1600; x_wconf 90' lang='lat' dir='ltr'><strong>et</strong></span> <span class='ocrx_word' id='word_1_316' title='bbox 2652 1547 2990 1607; x_wconf 81' lang='lat' dir='ltr'><strong>inﬁciantem</strong></span> <span class='ocrx_word' id='word_1_317' title='bbox 3043 1570 3182 1614; x_wconf 71' lang='lat' dir='ltr'><strong>smve</strong></span> <span class='ocrx_word' id='word_1_318' title='bbox 3229 1577 3259 1614; x_wconf 91' lang='lat' dir='ltr'><strong>a</strong></span> <span class='ocrx_word' id='word_1_319' title='bbox 3308 1563 3557 1624; x_wconf 70' lang='lat' dir='ltr'><strong>dannone</strong></span> 
     </span>
    </p>
   </div>
   <div class='ocr_carea' id='block_1_47' title="bbox 1973 1633 3556 1712">
    <p class='ocr_par' dir='ltr' id='par_1_47' title="bbox 1973 1633 3556 1712">
     <span class='ocr_line' id='line_1_47' title="bbox 1973 1633 3556 1712; baseline 0.02 -31"><span class='ocrx_word' id='word_1_320' title='bbox 1973 1643 2076 1697; x_wconf 86' lang='lat' dir='ltr'><strong>pro</strong></span> <span class='ocrx_word' id='word_1_321' title='bbox 2109 1645 2270 1700; x_wconf 87' lang='lat' dir='ltr'><strong>poena</strong></span> <span class='ocrx_word' id='word_1_322' title='bbox 2304 1633 2686 1705; x_wconf 88' lang='lat' dir='ltr'><strong>supplicioque</strong></span> <span class='ocrx_word' id='word_1_323' title='bbox 2720 1643 2988 1710; x_wconf 87' lang='lat' dir='ltr'><strong>torqueri,</strong></span> <span class='ocrx_word' id='word_1_324' title='bbox 3021 1659 3051 1700; x_wconf 93' lang='lat' dir='ltr'><strong>a</strong></span> <span class='ocrx_word' id='word_1_325' title='bbox 3097 1650 3391 1707; x_wconf 73' lang='lat' dir='ltr'><strong>confitente</strong></span> <span class='ocrx_word' id='word_1_326' title='bbox 3423 1671 3556 1712; x_wconf 83' lang='lat' dir='ltr'><strong>vero</strong></span> 
     </span>
    </p>
   </div>
   <div class='ocr_carea' id='block_1_48' title="bbox 1971 1722 3550 1811">
    <p class='ocr_par' dir='ltr' id='par_1_48' title="bbox 1971 1722 3550 1811">
     <span class='ocr_line' id='line_1_48' title="bbox 1971 1722 3550 1811; baseline 0.019 -39"><span class='ocrx_word' id='word_1_327' title='bbox 1971 1723 2292 1789; x_wconf 88' lang='lat' dir='ltr'><strong>crimenque</strong></span> <span class='ocrx_word' id='word_1_328' title='bbox 2320 1722 2671 1792; x_wconf 88' lang='lat' dir='ltr'><strong>deprecante,</strong></span> <span class='ocrx_word' id='word_1_329' title='bbox 2707 1737 2762 1783; x_wconf 92' lang='lat' dir='ltr'><strong>et</strong></span> <span class='ocrx_word' id='word_1_330' title='bbox 2790 1730 2963 1788; x_wconf 86' lang='lat' dir='ltr'><strong>Deum</strong></span> <span class='ocrx_word' id='word_1_331' title='bbox 2998 1734 3134 1790; x_wconf 86' lang='lat' dir='ltr'><strong>iram</strong></span> <span class='ocrx_word' id='word_1_332' title='bbox 3181 1740 3461 1811; x_wconf 84' lang='lat' dir='ltr'><strong>cohibere,</strong></span> <span class='ocrx_word' id='word_1_333' title='bbox 3493 1756 3550 1802; x_wconf 89' lang='lat' dir='ltr'><strong>et</strong></span> 
     </span>
    </p>
   </div>
   <div class='ocr_carea' id='block_1_49' title="bbox 1973 1809 3554 1900">
    <p class='ocr_par' dir='ltr' id='par_1_49' title="bbox 1973 1809 3554 1900">
     <span class='ocr_line' id='line_1_49' title="bbox 1973 1809 3554 1900; baseline 0.018 -36"><span class='ocrx_word' id='word_1_334' title='bbox 1973 1809 2242 1877; x_wconf 72' lang='lat' dir='ltr'><strong>daemone,</strong></span> <span class='ocrx_word' id='word_1_335' title='bbox 2287 1815 2503 1870; x_wconf 89' lang='lat' dir='ltr'><strong>etiamsi</strong></span> <span class='ocrx_word' id='word_1_336' title='bbox 2538 1819 2696 1886; x_wconf 89' lang='lat' dir='ltr'><strong>prior</strong></span> <span class='ocrx_word' id='word_1_337' title='bbox 2741 1820 3037 1892; x_wconf 75' lang='lat' dir='ltr'><strong>invaserat,</strong></span> <span class='ocrx_word' id='word_1_338' title='bbox 3075 1829 3218 1900; x_wconf 82' lang='lat' dir='ltr'><strong>abigi</strong></span> <span class='ocrx_word' id='word_1_339' title='bbox 3263 1847 3554 1892; x_wconf 79' lang='lat' dir='ltr'><strong>consenta-</strong></span> 
     </span>
    </p>
   </div>
   <div class='ocr_carea' id='block_1_50' title="bbox 1969 1906 3548 1990">
    <p class='ocr_par' dir='ltr' id='par_1_50' title="bbox 1969 1906 3548 1990">
     <span class='ocr_line' id='line_1_50' title="bbox 1969 1906 3548 1990; baseline 0.018 -35"><span class='ocrx_word' id='word_1_340' title='bbox 1969 1917 2134 1957; x_wconf 90' lang='lat' dir='ltr'><strong>neum</strong></span> <span class='ocrx_word' id='word_1_341' title='bbox 2167 1915 2308 1960; x_wconf 89' lang='lat' dir='ltr'><strong>erat.</strong></span> <span class='ocrx_word' id='word_1_342' title='bbox 2351 1906 2443 1961; x_wconf 82' lang='lat' dir='ltr'><strong>Sic</strong></span> <span class='ocrx_word' id='word_1_343' title='bbox 2484 1917 2610 1977; x_wconf 84' lang='lat' dir='ltr'><strong>apte</strong></span> <span class='ocrx_word' id='word_1_344' title='bbox 2649 1925 2814 1979; x_wconf 91' lang='lat' dir='ltr'><strong>porro</strong></span> <span class='ocrx_word' id='word_1_345' title='bbox 2855 1915 2986 1970; x_wconf 90' lang='lat' dir='ltr'><strong>dum</strong></span> <span class='ocrx_word' id='word_1_346' title='bbox 3035 1924 3252 1990; x_wconf 86' lang='lat' dir='ltr'><strong>aperire</strong></span> <span class='ocrx_word' id='word_1_347' title='bbox 3287 1941 3407 1982; x_wconf 88' lang='lat' dir='ltr'><strong>sese</strong></span> <span class='ocrx_word' id='word_1_348' title='bbox 3449 1945 3548 1983; x_wconf 84' lang='lat' dir='ltr'><strong>vo-</strong></span> 
     </span>
    </p>
   </div>
   <div class='ocr_carea' id='block_1_51' title="bbox 1965 1989 3547 2077">
    <p class='ocr_par' dir='ltr' id='par_1_51' title="bbox 1965 1989 3547 2077">
     <span class='ocr_line' id='line_1_51' title="bbox 1965 1989 3547 2077; baseline 0.018 -33"><span class='ocrx_word' id='word_1_349' title='bbox 1965 1989 2108 2056; x_wconf 89' lang='lat' dir='ltr'><strong>lunt,</strong></span> <span class='ocrx_word' id='word_1_350' title='bbox 2133 2008 2232 2048; x_wconf 91' lang='lat' dir='ltr'><strong>sua</strong></span> <span class='ocrx_word' id='word_1_351' title='bbox 2269 1993 2372 2063; x_wconf 90' lang='lat' dir='ltr'><strong>ipsi</strong></span> <span class='ocrx_word' id='word_1_352' title='bbox 2410 1996 2686 2052; x_wconf 89' lang='lat' dir='ltr'><strong>calumnia</strong></span> <span class='ocrx_word' id='word_1_353' title='bbox 2721 2001 2858 2070; x_wconf 92' lang='lat' dir='ltr'><strong>lapsi</strong></span> <span class='ocrx_word' id='word_1_354' title='bbox 2894 1989 3078 2077; x_wconf 9' lang='lat' dir='ltr'><strong>magis,</strong></span> <span class='ocrx_word' id='word_1_355' title='bbox 3110 2009 3368 2070; x_wconf 88' lang='lat' dir='ltr'><strong>induunt.</strong></span> <span class='ocrx_word' id='word_1_356' title='bbox 3407 2015 3547 2073; x_wconf 89' lang='lat' dir='ltr'><strong>Tum</strong></span> 
     </span>
    </p>
   </div>
   <div class='ocr_carea' id='block_1_52' title="bbox 1967 2079 3547 2162">
    <p class='ocr_par' dir='ltr' id='par_1_52' title="bbox 1967 2079 3547 2162">
     <span class='ocr_line' id='line_1_52' title="bbox 1967 2079 3547 2162; baseline 0.017 -28"><span class='ocrx_word' id='word_1_357' title='bbox 1967 2079 2138 2146; x_wconf 84' lang='lat' dir='ltr'><strong>ipsam</strong></span> <span class='ocrx_word' id='word_1_358' title='bbox 2168 2083 2428 2152; x_wconf 91' lang='lat' dir='ltr'><strong>puellam,</strong></span> <span class='ocrx_word' id='word_1_359' title='bbox 2457 2100 2578 2155; x_wconf 74' lang='lat' dir='ltr'><strong>qua:</strong></span> <span class='ocrx_word' id='word_1_360' title='bbox 2616 2088 2796 2144; x_wconf 87' lang='lat' dir='ltr'><strong>adhuc</strong></span> <span class='ocrx_word' id='word_1_361' title='bbox 2821 2091 3344 2156; x_wconf 76' lang='lat' dir='ltr'><strong>faeiem&#39;immutata</strong></span> <span class='ocrx_word' id='word_1_362' title='bbox 3372 2120 3402 2158; x_wconf 90' lang='lat' dir='ltr'><strong>a</strong></span> <span class='ocrx_word' id='word_1_363' title='bbox 3434 2106 3547 2162; x_wconf 76' lang='lat' dir='ltr'><strong>da:-</strong></span> 
     </span>
    </p>
   </div>
   <div class='ocr_carea' id='block_1_53' title="bbox 1965 2173 3546 2252">
    <p class='ocr_par' dir='ltr' id='par_1_53' title="bbox 1965 2173 3546 2252">
     <span class='ocr_line' id='line_1_53' title="bbox 1965 2173 3546 2252; baseline 0.019 -29"><span class='ocrx_word' id='word_1_364' title='bbox 1965 2185 2130 2225; x_wconf 83' lang='lat' dir='ltr'><strong>mone</strong></span> <span class='ocrx_word' id='word_1_365' title='bbox 2177 2173 2481 2229; x_wconf 79' lang='lat' dir='ltr'><strong>vexabatur</strong></span> <span class='ocrx_word' id='word_1_366' title='bbox 2525 2177 2579 2231; x_wconf 90' lang='lat' dir='ltr'><strong>in</strong></span> <span class='ocrx_word' id='word_1_367' title='bbox 2629 2180 2870 2236; x_wconf 89' lang='lat' dir='ltr'><strong>medium</strong></span> <span class='ocrx_word' id='word_1_368' title='bbox 2904 2193 3175 2245; x_wconf 88' lang='lat' dir='ltr'><strong>statuunt.</strong></span> <span class='ocrx_word' id='word_1_369' title='bbox 3206 2191 3357 2247; x_wconf 84' lang='lat' dir='ltr'><strong>lianc</strong></span> <span class='ocrx_word' id='word_1_370' title='bbox 3396 2194 3546 2252; x_wconf 79' lang='lat' dir='ltr'><strong>dela-</strong></span> 
     </span>
    </p>
   </div>
   <div class='ocr_carea' id='block_1_54' title="bbox 1965 2261 3549 2350">
    <p class='ocr_par' dir='ltr' id='par_1_54' title="bbox 1965 2261 3549 2350">
     <span class='ocr_line' id='line_1_54' title="bbox 1965 2261 3549 2350; baseline 0.02 -37"><span class='ocrx_word' id='word_1_371' title='bbox 1965 2269 2113 2316; x_wconf 90' lang='lat' dir='ltr'><strong>tores</strong></span> <span class='ocrx_word' id='word_1_372' title='bbox 2144 2261 2474 2334; x_wconf 79' lang='lat' dir='ltr'><strong>interrogari</strong></span> <span class='ocrx_word' id='word_1_373' title='bbox 2524 2270 2928 2340; x_wconf 85' lang='lat' dir='ltr'><strong>permittentes,</strong></span> <span class='ocrx_word' id='word_1_374' title='bbox 2962 2276 3029 2331; x_wconf 87' lang='lat' dir='ltr'><strong>ad</strong></span> <span class='ocrx_word' id='word_1_375' title='bbox 3063 2278 3385 2350; x_wconf 81' lang='lat' dir='ltr'><strong>Gregorium</strong></span> <span class='ocrx_word' id='word_1_376' title='bbox 3425 2301 3549 2344; x_wconf 77' lang='lat' dir='ltr'><strong>sese</strong></span> 
     </span>
    </p>
   </div>
   <div class='ocr_carea' id='block_1_55' title="bbox 1963 2351 3544 2438">
    <p class='ocr_par' dir='ltr' id='par_1_55' title="bbox 1963 2351 3544 2438">
     <span class='ocr_line' id='line_1_55' title="bbox 1963 2351 3544 2438; baseline 0.018 -34"><span class='ocrx_word' id='word_1_377' title='bbox 1963 2351 2260 2422; x_wconf 87' lang='lat' dir='ltr'><strong>recipiunt,</strong></span> <span class='ocrx_word' id='word_1_378' title='bbox 2294 2363 2353 2410; x_wconf 89' lang='lat' dir='ltr'><strong>ut</strong></span> <span class='ocrx_word' id='word_1_379' title='bbox 2398 2357 2551 2412; x_wconf 90' lang='lat' dir='ltr'><strong>illum</strong></span> <span class='ocrx_word' id='word_1_380' title='bbox 2597 2364 2998 2429; x_wconf 81' lang='lat' dir='ltr'><strong>quaestionibus</strong></span> <span class='ocrx_word' id='word_1_381' title='bbox 3042 2369 3280 2438; x_wconf 87' lang='lat' dir='ltr'><strong>objectis</strong></span> <span class='ocrx_word' id='word_1_382' title='bbox 3311 2377 3544 2433; x_wconf 82' lang='lat' dir='ltr'><strong>confun-</strong></span> 
     </span>
    </p>
   </div>
   <div class='ocr_carea' id='block_1_56' title="bbox 1961 2442 3543 2528">
    <p class='ocr_par' dir='ltr' id='par_1_56' title="bbox 1961 2442 3543 2528">
     <span class='ocr_line' id='line_1_56' title="bbox 1961 2442 3543 2528; baseline 0.017 -31"><span class='ocrx_word' id='word_1_383' title='bbox 1961 2442 2175 2500; x_wconf 89' lang='lat' dir='ltr'><strong>derent.</strong></span> <span class='ocrx_word' id='word_1_384' title='bbox 2219 2445 2290 2500; x_wconf 82' lang='lat' dir='ltr'><strong>At</strong></span> <span class='ocrx_word' id='word_1_385' title='bbox 2345 2447 2434 2503; x_wconf 74' lang='lat' dir='ltr'><strong>ille</strong></span> <span class='ocrx_word' id='word_1_386' title='bbox 2497 2449 2730 2506; x_wconf 91' lang='lat' dir='ltr'><strong>multum</strong></span> <span class='ocrx_word' id='word_1_387' title='bbox 2787 2457 3112 2528; x_wconf 84' lang='lat' dir='ltr'><strong>suspirans,</strong></span> <span class='ocrx_word' id='word_1_388' title='bbox 3179 2462 3402 2523; x_wconf 88' lang='lat' dir='ltr'><strong>Davidis</strong></span> <span class='ocrx_word' id='word_1_389' title='bbox 3447 2467 3543 2524; x_wconf 76' lang='lat' dir='ltr'><strong>illa</strong></span> 
     </span>
    </p>
   </div>
   <div class='ocr_carea' id='block_1_57' title="bbox 1961 2534 3546 2613">
    <p class='ocr_par' dir='ltr' id='par_1_57' title="bbox 1961 2534 3546 2613">
     <span class='ocr_line' id='line_1_57' title="bbox 1961 2534 3546 2613; baseline 0.016 -26"><span class='ocrx_word' id='word_1_390' title='bbox 1961 2534 2127 2588; x_wconf 82' lang='lat' dir='ltr'><strong>verba</strong></span> <span class='ocrx_word' id='word_1_391' title='bbox 2153 2537 2439 2605; x_wconf 87' lang='lat' dir='ltr'><strong>respondit</strong></span> <span class='ocrx_word' id='word_1_392' title='bbox 2464 2555 2479 2592; x_wconf 93' lang='lat'><strong>:</strong></span> <span class='ocrx_word' id='word_1_393' title='bbox 2511 2557 2530 2590; x_wconf 84' lang='grc'><strong>‹</strong></span> <span class='ocrx_word' id='word_1_394' title='bbox 2563 2539 2917 2612; x_wconf 78' lang='lat' dir='ltr'><strong>lnsurgentes</strong></span> <span class='ocrx_word' id='word_1_395' title='bbox 2941 2547 3234 2606; x_wconf 89' lang='lat' dir='ltr'><strong>adversum</strong></span> <span class='ocrx_word' id='word_1_396' title='bbox 3263 2570 3349 2610; x_wconf 89' lang='lat' dir='ltr'><strong>me</strong></span> <span class='ocrx_word' id='word_1_397' title='bbox 3378 2563 3546 2613; x_wconf 74' lang='lat' dir='ltr'><strong>teStcs</strong></span> 
     </span>
    </p>
   </div>
   <div class='ocr_carea' id='block_1_58' title="bbox 1961 2624 3538 2711">
    <p class='ocr_par' dir='ltr' id='par_1_58' title="bbox 1961 2624 3538 2711">
     <span class='ocr_line' id='line_1_58' title="bbox 1961 2624 3538 2711; baseline 0.016 -33"><span class='ocrx_word' id='word_1_398' title='bbox 1961 2624 2161 2695; x_wconf 76' lang='lat' dir='ltr'><strong>iniqui,</strong></span> <span class='ocrx_word' id='word_1_399' title='bbox 2187 2641 2310 2697; x_wconf 76' lang='lat' dir='ltr'><strong>qua:</strong></span> <span class='ocrx_word' id='word_1_400' title='bbox 2335 2628 2654 2698; x_wconf 79' lang='lat' dir='ltr'><strong>ignorabam</strong></span> <span class='ocrx_word' id='word_1_401' title='bbox 2680 2633 3001 2705; x_wconf 87' lang='lat' dir='ltr'><strong>objecerunt</strong></span> <span class='ocrx_word' id='word_1_402' title='bbox 3031 2641 3199 2711; x_wconf 86' lang='lat' dir='ltr'><strong>mihi;</strong></span> <span class='ocrx_word' id='word_1_403' title='bbox 3239 2645 3378 2698; x_wconf 86' lang='lat' dir='ltr'><strong>mala</strong></span> <span class='ocrx_word' id='word_1_404' title='bbox 3402 2647 3538 2703; x_wconf 87' lang='lat' dir='ltr'><strong>mihi</strong></span> 
     </span>
    </p>
   </div>
   <div class='ocr_carea' id='block_1_59' title="bbox 1959 2716 3534 2805">
    <p class='ocr_par' dir='ltr' id='par_1_59' title="bbox 1959 2716 3534 2805">
     <span class='ocr_line' id='line_1_59' title="bbox 1959 2716 3534 2805; baseline 0.016 -36"><span class='ocrx_word' id='word_1_405' title='bbox 1959 2731 2062 2786; x_wconf 93' lang='lat' dir='ltr'><strong>pro</strong></span> <span class='ocrx_word' id='word_1_406' title='bbox 2086 2716 2249 2772; x_wconf 83' lang='lat' dir='ltr'><strong>bonis</strong></span> <span class='ocrx_word' id='word_1_407' title='bbox 2279 2720 2657 2790; x_wconf 80' lang='lat' dir='ltr'><strong>rependebant</strong></span> <span class='ocrx_word' id='word_1_408' title='bbox 2682 2725 2746 2779; x_wconf 83' lang='lat'><strong>&quot;.</strong></span> <span class='ocrx_word' id='word_1_409' title='bbox 2784 2745 2805 2778; x_wconf 73' lang='grc' dir='ltr'><strong>ι</strong></span> <span class='ocrx_word' id='word_1_410' title='bbox 2841 2728 2972 2795; x_wconf 74' lang='lat' dir='ltr'><strong>Quae</strong></span> <span class='ocrx_word' id='word_1_411' title='bbox 3001 2731 3168 2788; x_wconf 87' lang='lat' dir='ltr'><strong>simul</strong></span> <span class='ocrx_word' id='word_1_412' title='bbox 3192 2749 3258 2789; x_wconf 84' lang='lat' dir='ltr'><strong>ac</strong></span> <span class='ocrx_word' id='word_1_413' title='bbox 3282 2735 3534 2805; x_wconf 79' lang='lat' dir='ltr'><strong>dixisset,</strong></span> 
     </span>
    </p>
   </div>
   <div class='ocr_carea' id='block_1_60' title="bbox 1957 2806 3538 2885">
    <p class='ocr_par' dir='ltr' id='par_1_60' title="bbox 1957 2806 3538 2885">
     <span class='ocr_line' id='line_1_60' title="bbox 1957 2806 3538 2885; baseline 0.016 -26"><span class='ocrx_word' id='word_1_414' title='bbox 1957 2806 2140 2876; x_wconf 87' lang='lat' dir='ltr'><strong>puella</strong></span> <span class='ocrx_word' id='word_1_415' title='bbox 2169 2806 2321 2862; x_wconf 84' lang='lat' dir='ltr'><strong>humi</strong></span> <span class='ocrx_word' id='word_1_416' title='bbox 2353 2811 2613 2879; x_wconf 86' lang='lat' dir='ltr'><strong>trahitur,</strong></span> <span class='ocrx_word' id='word_1_417' title='bbox 2645 2823 2701 2869; x_wconf 91' lang='lat' dir='ltr'><strong>et</strong></span> <span class='ocrx_word' id='word_1_418' title='bbox 2723 2831 2753 2870; x_wconf 89' lang='lat' dir='ltr'><strong>a</strong></span> <span class='ocrx_word' id='word_1_419' title='bbox 2777 2816 3026 2877; x_wconf 66' lang='lat' dir='ltr'><strong>daemone</strong></span> <span class='ocrx_word' id='word_1_420' title='bbox 3055 2833 3112 2877; x_wconf 90' lang='lat' dir='ltr'><strong>ut</strong></span> <span class='ocrx_word' id='word_1_421' title='bbox 3143 2839 3268 2880; x_wconf 90' lang='lat' dir='ltr'><strong>cum</strong></span> <span class='ocrx_word' id='word_1_422' title='bbox 3300 2829 3538 2885; x_wconf 83' lang='lat' dir='ltr'><strong>maxime</strong></span> 
     </span>
    </p>
   </div>
   <div class='ocr_carea' id='block_1_61' title="bbox 1955 2897 3535 2986">
    <p class='ocr_par' dir='ltr' id='par_1_61' title="bbox 1955 2897 3535 2986">
     <span class='ocr_line' id='line_1_61' title="bbox 1955 2897 3535 2986; baseline 0.015 -35"><span class='ocrx_word' id='word_1_423' title='bbox 1955 2897 2177 2966; x_wconf 83' lang='lat' dir='ltr'><strong>laniata,</strong></span> <span class='ocrx_word' id='word_1_424' title='bbox 2222 2900 2378 2971; x_wconf 82' lang='lat' dir='ltr'><strong>juxta</strong></span> <span class='ocrx_word' id='word_1_425' title='bbox 2425 2901 2526 2958; x_wconf 91' lang='lat' dir='ltr'><strong>viri</strong></span> <span class='ocrx_word' id='word_1_426' title='bbox 2573 2907 2751 2962; x_wconf 85' lang='lat' dir='ltr'><strong>sancti</strong></span> <span class='ocrx_word' id='word_1_427' title='bbox 2799 2910 2968 2978; x_wconf 90' lang='lat' dir='ltr'><strong>pedes</strong></span> <span class='ocrx_word' id='word_1_428' title='bbox 3016 2915 3281 2986; x_wconf 86' lang='lat' dir='ltr'><strong>projecta,</strong></span> <span class='ocrx_word' id='word_1_429' title='bbox 3326 2933 3395 2972; x_wconf 81' lang='lat' dir='ltr'><strong>ex</strong></span> <span class='ocrx_word' id='word_1_430' title='bbox 3436 2933 3535 2975; x_wconf 89' lang='lat' dir='ltr'><strong>ore</strong></span> 
     </span>
    </p>
   </div>
   <div class='ocr_carea' id='block_1_62' title="bbox 265 2987 1848 3079">
    <p class='ocr_par' dir='ltr' id='par_1_62' title="bbox 265 2987 1848 3077">
     <span class='ocr_line' id='line_1_62' title="bbox 265 2987 1848 3077; baseline 0.017 -42"><span class='ocrx_word' id='word_1_431' title='bbox 265 2987 408 3057; x_wconf 72' lang='grc' dir='ltr'>πρὸς</span> <span class='ocrx_word' id='word_1_432' title='bbox 471 2992 589 3051; x_wconf 78' lang='grc' dir='ltr'>τοῖς</span> <span class='ocrx_word' id='word_1_433' title='bbox 635 2995 764 3045; x_wconf 76' lang='grc' dir='ltr'>ποσὶ</span> <span class='ocrx_word' id='word_1_434' title='bbox 819 2993 913 3048; x_wconf 83' lang='grc' dir='ltr'>τοῦ</span> <span class='ocrx_word' id='word_1_435' title='bbox 969 3000 1249 3068; x_wconf 84' lang='grc' dir='ltr'>μακαρίου</span> <span class='ocrx_word' id='word_1_436' title='bbox 1300 2999 1716 3077; x_wconf 81' lang='grc' dir='ltr'>κυλινδουμένη,</span> <span class='ocrx_word' id='word_1_437' title='bbox 1757 3010 1848 3062; x_wconf 69' lang='grc' dir='ltr'>καὶ</span> 
     </span>
    </p>
   </div>
   <div class='ocr_carea' id='block_1_63' title="bbox 1957 2987 3534 3079">
    <p class='ocr_par' dir='ltr' id='par_1_63' title="bbox 1957 2993 3534 3076">
     <span class='ocr_line' id='line_1_63' title="bbox 1957 2993 3534 3076; baseline 0.015 -33"><span class='ocrx_word' id='word_1_438' title='bbox 1957 3003 2206 3060; x_wconf 89' lang='lat' dir='ltr'><strong>spumam</strong></span> <span class='ocrx_word' id='word_1_439' title='bbox 2240 2993 2521 3061; x_wconf 86' lang='lat' dir='ltr'><strong>emittens,</strong></span> <span class='ocrx_word' id='word_1_440' title='bbox 2552 2999 2927 3055; x_wconf 78' lang='lat' dir='ltr'><strong>volutabatur.</strong></span> <span class='ocrx_word' id='word_1_441' title='bbox 2958 3003 3255 3076; x_wconf 82' lang='lat' dir='ltr'><strong>Gregorius</strong></span> <span class='ocrx_word' id='word_1_442' title='bbox 3291 3024 3438 3074; x_wconf 86' lang='lat' dir='ltr'><strong>vero,</strong></span> <span class='ocrx_word' id='word_1_443' title='bbox 3474 3023 3534 3067; x_wconf 87' lang='lat' dir='ltr'><strong>ut</strong></span> 
     </span>
    </p>
   </div>
   <div class='ocr_carea' id='block_1_64' title="bbox 264 3080 1838 3164">
    <p class='ocr_par' dir='ltr' id='par_1_64' title="bbox 264 3080 1838 3164">
     <span class='ocr_line' id='line_1_64' title="bbox 264 3080 1838 3164; baseline 0.014 -33"><span class='ocrx_word' id='word_1_444' title='bbox 264 3080 441 3149; x_wconf 65' lang='grc' dir='ltr'>ἀφρὸν</span> <span class='ocrx_word' id='word_1_445' title='bbox 475 3081 570 3134; x_wconf 81' lang='grc' dir='ltr'>τοῦ</span> <span class='ocrx_word' id='word_1_446' title='bbox 608 3084 874 3153; x_wconf 82' lang='grc' dir='ltr'>στόματος</span> <span class='ocrx_word' id='word_1_447' title='bbox 904 3087 1309 3152; x_wconf 77' lang='grc' dir='ltr'>ἁποὸλύζουσα.</span> <span class='ocrx_word' id='word_1_448' title='bbox 1355 3091 1413 3144; x_wconf 91' lang='lat'><strong>&#39;0</strong></span> <span class='ocrx_word' id='word_1_449' title='bbox 1450 3095 1636 3162; x_wconf 85' lang='grc' dir='ltr'>μέντοι</span> <span class='ocrx_word' id='word_1_450' title='bbox 1695 3096 1838 3164; x_wconf 83' lang='grc' dir='ltr'>θεῖος</span> 
     </span>
    </p>
   </div>
   <div class='ocr_carea' id='block_1_65' title="bbox 263 3168 1844 3255">
    <p class='ocr_par' dir='ltr' id='par_1_65' title="bbox 263 3168 1844 3255">
     <span class='ocr_line' id='line_1_65' title="bbox 263 3168 1844 3255; baseline 0.016 -37"><span class='ocrx_word' id='word_1_451' title='bbox 263 3168 594 3240; x_wconf 69' lang='grc' dir='ltr'>Γρηγόριος,</span> <span class='ocrx_word' id='word_1_452' title='bbox 615 3173 726 3228; x_wconf 88' lang='grc' dir='ltr'><strong>τῶν</strong></span> <span class='ocrx_word' id='word_1_453' title='bbox 748 3175 960 3246; x_wconf 76' lang='grc' dir='ltr'>ἐχθρῶν</span> <span class='ocrx_word' id='word_1_454' title='bbox 996 3178 1188 3248; x_wconf 87' lang='grc' dir='ltr'>μαθὼν</span> <span class='ocrx_word' id='word_1_455' title='bbox 1230 3181 1659 3254; x_wconf 80' lang='grc' dir='ltr'>ὑπερεύχεσθαι,</span> <span class='ocrx_word' id='word_1_456' title='bbox 1718 3190 1844 3255; x_wconf 80' lang='grc' dir='ltr'>τοὺς</span> 
     </span>
    </p>
   </div>
   <div class='ocr_carea' id='block_1_66' title="bbox 266 3259 1843 3346">
    <p class='ocr_par' dir='ltr' id='par_1_66' title="bbox 266 3259 1843 3346">
     <span class='ocr_line' id='line_1_66' title="bbox 266 3259 1843 3346; baseline 0.016 -37"><span class='ocrx_word' id='word_1_457' title='bbox 266 3259 368 3324; x_wconf 76' lang='grc' dir='ltr'>μὲν</span> <span class='ocrx_word' id='word_1_458' title='bbox 392 3261 710 3332; x_wconf 60' lang='grc' dir='ltr'>ὀφθαλμοὺς</span> <span class='ocrx_word' id='word_1_459' title='bbox 736 3267 815 3329; x_wconf 82' lang='grc' dir='ltr'><strong>είς</strong></span> <span class='ocrx_word' id='word_1_460' title='bbox 837 3269 1085 3338; x_wconf 80' lang='grc' dir='ltr'>οὐρανὸν,</span> <span class='ocrx_word' id='word_1_461' title='bbox 1127 3270 1220 3324; x_wconf 73' lang='grc' dir='ltr'><strong>τὸν</strong></span> <span class='ocrx_word' id='word_1_462' title='bbox 1245 3273 1301 3326; x_wconf 86' lang='grc' dir='ltr'>δὲ</span> <span class='ocrx_word' id='word_1_463' title='bbox 1325 3275 1448 3328; x_wconf 78' lang='grc' dir='ltr'>νοῦν</span> <span class='ocrx_word' id='word_1_464' title='bbox 1485 3278 1624 3346; x_wconf 82' lang='grc' dir='ltr'>ἄρας</span> <span class='ocrx_word' id='word_1_465' title='bbox 1649 3281 1728 3343; x_wconf 87' lang='grc' dir='ltr'><strong>είς</strong></span> <span class='ocrx_word' id='word_1_466' title='bbox 1753 3283 1843 3336; x_wconf 83' lang='grc' dir='ltr'>τὸν</span> 
     </span>
    </p>
   </div>
   <div class='ocr_carea' id='block_1_67' title="bbox 262 3351 1839 3438">
    <p class='ocr_par' dir='ltr' id='par_1_67' title="bbox 262 3351 1839 3438">
     <span class='ocr_line' id='line_1_67' title="bbox 262 3351 1839 3438; baseline 0.015 -37"><span class='ocrx_word' id='word_1_467' title='bbox 262 3351 498 3421; x_wconf 70' lang='grc' dir='ltr'>οὐρανοῦ</span> <span class='ocrx_word' id='word_1_468' title='bbox 532 3358 768 3426; x_wconf 75' lang='grc' dir='ltr'>ποιητὴν</span> <span class='ocrx_word' id='word_1_469' title='bbox 826 3360 919 3410; x_wconf 80' lang='grc' dir='ltr'>καὶ</span> <span class='ocrx_word' id='word_1_470' title='bbox 953 3360 1134 3431; x_wconf 81' lang='grc' dir='ltr'>ἡσυχῆ</span> <span class='ocrx_word' id='word_1_471' title='bbox 1163 3362 1232 3415; x_wconf 78' lang='grc' dir='ltr'>τὰ</span> <span class='ocrx_word' id='word_1_472' title='bbox 1272 3365 1500 3435; x_wconf 80' lang='grc' dir='ltr'>καρδίας</span> <span class='ocrx_word' id='word_1_473' title='bbox 1543 3369 1698 3438; x_wconf 79' lang='grc' dir='ltr'>χείλη</span> <span class='ocrx_word' id='word_1_474' title='bbox 1755 3372 1839 3425; x_wconf 86' lang='grc' dir='ltr'>κί-</span> 
     </span>
    </p>
   </div>
   <div class='ocr_carea' id='block_1_68' title="bbox 262 3440 1841 3522">
    <p class='ocr_par' dir='ltr' id='par_1_68' title="bbox 262 3440 1841 3522">
     <span class='ocr_line' id='line_1_68' title="bbox 262 3440 1841 3522; baseline 0.016 -32"><span class='ocrx_word' id='word_1_475' title='bbox 262 3440 598 3503; x_wconf 77' lang='grc' dir='ltr'>νῶν,ὲδέετο</span> <span class='ocrx_word' id='word_1_476' title='bbox 640 3446 732 3497; x_wconf 82' lang='grc' dir='ltr'>τοῦ</span> <span class='ocrx_word' id='word_1_477' title='bbox 785 3446 918 3500; x_wconf 79' lang='grc' dir='ltr'>Θεοῦ</span> <span class='ocrx_word' id='word_1_478' title='bbox 966 3451 1111 3519; x_wconf 87' lang='grc' dir='ltr'>μέγα</span> <span class='ocrx_word' id='word_1_479' title='bbox 1157 3455 1452 3522; x_wconf 74' lang='grc' dir='ltr'>στενάζων,</span> <span class='ocrx_word' id='word_1_480' title='bbox 1507 3461 1602 3512; x_wconf 77' lang='grc' dir='ltr'>καὶ</span> <span class='ocrx_word' id='word_1_481' title='bbox 1667 3465 1841 3516; x_wconf 78' lang='grc' dir='ltr'>πάντα</span> 
     </span>
    </p>
   </div>
   <div class='ocr_carea' id='block_1_69' title="bbox 261 3532 1844 3625">
    <p class='ocr_par' dir='ltr' id='par_1_69' title="bbox 261 3532 1844 3625">
     <span class='ocr_line' id='line_1_69' title="bbox 261 3532 1844 3625; baseline 0.017 -43"><span class='ocrx_word' id='word_1_482' title='bbox 261 3532 514 3600; x_wconf 65' lang='grc' dir='ltr'>ἡτένιξον</span> <span class='ocrx_word' id='word_1_483' title='bbox 549 3535 626 3600; x_wconf 83' lang='grc' dir='ltr'>ὡς</span> <span class='ocrx_word' id='word_1_484' title='bbox 660 3538 843 3593; x_wconf 73' lang='grc' dir='ltr'>αὐτόν.</span> <span class='ocrx_word' id='word_1_485' title='bbox 882 3541 1036 3595; x_wconf 77' lang='grc' dir='ltr'>Μετὰ</span> <span class='ocrx_word' id='word_1_486' title='bbox 1069 3545 1249 3616; x_wconf 76' lang='grc' dir='ltr'>δὲτὴν</span> <span class='ocrx_word' id='word_1_487' title='bbox 1282 3549 1445 3618; x_wconf 66' lang='grc' dir='ltr'>εὐχὴν</span> <span class='ocrx_word' id='word_1_488' title='bbox 1469 3551 1602 3620; x_wconf 79' lang='grc' dir='ltr'>πρὸς</span> <span class='ocrx_word' id='word_1_489' title='bbox 1621 3553 1720 3625; x_wconf 74' lang='grc' dir='ltr'>τὴν</span> <span class='ocrx_word' id='word_1_490' title='bbox 1752 3555 1844 3608; x_wconf 86' lang='grc' dir='ltr'>κό-</span> 
     </span>
    </p>
   </div>
   <div class='ocr_carea' id='block_1_70' title="bbox 264 3625 1837 3713">
    <p class='ocr_par' dir='ltr' id='par_1_70' title="bbox 264 3625 1837 3713">
     <span class='ocr_line' id='line_1_70' title="bbox 264 3625 1837 3713; baseline 0.017 -42"><span class='ocrx_word' id='word_1_491' title='bbox 264 3638 367 3690; x_wconf 81' lang='grc' dir='ltr'><strong>ρην</strong></span> <span class='ocrx_word' id='word_1_492' title='bbox 427 3625 671 3694; x_wconf 76' lang='grc' dir='ltr'>στρέψας</span> <span class='ocrx_word' id='word_1_493' title='bbox 713 3645 840 3693; x_wconf 88' lang='grc' dir='ltr'>το-ς</span> <span class='ocrx_word' id='word_1_494' title='bbox 906 3632 1242 3705; x_wconf 76' lang='grc' dir='ltr'>ὀφθαλμοὺς,</span> <span class='ocrx_word' id='word_1_495' title='bbox 1307 3639 1395 3691; x_wconf 86' lang='grc' dir='ltr'>Ἐν</span> <span class='ocrx_word' id='word_1_496' title='bbox 1462 3643 1540 3710; x_wconf 82' lang='grc' dir='ltr'>τῷ</span> <span class='ocrx_word' id='word_1_497' title='bbox 1592 3643 1837 3713; x_wconf 82' lang='grc' dir='ltr'>ὀνόματι,</span> 
     </span>
    </p>
   </div>
   <div class='ocr_carea' id='block_1_71' title="bbox 263 3716 1840 3805">
    <p class='ocr_par' dir='ltr' id='par_1_71' title="bbox 263 3716 1840 3805">
     <span class='ocr_line' id='line_1_71' title="bbox 263 3716 1840 3805; baseline 0.015 -41"><span class='ocrx_word' id='word_1_498' title='bbox 263 3716 420 3783; x_wconf 70' lang='grc' dir='ltr'>φησὶ,</span> <span class='ocrx_word' id='word_1_499' title='bbox 453 3716 547 3768; x_wconf 70' lang='grc' dir='ltr'>τοῦ</span> <span class='ocrx_word' id='word_1_500' title='bbox 583 3719 790 3789; x_wconf 79' lang='grc' dir='ltr'>Κυρίου</span> <span class='ocrx_word' id='word_1_501' title='bbox 837 3723 932 3774; x_wconf 80' lang='grc' dir='ltr'>καὶ</span> <span class='ocrx_word' id='word_1_502' title='bbox 975 3723 1231 3794; x_wconf 79' lang='grc' dir='ltr'>Σωτῆρος</span> <span class='ocrx_word' id='word_1_503' title='bbox 1277 3729 1434 3797; x_wconf 76' lang='grc' dir='ltr'>ἡμῶν</span> <span class='ocrx_word' id='word_1_504' title='bbox 1487 3730 1659 3800; x_wconf 86' lang='grc' dir='ltr'><strong>Ἰησοῦ</strong></span> <span class='ocrx_word' id='word_1_505' title='bbox 1703 3735 1840 3805; x_wconf 82' lang='grc' dir='ltr'>Χρι-</span> 
     </span>
    </p>
   </div>
   <div class='ocr_carea' id='block_1_72' title="bbox 269 3801 1837 3895">
    <p class='ocr_par' dir='ltr' id='par_1_72' title="bbox 269 3801 1837 3895">
     <span class='ocr_line' id='line_1_72' title="bbox 269 3801 1837 3895; baseline 0.015 -39"><span class='ocrx_word' id='word_1_506' title='bbox 269 3801 393 3860; x_wconf 76' lang='grc' dir='ltr'>στοῦ</span> <span class='ocrx_word' id='word_1_507' title='bbox 419 3810 537 3870; x_wconf 87' lang='grc' dir='ltr'>τοῖς</span> <span class='ocrx_word' id='word_1_508' title='bbox 574 3810 738 3863; x_wconf 79' lang='grc' dir='ltr'>αὑτοῦ</span> <span class='ocrx_word' id='word_1_509' title='bbox 769 3812 1139 3881; x_wconf 81' lang='grc' dir='ltr'>κελεύσμασιν</span> <span class='ocrx_word' id='word_1_510' title='bbox 1169 3817 1335 3870; x_wconf 80' lang='grc' dir='ltr'>εἴκων</span> <span class='ocrx_word' id='word_1_511' title='bbox 1359 3818 1565 3886; x_wconf 76' lang='grc' dir='ltr'>ἔξελθε,</span> <span class='ocrx_word' id='word_1_512' title='bbox 1625 3822 1837 3895; x_wconf 84' lang='grc' dir='ltr'>δαίμων</span> 
     </span>
    </p>
   </div>
   <div class='ocr_carea' id='block_1_73' title="bbox 261 3898 1842 3990">
    <p class='ocr_par' dir='ltr' id='par_1_73' title="bbox 261 3898 1842 3990">
     <span class='ocr_line' id='line_1_73' title="bbox 261 3898 1842 3990; baseline 0.015 -40"><span class='ocrx_word' id='word_1_513' title='bbox 261 3898 566 3970; x_wconf 74' lang='grc' dir='ltr'>ἀκάθαρτε,</span> <span class='ocrx_word' id='word_1_514' title='bbox 595 3903 671 3965; x_wconf 85' lang='grc' dir='ltr'><strong>ώς</strong></span> <span class='ocrx_word' id='word_1_515' title='bbox 694 3903 760 3956; x_wconf 84' lang='grc' dir='ltr'>ἂν</span> <span class='ocrx_word' id='word_1_516' title='bbox 808 3906 1161 3975; x_wconf 83' lang='grc' dir='ltr'>σωφρονοῦσα</span> <span class='ocrx_word' id='word_1_517' title='bbox 1197 3909 1230 3980; x_wconf 76' lang='grc' dir='ltr'><strong>ἡ</strong></span> <span class='ocrx_word' id='word_1_518' title='bbox 1264 3911 1401 3983; x_wconf 83' lang='grc' dir='ltr'>κόρη</span> <span class='ocrx_word' id='word_1_519' title='bbox 1429 3914 1661 3985; x_wconf 79' lang='grc' dir='ltr'>ταληθὲς</span> <span class='ocrx_word' id='word_1_520' title='bbox 1709 3924 1842 3990; x_wconf 74' lang='grc' dir='ltr'>περὶ</span> 
     </span>
    </p>
   </div>
   <div class='ocr_carea' id='block_1_74' title="bbox 264 3991 1838 4078">
    <p class='ocr_par' dir='ltr' id='par_1_74' title="bbox 264 3991 1838 4078">
     <span class='ocr_line' id='line_1_74' title="bbox 264 3991 1838 4078; baseline 0.015 -38"><span class='ocrx_word' id='word_1_521' title='bbox 264 3991 398 4059; x_wconf 74' lang='grc' dir='ltr'>ἐμοῦ</span> <span class='ocrx_word' id='word_1_522' title='bbox 493 3991 820 4063; x_wconf 72' lang='grc' dir='ltr'>φθέγξηται.</span> <span class='ocrx_word' id='word_1_523' title='bbox 927 3997 1062 4070; x_wconf 83' lang='grc' dir='ltr'>Παρ’</span> <span class='ocrx_word' id='word_1_524' title='bbox 1122 4001 1320 4054; x_wconf 74' lang='grc' dir='ltr'>αὐτίκα</span> <span class='ocrx_word' id='word_1_525' title='bbox 1411 4003 1469 4057; x_wconf 78' lang='grc' dir='ltr'>δὲ</span> <span class='ocrx_word' id='word_1_526' title='bbox 1554 4009 1838 4078; x_wconf 79' lang='grc' dir='ltr'>σπαράξαν</span> 
     </span>
    </p>
   </div>
   <div class='ocr_carea' id='block_1_75' title="bbox 263 4081 1831 4175">
    <p class='ocr_par' dir='ltr' id='par_1_75' title="bbox 263 4081 1831 4175">
     <span class='ocr_line' id='line_1_75' title="bbox 263 4081 1831 4175; baseline 0.015 -42"><span class='ocrx_word' id='word_1_527' title='bbox 263 4081 434 4152; x_wconf 69' lang='grc' dir='ltr'>αὐτὴν</span> <span class='ocrx_word' id='word_1_528' title='bbox 462 4087 523 4136; x_wconf 58' lang='grc' dir='ltr'><strong>τί</strong></span> <span class='ocrx_word' id='word_1_529' title='bbox 551 4084 773 4156; x_wconf 80' lang='grc' dir='ltr'>πνεῦμα</span> <span class='ocrx_word' id='word_1_530' title='bbox 793 4087 1010 4158; x_wconf 72' lang='grc' dir='ltr'>ἐξῆλθε,</span> <span class='ocrx_word' id='word_1_531' title='bbox 1059 4096 1155 4144; x_wconf 76' lang='grc' dir='ltr'>καὶ</span> <span class='ocrx_word' id='word_1_532' title='bbox 1185 4093 1326 4164; x_wconf 79' lang='grc' dir='ltr'>αὑτὴ</span> <span class='ocrx_word' id='word_1_533' title='bbox 1357 4094 1488 4148; x_wconf 81' lang='grc' dir='ltr'>ώσεὶ</span> <span class='ocrx_word' id='word_1_534' title='bbox 1515 4101 1683 4169; x_wconf 80' lang='grc' dir='ltr'>νεκρὰ</span> <span class='ocrx_word' id='word_1_535' title='bbox 1743 4096 1831 4175; x_wconf 77' lang='grc' dir='ltr'><strong>ἦν.</strong></span> 
     </span>
    </p>
   </div>
   <div class='ocr_carea' id='block_1_76' title="bbox 326 4167 1834 4261">
    <p class='ocr_par' dir='ltr' id='par_1_76' title="bbox 326 4167 1834 4261">
     <span class='ocr_line' id='line_1_76' title="bbox 326 4167 1834 4261; baseline 0.016 -40"><span class='ocrx_word' id='word_1_536' title='bbox 326 4167 464 4224; x_wconf 74' lang='lat' dir='ltr'><strong>NB’.</strong></span> <span class='ocrx_word' id='word_1_537' title='bbox 498 4169 680 4235; x_wconf 78' lang='grc' dir='ltr'>Εὐθὺς</span> <span class='ocrx_word' id='word_1_538' title='bbox 734 4172 828 4228; x_wconf 76' lang='grc' dir='ltr'>οὖν</span> <span class='ocrx_word' id='word_1_539' title='bbox 890 4180 918 4230; x_wconf 87' lang='grc' dir='ltr'>ὁ</span> <span class='ocrx_word' id='word_1_540' title='bbox 952 4175 1255 4252; x_wconf 85' lang='grc' dir='ltr'>Γρηγόριος</span> <span class='ocrx_word' id='word_1_541' title='bbox 1307 4167 1623 4256; x_wconf 77' lang='grc' dir='ltr'>λαϐόμενος</span> <span class='ocrx_word' id='word_1_542' title='bbox 1663 4167 1834 4261; x_wconf 53' lang='grc' dir='ltr'>αὐτὴν</span> 
     </span>
    </p>
   </div>
   <div class='ocr_carea' id='block_1_77' title="bbox 260 4261 1836 4346">
    <p class='ocr_par' dir='ltr' id='par_1_77' title="bbox 260 4261 1836 4346">
     <span class='ocr_line' id='line_1_77' title="bbox 260 4261 1836 4346; baseline 0.014 -34"><span class='ocrx_word' id='word_1_543' title='bbox 260 4261 354 4330; x_wconf 78' lang='grc' dir='ltr'>τῆς</span> <span class='ocrx_word' id='word_1_544' title='bbox 376 4263 570 4331; x_wconf 68' lang='grc' dir='ltr'>χειρὸς</span> <span class='ocrx_word' id='word_1_545' title='bbox 594 4264 815 4337; x_wconf 84' lang='grc' dir='ltr'>ἁνιστᾷ,</span> <span class='ocrx_word' id='word_1_546' title='bbox 849 4267 943 4321; x_wconf 81' lang='grc' dir='ltr'>καὶ</span> <span class='ocrx_word' id='word_1_547' title='bbox 979 4270 1273 4326; x_wconf 86' lang='grc' dir='ltr'>σταθεῖσαν</span> <span class='ocrx_word' id='word_1_548' title='bbox 1303 4274 1556 4346; x_wconf 76' lang='grc' dir='ltr'>ἠρώτων,</span> <span class='ocrx_word' id='word_1_549' title='bbox 1614 4279 1711 4333; x_wconf 84' lang='grc' dir='ltr'>τοῦ</span> <span class='ocrx_word' id='word_1_550' title='bbox 1750 4281 1836 4334; x_wconf 75' lang='grc' dir='ltr'>λό-</span> 
     </span>
    </p>
   </div>
   <div class='ocr_carea' id='block_1_78' title="bbox 1957 3081 3530 3171">
    <p class='ocr_par' dir='ltr' id='par_1_78' title="bbox 1957 3081 3530 3171">
     <span class='ocr_line' id='line_1_78' title="bbox 1957 3081 3530 3171; baseline 0.015 -37"><span class='ocrx_word' id='word_1_551' title='bbox 1957 3081 2052 3151; x_wconf 92' lang='lat' dir='ltr'><strong>qui</strong></span> <span class='ocrx_word' id='word_1_552' title='bbox 2081 3081 2220 3137; x_wconf 91' lang='lat' dir='ltr'><strong>bene</strong></span> <span class='ocrx_word' id='word_1_553' title='bbox 2247 3083 2486 3142; x_wconf 87' lang='lat' dir='ltr'><strong>inimicis</strong></span> <span class='ocrx_word' id='word_1_554' title='bbox 2513 3089 2726 3156; x_wconf 88' lang='lat' dir='ltr'><strong>precari</strong></span> <span class='ocrx_word' id='word_1_555' title='bbox 2761 3092 3050 3162; x_wconf 80' lang='lat' dir='ltr'><strong>didicerat,</strong></span> <span class='ocrx_word' id='word_1_556' title='bbox 3081 3100 3273 3154; x_wconf 91' lang='lat' dir='ltr'><strong>oculos</strong></span> <span class='ocrx_word' id='word_1_557' title='bbox 3301 3102 3530 3171; x_wconf 88' lang='lat' dir='ltr'><strong>quidem</strong></span> 
     </span>
    </p>
   </div>
   <div class='ocr_carea' id='block_1_79' title="bbox 1954 3175 3527 3260">
    <p class='ocr_par' dir='ltr' id='par_1_79' title="bbox 1954 3175 3527 3260">
     <span class='ocr_line' id='line_1_79' title="bbox 1954 3175 3527 3260; baseline 0.013 -31"><span class='ocrx_word' id='word_1_558' title='bbox 1954 3175 2013 3230; x_wconf 88' lang='lat' dir='ltr'><strong>in</strong></span> <span class='ocrx_word' id='word_1_559' title='bbox 2046 3177 2268 3240; x_wconf 61' lang='lat' dir='ltr'><strong>caelum,</strong></span> <span class='ocrx_word' id='word_1_560' title='bbox 2303 3189 2540 3235; x_wconf 88' lang='lat' dir='ltr'><strong>mentem</strong></span> <span class='ocrx_word' id='word_1_561' title='bbox 2583 3198 2714 3239; x_wconf 77' lang='lat' dir='ltr'><strong>vero</strong></span> <span class='ocrx_word' id='word_1_562' title='bbox 2743 3185 2813 3239; x_wconf 91' lang='lat' dir='ltr'><strong>ad</strong></span> <span class='ocrx_word' id='word_1_563' title='bbox 2857 3187 2982 3242; x_wconf 60' lang='lat' dir='ltr'><strong>caeli</strong></span> <span class='ocrx_word' id='word_1_564' title='bbox 3009 3186 3276 3258; x_wconf 86' lang='lat' dir='ltr'><strong>Opilicem</strong></span> <span class='ocrx_word' id='word_1_565' title='bbox 3313 3193 3527 3260; x_wconf 60' lang='lat' dir='ltr'><strong>tollens,</strong></span> 
     </span>
    </p>
   </div>
   <div class='ocr_carea' id='block_1_80' title="bbox 1953 3267 3530 3357">
    <p class='ocr_par' dir='ltr' id='par_1_80' title="bbox 1953 3267 3530 3357">
     <span class='ocr_line' id='line_1_80' title="bbox 1953 3267 3530 3357; baseline 0.013 -36"><span class='ocrx_word' id='word_1_566' title='bbox 1953 3282 2018 3322; x_wconf 92' lang='lat' dir='ltr'><strong>ac</strong></span> <span class='ocrx_word' id='word_1_567' title='bbox 2041 3267 2191 3323; x_wconf 89' lang='lat' dir='ltr'><strong>labra</strong></span> <span class='ocrx_word' id='word_1_568' title='bbox 2220 3271 2404 3326; x_wconf 91' lang='lat' dir='ltr'><strong>cordis</strong></span> <span class='ocrx_word' id='word_1_569' title='bbox 2433 3272 2650 3330; x_wconf 88' lang='lat' dir='ltr'><strong>silentio</strong></span> <span class='ocrx_word' id='word_1_570' title='bbox 2683 3292 2930 3344; x_wconf 89' lang='lat' dir='ltr'><strong>movens,</strong></span> <span class='ocrx_word' id='word_1_571' title='bbox 2965 3281 3136 3336; x_wconf 88' lang='lat' dir='ltr'><strong>Deum</strong></span> <span class='ocrx_word' id='word_1_572' title='bbox 3172 3285 3298 3339; x_wconf 87' lang='lat' dir='ltr'><strong>imis</strong></span> <span class='ocrx_word' id='word_1_573' title='bbox 3324 3286 3530 3357; x_wconf 52' lang='lat' dir='ltr'><strong>sinéul-</strong></span> 
     </span>
    </p>
   </div>
   <div class='ocr_carea' id='block_1_81' title="bbox 1953 3357 3531 3435">
    <p class='ocr_par' dir='ltr' id='par_1_81' title="bbox 1953 3357 3531 3435">
     <span class='ocr_line' id='line_1_81' title="bbox 1953 3357 3531 3435; baseline 0.013 -23"><span class='ocrx_word' id='word_1_574' title='bbox 1953 3357 2099 3413; x_wconf 89' lang='lat' dir='ltr'><strong>tibus</strong></span> <span class='ocrx_word' id='word_1_575' title='bbox 2133 3359 2478 3428; x_wconf 86' lang='lat' dir='ltr'><strong>obsecrabat,</strong></span> <span class='ocrx_word' id='word_1_576' title='bbox 2523 3372 2749 3435; x_wconf 89' lang='lat' dir='ltr'><strong>tumque</strong></span> <span class='ocrx_word' id='word_1_577' title='bbox 2806 3383 3000 3426; x_wconf 89' lang='lat' dir='ltr'><strong>omnes</strong></span> <span class='ocrx_word' id='word_1_578' title='bbox 3047 3373 3103 3427; x_wconf 92' lang='lat' dir='ltr'><strong>in</strong></span> <span class='ocrx_word' id='word_1_579' title='bbox 3148 3373 3301 3430; x_wconf 91' lang='lat' dir='ltr'><strong>illum</strong></span> <span class='ocrx_word' id='word_1_580' title='bbox 3338 3379 3531 3433; x_wconf 81' lang='lat' dir='ltr'><strong>ocuios</strong></span> 
     </span>
    </p>
   </div>
   <div class='ocr_carea' id='block_1_82' title="bbox 1953 3449 3529 3535">
    <p class='ocr_par' dir='ltr' id='par_1_82' title="bbox 1953 3449 3529 3535">
     <span class='ocr_line' id='line_1_82' title="bbox 1953 3449 3529 3535; baseline 0.015 -33"><span class='ocrx_word' id='word_1_581' title='bbox 1953 3449 2332 3506; x_wconf 88' lang='lat' dir='ltr'><strong>intendebant.</strong></span> <span class='ocrx_word' id='word_1_582' title='bbox 2396 3455 2524 3510; x_wconf 85' lang='lat' dir='ltr'><strong>Post</strong></span> <span class='ocrx_word' id='word_1_583' title='bbox 2586 3473 2778 3527; x_wconf 89' lang='lat' dir='ltr'><strong>preces</strong></span> <span class='ocrx_word' id='word_1_584' title='bbox 2840 3473 3024 3518; x_wconf 87' lang='lat' dir='ltr'><strong>autem</strong></span> <span class='ocrx_word' id='word_1_585' title='bbox 3094 3468 3288 3535; x_wconf 65' lang='lat' dir='ltr'><strong>puellae</strong></span> <span class='ocrx_word' id='word_1_586' title='bbox 3337 3471 3529 3524; x_wconf 89' lang='lat' dir='ltr'><strong>oculos</strong></span> 
     </span>
    </p>
   </div>
   <div class='ocr_carea' id='block_1_83' title="bbox 1951 3541 3528 3620">
    <p class='ocr_par' dir='ltr' id='par_1_83' title="bbox 1951 3541 3528 3620">
     <span class='ocr_line' id='line_1_83' title="bbox 1951 3541 3528 3620; baseline 0.013 -26"><span class='ocrx_word' id='word_1_587' title='bbox 1951 3541 2214 3611; x_wconf 86' lang='lat' dir='ltr'><strong>adjiciens</strong></span> <span class='ocrx_word' id='word_1_588' title='bbox 2247 3559 2262 3596; x_wconf 90' lang='lat'><strong>:</strong></span> <span class='ocrx_word' id='word_1_589' title='bbox 2299 3543 2358 3597; x_wconf 88' lang='lat' dir='ltr'><strong>ln</strong></span> <span class='ocrx_word' id='word_1_590' title='bbox 2387 3547 2631 3612; x_wconf 90' lang='lat' dir='ltr'><strong>nomine,</strong></span> <span class='ocrx_word' id='word_1_591' title='bbox 2665 3549 2864 3620; x_wconf 86' lang='lat' dir='ltr'><strong>inquit,</strong></span> <span class='ocrx_word' id='word_1_592' title='bbox 2899 3552 3110 3609; x_wconf 90' lang='lat' dir='ltr'><strong>Domini</strong></span> <span class='ocrx_word' id='word_1_593' title='bbox 3139 3565 3194 3609; x_wconf 86' lang='lat' dir='ltr'><strong>et</strong></span> <span class='ocrx_word' id='word_1_594' title='bbox 3219 3557 3528 3615; x_wconf 79' lang='lat' dir='ltr'><strong>Servatoris</strong></span> 
     </span>
    </p>
   </div>
   <div class='ocr_carea' id='block_1_84' title="bbox 1953 3632 3523 3716">
    <p class='ocr_par' dir='ltr' id='par_1_84' title="bbox 1953 3632 3523 3716">
     <span class='ocr_line' id='line_1_84' title="bbox 1953 3632 3523 3716; baseline 0.013 -32"><span class='ocrx_word' id='word_1_595' title='bbox 1953 3632 2127 3686; x_wconf 90' lang='lat' dir='ltr'><strong>nostri</strong></span> <span class='ocrx_word' id='word_1_596' title='bbox 2175 3632 2304 3688; x_wconf 84' lang='lat' dir='ltr'><strong>Jcsu</strong></span> <span class='ocrx_word' id='word_1_597' title='bbox 2349 3633 2576 3702; x_wconf 85' lang='lat' dir='ltr'><strong>Christi,</strong></span> <span class='ocrx_word' id='word_1_598' title='bbox 2624 3640 2743 3711; x_wconf 87' lang='lat' dir='ltr'><strong>ejus</strong></span> <span class='ocrx_word' id='word_1_599' title='bbox 2795 3643 3068 3700; x_wconf 88' lang='lat' dir='ltr'><strong>mandatis</strong></span> <span class='ocrx_word' id='word_1_600' title='bbox 3114 3646 3523 3716; x_wconf 86' lang='lat' dir='ltr'><strong>obtemperans,</strong></span> 
     </span>
    </p>
   </div>
   <div class='ocr_carea' id='block_1_85' title="bbox 1948 3722 3527 3806">
    <p class='ocr_par' dir='ltr' id='par_1_85' title="bbox 1948 3722 3527 3806">
     <span class='ocr_line' id='line_1_85' title="bbox 1948 3722 3527 3806; baseline 0.013 -30"><span class='ocrx_word' id='word_1_601' title='bbox 1948 3722 2057 3788; x_wconf 80' lang='lat' dir='ltr'><strong>exi,</strong></span> <span class='ocrx_word' id='word_1_602' title='bbox 2083 3722 2295 3778; x_wconf 68' lang='lat' dir='ltr'><strong>daemon</strong></span> <span class='ocrx_word' id='word_1_603' title='bbox 2320 3723 2710 3794; x_wconf 88' lang='lat' dir='ltr'><strong>impurissime,</strong></span> <span class='ocrx_word' id='word_1_604' title='bbox 2743 3738 2802 3784; x_wconf 92' lang='lat' dir='ltr'><strong>ut</strong></span> <span class='ocrx_word' id='word_1_605' title='bbox 2826 3733 3002 3800; x_wconf 89' lang='lat' dir='ltr'><strong>puclla</strong></span> <span class='ocrx_word' id='word_1_606' title='bbox 3046 3736 3398 3806; x_wconf 87' lang='lat' dir='ltr'><strong>resipiscens,</strong></span> <span class='ocrx_word' id='word_1_607' title='bbox 3430 3757 3527 3797; x_wconf 82' lang='lat' dir='ltr'><strong>ve-</strong></span> 
     </span>
    </p>
   </div>
   <div class='ocr_carea' id='block_1_86' title="bbox 1952 3813 3524 3899">
    <p class='ocr_par' dir='ltr' id='par_1_86' title="bbox 1952 3813 3524 3899">
     <span class='ocr_line' id='line_1_86' title="bbox 1952 3813 3524 3899; baseline 0.013 -33"><span class='ocrx_word' id='word_1_608' title='bbox 1952 3828 2072 3867; x_wconf 87' lang='lat' dir='ltr'><strong>rum</strong></span> <span class='ocrx_word' id='word_1_609' title='bbox 2102 3813 2169 3868; x_wconf 89' lang='lat' dir='ltr'><strong>de</strong></span> <span class='ocrx_word' id='word_1_610' title='bbox 2196 3829 2281 3870; x_wconf 90' lang='lat' dir='ltr'><strong>me</strong></span> <span class='ocrx_word' id='word_1_611' title='bbox 2307 3813 2564 3872; x_wconf 71' lang='lat' dir='ltr'><strong>fateatur.</strong></span> <span class='ocrx_word' id='word_1_612' title='bbox 2590 3819 2764 3875; x_wconf 88' lang='lat' dir='ltr'><strong>Porro</strong></span> <span class='ocrx_word' id='word_1_613' title='bbox 2791 3823 3041 3892; x_wconf 88' lang='lat' dir='ltr'><strong>spiritus,</strong></span> <span class='ocrx_word' id='word_1_614' title='bbox 3067 3841 3190 3881; x_wconf 89' lang='lat' dir='ltr'><strong>cum</strong></span> <span class='ocrx_word' id='word_1_615' title='bbox 3219 3843 3337 3883; x_wconf 90' lang='lat' dir='ltr'><strong>eam</strong></span> <span class='ocrx_word' id='word_1_616' title='bbox 3368 3831 3524 3899; x_wconf 86' lang='lat' dir='ltr'><strong>prius</strong></span> 
     </span>
    </p>
   </div>
   <div class='ocr_carea' id='block_1_87' title="bbox 1946 3904 3520 3987">
    <p class='ocr_par' dir='ltr' id='par_1_87' title="bbox 1946 3904 3520 3987">
     <span class='ocr_line' id='line_1_87' title="bbox 1946 3904 3520 3987; baseline 0.012 -28"><span class='ocrx_word' id='word_1_617' title='bbox 1946 3904 2297 3971; x_wconf 88' lang='lat' dir='ltr'><strong>dilaniasset,</strong></span> <span class='ocrx_word' id='word_1_618' title='bbox 2343 3908 2630 3964; x_wconf 82' lang='lat' dir='ltr'><strong>confestim</strong></span> <span class='ocrx_word' id='word_1_619' title='bbox 2677 3925 2930 3982; x_wconf 75' lang='lat' dir='ltr'><strong>egressus</strong></span> <span class='ocrx_word' id='word_1_620' title='bbox 2974 3925 3078 3982; x_wconf 89' lang='lat' dir='ltr'><strong>est,</strong></span> <span class='ocrx_word' id='word_1_621' title='bbox 3133 3918 3362 3987; x_wconf 90' lang='lat' dir='ltr'><strong>ipsaque</strong></span> <span class='ocrx_word' id='word_1_622' title='bbox 3407 3935 3520 3978; x_wconf 87' lang='lat' dir='ltr'><strong>non</strong></span> 
     </span>
    </p>
   </div>
   <div class='ocr_carea' id='block_1_88' title="bbox 1946 3999 2714 4070">
    <p class='ocr_par' dir='ltr' id='par_1_88' title="bbox 1946 3999 2714 4070">
     <span class='ocr_line' id='line_1_88' title="bbox 1946 3999 2714 4070; baseline 0.005 -19"><span class='ocrx_word' id='word_1_623' title='bbox 1946 4011 2108 4052; x_wconf 85' lang='lat' dir='ltr'><strong>secus</strong></span> <span class='ocrx_word' id='word_1_624' title='bbox 2133 4012 2199 4052; x_wconf 88' lang='lat' dir='ltr'><strong>ae</strong></span> <span class='ocrx_word' id='word_1_625' title='bbox 2228 4007 2444 4052; x_wconf 88' lang='lat' dir='ltr'><strong>mortua</strong></span> <span class='ocrx_word' id='word_1_626' title='bbox 2472 3999 2714 4070; x_wconf 85' lang='lat' dir='ltr'><strong>jacebat.</strong></span> 
     </span>
    </p>
   </div>
   <div class='ocr_carea' id='block_1_89' title="bbox 2014 4202 3515 4283">
    <p class='ocr_par' dir='ltr' id='par_1_89' title="bbox 2014 4202 3515 4283">
     <span class='ocr_line' id='line_1_89' title="bbox 2014 4202 3515 4283; baseline 0.009 -25"><span class='ocrx_word' id='word_1_627' title='bbox 2014 4202 2126 4259; x_wconf 86' lang='lat' dir='ltr'><strong>LII.</strong></span> <span class='ocrx_word' id='word_1_628' title='bbox 2157 4203 2456 4276; x_wconf 78' lang='lat' dir='ltr'><strong>Gregorius</strong></span> <span class='ocrx_word' id='word_1_629' title='bbox 2491 4205 2659 4278; x_wconf 81' lang='lat' dir='ltr'><strong>igitur</strong></span> <span class='ocrx_word' id='word_1_630' title='bbox 2689 4209 2877 4263; x_wconf 87' lang='lat' dir='ltr'><strong>statim</strong></span> <span class='ocrx_word' id='word_1_631' title='bbox 2917 4225 3078 4266; x_wconf 84' lang='lat' dir='ltr'><strong>manu</strong></span> <span class='ocrx_word' id='word_1_632' title='bbox 3117 4215 3515 4283; x_wconf 80' lang='lat' dir='ltr'><strong>apprehensum</strong></span> 
     </span>
    </p>
   </div>
   <div class='ocr_carea' id='block_1_90' title="bbox 1942 4293 3514 4372">
    <p class='ocr_par' dir='ltr' id='par_1_90' title="bbox 1942 4293 3514 4372">
     <span class='ocr_line' id='line_1_90' title="bbox 1942 4293 3514 4372; baseline 0.009 -25"><span class='ocrx_word' id='word_1_633' title='bbox 1942 4293 2125 4364; x_wconf 79' lang='lat' dir='ltr'><strong>erigit,</strong></span> <span class='ocrx_word' id='word_1_634' title='bbox 2151 4309 2215 4349; x_wconf 89' lang='lat' dir='ltr'><strong>ac</strong></span> <span class='ocrx_word' id='word_1_635' title='bbox 2242 4303 2497 4362; x_wconf 89' lang='lat' dir='ltr'><strong>stantem,</strong></span> <span class='ocrx_word' id='word_1_636' title='bbox 2525 4296 2693 4352; x_wconf 85' lang='lat' dir='ltr'><strong>verba</strong></span> <span class='ocrx_word' id='word_1_637' title='bbox 2721 4314 2840 4369; x_wconf 72' lang='lat' dir='ltr'><strong>quae</strong></span> <span class='ocrx_word' id='word_1_638' title='bbox 2867 4300 3261 4358; x_wconf 79' lang='lat' dir='ltr'><strong>Constantinus</strong></span> <span class='ocrx_word' id='word_1_639' title='bbox 3291 4305 3514 4372; x_wconf 71' lang='lat' dir='ltr'><strong>fecerat,</strong></span> 
     </span>
    </p>
   </div>
   <div class='ocr_carea' id='block_1_91' title="bbox 261 4355 1848 4465">
    <p class='ocr_par' dir='ltr' id='par_1_91' title="bbox 261 4355 1833 4438">
     <span class='ocr_line' id='line_1_91' title="bbox 261 4355 1833 4438; baseline 0.013 -33"><span class='ocrx_word' id='word_1_640' title='bbox 261 4369 355 4422; x_wconf 74' lang='grc' dir='ltr'><strong>γον</strong></span> <span class='ocrx_word' id='word_1_641' title='bbox 383 4355 478 4408; x_wconf 78' lang='grc' dir='ltr'>διὰ</span> <span class='ocrx_word' id='word_1_642' title='bbox 510 4355 608 4409; x_wconf 79' lang='grc' dir='ltr'><strong>τοῦ</strong></span> <span class='ocrx_word' id='word_1_643' title='bbox 661 4359 1078 4428; x_wconf 71' lang='grc' dir='ltr'>χαρτοφύλακος</span> <span class='ocrx_word' id='word_1_644' title='bbox 1142 4370 1454 4436; x_wconf 78' lang='grc' dir='ltr'>γινομένου,</span> <span class='ocrx_word' id='word_1_645' title='bbox 1499 4369 1726 4438; x_wconf 72' lang='grc' dir='ltr'>ἠρώτων</span> <span class='ocrx_word' id='word_1_646' title='bbox 1778 4374 1833 4426; x_wconf 78' lang='grc' dir='ltr'>δὲ</span> 
     </span>
    </p>
   </div>
   <div class='ocr_carea' id='block_1_92' title="bbox 1957 4355 3514 4465">
    <p class='ocr_par' dir='ltr' id='par_1_92' title="bbox 1963 4355 3514 4465">
     <span class='ocr_line' id='line_1_92' title="bbox 1963 4355 3514 4465; baseline 0.008 -26"><span class='ocrx_word' id='word_1_647' title='bbox 1963 4355 2316 4457; x_wconf 66' lang='lat' dir='ltr'><strong>nterrogavit,</strong></span> <span class='ocrx_word' id='word_1_648' title='bbox 2361 4387 2637 4457; x_wconf 87' lang='lat' dir='ltr'><strong>quodnam</strong></span> <span class='ocrx_word' id='word_1_649' title='bbox 2669 4401 2816 4445; x_wconf 87' lang='lat' dir='ltr'><strong>esset</strong></span> <span class='ocrx_word' id='word_1_650' title='bbox 2868 4392 2947 4446; x_wconf 90' lang='lat' dir='ltr'><strong>illi</strong></span> <span class='ocrx_word' id='word_1_651' title='bbox 2979 4408 3200 4461; x_wconf 86' lang='lat' dir='ltr'><strong>nomen,</strong></span> <span class='ocrx_word' id='word_1_652' title='bbox 3239 4395 3390 4465; x_wconf 76' lang='lat' dir='ltr'><strong>lS:]Itc</strong></span> <span class='ocrx_word' id='word_1_653' title='bbox 3438 4399 3514 4452; x_wconf 77' lang='lat' dir='ltr'><strong>illi</strong></span> 
     </span>
    </p>
   </div>
   <div class='ocr_carea' id='block_1_93' title="bbox 259 4446 1833 4535">
    <p class='ocr_par' dir='ltr' id='par_1_93' title="bbox 259 4446 1833 4535">
     <span class='ocr_line' id='line_1_93' title="bbox 259 4446 1833 4535; baseline 0.015 -38"><span class='ocrx_word' id='word_1_654' title='bbox 259 4449 310 4498; x_wconf 84' lang='grc' dir='ltr'><strong>τί</strong></span> <span class='ocrx_word' id='word_1_655' title='bbox 341 4446 518 4516; x_wconf 79' lang='grc' dir='ltr'>δνομα</span> <span class='ocrx_word' id='word_1_656' title='bbox 552 4449 747 4522; x_wconf 73' lang='grc' dir='ltr'>ταύτῃ,</span> <span class='ocrx_word' id='word_1_657' title='bbox 777 4451 871 4503; x_wconf 78' lang='grc' dir='ltr'>καὶ</span> <span class='ocrx_word' id='word_1_658' title='bbox 892 4455 941 4504; x_wconf 87' lang='grc' dir='ltr'><strong>εί</strong></span> <span class='ocrx_word' id='word_1_659' title='bbox 980 4452 1257 4526; x_wconf 89' lang='grc' dir='ltr'>γνώριμος</span> <span class='ocrx_word' id='word_1_660' title='bbox 1291 4458 1427 4530; x_wconf 74' lang='grc' dir='ltr'>αὐτῇ</span> <span class='ocrx_word' id='word_1_661' title='bbox 1479 4461 1616 4524; x_wconf 81' lang='grc' dir='ltr'>ὅλως</span> <span class='ocrx_word' id='word_1_662' title='bbox 1650 4467 1677 4516; x_wconf 84' lang='grc' dir='ltr'><strong>ό</strong></span> <span class='ocrx_word' id='word_1_663' title='bbox 1735 4465 1833 4535; x_wconf 78' lang='grc' dir='ltr'>τῆς</span> 
     </span>
    </p>
   </div>
   <div class='ocr_carea' id='block_1_94' title="bbox 273 4541 1835 4626">
    <p class='ocr_par' dir='ltr' id='par_1_94' title="bbox 273 4541 1835 4626">
     <span class='ocr_line' id='line_1_94' title="bbox 273 4541 1835 4626; baseline 0.012 -35"><span class='ocrx_word' id='word_1_664' title='bbox 273 4541 722 4610; x_wconf 80' lang='grc' dir='ltr'>Ἀκραγαντίνων</span> <span class='ocrx_word' id='word_1_665' title='bbox 762 4545 1082 4608; x_wconf 75' lang='grc' dir='ltr'>ἐπίσκοπος.</span> <span class='ocrx_word' id='word_1_666' title='bbox 1131 4547 1274 4600; x_wconf 82' lang='grc' dir='ltr'><strong>Ἡδὲ</strong></span> <span class='ocrx_word' id='word_1_667' title='bbox 1307 4549 1535 4606; x_wconf 78' lang='grc' dir='ltr'>Εὑδοκία</span> <span class='ocrx_word' id='word_1_668' title='bbox 1591 4554 1687 4624; x_wconf 81' lang='grc' dir='ltr'>μὲν</span> <span class='ocrx_word' id='word_1_669' title='bbox 1730 4557 1835 4626; x_wconf 68' lang='grc' dir='ltr'>ἔφη</span> 
     </span>
    </p>
   </div>
   <div class='ocr_carea' id='block_1_95' title="bbox 262 4634 1834 4712">
    <p class='ocr_par' dir='ltr' id='par_1_95' title="bbox 262 4634 1834 4712">
     <span class='ocr_line' id='line_1_95' title="bbox 262 4634 1834 4712; baseline 0.012 -28"><span class='ocrx_word' id='word_1_670' title='bbox 262 4634 573 4700; x_wconf 67' lang='grc' dir='ltr'>καλεῖσθαι,</span> <span class='ocrx_word' id='word_1_671' title='bbox 603 4634 896 4708; x_wconf 76' lang='grc' dir='ltr'>γνωρίζειν</span> <span class='ocrx_word' id='word_1_672' title='bbox 923 4637 980 4691; x_wconf 84' lang='grc' dir='ltr'>δὲ</span> <span class='ocrx_word' id='word_1_673' title='bbox 1009 4641 1104 4693; x_wconf 73' lang='grc' dir='ltr'>καὶ</span> <span class='ocrx_word' id='word_1_674' title='bbox 1130 4642 1375 4712; x_wconf 77' lang='grc' dir='ltr'>ἀκριϐῶς</span> <span class='ocrx_word' id='word_1_675' title='bbox 1419 4645 1651 4700; x_wconf 75' lang='grc' dir='ltr'>ἐκεῖνον·</span> <span class='ocrx_word' id='word_1_676' title='bbox 1703 4650 1834 4703; x_wconf 72' lang='grc' dir='ltr'>πολι</span> 
     </span>
    </p>
   </div>
   <div class='ocr_carea' id='block_1_96' title="bbox 259 4723 1838 4809">
    <p class='ocr_par' dir='ltr' id='par_1_96' title="bbox 259 4723 1838 4809">
     <span class='ocr_line' id='line_1_96' title="bbox 259 4723 1838 4809; baseline 0.013 -34"><span class='ocrx_word' id='word_1_677' title='bbox 259 4723 419 4788; x_wconf 72' lang='grc' dir='ltr'>λακις</span> <span class='ocrx_word' id='word_1_678' title='bbox 453 4727 564 4797; x_wconf 80' lang='grc' dir='ltr'>γὰρ</span> <span class='ocrx_word' id='word_1_679' title='bbox 600 4729 729 4782; x_wconf 84' lang='grc' dir='ltr'><strong>ίδείν</strong></span> <span class='ocrx_word' id='word_1_680' title='bbox 759 4731 922 4785; x_wconf 79' lang='grc' dir='ltr'>αὐτὸν</span> <span class='ocrx_word' id='word_1_681' title='bbox 956 4733 1164 4802; x_wconf 76' lang='grc' dir='ltr'>ἔφασκε</span> <span class='ocrx_word' id='word_1_682' title='bbox 1188 4727 1537 4809; x_wconf 78' lang='grc' dir='ltr'>διερχόμενον</span> <span class='ocrx_word' id='word_1_683' title='bbox 1569 4743 1660 4794; x_wconf 80' lang='grc' dir='ltr'><strong>καὶ</strong></span> <span class='ocrx_word' id='word_1_684' title='bbox 1709 4745 1838 4806; x_wconf 78' lang='grc' dir='ltr'>τοὺς</span> 
     </span>
    </p>
   </div>
   <div class='ocr_carea' id='block_1_97' title="bbox 260 4816 1832 4898">
    <p class='ocr_par' dir='ltr' id='par_1_97' title="bbox 260 4816 1832 4898">
     <span class='ocr_line' id='line_1_97' title="bbox 260 4816 1832 4898; baseline 0.011 -33"><span class='ocrx_word' id='word_1_685' title='bbox 260 4816 514 4883; x_wconf 71' lang='grc' dir='ltr'>πτωχοὺς</span> <span class='ocrx_word' id='word_1_686' title='bbox 535 4816 632 4884; x_wconf 80' lang='grc' dir='ltr'>τῆς</span> <span class='ocrx_word' id='word_1_687' title='bbox 651 4818 856 4882; x_wconf 83' lang='grc' dir='ltr'>πόλεως</span> <span class='ocrx_word' id='word_1_688' title='bbox 883 4821 978 4873; x_wconf 78' lang='grc' dir='ltr'>καὶ</span> <span class='ocrx_word' id='word_1_689' title='bbox 1002 4822 1316 4891; x_wconf 67' lang='grc' dir='ltr'>ἀρρώστους</span> <span class='ocrx_word' id='word_1_690' title='bbox 1339 4828 1712 4898; x_wconf 82' lang='grc' dir='ltr'>ὲπισκεπτόμε</span> <span class='ocrx_word' id='word_1_691' title='bbox 1723 4847 1832 4896; x_wconf 86' lang='grc' dir='ltr'>νον,</span> 
     </span>
    </p>
   </div>
   <div class='ocr_carea' id='block_1_98' title="bbox 257 4910 1835 4994">
    <p class='ocr_par' dir='ltr' id='par_1_98' title="bbox 257 4910 1835 4994">
     <span class='ocr_line' id='line_1_98' title="bbox 257 4910 1835 4994; baseline 0.012 -36"><span class='ocrx_word' id='word_1_692' title='bbox 257 4910 378 4969; x_wconf 81' lang='grc' dir='ltr'>ταῖς</span> <span class='ocrx_word' id='word_1_693' title='bbox 410 4923 473 4960; x_wconf 82' lang='grc' dir='ltr'><strong>τε</strong></span> <span class='ocrx_word' id='word_1_694' title='bbox 505 4910 707 4979; x_wconf 83' lang='grc' dir='ltr'>χήραις</span> <span class='ocrx_word' id='word_1_695' title='bbox 739 4915 835 4965; x_wconf 78' lang='grc' dir='ltr'>καὶ</span> <span class='ocrx_word' id='word_1_696' title='bbox 870 4916 985 4976; x_wconf 84' lang='grc' dir='ltr'>τοῖς</span> <span class='ocrx_word' id='word_1_697' title='bbox 1011 4914 1270 4985; x_wconf 74' lang='grc' dir='ltr'>ὀρφανοῖς</span> <span class='ocrx_word' id='word_1_698' title='bbox 1319 4918 1386 4972; x_wconf 72' lang='grc' dir='ltr'><strong>τὰ</strong></span> <span class='ocrx_word' id='word_1_699' title='bbox 1440 4922 1573 4990; x_wconf 67' lang='grc' dir='ltr'>πρὸς</span> <span class='ocrx_word' id='word_1_700' title='bbox 1628 4923 1835 4994; x_wconf 76' lang='grc' dir='ltr'>τροφὴν</span> 
     </span>
    </p>
   </div>
   <div class='ocr_carea' id='block_1_99' title="bbox 259 5001 1835 5083">
    <p class='ocr_par' dir='ltr' id='par_1_99' title="bbox 259 5001 1835 5083">
     <span class='ocr_line' id='line_1_99' title="bbox 259 5001 1835 5083; baseline 0.011 -34"><span class='ocrx_word' id='word_1_701' title='bbox 259 5001 665 5069; x_wconf 75' lang='grc' dir='ltr'>παρεχόμενον,</span> <span class='ocrx_word' id='word_1_702' title='bbox 708 5003 837 5056; x_wconf 84' lang='grc' dir='ltr'><strong>Ὅτε</strong></span> <span class='ocrx_word' id='word_1_703' title='bbox 869 5005 1044 5075; x_wconf 80' lang='grc' dir='ltr'>κάγὼ,</span> <span class='ocrx_word' id='word_1_704' title='bbox 1072 5012 1257 5081; x_wconf 66' lang='grc' dir='ltr'>φησιν,</span> <span class='ocrx_word' id='word_1_705' title='bbox 1285 5013 1318 5081; x_wconf 82' lang='grc' dir='ltr'><strong>ἡ</strong></span> <span class='ocrx_word' id='word_1_706' title='bbox 1352 5011 1530 5080; x_wconf 80' lang='grc' dir='ltr'>ἀθλία,</span> <span class='ocrx_word' id='word_1_707' title='bbox 1601 5017 1697 5083; x_wconf 84' lang='grc' dir='ltr'><strong>μία</strong></span> <span class='ocrx_word' id='word_1_708' title='bbox 1726 5018 1835 5067; x_wconf 86' lang='grc' dir='ltr'><strong>τῶν</strong></span> 
     </span>
    </p>
   </div>
   <div class='ocr_carea' id='block_1_100' title="bbox 259 5093 1836 5174">
    <p class='ocr_par' dir='ltr' id='par_1_100' title="bbox 259 5093 1836 5174">
     <span class='ocr_line' id='line_1_100' title="bbox 259 5093 1836 5174; baseline 0.01 -31"><span class='ocrx_word' id='word_1_709' title='bbox 259 5093 398 5162; x_wconf 79' lang='grc' dir='ltr'>παρ’</span> <span class='ocrx_word' id='word_1_710' title='bbox 427 5093 594 5145; x_wconf 79' lang='grc' dir='ltr'>αὐτοῦ</span> <span class='ocrx_word' id='word_1_711' title='bbox 626 5093 959 5167; x_wconf 80' lang='grc' dir='ltr'>έλεουμένων</span> <span class='ocrx_word' id='word_1_712' title='bbox 985 5099 1304 5170; x_wconf 73' lang='grc' dir='ltr'>ἐτύγχανον.</span> <span class='ocrx_word' id='word_1_713' title='bbox 1323 5103 1617 5174; x_wconf 73' lang='grc' dir='ltr'>ἰἰὴρώτων</span> <span class='ocrx_word' id='word_1_714' title='bbox 1635 5106 1689 5158; x_wconf 82' lang='grc' dir='ltr'>δὲ</span> <span class='ocrx_word' id='word_1_715' title='bbox 1727 5108 1836 5160; x_wconf 76' lang='grc' dir='ltr'>πα-</span> 
     </span>
    </p>
   </div>
   <div class='ocr_carea' id='block_1_101' title="bbox 253 5183 1834 5265">
    <p class='ocr_par' dir='ltr' id='par_1_101' title="bbox 253 5183 1834 5265">
     <span class='ocr_line' id='line_1_101' title="bbox 253 5183 1834 5265; baseline 0.009 -31"><span class='ocrx_word' id='word_1_716' title='bbox 253 5183 366 5246; x_wconf 75' lang='grc' dir='ltr'>λιν,</span> <span class='ocrx_word' id='word_1_717' title='bbox 396 5185 491 5236; x_wconf 78' lang='grc' dir='ltr'>καὶ</span> <span class='ocrx_word' id='word_1_718' title='bbox 531 5187 579 5237; x_wconf 82' lang='grc' dir='ltr'><strong>εί</strong></span> <span class='ocrx_word' id='word_1_719' title='bbox 631 5186 754 5239; x_wconf 78' lang='grc' dir='ltr'>καθ’</span> <span class='ocrx_word' id='word_1_720' title='bbox 806 5189 1014 5258; x_wconf 75' lang='grc' dir='ltr'>ἡδωνὴν</span> <span class='ocrx_word' id='word_1_721' title='bbox 1074 5193 1216 5259; x_wconf 82' lang='grc' dir='ltr'>ἑγνω</span> <span class='ocrx_word' id='word_1_722' title='bbox 1275 5193 1365 5246; x_wconf 70' lang='grc' dir='ltr'><strong>τὸν</strong></span> <span class='ocrx_word' id='word_1_723' title='bbox 1413 5195 1602 5265; x_wconf 83' lang='grc' dir='ltr'>ἄνδρα.</span> <span class='ocrx_word' id='word_1_724' title='bbox 1665 5197 1730 5248; x_wconf 81' lang='grc' dir='ltr'><em>Ἢ</em></span> <span class='ocrx_word' id='word_1_725' title='bbox 1757 5197 1834 5262; x_wconf 85' lang='grc' dir='ltr'>δὲ,</span> 
     </span>
    </p>
   </div>
   <div class='ocr_carea' id='block_1_102' title="bbox 254 5274 1830 5356">
    <p class='ocr_par' dir='ltr' id='par_1_102' title="bbox 254 5274 1830 5356">
     <span class='ocr_line' id='line_1_102' title="bbox 254 5274 1830 5356; baseline 0.009 -29"><span class='ocrx_word' id='word_1_726' title='bbox 254 5274 496 5328; x_wconf 75' lang='grc' dir='ltr'>ἐνταῦθα</span> <span class='ocrx_word' id='word_1_727' title='bbox 528 5280 725 5348; x_wconf 78' lang='grc' dir='ltr'>πικρόν</span> <span class='ocrx_word' id='word_1_728' title='bbox 749 5295 809 5332; x_wconf 84' lang='grc' dir='ltr'><strong>τε</strong></span> <span class='ocrx_word' id='word_1_729' title='bbox 845 5281 964 5336; x_wconf 79' lang='grc' dir='ltr'>λίαν</span> <span class='ocrx_word' id='word_1_730' title='bbox 994 5286 1088 5336; x_wconf 75' lang='grc' dir='ltr'>καὶ</span> <span class='ocrx_word' id='word_1_731' title='bbox 1145 5284 1403 5356; x_wconf 64' lang='grc' dir='ltr'>ὀδυνηρὸν</span> <span class='ocrx_word' id='word_1_732' title='bbox 1457 5287 1830 5356; x_wconf 76' lang='grc' dir='ltr'>ἁνοιμώξασα,</span> 
     </span>
    </p>
   </div>
   <div class='ocr_carea' id='block_1_103' title="bbox 253 5369 1828 5450">
    <p class='ocr_par' dir='ltr' id='par_1_103' title="bbox 253 5369 1828 5450">
     <span class='ocr_line' id='line_1_103' title="bbox 253 5369 1828 5450; baseline 0.006 -28"><span class='ocrx_word' id='word_1_733' title='bbox 253 5376 354 5422; x_wconf 71' lang='grc' dir='ltr'>καὶ</span> <span class='ocrx_word' id='word_1_734' title='bbox 377 5369 630 5440; x_wconf 75' lang='grc' dir='ltr'>δακρύων</span> <span class='ocrx_word' id='word_1_735' title='bbox 663 5372 790 5436; x_wconf 72' lang='grc' dir='ltr'>τοὺς</span> <span class='ocrx_word' id='word_1_736' title='bbox 817 5373 1130 5445; x_wconf 66' lang='grc' dir='ltr'>ὀφθαλμοὺς</span> <span class='ocrx_word' id='word_1_737' title='bbox 1158 5377 1432 5448; x_wconf 78' lang='grc' dir='ltr'>πλήσασα,</span> <span class='ocrx_word' id='word_1_738' title='bbox 1467 5381 1546 5442; x_wconf 82' lang='grc' dir='ltr'><strong>εἰς</strong></span> <span class='ocrx_word' id='word_1_739' title='bbox 1590 5383 1828 5450; x_wconf 79' lang='grc' dir='ltr'>ἐπήκοον</span> 
     </span>
    </p>
   </div>
   <div class='ocr_carea' id='block_1_104' title="bbox 256 5459 1828 5540">
    <p class='ocr_par' dir='ltr' id='par_1_104' title="bbox 256 5459 1828 5540">
     <span class='ocr_line' id='line_1_104' title="bbox 256 5459 1828 5540; baseline 0.008 -30"><span class='ocrx_word' id='word_1_740' title='bbox 256 5459 482 5511; x_wconf 72' lang='grc' dir='ltr'>πάντων</span> <span class='ocrx_word' id='word_1_741' title='bbox 512 5459 809 5530; x_wconf 66' lang='grc' dir='ltr'>ἀνέκραγεο</span> <span class='ocrx_word' id='word_1_742' title='bbox 839 5463 913 5533; x_wconf 68' lang='grc' dir='ltr'>Ζῂ</span> <span class='ocrx_word' id='word_1_743' title='bbox 958 5466 1183 5534; x_wconf 77' lang='grc' dir='ltr'>Κύριος,</span> <span class='ocrx_word' id='word_1_744' title='bbox 1223 5467 1322 5519; x_wconf 74' lang='grc' dir='ltr'>οὐκ</span> <span class='ocrx_word' id='word_1_745' title='bbox 1353 5463 1466 5520; x_wconf 81' lang='grc' dir='ltr'>οἶδα</span> <span class='ocrx_word' id='word_1_746' title='bbox 1501 5466 1590 5522; x_wconf 79' lang='grc' dir='ltr'>τὸν</span> <span class='ocrx_word' id='word_1_747' title='bbox 1617 5470 1828 5540; x_wconf 80' lang='grc' dir='ltr'>ἅνθρω-</span> 
     </span>
    </p>
   </div>
   <div class='ocr_carea' id='block_1_105' title="bbox 327 5651 1018 5719">
    <p class='ocr_par' dir='ltr' id='par_1_105' title="bbox 327 5651 1018 5719">
     <span class='ocr_line' id='line_1_105' title="bbox 327 5651 1018 5719; baseline -0.004 -8"><span class='ocrx_word' id='word_1_748' title='bbox 327 5657 378 5690; x_wconf 76' lang='grc'>⁸¹</span> <span class='ocrx_word' id='word_1_749' title='bbox 405 5651 549 5710; x_wconf 74' lang='lat' dir='ltr'><strong>PSal.</strong></span> <span class='ocrx_word' id='word_1_750' title='bbox 580 5668 764 5719; x_wconf 69' lang='lat' dir='ltr'><strong>xxxiv,</strong></span> <span class='ocrx_word' id='word_1_751' title='bbox 810 5653 896 5719; x_wconf 77' lang='lat' dir='ltr'><strong>il,</strong></span> <span class='ocrx_word' id='word_1_752' title='bbox 930 5651 1018 5708; x_wconf 75' lang='lat' dir='ltr'><strong>i2.</strong></span> 
     </span>
    </p>
   </div>
   <div class='ocr_carea' id='block_1_106' title="bbox 1935 4477 3512 4556">
    <p class='ocr_par' dir='ltr' id='par_1_106' title="bbox 1935 4477 3512 4556">
     <span class='ocr_line' id='line_1_106' title="bbox 1935 4477 3512 4556; baseline 0.006 -26"><span class='ocrx_word' id='word_1_753' title='bbox 1935 4477 2188 4546; x_wconf 78' lang='lat' dir='ltr'><strong>cognitus</strong></span> <span class='ocrx_word' id='word_1_754' title='bbox 2233 4477 2459 4531; x_wconf 88' lang='lat' dir='ltr'><strong>omnino</strong></span> <span class='ocrx_word' id='word_1_755' title='bbox 2499 4486 2645 4533; x_wconf 88' lang='lat' dir='ltr'><strong>esset</strong></span> <span class='ocrx_word' id='word_1_756' title='bbox 2673 4478 3151 4550; x_wconf 80' lang='lat' dir='ltr'><strong>Agrigentinorum</strong></span> <span class='ocrx_word' id='word_1_757' title='bbox 3204 4486 3356 4539; x_wconf 86' lang='lat' dir='ltr'><strong>urbis</strong></span> <span class='ocrx_word' id='word_1_758' title='bbox 3395 4488 3512 4556; x_wconf 74' lang='lat' dir='ltr'><strong>cpi-</strong></span> 
     </span>
    </p>
   </div>
   <div class='ocr_carea' id='block_1_107' title="bbox 1935 4567 3514 4646">
    <p class='ocr_par' dir='ltr' id='par_1_107' title="bbox 1935 4567 3514 4646">
     <span class='ocr_line' id='line_1_107' title="bbox 1935 4567 3514 4646; baseline 0.006 -25"><span class='ocrx_word' id='word_1_759' title='bbox 1935 4581 2156 4637; x_wconf 85' lang='lat' dir='ltr'><strong>sc0pus.</strong></span> <span class='ocrx_word' id='word_1_760' title='bbox 2206 4567 2302 4621; x_wconf 81' lang='lat' dir='ltr'><strong>illa</strong></span> <span class='ocrx_word' id='word_1_761' title='bbox 2355 4567 2656 4623; x_wconf 85' lang='lat' dir='ltr'><strong>Eudociam</strong></span> <span class='ocrx_word' id='word_1_762' title='bbox 2710 4572 2974 4646; x_wconf 84' lang='lat' dir='ltr'><strong>appellari</strong></span> <span class='ocrx_word' id='word_1_763' title='bbox 3026 4589 3121 4640; x_wconf 89' lang='lat' dir='ltr'><strong>se,</strong></span> <span class='ocrx_word' id='word_1_764' title='bbox 3178 4575 3331 4628; x_wconf 88' lang='lat' dir='ltr'><strong>illum</strong></span> <span class='ocrx_word' id='word_1_765' title='bbox 3383 4592 3514 4631; x_wconf 74' lang='lat' dir='ltr'><strong>vero</strong></span> 
     </span>
    </p>
   </div>
   <div class='ocr_carea' id='block_1_108' title="bbox 1935 4658 3514 4736">
    <p class='ocr_par' dir='ltr' id='par_1_108' title="bbox 1935 4658 3514 4736">
     <span class='ocr_line' id='line_1_108' title="bbox 1935 4658 3514 4736; baseline 0.008 -27"><span class='ocrx_word' id='word_1_766' title='bbox 1935 4658 2105 4730; x_wconf 83' lang='lat' dir='ltr'><strong>probe</strong></span> <span class='ocrx_word' id='word_1_767' title='bbox 2136 4659 2416 4728; x_wconf 77' lang='lat' dir='ltr'><strong>cognitum</strong></span> <span class='ocrx_word' id='word_1_768' title='bbox 2445 4658 2646 4715; x_wconf 86' lang='lat' dir='ltr'><strong>habere</strong></span> <span class='ocrx_word' id='word_1_769' title='bbox 2675 4660 2832 4728; x_wconf 81' lang='lat' dir='ltr'><strong>dixit,</strong></span> <span class='ocrx_word' id='word_1_770' title='bbox 2863 4665 3313 4734; x_wconf 81' lang='lat' dir='ltr'><strong>quandoquidem</strong></span> <span class='ocrx_word' id='word_1_771' title='bbox 3346 4682 3514 4736; x_wconf 83' lang='lat' dir='ltr'><strong>saepe-</strong></span> 
     </span>
    </p>
   </div>
   <div class='ocr_carea' id='block_1_109' title="bbox 1933 4749 3511 4822">
    <p class='ocr_par' dir='ltr' id='par_1_109' title="bbox 1933 4749 3511 4822">
     <span class='ocr_line' id='line_1_109' title="bbox 1933 4749 3511 4822; baseline 0.004 -18"><span class='ocrx_word' id='word_1_772' title='bbox 1933 4764 2165 4804; x_wconf 86' lang='lat' dir='ltr'><strong>numero</strong></span> <span class='ocrx_word' id='word_1_773' title='bbox 2195 4749 2555 4822; x_wconf 74' lang='lat' dir='ltr'><strong>gradientem,</strong></span> <span class='ocrx_word' id='word_1_774' title='bbox 2590 4766 2654 4805; x_wconf 85' lang='lat' dir='ltr'><strong>ac</strong></span> <span class='ocrx_word' id='word_1_775' title='bbox 2684 4754 2966 4810; x_wconf 88' lang='lat' dir='ltr'><strong>mendicos</strong></span> <span class='ocrx_word' id='word_1_776' title='bbox 2995 4757 3232 4812; x_wconf 77' lang='lat' dir='ltr'><strong>civitatis</strong></span> <span class='ocrx_word' id='word_1_777' title='bbox 3265 4758 3511 4813; x_wconf 81' lang='lat' dir='ltr'><strong>invisen—</strong></span> 
     </span>
    </p>
   </div>
   <div class='ocr_carea' id='block_1_110' title="bbox 1933 4839 3508 4913">
    <p class='ocr_par' dir='ltr' id='par_1_110' title="bbox 1933 4839 3508 4913">
     <span class='ocr_line' id='line_1_110' title="bbox 1933 4839 3508 4913; baseline 0.004 -18"><span class='ocrx_word' id='word_1_778' title='bbox 1933 4849 2065 4906; x_wconf 88' lang='lat' dir='ltr'><strong>tcm,</strong></span> <span class='ocrx_word' id='word_1_779' title='bbox 2113 4839 2297 4896; x_wconf 86' lang='lat' dir='ltr'><strong>viduis</strong></span> <span class='ocrx_word' id='word_1_780' title='bbox 2347 4841 2480 4895; x_wconf 90' lang='lat' dir='ltr'><strong>item</strong></span> <span class='ocrx_word' id='word_1_781' title='bbox 2531 4857 2595 4896; x_wconf 89' lang='lat' dir='ltr'><strong>ac</strong></span> <span class='ocrx_word' id='word_1_782' title='bbox 2650 4844 2911 4913; x_wconf 85' lang='lat' dir='ltr'><strong>orphanis</strong></span> <span class='ocrx_word' id='word_1_783' title='bbox 2976 4847 3146 4900; x_wconf 90' lang='lat' dir='ltr'><strong>victui</strong></span> <span class='ocrx_word' id='word_1_784' title='bbox 3196 4851 3508 4901; x_wconf 78' lang='lat' dir='ltr'><strong>necessaria</strong></span> 
     </span>
    </p>
   </div>
   <div class='ocr_carea' id='block_1_111' title="bbox 1930 4931 3504 5007">
    <p class='ocr_par' dir='ltr' id='par_1_111' title="bbox 1930 4931 3504 5007">
     <span class='ocr_line' id='line_1_111' title="bbox 1930 4931 3504 5007; baseline 0.004 -23"><span class='ocrx_word' id='word_1_785' title='bbox 1930 4931 2370 5005; x_wconf 83' lang='lat' dir='ltr'><strong>suppeditantem</strong></span> <span class='ocrx_word' id='word_1_786' title='bbox 2413 4933 2626 4990; x_wconf 87' lang='lat' dir='ltr'><strong>viderat</strong></span> <span class='ocrx_word' id='word_1_787' title='bbox 2673 4951 2687 4988; x_wconf 88' lang='lat'><strong>:</strong></span> <span class='ocrx_word' id='word_1_788' title='bbox 2733 4935 2965 5003; x_wconf 85' lang='lat' dir='ltr'><strong>Quando</strong></span> <span class='ocrx_word' id='word_1_789' title='bbox 3011 4947 3066 4992; x_wconf 92' lang='lat' dir='ltr'><strong>et</strong></span> <span class='ocrx_word' id='word_1_790' title='bbox 3115 4937 3252 5006; x_wconf 84' lang='lat' dir='ltr'><strong>ipsa,</strong></span> <span class='ocrx_word' id='word_1_791' title='bbox 3308 4938 3504 5007; x_wconf 79' lang='lat' dir='ltr'><strong>inquit,</strong></span> 
     </span>
    </p>
   </div>
   <div class='ocr_carea' id='block_1_112' title="bbox 1931 5024 3502 5100">
    <p class='ocr_par' dir='ltr' id='par_1_112' title="bbox 1931 5024 3502 5100">
     <span class='ocr_line' id='line_1_112' title="bbox 1931 5024 3502 5100; baseline 0.001 -21"><span class='ocrx_word' id='word_1_792' title='bbox 1931 5024 2118 5080; x_wconf 72' lang='lat' dir='ltr'><strong>infelix</strong></span> <span class='ocrx_word' id='word_1_793' title='bbox 2162 5039 2270 5079; x_wconf 90' lang='lat' dir='ltr'><strong>una</strong></span> <span class='ocrx_word' id='word_1_794' title='bbox 2312 5041 2380 5079; x_wconf 75' lang='lat' dir='ltr'><strong>ex</strong></span> <span class='ocrx_word' id='word_1_795' title='bbox 2428 5025 2518 5091; x_wconf 91' lang='lat' dir='ltr'><strong>iis,</strong></span> <span class='ocrx_word' id='word_1_796' title='bbox 2567 5027 2770 5098; x_wconf 88' lang='lat' dir='ltr'><strong>quibus</strong></span> <span class='ocrx_word' id='word_1_797' title='bbox 2815 5027 2884 5090; x_wconf 80' lang='lat' dir='ltr'><strong>ab</strong></span> <span class='ocrx_word' id='word_1_798' title='bbox 2934 5045 3002 5084; x_wconf 91' lang='lat' dir='ltr'><strong>eo</strong></span> <span class='ocrx_word' id='word_1_799' title='bbox 3046 5029 3279 5100; x_wconf 76' lang='lat' dir='ltr'><strong>benigne</strong></span> <span class='ocrx_word' id='word_1_800' title='bbox 3315 5029 3502 5093; x_wconf 74' lang='lat' dir='ltr'><strong>fiebat,</strong></span> 
     </span>
    </p>
   </div>
   <div class='ocr_carea' id='block_1_113' title="bbox 1929 5116 3504 5192">
    <p class='ocr_par' dir='ltr' id='par_1_113' title="bbox 1929 5116 3504 5192">
     <span class='ocr_line' id='line_1_113' title="bbox 1929 5116 3504 5192; baseline 0.001 -20"><span class='ocrx_word' id='word_1_801' title='bbox 1929 5116 2283 5173; x_wconf 81' lang='lat' dir='ltr'><strong>exsistebam.</strong></span> <span class='ocrx_word' id='word_1_802' title='bbox 2343 5118 2560 5174; x_wconf 80' lang='lat' dir='ltr'><strong>Rursus</strong></span> <span class='ocrx_word' id='word_1_803' title='bbox 2616 5131 2802 5176; x_wconf 89' lang='lat' dir='ltr'><strong>autem</strong></span> <span class='ocrx_word' id='word_1_804' title='bbox 2861 5121 3317 5192; x_wconf 76' lang='lat' dir='ltr'><strong>interrogabant,</strong></span> <span class='ocrx_word' id='word_1_805' title='bbox 3373 5137 3504 5175; x_wconf 86' lang='lat' dir='ltr'><strong>num</strong></span> 
     </span>
    </p>
   </div>
   <div class='ocr_carea' id='block_1_114' title="bbox 1931 5209 3507 5282">
    <p class='ocr_par' dir='ltr' id='par_1_114' title="bbox 1931 5209 3507 5282">
     <span class='ocr_line' id='line_1_114' title="bbox 1931 5209 3507 5282; baseline 0.002 -19"><span class='ocrx_word' id='word_1_806' title='bbox 1931 5212 2195 5264; x_wconf 79' lang='lat' dir='ltr'><strong>amatorie</strong></span> <span class='ocrx_word' id='word_1_807' title='bbox 2227 5209 2378 5265; x_wconf 86' lang='lat' dir='ltr'><strong>illum</strong></span> <span class='ocrx_word' id='word_1_808' title='bbox 2411 5212 2744 5282; x_wconf 81' lang='lat' dir='ltr'><strong>agnovisset.</strong></span> <span class='ocrx_word' id='word_1_809' title='bbox 2781 5213 2881 5266; x_wconf 80' lang='lat' dir='ltr'><strong>llic</strong></span> <span class='ocrx_word' id='word_1_810' title='bbox 2912 5213 3001 5267; x_wconf 89' lang='lat' dir='ltr'><strong>illa</strong></span> <span class='ocrx_word' id='word_1_811' title='bbox 3033 5227 3218 5267; x_wconf 87' lang='lat' dir='ltr'><strong>amare</strong></span> <span class='ocrx_word' id='word_1_812' title='bbox 3248 5229 3309 5266; x_wconf 78' lang='lat' dir='ltr'><strong>ac</strong></span> <span class='ocrx_word' id='word_1_813' title='bbox 3344 5213 3507 5268; x_wconf 58' lang='lat' dir='ltr'><strong>mise.</strong></span> 
     </span>
    </p>
   </div>
   <div class='ocr_carea' id='block_1_115' title="bbox 1934 5299 3502 5372">
    <p class='ocr_par' dir='ltr' id='par_1_115' title="bbox 1934 5299 3502 5372">
     <span class='ocr_line' id='line_1_115' title="bbox 1934 5299 3502 5372; baseline 0.001 -20"><span class='ocrx_word' id='word_1_814' title='bbox 1934 5299 2180 5354; x_wconf 86' lang='lat' dir='ltr'><strong>rabiliter</strong></span> <span class='ocrx_word' id='word_1_815' title='bbox 2243 5301 2626 5371; x_wconf 83' lang='lat' dir='ltr'><strong>ingemiscens,</strong></span> <span class='ocrx_word' id='word_1_816' title='bbox 2695 5301 2886 5355; x_wconf 86' lang='lat' dir='ltr'><strong>oculos</strong></span> <span class='ocrx_word' id='word_1_817' title='bbox 2950 5301 3158 5356; x_wconf 70' lang='lat' dir='ltr'><strong>suﬂusa</strong></span> <span class='ocrx_word' id='word_1_818' title='bbox 3224 5301 3502 5372; x_wconf 79' lang='lat' dir='ltr'><strong>lacrymis.</strong></span> 
     </span>
    </p>
   </div>
   <div class='ocr_carea' id='block_1_116' title="bbox 1935 5389 3504 5455">
    <p class='ocr_par' dir='ltr' id='par_1_116' title="bbox 1935 5389 3504 5455">
     <span class='ocr_line' id='line_1_116' title="bbox 1935 5389 3504 5455; baseline 0.001 -14"><span class='ocrx_word' id='word_1_819' title='bbox 1935 5403 2068 5443; x_wconf 81' lang='lat' dir='ltr'><strong>voce</strong></span> <span class='ocrx_word' id='word_1_820' title='bbox 2112 5389 2183 5445; x_wconf 89' lang='lat' dir='ltr'><strong>ita</strong></span> <span class='ocrx_word' id='word_1_821' title='bbox 2229 5397 2288 5442; x_wconf 91' lang='lat' dir='ltr'><strong>ut</strong></span> <span class='ocrx_word' id='word_1_822' title='bbox 2325 5405 2517 5444; x_wconf 90' lang='lat' dir='ltr'><strong>omnes</strong></span> <span class='ocrx_word' id='word_1_823' title='bbox 2563 5390 2912 5455; x_wconf 78' lang='lat' dir='ltr'><strong>exaudirent,</strong></span> <span class='ocrx_word' id='word_1_824' title='bbox 2954 5390 3270 5445; x_wconf 87' lang='lat' dir='ltr'><strong>inclamavit</strong></span> <span class='ocrx_word' id='word_1_825' title='bbox 3313 5409 3326 5444; x_wconf 91' lang='lat'>:</span> <span class='ocrx_word' id='word_1_826' title='bbox 3370 5392 3504 5445; x_wconf 82' lang='lat' dir='ltr'><strong>Juro</strong></span> 
     </span>
    </p>
   </div>
   <div class='ocr_carea' id='block_1_117' title="bbox 1937 5478 3505 5552">
    <p class='ocr_par' dir='ltr' id='par_1_117' title="bbox 1937 5478 3505 5552">
     <span class='ocr_line' id='line_1_117' title="bbox 1937 5478 3505 5552; baseline 0.004 -21"><span class='ocrx_word' id='word_1_827' title='bbox 1937 5478 2052 5546; x_wconf 90' lang='lat' dir='ltr'><strong>tibi,</strong></span> <span class='ocrx_word' id='word_1_828' title='bbox 2105 5495 2204 5550; x_wconf 89' lang='lat' dir='ltr'><strong>per</strong></span> <span class='ocrx_word' id='word_1_829' title='bbox 2239 5478 2525 5536; x_wconf 85' lang='lat' dir='ltr'><strong>Dominum</strong></span> <span class='ocrx_word' id='word_1_830' title='bbox 2575 5481 2770 5549; x_wconf 85' lang='lat' dir='ltr'><strong>Deum,</strong></span> <span class='ocrx_word' id='word_1_831' title='bbox 2822 5497 2907 5538; x_wconf 88' lang='lat' dir='ltr'><strong>me</strong></span> <span class='ocrx_word' id='word_1_832' title='bbox 2959 5497 3239 5552; x_wconf 87' lang='lat' dir='ltr'><strong>nunquam</strong></span> <span class='ocrx_word' id='word_1_833' title='bbox 3293 5481 3505 5542; x_wconf 79' lang='lat' dir='ltr'><strong>homini</strong></span> 
     </span>
    </p>
   </div>
  </div>
