4080 6374
629 229 744 300 259

1831 236 2116 297 MENSIS
2155 235 2594 298 NOVEMBER.

3774 241 3879 307 £60

622 348 699 405 illi
740 346 797 403 in
833 347 1112 418 voluptate
1145 345 1336 402 fuisse.
1383 344 1492 401 Sed
1523 344 1613 401 isti
1645 343 1935 415 (Sabinum
1978 362 2041 401 ac
2067 346 2192 420 Cre-

2301 364 2402 402 πον
2433 359 2624 410 ουτως,
2664 345 2780 401 ἀλλ’
2805 338 2951 400 οὗτοι
2981 345 3204 413 δείξασα
3232 346 3457 403 Σαϐῖνον
3487 348 3581 404 καὶ
3610 351 3879 422 Κρισκεν“

621 436 932 494 ευεηιίιιιιιη
968 435 1264 507 indicans),
1289 434 1400 498 isti,
1427 435 1671 504 inquam,
1698 449 1784 490 me
1814 450 2006 507 magna
2032 451 2202 506 pecu—

612 528 708 585 nia
756 526 1117 597 decipientes,
1159 541 1259 596 pro
1292 525 1608 581 testimonio
1640 527 1694 581 in
1727 525 1905 581 virum
1950 538 2201 586 sanctum

619 620 801 673 dicere
852 625 1246 687 persuaserunt
1299 633 1312 670 :
1361 615 1565 686 quibus
1615 616 1885 673 Dominus
1941 617 2013 673 ob
2063 620 2197 683 haec,

619 722 742 778 quae
791 707 939 763 circa
989 723 1077 764 me
1121 706 1482 778 injustissime
1535 708 1870 779 cogitarunt,
1923 708 2198 778 rependit,

623 806 683 851 ut
728 796 923 853 anima:
952 797 1194 868 'quidem
1228 797 1482 864 interitu,
1518 811 1751 867 corpore
1799 813 1931 855 vero
1986 798 2200 854 insania

620 887 886 943 exitiabili
936 888 1078 944 duos
1116 889 1231 960 jam
1276 904 1480 953 annos,
1529 904 1747 945 menses
1786 904 1883 946 sex
1935 890 2200 960 implicati

626 986 965 1035 tenerentur.
1003 979 1127 1036 llaac
1162 980 1350 1049 eil‘ata,
1389 982 1680 1053 episc0pos
1726 996 1919 1038 omnes
1963 983 2202 1037 cireum-

621 1070 907 1140 spiciebat.
969 1071 1174 1129 Videns
1230 1083 1411 1129 autem
1486 1073 1808 1145 Gregorium
1838 1114 1853 1140 ,
1913 1076 2202 1146 ipsumque

623 1176 982 1231 cognoscens,
1018 1163 1343 1220 festinanter
1394 1180 1514 1222 sese
1555 1167 1707 1222 illius
1753 1166 1821 1220 ad
1867 1166 2036 1233 pedes
2073 1181 2203 1237 pro-

615 1253 772 1322 jecit,
801 1252 1106 1324 Ingensque
1142 1255 1521 1321 vehementer,
1572 1271 1737 1313 voces
1772 1258 2009 1313 maxime
2037 1258 2203 1314 mise-

622 1343 823 1398 rabiles
857 1346 1160 1412 emittebat,
1208 1347 1612 1418 deceptionem,
1658 1347 2102 1419 calutnniamque
2145 1348 2201 1403 in

622 1435 800 1489 virum
835 1447 1084 1495 sanctum
1133 1439 1364 1493 multum
1406 1438 1640 1503 deﬂens,
1682 1440 1900 1494 veniam
1947 1439 2053 1494 sibi
2083 1438 2202 1494 dari

620 1523 918 1595 ﬂagitabat.
962 1528 1058 1582 ille
1086 1529 1293 1584 luctum
1323 1531 1443 1601 ejus
1487 1530 1800 1590 miseratus.
1841 1530 2201 1600 eamdemque

619 1616 696 1670 illi
748 1619 915 1674 animi
978 1619 1326 1676 all‘eclionem
1378 1623 1562 1679 inesse
1622 1638 1861 1679 cernens
1907 1641 1923 1678 :
1975 1624 2201 1678 Peccata

2306 442 2472 504 τῖνον,
2499 436 2645 494 οὗτοί
2682 457 2770 509 με,
2807 440 2962 509 φησὶ,
2986 441 3269 512 χρήμασιν
3297 441 3505 507 ἱκανοῖς
3529 443 3882 510 δελεάσαντες

2304 530 2398 582 τοῦ
2432 528 2591 597 ἀγίου
2624 531 2907 583 κατειπεῖν
2932 528 3253 595 ἀνέπεισαν,
3285 525 3367 595 οἷς
3390 532 3714 605 ἀνταποδῴη
3769 536 3883 588 Κύο

2305 636 2421 688 ριος
2449 619 2760 674 ἀδικώτατα
2786 621 2918 690 περὶ
2937 620 3037 691 ἐμὲ
3068 621 3423 692 διανοηθεῖσι,
3466 626 3565 680 καὶ
3618 626 3718 697 τὴν
3776 629 3882 698 μὲν

2301 707 2481 778 ψυχὴν
2507 709 2782 782 ἀπωλείᾳ,
2812 712 2873 765 τὸ
2902 711 2958 765 δὲ
2994 713 3157 782 σῶμα
3190 713 3482 786 δαιμονικῇ
3521 718 3876 789 περιϐαλοῦσι

2306 799 2474 871 μανίᾳ
2501 800 2716 870 χρόνοις
2743 802 2843 873 ἤδη
2875 802 3000 855 δυσὶ
3029 804 3167 875 πρὸς
3202 805 3372 876 μησὶν
3423 806 3505 873 ἐξ.
3565 807 3755 864 Ταῦτα.
3800 812 3883 864 εί-

2304 889 2481 943 ποῦσα
2508 891 2603 943 καὶ
2643 889 2759 961 ἅμα
2788 890 2999 956 πάντας
3045 894 3503 967 περιϐλεψαμένη
3564 898 3690 961 τοὺς
3758 901 3881 955 ἐπι-

2306 982 2561 1047 σκόπους,
2588 984 2899 1054 θεασαμένη
2925 1003 2982 1038 τε
3013 986 3104 1040 τὸν
3133 987 3443 1059 Γρηγόριον
3498 992 3590 1042 καὶ
3621 991 3884 1057 ἐπιγνοῦ-

2305 1091 2375 1127 σα
2406 1074 2590 1137 αὑτὸν,
2614 1075 2799 1146 δρόμῳ
2827 1076 3019 1129 πίπτει
3083 1077 3225 1147 πρὸς
3263 1079 3389 1141 τοὺς
3454 1078 3624 1132 αὑτοῦ
3688 1080 3879 1143 πόδας.

2299 1166 2612 1236 δακρύουσά
2642 1184 2703 1219 τε
2732 1168 3124 1238 ἀκατασχέτως
3153 1170 3248 1223 καὶ
3271 1171 3631 1241 οὶκτροτάτας
3661 1173 3886 1240 ἀφιεῖσα

2303 1259 2488 1324 φωνὰς
2525 1258 2697 1312 πολλά
2729 1277 2788 1312 τε
2823 1260 3233 1330 μετακλαίουσα
3258 1263 3359 1332 τῆς
3389 1263 3605 1331 ἀπάτης
3638 1266 3734 1317 καὶ
3776 1265 3879 1333 τῆς

2301 1350 2380 1411 είς
2416 1347 2507 1401 τὸν
2538 1348 2695 1414 ἆγιον
2729 1351 3096 1418 συκοφαντίας
3135 1351 3468 1422 συγγνώμην
3496 1351 3886 1423 ἐξαιτουμένη.

2306 1437 2372 1489 '0
2404 1436 2460 1490 δὲ
2491 1438 2631 1509 πρὸς
2665 1435 2846 1492 ιῐκτον
2883 1437 3008 1493 ίδὼν
3047 1441 3144 1494 καὶ
3175 1442 3457 1511 συμπαθὲς
3486 1444 3622 1511 αὐτῇ
3651 1441 3882 1511 βλέψας,

2301 1529 2374 1581 Τὸ
2426 1529 2525 1598 μὲν
2553 1530 2794 1598 ἀφιέναι,
2830 1532 2964 1603 φησὶ
3010 1532 3285 1602 ἁμαρτίας
3340 1533 3438 1603 οὐχ
3498 1532 3676 1605 ἡμῶν,
3743 1533 3885 1586 ἀλλά

2306 1618 2493 1688 μόνου,
2528 1620 2720 1687 γύναι,
2744 1618 2904 1673 τοῦτο
2936 1620 3110 1674 Θεοῦ.
3143 1622 3314 1684 Αὐτὸς
3346 1616 3438 1674 οὖν
3480 1621 3705 1684 δυνατός
3761 1625 3883 1675 ἐστι

622 1708 844 1776 quidem
872 1710 1182 1769 condonare
1209 1713 1459 1784 (inquit),
1487 1729 1519 1767 ο
1542 1715 1758 1778 mulier,
1785 1730 1893 1771 non
1921 1723 2192 1779 nostrum,

2303 1709 2623 1762 καὶτούτων
2656 1709 2748 1763 καὶ
2780 1710 3005 1764 πάντων
3059 1711 3194 1781 ὁμοῦ
3250 1711 3435 1765 δοῦναί
3486 1728 3570 1764 σοι
3591 1711 3693 1782 τὴν
3746 1727 3883 1779 συγ-

620 1800 717 1854 sed
763 1802 935 1857 solius
978 1812 1062 1858 est
1093 1804 1215 1860 Dei.
1248 1803 1453 1860 llorum
1488 1805 1653 1876 igitur
1683 1804 1774 1861 ille
1805 1806 2047 1876 itemque
2076 1821 2197 1863 om-

620 1891 798 1957 nium,
836 1893 930 1948 tibi
961 1894 1178 1949 veniam
1213 1895 1343 1951 dare
1372 1906 1570 1966 potest.
1598 1897 1710 1966 Ego
1732 1894 1886 1963 vero,
1916 1913 2037 1967 quae
2064 1913 2198 1953 mem

619 1996 804 2052 partes
838 1994 988 2049 sunt,
1018 2001 1120 2055 pro
1153 1994 1205 2042 te
1229 1987 1419 2053 orabo,
1451 1999 1509 2042 et
1540 1988 1659 2054 tibi,
1696 2005 1820 2058 quae
1851 1990 1903 2045 in
1949 2004 2036 2045 me
2072 2004 2201 2059 pec-

621 2072 793 2136 casti,
838 2073 1018 2129 libens
1066 2076 1369 2132 remittam.
1408 2077 1669 2147 Idemque
1719 2077 1865 2133 illico
1909 2078 1964 2132 in
2007 2090 2200 2147 preces

618 2163 892 2231 incubuit,
932 2163 1182 2235 Deusque
1230 2168 1309 2222 illi
1357 2168 1631 2239 propitius
1668 2167 1810 2235 luit,
1861 2183 1986 2223 mox
2031 2183 2198 2223 manu

620 2253 770 2309 illam
799 2256 1243 2326 agprebendens,
1273 2257 1472 2313 erexit.

688 2344 829 2399 LIII.
856 2345 996 2400 Dum
1026 2346 1142 2401 haec
1180 2356 1440 2418 aguntur,
1475 2350 1838 2406 admiratione
1868 2365 2063 2406 omnes
2087 2363 2201 2407 sxu-

566 2498 571 2507 ,
619 2436 841 2505 peracti,
862 2436 1127 2510 Gregorio
1151 2451 1409 2513 tanquam
1433 2458 1599 2513 supra
1620 2444 1913 2499 humanam
1944 2456 2195 2501 naturam

620 2538 830 2591 evecto,
871 2531 925 2583 in
967 2541 1250 2600 posterum
1293 2533 1597 2603 haerebant.
1646 2536 1804 2591 Hunc
1846 2537 2054 2592 exitum
2104 2535 2197 2590 illo

620 2616 711 2673 die
742 2617 811 2674 lis
848 2628 905 2675 et
946 2621 1228 2676 contentio
1276 2630 1435 2681 nacta
1466 2634 1586 2691 est;
1620 2625 1679 2679 in
1724 2626 1918 2696 hisque
1963 2626 2198 2683 concilio

621 2707 871 2775 dimisso,
907 2710 1190 2767 mulierem
1230 2713 1521 2770 clementia
1554 2717 1803 2788 judicum
1840 2718 2066 2786 inultam
2100 2720 2198 2777 lia-

621 2797 775 2863 ltuit;
816 2801 1090 2857 delatores
1129 2818 1259 2857 vero
1288 2803 1344 2857 in
1389 2806 1634 2863 medium
1674 2817 1946 2873 statuunt,
1985 2817 2046 2863 ut
2071 2824 2198 2880 gra-

619 2886 743 2940 vius
784 2888 894 2943 illis
927 2880 1257 2960 supplicium
1298 2894 1545 2962 pontifex
1589 2898 1859 2953 maximus
1903 2899 2190 2968 irrogoret.

618 2979 1012 3051 Indignabatur
1039 2983 1183 3038 enim
1206 2998 1266 3040 se
1286 2985 1355 3041 ab
1379 2986 1492 3042 illis
1515 2989 1723 3057 pariter
1738 3004 1860 3044 esse
1881 2989 2191 3060 deceptum.

618 3068 858 3126 Proinde
884 3071 1010 3127 illos
1040 3075 1277 3142 primum
1304 3076 1533 3131 oﬂ‘ensis
1559 3079 1757 3133 animis
1781 3088 1836 3134 et
1858 3081 2196 3150 gravissimis

618 3163 804 3217 verbis
835 3164 1072 3233 excepit,
1102 3179 1167 3219 ac
1193 3180 1316 3221 cum
1349 3167 1454 3223 alia
1494 3167 1736 3237 ipsorum
1773 3180 1896 3227 acta
1936 3188 2195 3242 persecu-

614 3263 729 3320 tus,
781 3264 898 3309 tum
933 3255 989 3309 in
1028 3256 1222 3325 primis
1256 3258 1428 3313 multa
1454 3275 1519 3315 ac
1547 3263 1696 3317 varia
1735 3263 1984 3336 Gregorii
2026 3268 2194 3322 mira-

616 3346 764 3413 cula,
792 3362 913 3416 quae
934 3347 1159 3405 fuerant
1184 3351 1240 3404 in
1264 3351 1437 3405 oculis
1465 3366 1658 3407 eorum
1686 3354 1854 3417 edita,
1881 3358 1990 3414 illis
2014 3362 2193 3430 gravi-

621 3444 703 3488 ter
725 3436 1124 3505 exprobrabat;
1159 3454 1224 3495 ac
1251 3452 1308 3495 ut
1330 3456 1362 3495 a
1388 3442 1660 3514 principio
1679 3444 1908 3514 quidem
1937 3459 2190 3506 sanetum

623 3525 888 3595 Spiritum
933 3530 1056 3598 ejus
1103 3540 1268 3601 caput
1315 3532 1774 3602 adumbrantem,
1824 3553 2010 3608 pausa
2058 3556 2190 3597 vero

618 3618 785 3672 surdo
819 3619 1107 3689 eidemque
1147 3634 1300 3681 muto
1342 3626 1631 3681 sanitatem
1674 3626 1997 3684 aﬂerentem
2036 3631 2189 3688 vide-

618 3720 764 3777 rant,
807 3712 914 3767 alia
957 3726 1245 3785 prasterea,
1290 3732 1632 3791 quaecunque
1675 3721 1763 3775 vir
1800 3737 1929 3778 vere
1971 3723 2189 3781 divinus

598 3804 1017 3861 admirabiliter
1058 3809 1331 3878 prmstitit,
1374 3810 1757 3881 ,percensebat,
1802 3813 1859 3867 in
1901 3815 2188 3886 ipsumque

596 3898 927 3966 {prtesertim
959 3899 1221 3957 Sabinum
1258 3902 1444 3961 acrius
1476 3903 1859 3966 invehebatur.
1890 3908 1978 3962 cui
2011 3924 2188 3979 neque

598 3986 743 4042 rlilizze
768 3991 982 4045 curatio
1005 3991 1209 4062 lignam
1237 3998 1598 4064 compescuit,
1630 4010 1732 4051 nec
1751 4011 1783 4051 a
1806 3998 2190 4057 maledicentia

616 4079 935 4146 vindicavit,
957 4082 1089 4152 quin
1111 4085 1294 4154 potius
1319 4092 1429 4140 tam
1457 4085 1671 4140 tulisset
1689 4087 1909 4152 acerbe,
1930 4097 1988 4142 ut
2007 4092 2187 4144 virum

595 4170 684 4225 de
703 4185 763 4227 se
782 4173 989 4242 optime
1011 4175 1293 4242 meritum,
1316 4184 1506 4246 tutque
1528 4178 1871 4233 curationum
1923 4180 2188 4239 beneﬁcia

618 4263 1013 4332 ingratitudine
1040 4282 1103 4322 ac
1130 4269 1463 4323 contumelia
1502 4280 1902 4339 conipensaret.
1934 4267 2058 4328 Haec
2096 4272 2187 4327 ille

616 4352 855 4420 loeutus,
874 4357 1039 4427 jussit
1059 4358 1295 4414 Felicem
1343 4361 1664 4430 episcopum
1688 4363 1893 4425 omnia,
1919 4378 2040 4433 qua:
2071 4372 2184 4419 tum

622 4442 852 4509 viderat,
872 4461 996 4501 cum
1017 4448 1085 4502 ad
1106 4451 1286 4503 virum
1314 4461 1562 4506 sanctum
1586 4452 1642 4506 in
1663 4454 1790 4510 sede
1810 4455 2186 4515 collocandum

617 4540 704 4587 est
735 4534 956 4602 missus,
988 4538 1302 4606 singulatim
1349 4556 1695 4610 percensere.
1728 4544 1965 4602 Felicem
2018 4546 2186 4618 igitur

617 4625 801 4679 omnia
834 4637 1148 4683 narrantem
1185 4646 1308 4685 cum
1336 4633 1578 4705 episc0pi
1637 4637 1938 4704 audissent,
2008 4639 2187 4694 adrni-

614 4716 759 4771 ratio
814 4717 938 4773 illos
993 4734 1059 4773 ac
1103 4732 1294 4793 stupor
1346 4723 1583 4793 invasit;
1614 4728 1750 4782 nihil
1778 4730 1929 4785 enim
1981 4731 2177 4786 borum

611 4823 858 4878 unquam
897 4810 1208 4866 audierant.
1253 4880 1259 4886 .

683 4987 819 5046 LIV.
846 4990 1114 5049 Caeterum
1137 4993 1405 5053 delatores
1426 4974 1561 5053 nibil
1588 4996 1869 5067 habentes,
1897 5000 1948 5055 in
1967 5016 2074 5071 quo
2098 5004 2188 5059 vel

604 5093 677 5134 os
700 5092 919 5148 possent
940 5084 1009 5138 ad
1038 5086 1157 5141 bare
1188 5087 1423 5155 aperire,
1475 5088 1542 5143 ad
1573 5091 1779 5145 luctum
1826 5107 1889 5146 ac
1917 5092 2183 5164 lacrymas

606 5172 1012 5245 confugientes,
1042 5178 1135 5233 illa
1162 5186 1357 5249 quovis
1414 5197 1670 5237 sermone
1697 5183 1932 5246 veriora,
1963 5185 2031 5239 ad
2067 5201 2182 5240 ma-

608 5265 1050 5325 ledicentiamae
1095 5275 1485 5329 contumeliam
1534 5275 1891 5348 detegendam
1948 5274 2183 5335 aﬂirma-

605 5354 766 5411 bant.
791 5356 1158 5425 Quamobrem
1191 5366 1491 5437 conscripti
1545 5369 1734 5423 Patres
1767 5369 1891 5423 illos
1945 5371 2090 5425 inter
2121 5386 2181 5426 se

602 5447 945 5522 disgregant,
978 5463 1034 5509 et
1056 5456 1193 5513 alios
1218 5458 1440 5525 quidem
1467 5476 1531 5515 cx
1553 5460 1805 5531 imperita
1830 5462 2179 5516 multitudine

600 5539 677 5594 ad
712 5543 989 5613 octoginta
1019 5545 1088 5599 ab
1141 5563 1246 5601 una
1271 5560 1427 5618 parte
1480 5550 1849 5616 constituunt,
1917 5550 2177 5605 Ecclesiae

603 5648 741 5688 vero
770 5636 1073 5704 ministros,
1110 5642 1387 5711 sacriSque
1430 5643 1604 5697 solum
1640 5643 1902 5709 initiatos,
1954 5643 2023 5697 ad
2079 5644 2176 5699 tri-

2266 1802 2273 1807 ’
2302 1800 2565 1871 χώρησιν.
2610 1801 2754 1869 Ἐγὼ
2786 1801 2844 1854 δέ
2871 1803 2933 1855 τό
2968 1818 3032 1871 γε
3065 1803 3199 1872 ὲμδν
3250 1801 3420 1871 μέρος
3455 1802 3550 1855 καὶ
3579 1798 3883 1871 ὑπερεύξο-

2304 1892 2405 1962 μαί
2442 1910 2536 1946 σου
2578 1894 2671 1946 καὶ
2698 1892 3036 1963 συγγνώμην
3071 1893 3245 1964 νεμῶ,
3281 1893 3379 1947 καὶ
3432 1894 3552 1965 ἆμα
3608 1893 3885 1964 ἐπηύχετσ

2304 1986 2399 2039 καὶ
2435 1984 2642 2038 ίλεοῦτο
2662 1983 2722 2037 τὸ
2750 1983 2894 2037 θεῖον
2923 1986 3114 2056 ἐαυτῇ’
3144 1980 3263 2039 εἶτα
3291 1986 3386 2038 καὶ
3420 1985 3521 2055 τῆς
3548 1984 3732 2055 χειρὸς
3778 1985 3884 2038 λα-

2299 2077 2528 2148 ϐόμενος
2550 2077 2795 2149 ἤγειρεν.

2372 2345 2498 2397 NI".
2566 2341 2863 2407 Ἐκστασις
2923 2345 2983 2397 δὲ
3062 2347 3269 2407 πάντας
3314 2343 3611 2415 ἐλάμϐανε,
3656 2345 3749 2398 καὶ
3800 2346 3878 2408 ὡς

2301 2435 2579 2506 κρείττονι
2607 2434 2846 2506 λοιπδνῆ
2872 2435 3013 2489 κατά
3046 2436 3329 2507 ἄνθρωπον
3370 2436 3653 2515 Γρηγορίῳ
3703 2453 3878 2507 προσ-

2305 2529 2471 2598 εῖχον.
2504 2526 2758 2583 Τοιοῦτον
2818 2528 2941 2582 κατ’
3004 2529 3222 2597 ἐκείνην
3268 2529 3483 2599 ἡμέραν
3529 2528 3624 2582 τοῦ
3666 2530 3881 2598 ἀγῶνος

2250 2622 2261 2629 ’
2302 2619 2480 2687 πέρας
2510 2617 2798 2686 λαϐόντος,
2831 2620 2929 2673 καὶ
2959 2619 3052 2672 ἐπὶ
3076 2617 3292 2684 τούτοις
3338 2617 3434 2673 τοῦ
3469 2620 3729 2687 συλλόγου
3760 2622 3881 2674 διας

2294 2707 2573 2771 λυθέντος,
2626 2708 2727 2780 τὴν
2776 2708 2904 2773 ἑξῆς
2949 2709 3058 2763 τῶν
3115 2711 3406 2780 ἐπιτιμίων
3460 2711 3511 2763 οί
3564 2710 3882 2776 δικάζοντες

2295 2799 2604 2864 ἐποιοῦντο,
2625 2800 2723 2854 καὶ
2752 2799 2949 2869 ἄγουσι
2971 2802 3098 2865 τοὺς
3146 2800 3490 2873 κατηγόρους
3551 2804 3632 2865 είς
3684 2790 3878 2873 μέσον.

2299 2893 2410 2945 Καὶ
2434 2894 2463 2945 ὁ
2489 2892 2746 2959 πάππας,
2777 2894 2864 2947 ἴνα
2892 2911 2956 2963 γε
2982 2895 3076 2948 καὶ
3125 2894 3435 2965 βαρυτέραν
3457 2895 3731 2969 ἐπενέγκῃ
3776 2896 3882 2965 τὴν

2294 2986 2584 3057 τιμωρίαν,
2649 2987 2972 3058 ἐχαλέπαινε
3030 2988 3138 3059 γάρ
3189 2989 3273 3057 ἐφ’
3328 2983 3408 3051 οἷς
3455 2989 3551 3042 καὶ
3600 2989 3763 3051 αὐτὸς
3784 2988 3880 3041 ὑπ’

2220 3060 2264 3124 C
2299 3074 2479 3127 αὐτῶν
2515 3076 2795 3147 ἠπατήθη,
2827 3077 3188 3148 σφοδρότερον
3213 3078 3305 3131 τὸν
3331 3079 3464 3150 πρὸς
3507 3078 3702 3142 αὐτοὺς
3740 3095 3879 3130 κατ-

2294 3165 2466 3219 έτεινε
2510 3166 2691 3234 λόγον,
2725 3167 2795 3221 τά
2845 3184 2906 3220 τε
2937 3167 3073 3221 ἄλλα
3128 3168 3310 3222 αὐτῶν
3371 3168 3726 3239 κατατρέχων
3777 3169 3882 3221 καὶ

2303 3258 2541 3328 μάλιστα
2570 3261 2640 3314 τά
2671 3260 2845 3315 πολλὰ
2880 3263 3063 3327 αὐτοῖς
3116 3262 3372 3333 θαύματα
3420 3262 3514 3315 του
3570 3262 3879 3333 Γρηγορῐευ

2298 3351 2748 3422 προσονειδίζων,
2778 3352 2926 3424 ᾇπερ
2957 3355 3016 3407 ἐν
3073 3354 3374 3425 ὀφθαλμοῖς
3408 3354 3631 3407 ἐκείνων
3695 3370 3881 3423 πρατ-

2294 3442 2516 3511 τόμενα,
2550 3441 2648 3496 καὶ
2679 3442 2828 3506 ὅπως
2855 3444 2974 3495 κατ’
3004 3444 3179 3515 ἀρχὰς
3211 3445 3309 3514 μὲν
3340 3446 3401 3497 τὸ
3452 3444 3597 3496 θεῖον
3637 3444 3872 3512 Πνεῦμα

2295 3533 2395 3600 τὴν
2434 3532 2681 3606 κεφαλὴν
2709 3533 2877 3587 αὐτοῦ
2908 3535 3247 3589 ἐπεσκιάσαν
3273 3535 3480 3607 ἐώρων,
3516 3536 3655 3606 μετά
3694 3535 3880 3589 ταῦτα

2291 3623 2349 3677 δὲ
2370 3624 2447 3694 τῷ
2471 3625 2640 3696 κωφῷ
2673 3625 2769 3678 καὶ
2798 3625 2979 3696 ἁλάλῳ
3007 3625 3149 3695 μάλα
3179 3622 3376 3697 ῥαδίως
3411 3628 3511 3685 τὴν
3546 3627 3690 3680 ῐασιν
3726 3642 3878 3696 πχρ-

2293 3714 2573 3785 εχόμενον,
2639 3717 2731 3766 καὶ
2793 3713 2960 3768 τᾶλλα
3015 3715 3116 3770 ὅσα
3166 3715 3479 3786 παραδόξως
3515 3715 3590 3786 τῷ
3652 3716 3878 3785 ἀληθῶς

2292 3804 2566 3876 ἀνθρώπῳ
2591 3803 2682 3857 τοῦ
2717 3802 2851 3858 Θεοῦ
2882 3804 3283 3875 διαπέπρακτο.
3324 3806 3572 3861 Μάλιστα
3603 3806 3660 3858 δὲ
3695 3807 3874 3867 πολὺς

2291 3891 2360 3968 ἦν
2390 3897 2481 3950 τοῦ
2511 3896 2744 3951 Σαϐίνου
2771 3899 3118 3970 κατηγορῶν,
3153 3899 3232 3950 ὅτι
3280 3898 3415 3968 μηδὲ
3453 3899 3486 3966 ἡ
3542 3896 3646 3966 τῆς
3688 3896 3871 3965 θυγα-

2292 3989 2419 4060 τρὸς
2435 3986 2585 4055 αὐτῷ
2611 3990 2769 4060 ὑγεία
2785 3990 2882 4061 τὴν
2906 3991 3151 4057 γλῶτταν
3173 3991 3392 4060 ἐπέσχε,
3406 3988 3545 4060 μηδὲ
3570 3986 3665 4040 τοῦ
3691 3987 3838 4057 βλασ

2291 4083 2494 4151 φημεῖν
2548 4080 2808 4146 ἔπαυσεν,
2832 4081 2949 4135 ἀλλ’
2977 4081 3150 4146 οὕτως
3196 4082 3424 4152 ὠδίνησε
3456 4080 3668 4150 πικρῶς
3722 4082 3871 4149 μετὰ

2290 4175 2388 4243 τῆς
2420 4170 2820 4244 ἀγνωμοσύνης
2850 4174 2945 4226 καὶ
2982 4173 3079 4245 τὴν
3114 4173 3501 4243 συκοφαντίαν,
3547 4176 3642 4225 καὶ
3697 4173 3871 4243 θερα-

2293 4265 2475 4327 πείαις
2502 4264 2785 4327 τοιαύταις
2838 4265 2933 4319 τὸν
2958 4266 3255 4338 εὐεργέτην
3316 4265 3608 4334 ἠμείψατο.
3673 4264 3872 4319 Ταῦτα

2297 4356 2395 4426 μὲν
2420 4356 2581 4419 αὐτὸς
2613 4357 2825 4425 ἔλεγεν·
2869 4358 3118 4411 Ἐκέλευε
3174 4359 3232 4412 δὲ
3289 4358 3385 4411 καὶ
3441 4358 3518 4429 τῷ
3572 4358 3874 4426 ἐπισκόπῳ

2293 4449 2488 4519 Φήλικι
2520 4451 2696 4502 πάντα
2726 4451 2870 4504 κατὰ
2893 4450 3060 4521 μέρος
3085 4451 3281 4511 εἰπεῖν,
3307 4450 3517 4520 ὅσαπερ
3538 4449 3699 4514 αὐτὸς
3733 4450 3873 4513 ἴδοι,

2290 4544 2456 4597 ὁπότε
2482 4542 2548 4614 δὴ
2572 4544 2667 4597 καὶ
2711 4541 2994 4612 ἀπεστάλη
3055 4543 3135 4614 τῷ
3180 4545 3279 4613 τῆς
3325 4543 3629 4613 ἐπισκοπῆς
3686 4542 3875 4612 θρόνῳ

2291 4636 2689 4708 ἐγκαθιδρύσαι
2715 4637 2805 4691 τὸν
2832 4635 3007 4703 ἅγιον.
3067 4634 3173 4687 Τοῦ
3220 4634 3352 4703 γοῦν
3394 4635 3624 4703 Φήλικος
3679 4636 3878 4686 πάντα

2291 4726 2652 4798 διηγουμένου
2679 4725 2971 4791 ἀκούοντες
3019 4726 3067 4777 οἱ
3124 4725 3416 4777 ἐπίσκοποι
3463 4722 3729 4792 ἐκπλήξει
3770 4723 3878 4775 καὶ

2292 4820 2498 4892 ἀπορίᾳ
2526 4820 2864 4891 κατείχοντο.
2901 4819 3067 4874 Οὐδὲν
3103 4820 3213 4886 γὰρ
3244 4817 3454 4873 οὐδέπω
3488 4815 3697 4869 τούτων
3726 4815 3881 4885 ἀκη-

2294 4913 2480 4976 κοότες
2508 4912 2821 4983 ἐτύγχανον.

2363 5001 2489 5057 NA’.
2522 5006 2585 5056 Oi
2607 5004 2905 5072 κατήγοροι
2937 5001 3015 5066 δὲ,
3053 5002 3188 5072 προς
3216 5000 3397 5055 ταῦτα
3447 4998 3614 5070 μηδὲν
3638 4998 3880 5067 ἔχοντες

2288 5097 2373 5164 ἐφ’
2409 5089 2452 5162 ᾧ
2482 5096 2547 5148 ἂν
2578 5096 2675 5146 καὶ
2703 5094 2878 5163 στόμα
2912 5092 3204 5160 ἀνοίξαιεν,
3230 5093 3311 5155 είς
3334 5092 3563 5163 θρήνους
3586 5090 3880 5158 κατέφευ-

2288 5187 2383 5256 γόν
2430 5202 2487 5238 τε
2510 5187 2606 5239 καὶ
2633 5184 2866 5253 δάκρυα,
2902 5187 3200 5255 πιστότερα
3230 5183 3403 5237 ταῦτα
3430 5181 3624 5246 παντὸς
3665 5182 3877 5250 λόγου,

2285 5281 2422 5349 πρὸς
2450 5277 2548 5349 τὴν
2580 5278 2675 5347 τῆς
2712 5276 3082 5344 συκοφαντίας
3128 5275 3473 5335 ἀποδιδόντες
3537 5271 3876 5342 ὁμολογίαν.

2282 5369 2565 5440 Διαιροῦσι
2594 5372 2770 5422 τοίνυν
2795 5370 2993 5432 αὐτοὺς
3017 5367 3114 5422 ἀπ’
3140 5369 3385 5438 ἀλλήλων
3406 5367 3459 5419 σί
3488 5367 3585 5437 τῆς
3607 5366 3877 5431 συνόδου,

2282 5466 2377 5517 καὶ
2414 5463 2541 5524 τοὺς
2563 5463 2662 5532 μὲν
2688 5460 2784 5514 τοῦ
2811 5461 3001 5515 λοιποῦ
3027 5461 3265 5530 πλήθους
3288 5463 3368 5523 είς
3420 5459 3752 5528 ὀγδοήκοντα
3768 5461 3879 5513 τὸν

2282 5554 2518 5624 ἀριθμὸν
2551 5553 2715 5616 ὄντας
2747 5556 2804 5606 ὲν
2832 5554 2986 5623 μέρει
3016 5555 3206 5622 στῆναι
3267 5552 3575 5616 κελεύουσι,
3620 5552 3753 5614 τοὺς
3808 5552 3880 5605 δὲ

2279 5647 2376 5699 τοῦ
2407 5645 2862 5717 ἐκκλησιαστικοῦ
2900 5645 3103 5715 κλήρου
3120 5648 3210 5708 εἰς
3240 5645 3537 5717 τριάκοντα
3570 5644 3669 5697 καὶ
3692 5645 3880 5714 μόνον
