4072 6390
313 253 424 320 εει

1296 246 1474 308 VITA
1517 246 1575 307 S.
1622 244 2013 307 GREGORII
2058 242 2603 307 AGRIGENTINI.

3460 244 3572 311 262

301 360 602 424 τελοῦντας
650 354 921 429 ἑτέρωθι·’
961 352 1187 410 Σαϐίνου
1250 354 1309 409 δὲ
1358 355 1454 410 καὶ
1497 355 1895 427 Κρισκεντίνου

2000 355 2149 428 ginta
2177 355 2247 411 ab
2266 355 2437 412 altera
2462 364 2606 411 stare
2628 354 2839 425 jnbent.
2878 354 3043 426 Atqui
3074 355 3282 414 Sabino
3323 371 3389 413 ac
3414 359 3573 415 Cres-

309 451 615 524 ὗπερορίαν
642 443 1144 518 καταψηφίζονται,
1178 446 1255 509 ὡς
1285 445 1380 499 τὸν
1410 446 1507 517 μὲν
1536 448 1616 510 εἰς
1639 445 1889 518 Θρᾴκην,

303 548 403 600 τὸν
427 544 486 599 δὲ
515 543 597 606 είς
647 540 928 595 Ἱσπανίαν
960 538 1459 609 παραπεμφθῆναιο
1484 539 1565 600 είς
1599 536 1894 593 Ῥάϐενναν

302 637 364 692 δὲ
401 635 531 698 τοὺς
561 633 659 688 τοῦ
688 632 897 704 κλήρου
930 633 1146 695 πάντας
1196 630 1599 700 διασπαρῆναι.
1662 631 1774 684 Καὶ
1825 630 1896 684 τὰ

308 730 415 800 μὲν
437 726 547 782 τῶν
576 723 1058 795 δκκλησιαστικῶν
1083 723 1277 786 οὕτως·
1314 723 1382 776 τὰ
1413 723 1467 776 δέ
1499 740 1563 791 γε
1618 722 1727 775 τῶν
1777 722 1895 775 λαῖ-

306 820 426 874 κῶνν
459 820 490 872 ό
512 814 822 887 σπαθάριος
855 814 1071 885 ὑπῆρχε
1114 813 1381 878 κολάζων,
1415 812 1512 867 νῦν
1540 814 1640 883 μὲν
1678 814 1894 884 δεσμω-

302 906 490 978 τηρίῳ
520 905 725 969 αὐτοὺς
756 904 1149 974 ἑγκλεισθῆναι
1185 904 1473 967 κελεύσας,
1508 905 1646 974 μετὰ
1687 906 1746 958 δὲ
1798 906 1896 960 καὶ

302 998 608 1070 τιμωρίαις
650 997 930 1067 διαφόροις
963 997 1358 1067 ὑποϐληθῆναι.
1396 998 1516 1049 Τῶν
1548 996 1895 1067 στρατιωτῶν

304 1090 494 1144 τοίνυν
519 1088 911 1157 κατασχόντων
934 1087 1159 1150 αὐτοὺς,
1192 1090 1275 1151 εἰς
1311 1088 1529 1156 δάκρυα
1578 1088 1677 1139 καὶ
1725 1088 1896 1156 οἰμω-

308 1182 417 1249 γὰς
444 1180 610 1234 πάλιν
631 1177 959 1246 ἐτράποντο,
994 1179 1091 1231 κα)⁸
1118 1176 1344 1248 θερμῶς
1393 1176 1758 1230 ἀνεκαλοῦντο
1796 1176 1893 1229 τὸν

305 1272 495 1340 ἅγιον.
528 1268 700 1323 τονδὶ
737 1267 1051 1329 ἀκούσαντα
1117 1268 1211 1321 καὶ¹
1246 1267 1407 1321 πλέον
1438 1269 1471 1338 ἢ
1535 1269 1693 1338 εἰπερ
1733 1269 1896 1332 αὐτὸς

308 1359 386 1433 ἦν
416 1365 448 1415 ό
481 1359 659 1416 ταῦτα
684 1359 885 1413 παθεῖν
917 1359 1130 1429 μέλλων
1161 1358 1260 1427 τὴν
1285 1359 1464 1429 ψυχὴν
1511 1360 1900 1431 διαταραχθέν·

309 1470 409 1516 τα,
446 1447 632 1505 οἶκτόν
655 1467 718 1502 τε
767 1449 970 1512 εὐθέως
1024 1448 1321 1519 ἐλάμϐανε,
1372 1452 1468 1503 καὶ
1513 1451 1745 1521 δάκρυσι
1796 1452 1896 1513 τὰς

315 1543 552 1614 παρειὰς
588 1540 911 1611 κατέϐρεχε,
936 1541 1115 1595 καὶτὸ
1142 1541 1437 1611 πρόσωπον
1466 1542 1711 1610 τύπτων,
1764 1542 1895 1595 ποτὲ

313 1636 418 1705 μὲν
438 1633 616 1690 αὑτοῦ
649 1633 750 1688 τοῦ
779 1634 983 1689 πάππα
1015 1634 1345 1705 προσεκύνει
1374 1636 1501 1698 τοὺς
1534 1636 1723 1701 πόδας,
1741 1635 1896 1690 ἄλλο-

1998 451 2221 507 centino
2274 451 2454 506 exsilii
2531 451 2702 505 multa
2766 452 2938 516 stetit,
2992 461 3056 506 ut
3100 452 3192 508 hic
3242 452 3461 523 quidem
3517 455 3576 510 in

1996 541 2309 606 Thraciam,
2343 542 2436 597 ille
2462 557 2594 597 vero
2654 542 2710 598 in
2763 541 3078 612 Hispaniam
3112 545 3337 601 exsules
3386 546 3574 602 mitte-

1997 644 2211 691 rentur.
2240 633 2440 689 (ἔπιθι-ἰ
2468 648 2600 689 vero
2640 633 2903 690 Ecclesia
2952 634 3188 690 ministri
3249 635 3569 692 Ravennam

1996 725 2225 795 relegati
2261 732 2411 779 sunt.
2458 724 2528 779 At
2561 739 2684 794 qua:
2728 725 2799 779 ad
2852 725 3158 782 Ecclesium
3191 728 3571 797 pertinebant,

1996 816 2070 872 ita
2092 823 2316 887 peracta
2342 814 2519 870 fuere.
2549 817 2624 870 De
2673 814 2922 885 profanis
2980 832 3112 871 vero
3142 831 3475 888 cognoscere
3507 834 3574 874 ac

1992 908 2245 981 judicare
2303 907 2615 964 Marcianus
2657 917 2742 963 est
2789 910 2994 980 jussus.
3027 909 3131 976 Qui
3183 922 3279 965 eos
3299 911 3482 966 statim
3517 911 3573 967 in

1995 1015 2273 1058 carcerem
2304 1001 2706 1073 conjiciendos,
2736 1002 3016 1074 variisque
3071 1002 3414 1058 cruciatibus
3441 1005 3572 1059 sub-

1991 1095 2267 1167 jiciendos
2291 1094 2602 1165 imperavit.
2636 1093 2818 1160 Quare
2864 1108 2989 1149 cum
3020 1094 3145 1149 illos
3179 1095 3384 1150 milites
3409 1108 3575 1165 rape-

1995 1194 2140 1250 rent,
2172 1185 2427 1257 lacrymis
2458 1200 2522 1241 ae
2540 1185 2796 1241 lamentis
2827 1185 3009 1241 denuo
3040 1201 3100 1241 se
3134 1186 3401 1242 dedentes
3430 1228 3443 1251 ,
3470 1187 3576 1242 viri

1997 1278 2173 1333 sancti
2204 1278 2367 1332 enixe
2398 1277 2662 1332 auxilium
2718 1277 3113 1347 implorabant.
3154 1276 3263 1332 Hos
3291 1292 3463 1347 porro
3487 1278 3577 1332 ille
3618 1284 3625 1305 ‘

1996 1369 2405 1435 vehementius,
2440 1370 2605 1438 quam
2630 1369 2725 1437 qui
2754 1369 2868 1423 hzrc
2890 1377 3052 1425 erant
3080 1369 3422 1439 perpessuri,
3447 1370 3569 1424 ani-

1999 1473 2091 1513 mo
2128 1459 2477 1516 conﬂictatur
2504 1475 2522 1513 :
2550 1459 2914 1530 protinusque
2953 1460 3334 1516 misericordia
3364 1470 3575 1521 motus,

1996 1551 2253 1621 lacrymis
2284 1565 2451 1621 genas
2504 1551 2787 1623 irrigabat,
2832 1552 3140 1622 faciemque
3208 1552 3574 1621 percutiebat.

1998 1640 2150 1698 Alias
2168 1642 2390 1711 quidem
2414 1642 2518 1712 ipsi
2544 1643 2808 1712 pontiﬁci,
2841 1655 2963 1697 sese
2998 1642 3143 1697 illius
3166 1641 3234 1696 ad
3272 1642 3437 1711 pedes
3452 1656 3578 1710 pro-

310 1744 376 1780 τε
402 1726 564 1783 ἄλλον
598 1724 763 1796 ἐπῄει
790 1724 900 1779 τῶν
922 1725 1240 1779 ἐπισκόπων
1268 1727 1362 1779 καὶ
1393 1729 1510 1791 τοῖς
1549 1728 1707 1780 ποσὶν
1736 1727 1895 1780 ἐκθύ-

2000 1740 2277 1796 sternens,
2307 1732 2695 1801 supplicabat;
2729 1734 2867 1787 alias
2895 1732 3160 1803 epicopos
3211 1732 3365 1797 alios,
3405 1732 3579 1787 demi-

214 1860 219 1864 .
314 1835 433 1886 μως
462 1818 646 1871 αὐτῶν
690 1817 1165 1883 ὑποκατεκλίνετο,
1213 1817 1515 1889 Μηδαμῶς,
1576 1818 1776 1888 λέγων,
1827 1819 1895 1890 μὴ

2003 1819 2217 1875 sissime
2285 1836 2346 1877 se
2422 1822 2710 1887 inclinans,
2770 1824 3118 1890 obsecrabat,
3178 1823 3371 1879 dicens
3421 1825 3574 1887 :Ne,

309 1909 385 1963 δι’
416 1910 541 1979 ἐμὲ,
578 1903 625 1962 ὦ
647 1911 904 1980 πατέρες,
938 1908 1176 1979 τοσαύτη
1208 1910 1592 1982 περιϐληθείεν
1613 1912 1662 1964 oi
1689 1910 1901 1982 ἄνθρω-

312 2018 412 2053 ποι
453 2002 728 2073 συμφορᾷ·
758 2000 834 2065 ὡς
864 1999 1043 2069 ἔγωγε
1069 2001 1340 2072 τιμωρίαν
1372 2002 1529 2057 τοῦτο
1552 2004 1643 2057 καὶ
1686 2003 1786 2057 οὐκ
1810 2007 1902 2055 sx-

2002 1925 2187 1979 qna-so
2209 1952 2225 1975 ,
2262 1921 2469 1980 patres,
2503 1928 2572 1967 ne
2599 1913 2652 1967 id
2689 1913 2992 1983 contingat,
3043 1922 3102 1966 ut
3127 1921 3236 1966 tam
3259 1913 3395 1967 dirae
3426 1914 3577 1969 σεισ-

2002 1999 2175 2055 mitati
2201 2002 2454 2057 homines
2486 2018 2609 2057 mea
2656 2016 2823 2058 causa
2873 2003 3257 2074 subjiciuntur.
3303 2003 3438 2057 Nam
3472 2004 3577 2058 hoc

312 2092 499 2146 δικίαν
522 2086 665 2147 εἶναι
701 2092 809 2146 τῶν
840 2093 1250 2164 πεπραγμένων
1286 2093 1599 2165 λογίζομαι,
1642 2095 1769 2166 ἐμοὶ
1791 2094 1895 2165 γὰρ

2000 2090 2221 2160 quidem
2248 2099 2453 2152 statuo.
2487 2106 2598 2147 non
2627 2092 3033 2162 prateritorum
3060 2107 3304 2162 pmnam,
3327 2093 3423 2148 sed
3449 2110 3580 2163 sup-

313 2180 483 2235 τοῦτο
508 2184 668 2253 μόνον
698 2182 927 2254 ἀρκοῦν,
961 2182 1045 2237 ὅτι
1077 2200 1147 2252 με
1175 2185 1205 2236 ὁ
1232 2182 1363 2247 Θεὸς
1428 2187 1638 2256 μυρίων
1700 2186 1901 2254 ἐγκλη-

220 2310 229 2321 .
316 2273 513 2344 μάτων
555 2273 814 2328 ὑπόδικον
868 2273 998 2331 ὄντα
1040 2272 1222 2345 ἀφῆκε
1270 2275 1368 2346 τῆς
1419 2274 1599 2347 δίκης,
1652 2275 1749 2330 καὶ
1800 2275 1895 2328 οὐκ

2001 2287 2127 2327 cum
2188 2274 2497 2331 innumeris
2540 2274 2745 2343 alioqui
2807 2276 2912 2331 sim
2974 2275 3279 2331 obstrictus
3339 2277 3574 2342 delictis,

313 2366 674 2435 ἀπεκάλυψεν
705 2364 849 2420 οὕτω
878 2366 1311 2436 κατεστιγμένον
1344 2367 1655 2437 ὑπάρχοντα
1687 2369 1780 2421 καὶ
1802 2368 1896 2420 ’δι-

314 2456 610 2529 ε’ςθορότα.

390 2632 522 2687 NE’.
561 2633 620 2686 ’Θ
653 2633 713 2687 δὲ
750 2634 857 2688 τῶν
884 2634 1219 2705 ὲκδικήσεων
1264 2634 1473 2707 Κύριος
1521 2635 1628 2688 οὐκ
1689 2636 1899 2708 ἀμελὴς

314 2719 389 2793 ἦν
422 2724 520 2776 τοῦ
554 2725 772 2779 δικαίου
801 2724 1113 2797 ὲκδικητής.
1159 2726 1249 2790 Ὠς
1272 2727 1377 2795 γὰρ
1398 2730 1464 2798 τῇ
1514 2728 1607 2781 τοῦ
1658 2730 1897 2799 μεγάλου

316 2815 675 2886 παρακλήσει
732 2820 848 2880 τοῖς
892 2817 1251 2888 στρατιώταις
1312 2819 1635 2873 κεκίλενστο
1684 2822 1898 2889 ἀφεῖναι

318 2908 423 2978 τῆς
452 2908 755 2980 καταδίκης
777 2911 905 2973 τοὺς
939 2910 1297 2976 ὑπευθύνους,
1322 2911 1419 2965 καὶ
1445 2912 1600 2965 αὐτοὶ
1631 2911 1748 2983 ἅμα
1769 2930 1899 2969 συν-

314 2997 709 3068 αθροισθέντες
767 2997 1025 3073 ἔστησαν.
1080 3002 1271 3071 ’Ἄφνω
1334 3003 1496 3056 ποθὲν
1552 3005 1754 3076 λαίλαψ
1799 3006 1896 3060 καὶ

2001 2183 2384 2252 pliciumesse.
2414 2184 2528 2254 Ego
2556 2185 2705 2241 enim
2761 2184 2898 2240 satis
2953 2184 3133 2240 habeo
3190 2185 3362 2241 Deum
3410 2201 3576 2251 ame,

1999 2365 2180 2421 nullas
2203 2380 2394 2436 pmnas
2417 2378 2701 2436 expetere.
2725 2381 2908 2437 neque
2960 2375 3040 2422 tot
3060 2367 3303 2423 inustum
3327 2369 3576 2435 maculis,

1998 2454 2265 2511 ftedatum
2280 2464 2450 2526 atque
2475 2465 2797 2533 corruptum
2825 2457 2986 2528 vulgo
3008 2458 3299 2515 ostendere
3318 2460 3574 2517 voluisse.

2001 2545 2061 2599 Et
2098 2547 2217 2602 haec
2248 2562 2415 2617 porro
2444 2549 2516 2603 ita
2550 2564 2610 2604 se
2656 2547 2878 2604 habent.
3544 2596 3549 2603 .

2068 2637 2178 2692 LV.
2202 2639 2269 2692 At
2297 2640 2565 2695 scelerum
2592 2641 2736 2697 ultor
2770 2642 2933 2708 Deus,
2967 2643 3112 2698 haud
3151 2644 3334 2715 segnis
3378 2645 3579 2701 vindex

1993 2725 2126 2795 justi
2159 2725 2286 2782 fuit.
2312 2728 2606 2798 Postquam
2629 2731 2778 2784 enim
2805 2732 2908 2785 viri
2938 2734 3119 2802 magni
3154 2749 3315 2789 suasu
3344 2733 3580 2804 impera-

2000 2828 2116 2876 tum
2146 2827 2252 2884 est,
2278 2834 2350 2875 ne
2377 2822 2433 2875 in
2461 2835 2578 2885 eos,
2602 2822 2694 2891 qui
2744 2824 2829 2877 rei
2880 2824 3007 2878 facti
3040 2826 3323 2895 suppliciis
3374 2827 3575 2883 addicti

2002 2909 2240 2969 fuerant.
2276 2909 2419 2965 ultra
2440 2909 2814 2976 desaeviretur,
2844 2911 3060 2981 ipsique
3088 2927 3196 2965 una
3239 2912 3402 2967 simul
3435 2929 3572 2969 con-

2002 2998 2279 3065 sisterent,
2308 3006 2538 3068 repente
2565 2999 2805 3065 nimbus,
2836 3001 3077 3055 tenebrae
3097 3036 3115 3066 ,
3153 3015 3365 3056 necnon
3416 3014 3574 3059 atrox

317 3091 512 3154 σκότος
548 3092 642 3144 καὶ
670 3068 894 3163 ἄνεμος-
913 3093 1013 3164 τῆς
1063 3068 1179 3164 γῆς-
1203 3095 1581 3165 ἀναφυσηθεὶς
1633 3068 1895 3171 περιέσχε

2002 3097 2201 3145 ventus
2231 3081 2389 3145 terrai
2415 3089 2588 3146 nimio
2616 3088 2801 3146 flantis
2831 3091 3044 3161 fragore
3089 3092 3321 3148 miseros
3351 3095 3571 3154 invasit,

316 3178 445 3246 τοὺς
481 3181 724 3248 ἀθλίους,
765 3184 860 3237 καὶ
889 3184 1074 3255 γνόφῳ
1107 3184 1265 3255 βαθεῖ
1309 3186 1409 3248 τὰς
1441 3184 1595 3256 ὄψεις
1631 3191 1895 3260 περιεκά-

316 3268 513 3341 λυψεν,
541 3269 684 3325 ὥστε
706 3271 801 3325 καὶ
826 3271 1005 3325 δοκεῖν
1028 3272 1328 3328 διαστᾶσαν
1352 3276 1452 3344 τὴν
1481 3277 1584 3344 γῆν
1613 3277 1671 3331 ἐν
1697 3279 1888 3348 ἑαυτῇ,

317 3359 469 3414 καθὰ
501 3360 673 3416 πάλαι
708 3360 889 3416 Δαθὰν
910 3362 1009 3416 καὶ
1049 3362 1318 3434 ’Ᾱϐηρὼν,
1363 3368 1458 3419 καὶ
1520 3367 1744 3431 τούτους
1773 3368 1900 3431 τοὺς

315 3450 603 3520 δυστυχεῖς
626 3455 928 3523 περισχεῖν.
951 3454 1013 3507 Οί
1035 3453 1089 3507 δὲ
1119 3455 1405 3526 παρόντες,
1437 3456 1609 3511 ταῦτα
1638 3459 1895 3529 ὁρῶντες,

316 3544 417 3606 τάς
444 3544 636 3614 χεῖρας
671 3545 751 3608 είς
779 3544 1010 3615 οὐρανὸν
1063 3545 1295 3613 ἔτεινον,
1349 3548 1501 3601 οὐδὲν
1562 3549 1756 3613 αὐτοὺς
1788 3549 1898 3602 τῶν

320 3631 633 3702 Σοδομιτῶν
663 3633 981 3699 ἐλπίζοντες
1011 3635 1303 3691 πείσεσθαι
1342 3637 1729 3708 μετριώτερον.
1760 3638 1899 3691 Μετ’

317 3727 379 3778 ού
412 3726 550 3781 πολὺ
580 3727 637 3781 δὲ
664 3728 757 3782 τοῦ
791 3728 992 3797 γνόφου
1017 3730 1230 3783 ἐκείνου
1257 3733 1351 3784 καὶ
1380 3731 1475 3801 τῆς
1503 3731 1730 3801 θυέλλης
1778 3733 1897 3786 δια-

316 3812 603 3887 λυθείσης,
647 3818 877 3888 μὲλανες
933 3818 1135 3884 πάντες
1178 3820 1430 3891 ἑωρῶντο
1461 3823 1521 3875 τὸ
1580 3823 1894 3894 πρόσωπον,

319 3907 467 3977 πλὴν
499 3911 564 3962 ού
595 3911 797 3973 πάντες
854 3910 940 3963 ἐπ’
971 3911 1114 3982 ίσης,
1146 3913 1262 3965 ἀλλ’
1289 3912 1339 3966 οί
1375 3912 1474 3982 μὲν
1507 3914 1615 3967 τῶν
1650 3914 1893 3984 παρειῶν

320 4000 420 4068 τὴν
448 4001 663 4071 ἑτέραν,
695 4002 742 4055 oi
773 4001 829 4055 δὲ
865 4003 961 4057 καὶ
1018 4004 1184 4073 ἄμφω
1248 4004 1610 4073 μελανθείσας
1670 4008 1896 4076 ὁμοίως,

322 4091 554 4145 Σαϐίνου
578 4092 632 4146 δὲ
657 4096 750 4147 καὶ
781 4095 1192 4166 Κρισκεντίνου,
1221 4096 1283 4149 ού
1307 4096 1374 4150 τά
1407 4098 1674 4167 πρόσωπα
1702 4100 1885 4169 μόνον,

320 4185 460 4241 ἀλλὰ
492 4185 561 4256 δὴ
599 4187 694 4239 καὶ
739 4187 809 4240 τὰ
860 4188 1011 4258 χείλη
1075 4186 1476 4242 πελιδνωθέντα
1528 4191 1788 4261 παρείθη,
1817 4192 1898 4257 ὡς

323 4281 462 4347 μήτε
497 4279 828 4349 συσφίγγειν
862 4281 997 4335 αὐτὸ
1033 4282 1173 4352 μήτε
1206 4282 1314 4353 μὴν
1340 4281 1523 4338 λαλεῖν
1552 4284 1689 4347 ὅλως
1729 4284 1897 4340 δύνα-

2004 3185 2267 3249 tantaque
2280 3179 2523 3236 obducta
2538 3181 2768 3251 caligine
2788 3182 3004 3236 illorum
3017 3191 3272 3252 aspectus
3282 3186 3569 3254 oppressit,

2006 3276 2067 3322 ut
2096 3278 2297 3324 terram
2334 3268 2391 3324 in
2428 3270 2663 3340 seipsam
2687 3285 2938 3326 eversam
2975 3281 3139 3341 atque
3175 3272 3446 3335 collisam,
3476 3274 3575 3329 hos

2006 3373 2116 3414 non
2144 3358 2323 3423 aliter,
2352 3367 2516 3430 atque
2536 3360 2884 3416 Dathanolim
2939 3371 2996 3417 et
3034 3362 3265 3430 Abiron,
3305 3363 3575 3435 deglutire

2007 3448 2262 3506 dixisses.
2335 3448 2441 3516 Qui
2484 3464 2618 3505 vero
2678 3460 2978 3519 praesentes
3029 3450 3146 3507 haec
3201 3451 3579 3515 intuebantur,

2005 3556 2202 3596 manus
2223 3541 2278 3595 in
2296 3541 2494 3597 caelum
2527 3540 2808 3606 tollebant,
2830 3540 3005 3597 nihilo
3030 3540 3138 3598 illis
3162 3542 3579 3607 secundiorem,

2006 3647 2170 3703 quam
2192 3648 2313 3702 qua:
2345 3631 2645 3688 Sodomitis
2666 3632 2799 3688 olim
2830 3632 3126 3699 acciderat,
3157 3634 3433 3689 fortunam
3456 3635 3573 3691 fore

2006 3724 2233 3781 ominati
2256 3714 2406 3780 Sunt.
2441 3724 2562 3780 Non
2594 3724 2770 3780 multo
2795 3734 2919 3795 post
2959 3725 3195 3796 caligine
3246 3727 3573 3795 turbineque

2003 3815 2291 3873 desinente
2322 3830 2535 3881 omnes,
2567 3830 2880 3886 quanquam
2910 3832 3022 3871 non
3050 3831 3226 3886 aeque,
3262 3819 3403 3888 nigri
3437 3819 3572 3873 facie

2001 3922 2327 3976 apparuere.
2380 3908 2487 3963 Alii
2535 3908 2804 3976 siquidem
2839 3908 3067 3963 alteram
3117 3923 3334 3978 genam,
3381 3910 3575 3964 ambas

2001 4000 2094 4055 alii
2134 4000 2317 4069 nigras
2333 3998 2565 4055 habent.
2594 3999 2798 4056 Sabino
2827 4013 2959 4055 vero
2987 4014 3051 4055 ac
3076 3999 3435 4055 Crescentino
3460 4015 3569 4055 non

2004 4089 2168 4145 modo
2186 4090 2374 4153 facies,
2409 4104 2601 4144 verum
2621 4090 2783 4145 etiam
2813 4089 2957 4144 labia
2982 4099 3106 4147 atro
3137 4092 3325 4145 colore
3350 4091 3554 4145 infecta

2002 4192 2133 4238 sunt
2159 4182 2378 4244 relicta,
2407 4192 2469 4237 ut
2499 4197 2602 4238 nec
2627 4183 2718 4238 illa
2744 4182 3147 4253 constringere,
3177 4197 3280 4238 nec
3335 4182 3407 4237 iis
3452 4197 3569 4236 om-

2000 4275 2136 4330 nino
2173 4276 2469 4344 quidquam
2522 4274 2674 4344 loqui
2724 4273 2935 4329 liceret.
2985 4273 3075 4329 Sic
3133 4273 3316 4328 divina
3353 4274 3569 4344 jnstitia

323 4367 471 4421 σθαυ
494 4366 645 4422 οὕτω
680 4369 891 4439 πικρῶς
926 4371 959 4441 ἠ
991 4369 1116 4442 δίκη
1153 4352 1280 4436 τοὺς
1324 4372 1546 4436 ἀδίκους
1606 4373 1894 4445 μετῆλθεν.

2003 4367 2261 4422 acerbum
2288 4364 2357 4419 de
2383 4363 2599 4434 injustis
2642 4363 2975 4435 supplicium
3004 4365 3259 4434 sumpsit.
3310 4365 3392 4418 Ad
3448 4352 3567 4418 haec

334 4458 397 4512 Ἡ
438 4460 497 4514 δέ
538 4476 604 4528 γε
639 4461 857 4524 σύνοδος
892 4462 1179 4534 περίφοϐοι
1231 4463 1515 4532 γεγονότες
1571 4465 1898 4537 ἀνέκραγον·

318 4550 436 4603 Νῦν
461 4549 793 4621 ἐγνώκαμεν
814 4553 896 4606 ὅτι
936 4554 1108 4607 ἔσωσε
1167 4552 1369 4626 Κύριος
1400 4554 1497 4608 τὸν
1524 4556 1759 4626 Χριστὸν
1802 4559 1900 4613 αύ-

318 4641 441 4708 τοῦ,
504 4642 604 4695 καὶ
640 4644 946 4712 ἐπήκουσεν
973 4645 1034 4710 ἐξ
1077 4645 1307 4715 ούρανοῦ
1344 4645 1501 4715 ἁγίου
1547 4647 1714 4701 αὐτοῦ
1775 4664 1790 4680 ο
1839 4653 1897 4706 ἐν

316 4730 676 4801 δυναστείαις
699 4740 735 4809 η
760 4738 1008 4810 σωτηρία
1038 4740 1136 4811 τῆς
1160 4740 1343 4806 δεξιᾶς
1368 4741 1557 4796 αὐτοῦ.
1590 4740 1774 4799 Ταῦτα
1800 4746 1893 4799 εί-

313 4823 547 4892 πόγτες,
574 4828 684 4880 τῶν
715 4828 810 4883 τοῦ
837 4829 1142 4901 Γρηγορίου
1204 4833 1445 4899 γονάτων
1506 4833 1743 4905 εἴχοντο,
1800 4838 1896 4891 καὶ

314 4914 467 4985 ὑπὲρ
516 4916 699 4972 αὐτῶν
745 4920 964 4992 θερμῶς
998 4921 1228 4977 ἐδέοντο·
1269 4924 1298 4976 ό
1320 4925 1377 4978 δὲ
1414 4927 1725 4982 τουναντίον
1752 4929 1893 4998 μᾶλ-

311 5005 414 5061 λον
448 5008 616 5073 αὐτὸς
646 5009 881 5066 ἑκάστου
913 5015 1026 5078 τοῖς
1056 5014 1185 5070 ποσὶ
1230 5017 1596 5087 προσπίπτων
1649 5018 1896 5073 ἆθλιόταο

307 5118 415 5156 τον
438 5103 663 5159 πάντων
702 5106 899 5163 ἑαυτὸν
925 5109 1212 5177 ἀπεκάλει,
1240 5111 1337 5165 καὶ
1380 5111 1519 5166 αὐτὰ
1560 5112 1626 5183 δὴ
1674 5114 1743 5166 τὰ
1799 5112 1892 5167 τοῦ

305 5194 489 5251 Δαυῖδ
507 5196 808 5268 ἐφθέγγετο
827 5203 1049 5274 ῥήματα
1063 5219 1075 5231 ·
1105 5221 1124 5255 ι
1145 5202 1288 5272 Ἐγώ
1304 5203 1422 5273 ειμι
1443 5203 1661 5274 σκώληξ
1681 5206 1773 5260 καὶ
1790 5205 1893 5259 οὐκ

300 5286 639 5359 direptum,
664 5292 861 5358 δνειδος
887 5294 1192 5366 ἀνθρώπων
1216 5298 1311 5350 καὶ
1331 5295 1672 5367 ὲξουθένημα
1701 5297 1887 5351 λαοῦ.»

388 5376 545 5445 NG".
582 5381 801 5438 Τούτων
828 5384 970 5439 οὕτω
1000 5386 1371 5443 τελεσθέντων
1402 5388 1497 5443 ὑπ’
1537 5388 1662 5460 ὄψιν
1714 5406 1893 5459 παρα-

303 5473 537 5543 στήσας
555 5476 682 5539 τοὺς
713 5478 1053 5550 κατηγόρους
1097 5481 1127 5534 ό
1171 5480 1425 5551 πάππας,
1491 5482 1646 5549 Ἰδοὺ,
1700 5484 1889 5555 φησὶν,

432 5655 480 5688 ⁸³
512 5654 659 5713 Psal.
693 5671 800 5725 xxi,
836 5657 896 5714 7.

1998 4466 2232 4513 cunctus
2252 4466 2474 4512 senatus
2501 4456 2821 4513 acclamavit
2848 4476 2860 4510 :
2892 4457 3051 4511 Nunc
3071 4456 3392 4527 agnovimus
3416 4457 3569 4526 quod

1996 4550 2263 4607 Dominus
2292 4557 2517 4605 unctum
2580 4564 2740 4604 suum
2769 4550 3095 4615 servaverit,
3149 4560 3207 4607 et
3254 4549 3567 4606 exaudierit

1995 4656 2144 4707 eum,
2177 4657 2209 4695 e
2232 4642 2372 4711 coelo
2397 4656 2498 4697 suo
2516 4651 2731 4705 sancto,
2767 4643 3025 4713 quodque
3083 4643 3137 4698 in
3168 4643 3409 4714 potentia
3435 4641 3567 4696 dex—

1998 4743 2127 4791 terae
2150 4734 2270 4803 ejus
2297 4743 2382 4789 est
2410 4734 2580 4789 salus.
2612 4734 2740 4790 Haec
2768 4750 2894 4789 cum
2928 4735 3097 4790 locuti
3124 4745 3330 4800 essent,
3359 4732 3572 4802 Grego-

1994 4826 2062 4882 rii
2087 4840 2265 4896 genua
2292 4825 2582 4896 complexi,
2617 4824 3002 4881 ardentissime
3023 4840 3124 4895 pro
3150 4824 3259 4879 illis
3288 4823 3563 4878 obsecra-

1993 4917 2145 4975 baut.
2179 4916 2378 4972 Contra
2401 4930 2532 4971 vero
2577 4916 2667 4971 ille
2720 4916 2891 4986 magis
2914 4915 2984 4970 ad
3044 4914 3335 4986 cujuslibet
3395 4917 3570 4984 pedes

1996 5007 2410 5080 procumbebat,
2433 5021 2604 5077 seque
2638 5008 3006 5063 miserrimum
3040 5006 3309 5069 omnium,
3342 5004 3571 5060 Daridis

1994 5101 2089 5155 illa
2123 5099 2289 5154 verba
2309 5100 2547 5164 locutus,
2575 5100 2887 5171 appellabat
2920 5118 2936 5156 :
2978 5119 2995 5152 ι
3026 5099 3142 5171 Ego
3174 5114 3294 5155 sum
3332 5098 3565 5162 vermis,

1995 5204 2109 5247 non
2152 5190 2357 5246 homo:
2395 5191 2758 5261 approbrium
2813 5192 3118 5258 hominum,
3150 5201 3207 5247 et
3234 5188 3572 5258 contemptio

1998 5282 2186 5352 populi
2214 5281 2255 5312 "
2271 5321 2284 5336 .
2316 5299 2336 5332 ι

2070 5391 2203 5447 LVI.
2232 5392 2329 5447 His
2356 5390 2614 5462 peractis,
2644 5406 2769 5445 cum
2821 5390 3067 5462 pontifex
3116 5405 3262 5443 max.
3297 5388 3574 5442 delatores

1999 5498 2187 5539 coram
2237 5497 2297 5538 se
2338 5482 2665 5540 statuisset:
2706 5481 2868 5549 Ecce,
2902 5482 3118 5551 inquit,
3144 5495 3254 5535 non
3273 5478 3454 5533 animo
3470 5492 3571 5532 so—
