4080 6374
555 253 663 316 263

1770 240 2057 301 MENSlS
2093 239 2530 301 NOYEMBEH.

3707 239 3821 305 266

551 364 692 426 lum,
727 357 822 413 sed
848 359 1020 411 forma
1054 352 1194 423 patri
1253 357 1436 404 vestro
1469 348 1683 404 Satanae
1739 347 1948 402 similes
2004 348 2121 403 facti

2235 350 2295 402 οὐ
2330 349 2429 420 τὴν
2462 349 2642 418 ψυχὴν
2677 347 2859 417 μόνον,
2897 344 3032 399 ἀλλὰ
3064 349 3158 400 καὶ
3207 346 3304 416 τὴν
3364 347 3580 418 μορφὴν
3641 351 3819 419 ὅμοιοι

553 452 708 509 estis.
743 449 846 505 Sed
873 447 978 501 alia
1014 450 1278 514 praeterea
1331 454 1430 495 vos
1481 439 1830 494 miseriarum
1890 441 2132 496 accessio

2236 440 2316 505 τῷ
2375 440 2549 509 πατρὶ
2596 439 2750 506 ὑμῶν
2789 437 2868 508 τῷ
2926 438 3141 507 Σατανᾷ
3196 438 3484 505 γεγόνατε.
3543 438 3707 494 Ἀλλὰ
3756 459 3819 508 γε

553 551 756 599 manet.
788 538 895 594 Vos
917 535 1066 591 enim
1091 542 1143 587 et
1176 530 1383 602 posteri
1429 534 1618 596 vestri,
1664 531 1811 586 servi
1841 532 1997 588 eritis
2029 549 2042 597 ;
2077 543 2121 586 el

2234 531 2369 600 πρὸς
2398 529 2573 602 τούτῳ
2599 531 2694 582 καὶ
2717 529 2905 600 ἔτερόν
2937 545 2990 580 τι
3021 530 3086 598 τῇ
3146 527 3274 596 δίκη
3318 526 3568 597 μελήσει,
3633 529 3818 582 δοῦλοι

553 638 822 703 quotquot
847 628 953 682 hoc
982 626 1204 696 nigrore
1232 623 1451 694 sigillati
1486 622 1710 689 fuerint,
1748 623 2125 694 Agrigentinis

549 718 823 792 episcopis
845 717 1054 786 absque
1090 715 1358 785 praeﬁnito
1393 722 1641 784 tempore
1667 715 1938 770 servietis.
1971 714 2130 780 Quod

548 814 593 869 si
621 812 744 882 quis
770 809 934 866 vestri
985 806 1202 877 generis
1247 807 1486 877 aliquem
1544 807 1834 862 sacerdotii
1864 807 2129 877 dignitate

549 902 856 967 donaverit,
879 900 963 956 vel
995 898 1254 954 Ecclesia:
1286 896 1521 967 quodvis
1544 912 1746 952 munus
1767 896 2128 953 concredide-

547 998 640 1061 rit,
701 995 869 1065 hujus
905 1003 1072 1064 caput
1105 991 1214 1046 diis
1264 989 1457 1044 inferis
1505 989 1752 1044 dicamus
1778 1005 1842 1044 ac
1889 990 2128 1045 devove-

548 1103 692 1142 mus.
721 1085 846 1140 [hec
869 1084 960 1138 ille
985 1081 1128 1137 haud
1155 1080 1304 1137 serio
1327 1094 1447 1134 mea
1463 1078 1737 1134 sententia
1754 1078 1911 1133 dixit.
1935 1077 2128 1148 Neque

543 1181 695 1235 enim
731 1178 817 1232 his
867 1176 919 1230 in
948 1173 1139 1230 eadem
1179 1187 1342 1227 causa
1373 1171 1802 1242 pronuntiasset,
1833 1185 1957 1225 cum
1987 1169 2128 1226 Gre-

542 1272 734 1343 gorius
760 1267 1062 1341 praesertim
1094 1281 1206 1320 non
1242 1273 1550 1335 pateretur,
1587 1263 1683 1334 qui
1735 1263 1955 1318 illorum
2004 1261 2127 1315 ani-

542 1380 664 1420 mos
692 1363 974 1428 territans,
1021 1355 1408 1429 deSperatione
1461 1357 1656 1428 plenos
1707 1354 2124 1410 moderabatur.

543 1457 735 1526 Neque
785 1454 960 1516 enim,
994 1450 1101 1506 nisi
1138 1451 1326 1506 animo
1376 1451 1451 1505 ita
1477 1447 1661 1505 affecti
1687 1447 1943 1510 inissent,
1979 1447 2125 1501 haud

543 1548 683 1604 adeo
739 1547 1042 1600 vehemens
1101 1543 1157 1598 in
1231 1558 1329 1598 cos
1370 1541 1467 1598 Dei
1517 1539 1800 1596 iracundia
1852 1539 2125 1594 concitata

544 1641 762 1695 fuisset.
795 1641 871 1692 Ac
897 1637 934 1692 ii
992 1635 1212 1706 quidem
1236 1635 1306 1690 iis
1327 1633 1420 1704 qui
1449 1641 1722 1702 praaerant
1763 1629 1968 1695 traditi,
1999 1645 2128 1700 pro-

546 1732 636 1786 cul
671 1747 701 1785 a
726 1729 841 1784 suis
873 1727 1008 1782 locis
1036 1724 1258 1781 abducti
1282 1725 1457 1779 fuere.
1489 1724 1560 1776 At
1586 1721 1767 1792 puella
1823 1719 1912 1774 illa
1957 1721 2120 1790 Agri-

541 1834 765 1897 gentum
795 1821 1072 1874 civitatem
1127 1833 1236 1872 non
1271 1819 1413 1872 ultra
1439 1816 1627 1870 videre
1686 1813 1966 1878 sustinuit,
2019 1811 2124 1868 sed

541 1915 690 1972 omni
714 1913 928 1969 ornatui
963 1909 1292 1974 valedicens,
1329 1925 1459 1963 cum
1519 1908 1672 1978 prius
1717 1905 1785 1960 ab
1839 1903 2117 1975 episcopis

543 2009 623 2064 uti
652 2023 748 2078 pro
776 2021 832 2061 se
853 2013 1096 2070 orarent,
1124 2007 1490 2074 impetrasset,
1526 2001 1581 2054 in
1602 1999 1890 2068 collegium
1918 1997 1981 2051 Ι).
2000 1995 2120 2052 ϐεε-

543 2103 685 2157 cilia:
710 2100 1118 2170 cooptabatur:
1163 2099 1358 2166 inquo
1410 2098 1551 2151 duos
1597 2110 1662 2149 ac
1707 2094 1900 2156 viginti
1948 2105 2120 2146 annos

540 2195 763 2250 assidue
797 2209 862 2248 ae
886 2193 1237 2247 continenter
1271 2192 1484 2254 vivens,
1510 2185 1912 2242 medicamento
1940 2183 2119 2253 paeni-

542 2287 749 2350 tentiae,
807 2295 869 2339 ut
892 2284 1130 2337 maxime
1162 2289 1399 2353 poterat,
1429 2279 1644 2349 priores
1667 2278 1959 2347 detergens
2001 2289 2119 2329 ma-

540 2379 711 2441 aulas,
739 2376 805 2430 ad
848 2377 1130 2431 caelestem
1177 2388 1342 2443 quem
1397 2381 1686 2440 tantopere
1740 2367 2119 2438 concupierat,

540 2477 842 2526 amatorem
867 2468 962 2522 Dei
994 2467 1328 2536 benignitate
1353 2464 1628 2536 migravit.
1662 2462 1728 2518 Et
1753 2463 1869 2516 lucc
1891 2460 2115 2531 quidem

541 2561 645 2616 hac
675 2560 886 2616 ratione
911 2558 1063 2613 [inita
1093 2567 1242 2613 sunt.

613 2821 771 2878 LVII.
798 2821 1004 2878 Deinde
1039 2821 1283 2893 pontifex
1334 2837 1484 2880 max.
1547 2819 1848 2886 mandavit,
1885 2828 1946 2875 ut
1983 2819 2118 2875 Grc-

539 2913 732 2984 gorius
762 2911 1021 2984 mysteria
1045 2926 1143 2966 sua
1172 2919 1481 2982 perageret.
1536 2909 1638 2966 Ubi
1675 2909 1770 2980 qui
1801 2909 2117 2964 divinorum

539 3003 933 3060 sacriﬁciorum
989 3003 1286 3072 participes
1311 3001 1490 3068 fuere,
1525 3001 1778 3056 convivio
1801 3001 1868 3054 ab
1921 3001 2115 3056 eodem

541 3093 799 3164 pontifice
837 3093 1212 3150 communiter
1247 3102 1382 3148 sunt
1403 3093 1620 3161 excepti
1657 3109 1672 3156 ;
1711 3105 1773 3145 ac
1828 3100 1942 3144 tum
1999 3093 2122 3161 qui-

542 3186 669 3242 dem
695 3187 774 3242 sic
807 3184 1230 3242 convivantibus
1255 3183 1503 3255 pontifex
1537 3182 1675 3238 nihil
1705 3181 1853 3238 aliud
1881 3181 2115 3240 addidit.

541 3275 814 3332 Caeterum
856 3277 1125 3349 postridie
1154 3278 1274 3347 ejus
1305 3275 1415 3331 diei
1456 3274 1776 3346 Gregorium
1807 3278 2117 3343 accersivit,

543 3385 610 3424 ac
635 3369 683 3423 ei
715 3384 830 3423 rem
857 3367 1150 3439 quamdam
1177 3367 1420 3438 exponit,
1449 3383 1571 3437 qua:
1595 3367 1726 3422 solis
1775 3368 1895 3438 ejus
1937 3368 2121 3438 preci-

542 3461 670 3525 bus,
701 3458 1032 3529 ﬁduciaque,
1057 3474 1166 3529 qua
1217 3458 1274 3512 in
1302 3460 1474 3513 Deum
1543 3459 1784 3528 plurima
1835 3459 2116 3529 ﬂagrabat,

541 3551 835 3620 indigeret.
869 3551 929 3605 ld
977 3559 1161 3606 autem
1193 3550 1299 3605 hoc
1325 3565 1498 3620 genus
1518 3559 1638 3604 erat
1664 3566 1678 3603 :
1703 3549 1872 3621 Ligna
1897 3552 2120 3620 quidam

540 3641 777 3696 maxima
809 3643 864 3693 in
895 3638 1099 3695 ﬂumen
1126 3640 1373 3706 immisit,
1403 3648 1463 3693 ut
1503 3653 1846 3712 summorum
1899 3650 2120 3710 aposto-

538 3734 720 3790 lorum
764 3732 966 3802 templo
1011 3732 1226 3787 ornatui
1256 3732 1420 3786 simul
1442 3745 1507 3785 ac
1551 3732 1836 3787 securitati
1888 3742 2094 3788 essent.

543 3823 672 3879 ﬂmc
706 3837 837 3876 vero
863 3823 936 3876 ita
964 3821 1186 3892 oblique
1207 3822 1562 3887 circumacta,
1605 3837 1670 3877 ac
1692 3823 1952 3892 utrinque
1974 3826 2121 3894 ripas

543 3914 830 3985 complexa
861 3922 1013 3978 sunt,
1043 3921 1104 3966 ut
1155 3912 1323 3969 nullis
1372 3912 1542 3968 clavis
1588 3911 1691 3967 fixa
1746 3923 1843 3967 aut
1896 3913 2120 3968 suil‘ulta

541 4016 748 4071 essent,
797 4015 914 4062 uta
988 4006 1231 4071 nemine,
1279 4007 1532 4076 quamvis
1586 4005 1884 4060 multorum
1920 4007 2120 4078 sai-pius

541 4097 798 4152 manibus
853 4096 1055 4152 acriter
1107 4105 1437 4167 pertentata,
1491 4096 1759 4152 dimoveri
1814 4099 2112 4167 potuerint.

543 4186 651 4242 Sed
680 4201 860 4256 neque
883 4188 1160 4258 navigium
1189 4188 1433 4258 aliquod,
1459 4196 1555 4242 aut
1579 4187 1856 4244 mercibus
1877 4199 1972 4244 aut
1994 4190 2118 4244 aiiis

543 4279 736 4334 usibus
761 4280 1259 4346 accommodatum,
1293 4295 1512 4334 sursum
1546 4290 1640 4334 aut
1677 4281 1930 4335 deorsum
1967 4283 2119 4336 navi-

2158 1694 2209 1751 Β

2235 627 2347 692 γὰρ
2395 622 2490 676 καὶ
2532 622 2692 690 ὑμεῖς
2754 622 2846 674 καὶ
2899 622 2961 673 τὸ
3001 620 3212 688 στέρμα
3260 619 3414 690 ὐμῶν
3462 621 3673 683 ἔσεσθε,
3724 622 3818 673 καὶ

2230 715 2344 767 ὅσοι
2376 713 2442 767 ἂν
2470 713 2613 764 οὕτω
2647 714 3061 782 σεσημασμένοι
3107 712 3372 779 γένωνται
3431 713 3641 767 οἰκέται
3705 717 3818 778 τοῖς

2232 802 2746 872 προχειριζομένοις
2793 799 3229 870 Ἀκραγαντίνων
3280 801 3601 864 ἐπισκόποις
3652 801 3818 872 μέχρι

2231 893 2435 956 παντὸς
2465 892 2701 948 ἔσονται.
2749 893 2848 955 Ὃς
2879 891 2923 944 δ’
2961 891 3028 946 ἄν
3049 907 3173 944 τινα
3212 889 3308 943 τοῦ
3346 892 3536 960 γένους
3567 890 3720 962 ὐμῶν
3742 895 3820 945 ἱε-

2236 985 2430 1058 ρατίας
2459 985 2588 1055 ἀξία
2626 984 2923 1054 περιϐάλῃ,
2967 982 3001 1054 ῆ
3041 982 3493 1053 ὲκκλησιαστηκῇ
3545 985 3816 1056 πιστεύσῃ

2230 1079 2500 1149 διακονίᾳ,
2536 1077 2729 1131 τοῦτον
2746 1077 2906 1146 ἡμεῖς
2937 1074 3361 1144 ὲκκηρύττομεν
3399 1075 3493 1128 καὶ
3511 1074 3818 1146 ἀναθέματι

2231 1169 2705 1241 παραπέμπομεν.
2736 1167 2924 1230 Οὐτως
2957 1168 3171 1229 ἐκεῖνος
3219 1166 3320 1219 οὐκ
3372 1165 3481 1219 ἀπὸ
3554 1167 3815 1238 σπουδῆς,

2230 1261 2308 1324 ὡς
2335 1262 2464 1332 ἐμοὶ
2482 1261 2650 1325 δοκεῖ,
2680 1259 2878 1329 λέγων,
2918 1259 3041 1313 οὐδὲ
3081 1259 3191 1330 γὰρ
3233 1259 3302 1313 ἂν
3327 1259 3580 1314 ἀπέδωκε
3609 1261 3692 1325 δὶς
3719 1263 3818 1316 ἐπὶ

2230 1353 2296 1408 τὸ
2335 1354 2492 1420 αὐτὸ,
2526 1353 2705 1418 ἄλλως
2731 1371 2794 1407 τε
2836 1353 2926 1408 ὅτε
2954 1352 3091 1425 μηδὲ
3140 1353 3453 1430 Γρηγόριος.
3490 1354 3812 1426 συνεχώρει,

2230 1445 2370 1500 ἀλλὰ
2397 1445 2478 1516 τῷ
2508 1445 2662 1518 φόϐῳ
2685 1446 2999 1500 κατασείων
3023 1445 3205 1500 αὐτῶν
3243 1447 3343 1509 τας
3365 1445 3544 1516 ψυχὰς
3565 1448 3660 1498 καὶ
3706 1463 3814 1500 σω-

2232 1537 2506 1609 φρονίζων
2568 1539 2654 1593 ἔτι
2723 1538 2987 1602 ἀπονοίας
3029 1538 3187 1602 ὄντας
3234 1538 3488 1606 μεστούς.
3525 1540 3660 1594 Οὐδὲ
3704 1541 3815 1610 γὰρ

2235 1632 2286 1682 εἰ
2323 1627 2398 1699 μὴ
2423 1627 2516 1682 τὸν
2547 1629 2671 1684 νοῦν
2701 1628 2845 1683 οὕτω
2859 1628 3146 1694 διέκειντο,
3171 1632 3272 1683 οὐκ
3316 1631 3383 1683 ἂν
3416 1631 3614 1693 αὐτοὺς
3639 1631 3815 1693 οὕτως

2232 1721 2408 1793 οὐδὲή
2436 1721 2554 1774 Θεία
2578 1721 2704 1791 δίκη
2741 1721 3072 1792 μετήρχετο.
3103 1715 3268 1774 Οὗτοι
3307 1721 3407 1792 μὲν
3438 1717 3554 1789 οὖν,
3575 1724 3688 1786 τοῖς
3713 1723 3813 1792 ἄρ-

2232 1831 2390 1884 χουσι
2416 1813 2840 1884 παραδοθέντες,
2861 1816 2982 1875 ταῖς
3011 1813 3170 1876 ἰδίαις
3209 1813 3414 1878 οίκίαις
3436 1815 3814 1881 ἀποκατέστη-

2235 1921 2357 1959 σαν.
2401 1904 2466 1958 Ἦ
2497 1905 2555 1958 δέ
2585 1920 2650 1972 γε
2683 1905 2820 1976 κόρη
2849 1903 3055 1975 ἐκείνη,
3083 1905 3183 1976 τὴν
3239 1904 3338 1974 μὲν
3373 1904 3814 1975 Ἀκραγαντίνων

2236 1997 2393 2050 πόλιν
2442 1996 2564 2050 οὐδὲ
2622 1996 2752 2049 ίδεῖν
2797 1997 3117 2066 ὐπὲμεινειν
3172 1996 3275 2049 ἔτι·
3317 1995 3508 2066 κόσμῳ
3559 1995 3616 2049 δὲ
3650 1997 3814 2048 παντὶ

2234 2088 2629 2160 ἀποταξαμένη
2664 2089 2758 2142 καὶ
2791 2093 2948 2160 παρὰ
2976 2089 3086 2142 τῶν
3121 2089 3440 2142 ἐπισκόπων
3475 2087 3664 2140 αὐτόθι
3701 2086 3813 2140 τῶν

2235 2180 2487 2251 συνήθων
2545 2183 2842 2248 ἀξιωθεῖσα
2880 2181 3082 2252 εὐχῶν,
3105 2182 3164 2236 ἐν
3199 2185 3267 2252 τῇ
3315 2184 3453 2253 μονῇ
3495 2181 3596 2253 τῆς
3649 2182 3812 2250 ἁγίας

2235 2269 2508 2339 Κηκιλίας
2541 2270 2777 2341 φιλοθέῳ
2816 2270 3067 2342 λογισμῷ
3102 2271 3376 2341 κείρεται,
3424 2274 3484 2326 ἐν
3577 2272 3672 2325 δύο
3717 2273 3813 2324 καὶ

2231 2362 2440 2415 εἴκοσιν
2477 2361 2572 2429 ἔτη
2607 2363 2747 2417 πάνυ
2780 2363 3069 2434 προσεχῶς
3097 2380 3158 2417 τε
3181 2366 3275 2418 καὶ
3311 2365 3603 2436 ἐγκρατῶς
3637 2363 3811 2435 ζήσα-

2211 2471 2324 2518 σα,
2367 2455 2464 2508 καὶ
2499 2455 2740 2527 ὑσσώπῳ
2767 2457 3058 2528 μετανοίας
3088 2457 3162 2520 ὡς
3183 2452 3297 2513 οἶόν
3325 2475 3384 2512 τε
3411 2459 3510 2522 τὰς
3534 2458 3812 2529 προτέρας

2234 2547 2460 2617 κηλίδας
2493 2548 2921 2618 ἁποκαθάρασα,
2975 2549 3115 2620 πρὸς
3163 2549 3224 2601 δν
3269 2548 3500 2621 ἔσχατον
3570 2547 3810 2618 ἐπόθησε

2233 2637 2476 2708 ἐραστὴν
2508 2637 2778 2709 θεοφιλῶς
2818 2638 3180 2711 ὲξεδήμησεν.
3221 2640 3330 2694 Καὶ
3360 2638 3537 2694 ταῦτα
3564 2639 3662 2711 μὲν
3683 2640 3812 2693 τοῦ·

2230 2743 2322 2781 τον
2351 2727 2478 2799 ἔσχε
2506 2728 2600 2785 τὸν
2628 2729 2852 2800 τρόπον.

2302 2817 2428 2874 ΝΖ’.
2461 2819 2541 2893 Τῇ
2572 2819 2630 2873 δὲ
2659 2820 2788 2892 ἑξῆς
2815 2823 2844 2876 ὁ
2887 2821 3119 2886 πάππας
3169 2823 3457 2894 ἐπιτρέπει
3483 2823 3562 2897 τῷ
3595 2825 3810 2896 Γρηγο-

2239 2910 2341 2981 ρίῳ
2369 2911 2469 2981 τὴν
2509 2913 2667 2982 ἱερὰν
2693 2913 2979 2969 ἐκτελέσαι
3023 2917 3443 2984 μυσταγωγίαν,
3512 2918 3570 2970 ὲν
3699 2917 3812 2970 τῶν

2231 3002 2395 3056 θείων
2427 3003 2746 3074 μυστηρίων
2773 3006 3174 3074 μεταλαϐόντες
3205 3008 3303 3061 καὶ
3327 3007 3519 3079 κοινῆς
3557 3012 3812 3080 μετεῖχον

2223 3095 2529 3164 τραπέζης.
2561 3097 2669 3152 Καὶ
2695 3099 2758 3150 τό
2795 3114 2856 3150 τε
2886 3098 2988 3167 μὲν
3010 3097 3186 3163 οὓτως
3219 3100 3622 3170 εὐωχουμένοις
3653 3098 3812 3155 οὐδὲν

2227 3183 2417 3254 ἕτερον
2447 3186 2475 3236 ό
2506 3183 2742 3248 πάππας
2772 3187 3126 3256 προστίθησι·
3154 3191 3220 3258 τῇ
3255 3188 3313 3240 δὲ
3341 3186 3607 3259 ὑστεραία
3632 3203 3812 3256 μετα*

2227 3274 2589 3348 πεμψάμενος
2612 3277 2706 3330 τὸν
2740 3277 3045 3347 Γρηγὸριον
3073 3280 3310 3348 πρᾶγμά
3339 3297 3393 3332 τι
3426 3278 3574 3348 αὐτῷ
3595 3279 3813 3348 διηγεῖ-

2225 3384 2340 3433 ται,
2367 3368 2545 3438 μόνων
2582 3367 2691 3422 τῶν
2731 3367 2945 3422 ἐκείνου
2996 3369 3320 3441 προσευχῶν
3358 3371 3456 3424 καὶ
3506 3369 3604 3442 τῆς
3666 3369 3815 3440 πρὸς

2215 3459 2362 3513 Θεὸν
2391 3461 2706 3532 παρρησίας
2732 3462 2933 3532 κομιδῆ
2955 3461 3234 3532 δεόμενον·
3275 3462 3338 3515 τδ
3371 3461 3428 3515 δὲ
3462 3455 3535 3532 ἦν
3577 3460 3810 3513 τοιόνδεσ

2228 3552 2367 3616 ξύλα
2387 3569 2473 3616 τις
2507 3555 2743 3623 μέγιστα
2773 3553 3044 3624 διαφῆκεν
3076 3555 3135 3607 ἐν
3183 3554 3264 3624 τῷ
3304 3553 3537 3625 ποταμῷ
3586 3555 3668 3617 είς
3710 3552 3814 3605 κό-

2227 3661 2363 3714 σμον
2397 3645 2516 3716 ἅμα
2545 3646 2646 3699 καὶ
2676 3645 2984 3715 ἀσφάλειαν
3013 3645 3155 3700 αὐτὰ
3194 3646 3420 3717 πέμψας
3466 3646 3544 3716 τῷ
3569 3643 3678 3697 τῶν
3715 3661 3815 3696 κο-

2228 3736 2473 3806 ρυφαίων
2490 3736 2624 3808 ναῷ·
2643 3737 2713 3790 τὰ
2730 3738 2788 3792 δὲ
2808 3737 2951 3792 οὕτω
2973 3739 3133 3808 τυχὸν
3157 3738 3364 3807 πλάγια
3381 3738 3814 3810 περιενεχθέντος

2224 3830 2319 3881 καὶ
2346 3828 2616 3900 ἑκατέρας
2649 3829 2748 3892 τὰς
2781 3829 2951 3898 ὄχθας
3005 3830 3372 3884 διαλαϐόντων
3419 3830 3550 3884 ἄνευ
3601 3831 3811 3900 δεσμοῦ

2223 3918 2499 3989 ὲρήρειτο.
2555 3919 2744 3973 Ταῦτα
2792 3922 2892 3990 οὐχ
2932 3921 3058 3975 ὅσον
3101 3922 3538 3992 μετακινηθῆναι
3573 3921 3813 3990 πολλαῖς

2223 4010 2485 4074 πολλάκις
2511 4010 2849 4082 βιαζομένων
2880 4013 3066 4082 χερσὶν
3098 4012 3351 4083 οὐδαμῶς
3371 4013 3659 4083 ἠδύναντο,
3685 4014 3812 4076 ἀλλ’

2219 4100 2344 4154 οὔτε
2360 4119 2413 4155 τι
2436 4102 2544 4156 τῶν
2561 4105 2682 4156 κατ’
2699 4104 2972 4173 ἐμπορίαν
2992 4105 3194 4160 πλοίων
3211 4106 3243 4176 ἢ
3263 4105 3428 4177 ἄλλην
3448 4109 3571 4161 τινὰ
3595 4108 3812 4180 χρείαν,

2221 4192 2348 4245 οὔτε
2371 4193 2644 4248 εἰσπλέειν
2662 4193 2785 4248 οὔτε
2807 4195 2906 4263 μὲν
2925 4195 3175 4251 ἐκπλέειν
3190 4198 3258 4250 δι’
3271 4199 3448 4252 αὐτῶν
3465 4200 3647 4270 ἴσχυον
3663 4200 3813 4254 ὥστε

2221 4287 2281 4338 οὐ
2315 4285 2524 4355 μικρὰν
2543 4286 2683 4340 αὐτὰ
2729 4288 3014 4358 συμφορὰν
3038 4290 3086 4342 οἱ
3112 4289 3210 4360 τῆς
3255 4290 3462 4354 πόλεως
3501 4293 3813 4352 ὲποιοῐντο.

544 4383 673 4438 gare
707 4367 795 4423 his
819 4369 1074 4426 obicibus
1127 4381 1344 4440 poterat
1378 4389 1393 4435 ;
1433 4370 1644 4425 idcirco
1694 4387 1803 4426 non
1857 4372 2114 4442 exiguum

2228 4377 2396 4431 Τοῦτο
2417 4377 2511 4430 οὐν
2529 4380 2557 4432 ὁ
2583 4379 2972 4452 πάπποιςαύτῴ
2993 4381 3232 4452 διηγεῖτο
3251 4385 3343 4438 καὶ
3355 4385 3526 4439 δεῖται
3543 4403 3656 4456 παρ
3673 4394 3694 4438 ξ
3711 4404 3742 4442 τ
3755 4389 3815 4440 ’.ν

547 4457 640 4512 illa
673 4457 883 4513 civitati
907 4459 1299 4515 detrimentum
1333 4460 1664 4515 inferebant.
1696 4461 1808 4517 Hoc
1841 4463 2005 4534 igitur
2039 4466 2117 4519 illi

547 4549 789 4618 pontifex
841 4561 1084 4615 enarrat,
1145 4563 1412 4620 rogatque
1453 4566 1573 4605 sesc
1593 4561 1653 4607 ut
1674 4553 1740 4606 ad
1771 4553 1951 4608 locum
1983 4555 2119 4610 reci-

548 4638 682 4708 piat,
721 4639 1000 4692 communi
1029 4638 1085 4692 in
1120 4639 1291 4696 Deum
1339 4637 1541 4693 liducia
1576 4640 1833 4697 omnibus
1893 4653 2120 4698 conten-

546 4732 824 4795 dentibus,
855 4741 916 4785 ut
957 4740 1015 4785 et
1071 4731 1118 4786 is
1173 4739 1359 4802 optata
1412 4731 1724 4802 perliceret.
1752 4735 1918 4790 Facto
1953 4736 2118 4806 igitur

546 4825 723 4897 signa,
744 4825 998 4880 universa
1018 4826 1234 4890 civitas,
1259 4825 1512 4880 monachi
1543 4826 1704 4885 simul
1725 4839 1782 4882 et
1809 4831 2123 4886 sacerdotes

547 4919 917 4985 conﬂuebant,
958 4935 1022 4974 ac
1062 4919 1311 4989 speciosa
1346 4934 1542 4990 pompa
1605 4923 2125 4994 supplicationeque

549 5009 618 5064 ad
641 5011 840 5064 ﬂumen
863 5009 1290 5067 descenderunt.
1313 5010 1752 5068 Procedentibus
1773 5025 1956 5069 autem
1990 5015 2120 5079 illis,

550 5101 749 5157 mulier
790 5103 1037 5172 quadam
1065 5102 1119 5156 in
1157 5104 1242 5156 via
1301 5102 1480 5174 ignem
1535 5105 1828 5160 accendit:
1859 5107 1927 5160 ad
1958 5122 2123 5175 quam

552 5197 638 5251 vir
666 5205 891 5252 sanctus
925 5197 1210 5267 paululum
1247 5214 1307 5253 se
1340 5198 1642 5264 inclinans,
1679 5200 1822 5254 tradi
1853 5200 1957 5254 sibi
1994 5217 2125 5270 pru—

552 5306 678 5345 nam
713 5292 1024 5361 imperavit.
1053 5291 1146 5348 Illa
1177 5291 1280 5360 (ad
1311 5292 1432 5362 ejus
1459 5293 1606 5346 enim
1630 5291 1800 5346 solius
1835 5291 2125 5361 imperium

553 5383 895 5452 attendebat)
925 5385 1176 5452 protinus
1224 5381 1470 5440 tradidit.
1509 5380 1588 5438 Ac
1636 5382 1727 5436 ille
1786 5380 1842 5434 in
1877 5381 2124 5450 pallium,

550 5489 659 5542 quo
692 5486 809 5528 erat
843 5475 1086 5540 indutus,
1116 5479 1383 5530 carbones
1409 5475 1655 5540 immisit,
1681 5475 1885 5544 quibus
1925 5475 2126 5530 deinde

551 5567 680 5618 thus
705 5566 986 5634 imposuit.
1018 5569 1184 5620 Acilii
1225 5567 1490 5635 deinceps
1520 5567 1666 5621 tliuri
1722 5566 1981 5635 impositi,
2031 5566 2127 5620 ad-

551 5656 875 5714 mirabiliter
920 5659 1184 5718 carbones
1214 5661 1429 5716 accensi
1463 5671 1642 5730 erant,
1678 5659 1858 5733 ipsum
1904 5658 2126 5717 adolen-

2221 4470 2386 4524 τόπον
2403 4469 2676 4538 γενέσθαι,
2693 4475 2845 4541 κοινῇ
2864 4488 2923 4524 τε
2942 4474 3074 4527 πᾶσι
3090 4473 3182 4527 τοῦ
3198 4475 3329 4528 Θεοῦ
3349 4477 3473 4546 περὶ
3497 4478 3679 4530 αὐτῶν
3693 4478 3749 4530 δε
3761 4497 3819 4531 :-

2225 4565 2407 4634 μένοις
2429 4564 2789 4618 συλλαϐέσθαι
2809 4567 2902 4618 καὶ
2928 4569 3091 4621 αὐτὸν
3107 4569 3202 4639 τῆς
3225 4571 3412 4642 εὐχῆς.
3435 4571 3476 4622 Κ
3486 4570 3820 4642 ρουσθέντος

2220 4652 2507 4707 τοίνυντοῦ
2526 4653 2706 4718 ξύλου,
2723 4654 2758 4724 ἦ
2775 4672 2834 4708 τε
2863 4657 3016 4719 πόλις
3044 4659 3195 4711 πᾶσα
3219 4662 3538 4729 συνήγοντο,
3582 4665 3818 4732 μοναχοί

2220 4760 2278 4798 τε
2303 4746 2397 4797 καὶ
2420 4747 2464 4798 ie
2476 4747 2588 4815 ρεῖς
2604 4745 2702 4799 καὶ
2719 4747 2824 4798 ὐπὸ
2834 4747 3067 4820 λαμπρᾷ
3079 4752 3143 4820 τῇ
3169 4753 3361 4822 πομπῇ
3379 4752 3474 4804 καὶ
3487 4751 3700 4822 λιτανίᾳ
3716 4755 3822 4807 ἐπὶ

2223 4835 2314 4886 τὸν
2343 4834 2588 4902 ποταμὸν
2613 4835 2910 4906 κατῄεσαν.
2941 4838 3387 4908 Διερχομένωνδὲ
3407 4839 3545 4911 γυνή
3567 4856 3652 4903 τις
3702 4842 3822 4895 ἀνὰ

2225 4931 2326 5002 τὴν
2351 4931 2470 4984 ὁδὸν
2503 4931 2613 5001 πῖρ
2644 4933 2851 4987 ἔκαιεν.
2897 4933 3186 4998 Ἐκκλίνας
3226 4935 3284 4989 δὲ
3337 4937 3535 5010 μικρὸν
3571 4937 3598 4989 ό
3647 4935 3822 5008 ἅγιος

2227 5023 2364 5092 πρὸς
2399 5023 2572 5093 αὐτὴν
2603 5023 2883 5077 ἐπιδοῦναί
2909 5026 2958 5077 οἱ
2992 5027 3297 5098 ἀνθρακιὰν
3333 5029 3608 5081 ἐκέλευεν
3660 5030 3694 5099 ἡ
3726 5030 3820 5097 δὲ,

2230 5113 2368 5180 πρὸς
2407 5115 2572 5180 μόνον
2603 5112 2716 5183 γὰρ
2739 5113 2885 5185 ἑώρα
2913 5115 2974 5167 τὸ
3005 5115 3364 5186 κελευόμενον
3387 5158 3401 5179 .
3427 5117 3591 5182 εὐθὺς
3623 5118 3826 5170 ἐπεδί-

2227 5203 2344 5256 δου.
2384 5203 2570 5268 Καὶδς
2595 5205 2675 5268 είς
2705 5205 2798 5258 τὸν
2844 5206 3087 5275 μανδύαν
3121 5208 3290 5279 ὅνπερ
3342 5210 3616 5280 ἠμφίεστο
3681 5211 3824 5271 τοὺς

2227 5293 2507 5365 ἄνθρακας
2537 5295 2842 5349 ἐπετίθετο·
2893 5295 3015 5352 εἶτα
3046 5298 3342 5354 λιδανωτδν
3390 5302 3573 5361 αὐτοῖς
3630 5300 3823 5352 ὲπιτίυ

2231 5385 2380 5454 θησι.
2413 5387 2675 5440 Κάκεῖνοι
2707 5388 2891 5441 λοιπὸν
2953 5389 3298 5458 παραδόξοις,
3364 5391 3500 5460 πρὸς
3560 5390 3663 5460 μὲν
3718 5392 3826 5444 re»

2234 5478 2537 5533 λιόανωτδν
2565 5479 2839 5549 ἄνθρακες
2902 5477 3044 5552 ἦσαν
3076 5483 3332 5545 καίοντες
3385 5482 3550 5536 αὐτὸν
3607 5482 3706 5533 καὶ
3733 5485 3823 5545 εἰς

2231 5568 2452 5619 κατινδν
2482 5565 2812 5634 διαλύοντες,
2843 5569 2981 5639 πρὸς
3038 5570 3093 5621 δέ
3141 5587 3202 5638 γε
3258 5570 3358 5641 τὴν
3405 5571 3558 5640 ἱερὰν
3615 5569 3828 5641 στολὴν

2229 5657 2559 5732 ψυχρότεροι
2587 5657 2754 5716 λίθων
2805 5661 3076 5733 ἑωρῶντο,
3117 5661 3300 5718 Ταῦτα
3343 5662 3392 5716 οί
3465 5663 3630 5734 ἱερεῖς
3661 5667 3758 5718 καὶ
3792 5666 3831 5720 ὁ
