4080 6374
298 515 400 581 2ὖῦ

1284 508 1469 569 νιτΑ
1508 507 1568 568 S.
1611 504 1994 567 GREGORII
2038 504 2575 566 AGRIGENTINI.

3447 506 3556 570 266

299 624 476 686 λοιπὸς
510 620 783 692 θεώμενοι
816 620 996 691 ὄχλος.
1030 617 1189 673 οὐδὲν
1216 616 1446 688 ἔτιπερὶ
1514 617 1624 668 τῶν
1687 614 1862 679 ξύλων
1893 665 1899 678 Α

2000 630 2071 681 es,
2116 630 2181 670 ac
2214 615 2267 669 in
2314 615 2524 672 fumum
2584 623 2861 671 vertentes
2898 632 2913 682 ;
2955 613 3008 668 in
3051 629 3206 669 sacra
3238 630 3368 669 vero
3402 626 3556 670 veste

298 713 695 778 ὲπιδοιάζοντες
721 706 884 782 ἦσαν,
913 708 1097 773 καλῶς
1146 708 1350 772 ειδότες
1401 707 1478 771 ὡς
1503 709 1532 763 ὅ
1574 724 1638 776 γε
1695 707 1873 778 πυρῖς

300 806 460 876 φύσιν
482 807 619 876 ῥᾷον
660 804 980 874 μεταποιεῖν
1018 801 1226 866 ίκανδς,
1268 793 1428 865 οὗτος
1479 798 1547 871 δὴ
1593 799 1687 852 καὶ
1740 798 1875 862 ξύλα

295 900 435 954 κατὰ
466 894 1077 966 φύσινκινεϊνβτεχνῶς
1098 892 1461 956 ἱκανώτατος.
1505 890 1744 960 Ἀμέλει,
1780 889 1875 942 καὶ

299 991 450 1061 παρὰ
471 988 563 1042 τὸν
586 988 751 1041 τόπον
781 986 1090 1055 γενόμενοι,
1126 985 1189 1037 οὐ
1210 983 1400 1055 κοινῆς
1427 983 1490 1036 τδ
1524 982 1760 1052 πρᾶγμα
1775 980 1875 1048 τῆς

300 1084 435 1153 πρὸς
462 1083 600 1134 Θεὸν
635 1078 901 1143 ἱκετείας,
933 1077 1073 1132 ἀλλὰ
1105 1079 1233 1148 μιᾶς
1275 1077 1374 1147 τῆς
1422 1073 1637 1128 ἐκείνου
1668 1075 1878 1135 πάντες

301 1177 560 1245 εἰρήκασι
592 1172 830 1226 δεῖσθαι.
865 1171 992 1234 Θεὶς
1038 1169 1133 1223 οὖν
1179 1169 1247 1223 τὰ
1300 1167 1507 1237 γόνατα
1566 1163 1879 1237 προσευχὴν

301 1264 688 1328 κατετείνετο,
722 1258 844 1316 εἶτα
864 1261 1164 1324 διαναστὰς
1201 1262 1298 1314 καί⁵
1351 1259 1761 1330 περιθυμιάσας
1810 1257 1880 1311 τὰ

303 1356 457 1421 ξύλα,
481 1355 695 1408 κελεύει
726 1357 839 1417 τοῖς
873 1352 1146 1423 παροῦσιν
1177 1352 1411 1406 ὲλκύειν.
1442 1350 1604 1417 om,
1630 1350 1731 1414 τὰς
1763 1351 1881 1418 χεῖ-

309 1466 410 1519 ρας
449 1447 837 1511 ἐπιϐαλόντες,
870 1447 1053 1499 οὐκέτι
1080 1445 1176 1498 τοῦ
1228 1447 1360 1514 πρὶν
1425 1444 1637 1514 εἴχοντο
1694 1443 1883 1509 πόνου,

304 1540 442 1593 ἀλὶὰ
469 1544 691 1609 πτεροῖς
729 1540 933 1610 ὁμοίως
954 1539 1024 1591 τὰ
1056 1537 1189 1602 ξύλα
1222 1536 1422 1609 ῥᾳδίως
1457 1534 1720 1587 εἶλκοντο.
1742 1531 1888 1586 Ἑνεο

302 1633 614 1686 κεκόλαπτο
657 1631 715 1685 δὲ
762 1632 947 1694 αὐτοῖς
984 1633 1079 1683 καὶ
1104 1630 1429 1700 γράμματα,
1483 1628 1632 1697 ἅπερ
1679 1625 1882 1694 ελεγον,

301 1724 368 1778 τα
400 1726 503 1793 μὲν
549 1724 713 1777 πέντε
745 1723 828 1790 τῷ
876 1721 1166 1792 κορυφαίῳ
1212 1718 1462 1775 ἀνεῖσθαι
1496 1720 1710 1789 Πέτρῳ,
1735 1717 1802 1770 τὰ
1828 1715 1886 1770 δὲ

300 1819 438 1871 ἄλλα
462 1820 626 1873 πέντε
664 1818 863 1886 Παύλῳ
892 1817 971 1886 τῷ
1003 1813 1189 1869 σκεύει
1211 1813 1314 1884 τῆς
1345 1813 1601 1883 ικλογῆς.

1972 705 2285 777 frigidiores
2308 706 2583 776 lapidibus
2623 706 3013 762 cernebantur.
3046 705 3167 760 Ilaec
3191 723 3314 761 cum
3376 722 3559 761 sacer-

1974 796 2133 853 dotes
2184 812 2247 852 ac
2274 799 2482 868 reliqua
2511 799 2671 853 turba
2738 798 2992 861 vidisset,
3051 814 3159 852 non
3205 800 3440 868 amplius
3486 799 3557 856 de

1973 890 2136 959 lignis
2166 889 2466 960 quidquam
2490 891 2865 961 ambigebant,
2907 891 3080 960 probe
3135 892 3371 946 scientes
3397 908 3549 957 eum,

1974 983 2067 1052 qui
2096 992 2349 1037 naturam
2381 983 2520 1054 ignis
2557 992 2663 1037 tam
2697 984 2856 1039 facile
2905 994 3216 1053 permutare
3266 987 3557 1055 potuisset,

1976 1076 2150 1130 multo
2180 1077 2350 1147 magis
2382 1088 2530 1133 certe
2556 1078 2700 1147 ligna
2727 1079 2881 1148 juxta
2912 1088 3167 1132 naturam
3196 1080 3348 1133 nullo
3372 1080 3559 1135 labore

1976 1182 2138 1239 posse
2164 1185 2505 1239 permovere.
2553 1171 2783 1225 Demum
2833 1171 2924 1225 ubi
2979 1171 3047 1225 ad
3110 1172 3291 1226 locum
3330 1184 3555 1228 ventum

1976 1267 2083 1325 est,
2111 1276 2219 1316 non
2244 1262 2349 1317 hoc
2382 1278 2733 1318 communem
2786 1264 3029 1318 omnium
3059 1280 3187 1334 erga
3227 1267 3397 1321 Deum
3426 1283 3560 1337 sup-

1978 1353 2331 1423 plicationem
2361 1370 2687 1425 exposcere,
2748 1355 2845 1411 sed
2899 1358 3020 1427 ejus
3076 1359 3239 1413 unius
3302 1360 3562 1429 precibus

1982 1446 2230 1512 indigere
2287 1448 2471 1503 cuncti
2525 1446 2809 1503 dixerunt.
2846 1448 3029 1516 Quare
3088 1453 3281 1521 positis
3324 1453 3563 1522 genibus

1978 1540 2178 1595 oravit.
2208 1539 2329 1594 Mox
2356 1557 2481 1596 cum
2513 1542 2863 1607 surrexisset,
2913 1543 3077 1614 lignis
3111 1544 3270 1600 thure
3332 1546 3555 1609 sumtis,

1994 1631 2144 1686 trahi
2180 1632 2269 1686 illa
2302 1632 2680 1702 {praesentibus
2733 1636 2972 1690 mandat.
3010 1635 3111 1703 Qui
3146 1636 3362 1706 injectis
3393 1638 3570 1692 mani-

1985 1723 2111 1789 bus,
2138 1740 2262 1779 eum
2287 1740 2398 1793 quo
2419 1734 2577 1781 antea
2608 1726 2999 1796 premebantur
3022 1744 3129 1783 non
3157 1729 3394 1798 amplius
3416 1729 3571 1783 labo-

1984 1830 2103 1868 rem
2128 1817 2465 1872 sentiebant.
2496 1818 2629 1873 Nam
2664 1817 2812 1888 ligna
2843 1818 2981 1888 ipsa,
3014 1819 3247 1888 perinde
3283 1835 3350 1874 ac
3383 1821 3427 1874 si
3453 1819 3571 1875 alas

302 1910 590 1975 haberent,
633 1909 794 1965 facile
836 1908 1217 1964 trahebantur.
1271 1906 1497 1961 Litterae
1574 1914 1757 1961 autem
1800 1903 1911 1959 illis
1953 1903 2242 1977 insculptze
2271 1916 2506 1978 repertae
2564 1918 2715 1975 sunt,
2798 1925 2921 1979 quae
2987 1910 3257 1976 dicerent,
3324 1910 3574 1980 quinque

302 2003 525 2074 quidem
550 2004 710 2057 Petro
739 2015 956 2055 summo
988 1999 1261 2068 apostolo,
1285 1999 1498 2068 reliqua
1532 2012 1667 2052 vero
1703 1994 1949 2066 quinque
1978 1995 2172 2062 Paulo,
2198 2012 2404 2068 organo
2429 1999 2814 2063 selectissimo,
2839 2013 2960 2054 esse
2982 1999 3192 2054 relicta.

372 2095 509 2150 NH'.
549 2094 771 2146 Τούτων
800 2092 896 2146 οὖν
946 2093 1254 2161 γεγονότων
1317 2092 1409 2143 καὶ
1460 2092 1637 2162 χαρᾶς
1668 2088 1879 2159 ἀφάτου

2060 2086 2241 2145 LVIII.
2273 2090 2366 2146 His
2398 2092 2659 2161 peractis,
2697 2093 2979 2160 ltomaque
3005 2093 3319 2152 admirabili
3350 2098 3574 2166 perfusa

304 2191 403 2259 τὴν
442 2185 665 2253 Ῥώμην
685 2183 1116 2254 διαδραμούσης,
1144 2183 1346 2251 συνῆγε
1394 2180 1558 2234 πάλιν
1584 2181 1611 2232 ό
1647 2179 1882 2242 πάππας

304 2287 388 2349 εξ,
432 2276 679 2339 σύνοδον,
709 2274 804 2327 κα)⁵
855 2275 984 2336 τοὺς
1038 2272 1301 2335 Σικελοὺς
1364 2269 1885 2344 προσκαλεσάμενος

305 2373 581 2431 ἅπαντας,
612 2367 953 2436 ἐνδοξότερον
990 2365 1023 2435 ἢ
1058 2365 1263 2433 προτοῦ
1301 2364 1392 2417 τὸν
1424 2363 1575 2434 ίερέα
1612 2362 1702 2415 τὸν
1756 2362 1890 2414 ἐαυ-

309 2463 417 2515 τῶν
452 2460 732 2523 ἀπεδίδου,
763 2459 856 2511 τὸν
883 2457 1031 2511 θεῖον
1059 2456 1264 2528 δηλαδὴ
1293 2455 1618 2526 Γρηγόρων.
1649 2452 1807 2507 Ἐπεὶ
1832 2451 1890 2505 δὲ

311 2556 409 2610 καί⁸
468 2554 709 2608 Λεύκιον
763 2552 946 2605 ἐκεῖσε
999 2550 1208 2617 διάγειν
1264 2548 1488 2618 ἔμαθον,
1548 2548 1732 2617 παρῆν
1783 2545 1894 2615 γὰρ

310 2649 435 2710 τοὺς
464 2644 818 2713 συκοφάντας
851 2643 1226 2714 ὲπιρῤωννὺς,
1291 2640 1384 2692 καὶ
1437 2638 1630 2694 καθότι
1676 2637 1895 2690 δύναιτο

311 2738 650 2807 ἐπαλείφων,
680 2736 871 2789 τοῦτον
915 2734 1012 2804 μὲν
1042 2736 1123 2797 εις
1164 2732 1441 2786 Ἱσπανίαν
1485 2731 1708 2801 φεύγειν
1756 2746 1892 2783 κατ-

315 2827 678 2899 εψηφξσαντο,
712 2826 773 2878 τὸ
805 2825 865 2878 δέ
901 2841 965 2892 γε
999 2826 1057 2878 ὲν
1094 2824 1424 2893 Ἀκράγαντι
1447 2822 1592 2893 ἱερὸν
1619 2826 1706 2876 xu"
1732 2821 1897 2876 αὑτὸν

313 2919 379 2989 δὴ
397 2921 492 2973 τὸν
516 2919 823 2972 ἐπίσκοπον
870 2914 1107 2986 ἀλλαχοῦ
1130 2914 1589 2988 μεθιδρύσασθαιῑ
1608 2914 1769 2967 τοῦτο
1788 2913 1896 2986 γὰρ

315 3008 471 3076 ᾑξίου
494 3011 643 3061 καὶὸ
671 3007 815 3069 Θεῐος
844 3007 1168 3077 Γρηγόριος,
1214 3005 1403 3076 μαθὼν
1462 3006 1545 3059 ὅτι
1582 3022 1641 3057 τε
1688 3006 1763 3073 τὸ,
1808 3005 1902 3057 θυι

323 3103 650 3171 σιαστήριον
685 3097 841 3163 οὗτος
865 3101 894 3152 ό
918 3097 1120 3168 ἐναγὴς
1142 3098 1481 3169 κατέστρεψε
1506 3098 1762 3163 Λεύκιος,
1803 3098 1902 3150 καὶ

321 3194 388 3246 τὰ
402 3194 587 3246 ἐκεῖσε
617 3190 729 3244 τῶν
752 3191 927 3259 ἁγίων
959 3190 1189 3258 λείψανα
1217 3190 1296 3260 τῷ
1322 3188 1468 3261 βυθῷ
1490 3189 1898 3260 παραδέδωκεν.

321 3285 510 3347 οὕτως
536 3280 638 3336 οὖν
680 3283 748 3336 τὰ
792 3283 895 3352 τῆς
942 3280 1250 3350 ἐπισκοπῆς
1276 3279 1649 3350 διῳκονόμησε
1696 3278 1904 3349 ταύτην

330 3377 430 3447 μὲν
456 3377 538 3446 τῷ
570 3375 943 3445 ἀρχιδιακόνῳ
974 3373 1172 3443 Εὔπλφ
1198 3372 1293 3426 καὶ
1329 3370 1409 3441 τῷ
1467 3372 1730 3443 Ἐράσμῳ
1777 3371 1906 3424 ἐπί-

324 3469 550 3539 τρεψεν.
593 3466 664 3519 ’0
715 3467 770 3519 δὲ
794 3468 856 3521 ἐν
881 3469 948 3536 τῇ
995 3465 1183 3536 Ῥώμῃ
1217 3463 1535 3535 ὑπέμεινεν⁸
1576 3462 1770 3530 εμελλε
1800 3463 1908 3531 γὰρ
1935 3447 1979 3507 C-

327 3561 571 3633 ὲξορμᾷν
598 3562 659 3623 ις
681 3561 783 3630 τὴν
816 3558 1187 3628 μεγαλόπολιν
1245 3558 1371 3611 ὅσον
1416 3555 1573 3610 οὔπω
1612 3556 1755 3610 κατὰ
1811 3554 1909 3626 τὴν

328 3653 423 3707 τοῦ
474 3652 750 3723 βασιλέως
795 3651 1064 3716 διάταξιν,
1107 3650 1231 3704 Ἐπὶ
1280 3649 1495 3712 τούτοις
1537 3650 1639 3718 τῆς
1687 3646 1908 3700 συνόδου

326 3746 686 3815 διαλυθείσης
742 3744 992 3797 κατιδίαν
1024 3745 1054 3797 ό
1086 3743 1319 3805 πάππας
1354 3741 1447 3795 τὸν
1479 3740 1637 3809 ἅγιον
1676 3755 1913 3808 μετακα-

328 3840 660 3910 λεσάμενος,
717 3841 953 3909 πρᾶγμα
1000 3838 1149 3890 ποιεῖ
1194 3836 1347 3902 ἄξιον
1398 3834 1567 3889 αὐτοῦ
1594 3852 1655 3888 τε
1690 3833 1788 3904 τῆς
1823 3833 1915 3887 εύ-

240 3926 253 3934 ’
327 3933 556 3997 λαὸείας
587 3935 685 3987 καὶ
713 3933 812 4003 τῆς
851 3931 947 3986 τοῦ
991 3931 1296 4006 Γρηγορίου
1328 3931 1753 4003 μεγαλειότητος
1784 3946 1798 3961 ·
1830 3933 1914 3984 αἱ-

332 4028 513 4081 δείται
545 4030 660 4097 γὰρ
696 4024 903 4096 ἀρετὴν
932 4026 1160 4096 ἀρετῆς,
1207 4025 1283 4088 ὡς
1316 4024 1517 4091 ἔοικεν,
1551 4022 1625 4079 ὅδν
1657 4024 1915 4096 ἐραστὴς.

348 4120 451 4171 καὶ
514 4118 754 4187 πληγεὶς
796 4116 888 4169 διὰ
943 4117 1010 4170 τὰ
1056 4116 1401 4188 προλασόντα
1449 4118 1545 4169 καὶ
1590 4114 1780 4169 παθὼν
1820 4116 1918 4186 τὴν

332 4209 544 4279 ψυχὴν,
583 4210 782 4262 πίπτει
810 4208 949 4278 πρὸς
977 4209 1105 4271 τοὺς
1132 4210 1347 4262 ἐκείνου
1381 4208 1618 4276 πόδας,ι
1643 4205 1778 4277 ὁμοῦ
1818 4208 1918 4276 μὲν

334 4302 721 4374 εὐχαριστῶν,
758 4300 933 4371 ιόμοῦ
980 4301 1037 4354 δὲ
1083 4303 1175 4354 καὶ
1223 4299 1557 4371 συγγνώμην
1593 4300 1780 4366 αἰτῶν,
1833 4299 1921 4366 ἐφ’

332 4388 432 4455 οἷς
468 4395 642 4458 οὕτως
665 4394 921 4464 ἠπάτητο
946 4393 1038 4447 καὶ
1067 4395 1179 4457 τοῖς
1214 4392 1335 4446 κατ’
1363 4392 1529 4447 αὐτοῦ
1561 4393 1919 4449 πεπίστευκε.

329 4488 544 4541 assum
573 4488 633 4541 δὲ
668 4485 841 4540 αὑτοῦ
884 4485 982 4539 καὶ
1015 4485 1251 4557 δωρεὰν,
1283 4487 1375 4540 καὶ
1397 4486 1465 4540 δι’
1505 4485 1669 4539 αὐτοῦ
1700 4486 1778 4556 τῷ
1801 4484 1924 4557 Θεῴ

322 4579 511 4631 τόπον
539 4580 645 4631 οὐκ
666 4576 849 4646 ὀλίγον
895 4577 1091 4647 ἐκείνῳ
1121 4578 1220 4645 τῆς
1247 4575 1344 4629 ὑπ’
1368 4575 1530 4628 αὐτὸν
1558 4576 1923 4648 ἀπεκλήρωσε

320 4670 581 4736 πόλεως,
645 4668 729 4731 είς
786 4666 1056 4737 χορηγίαν
1101 4662 1244 4720 εἶναι
1300 4667 1478 4736 φήσας
1508 4665 1587 4738 τῷ
1638 4666 1922 4721 ὑπἀὐτοῦ

320 4760 605 4831 μέλλοντι
623 4759 1040 4824 ἀνοικοδομεῖσθ
1048 4778 1102 4812 αι
1140 4758 1276 4830 ναῷ.

404 4847 545 4904 ΝΘ.
581 4849 995 4916 Συνταξάμενοι
1019 4846 1198 4917 ἑαυτῷ
1225 4848 1254 4900 ὅ
1289 4864 1346 4900 τε
1377 4846 1701 4920 Μαρκιανὸς
1724 4847 1752 4901 ό
1785 4863 1924 4901 σπα-

1990 2183 2215 2254 gaudio,
2281 2183 2527 2254 pontifex
2584 2199 2779 2240 rursus
2831 2184 2977 2254 cogit
3020 2198 3302 2253 senatum,
3353 2188 3574 2245 Siculos

1993 2276 2123 2332 item
2141 2292 2332 2333 omnes
2353 2277 2603 2341 accersit,
2624 2276 3083 2345 illustrioremque
3100 2293 3160 2331 ac
3184 2278 3341 2349 longe
3363 2283 3575 2350 magn}.

1997 2369 2354 2433 ﬁcentiorcm,
2391 2386 2553 2441 quam
2582 2370 2793 2438 pridem
2828 2369 3046 2433 fecerat,
3072 2384 3300 2424 suorum
3324 2372 3565 2441 ipsorum

1998 2462 2310 2536 praesulem,
2339 2478 2539 2533 nempe
2571 2463 2757 2517 divum
2785 2460 3138 2532 Gregorium,
3174 2463 3283 2518 illis
3308 2464 3570 2519 reddidit.

2001 2555 2174 2610 Porro
2200 2571 2324 2610 cum
2356 2555 2622 2612 Leucium
2654 2553 2765 2608 illic
2793 2554 3011 2624 degere,
3035 2553 3420 2625 delatoresque
3441 2571 3574 2612 con-

2012 2645 2232 2701 ﬁrmare
2275 2661 2339 2701 ac
2365 2646 2617 2713 delinire,
2654 2653 2919 2716 quantum
2954 2654 3188 2716 poterat,
3224 2645 3575 2713 didicissent,

2002 2737 2155 2792 illum
2203 2736 2427 2807 quidem
2490 2737 2548 2791 in
2605 2735 2923 2806 Hispaniam
2970 2737 3234 2807 relegare,
3287 2736 3573 2810 Agrigenti

2005 2845 2138 2886 vero
2168 2828 2434 2899 templum
2464 2844 2528 2883 ac
2548 2827 2791 2898 episc0pi
2839 2827 3061 2882 domum
3092 2827 3222 2883 alibi
3256 2839 3582 2886 construere

2005 2922 2394 2976 decreverunt.
2434 2918 2547 2974 [Ioc
2572 2928 2628 2973 et
2661 2917 2822 2973 divus
2869 2917 3189 2989 Gregorius,
3227 2935 3353 2975 cum
3389 2922 3580 2978 audis-

2007 3019 2092 3067 set
2149 3010 2320 3065 altare
2370 3024 2400 3064 a
2469 3008 2702 3064 scelesto
2757 3007 2964 3063 Leucio
3012 3023 3290 3077 eversum,
3359 3022 3584 3069 saneto-

2008 3116 2239 3170 rumque
2265 3099 2582 3156 veneranda
2607 3114 2843 3171 corpora
2870 3099 2923 3154 in
2951 3114 3098 3154 mare
3123 3100 3294 3157 fuisse
3315 3105 3581 3174 projecta,

2008 3191 2276 3247 laudavit.
2311 3191 2448 3247 Cum
2509 3190 2675 3262 igitur
2726 3205 2842 3245 rem
2891 3191 3240 3261 episcopatus
3289 3195 3371 3250 sic
3431 3198 3583 3253 ordi-

2014 3293 2220 3347 nasset,
2273 3283 2428 3339 illum
2458 3282 2613 3354 Epuli
2650 3282 3024 3339 archidiaconi
3074 3293 3131 3339 et
3182 3284 3392 3340 Erasmi
3435 3303 3586 3345 cura;

2012 3377 2300 3432 commisit.
2343 3376 2463 3446 Ipse
2512 3375 2732 3431 interim
2780 3375 2967 3430 Romae
3003 3376 3336 3432 morabatur.
3398 3379 3585 3450 Siqui-

2012 3470 2137 3527 dem
2193 3468 2724 3538 Constantinopolim
2776 3484 2844 3523 ex
2916 3469 3061 3538 regis
3122 3468 3348 3526 decreto
3404 3474 3587 3542 primo

2014 3577 2235 3634 quoque
2270 3570 2515 3632 tempore
2574 3560 2904 3630 trajecturus
2937 3570 3078 3615 erat.
3117 3560 3173 3615 In
3229 3562 3316 3617 his
3353 3564 3586 3622 dimisso

2014 3662 2236 3720 senatu,
2295 3652 2543 3724 pontifex
2618 3662 2874 3707 sanctum
2915 3652 3095 3707 virum
3151 3653 3372 3710 domum
3430 3674 3590 3713 suam

2017 3760 2332 3811 accersens,
2398 3760 2513 3798 rem
2550 3752 2667 3797 tum
2717 3744 2841 3814 ejus
2889 3744 3113 3813 pietate,
3172 3754 3286 3801 tum
3338 3747 3590 3820 Gregorii

2020 3837 2302 3908 majestate
2337 3836 2557 3906 dignam
2615 3834 2768 3889 fecit.
2799 3834 3103 3905 (Virtutem
3154 3840 3303 3892 enim
3362 3842 3595 3909 quilibet

2017 3928 2239 3984 virtutis
2271 3936 2481 3981 amator
2499 3936 2794 3980 veneratur
2826 3936 2881 3981 et
2912 3927 3090 3997 colit.)
3124 3928 3257 3982 Nam
3287 3930 3359 3984 ob
3382 3946 3446 3986 ea
3470 3949 3595 4002 quas

2021 4029 2438 4093 praecesserant,
2464 4020 2749 4088 perculsus
2800 4028 2854 4072 et
2900 4021 3138 4088 graviter
3184 4020 3417 4076 allectus
3476 4026 3597 4081 ani-

2023 4129 2131 4175 mo,
2164 4112 2230 4167 ad
2255 4111 2421 4181 pedes
2443 4111 2589 4165 illius
2614 4110 2975 4179 pervolvitur,
2998 4126 3147 4167 nunc
3169 4113 3377 4182 gratias
3401 4130 3590 4185 agens,

2022 4221 2171 4261 nunc
2201 4219 2300 4276 pro
2336 4204 2420 4269 iis,
2481 4203 2537 4257 in
2587 4202 2793 4273 quibus
2838 4201 3127 4271 deceptus,
3190 4206 3486 4263 calumniis
3541 4210 3598 4266 in

2024 4296 2176 4352 illum
2210 4294 2372 4349 illatis
2411 4293 2571 4348 ﬁdem
2614 4287 2900 4358 habuerat,
2934 4294 3150 4349 veniam
3201 4308 3416 4358 petens.
3482 4294 3593 4369 Ipsi

2023 4404 2156 4444 vero
2188 4388 2371 4443 locum
2399 4402 2510 4440 non
2563 4385 2843 4458 exiguum,
2895 4400 2927 4441 a
2976 4385 3194 4441 subdita
3234 4387 3339 4443 sibi
3375 4391 3599 4448 civitate

2025 4480 2349 4543 abscissum,
2371 4477 2518 4533 dono
2547 4477 2659 4542 dat,
2681 4492 2745 4533 ac
2775 4492 2872 4547 per
2898 4476 3076 4547 ipsum
3102 4479 3232 4543 Deo,
3258 4480 3353 4550 qui
3388 4484 3598 4551 templi,

2028 4574 2175 4645 quod
2207 4570 2606 4629 exstruendum
2650 4578 2794 4635 erat,
2827 4569 3171 4627 necessarios
3218 4584 3475 4644 sumptus
3525 4577 3601 4632 illi

2028 4670 2367 4734 suppeteret.

2103 4842 2240 4898 LIX.
2269 4840 2537 4897 Caeterum
2564 4839 2870 4898 Marcianus
2899 4856 2964 4899 ac
3007 4844 3252 4915 episcopi
3279 4844 3603 4917 Gregorium

309 4943 536 5013 ῡάριος
574 4941 674 4995 καὶ
696 4944 743 4995 oi
770 4941 1062 4995 ἐπίσκοποι
1101 4941 1238 5011 μετὰ
1268 4941 1575 5012 Γρηγορίου
1602 4943 1700 5012 τῆς
1722 4941 1899 4995 πόλεω

2030 4936 2443 4998 convenientes,
2502 4934 2677 4989 Roma
2717 4934 2882 4989 simul
2934 4937 3341 5006 egrediuntur;
3397 4938 3600 4994 deinde

296 5037 602 5103 ἐξίασινο
667 5030 794 5088 εἶτα
850 5034 951 5105 τὴν
1012 5033 1283 5103 βασιλίδος
1347 5033 1787 5100 καταλαϐόντες,
1827 5035 1899 5106 ἥδ’

2030 5028 2193 5099 regia:
2227 5027 2433 5082 civitati
2488 5026 2897 5096 applicuerunt.
2955 5026 3199 5093 Quorum
3242 5044 3366 5082 cum
3398 5029 3608 5084 alen-

294 5129 441 5196 τῆς
502 5126 742 5194 ἀφίξεως
780 5126 966 5180 αὐτῶν
1008 5126 1175 5197 δήλης
1203 5126 1501 5195 γεγονυίας
1566 5126 1646 5198 τῷ
1700 5127 1899 5197 βασιλεῖ

2035 5129 2123 5176 tus
2149 5120 2260 5191 regi
2287 5116 2638 5182 innotuisset,
2665 5118 2832 5188 jussit
2890 5118 3078 5174 divum
3128 5119 3348 5188 quidem
3402 5120 3611 5190 Grego-

282 5223 421 5274 τὸν
478 5218 582 5286 μὶν
611 5217 760 5272 Θετον
788 5218 1114 5289 Γρηγόριον,
1146 5216 1227 5288 τῷ
1251 5216 1347 5271 τοῦ
1373 5218 1531 5286 ἁγίου
1557 5218 1788 5288 Σεργίου
1831 5237 1899 5289 μο

2042 5211 2185 5265 rium
2245 5207 2390 5279 apud
2457 5207 2570 5262 divi
2608 5206 2785 5279 Sergii
2848 5210 3244 5263 monasterium
3299 5208 3609 5279 diversari;

286 5314 639 5383 ναστηρίῳ
673 5315 1010 5382 προσμένειν
1043 5311 1303 5365 κελεύει·
1341 5310 1435 5364 τὸν
1494 5312 1550 5364 δὲ
1607 5311 1898 5385 Μαρκιανὸ

2039 5301 2373 5357 Marcianum
2405 5315 2535 5355 vero
2566 5302 2915 5368 accersitum,
2941 5301 3009 5356 de
3045 5301 3112 5356 iis
3155 5316 3279 5370 qua:
3338 5301 3393 5355 in
3427 5306 3611 5357 conci-

282 5406 890 5478 μετακαλεσάμενος
914 5405 1042 5475 περὶ
1070 5403 1186 5456 τῶν
1227 5406 1285 5457 ιν
1313 5407 1381 5475 τῇ
1416 5404 1618 5475 συνόδῳ
1660 5405 1899 5477 πραχθέν

2034 5396 2161 5452 cilio
2184 5406 2303 5450 acta
2331 5394 2567 5458 fuerant,
2592 5393 2973 5464 interrogavit.
3008 5394 3104 5448 Ille
3130 5393 3450 5449 admiranda
3502 5398 3609 5452 viri
3653 5464 3661 5484 ί

275 5518 439 5555 των
492 5497 713 5568 ἠρώτα.
766 5499 831 5551 '0
867 5496 925 5551 δὲ
954 5497 1106 5565 λέγει
1138 5497 1341 5563 πάντα,
1382 5497 1482 5560 τὰς
1530 5514 1590 5550 τε
1640 5498 1736 5550 τοῦ
1776 5498 1899 5567 ἁγίο

2036 5488 2212 5543 sancti
2244 5501 2433 5557 Opera.
2502 5484 2994 5553 incomparabilem
3059 5485 3180 5554 ejus
3245 5487 3526 5551 virtutem,
3554 5498 3612 5543 et

270 5594 425 5648 Θαυ
440 5588 845 5660 ματουργίας,
872 5588 966 5640 καὶ
988 5587 1048 5639 τὸ
1076 5586 1176 5657 τῆς
1214 5586 1416 5655 ἀρετῆς
1443 5584 1844 5657 ἀπαράμιλλον,
1870 5604 1899 5640 τ

2039 5597 2161 5654 qua:
2188 5578 2526 5634 delatoribus
2552 5576 2817 5631 divinitus
2844 5578 3181 5639 obvenisset.
3205 5594 3419 5634 necnon
3481 5582 3616 5636 tole-

268 5688 387 5751 εἰς
427 5682 599 5744 τσὺς
624 5682 972 5751 κατηγόρους
1006 5696 1069 5733 τε
1105 5678 1436 5750 παραδόξως
1459 5679 1828 5749 γεγενημένα,
1846 5696 1899 5732 κε

2047 5673 2308 5750 rantiam,
2341 5667 2693 5733 modestiam,
2724 5676 2782 5722 et
2814 5668 3085 5738 insignem
3143 5685 3309 5739 supra
3345 5670 3616 5727 humanus

258 5781 417 5851 τῆς
476 5776 787 5843 ὑπομονῆς
813 5776 910 5827 καὶ
937 5772 1413 5845 μετριοφροσύνης
1435 5773 1498 5825 τὸ
1524 5772 1897 5843 ἀπαράὁλητοε

2047 5781 2233 5823 mores
2294 5762 2464 5818 animi
2534 5761 2902 5817 humilitatem
2980 5764 3263 5833 sigillatim
3328 5766 3612 5820 edisserit.

259 5872 369 5931 ὧν
452 5866 732 5928 ἀκούσας
775 5868 805 5920 ό
864 5866 1146 5936 βασιλεὺς,
1183 5864 1562 5934 ἐξεπλήττετο,
1602 5865 1694 5918 καὶ
1728 5862 1805 5934 τῷ
1840 5881 1899 5916 πε

2047 5858 2177 5926 Qua:
2232 5854 2416 5911 omnia
2481 5870 2580 5911 rex
2639 5854 2942 5911 exaudiens
2990 5856 3319 5924 mirabatur,
3373 5871 3438 5911 ac
3515 5870 3614 5925 pa-

258 5968 607 6044 τριάρχη
642 5960 821 6013 πάντα
858 5956 981 6027 μεθ’
1010 5955 1215 6028 ὁμοίως
1248 5955 1345 6011 τοῦ
1374 5955 1650 6029 θαύματος
1680 5955 1899 6028 amyci-.1

2053 5951 2305 6010 triarclne
2333 5963 2552 6006 onmem
2589 5946 2839 6003 miraculi
2882 5947 3081 6002 seriem
3111 5947 3407 6002 identidem
3464 5959 3627 6005 enar-

600 6057 878 6117 ΡΑτιιοι..
908 6055 1023 6112 Gn.
1066 6051 1271 6113 CXVI.
3186 6037 3220 6099 9
