4080 6374
502 443 605 504 267

1709 428 1990 489 MENSIS
2033 425 2475 489 NOVEMBER.

3641 410 3753 474 268

503 553 673 605 rahat.
708 548 898 601 Postea
928 559 1056 597 vero
1118 558 1279 612 quam
1339 540 1635 611 Gregorius
1663 556 1768 594 una
1807 555 1930 594 eum
1964 538 2082 608 epi-

2206 537 2431 590 Ἐπειτα
2452 533 2547 589 uel.
2573 531 2878 604 Γρηγορίου
2893 530 3007 592 τοῖς
3033 526 3357 589 ἐπισκόποις
3382 525 3728 580 συνεισελθόν

502 639 684 706 scopis
709 636 902 688 urbem
932 633 1213 703 ingressus
1240 641 1345 698 est,
1381 630 1617 686 maxima
1647 630 1701 684 in
1735 629 1885 683 illum
1925 628 2070 698 regis

502 725 791 785 hilaritatis
820 740 885 779 ac
913 723 1306 781 benevolentiae
1332 720 1660 794 significatio
1684 720 1914 784 exstitit,
1946 733 2071 771 nam

498 832 557 877 ct
620 818 759 875 solio
817 832 1070 888 surgens,
1124 832 1251 872 eum
1304 814 1625 884 complexus
1686 812 2068 868 osculabatur.

502 914 703 970 Verum
743 910 1032 966 enimvero
1061 922 1184 962 cum
1215 904 1290 960 illi
1344 921 1455 959 non
1484 905 1685 959 multos
1720 913 1840 973 post
1874 902 1993 957 dies
2022 901 2077 955 in

502 1016 744 1061 mentem
780 1001 1024 1057 venisset
1047 1013 1219 1054 novas
1259 996 1639 1052 sacerdotibus
1664 996 1811 1067 leges
1840 994 2076 1061 sancire,

505 1116 628 1171 quae
653 1098 817 1154 etiam
857 1093 1096 1166 posteris
1121 1103 1235 1147 tum
1264 1100 1414 1156 tutar,
1451 1098 1567 1146 tum
1626 1090 1791 1144 utiles
1825 1087 2081 1142 videren-

506 1203 614 1255 tur,
649 1188 1013 1260 patriarcbam
1069 1195 1123 1241 ει
1146 1200 1271 1240 eum
1313 1182 1487 1252 ipsum
1521 1179 1705 1235 divum
1760 1178 2079 1249 Gregorium

506 1282 820 1345 accersitos,
862 1276 1268 1334 communicato
1298 1271 1550 1335 consilio,
1584 1270 1715 1340 quid
1750 1268 1892 1324 facto
1938 1282 2079 1338 opus

507 1378 672 1434 esset,
710 1369 951 1425 consulit
979 1386 991 1421 :
1017 1365 1111 1436 qui
1146 1380 1259 1420 rem
1285 1376 1517 1432 persane
1553 1359 1884 1414 laudabilem
1944 1357 2081 1422 fore,

509 1479 572 1518 ac
594 1471 745 1519 recte
776 1462 844 1516 de
871 1459 1135 1529 religione
1185 1454 1559 1511 sentientibus
1624 1452 1812 1507 utilem
1844 1447 2081 1504 aﬂirma-

509 1564 659 1610 runt.
685 1555 838 1623 lique
870 1568 993 1607 cum
1026 1564 1242 1605 sacrum
1269 1546 1465 1617 jejunii
1500 1555 1712 1615 tempus
1743 1541 2080 1605 advenisset,

512 1645 656 1698 hanc
712 1639 1076 1712 provinciam,
1135 1637 1257 1708 ipso
1314 1648 1441 1703 rege
1490 1632 1545 1686 in
1577 1630 1870 1685 consilium
1897 1643 2082 1683 secum

514 1730 782 1794 adhibito,
817 1738 1135 1795 suscepere,
1165 1734 1444 1792 novasque
1495 1728 1552 1774 et
1581 1732 1765 1775 sacras
1827 1717 1975 1787 leges
2006 1715 2084 1771 illi

513 1828 830 1878 sanxerunt.

2184 643 2300 689 τος,
2324 628 2352 679 ὁ
2380 625 2638 696 βασιλεὺς
2665 623 2765 694 τὴν
2793 622 2929 693 πρὸς
2959 620 3124 674 αὐτὸν
3155 618 3370 672 ἐδείκνυ
3416 616 3752 687 φιλοφροσύ-

2186 737 2313 791 νην,
2363 718 2459 773 καὶ
2500 716 2598 772 τοῦ
2638 715 2830 786 θρόνου
2875 713 3175 781 ἐξαναστὰς
3221 710 3523 781 περιέϐαλέ
3555 728 3617 765 τε
3665 711 3766 765 καὶ

2186 809 2598 882 κατησπάζετο.
2644 807 2897 879 Ἦμερῶν
2926 804 2985 861 δέ
3028 821 3191 859 τινων
3216 803 3639 874 διαγενομένων,
3681 804 3766 865 εἰς

2186 903 2316 957 νοῦν
2340 902 2491 975 αὐτῷ
2540 900 2799 973 βάλλεται
2840 899 2995 962 νέους
3040 898 3181 970 πρὸς
3229 898 3340 950 τῶν
3377 898 3572 967 ἱερέων
3615 900 3768 950 εκτε-

2188 995 2353 1067 θῆναι
2378 995 2637 1060 κανόνας,
2686 993 2742 1048 οἳ
2791 993 3026 1054 καὶτοῖς
3067 991 3208 1063 μετὰ
3234 989 3428 1055 ταῦτα,
3493 987 3632 1059 όμοῦ
3671 990 3768 1058 μὲν

2188 1087 2479 1157 ἀσφαλεῖς,
2535 1085 2672 1158 ὁμοῦ
2695 1086 2753 1140 δὲ
2792 1085 2887 1139 καὶ
2915 1083 3185 1154 ὠφέλιμοι
3222 1082 3461 1149 δόξουσι.
3517 1080 3622 1135 Τὸν
3672 1079 3770 1133 οὖν

2190 1177 2546 1249 πατριάρχην
2609 1175 3138 1249 μεταπεμψάμενος,
3203 1175 3301 1227 καὶ
3347 1172 3510 1226 αὐτὸν
3556 1171 3623 1241 δὴ
3674 1171 3771 1224 τὸν

2191 1269 2339 1323 θεῖον
2362 1270 2684 1341 Γρηγόριον,
2715 1267 3115 1335 κοινολογεῖται
3158 1265 3288 1334 περὶ
3332 1264 3428 1317 τοῦ
3465 1264 3771 1333 προκειμέ-

2194 1376 2319 1414 νου⁸
2350 1360 2401 1416 οἲ
2440 1362 2536 1415 καὶ
2573 1361 2716 1416 πάνυ
2741 1359 2980 1430 χρηστὸν
3013 1354 3154 1411 εἶναι
3186 1354 3253 1411 τὸ
3284 1357 3519 1425 πρᾶγμα
3537 1356 3636 1409 καὶ
3655 1358 3772 1419 τοῖς

2195 1453 2506 1528 όρθοδόξοις
2568 1454 2850 1521 ὠφέλιμον
2917 1451 3251 1522 εἰρηκότες,
3312 1447 3410 1500 τοῦ
3468 1446 3617 1517 ἱεροῦ
3669 1447 3771 1512 τῆς

2198 1547 2456 1617 νηστείας
2490 1544 2904 1606 καταλαϐόντος
2936 1538 3160 1612 καιροῦ,
3193 1538 3288 1593 τοῦ
3323 1540 3488 1592 πόνου
3536 1537 3767 1609 εἴχοντο,

2200 1634 2829 1706 συνεπιλαμϐανομένου
2860 1634 3043 1695 αὐτοῖς
3074 1634 3174 1687 καὶ
3199 1630 3294 1686 τοῦ
3324 1630 3609 1702 βασιλέως.
3662 1630 3773 1682 Καὶ

2200 1730 2376 1794 οὕτως
2420 1731 2469 1784 oi
2503 1730 2605 1800 μὲν
2633 1730 2766 1792 τοὺς
2807 1727 2967 1790 νέους
2999 1726 3095 1782 καὶ
3140 1725 3323 1797 ίερούς
3352 1724 3586 1786 κανόνας
3621 1723 3774 1776 ὲκτί-

2200 1822 2409 1877 θενται.

585 1911 702 1966 LX.
734 1911 950 1965 Interea
978 1922 1110 1963 vero
1140 1890 1437 1974 Gregorius
1492 1916 1779 1958 sermones
1836 1897 2086 1954 doctrina

2264 1913 2342 1967 ζ’.
2388 1914 2450 1967 '0
2481 1912 2537 1966 δέ
2566 1929 2628 1981 γε
2659 1911 2805 1975 θεῖος
2853 1910 3160 1982 Γρηγόριος
3212 1907 3341 1973 τούς
3394 1910 3777 1980 δογματικοὺς

515 2021 580 2060 ac
609 2004 813 2074 pietate
846 2000 1101 2063 refertos,
1161 1997 1352 2069 plures
1410 1994 1623 2049 edidit:
1688 1991 1828 2047 alios
1856 1990 2082 2060 quidem

516 2100 573 2154 in
630 2109 840 2153 sacram
927 2091 1120 2165 jejunii
1185 2084 1836 2152 observationem,,alios
1893 2083 1945 2136 in
1990 2082 2094 2136 Pe-

520 2202 666 2245 trum
712 2197 771 2242 et
838 2185 1137 2247 Andream,
1182 2198 1247 2237 ac
1274 2182 1464 2254 plures
1487 2180 1616 2233 item
1675 2175 1814 2231 alios
1862 2188 2091 2242 compo-

518 2281 631 2338 suit
663 2297 677 2334 :
712 2276 807 2349 qui
835 2287 949 2331 tum
1001 2272 1257 2336 artiﬁcio,
1283 2280 1400 2326 tum
1428 2270 1663 2324 utilitate
1686 2266 1986 2337 plurimum
2017 2264 2095 2318 illi

521 2372 700 2429 laudis
727 2369 1052 2425 attulerunt.
1109 2365 1214 2421 Ubi
1261 2378 1396 2419 vero
1440 2362 1666 2417 domum
1697 2358 1985 2415 discedere
2040 2357 2096 2410 in

520 2466 763 2520 aninmm
799 2460 1036 2523 induxit,
1068 2455 1283 2528 rogavit
1331 2456 1512 2509 locum
1548 2453 1652 2508 sibi
1702 2451 1759 2506 in
1815 2448 2096 2521 Agrigenti

521 2557 761 2619 civitate,
787 2552 841 2607 in
864 2566 973 2621 quo
997 2548 1237 2620 episcopi
1261 2545 1595 2602 domicilium
1609 2551 1971 2605 construeret,
2000 2541 2098 2594 im-

522 2646 733 2720 pertiri.
774 2643 873 2701 Cui
897 2658 991 2697 rex
1016 2649 1274 2710 tanquam
1331 2638 1628 2708 acciperet,
1680 2649 1790 2689 non
1827 2641 2095 2704 erogaret,

525 2743 598 2795 ita
628 2746 883 2809 prompte
920 2748 993 2789 ac
1051 2732 1304 2786 hilariter
1361 2729 1627 2799 elargitus
1678 2735 1783 2791 est,
1820 2732 1882 2779 ut
1911 2733 2099 2794 optata

522 2834 673 2888 illius
704 2840 1118 2898 supergressus,
1155 2821 1446 2877 dimidium
1500 2819 1577 2874 illi
1632 2816 1914 2888 Agrigenti
1962 2815 2100 2868 civi-

524 2925 653 2981 tatis
672 2923 791 2978 dari
837 2920 1086 2991 jusserit,
1113 2931 1222 2987 quo
1247 2928 1351 2987 pro
1383 2913 1544 2968 libito
1579 2919 1849 2965 uteretur.
1892 2905 2099 2962 Deinde

525 3013 866 3084 amplexatus
912 3010 1090 3066 illum.
1124 3017 1434 3075 rogansque
1468 3016 1535 3056 ne
1566 3001 1651 3056 sui
1685 2999 2101 3052 oblivisceretur

525 3121 665 3161 neve
717 3111 1035 3175 gravaretur
1063 3112 1163 3167 pro
1195 3110 1255 3150 se
1280 3095 1453 3149 Deum
1489 3087 1729 3161 precari,
1768 3087 2004 3142 dimisit.
2028 3084 2100 3139 At

526 3212 660 3252 vero
690 3210 757 3249 ne
817 3192 1005 3262 regina
1056 3187 1279 3258 quidem
1316 3185 1462 3239 circa
1515 3183 1697 3236 virum
1722 3186 1972 3234 sanctum
2006 3192 2097 3231 se-

527 3290 689 3362 gnius
717 3285 913 3341 affecta
948 3282 1066 3337 visa
1094 3289 1199 3335 est.
1228 3278 1363 3333 Nam
1396 3286 1452 3332 et
1491 3275 1606 3345 ipsa
1637 3288 1762 3328 cum
1812 3269 2099 3325 didicisset

527 3378 849 3449 Gregorium
894 3374 1133 3430 amicum
1187 3372 1299 3426 Deo
1357 3384 1421 3423 ac
1476 3365 1900 3438 perfamiliarem
1950 3377 2096 3424 esse,

529 3477 957 3526 consentaneam
988 3463 1066 3517 illi
1122 3458 1485 3516 reverentiam
1538 3455 1757 3518 detulit,
1802 3468 1866 3508 ac
1937 3449 2097 3505 donis

529 3577 696 3635 quam
741 3561 920 3631 potuit
978 3551 1541 3626 magniﬁcentioribus
1596 3547 1867 3603 demereri
1936 3546 2092 3598 illum

532 3631 731 3709 conata
760 3661 862 3705 est.
893 3646 1239 3715 QuaprOpter
1266 3654 1521 3712 egressus
1554 3637 1690 3691 urbe
1750 3631 2095 3690 Constantini

533 3748 762 3803 Romam
792 3739 1069 3811 prolectus
1101 3745 1204 3790 est.
1229 3734 1332 3790 Ubi
1369 3749 1397 3787 a
1422 3731 1680 3802 pontiﬁce
1727 3743 1872 3782 max.
1906 3742 2099 3797 magna

534 3833 842 3893 reverentia
878 3838 1196 3896 susceptus,
1224 3820 1578 3894 Agrigentum
1632 3835 1743 3875 non
1772 3820 1944 3873 multo
1978 3827 2102 3888 post

534 3927 845 3996 adnavigat,
902 3921 1127 3993 quicum
1176 3918 1286 3972 duo
1328 3915 1566 3991 diaconi,
1622 3924 1681 3968 ut
1717 3912 1772 3967 in
1818 3912 2102 3982 proprium

538 4022 690 4076 illum
715 4017 1092 4087 episcOpatum
1118 4012 1490 4073 restituerent,
1522 4008 1671 4062 missi
1708 4014 1860 4062 sunt.
1927 4005 2101 4060 Porro

536 4124 594 4167 et
624 4112 737 4166 illic
772 4118 882 4162 tam
918 4107 1111 4176 ingens
1140 4102 1245 4158 viri
1272 4101 1445 4157 sancti
1477 4100 1621 4169 apud
1678 4113 1869 4155 omnes
1897 4098 2103 4154 conﬂa—

540 4217 632 4259 tur
662 4200 1017 4263 desiderium,
1065 4205 1127 4250 ut
1183 4195 1328 4249 illius
1376 4194 1579 4247 virtute
1630 4207 1741 4247 non
1802 4191 2102 4246 obscurum

539 4293 911 4350 testimonium
970 4286 1220 4351 fecerint,
1272 4285 1403 4339 dum
1459 4285 1549 4353 pia
1614 4283 1770 4352 plebs
1822 4283 2101 4349 universa,

539 4388 886 4447 cunctusque
919 4375 1157 4446 populus
1186 4385 1343 4427 extra
1409 4370 1689 4424 civitatem
1721 4372 1953 4439 egressi,
1984 4379 2100 4424 tum

539 4470 816 4533 laudibus,
862 4476 978 4520 tum
1034 4463 1208 4518 sacris
1254 4460 1622 4524 cantionibus,
1671 4470 1728 4516 ut
1777 4476 1888 4517 non
1944 4462 2105 4518 facile

541 4569 746 4630 quanta
772 4570 898 4611 cum
922 4555 1200 4622 voluptate
1225 4550 1450 4615 dixeris,
1474 4549 1692 4604 obviam
1726 4549 1802 4604 illi
1828 4552 2100 4621 prodiere.

616 4648 754 4706 LXI.
779 4644 921 4712 Quid
952 4642 1021 4697 ad
1057 4642 1172 4695 haec
1200 4640 1361 4694 divus
1375 4638 1719 4709 Gregorius?
1760 4641 1887 4695 lllos
1914 4657 2107 4697 omnes

541 4741 731 4798 osculo
757 4746 949 4793 sancto
974 4732 1292 4788 humaniter
1325 4731 1520 4797 ambit,
1576 4746 1641 4786 ac
1661 4732 1891 4802 singulis
1917 4748 2111 4788 manus

544 4834 852 4901 imponens,
909 4824 1051 4881 bene
1111 4822 1369 4877 omnibus
1426 4822 1776 4892 precabatur.
1837 4824 1907 4878 At
1964 4824 2109 4893 patri

540 4924 739 4980 obvius
761 4922 960 4983 lactus,
997 4915 1237 4986 primum
1292 4913 1518 4983 quidem
1564 4914 1684 4984 ejus
1734 4914 1967 4984 pedibus
2024 4929 2113 4969 se-

545 5020 724 5088 ipsum
759 5012 978 5084 abjecit,
1009 5024 1134 5064 mox
1158 5021 1470 5077 assurgens,
1524 5004 1872 5074 brachiisque
1916 5006 2112 5059 collum

542 5110 664 5179 ejus
678 5102 1048 5165 circumdans,
1075 5099 1485 5171 amplexabatur
1514 5114 1530 5152 :
1556 5107 1617 5150 ut
1642 5098 1892 5167 lacryma:
1916 5098 2115 5151 utrius-

547 5214 657 5271 que
743 5195 925 5252 oculis
974 5192 1194 5254 elicita,
1254 5188 1585 5260 agendarum
1644 5187 1755 5241 Deo
1813 5188 2110 5257 gratiarum

550 5288 919 5346 communiter
943 5283 1163 5339 occasio
1186 5282 1401 5335 tierent.
1430 5278 1546 5334 Hoc
1600 5279 1777 5348 ipsum
1836 5294 1960 5350 erga
2000 5294 2116 5333 ma-

550 5392 691 5436 trem
730 5393 833 5433 usu
861 5375 966 5431 sibi
1005 5376 1222 5429 venisse
1251 5370 1538 5442 comperit.
1573 5367 1775 5424 Verum
1821 5372 1969 5424 enim
1998 5374 2117 5441 ejus

550 5469 861 5541 discipulus
883 5475 1026 5533 erat,
1049 5464 1144 5535 qui
1179 5470 1438 5535 parentes
1484 5476 1596 5531 prie
1649 5462 1904 5516 omnibus
1927 5464 2115 5518 colen-

547 5564 650 5620 dos
676 5561 955 5633 praecepit.
985 5558 1215 5612 Demum
1254 5555 1445 5609 urbem
1477 5557 1775 5625 ingressus,
1824 5570 1933 5609 non
1965 5557 2117 5625 prius

548 5653 886 5709 domicilium
907 5649 1085 5718 petiit,
1129 5662 1238 5702 non
1264 5648 1527 5714 templum
1573 5646 1760 5701 videre
1825 5648 2111 5713 sustinuit,

551 5762 653 5803 nec
698 5744 789 5798 vix
829 5742 1063 5796 alterum
1114 5740 1334 5794 oculum
1396 5739 1637 5809 adjecit:
1693 5739 1789 5794 sed
1830 5740 2116 5796 confestim

556 5839 772 5905 abiens,
801 5831 1217 5892 tabernaculum
1267 5847 1427 5887 suum
1480 5847 1640 5887 muro
1682 5842 1896 5905 septum
1960 5849 2115 5892 extra

2195 2005 2304 2059 τῶν
2337 2004 2511 2073 λόγων
2539 2004 2845 2068 συντάττει,
2868 2004 2993 2067 τοὺς
3019 2005 3100 2067 είς
3119 2003 3218 2074 τὴν
3247 2002 3406 2073 ἁγίαν
3429 2018 3779 2072 τεσσαρακο-

2198 2096 2354 2168 στὴν,
2394 2098 2488 2151 καὶ
2518 2097 2646 2160 τοὺς
2676 2096 2757 2160 εις
2791 2095 2996 2165 Πέτρον
3026 2094 3171 2165 φημὶ
3206 2096 3300 2148 καὶ
3337 2094 3618 2165 Ἀνδρέαν.
3645 2110 3779 2149 συν-

2195 2186 2381 2257 τίθησι
2404 2185 2461 2239 δὲ
2481 2186 2578 2241 καὶ
2602 2184 2831 2248 πολλοὺς
2848 2185 3099 2256 ἑτέρους,
3120 2183 3240 2254 ἅμα
3268 2187 3368 2256 μὶν
3395 2186 3529 2256 πρὸς
3549 2185 3781 2256 τέχνην,

2196 2279 2312 2349 ἄμα
2333 2278 2391 2332 δὲ
2424 2278 2518 2332 καὶ
2541 2277 2680 2346 πρὸς
2707 2275 2981 2346 ὠφέλειαν
3006 2276 3310 2341 ὲπαινετῶς
3340 2274 3584 2347 ἔχοντας.
3617 2277 3783 2332 Ἐπεὶ

2197 2370 2254 2424 δὲ
2284 2368 2380 2421 καὶ
2402 2369 2503 2437 τῆς
2525 2369 2658 2438 πρὸς
2681 2367 2752 2421 τὰ
2769 2370 2947 2421 οἰκέτα
2977 2366 3254 2437 φερούσης
3278 2369 3579 2438 ἐμέμνητο,
3602 2369 3782 2441 ᾔτησε

2199 2458 2291 2512 τὸν
2319 2457 2631 2529 κρατοῦντα
2660 2456 2861 2527 χωρίον
2891 2456 3044 2524 αὐτῷ
3096 2458 3156 2509 ὲν
3206 2459 3276 2526 τῇ
3331 2457 3784 2529 ’Δκραγαντίνων

2197 2546 2444 2615 δοθῆναι,
2482 2548 2541 2600 εν
2562 2542 2606 2615 ᾧ
2634 2547 2698 2600 τὸ
2724 2547 3080 2600 ὲπισκοπείον
3102 2546 3473 2616 οἰκοδομήσει.
3511 2549 3570 2601 ’0
3622 2548 3787 2617 βασι-

2198 2638 2327 2703 λεὺς
2388 2637 2505 2704 οὖν,
2554 2636 2749 2708 ὥσπερ
2800 2636 3097 2706 λαμϐάνων
3134 2635 3365 2706 μᾶλλον,
3406 2638 3530 2708 οὐχὶ
3576 2638 3786 2705 διδοὺς,

2200 2730 2346 2786 οὓτω
2377 2728 2677 2801 προθύμως
2707 2728 2826 2798 ἃμα
2865 2727 2964 2781 καὶ
3003 2727 3307 2797 φιλοτίμως
3343 2726 3559 2780 δίδωσιν
3605 2729 3790 2799 ὑπερ-

2202 2822 2303 2885 ϐὰς
2326 2822 2420 2875 καὶ
2444 2822 2543 2897 τῂν
2567 2820 2811 2891 αἰτησιν.
2842 2819 3040 2873 Δίδωσι
3069 2819 3178 2889 γὰρ
3215 2817 3365 2888 αὐτῷ
3392 2821 3454 2871 τδ
3477 2819 3655 2888 ἥμισυ
3681 2819 3790 2887 τῆς

2199 2913 2646 2984 Ἀκραγαντίνων
2708 2912 2951 2978 πόλεως,
3008 2911 3247 2966 κελεύων
3320 2913 3468 2975 ὅπως
3524 2912 3785 2981 βούλοιτο

2200 3006 2466 3078 χρῆσθαι.
2509 3000 2648 3059 Εἶτα
2683 3005 2783 3059 καὶ
2812 3005 3203 3072 ἀσπασάμενος
3222 3004 3385 3059 αὐτὸν
3409 3007 3503 3059 καὶ
3523 3006 3792 3076 αἰτήσας,

2205 3099 2431 3168 μνήμης
2481 3113 2542 3149 τε
2588 3097 2684 3150 καὶ⁸
2713 3096 2889 3166 εὐχῶν
2928 3095 3041 3149 τῶν
3082 3096 3223 3167 ὑπὲρ
3251 3094 3416 3149 αὐτοῦ
3448 3100 3521 3167 μὴ
3559 3099 3799 3169 ἀμελῶς

2203 3192 2353 3260 ἔχειν
2377 3190 2616 3258 ἀφῆκεν.
2663 3186 2802 3241 Οὐδὶ
2838 3189 2871 3258 ἡ
2915 3186 3128 3257 βασιλὶς
3163 3186 3541 3258 ῥᾳθυμότερόν
3571 3207 3622 3242 τι
3650 3191 3798 3260 περὶ

2214 3283 2308 3336 τὸν
2337 3280 2496 3350 ἅγιον
2525 3280 2701 3350 ἐφάνη
2730 3278 3052 3350 διακειμένη
3081 3295 3098 3312 ⁸
3130 3280 3269 3334 ἀλλὰ
3303 3280 3399 3334 καὶ
3422 3280 3564 3351 αὐτὴ
3610 3281 3795 3352 ἄνδρα

2208 3374 2467 3447 μαθοῦσα
2520 3373 2616 3427 τὸν
2662 3373 2969 3443 Γρηγόριον
2997 3371 3078 3440 τῷ
3108 3371 3227 3441 Θεῷ
3259 3375 3787 3442 προσῳκειωμένον,

2210 3467 2377 3531 σέϐας
2401 3484 2460 3520 τε
2483 3466 2544 3519 τὸ
2565 3465 2847 3535 προσῆκον
2880 3465 3169 3535 ἀπονέμει,
3201 3466 3296 3517 καὶ
3318 3464 3517 3535 δώροις
3551 3465 3628 3529 ὡς
3666 3461 3792 3520 οἷόν

2206 3577 2268 3612 τε
2308 3559 2607 3630 θεραπεύει
2635 3557 3065 3628 μεγαλοψύχως.
3113 3555 3381 3621 Ἐξελθὼν
3414 3556 3472 3611 δὲ
3501 3558 3600 3627 τῆς
3629 3559 3800 3612 Κων-

2210 3650 2517 3714 σταντίνου,
2551 3651 2649 3703 καὶ
2686 3650 2788 3719 τὴν
2828 3647 3052 3719 Ῥώμην
3095 3647 3444 3714 καταλαϐὼν,
3498 3649 3593 3703 καὶ
3624 3649 3800 3721 παρὰ

2206 3742 2303 3796 τοῦ
2347 3743 2550 3796 πάππα
2594 3743 2692 3795 καὶ
2730 3739 2891 3804 αὖθις
2940 3738 3260 3809 σεϐασμίως
3308 3739 3658 3811 ὑποδεχθεὶς,
3704 3744 3799 3806 εἰς

2220 3833 2573 3902 ’Δκράγαντα
2602 3822 2947 3902 περαιοῦται.
2999 3831 3498 3900 Σωεκπὲμπονται
3529 3830 3588 3884 δι
3631 3817 3811 3903 αὐτῷ⁴
3866 3879 3874 3883 -

2208 3925 2305 3978 καὶ
2338 3924 2431 3977 δύο
2461 3924 2570 3976 τῶν
2592 3923 2882 3987 διακόνων,
2917 3922 2994 3986 ὡς
3027 3925 3108 3984 εἰς
3139 3921 3245 3992 τὴν
3278 3922 3418 3975 ίδὶαν
3458 3922 3623 3977 αὐτὸν
3660 3926 3802 3978 ἑπι-

2212 4016 2424 4086 σκοπὴν
2472 4016 2952 4081 ἀποκαταστῆσαι.
3009 4015 3228 4068 Γίνεται
3260 4010 3354 4068 οὗν
3387 4015 3482 4069 καὶ
3518 4018 3551 4087 ἡ
3592 4017 3801 4071 ἐκεῖσε

2209 4106 2307 4160 τοῦ
2345 4105 2621 4177 μακαρίου
2640 4104 2826 4173 ἄφιξις
2846 4103 2992 4158 οὕτω
3027 4104 3230 4170 καλῶς,
3260 4105 3338 4169 ὼς
3361 4108 3442 4169 είς
3476 4108 3804 4179 μαρτύριον

2212 4198 2476 4269 γενέσθαι
2505 4198 2609 4269 τῆς
2645 4198 2850 4269 ἀρετῆς
2883 4197 3101 4250 ἐκείνου
3142 4198 3242 4253 καὶ
3271 4198 3371 4267 τῆς
3415 4200 3510 4252 τοῦ
3540 4200 3804 4271 πλήθους

2218 4288 2528 4360 φιλοθεῖας,
2585 4287 2683 4343 ira
2730 4285 2826 4339 τοῦ
2873 4286 3004 4340 λαοῦ
3059 4288 3259 4351 παντὸς
3305 4288 3540 4359 πρὸτῆς
3578 4289 3808 4354 πόλεως

2214 4374 2639 4448 ἐξεληλυθότων,
2678 4377 2773 4431 καὶ
2802 4376 3038 4447 ψαλμοῖς
3075 4377 3193 4446 ἅμα
3223 4380 3318 4432 καὶ
3369 4380 3537 4447 lepor;
3569 4380 3810 4453 ᾅσμασι

2219 4463 2345 4535 μεθ’
2393 4465 2529 4534 ὅσης
2573 4465 2675 4520 οὐκ
2718 4465 2786 4519 ἂν
2834 4465 3007 4529 εῐποις
3030 4468 3129 4537 τῆς
3157 4467 3353 4537 ἡδονῆς
3380 4469 3481 4539 τὴν
3537 4471 3812 4544 ύπαντὴν

2140 4584 2182 4639 D
2213 4556 2379 4612 αὐτοῦ
2414 4561 2780 4628 ποιουμένων.

2281 4650 2404 4707 ΞΜ.
2449 4652 2515 4705 Τί
2548 4650 2643 4706 οὖν
2684 4653 2713 4706 ό
2747 4651 2890 4715 θεῖος
2920 4654 3255 4724 Γρηγόριος;
3291 4653 3432 4719 Τοὺς
3462 4656 3561 4726 μὲν
3588 4656 3812 4721 ἄλλους

2220 4743 2428 4807 πάντας
2469 4743 2754 4814 φιλήματι
2802 4760 2862 4797 τε
2892 4745 3036 4816 ἁγίῳ
3062 4744 3467 4815 φιλοφρονεῖται
3491 4785 3507 4813 ,
3543 4749 3644 4801 καὶ
3686 4750 3813 4815 τὰς

2217 4838 2407 4907 χεῖρας
2450 4834 2665 4899 ἐπιθεὶς
2711 4835 2953 4906 ἑκάστῳ,
3009 4836 3110 4905 τὴν
3156 4838 3409 4907 εὐλογίαν
3450 4840 3675 4894 δίδωσιν
3710 4844 3819 4913 τῷ

2220 4927 2278 4980 δὲ
2311 4926 2482 4997 πατρὶ
2514 4925 2828 4998 προσελθὼν
2859 4927 3055 4997 πρῶτα
3086 4928 3188 4998 μὲν
3237 4930 3349 4994 τοῖς
3383 4933 3543 4985 ποσὶν
3571 4934 3820 4990 iaccho»

2218 5015 2411 5070 ἑαυτὸν
2443 5014 2797 5083 καταϐάλλει,
2831 5011 2951 5070 εἶτα
2992 5018 3284 5082 διαναστὰς
3309 5018 3401 5073 τδν
3429 5020 3708 5090 τράχηλὸν
3739 5041 3825 5079 τι

2218 5104 2540 5176 περιϐάλλει
2590 5106 2688 5159 καὶ
2742 5106 3186 5173 κατασπάζεται,
3236 5106 3312 5171 ὡς
3363 5109 3702 5179 ἀμφοτέρως
3743 5116 3828 5183 η-

2217 5197 2377 5267 δονῆς
2408 5197 2647 5270 δάκρυον
2675 5198 2786 5252 τῶν
2816 5198 3110 5269 ὀφθαλμῶν
3177 5201 3435 5253 ἐκπεσεῖν
3462 5202 3557 5254 καὶ
3600 5205 3827 5276 κοινὴν

2217 5288 2472 5353 γενέσθαι
2505 5288 2639 5360 πρὸς
2670 5288 2804 5343 Θεὸν
2837 5290 2938 5361 τὴν
3000 5290 3377 5360 εὐχαριστίαν.
3429 5291 3502 5344 Τὸ
3546 5292 3685 5344 αὐτὸ
3748 5296 3830 5351 δὲ

2217 5381 2311 5432 καὶ
2341 5379 2435 5432 ἐπὶ
2464 5382 2530 5451 τῇ
2572 5380 2744 5451 μητρὶ
2775 5380 3006 5449 γίνεται.
3038 5381 3307 5452 Μαθητὴς
3336 5382 3447 5452 γὰρ
3479 5379 3547 5451 ἦν
3569 5383 3833 5453 ἀληθῶς

2218 5472 2429 5526 ἐκείνου
2481 5473 2577 5525 τοῦ
2622 5474 2834 5540 πατέρα
2896 5489 2956 5526 τε
3002 5475 3098 5527 καὶ
3153 5476 3369 5543 μητέρα
3428 5475 3832 5539 κελεύσαντος

2216 5563 2581 5633 διαφερόντως
2610 5556 2797 5634 τιμᾷ-θ.
2849 5561 2982 5616 Εἶτα
3027 5562 3127 5633 τὴν
3170 5564 3326 5617 πόλιν
3362 5563 3646 5627 εἰσελθὼν,
3690 5568 3836 5624 οὐκ

2217 5657 2294 5721 εἰς
2326 5658 2386 5712 τὸ
2412 5658 2760 5710 ἐπισκοπεῖον
2782 5656 3036 5725 ἀνῆλθεν,
3059 5656 3185 5711 οὐδὲ
3235 5658 3296 5710 τὸ
3348 5658 3475 5712 ναὸν
3504 5660 3837 5729 ἐθεάσατο),

2216 5750 2315 5820 οὐχ
2372 5747 2546 5819 ἑτέρῳ
2584 5750 2691 5802 τινὶ
2751 5748 2938 5817 σχεδὸν
2987 5750 3081 5803 τὸν
3127 5750 3284 5820 ὄμμα
3321 5749 3608 5815 ἐπέϐαλεν,
3652 5751 3843 5810 ἀλλὰ

2219 5838 2475 5896 ἀπελθὼν
2502 5840 2725 5906 εὐθέως,
2749 5842 2986 5912 πήγνυσι
3008 5841 3104 5912 τὴν
3133 5841 3300 5896 αὐτοῦ
3331 5841 3538 5915 σκηνὴν
3563 5840 3671 5908 ἔξω
3703 5846 3839 5899 τοῦ
