4080 6374
411 376 516 438 526.!

1510 383 1975 443 MARTYRIUM
2019 385 2074 445 S.
2120 386 2519 449 MEHCURH.

3533 390 3636 450 270

412 487 694 540 είδωλικοῦ
737 489 869 542 ναοῦ
911 492 1149 560 ἐχόμενα
1203 495 1298 548 τοῦ
1351 499 1584 564 τείχους,
1639 500 1734 551 καὶ
1763 491 1830 567 ἦν
1865 500 1964 549 ius

2085 498 2503 554 simulacrorum
2569 503 2827 571 templum
2863 502 2998 567 ﬁxit,
3054 501 3149 556 ubi
3183 517 3306 557 cum
3338 502 3645 558 multitudi-

409 579 844 647 διανυκτερεύων
915 582 1012 634 καί⁸
1056 587 1497 657 προσευχόμενος
1544 591 1641 642 σὺν
1675 589 1841 642 παντὶ
1899 590 1978 660 τῷ

410 671 628 740 πλήθει.
663 666 799 727 Εἶτα
830 673 1123 730 ἀντίτυπον
1158 681 1442 750 τραπέζης
1471 681 1632 749 ἁγίας
1660 682 1972 751 σχεδιάσας.

407 763 481 826 ὡς
502 760 614 834 εἶχε
647 764 739 820 τὸν
761 768 943 832 τίμιον
968 771 1146 824 ἐκεῖσε
1171 774 1408 843 σταυρὸν
1437 776 1649 846 ἁνυψοῖ.
1695 777 1807 829 Καὶ
1837 775 1977 829 οὕτω

408 860 530 920 ταῖς
571 859 710 930 πρὸς
740 860 878 914 Θεὸν
909 869 1249 935 προσευχαῖς
1291 869 1418 931 τοὺς
1456 868 1536 938 τῷ
1569 869 1838 940 είδω).ικῲ
1864 870 1976 939 ναῷ

404 950 798 1020 ἐφεδρεύοντας
827 953 1093 1024 δαίμονας
1124 956 1410 1023 ἐξελάσας.
1452 960 1841 1030 ἀνῳκοδόμησε
1881 963 1975 1016 καὶ

404 1043 813 1115 περιεκόσμησε
885 1048 976 1100 τὸν
1035 1049 1190 1114 ναὸν,
1259 1053 1350 1104 καὶ
1410 1052 1581 1124 ὄνομα
1636 1055 1783 1123 αὑτῷ
1865 1055 1975 1109 τῶν

405 1133 681 1202 μεγίστων
711 1137 807 1190 καὶ
842 1141 1159 1210 κορυφαίων
1207 1143 1480 1214 ἐπέθηκεν
1519 1146 1836 1200 ἀποστόλων
1861 1189 1874 1212 ,
1919 1150 1976 1200 ἐν

401 1219 446 1291 ᾧ
475 1226 686 1291 καὶτὰς
716 1235 985 1300 μυστικὰς
1026 1235 1273 1290 ἐπετέλει
1302 1235 1575 1308 λατρείας,
1607 1240 1701 1291 καὶ
1730 1239 1975 1308 γλῶτταν

401 1317 519 1386 ἃμα
558 1323 654 1373 καὶ
688 1326 845 1396 χεῖρα
877 1324 1134 1396 saepe;
1169 1330 1425 1399 ἀνοίγων,
1457 1332 1551 1407 καὶ
1584 1330 1763 1394 διδοὺς
1809 1332 1973 1403 ἄρτον

400 1411 491 1463 τὸν
523 1414 625 1476 τὰς
672 1415 904 1486 καρδίας
953 1420 1281 1489 στηρίζοντα
1335 1423 1431 1476 καὶ
1473 1423 1720 1492 ἀγγέλων
1757 1424 1975 1496 ἀληθῶς

399 1502 565 1572 ἄρτον
617 1503 748 1558 ὄντα
789 1524 847 1559 τε
896 1509 991 1561 καὶ
1036 1511 1445 1581 ὀνομαζόμενον
1491 1516 1583 1567 καὶ
1635 1515 1744 1569 τῶν
1794 1515 1974 1587 ψυχὰς

405 1594 720 1650 πεινώντων
791 1601 1154 1668 ἐμπιπλῶντα
1198 1605 1290 1656 καὶ
1330 1604 1398 1656 δι’
1447 1607 1772 1678 ἀμφοτέρων
1806 1609 1971 1677 Θερα-

401 1702 466 1737 πε
476 1685 585 1740 ύων
619 1688 712 1741 τὸν
742 1690 1038 1745 Κτίσαντα.

480 1777 570 1830 Ἐν
601 1779 814 1843 τούτοις
845 1783 1012 1836 αὐτοῦ
1041 1784 1439 1855 διαπρέποντας
1463 1790 1555 1843 καὶ
1579 1792 1743 1844 καλοῦ
1773 1793 1972 1857 παντὸς

395 1864 506 1922 οἷον
536 1871 847 1940 ἀρχέτυπον
903 1877 994 1927 τὸν
1023 1876 1218 1929 ἑαυτοῦ
1255 1880 1642 1948 προστιθέντος
1689 1881 1802 1951 βίον
1837 1885 1969 1936 ὐπο-

399 1961 565 2032 μονῆς
595 1979 653 2014 τε
696 1964 788 2016 καὶ
821 1966 1212 2037 μακροθυμίας
1266 1971 1440 2040 μέτρα
1476 1972 1849 2038 διδάσκοντος,
1893 1975 1972 2028 ἔτι

393 2053 451 2105 δὲ
514 2057 609 2108 καὶ
655 2059 978 2127 πειρασμῶν
1025 2060 1120 2113 καὶ
1163 2064 1463 2134 καρτερίας
1496 2065 1573 2136 τῷ
1604 2067 1724 2120 καθ’
1782 2069 1972 2122 ἑαυτὸν

399 2148 780 2217 ὑποδείγματι,
806 2151 864 2202 ἐν
892 2152 1025 2204 πᾶσι
1055 2152 1239 2216 καλοῖς
1259 2156 1574 2211 κατακλείει
1601 2159 1694 2212 τὸν
1721 2158 1837 2230 βίον
1874 2162 1970 2215 καὶ

397 2239 535 2308 πρὸς
557 2239 652 2293 τὸν
687 2241 1026 2310 ποθούμενον
1084 2244 1322 2314 Χριστὸν
1379 2247 1625 2317 ὲκδημεῖ,
1678 2245 1724 2318 ᾧ
1765 2251 1966 2320 πρέπει

408 2333 567 2400 τιμὴ,
589 2331 739 2396 δόξα,
767 2333 1111 2406 μεγαλοσύνη
1141 2351 1200 2387 τε
1245 2336 1341 2390 καὶ
1379 2336 1828 2408 μεγαλοπρέπεια
1867 2339 1962 2393 νῦν

396 2425 490 2480 καὶ
530 2427 615 2489 εἰς
643 2425 773 2489 τοὺς
813 2426 1015 2492 αἰῶνας
1048 2428 1160 2481 τῶν
1179 2429 1412 2483 αἰώνων.
1450 2430 1646 2500 Ἀμήν.

2084 605 2149 643 ne
2185 591 2237 644 in
2266 607 2457 658 preces
2512 593 2856 660 incumbens,
2887 593 3011 665 vigil
3035 594 3410 664 pernoctabat.
3443 595 3650 649 Deinde

2082 684 2303 738 caeleste
2357 685 2694 752 convivium,
2735 697 2898 756 prout
2955 689 3157 758 potuit,
3228 699 3648 758 reprasentans.

2081 773 2448 828 venerandam
2480 773 2592 829 illic
2641 791 2862 831 crucem
2916 777 3112 832 erexit.
3165 776 3349 847 Itaque
3385 777 3648 833 daemoni-

2081 866 2206 929 bus,
2235 865 2327 934 qui
2359 864 2783 921 simulacrorum
2842 869 3045 937 templo
3101 869 3489 937 praesidebant,
3543 872 3651 940 piis

2079 971 2204 1024 erga
2236 957 2407 1009 Deum
2471 956 2730 1025 precibus
2772 955 3095 1026 proﬂigatis,
3152 958 3412 1028 templum
3462 960 3652 1015 readi—

2017 1044 2022 1048 ’
2079 1047 2286 1110 ﬁcavit,
2317 1063 2381 1102 ac
2405 1047 2662 1117 plurimis
2697 1049 3038 1103 ornamentis
3060 1049 3340 1112 dceorato,
3365 1051 3415 1104 ei
3476 1051 3650 1106 maxi-

2078 1158 2293 1196 morum
2317 1158 2377 1196 ac
2403 1143 2714 1212 principum
2735 1143 3110 1212 apostolorum
3141 1160 3344 1199 nomen
3408 1144 3604 1199 indidit
3635 1164 3647 1209 ;

2076 1244 2131 1289 et
2159 1235 2212 1288 in
2239 1250 2350 1304 quo
2379 1235 2608 1305 mystica
2640 1234 2908 1290 sacriﬁcia
2936 1235 3232 1300 olierebat,
3302 1235 3536 1306 linguam
3572 1237 3649 1291 εἰς·

2077 1329 2190 1382 mul
2227 1335 2283 1383 et
2339 1343 2559 1382 manum
2587 1329 2811 1397 opipare
2838 1329 3112 1398 aperiens,
3165 1329 3524 1398 prmbensque
3553 1343 3650 1398 pa-

2077 1435 2224 1483 nem,
2257 1435 2368 1488 quo
2397 1418 2566 1474 corda
2608 1418 2931 1474 reﬁciuntur
2958 1436 2974 1484 ;
3021 1435 3243 1489 panem,
3275 1419 3521 1508 inquam,
3553 1420 3645 1488 qui

2077 1526 2137 1564 re
2173 1511 2336 1564 simul
2361 1520 2418 1565 ct
2440 1510 2662 1564 nomine
2708 1511 3028 1580 angelorum
3049 1510 3272 1574 dicitur,
3301 1515 3496 1579 panem
3523 1526 3648 1564 esu-

2077 1604 2284 1658 rientes
2343 1603 2553 1657 animas
2585 1610 2948 1668 saturantem,
2981 1603 3241 1673 utrinque
3268 1603 3457 1657 mundi
3483 1603 3647 1658 Crea-

2081 1703 2254 1748 torem
2278 1695 2664 1749 venerabatur.

2146 1784 2204 1838 ln
2243 1785 2328 1838 bis
2381 1794 2564 1840 autem
2598 1785 2690 1840 ille
2751 1783 3031 1851 honestis?
3063 1783 3310 1840 moribus
3366 1800 3430 1839 ac
3492 1796 3643 1840 recte

2002 1845 2044 1899 Β
2075 1876 2232 1931 factis
2253 1891 2636 1947 perseverans,
2668 1876 2835 1930 vitam
2899 1891 3056 1930 suam
3112 1875 3301 1931 decori
3333 1891 3396 1932 ac
3426 1876 3641 1932 honesti

2070 1977 2329 2037 tanquam
2386 1968 2664 2037 exemplar
2712 1967 3000 2030 exhibens,
3055 1968 3300 2024 lenitatis
3359 1968 3526 2022 animi
3580 1985 3643 2021 ac

2070 2059 2368 2129 patientiae,
2400 2059 2541 2114 addo
2564 2061 2731 2114 etiam
2796 2061 2850 2114 in
2875 2058 3125 2116 adversis
3179 2061 3514 2121 tolerantiae.
3541 2077 3643 2114 suo

2068 2151 2240 2221 ipsius
2271 2151 2608 2208 documento
2634 2153 2808 2222 legem
2867 2152 3128 2207 omnibus
3174 2153 3388 2206 indixit.
3442 2153 3642 2222 Sicque

2068 2243 2262 2298 diebus
2289 2257 2354 2298 ac
2397 2243 2695 2298 virtutibus
2738 2252 2952 2308 auctus,
2987 2244 3202 2300 mortali
3242 2245 3355 2298 vita
3417 2245 3642 2314 perfun-

2071 2343 2213 2401 ctus,
2243 2335 2310 2388 ad
2338 2334 2744 2403 optatissimum
2769 2333 3052 2389 Christum
3102 2334 3398 2404 emigravit
3431 2351 3442 2386 :
3474 2351 3638 2404 quem

2070 2425 2230 2481 decet
2255 2426 2451 2490 honor,
2467 2424 2663 2497 gloria,
2688 2426 2942 2496 maiestas
2953 2436 3010 2481 et
3029 2425 3455 2496 magniﬁcentia,
3495 2442 3641 2482 nunc

2069 2527 2123 2572 et
2153 2518 2206 2573 in
2235 2517 2432 2572 saecula
2453 2515 2798 2572 saeculum.
2825 2517 3022 2573 Amen.

3435 2696 3577 2712 ——

1638 2821 2410 2977 CERTAMEN

819 3103 978 3256 S.
1102 3104 2100 3264 MARTYRIS
2213 3101 3193 3267 MERCURII.

939 3379 1046 3442 (.ip.
1086 3380 1284 3432 Surium
1313 3387 1370 3433 ad
1396 3385 1527 3432 diem
1553 3386 1614 3433 25
1636 3384 1955 3444 Novembris;
1982 3391 2148 3433 textus
2174 3387 2372 3435 Graecus
2395 3403 2489 3438 non
2519 3398 2676 3439 exstat
2705 3393 2751 3439 in
2773 3407 2868 3439 mss
2915 3393 3087 3448 Paris.)

459 3690 498 3744 l.
542 3691 857 3761 lmperante
893 3693 986 3746 illo
1027 3703 1273 3760 tempore
1307 3691 1466 3746 Decio
1497 3704 1551 3747 et
1581 3693 1864 3748 Valeriano
1900 3695 1953 3748 in
1985 3706 2024 3760 ε
2055 3697 2149 3766 ῃιι
2186 3700 2237 3749 ιιι
2266 3698 2506 3762 vincula,
2542 3699 2742 3755 deinde
2776 3701 2948 3756 variis
2995 3705 3282 3760 tormentis
3325 3703 3548 3773 subjici,
3576 3716 3631 3758 et

386 3796 574 3850 magna
611 3783 750 3837 urbe
785 3783 958 3838 Ruina
987 3783 1023 3836 ii
1054 3781 1332 3838 communi
1360 3782 1584 3838 decreto
1615 3792 1952 3845 statuerunt,

389 3883 443 3925 ut
471 3889 661 3928 omnes
700 3874 1078 3930 sacriﬁcarent
1106 3883 1161 3929 et
1201 3873 1307 3928 diis
1349 3875 1606 3930 libarent.
1643 3875 1954 3930 Convocato

383 3977 513 4033 ergo
568 3973 683 4020 tow
727 3974 947 4030 senatu,
993 3968 1044 4022 ei
1079 3976 1471 4036 exposuerunt,
1507 3982 1630 4037 qua:
1678 3967 1954 4022 communi

385 4070 656 4112 consensu
711 4072 741 4111 a
787 4073 844 4113 se
880 4058 1097 4113 decreta
1145 4060 1404 4114 fuerant:
1435 4068 1488 4114 et
1517 4075 1640 4114 cum
1674 4075 1770 4114 eos
1798 4060 1953 4115 inve-

385 4149 595 4202 inissent
629 4163 743 4202 suae
779 4147 1032 4202 assentiri
1058 4148 1363 4213 sententia»,
1395 4162 1587 4218 magna
1618 4146 1797 4201 affecti
1828 4153 1957 4201 sunt

385 4235 587 4292 laetitia.
623 4239 819 4293 Statim
860 4253 990 4310 ergo
1030 4238 1232 4294 litteris
1269 4238 1640 4308 imperatoriis
1671 4251 1792 4292 cum
1821 4237 1953 4292 sub-

389 4329 686 4398 scriptione
713 4338 958 4395 senatus,
986 4331 1272 4400 jusserunt
1297 4345 1363 4384 ea
1401 4331 1623 4399 exponi,
1656 4346 1776 4400 quae
1807 4347 1955 4387 com-

387 4425 628 4479 muniter
669 4424 752 4479 eis
777 4425 894 4480 visa
939 4425 1160 4482 fuerant
1191 4434 1249 4481 et
1287 4426 1518 4497 proponi
1565 4427 1618 4478 in
1664 4425 1952 4496 Capitolio,

383 4528 614 4584 quarum
654 4516 762 4572 hoc
788 4527 873 4571 est
897 4519 1207 4587 exemplum
1238 4536 1252 4572 :

453 4607 822 4678 Imperatores
885 4609 1332 4681 triumphatores,
1387 4609 1646 4676 victores,
1699 4611 1952 4680 Augusti,

382 4700 456 4769 pii
499 4700 700 4757 Decius
733 4710 790 4756 et
833 4701 1156 4757 Valerianus
1197 4702 1363 4756 simul
1411 4718 1536 4758 eum
1594 4711 1784 4758 senatu
1840 4703 1954 4757 haec

381 4794 658 4848 communi
692 4794 921 4849 consilio
949 4812 963 4846 :
996 4796 1132 4849 Cum
1179 4794 1409 4850 deorum
1445 4794 1713 4850 beneﬁcia
1739 4803 1794 4850 et
1828 4810 1946 4850 mu-

382 4901 514 4940 nera
537 4886 911 4947 didicerimus.
937 4894 994 4941 et
1017 4886 1180 4941 simul
1208 4887 1374 4942 etiam
1404 4885 1653 4941 fruamur
1701 4887 1950 4950 victoria,

379 4994 498 5047 quae
542 4979 705 5034 nobis
749 4978 817 5034 ab
851 4978 986 5048 ipsis
1029 4979 1153 5034 data
1202 4989 1286 5034 est
1336 4981 1602 5034 adversus
1655 4978 1945 5034 inimicos:

2060 3787 2104 3841 si
2135 3788 2213 3841 sic
2245 3787 2466 3858 quidem
2517 3787 2684 3845 fuerit
2720 3805 3037 3861 persuasus,
3089 3810 3198 3848 non
3233 3795 3380 3849 leves
3410 3810 3440 3850 a
3472 3797 3630 3849 nobis

2058 3879 2298 3935 honores
2347 3890 2731 3951 consequetur.
2800 3883 2896 3939 Sin
2965 3895 3148 3942 autem
3214 3887 3625 3944 contradixerit.

2059 3983 2183 4044 post
2214 3976 2382 4030 multa
2413 3987 2702 4045 tormenta,
2737 3993 2869 4034 ense
2915 3981 3125 4036 subibit
3149 3982 3503 4050 supplicium,
3533 3991 3630 4034 aut

2059 4065 2114 4134 in
2150 4069 2315 4124 maris
2333 4067 2665 4138 profundum
2686 4069 2946 4139 jacietur,
2979 4081 3075 4127 aut
3103 4072 3297 4126 avibus
3319 4083 3370 4127 et
3395 4073 3625 4127 canibus

2057 4159 2279 4214 dabitur
2313 4161 2698 4218 devorandas:
2731 4164 3006 4233 praecipue
3044 4179 3176 4218 vero
3205 4165 3247 4217 si
3283 4162 3491 4218 fuerint
3544 4165 3628 4218 in<

2059 4252 2207 4306 venti
2239 4252 2406 4322 aliqui
2435 4268 2502 4308 ex
2538 4255 2800 4325 religione
2829 4254 3286 4310 Christianorum.
3315 4255 3417 4322 Qui
3442 4268 3624 4309 autem

2059 4341 2258 4396 divinis
2286 4343 2491 4399 nostris
2517 4344 2754 4400 decretis
2786 4345 3114 4407 obedierint.
3150 4347 3416 4401 maximos
3451 4347 3628 4401 hono-

2060 4448 2147 4487 res
2173 4442 2230 4488 et
2261 4433 2404 4488 dona
2436 4445 2867 4504 consequentur.
2895 4436 3082 4492 Valete
3105 4435 3444 4492 felicissime.

2128 4525 2193 4579 ll.
2235 4527 2523 4596 Proposito
2559 4543 2692 4598 ergo
2737 4529 2922 4585 edicto
2976 4530 3351 4600 imperatorio,
3405 4541 3632 4586 contur-

2062 4619 2183 4674 bata
2215 4618 2320 4674 fuit
2358 4629 2470 4675 tota
2492 4621 2709 4688 civitas,
2754 4624 2899 4692 quod
2933 4624 2988 4678 in
3025 4632 3136 4680 tota
3183 4627 3405 4681 civitate
3437 4627 3630 4682 fuisset

2057 4712 2394 4780 propositum
2417 4713 2644 4784 impium
2679 4715 2785 4771 hoc
2808 4715 3072 4772 edictum.
3097 4719 3312 4774 Accidit
3335 4728 3516 4772 autem
3546 4729 3624 4777 ut.

2055 4817 2179 4856 cum
2215 4803 2306 4858 illo
2335 4813 2578 4874 tempore
2607 4806 2810 4861 bellum
2835 4806 3028 4864 fuisset
3058 4825 3086 4863 a
3125 4809 3383 4864 Barbaris
3415 4818 3624 4864 motum

2057 4895 2319 4952 adversus
2375 4897 2672 4964 Romanos,
2723 4911 2980 4968 pararent
3045 4901 3403 4969 imperatores
3466 4915 3624 4956 s'mm

2055 4989 2380 5051 exercitum,
2432 4997 2492 5043 ut
2537 4989 2656 5046 acie
2696 5005 2820 5044 cum
2855 4990 2940 5046 eis
2967 4990 3342 5060 conﬂigerent,
3365 4993 3622 5061 juLeutcs

379 5073 512 5141 quin
537 5075 705 5129 etiam
738 5074 887 5130 aeris
921 5075 1336 5144 temperatione,
1365 5083 1421 5129 et
1445 5090 1606 5130 omne
1633 5090 1808 5146 genus
1833 5075 1948 5129 fru-
1984 5057 2025 5112 Ι)
2057 5082 2299 5135 numeris
2329 5081 2582 5143 militum,
2611 5081 2706 5150 qui
2737 5090 2898 5136 erant
2932 5082 2986 5135 in
3009 5057 3264 5137 omnibus
3282 5057 3620 5146 civititibus,

379 5177 564 5218 ctuum
594 5166 950 5223 abundantia.
983 5169 1118 5222 Cum
1146 5181 1240 5222 eos
1269 5182 1400 5239 ergo
1433 5168 1797 5223 didicerimus
1824 5181 1946 5222 esse
2048 5181 2108 5226 ut
2138 5173 2455 5227 venirentin
2489 5173 2772 5229 auxilium.
2807 5173 2883 5228 Ex
2915 5173 2982 5228 iis
3011 5183 3214 5237 autem,
3259 5171 3352 5241 qui
3385 5171 3455 5226 ab
3485 5187 3621 5228 una-

379 5258 761 5315 benefactores
789 5269 845 5314 et
872 5275 938 5314 ea
991 5261 1340 5330 suppeditare
1370 5277 1491 5330 qua:
1532 5270 1662 5316 sunt
1693 5261 1746 5314 in
1793 5274 1947 5315 com-
2047 5277 2266 5332 quaque
2291 5253 2604 5318 civitate‘et
2641 5265 2862 5333 regione
2893 5262 3189 5318 veniebant
3215 5261 3283 5316 ad
3325 5262 3472 5316 hunc
3499 5262 3624 5316 bel.i

377 5367 540 5406 mune
573 5353 727 5406 utilia
760 5371 772 5407 :
804 5368 867 5408 ea
894 5353 960 5406 de
989 5369 1154 5407 causa
1182 5369 1293 5408 uno
1322 5353 1546 5408 decreto
1574 5353 1945 5416 decernimus,
2048 5363 2388 5424 apparatum,
2415 5355 2564 5409 venit
2587 5354 2752 5410 etiam
2778 5353 2921 5424 legio
2951 5367 3142 5408 eorum
3168 5353 3260 5422 qui
3292 5353 3620 5408 dicebantur
3661 5368 3668 5375 '

380 5455 442 5499 ιιι
469 5447 650 5499 omnis
677 5445 922 5500 conditio
949 5446 1249 5500 liberorum
1287 5454 1344 5500 et
1369 5460 1677 5509 servorum,
1709 5443 1946 5497 militum
2046 5445 2348 5500 Martenses
2387 5445 2484 5513 [aL
2518 5444 2854 5517 Fretenses],
2888 5446 2983 5514 qui
3028 5454 3155 5498 sunt
3187 5444 3290 5499 sub
3313 5445 3488 5514 prima
3521 5447 3626 5498 Ar-

373 5545 435 5590 et
488 5539 843 5605 privatorum,
892 5536 999 5592 diis
1047 5537 1323 5606 expiantia
1384 5538 1618 5592 offerant
1665 5535 1952 5602 sacriﬁcia,
2054 5537 2258 5597 menia,
2290 5534 2394 5589 sub
2429 5534 2651 5587 tribuno
2682 5535 2902 5588 nomine
2934 5531 3254 5588 Saturnino.
3293 5535 3625 5603 Egrediente

377 5628 728 5696 procidentes
754 5639 808 5682 et
846 5629 1240 5698 supplicantes.
1273 5629 1329 5684 Si
1358 5630 1479 5698 quis
1507 5638 1688 5683 autem
1718 5627 1954 5682 voluerit
2053 5638 2236 5681 autem
2271 5626 2337 5678 ad
2365 5623 2570 5678 bellum
2597 5623 2781 5684 Decio,
2806 5623 3038 5692 degebat
3065 5623 3252 5678 Romae
3281 5625 3620 5681 Valerianus.

376 5719 626 5774 divinum
680 5704 930 5776 nostrain
977 5723 1186 5792 jussum
1241 5719 1466 5782 violare,
1530 5723 1622 5791 qui
1674 5720 1951 5776 communi
2053 5717 2358 5773 Cornmisso
2392 5731 2524 5769 vero
2556 5715 2701 5769 inter
2729 5715 3004 5768 Romanos
3037 5723 3094 5770 et
3120 5715 3392 5770 Barbaros
3418 5720 3622 5788 pra-lio,

375 5813 652 5866 sententia
689 5822 771 5868 est
797 5831 826 5868 a
855 5814 1014 5868 nobis
1047 5815 1345 5884 expositus,
1377 5829 1500 5869 eum
1533 5813 1785 5884 jnbcmus
1817 5827 1953 5867 con-
2057 5809 2272 5865 duravit
2309 5809 2595 5865 conﬂzctus
2643 5809 2804 5880 longo
2855 5817 3119 5878 tempore.
3173 5807 3624 5864 Pcrmancntibus
