4080 6374
427 367 526 430 fc?!

1656 367 1940 428 MENSIS
1975 367 2416 429 NOVEMBEII.
3568 369 3678 430 27?.

426 493 609 542 autem
647 482 798 538 iisin
845 481 934 535 illa
971 479 1375 547 congressione,
1413 479 1667 548 apparuit
1713 479 1851 535 visio
1879 480 2072 542 cui-A
2100 494 2261 533 suum
2315 476 2653 548 praetorium.
2707 477 2940 544 Quidam
2997 485 3182 532 autetu
3239 493 3303 532 ex
3361 480 3680 548 proceribus

429 575 554 628 dam
581 589 648 627 ex
692 573 902 643 legione
943 571 1317 637 Martensium,
1367 572 1462 641 qui
1512 579 1642 624 sunt
1687 572 1789 626 sub
1825 573 1998 641 prima

434 667 722 728 Armenia,
756 665 977 718 nomine
1005 663 1309 729 Mercurio;
1339 663 1614 734 apparuit,
1643 663 1884 732 inquam,
1913 663 1999 717 vir

431 757 654 827 quidaut
690 755 922 825 ingentis
948 754 1362 824 magnitudinis,
1409 755 1636 810 indutus
1664 754 1804 808 albis
1836 757 2003 808 vesti-

431 850 554 912 bus,
597 849 650 902 in
681 848 906 903 dextera
924 864 1086 902 manu
1115 857 1307 902 tenens
1332 847 1726 917 rhomphazam,
1759 847 1889 902 etei
1919 847 2004 902 di-

429 955 597 994 cens:
635 939 713 994 Ne
742 941 952 1005 timeas,
995 955 1063 994 ne
1097 939 1392 1005 formides;
1427 955 1548 994 sum
1598 940 1742 994 enim
1778 939 2000 1004 missus,

431 1042 490 1086 ut
522 1034 619 1087 tibi
650 1049 806 1103 Opem
837 1037 1026 1099 feram,
1055 1042 1108 1088 et
1135 1044 1186 1086 te
1217 1032 1442 1086 reddam
1487 1032 1773 1087 victorem.
1804 1030 2003 1101 Accipe

428 1143 560 1197 ergo
589 1127 730 1182 hanc
749 1127 1140 1196 rhomphacam,
1159 1135 1215 1181 et
1233 1125 1446 1180 irruein
1473 1125 1776 1187 Barbaros;
1802 1133 2002 1180 etcum

428 1222 653 1286 viceris,
685 1236 753 1275 ne
784 1220 1125 1275 obliviscaris
1156 1219 1369 1274 Domini
1396 1218 1493 1274 Dei
1541 1219 1642 1274 tui.
1672 1219 1766 1273 Ille
1795 1226 2001 1282 autem,

427 1326 482 1368 ut
515 1313 607 1382 qui
650 1329 681 1367 a
711 1328 770 1368 se
808 1312 1172 1378 discessisset,
1201 1312 1547 1367 existimabat
1582 1327 1704 1367 esse
1738 1327 1905 1366 unum
1935 1327 2003 1365 ex

428 1407 775 1476 principibus
817 1406 1183 1476 imperatoris.
1216 1405 1388 1471 Quam
1421 1421 1545 1460 cum
1591 1406 1911 1474 accepisset,
1947 1411 2003 1458 et

431 1513 489 1552 se
540 1497 839 1562 incitasset,
895 1496 1160 1564 impetum
1211 1495 1342 1548 fecit
1382 1495 1436 1548 in
1480 1495 1773 1557 Barbaros,
1823 1493 2001 1563 iisque

431 1588 640 1651 fractis,
677 1601 869 1640 eorum
897 1601 1086 1651 regem
1119 1585 1340 1649 occidit,
1373 1593 1430 1640 et
1452 1585 1652 1639 multos
1675 1585 1834 1648 alios,
1866 1584 2002 1639 adeo

431 1687 491 1730 ut
521 1676 796 1730 defessum
825 1686 970 1730 esset
999 1676 1049 1729 ei
1080 1675 1387 1740 brachium,
1418 1683 1474 1729 et
1495 1691 1562 1730 ex
1596 1677 1860 1746 sanguine
1885 1677 2003 1745 ejus

432 1769 615 1822 tuanui
656 1769 957 1822 adhzereret
996 1768 1328 1838 rhomphtea.
1391 1767 1592 1838 Sicque
1627 1767 1732 1822 fusi
1751 1777 1804 1822 et
1831 1767 1999 1839 fugati

431 1871 560 1915 sunt
587 1859 808 1915 Barbari
840 1876 870 1914 a
901 1861 1184 1915 Romanis.

503 1951 592 2005 Ill.
635 1951 788 2004 Tunc
815 1950 1040 2015 Decius,
1078 1967 1202 2005 cum
1231 1950 1547 2007 rescivisset
1573 1950 1846 2021 singulare
1889 1950 2007 2021 ejus

430 2053 734 2105 certamen,
761 2059 886 2097 eum
925 2043 1249 2098 accersitum
1279 2044 1502 2098 donavit
1531 2043 1794 2114 dignitate
1817 2043 2010 2098 ducto-

429 2132 506 2186 ris
547 2133 840 2195 exercitus,
893 2133 1235 2187 constituens
1286 2142 1346 2188 ut
1385 2143 1648 2202 praeesset
1699 2132 1915 2200 castris,
1952 2140 2008 2187 et

429 2225 730 2279 arbitratus
773 2225 972 2280 Decius
1017 2240 1075 2280 se
1119 2224 1348 2279 deorum
1393 2224 1742 2294 providentia
1784 2239 1816 2277 a
1864 2221 2008 2277 bello

419 2318 599 2371 fuisse
659 2317 1022 2385 superiorem,
1057 2315 1215 2371 valde
1262 2316 1584 2378 laetabatur;
1615 2324 1821 2369 etcum
1863 2312 2008 2368 mili-

427 2407 584 2460 tibus
635 2405 866 2460 multum
933 2414 1214 2476 erogasset
1243 2405 1511 2476 pecuniae,
1562 2417 2008 2476 unumquemque

431 2497 583 2552 misit
612 2496 668 2552 in
691 2497 871 2552 locum
892 2511 1053 2552 suum
1080 2513 1093 2550 :
1127 2496 1243 2566 ipse
1268 2505 1452 2551 autem
1475 2496 1788 2566 ingrediens
1818 2511 2011 2550 unam-

428 2604 704 2659 quamque
739 2589 1047 2655 civilatem,
1089 2603 1288 2660 magna
1325 2588 1563 2644 faciebat
1591 2589 1861 2655 con‘vivia,
1900 2589 2010 2643 Ro-

429 2694 572 2733 mam
605 2677 982 2749 proficiscens.
1020 2677 1137 2733 Una
1183 2685 1366 2732 autem
1399 2687 1558 2732 nocte
1585 2692 1708 2732 cum
1743 2676 2012 2732 dormiret

427 2772 539 2825 dux
565 2771 864 2834 exercitus,
899 2770 964 2824 ad
990 2785 1119 2825 eum
1145 2769 1360 2825 accedit
1383 2770 1609 2841 angelus
1637 2769 1690 2823 in
1725 2769 1921 2840 prima,
1953 2769 2011 2824 in

428 2877 536 2932 qua
567 2870 917 2932 apparuerat,
948 2860 1122 2932 ﬁgura
1151 2879 1166 2917 :
1196 2871 1253 2916 et
1273 2869 1480 2932 puncto
1509 2861 1632 2932 ejus
1659 2861 1854 2926 latere,
1881 2875 2006 2915 eum

429 2954 713 3008 excitavit.
744 2953 840 3010 Ille
869 2967 1020 3018 vero,
1074 2968 1199 3007 cum
1229 2969 1356 3008 eum
1379 2953 1626 3017 vidisset,
1653 2953 1846 3006 timore
1876 2951 2009 3008 alI'e-

428 3056 571 3110 etus,
627 3046 826 3100 mansit
871 3055 1079 3100 mutus.
1134 3046 1276 3100 Dicit
1325 3046 1376 3100 ei
1427 3045 1692 3114 angelus:
1750 3043 2006 3109 Mercuri,

431 3150 706 3193 memento
739 3139 872 3209 quid
924 3139 1025 3194 tibi
1081 3138 1315 3193 dixerim
1373 3139 1428 3192 in
1483 3137 1740 3192 conﬂictu
1789 3135 2000 3206 praelii:

433 3231 571 3286 Vide
615 3247 683 3285 ne
718 3231 1060 3286 obliviscaris
1093 3230 1306 3285 Domini
1337 3229 1432 3284 Dei
1467 3229 1565 3284 tui.
1602 3229 1831 3299 Oportet
1858 3229 2005 3283 enim

433 3339 484 3378 te
521 3340 616 3392 pro
652 3324 770 3393 ipso
818 3333 1028 3378 certare
1079 3323 1342 3393 legitime,
1389 3333 1446 3376 et
1477 3337 1735 3376 coronam
1766 3323 2010 3378 victurize

431 3417 683 3486 accipere
719 3415 772 3468 in
801 3416 1038 3485 glorioso
1087 3429 1256 3487 regno
1304 3430 1431 3470 cum
1477 3415 1680 3469 sanetis
1728 3415 2005 3471 omnibus.

433 3507 560 3563 Ilzee
592 3521 715 3562 cum
745 3505 990 3571 dixisset,
1021 3507 1244 3561 evanuit
1265 3505 1511 3577 angelus.
1536 3507 1631 3561 Ille
1652 3515 1856 3574 autem,
1883 3522 2006 3562 cum

437 3599 504 3653 ad
542 3614 601 3654 se
670 3597 926 3653 rediissct
966 3607 1022 3652 et
1054 3608 1198 3654 esset
1229 3597 1570 3665 recordatus,
1605 3599 1714 3652 Deo
1744 3599 1853 3669 egit
1881 3604 2006 3670 gnt-

434 3689 558 3744 rias.
601 3689 820 3744 Sciebat
863 3690 1008 3745 enim
1053 3705 1083 3744 a
1126 3690 1428 3761 majoribus
1458 3689 1620 3744 ﬁdem
1666 3690 2010 3746 Christiano-

435 3798 581 3837 rum.
612 3782 747 3836 Nam
775 3791 930 3852 pater-
955 3783 1076 3854 ejus
1112 3781 1442 3848 Gordianus,
1474 3799 1598 3838 cum
1643 3793 1789 3839 esset
1819 3783 2007 3854 primi-

433 3875 615 3929 cerius
641 3876 763 3945 ejus
793 3875 1044 3946 legionis,
1067 3891 1216 3945 saepe
1253 3877 1468 3930 dicebat
1495 3893 1506 3930 :
1543 3875 1743 3930 Beatus
1768 3885 1871 3938 est,
1916 3876 2006 3946 qui

438 3965 571 4035 Regi
601 3966 818 4021 cwlesti
855 3968 1086 4034 militat;
1115 3967 1172 4022 ei
1205 3967 1352 4021 enim
1391 3967 1560 4023 donat
1588 3983 1813 4037 regnum
1838 3970 2006 4024 coelo-

435 4075 582 4112 rutu.
616 4057 710 4114 llle
741 4059 888 4114 enim
918 4059 1034 4114 Rex
1057 4059 1230 4114 verbo
1259 4059 1443 4113 omnia
1469 4067 1553 4114 est
1583 4059 1880 4114 fabricatus
1909 4079 1922 4114 :
1951 4069 2008 4115 et

435 4150 528 4203 ille
564 4159 670 4215 est,
714 4149 808 4219 qui
847 4158 931 4205 est
977 4151 1132 4206 vivos
1167 4161 1222 4206 et
1263 4161 1513 4206 mortuos
1553 4152 1924 4223 judicaturus,
1954 4161 2011 4207 et

435 4241 736 4310 unicuique
780 4241 1097 4296 redditurus
1131 4242 1432 4296 secundum
1468 4258 1567 4297 sua
1603 4257 1768 4313 opera
1794 4245 1833 4298 ί.
1869 4243 2008 4299 Cum

432 4331 501 4386 ad
547 4347 605 4386 se
655 4347 788 4401 ergo
841 4333 1114 4397 rediisset,
1165 4342 1217 4387 et
1265 4333 1437 4403 patris
1482 4334 1776 4389 verborum
1816 4337 2010 4390 memi-

437 4425 632 4486 nisset,
667 4433 723 4478 et
767 4423 1171 4478 considerasset
1205 4425 1493 4488 visionem,
1531 4441 1652 4494 qua:
1695 4426 1800 4481 sibi
1839 4442 2008 4498 appa-

2101 586 2228 626 eum
2252 578 2473 626 accusat
2495 569 2640 640 apud
2666 569 3073 639 imperatorem,
3105 570 3331 625 dicens:
3365 570 3458 625 Pie
3490 573 3682 625 trium-

2103 663 2300 732 phator
2349 671 2406 718 et
2449 663 2644 727 victor,
2678 677 2708 717 a
2741 661 2848 716 diis
2899 662 3150 731 probate,
3207 671 3265 716 ut
3323 663 3680 720 administros

2103 751 2420 822 imperium,
2449 751 2673 822 dignare
2695 750 2910 821 placide
2938 767 3026 806 me
3055 753 3268 808 audire.
3300 752 3402 819 Qui
3439 769 3470 807 a
3498 765 3681 808 vestra

2105 845 2458 913 imperatoria
2497 853 2583 899 est
2633 844 2934 900 honoratus
2973 845 3216 910 dextera,
3264 857 3322 900 et
3372 846 3460 900 cui
3508 846 3680 916 gloria

2106 936 2212 991 luit
2236 937 2441 991 tributa
2473 953 2503 991 a
2531 945 2714 991 vestro
2740 937 2992 1006 imperio,
3018 936 3164 1006 quod
3195 953 3282 991 res
3305 937 3682 992 Romanorum

2107 1027 2319 1094 placide
2338 1038 2408 1084 .et
2455 1027 2747 1097 tranquille
2783 1026 3148 1092 administrat,
3194 1027 3241 1080 is
3287 1042 3398 1081 non
3432 1028 3535 1082 fuit
3586 1044 3688 1083 nov

2104 1116 2315 1171 hiscum
2333 1118 2386 1172 in
2405 1118 2606 1186 templo
2625 1131 2829 1186 magna;
2845 1116 3045 1178 Dianae,
3061 1118 3386 1172 sacriﬁcium
3401 1117 3688 1173 oblaturus

2104 1221 2206 1276 pro
2244 1219 2425 1262 vestra
2448 1208 2712 1276 potentia.
2747 1205 2893 1261 Dixit
2922 1207 3226 1275 imperator
3253 1225 3267 1262 :
3292 1207 3425 1274 Quis
3455 1207 3544 1262 hic
3564 1208 3687 1262 est?

2107 1300 2254 1354 Dixit
2281 1299 2508 1356 Catulus
2557 1300 2905 1356 consularis:
2947 1300 3258 1356 Mercurius
3301 1317 3465 1370 quem
3504 1301 3685 1371 magni

2104 1391 2316 1446 fecistis
2362 1401 2417 1446 et
2447 1391 2686 1447 ornastis
2739 1392 2972 1447 diversis
3024 1392 3407 1464 dignitatibus.
3460 1393 3511 1448 Is
3547 1394 3688 1448 alios

2105 1500 2325 1554 quoque
2356 1484 2582 1545 evertit,
2626 1499 2695 1538 ne
2727 1483 2863 1540 deos
2889 1485 3108 1539 colant:
3139 1485 3346 1540 exitum
3373 1494 3560 1540 autem
3591 1501 3689 1539 vo-

2107 1577 2191 1632 bis
2225 1579 2477 1633 ostendet
2503 1580 2623 1649 ejus
2671 1580 2739 1634 ad
2787 1593 2886 1634 vos
2923 1578 3230 1647 responsio.
3265 1578 3411 1632 Dixit
3438 1576 3635 1632 Decius
3668 1597 3683 1632 :

2105 1670 2300 1740 Aliqua
2334 1671 2562 1724 fortasse
2593 1671 2648 1724 in
2672 1684 2800 1724 eum
2845 1679 3025 1724 motus
3051 1668 3280 1736 invidia,
3319 1669 3433 1724 hinc
3461 1670 3516 1723 in
3543 1684 3671 1725 eum

2106 1761 2324 1816 locutus
2365 1777 2462 1825 cs;
2501 1761 2597 1816 sed
2652 1771 2702 1816 te
2744 1773 2854 1816 non
2888 1761 3130 1835 audiam,
3166 1761 3270 1816 nisi
3317 1776 3384 1816 eo
3417 1771 3686 1830 praesente

2109 1869 2237 1909 vera
2290 1869 2622 1923 cognovero,
2687 1853 2794 1908 (ide
2853 1865 3036 1907 autem
3099 1853 3381 1923 digniores
3425 1853 3684 1924 judicabo

2112 1945 2407 2000 testimonii
2435 1945 2646 2010 oculos,
2683 1960 2847 2014 quam
2875 1960 3059 1999 aures.
3095 1945 3235 1999 Tace
3280 1961 3430 2016 ergo,
3479 1955 3684 2001 etcum

2109 2053 2175 2092 eo
2207 2038 2418 2091 nullum
2448 2038 2677 2091 verbum
2717 2038 2940 2106 loquere
2961 2077 2974 2100 ,
3006 2045 3063 2092 et
3095 2037 3141 2092 si
3173 2037 3542 2092 calumniandi
3569 2039 3688 2108 qui-

2110 2128 2232 2183 dem
2265 2130 2449 2182 animo
2485 2143 2617 2183 usus
2647 2129 2702 2182 in
2725 2143 2852 2183 eum
2891 2129 3005 2184 haec
3033 2129 3260 2194 dixeris,
3294 2146 3406 2186 non
3435 2131 3553 2186 leve
3583 2133 3683 2185 da-

2110 2218 2196 2276 bis
2245 2219 2594 2289 supplicium.
2645 2219 2744 2275 Sin
2796 2230 2977 2274 autem
3027 2236 3159 2276 vera
3210 2224 3567 2292 apparuerint
3617 2240 3681 2278 ea

2109 2326 2233 2380 quae
2261 2326 2293 2365 a
2325 2321 2376 2366 te
2403 2311 2549 2366 dicta
2594 2319 2746 2375 sunt,
2774 2326 2804 2364 a
2837 2327 2922 2365 tne
2964 2311 3202 2367 honores
3233 2321 3288 2366 et
3322 2313 3462 2368 dona
3492 2329 3688 2369 consc-

2109 2400 2318 2470 queris,
2351 2409 2411 2454 ut
2436 2401 2529 2470 qui
2560 2399 2886 2454 benevolum
2911 2400 2966 2454 in
2999 2399 3132 2455 deos
3154 2409 3210 2455 et
3235 2401 3290 2454 in
3319 2416 3420 2455 nos
3441 2402 3683 2456 animum

2110 2491 2438 2547 ostenderis.
2469 2492 2772 2561 Imperator
2804 2500 2987 2546 autem
3013 2493 3323 2564 jussiteum
3345 2495 3531 2549 venire
3560 2509 3686 2550 cum

2109 2598 2198 2651 eo,
2236 2599 2346 2653 quo
2383 2600 2480 2652 par
2513 2591 2634 2638 erat
2666 2584 2898 2639 honore.

2185 2675 2248 2731 V.
2289 2675 2426 2730 Cum
2479 2675 2526 2730 is
2553 2691 2737 2732 autem
2791 2679 3132 2744 accessisset,
3179 2680 3315 2734 dixit
3346 2680 3396 2735 ei
3443 2681 3682 2736 Decius:

2109 2766 2228 2822 Non
2258 2783 2359 2838 ego
2401 2777 2449 2823 te
2481 2769 2584 2824 hac
2628 2770 2816 2824 ornavi
2849 2770 3134 2840 dignitate,
3175 2780 3228 2826 te
3273 2774 3552 2827 exercitus
3583 2773 3686 2826 du-

2111 2864 2317 2912 ctorem
2347 2861 2690 2916 constituens
2723 2877 2905 2916 coram
2942 2864 3201 2918 omnibus
3236 2866 3373 2919 meis
3424 2865 3688 2935 principi-

2110 2947 2232 3016 bus,
2266 2962 2555 3020 prOpterea
2585 2953 2730 3023 quod
2763 2953 2857 3008 Dei
2881 2955 3162 3010 voluntate
3184 2971 3214 3010 a
3252 2968 3304 3012 te
3335 2957 3542 3012 victum
3569 2958 3688 3013 iue-

2112 3041 2184 3096 rit
2235 3043 2482 3110 praelium
2522 3044 2543 3096 ‘l
2592 3043 2876 3111 Quomodo
2917 3055 3123 3111 autem,
3179 3063 3357 3101 meum
3416 3048 3684 3102 honorem

2113 3131 2269 3186 nihili
2298 3133 2528 3200 ducens,
2571 3135 2831 3206 accepisti
2865 3137 3084 3191 modum
3113 3139 3404 3208 quemdam
3437 3142 3690 3210 maligni-

2115 3227 2262 3289 tatis,
2299 3234 2354 3280 et
2389 3227 2468 3280 vis
2499 3241 2650 3282 meos
2673 3227 2915 3284 honores
2945 3229 3100 3284 nihili
3134 3232 3394 3299 pendere,
3421 3235 3549 3288 deos
3572 3251 3686 3289 non

2111 3314 2365 3379 adorans,
2397 3317 2670 3388 sicutjam
2699 3320 2884 3373 audivi
2919 3320 2988 3375 ab
3015 3321 3336 3391 aliquibus?
3369 3321 3689 3379 Cenemsus

2111 3418 2292 3462 autem
2340 3409 2547 3466 Christi
2596 3412 2777 3478 miles,
2810 3429 2936 3468 cum
2985 3417 3380 3471 convenienter
3406 3418 3481 3482 ei,
3535 3421 3687 3489 quod

2112 3502 2246 3557 dicit
2276 3505 2574 3574 Apostolus
2594 3507 2639 3572 ',
2669 3517 2912 3563 veterem
2959 3510 3204 3565 exuisset
3249 3511 3526 3566 hominem
3558 3530 3686 3568 cum

2111 3600 2226 3652 suis
2255 3601 2587 3669 actionibus,
2623 3601 2801 3657 induit
2832 3619 3058 3669 novum,
3091 3605 3184 3676 qui
3217 3615 3300 3661 est
3349 3618 3565 3662 creatus
3595 3625 3688 3664 se-

2111 3690 2352 3745 cundum
2402 3693 2571 3747 Deum
2619 3711 2720 3765 per
2757 3695 3108 3765 baptismum,
3155 3707 3212 3754 et
3259 3699 3599 3772 confidenter
3628 3703 3685 3757 ei

2111 3781 2286 3837 dixit:
2328 3783 2374 3838 A
2403 3800 2490 3839 tne
2516 3786 2642 3841 tolle
2678 3788 2828 3842 hunc
2858 3797 3014 3842 tuum
3065 3790 3351 3848 honorem.
3400 3792 3511 3863 Ego
3536 3795 3684 3848 enim

2111 3887 2244 3941 non,
2275 3883 2336 3928 ut
2384 3877 2646 3939 arbitror,
2683 3879 2750 3932 ad
2804 3880 2855 3934 id
2905 3882 3027 3934 veni
3064 3897 3128 3936 ex
3170 3883 3378 3950 debito,
3407 3887 3519 3954 qui.
3554 3886 3688 3939 Dar-

2110 3965 2272 4019 baros
2307 3967 2361 4019 in
2393 3967 2538 4022 bello
2564 3971 2791 4023 vicerim
2829 3987 2924 4040 per
2964 3972 3254 4026 Dominum
3291 3989 3471 4027 meum
3495 3975 3682 4029 Jesum

2110 4055 2414 4112 Christum.
2467 4059 2570 4114 Sed
2607 4061 2792 4130 accipe
2819 4077 2941 4130 qua:
2990 4078 3020 4115 a
3070 4073 3141 4123 te,
3191 4075 3253 4118 ut
3300 4065 3509 4130 dixisti,
3550 4067 3686 4120 mihi

2111 4146 2235 4203 data
2264 4160 2412 4204 sunt.
2474 4171 2491 4204 ι
2522 4152 2714 4208 Nudus
2741 4154 2888 4208 enim
2939 4169 3192 4223 egressus
3239 4170 3360 4210 sum
3409 4172 3474 4212 ex
3524 4168 3686 4212 utero

2112 4243 2303 4298 matris
2335 4259 2490 4311 meae,
2519 4245 2701 4301 nudus
2724 4247 2892 4301 etiam
2928 4259 3175 4304 revertar
3219 4249 3274 4303 in
3323 4250 3475 4304 illum
3517 4266 3687 4304 mun-

2111 4333 2241 4388 dum
2265 4335 2306 4388 ³.
2340 4354 2359 4387 ι

2187 4425 2416 4482 VLCum
2442 4427 2625 4498 itaque
2643 4431 2887 4486 exuisset
2903 4431 3103 4498 lenam,
3120 4442 3174 4488 et
3189 4433 3438 4488 solvisset
3466 4448 3688 4495 zonam,

435 4522 646 4578 ruerat,
684 4523 1046 4582 compunctus
1082 4531 1112 4568 a
1156 4524 1350 4570 sancto
1393 4516 1626 4585 Spiritu,
1674 4517 1844 4587 coepit
1878 4534 2004 4573 eum
2041 4529 2083 4584 υ
2108 4513 2238 4585 jecit
2268 4516 2334 4570 ad
2368 4518 2536 4587 pedes
2566 4520 2932 4589 imperatoris,
2953 4524 3193 4579 clamans
3214 4535 3270 4578 et
3297 4523 3487 4579 dicens
3510 4540 3525 4575 :
3552 4523 3688 4578 Sum

431 4606 688 4677 lacrymis
713 4604 960 4659 conﬁteri
991 4614 1046 4659 et
1095 4604 1327 4663 dicere:
1380 4608 1478 4662 Hei
1529 4609 1664 4662 mihi
1714 4612 2012 4679 peecatori,

432 4697 580 4770 quod
608 4712 740 4755 cum
757 4711 934 4751 essem
965 4711 1150 4752 ramus
1173 4699 1536 4769 germinantis
1565 4700 1796 4767 arboris,
1820 4703 2012 4758 exarui

432 4811 543 4850 non
571 4795 778 4850 habens
813 4793 1053 4848 radicem
1085 4794 1182 4848 Dei
1213 4792 1558 4864 cognitionis.

503 4888 596 4942 IV.
637 4888 779 4942 Dum
821 4887 936 4957 ipse
967 4895 1150 4940 autem
1183 4885 1298 4940 haec
1331 4886 1564 4952 diceret,
1595 4885 1796 4942 missus
1823 4895 1908 4941 est
1942 4886 2010 4941 ab

433 4981 767 5050 imperatore
813 4979 1151 5034 silentiarius
1177 4993 1302 5033 eum
1343 4978 1594 5048 plurimis
1625 4978 1769 5043 aliis,
1800 4987 1859 5031 ut
1883 4993 2008 5033 eum

435 5079 693 5126 vocarent
731 5069 800 5124 ad
856 5073 1264 5140 imperatorem.
1301 5069 1437 5124 Cum
1489 5070 1536 5124 is
1581 5084 1710 5124 vero
1745 5084 1802 5124 se
1846 5083 2015 5122 excu-

432 5170 632 5226 sasset,
674 5162 970 5231 imperator
993 5161 1209 5215 distulit
1235 5161 1549 5250 concilium.
1583 5159 1680 5215 Die
1711 5168 1893 5214 autem
1921 5175 2013 5214 se-

434 5255 624 5324 quenti
661 5269 788 5308 eum
837 5267 1030 5307 rursus
1057 5251 1297 5307 accersit
1344 5251 1665 5322 imperator,
1699 5259 1760 5304 ut
1803 5251 2015 5304 veniret

436 5359 558 5399 cum
593 5362 678 5410 eo,
711 5361 820 5414 quo
850 5360 950 5415 par
977 5352 1082 5406 est,
1116 5343 1344 5398 honore.
1370 5341 1506 5398 Cum
1535 5343 1580 5396 is
1614 5350 1796 5396 autem
1826 5356 2014 5396 acces-

441 5437 625 5501 sisset,
657 5437 887 5492 dimisso
927 5437 1038 5506 jam
1096 5437 1354 5500 concilio,
1396 5435 1530 5489 dicit
1576 5434 1627 5488 ei
1668 5434 2003 5502 imperator:

434 5528 635 5581 Eamus
681 5527 842 5581 simul
885 5527 938 5580 in
976 5527 1236 5596 templum
1277 5526 1480 5588 Diaua',
1513 5533 1569 5579 et
1612 5524 1906 5579 oll'eramus
1951 5526 2003 5580 ei

435 5617 786 5671 sacrificium.
839 5619 1075 5669 Sanctus
1116 5632 1247 5669 vero
1301 5631 1360 5669 se
1418 5616 1747 5684 reprimens,
1799 5613 1897 5668 ivit
1947 5616 2002 5671 in

509 5814 521 5841 '
557 5809 712 5866 llum.
745 5828 802 5878 ll,
837 5812 888 5866 (ἱ.
968 5812 986 5841 ’
1011 5811 1208 5883 Ιξιηιυε.
1233 5830 1302 5878 tv,
1340 5817 1431 5868 ‘22.
1514 5820 1532 5852 ⁵
1561 5819 1660 5871 ,εμιι
1695 5844 1728 5884 ι,
1762 5818 1850 5871 ‘ll.

2110 4606 2489 4678 Christianus;
2513 4612 2722 4680 audite,
2748 4630 2938 4670 omnes
2973 4633 2988 4670 :
3019 4615 3150 4670 Sum
3181 4616 3546 4671 Christianus.
3585 4618 3693 4673 De~

2109 4698 2230 4752 eius
2255 4713 2439 4755 autem
2469 4703 2634 4756 simul
2668 4714 2725 4759 et
2768 4707 2853 4760 ira
2885 4707 3040 4760 valde
3081 4708 3344 4776 percitus,
3375 4719 3431 4763 et
3463 4711 3686 4765 dicendi

2108 4789 2418 4846 libertatem
2443 4794 2768 4865 admiratus,
2790 4798 3019 4868 ejusque
3046 4801 3537 4869 pulchritudineet
3568 4819 3689 4856 tua-

2108 4881 2395 4952 gnitudine
2446 4884 2904 4956 obstupefactus,
2959 4893 3126 4962 jussit
3199 4910 3324 4948 eum
3376 4895 3572 4961 conjici
3625 4895 3685 4948 in

2109 4975 2438 5039 custodiam,
2497 4979 2723 5034 dicens:
2779 4982 2880 5037 Ilic
2940 4985 3104 5039 homo
3152 5002 3260 5040 non
3313 4988 3694 5041 consideravit

2111 5077 2214 5118 nec
2249 5066 2524 5123 intellexit
2557 5070 2845 5128 honorem.
2897 5076 3000 5148 Sed
3038 5078 3084 5131 si
3131 5080 3367 5133 senserit
3419 5082 3687 5148 probrum

2113 5164 2171 5208 et
2203 5157 2585 5227 ignominiam,
2623 5174 2756 5233 puto
2789 5166 2925 5233 fore,
2960 5179 3019 5222 ut
3042 5186 3168 5224 eum
3200 5171 3268 5225 ad
3309 5173 3450 5240 piam
3494 5172 3688 5225 tradu-

2114 5263 2233 5302 cam
2281 5252 2692 5322 cogitationem.
2727 5258 2862 5312 Cum
2915 5259 2962 5315 is
2990 5271 3172 5317 autem
3222 5263 3587 5318 abduceretur
3623 5266 3687 5320 in

2113 5340 2443 5406 custodiam,
2477 5343 2764 5400 laetabatur
2807 5363 3012 5421 martyr
3041 5362 3097 5405 et
3138 5354 3467 5419 exsultabat,
3504 5355 3684 5409 Deum

2111 5430 2344 5488 laudans
2371 5443 2427 5489 et
2478 5437 2706 5506 gloriam
2739 5441 2789 5493 ei
2839 5443 3103 5498 tribuens.
3155 5445 3326 5500 Nocte
3380 5457 3561 5502 autem
3596 5449 3694 5503 illa

2116 5525 2347 5594 angelus
2379 5526 2596 5583 Domini
2627 5531 2678 5585 ei
2706 5543 2949 5600 apparet,
2985 5536 3211 5590 dicens:
3248 5537 3501 5602 Contide,
3539 5539 3692 5593 Mer-

2111 5619 2256 5683 curi,
2291 5630 2346 5674 et
2382 5636 2450 5676 tte
2507 5621 2736 5690 timeas;
2782 5627 2944 5682 crede
2985 5629 3038 5682 iu
3074 5629 3387 5696 Dominum,
3423 5649 3585 5701 quem
3620 5649 3691 5689 es
