4080 6374
393 349 504 412 273

1494 341 1964 409 MARTYRIUM
2004 341 2066 402 ς.
2112 342 2529 407 MERCURII.

3522 350 3585 410 ‘27
3599 351 3634 413 ιι-

392 465 696 523 confessus.
730 458 852 529 ipse.
903 461 1050 516 enim
1106 468 1290 532 potest
1326 468 1377 516 te
1418 461 1688 516 redimere
1718 475 1782 512 ex
1815 452 1963 511 omni
1997 453 2040 510 Α
2073 453 2264 511 fuisset
2296 459 2517 528 quidem
2546 467 2771 516 tactum.
2818 458 2962 516 Dixit
2993 460 3189 516 Decius
3217 481 3230 516 :
3286 463 3385 518 Est
3425 465 3674 519 omnino

390 557 704 612 aﬂlictione.
742 551 964 608 Visione
997 563 1182 607 autem
1227 552 1406 624 angeli
1440 551 1598 606 valde
1627 551 1730 605 fuit
1766 550 1967 604 confir-

391 659 597 705 matus.

468 738 580 795 VII.
630 742 728 796 Die
763 756 895 794 vero
919 737 1170 810 sequenti
1199 751 1323 791 cum
1356 733 1704 806 przesedisset
1730 732 1967 801 impera-

393 839 481 884 tor
512 831 564 884 in
604 833 886 896 tribunali,
925 832 1092 902 jussit
1126 845 1256 885 eum
1297 828 1441 894 sisti,
1473 836 1528 880 et
1577 825 1713 880 dicit
1741 825 1831 879 ei:
1869 822 1967 876 llic

397 922 576 975 honor
604 931 655 976 te
693 923 853 976 decet
910 931 1136 991 prapter
1166 931 1317 974 tuum
1356 919 1653 988 pessimum
1697 915 1965 970 animum.

395 1015 542 1069 Dixit
572 1024 778 1085 martyr
805 1033 819 1068 :
859 1015 941 1069 Me
971 1013 1128 1068 decet
1161 1013 1251 1067 hic
1281 1012 1490 1075 honor;
1531 1008 1789 1080 accepisti
1819 1008 1967 1062 enim

394 1121 460 1160 ea
490 1122 610 1174 qua:
647 1115 1016 1174 praetereunt:
1055 1118 1153 1174 pro
1185 1103 1252 1158 iis
1298 1111 1480 1157 autem
1529 1101 1816 1171 accipiam,
1847 1112 1970 1167 qua:

396 1208 724 1268 permanent
768 1198 821 1251 in
855 1207 1142 1252 aeternum.
1175 1195 1317 1249 Dixit
1349 1196 1679 1264 imperator:
1714 1192 1810 1245 Dic
1837 1188 1970 1243 mihi

396 1304 570 1359 genus
601 1299 754 1342 tuum
803 1299 862 1344 et
907 1287 1168 1357 patriam.
1206 1287 1350 1340 Dixit
1401 1283 1748 1339 Mercurius:
1799 1281 1856 1336 Si
1893 1280 1972 1335 vis

397 1384 537 1437 scire
577 1399 749 1453 genus
799 1397 995 1435 meum
1021 1393 1078 1434 et
1128 1382 1385 1451 patriam,
1416 1377 1594 1432 dicam
1635 1375 1772 1430 tibi:
1808 1375 1972 1428 Pater

401 1491 555 1529 meus
578 1474 870 1528 vocabatur
895 1473 1223 1535 Gordianus,
1249 1471 1449 1543 Scytha
1498 1485 1736 1542 genere;
1776 1469 1975 1522 milita-

403 1569 492 1622 bat
546 1581 679 1620 vero
736 1567 789 1620 in
845 1567 1060 1634 legione
1119 1564 1497 1620 Martensium.
1563 1563 1744 1617 Patria
1791 1569 1974 1615 autem

404 1674 544 1720 mea,
573 1659 640 1712 ad
666 1673 830 1727 quam
862 1672 1112 1726 propero,
1139 1665 1222 1711 est
1243 1655 1483 1710 caelestis
1510 1653 1832 1715 Jerusalem,
1855 1665 1978 1720 quae

402 1758 486 1803 est
520 1749 720 1801 civitas
753 1747 916 1815 Regis
935 1746 1197 1801 caelestis.
1226 1745 1368 1798 Dixit
1392 1752 1572 1797 autem
1603 1741 1832 1796 Decius:
1864 1739 1978 1792 Hoc

2073 548 2343 613 dicturus,
2375 550 2628 607 Christus
2673 568 2828 608 meus
2863 569 2948 608 me
2978 555 3213 608 curavit.
3249 555 3536 612 Neminem
3571 560 3656 612 in-

2076 640 2396 697 troduxistis
2427 644 2518 712 qui
2553 658 2679 698 eum
2705 655 2925 700 curaret
2949 646 3001 700 in
3039 647 3328 702 custodia?
3357 649 3437 703 llli
3466 658 3654 704 autem

2074 733 2124 786 ci
2173 733 2472 788 dixerunt:
2519 735 2624 789 Per
2674 745 2912 790 vestram
2968 738 3288 806 potentiam,
3348 755 3470 808 qua:
3516 741 3668 810 regit

2075 823 2394 878 universum
2448 825 2634 879 orbem
2686 833 2868 891 terrae,
2930 842 3092 881 nemo
3148 844 3273 882 eum
3325 845 3394 883 ne
3447 832 3662 900 aspexit

2075 911 2320 980 quidem,
2377 913 2704 982 putabamus
2753 914 2899 969 enim
2962 929 3086 969 eum
3137 931 3257 972 esse
3308 919 3659 990 moriturum.

2075 1004 2362 1070 Quomodo
2414 1014 2596 1060 autem
2655 1021 2820 1060 sanus
2867 1015 2922 1060 ct
2980 1008 3172 1062 valens
3221 1025 3369 1064 nunc
3414 1011 3661 1071 assistat.

2077 1092 2375 1147 nescimus.
2417 1092 2563 1148 Dixit
2591 1094 2890 1164 imperator
2919 1114 2932 1150 :
2963 1096 3152 1151 Videte
3183 1106 3357 1152 artem
3391 1099 3658 1169 magicam

2076 1186 2541 1244 Christianorum.
2593 1190 2695 1256 Qui
2757 1190 2874 1245 heri
2923 1191 3144 1260 quidem
3191 1191 3484 1261 putabatur
3537 1208 3661 1249 esse

2079 1292 2349 1340 mortuus,
2385 1280 2549 1336 hodie
2617 1281 2794 1337 adstat
2838 1297 3025 1338 sanus.
3074 1283 3250 1337 Iratus
3297 1285 3478 1353 itaque
3525 1285 3666 1339 dixit

2079 1371 2130 1426 ei
2159 1388 2173 1425 ε
2206 1371 2339 1437 Quis
2388 1381 2438 1426 te
2471 1374 2726 1426 curavit?
2758 1373 2847 1428 dic
2902 1389 3026 1428 cum
3064 1374 3318 1429 veritate.
3369 1372 3504 1428 Nam
3539 1373 3668 1428 sine

2080 1463 2368 1532 praestigiis
2396 1472 2451 1517 et
2479 1471 2595 1516 arte
2631 1465 2837 1533 magica
2882 1481 2990 1519 non
3027 1476 3158 1535 puto
3205 1474 3256 1519 te
3291 1465 3456 1520 fuisse
3503 1480 3665 1518 cura-

2084 1562 2220 1608 tum.
2269 1555 2415 1607 Dixit
2441 1563 2666 1608 sanctus
2700 1553 3046 1610 Mercurius:
3095 1555 3250 1611 Sicut
3286 1555 3660 1624 priusdixisti

2085 1645 2299 1709 nolens,
2334 1645 2597 1702 Dominus
2648 1656 2832 1702 noster
2863 1647 3022 1703 Jesus
3049 1647 3318 1711 Christus,
3354 1662 3517 1702 verus
3546 1660 3666 1708 me-

2087 1738 2246 1792 dicus
2281 1739 2588 1793 animarum
2615 1749 2670 1794 et
2693 1754 3006 1810 corporum,
3041 1741 3154 1810 ipse
3186 1755 3270 1794 me
3294 1739 3528 1794 curavit.
3563 1740 3664 1806 Vc—

403 1854 471 1894 ne
499 1839 720 1894 nomine
747 1848 969 1892 vocatus
996 1854 1056 1892 es
1087 1854 1117 1892 a
1144 1836 1486 1907 parentibus,
1513 1849 1582 1888 an
1623 1833 1680 1886 in
1711 1832 1955 1886 exercitu
2009 1810 2054 1865 Β
2086 1830 2288 1885 neiicos
2333 1840 2540 1892 autem,
2589 1842 2645 1887 et
2693 1831 3080 1896 incantatores,
3129 1841 3182 1886 et
3227 1831 3470 1887 sortibus
3519 1831 3662 1892 divi-

402 1929 705 2000 appellatus
737 1929 887 1984 fuisti
917 1929 1255 1984 Mercurius?
1294 1927 1444 1982 Dixit
1483 1935 1690 1997 martyr
1717 1921 1982 1979 :‘Militim

405 2033 436 2070 a
463 2018 683 2072 tribuno
711 2027 940 2072 vocatus
969 2033 1087 2072 sum
1113 2017 1434 2073 Mercurius.
1468 2016 1614 2070 Dixit
1641 2015 1938 2084 imperator
1965 2029 1978 2066 :

403 2107 516 2164 Cur
557 2126 667 2164 non
715 2109 852 2164 facis
886 2109 1029 2163 sicut
1068 2111 1282 2180 jussum
1313 2109 1417 2162 fuit
1462 2106 1717 2161 omnibus
1746 2103 1985 2158 homini-

406 2201 530 2266 bus,
563 2211 630 2273 et,
651 2201 786 2256 deos
817 2200 1038 2263 adoras,
1089 2201 1327 2270 priorem
1361 2209 1512 2254 tuum
1544 2199 1808 2251 honorem
1844 2194 1987 2248 reci-

405 2293 602 2362 piens?
634 2293 880 2347 mavisne
925 2292 1063 2346 mori
1087 2291 1142 2345 in
1170 2291 1497 2346 tormentis?
1525 2290 1621 2342 Dic
1645 2290 1775 2352 cito,
1809 2288 1988 2341 sciens

406 2393 460 2440 te
483 2399 602 2439 esse
638 2393 890 2438 vocatum
922 2393 1229 2455 propterea.
1278 2381 1422 2437 Dixit
1470 2381 1812 2435 Mercurius:
1843 2378 1984 2446 Ego,

407 2485 467 2529 ut
494 2475 704 2540 dixisti,
752 2477 878 2530 ideo
915 2475 1059 2538 veni,
1096 2484 1158 2530 ut
1192 2485 1243 2531 te
1288 2475 1583 2537 vincerem,
1617 2481 1673 2526 et
1704 2470 1985 2525 diabolum

413 2568 594 2623 omnis
622 2569 742 2624 vitii
773 2570 1149 2632 inventorem;
1185 2576 1242 2622 et
1278 2582 1540 2621 coronam
1576 2565 1820 2619 victoria;
1847 2563 1991 2617 acci-

408 2661 551 2730 piam
582 2663 653 2716 ab
681 2663 1006 2731 agonotheta
1033 2660 1164 2716 Jesu
1189 2659 1410 2716 Christo
1433 2658 1666 2712 Domino
1696 2671 1838 2710 meo.
1865 2655 1989 2710 Noli

407 2765 538 2820 ergo
564 2751 781 2806 tardare
807 2765 909 2805 nec
933 2749 1154 2805 din‘erre
1179 2767 1192 2805 :
1225 2748 1321 2803 sed
1351 2749 1403 2802 in
1437 2763 1521 2803 me
1552 2746 1864 2816 imple,qua=:
1892 2744 1990 2798 tibi

409 2843 643 2897 veniunt
685 2845 738 2897 in
791 2851 1051 2897 mentem.
1100 2839 1287 2894 Habeo
1323 2840 1470 2893 enim
1514 2838 1739 2892 loricam
1772 2836 1898 2889 tidci
1935 2842 1991 2888 et

409 2935 682 3005 clypeum,
714 2950 814 3003 per
836 2948 956 3003 qua:
978 2933 1190 2986 vincam
1215 2945 1434 2986 omnem
1465 2928 1838 2984 inventionem
1867 2940 1988 2995 qua:

415 3026 681 3080 adversus
707 3041 792 3080 me
817 3023 1123 3095 excogitata
1150 3032 1206 3079 et
1232 3031 1376 3078 mota
1411 3021 1596 3076 fuerit.

482 3117 621 3175 Vlll.
667 3118 819 3172 Tunc
853 3117 990 3171 dixit
1019 3117 1317 3186 imperator
1347 3115 1427 3168 ira
1460 3113 1652 3184 plenus
1679 3129 1692 3166 :
1721 3109 1991 3176 Quoniam

411 3211 550 3266 dicis
584 3220 636 3264 te
673 3209 872 3263 habere
921 3208 1146 3263 loricam
1179 3206 1306 3262 ﬁdei
1345 3214 1400 3261 et
1432 3205 1702 3276 clypeum,
1744 3203 1910 3274 jubeo
1941 3211 1994 3256 te

413 3302 622 3358 nudum
654 3300 875 3356 extendi
909 3301 973 3354 ad
1004 3311 1242 3370 quatuor
1272 3298 1444 3367 palos,
1475 3307 1529 3351 et
1561 3295 1851 3351 sublimem
1880 3293 1996 3348 tolli

414 3410 441 3446 a
478 3402 648 3447 terra.
677 3392 814 3446 Cum
849 3391 953 3446 hoc
987 3400 1168 3446 autem
1198 3390 1402 3444 factum
1447 3396 1612 3448 esset.
1653 3387 1786 3441 dicit
1827 3386 1999 3455 impe-

414 3495 558 3536 ratur
585 3499 603 3537 :
640 3481 744 3537 Ubi
777 3490 906 3534 sunt
929 3491 1079 3534 arma
1106 3488 1197 3534 tua
1223 3477 1456 3534 bellica?
1481 3478 1585 3532 Per
1605 3477 1794 3532 Jovem
1824 3474 1997 3528 maxi-

414 3591 562 3629 mum
602 3575 833 3628 deorum
862 3573 1021 3626 valde
1055 3571 1206 3626 fuisti
1235 3581 1518 3626 extensus.
1548 3568 1783 3624 Sanctus
1810 3575 1995 3620 autem

417 3667 745 3732 Mercurius,
783 3667 838 3719 in
867 3665 1067 3720 caelum
1087 3664 1380 3735 aspiciens,
1409 3664 1581 3718 dixit:
1614 3661 1841 3717 Domine
1868 3659 1998 3714 Jesu

415 3761 653 3822 Christe,
693 3759 778 3812 fer
806 3772 966 3826 opem
1015 3772 1176 3812 servo
1209 3765 1323 3811 tuo.
1364 3756 1578 3810 Rursus
1613 3753 1774 3823 jussit
1823 3752 2000 3820 impe-

417 3863 564 3907 rator
615 3859 780 3906 acuto
827 3850 1009 3921 gladio
1056 3848 1234 3904 scindi
1291 3849 1413 3918 ejus
1459 3861 1676 3916 corpus,
1709 3852 1762 3898 et
1812 3851 2000 3914 postea

417 3948 594 4016 ignem
644 3945 927 3999 substerni
963 3951 1022 3996 ut
1070 3943 1187 4012 ipse
1221 3941 1480 4012 paulatim
1534 3948 1810 3994 ureretur.
1863 3935 2002 3990 Sau-

416 4033 596 4102 guinis
652 4043 839 4085 autem
901 4031 1252 4086 multitudine
1317 4045 1484 4100 rogus
1529 4029 1633 4083 fuit
1674 4028 1998 4083 exstinctus.

419 4124 654 4179 Sanctus
681 4140 815 4178 vero
864 4123 992 4177 forti
1021 4133 1079 4178 et
1126 4137 1392 4194 generoso
1436 4123 1618 4175 animo
1644 4120 1856 4174 ferebat
1894 4123 1996 4172 hoc

420 4223 781 4270 tormentum.
813 4215 1010 4269 Decius
1039 4223 1221 4268 autem
1251 4213 1415 4282 jussit
1445 4226 1572 4266 eum
1604 4211 1768 4274 solvi,
1810 4225 1878 4264 ne
1917 4209 2000 4263 ci-

422 4310 527 4361 tius
562 4315 898 4370 moreretur,
948 4315 1001 4361 et
1034 4307 1088 4360 in
1118 4306 1351 4376 quadam
1397 4304 1632 4358 obscura
1676 4301 1839 4355 domo
1878 4309 1999 4356 tuto

421 4397 654 4452 includi.
698 4397 836 4450 Eum
870 4399 1053 4466 itaque
1095 4404 1402 4465 portantes,
1435 4394 1784 4463 projecerunt
1817 4391 1870 4445 in
1903 4393 1996 4446 (lo-

2081 1931 2275 1978 nantes
2303 1923 2466 1978 simul
2497 1939 2620 1978 cum
2667 1924 2732 1978 iis
2765 1925 2857 1994 qui
2893 1925 3124 1979 adorant
3162 1924 3480 1989 simulacra,
3508 1923 3664 1978 abdi-

2083 2025 2190 2079 cat,
2225 2031 2427 2086 eosque
2469 2017 2701 2070 vinculis
2749 2017 2966 2087 ligatos,
3015 2015 3178 2070 tradit
3209 2016 3315 2085 igni
3362 2017 3653 2086 gehennam

2085 2116 2377 2178 propterea
2403 2108 2546 2177 quod
2582 2125 2687 2162 non
2723 2118 3066 2179 agnoverunt
3094 2123 3284 2161 verum
3337 2107 3529 2172 Deum,
3567 2108 3662 2174 qui

2086 2199 2215 2256 fecit
2261 2200 2429 2271 ipsos.
2462 2201 2606 2255 Dixit
2639 2200 2972 2271 imperator:
3005 2199 3218 2269 Corpus
3263 2209 3414 2254 tuum
3469 2215 3664 2254 rursus

2087 2310 2404 2351 consumam
2431 2294 2733 2365 suppliciis.
2767 2294 3064 2348 Videamus
3087 2304 3291 2358 autem,
3321 2309 3386 2346 an
3425 2301 3474 2348 te
3505 2301 3666 2347 curet

2087 2384 2338 2441 Christus
2373 2394 2519 2450 tuus,
2569 2399 2730 2455 quem
2761 2384 3060 2438 confiteris.
3118 2383 3262 2437 Dixit
3314 2383 3657 2440 Mercurius:

2087 2477 2262 2532 Credo
2302 2478 2354 2531 in
2391 2477 2680 2530 Dominum
2719 2491 2903 2529 meum
2954 2473 3142 2529 Jesum
3172 2473 3472 2536 Christum,
3517 2473 3665 2542 quod

2089 2583 2431 2638 quacunque
2465 2567 2598 2622 mihi
2631 2567 2886 2622 intuleris
2916 2565 3208 2636 supplicia,
3251 2580 3357 2620 non
3393 2575 3550 2636 potes
3577 2581 3664 2620 me

2091 2662 2292 2730 injuria
2325 2661 2562 2715 allicere.
2608 2661 2728 2730 Ipse
2777 2659 2920 2714 enim
2972 2660 3152 2714 dixit:
3190 2677 3210 2711 ‹
3243 2658 3424 2714 Nolite
3476 2659 3668 2713 timere

2091 2764 2207 2813 eos,
2248 2752 2343 2819 qui
2368 2765 2568 2819 corpus
2598 2750 2900 2805 occidunt:
2934 2750 3170 2804 animam
3205 2761 3386 2805 autem
3415 2765 3521 2804 non
3547 2765 3672 2819 pos-

2091 2849 2221 2897 sunt
2242 2841 2533 2903 occidere;
2575 2840 2668 2894 sed
2701 2855 2825 2894 eum
2880 2840 3068 2894 timete
3115 2841 3320 2910 potius,
3369 2842 3460 2910 qui
3493 2851 3672 2910 potest

2092 2935 2328 2988 animam
2353 2941 2409 2987 et
2428 2947 2628 2999 corpus
2657 2931 2883 3002 perdere
2915 2932 2968 2985 in
2996 2933 3242 3003 gehenna
3263 2934 3284 2966 ⁵ο
3309 2951 3323 2988 :
3361 2952 3379 2984 ι
3412 2933 3504 3002 qui
3537 2944 3660 3000 post

2091 3035 2326 3082 mortem
2358 3038 2447 3079 me
2488 3036 2681 3077 rursus
2709 3020 2995 3078 suscitabit
3032 3023 3085 3077 in
3116 3022 3351 3079 terribili
3401 3021 3492 3077 die
3519 3023 3654 3093 justi

2091 3119 2307 3194 judicii.

2170 3215 2238 3270 Χ.
2276 3215 2412 3270 Cum
2449 3224 2630 3271 autem
2654 3223 3003 3285 torqueretur
3021 3223 3076 3270 et
3098 3218 3350 3268 ureretur
3372 3223 3672 3282 generosus

2098 3314 2322 3375 martyr,
2352 3321 2450 3375 pro
2481 3305 2675 3360 nidore
2723 3304 2909 3360 suavis
2939 3303 3160 3371 quidam
3191 3302 3328 3356 odor
3362 3309 3668 3355 aromatum

2098 3397 2354 3453 manabat
2385 3412 2453 3453 ex
2480 3397 2601 3468 ejus
2632 3411 2882 3466 corpore.
2912 3395 3049 3452 Cum
3085 3395 3130 3450 is
3158 3409 3290 3449 vero
3326 3393 3518 3447 fuisset
3547 3407 3674 3446 cru-

2098 3489 2296 3555 ciatus,
2349 3498 2403 3543 et
2455 3504 2525 3544 ne
2568 3486 2922 3558 ingemuisset
2960 3486 3205 3555 quidem,
3254 3484 3393 3538 dixit
3431 3483 3669 3536 Decius:

2098 3582 2204 3638 Ubi
2247 3590 2330 3636 est
2376 3591 2501 3637 tuus
2549 3580 2834 3636 medicus?
2865 3579 3021 3634 Nunc
3050 3578 3251 3639 veniat,
3296 3586 3351 3632 et
3395 3585 3445 3630 te
3495 3582 3670 3628 curet.

2098 3675 2292 3730 Dixisti
2338 3675 2506 3737 enim,
2543 3673 2688 3744 quod
2738 3675 2902 3728 etiam
2950 3679 3069 3740 post
3126 3677 3355 3723 mortem
3410 3673 3589 3736 potest
3621 3673 3673 3716 te

2099 3766 2389 3821 suscitare.
2425 3765 2573 3819 Dixit
2603 3775 2826 3820 sanctus
2857 3762 3160 3818 Mercurius
3188 3780 3200 3816 :
3239 3760 3365 3819 Fac,
3395 3757 3540 3828 quod
3574 3771 3674 3810 ve;

2099 3857 2188 3912 lis.
2225 3856 2404 3912 Habes
2431 3865 2757 3925 potestatem
2804 3854 3053 3923 corporis
3083 3853 3210 3917 mei,
3248 3852 3444 3905 animm
3491 3859 3674 3903 autem

2102 3949 2263 4003 Deus.
2299 3948 2458 4013 Nam,
2485 3948 2588 4002 etsi
2619 3961 3018 4016 corpusmeum
3049 3942 3343 4006 interierit,
3386 3951 3690 4010 permanet.

2099 4041 2284 4095 anima
2338 4055 2481 4106 mea,
2524 4039 2578 4093 in
2611 4055 2772 4108 quam
2809 4053 2918 4090 non
2966 4035 3113 4090 cadit
3154 4033 3428 4088 interitus.
3463 4032 3686 4086 Rursus-

2093 4128 2251 4199 jubet
2282 4128 2578 4196 imperator
2621 4141 2746 4179 eum
2781 4123 3038 4193 suspendi
3079 4122 3436 4193 przrcipitem,
3467 4131 3524 4176 et
3553 4122 3675 4190 ejus

2099 4220 2242 4276 collo
2290 4218 2496 4288 alligari
2549 4216 2933 4288 gravissimum
2969 4215 3246 4285 lapidem:
3301 4221 3360 4266 ut
3408 4227 3437 4266 a
3489 4212 3670 4280 lapide

2099 4309 2419 4374 suﬂocatus,
2452 4309 2562 4364 cito
2594 4317 2922 4363 moreretur.
2952 4307 3012 4361 In
3041 4306 3209 4378 gratia
3240 4311 3422 4359 autem
3462 4302 3677 4358 Domini

2102 4403 2461 4459 conﬁrmatus
2506 4413 2732 4474 martyr,
2767 4402 2929 4472 longo
2957 4411 3200 4469 tempore
3228 4398 3430 4454 mansit
3466 4398 3520 4452 in
3561 4406 3678 4451 tor-

423 4488 763 4549 lmlnCUIam,
815 4501 935 4556 (ιυεε
983 4499 1209 4555 Pamm
1267 4481 1505 4537 babebal
1554 4481 1994 4550 respirationem:
2030 4501 2074 4556 Ι)
2106 4503 2310 4549 mento.
2347 4494 2482 4550 Cum
2515 4495 2744 4549 vidisset
2773 4509 2904 4548 vero
2946 4494 3138 4552 Decius
3167 4508 3293 4547 eum
3321 4491 3445 4546 forti
3480 4499 3534 4544 et
3560 4506 3676 4542 uia-

421 4581 802 4636 existimantes
839 4579 953 4634 fore
986 4586 1044 4632 ut
1077 4577 1239 4647 paulo
1267 4585 1390 4646 post
1421 4582 1751 4629 moreretur.
1784 4573 1879 4626 Illa
1903 4588 2001 4626 au-

421 4682 527 4727 tem
568 4682 734 4727 nocte
769 4671 820 4726 ei
843 4678 1066 4741 apparet
1100 4669 1327 4740 angelus
1357 4665 1594 4730 Domini,
1631 4665 1860 4720 dicens:
1894 4665 2002 4718 Pax

421 4763 539 4830 tibi,
569 4778 837 4834 generose
863 4763 1098 4826 athleta;
1129 4771 1186 4815 et
1209 4775 1336 4814 eum
1372 4757 1613 4815 reddidit
1640 4773 1856 4819 sanum,
1884 4772 1986 4809 cu-

422 4869 548 4908 rans
569 4855 795 4908 vulnera
823 4854 940 4922 ejus
969 4852 1234 4920 corporis,
1263 4849 1400 4904 adeo
1425 4856 1485 4903 ut
1515 4857 1784 4918 surgeret,
1811 4854 1866 4902 et
1892 4846 2007 4916 glo-

422 4948 557 5001 riam
588 4944 852 5000 redderet
883 4945 1014 5007 Deo,
1048 4944 1141 5013 qui
1181 4941 1233 4997 ei
1264 4949 1616 5012 apparuerat.

493 5037 582 5094 IX.
629 5039 837 5093 Rursus
862 5052 993 5104 ergo
1023 5035 1405 5106 Deciusjussit
1442 5049 1566 5088 eum
1585 5032 1702 5088 sisti
1723 5049 1741 5100 ;
1766 5043 1840 5096 et,
1875 5048 1998 5086 cum

420 5145 548 5186 eum
602 5132 852 5196 vidisset,
907 5131 1085 5184 dixit:
1138 5129 1243 5196 Qui
1296 5139 1558 5182 mortuus
1600 5125 1704 5180 fuit
1755 5142 1785 5179 a
1837 5125 2000 5179 nobis

422 5227 658 5292 ablatus,
690 5227 968 5296 quomodo
1000 5241 1146 5281 nunc
1178 5241 1275 5296 per
1300 5240 1360 5280 se
1403 5223 1690 5277 ambulat?
1723 5222 1864 5276 forte
1900 5237 2002 5276 nec

421 5316 660 5370 vibicem
685 5316 907 5386 quidem
941 5317 1104 5371 habet
1136 5317 1188 5370 in
1213 5331 1312 5372 suo
1341 5330 1590 5384 corpore.
1619 5313 1789 5370 Iussit
1818 5322 2000 5366 autem

421 5410 780 5472 satellitibus,
818 5422 878 5464 ut
932 5409 1204 5464 viderent.
1255 5408 1337 5462 illi
1370 5422 1502 5461 vero
1546 5405 1596 5460 ei
1642 5406 1868 5460 dicunt:
1903 5405 2006 5458 Per

421 5498 826 5554 divinissimam
885 5511 1032 5553 tuam
1081 5501 1364 5570 pietatem,
1413 5513 1612 5566 corpus
1658 5495 1819 5550 habet
1863 5495 2000 5550 adeo

422 5591 742 5658 delicatum,
763 5602 817 5648 et
843 5596 990 5649 omni
1011 5593 1492 5665 maculajvacuum,
1521 5589 1750 5662 perinde
1773 5605 1835 5644 ac
1856 5589 1900 5645 si
1932 5606 1996 5644 ne

545 5776 561 5805 ³
592 5775 779 5827 Matth.
814 5790 861 5835 χ,
899 5773 987 5826 ‘28.

2100 4601 2208 4656 gno
2235 4585 2420 4638 animo
2457 4585 2717 4641 resistere
2757 4582 3064 4644 tormentis,
3094 4588 3150 4636 et
3181 4579 3318 4634 nihil
3350 4595 3513 4649 grave
3547 4594 3674 4632 eum

2101 4685 2350 4740 tangere,
2396 4674 2560 4744 jussit
2609 4671 2833 4742 quidem
2880 4669 3122 4740 lapidem
3169 4668 3388 4723 devolvi
3449 4668 3517 4722 ab
3557 4668 3678 4737 ejus

2099 4765 2282 4821 collo:
2339 4760 2522 4815 aﬂerri
2569 4770 2753 4815 autem
2807 4758 3079 4830 ﬂagellum
3127 4759 3222 4812 mri
3279 4757 3582 4824 alligatum,
3619 4767 3676 4808 et

2099 4870 2225 4910 eum
2284 4852 2470 4906 tandiu
2523 4851 2804 4922 ﬂagellari,
2858 4849 3035 4904 donec
3082 4849 3203 4918 ejus
3244 4847 3465 4916 sanguis
3501 4845 3675 4900 solum

2103 4946 2375 5016 impleret.
2410 4943 2503 4998 Ille
2535 4953 2717 4996 autem
2748 4942 2903 5011 plane
2934 4940 3152 4995 adamas
3186 4941 3445 5008 perstitit,
3477 4953 3534 4992 sc
3569 4941 3680 4992 lor;

2100 5043 2226 5093 titcr
2255 5052 2470 5108 gerens,
2515 5046 2570 5088 et
2610 5034 2838 5088 dicens:
2881 5033 2995 5101 Ago
3043 5027 3138 5083 tibi
3171 5030 3390 5100 gratias,
3425 5030 3671 5090 Domine,

2098 5131 2243 5202 quod
2277 5146 2363 5183 me
2392 5143 2490 5197 pro
2523 5138 2615 5181 tuo
2647 5124 2866 5179 nomine
2894 5123 3150 5193 dignatus
3191 5120 3266 5175 sis
3300 5119 3483 5190 ﬂagris
3515 5123 3670 5175 (εςράί.

2170 5224 2239 5278 XI
2261 5262 2275 5276 .
2318 5221 2454 5276 Cum
2488 5230 2668 5273 autem
2699 5218 3043 5286 cognovisset
3072 5216 3366 5283 imperator
3402 5225 3676 5268 cumesse

2100 5316 2257 5384 plane
2299 5309 2653 5367 immobilem,
2700 5316 2754 5360 et
2798 5304 3120 5374 persuaderi
3157 5317 3263 5356 non
3316 5316 3498 5370 posse,
3535 5311 3597 5354 ut
3643 5320 3674 5357 a

2101 5425 2198 5462 sua
2222 5407 2596 5460 dimoveretur
2618 5398 2908 5461 sententia,
2940 5405 3241 5450 convocato
3263 5394 3498 5449 concilio
3523 5397 3674 5464 (pro-

2108 5498 2331 5570 perabat
2379 5494 2525 5548 cnim
2571 5492 2650 5544 ire
2719 5488 2991 5557 Romam),
3027 5486 3149 5540 tulit
3197 5486 3249 5538 in
3287 5501 3412 5540 eum
3459 5497 3675 5543 sentem

2111 5589 2260 5654 tiam,
2299 5583 2524 5641 dicens:
2561 5577 2910 5644 Mercurium,
2944 5575 3036 5646 qui
3085 5575 3216 5631 deos
3261 5573 3397 5630 nihil
3440 5574 3592 5640 fecit,
3617 5585 3684 5632 et
