4080 6374
416 336 522 399 275

1649 325 1938 396 MENSIS
1974 335 2420 398 NOVEMBEB.

3546 331 3649 392 276

408 445 784 503 venerandum
810 445 1093 501 decretum
1128 453 1330 501 nostra:
1356 445 1795 502 mansuetudinis
1826 447 1980 503 nihili
2011 457 2053 514 Α
2090 449 2271 506 Facite
2297 448 2445 520 quod
2477 448 2633 504 vobis
2671 447 2777 504 fuit
2829 448 3181 518 imperatum,
3213 446 3351 502 nihil
3382 454 3650 502 cunctan-

411 543 640 611 putavit,
661 539 816 609 jubet
845 537 933 607 pia
966 545 1155 592 nostra
1187 537 1426 608 potentia
1454 539 1578 594 duci
1612 541 1666 594 in
1696 540 1974 608 regionem

410 630 814 700 Cappadocum,
841 636 898 683 et
942 628 994 683 ei
1043 638 1207 698 caput
1247 629 1519 699 amputari
1567 631 1630 685 ad
1666 631 1977 702 exemplum

412 721 729 775 multorum.
759 718 894 774 Nam
913 719 1226 790 quicunque
1256 721 1464 777 resistit
1485 723 1822 794 imperatori,
1856 730 1978 794 post

415 815 582 869 multa
632 821 902 870 tormenta
945 813 1272 885 subjicietur
1317 815 1479 884 gladii
1515 816 1804 887 supplicio.
1840 817 1977 872 Cum

411 911 597 976 itaque
616 921 741 962 eum
769 908 1107 977 accepissent
1133 908 1172 964 ii
1204 907 1407 978 quibus
1431 908 1608 966 fuerat
1636 911 1976 975 mandatum,

411 999 956 1070 duxerunt‘animal,
992 1009 1046 1056 et
1099 1011 1381 1071 portantes
1411 1018 1559 1069 eutn,
1598 1004 1978 1074 imposuerunt

410 1092 656 1145 vinctum
699 1093 956 1162 utrinque
1007 1092 1204 1157 valide,
1257 1099 1376 1148 erat
1407 1094 1554 1148 enim
1587 1108 1787 1164 corpus
1827 1109 1975 1150 mar-

409 1185 546 1254 tyris
575 1183 868 1238 admodum
908 1184 1258 1244 dissolutum.
1286 1184 1354 1240 Et
1384 1185 1667 1242 venientes
1711 1187 1763 1241 in
1790 1187 1976 1242 diver-

406 1275 636 1335 sorium.
675 1290 802 1329 eum
833 1276 1034 1330 sensim
1078 1275 1438 1346 deponenles,
1494 1277 1768 1332 faciebant
1816 1278 1974 1347 quie-

405 1379 578 1419 scere.
608 1362 808 1435 Sicque
843 1379 968 1420 cum
1009 1365 1198 1434 paucis
1235 1366 1430 1420 diebus
1462 1366 1678 1436 longum
1708 1367 1812 1420 iter
1847 1381 1978 1421 con-

405 1456 682 1518 fecissent,
714 1465 984 1511 venerunt
1005 1455 1328 1512 Caesaream.
1363 1457 1439 1510 Ad
1465 1472 1588 1512 eum
1613 1466 1794 1512 autem
1820 1473 1977 1514 acce-

404 1550 537 1602 dens
565 1546 846 1613 Dominus,
873 1547 1010 1602 dixit
1036 1566 1049 1603 :
1077 1547 1334 1610 Mercuri,
1359 1549 1620 1604 adesdum
1651 1558 1705 1605 et
1728 1549 1970 1620 quiesce.

403 1641 639 1693 Cursum
665 1640 1089 1705 consummasti,
1131 1639 1292 1694 dem
1323 1641 1576 1706 servasti,
1607 1643 1793 1713 accipe
1817 1657 1974 1697 coro-

407 1745 528 1782 nam
575 1739 678 1786 tua:
710 1731 1118 1787 deeertationis.
1151 1732 1522 1787 Constitutum
1571 1731 1716 1786 enim
1769 1743 1874 1798 est,
1913 1743 1973 1787 ut

2083 553 2182 597 tes.
2217 541 2480 596 Dominus
2513 548 2718 605 autem,
2749 539 2842 610 qui
2883 548 3042 594 vocat
3070 552 3262 594 omnes
3285 537 3350 591 ad
3381 537 3623 606 pmniten
3642 570 3654 579 -

2081 633 2232 699 tiam,
2269 646 2365 686 vos
2394 646 2612 702 quoque
2640 645 2742 686 sua
2778 632 2951 700 gratia
2983 628 3316 700 dignabitur.
3349 629 3484 684 Nam
3523 644 3650 684 cum

2077 724 2151 778 sit
2184 723 2358 786 dives,
2400 722 2607 778 ail‘atim
2640 721 2810 778 donat
2838 721 2982 777 bona
3012 736 3110 775 sua
3141 721 3209 776 iis
3236 720 3329 791 qui
3356 719 3646 776 accedunt.

2080 815 2205 872 Haec
2237 830 2362 871 cum
2394 814 2644 881 dixisset,
2682 821 2850 885 caput
2891 814 2996 868 fuit
3035 813 3088 868 ei
3119 821 3482 882 amputatum,
3519 827 3653 867 con-

2079 916 2494 977 summatusque
2541 905 2645 961 fuit
2677 908 2730 960 in
2761 904 3105 962 confessione
3139 903 3448 961 Servatoris
3474 904 3650 960 nostri

2079 1001 2194 1056 Dei.

2149 1091 2266 1148 XII.
2309 1093 2532 1148 Factum
2563 1101 2649 1149 est
2676 1101 2881 1157 autem,
2913 1089 3057 1162 quod
3100 1101 3302 1161 praeter
3331 1090 3648 1161 Opinionem

2077 1193 2180 1248 est,
2246 1184 2340 1240 Dei
2397 1183 2720 1240 miraculum
2769 1183 2975 1238 mensis
3018 1182 3342 1238 Novembris
3388 1180 3650 1237 vicesimo

2078 1275 2290 1346 quinto.
2318 1276 2450 1332 Post
2475 1277 2591 1346 ejus
2620 1274 3152 1331 consummationem
3184 1276 3388 1329 factum
3421 1281 3505 1328 est
3525 1288 3650 1329 cor-

2078 1384 2180 1440 pus
2229 1373 2482 1439 martyris
2523 1369 2708 1424 album
2758 1369 2900 1424 sicut
2952 1367 3066 1431 nix,
3116 1367 3373 1422 emittens
3425 1380 3648 1421 suavem

2078 1463 2299 1516 odorem
2336 1471 2738 1531 unguentorum
2776 1471 2832 1517 et
2862 1461 3138 1517 suﬂituum
3163 1498 3181 1525 ,
3213 1468 3270 1515 et
3295 1469 3513 1529 propter
3545 1459 3651 1512 hoc

2077 1553 2291 1624 signum
2342 1553 2498 1608 multi
2549 1554 2675 1609 facti
2721 1561 2848 1608 sunt
2887 1552 3203 1609 Christiani.
3269 1552 3650 1621 Deposuerunt

2078 1654 2259 1699 autem
2287 1653 2535 1700 sanctum
2560 1645 2614 1699 in
2648 1646 2770 1699 loco
2802 1645 3022 1716 insigni.
3055 1644 3149 1698 ubi
3176 1643 3314 1698 ﬁunt
3347 1643 3528 1698 multa:
3553 1659 3650 1697 cu-

2079 1737 2314 1791 rationes
2350 1736 2419 1790 ad
2461 1737 2686 1805 gloriam
2728 1738 2821 1790 Dei
2863 1737 3063 1800 Patris,
3115 1748 3171 1790 et
3217 1736 3430 1790 Domini
3469 1735 3646 1789 nostri

409 1831 465 1872 tu
498 1819 586 1875 hic
615 1823 1032 1878 eonsummeris.
1068 1823 1268 1894 Martyr
1314 1834 1494 1879 autem
1534 1823 1844 1880 Servatoris
1893 1827 1972 1880 vi-
2010 1807 2052 1860 Β
2077 1826 2205 1880 Iesu
2233 1824 2460 1891 Christi,
2510 1826 2670 1881 simul
2703 1841 2827 1882 cum
2861 1832 3051 1882 saneto
3096 1825 3330 1896 Spiritu,
3363 1825 3418 1880 in
3448 1827 3649 1882 saecula

407 1909 561 1965 sione
594 1912 1000 1980 corroboratus,
1040 1914 1174 1969 dicit
1205 1915 1291 1979 iis,
1335 1917 1426 1985 qui
1464 1923 1623 1971 erant
1651 1932 1774 1972 cum
1805 1917 1923 1987 ipso
1957 1933 1972 1971 :

411 2063 449 2084 Μ.

1673 2072 1913 2086 *τ’*

2083 1917 2428 1974 εωευιοτυῐη.
2463 1919 2658 1976 Amen.

1917 2070 2275 2084 W

1698 2237 2334 2324 ΜΑΡΤΥΡΙΟΝ

902 2419 1039 2472 ΤΗΣ
1077 2419 1278 2472 ΔΓῙΔΣ
1317 2418 1435 2472 ΚΑΙ
1472 2419 1914 2475 ΚΑΛΛΙΝΙΚΟΥ
1968 2421 2634 2478 ΜΕΓΔᾹΟΜΛΡΤΥΡΟΣ
2673 2419 2810 2474 ΤΟΥ
2847 2419 3152 2475 ΧΡΙΣΤΟΥ

1435 2561 2607 2701 ΑΗίΑΤΕΡΙΝΗΣ.

654 2944 1385 3037 MARTYRIUM
1461 2944 1944 3038 SANCTIE
2017 2945 2168 3033 ET
2249 2944 2694 3034 MAGNJE
2770 2944 3386 3036 MARTYBIS

1436 3141 2688 3300 [ECATERIN/E.

1297 3398 1488 3458 (Surius
1508 3399 1565 3446 ad
1605 3399 1734 3446 diem
1759 3399 1820 3446 295
1840 3397 1992 3455 Non;
2018 3397 2184 3448 Grzere
2213 3413 2273 3447 ex
2316 3401 2423 3448 cod.
2451 3414 2537 3448 ms.
2580 3400 2701 3447 12325
2728 3401 2743 3462 )

466 3685 847 3757 l.lmpcrante
905 3687 1072 3759 impio
1123 3686 1394 3742 Maxentio
1455 3688 1558 3759 (l).
1618 3688 1938 3744 universum

2143 3686 2219 3737 A'.
2293 3684 2680 3751 Βασιλεύοντος
2747 3687 2842 3742 τοῦ
2890 3687 3258 3741 ἀσεϐεστάτου
3318 3687 3642 3754 Μαξεντίου,

397 3779 687 3850 imperium
728 3779 1097 3835 Romanorum
1132 3780 1564 3848 amplectebatur
1590 3781 1815 3851 impium
1849 3781 1968 3835 cul-

397 3881 510 3926 tum
551 3872 880 3928 drcmonum.
913 3873 963 3928 Is
997 3873 1143 3928 enim
1188 3872 1524 3928 Alexandriae
1565 3871 1882 3943 praesidens;
1910 3872 1965 3926 in

394 3965 610 4020 excelso
661 3977 716 4020 et
741 3965 961 4019 sublimi
1007 3964 1289 4030 tribunali,
1335 3963 1517 4020 emisit
1574 3965 1678 4020 hoc
1735 3965 1962 4034 impium

395 4056 659 4116 edictum.
697 4064 757 4110 ut
791 4071 982 4111 omnes
1029 4056 1213 4118 simul,
1257 4056 1348 4124 qui
1378 4064 1535 4110 erant
1577 4056 1631 4109 in
1663 4055 1784 4125 ejus
1812 4064 1969 4122 pote-

396 4158 534 4202 state
582 4164 645 4203 ac
694 4149 942 4216 ditionc,
1004 4149 1313 4204 simulacris
1364 4145 1760 4203 sacriﬁcarent.
1812 4143 1965 4200 Unde

395 4241 561 4292 etiam
599 4256 693 4306 per
726 4241 1045 4295 universum
1086 4242 1390 4296 Romanum
1443 4239 1734 4309 imperium
1790 4237 1968 4291 maui-

394 4332 533 4384 l'esta
563 4329 810 4396 fuerunt,
843 4346 963 4400 qua:
1009 4331 1226 4385 decreta
1266 4329 1506 4394 fuerant,
1551 4329 1752 4382 litteris
1798 4327 1873 4380 ita
1906 4342 1964 4382 se

390 4421 774 4476 habentibus:
824 4422 1127 4490 Imperator
1177 4420 1481 4475 Maxentius
1527 4418 1818 4483 omnibus,
1872 4419 1962 4488 qui

392 4520 522 4564 sunt
556 4510 610 4564 in
641 4526 756 4565 mea
782 4511 1008 4573 ditione,
1063 4511 1318 4565 salutem.
1375 4509 1625 4580 Magnum
1681 4510 1962 4565 consecuti

396 4601 722 4656 beneficium
748 4617 776 4654 a
803 4599 1031 4654 deorum
1063 4598 1422 4666 benignitate,
1463 4599 1635 4653 veluti
1667 4599 1960 4669 quamdam

394 4696 563 4764 hujus
612 4691 993 4756 muniﬁcentim
1059 4692 1599 4757 remunerationem,
1650 4691 1966 4747 censuimus

396 4804 496 4844 nos
525 4786 609 4843 eis
636 4795 891 4856 oportere
919 4783 1118 4840 oﬂ’erre
1154 4784 1444 4842 sacriﬁcia.
1491 4787 1693 4841 Omnes
1721 4799 1873 4854 ergo,
1917 4784 1962 4838 si

396 4882 511 4936 tieri
553 4891 752 4952 petest,
783 4879 851 4936 ad
886 4895 986 4936 nos
1009 4879 1314 4942 venientes.
1341 4878 1614 4935 ostendite
1643 4885 1881 4933 vestram
1907 4876 1962 4931 in

397 4990 619 5044 magnos
675 4976 805 5030 deos
850 4973 1320 5040 benevolentiam;
1376 4973 1610 5029 scientes
1666 4971 1812 5041 quod
1867 4969 1961 5040 qui

397 5069 499 5121 hoc
532 5075 778 5121 nostrum
809 5066 1050 5121 edictum
1101 5065 1518 5136 contempserit,
1541 5073 1597 5119 et
1645 5063 1712 5118 ad
1740 5064 1904 5119 aliam
1935 5079 1964 5117 a

397 5158 552 5212 nobis
584 5157 914 5226 prohibitam
950 5158 1225 5228 aspexerit
1281 5158 1640 5228 religionem,‘
1665 5163 1722 5211 et
1752 5156 1972 5210 excidet

399 5249 470 5302 ab
501 5249 614 5318 ipsa
647 5265 838 5318 magna
869 5248 1097 5305 deorum
1123 5249 1528 5318 benevolentia,
1557 5258 1613 5306 et
1647 5247 1970 5319 subjicietur

397 5358 426 5395 a
461 5342 621 5396 nobis
648 5341 804 5397 malis
833 5342 1112 5398 extremis.

466 5606 532 5660 ll.
568 5604 705 5662 Cum
733 5607 816 5662 ba:
852 5607 1046 5663 litterae
1075 5606 1128 5662 in
1166 5619 1386 5662 omnem
1435 5613 1652 5674 partem
1688 5607 1961 5673 pervasis-

2095 3776 2244 3828 πᾶσα
2281 3777 2314 3848 ἡ
2355 3777 2463 3830 τῶν
2521 3777 2811 3849 Ῥωμαίων
2872 3778 3016 3851 ἀρχὴ
3067 3779 3169 3849 τῆς
3219 3778 3486 3851 βδελυρᾶς
3533 3783 3645 3835 τῶν

2089 3867 2362 3938 δαιμόνων
2387 3869 2724 3924 ἀντεποιεῖτο
2757 3871 3078 3942 θρησκείας.
3115 3863 3288 3937 οὗτος
3321 3873 3453 3943 γὰρ,
3509 3891 3644 3944 προ-

2081 3960 2315 4024 καθίσας
2369 3963 2449 4025 είς
2479 3962 2892 4034 ’Δλεξάνδρειαν
2919 3965 3011 4018 ἐπὶ
3043 3965 3290 4036 βήματος
3331 3964 3534 4038 ὑψηλοῦ
3583 3984 3643 4021 τε

2079 4055 2172 4104 καὶ
2208 4052 2484 4123 μετεώρου
2518 4052 2678 4108 τοῦτο
2707 4055 2770 4126 δὴ
2813 4056 2875 4108 τὸ
2914 4056 3178 4120 δυσσεόὲς
3220 4057 3443 4124 ἐξέθετο
3479 4060 3645 4128 πρόσ-

2075 4159 2266 4214 ταγμα
2315 4145 2406 4198 τοῦ
2457 4145 2667 4210 πάντας
2729 4146 2865 4217 ὁμοῦ
2895 4148 3022 4212 τοὺς
3065 4149 3171 4201 ὑπὸ
3202 4149 3301 4221 τὴν
3336 4151 3500 4205 αὐτοῦ
3527 4169 3642 4206 κει-

2081 4233 2278 4303 μένους
2325 4236 2578 4302 ἐξουσίαν
2635 4238 2828 4302 θυσίας
2875 4242 2986 4300 τοῖς
3041 4240 3285 4306 εἰδώλοις
3323 4242 3596 4297 ἐπιτελεῖν
3625 4260 3640 4275 ’

2074 4325 2199 4379 ὅθεν
2234 4329 2330 4382 καὶ
2376 4329 2656 4400 πανταχοῦ
2689 4331 2788 4401 τῆς
2829 4331 3147 4403 Ῥωμαῖκῆς
3200 4335 3378 4404 ἀρχῆς
3429 4335 3642 4406 φανερά

2076 4417 2308 4490 καθίστη
2356 4420 2425 4473 τά
2455 4421 2757 4493 δεδογμένα
2802 4425 3129 4494 γράμμασιν
3175 4424 3392 4494 ἔχουσιν
3423 4425 3596 4489 οὕτως
3625 4441 3643 4458 ·

2075 4509 2342 4576 Βασιλεὺς
2381 4511 2687 4577 Μαξέντιος
2727 4515 2861 4568 πᾶσι
2903 4517 3020 4578 τοῖς
3061 4515 3168 4568 ὑπὸ
3195 4515 3295 4585 τὴν
3321 4516 3462 4587 ἐμὴν
3490 4517 3643 4583 ἐξου-

2075 4604 2198 4655 σίαν
2230 4603 2462 4672 χαίρειν.
2515 4604 2780 4676 Μεγάλης
2831 4606 3155 4677 εὐεργεσίας
3193 4608 3347 4676 παρὰ
3389 4604 3488 4677 τῆς
3534 4608 3644 4662 τῶν

2077 4693 2216 4746 θεῶν
2246 4695 2538 4764 εὐμενείας
2588 4697 2971 4769 τετυχηκότες,
2999 4699 3074 4762 ὥς
3104 4716 3227 4752 τινα
3257 4699 3358 4769 τῆς
3386 4699 3644 4769 τοιαύτης

2073 4785 2252 4837 αὐτῶν
2284 4786 2700 4859 μεγαλοδωρεᾶς
2731 4789 2988 4858 ἀμοιϐὴν,
3025 4791 3359 4859 προσφέρειν
3375 4790 3643 4861 ᾠήθημεν

2072 4876 2169 4938 τάς
2227 4875 2413 4942 θυσίας
2437 4880 2642 4944 αὐτοῖς.
2679 4881 2883 4944 Πάντες
2931 4883 3246 4954 τοιγαροῦν,
3291 4885 3340 4938 εί
3390 4885 3637 4948 δυνατὸν,

2073 4966 2383 5034 φθάσαντες
2440 4969 2547 5034 ἓως
2605 4971 2784 5041 ἡμῶν,
2841 4971 2943 5042 τὴν
3007 4973 3134 5043 περὶ
3183 4975 3310 5036 τοὺς
3369 4976 3645 5044 μεγάλους

2069 5057 2226 5136 θεοὺς
2276 5061 2493 5115 εὔνοιαν
2543 5062 2698 5132 ὑμῶν
2757 5063 3120 5131 ἐπιδείξασθε,
3179 5067 3382 5131 εἰδότες
3457 5067 3534 5131 ὡς
3610 5068 3641 5119 ό

2069 5150 2128 5203 τὸ
2196 5152 2436 5206 τοιοῦτον
2480 5153 2637 5222 ήμῶν
2691 5153 2971 5224 διάταγμα
3015 5157 3314 5227 παρορῶν,
3365 5160 3463 5212 καὶ
3504 5160 3641 5231 πρὸς

2071 5240 2264 5312 ἑτέραν
2307 5243 2772 5315 ἀπηγορευμένην
2817 5247 2953 5315 ἡμῖν
2990 5248 3274 5301 ἀπονεύων
3314 5249 3641 5320 θρησκείαν,

2071 5333 2243 5401 αὐτῆς
2271 5349 2330 5386 τε
2381 5335 2481 5405 τῆς
2541 5337 2784 5408 μεγάλης
2836 5339 2944 5391 τῶν
3005 5339 3146 5392 θεῶν
3185 5342 3506 5395 ἐκπεσεῖται
3560 5361 3644 5409 φι-

2072 5423 2449 5495 λανθρωπίας,
2505 5429 2600 5480 καὶ⁸
2634 5430 2764 5500 παρ’
2793 5429 2952 5499 ἡμῶν
2988 5434 3180 5495 κακοῖς
3233 5435 3346 5496 τοῖς
3386 5434 3641 5505 ἐσχάτοις

2076 5516 2539 5587 ὑποϐληθήσεται.

2147 5609 2220 5663 B'.
2259 5611 2480 5664 Τούτων
2524 5612 2632 5665 τῶν
2661 5614 3007 5685 γραμμάτων
3044 5619 3322 5689 πανταχοῦ
3353 5619 3642 5687 διαπεφοι-

468 5770 540 5839 il)
577 5770 895 5824 Maximinus
934 5769 1222 5841 legendum
1259 5788 1270 5825 :
1303 5769 1346 5824 is
1391 5769 1538 5826 cnim
1569 5768 1664 5825 fuit
1691 5770 1950 5837 Orientis,
1995 5773 2296 5832 Maxentius
2318 5777 2654 5843 Occidentis,
2694 5781 3010 5850 imperator.
