4080 6374
423 207 519 271 277

1479 209 1953 273 MARTYRIUM
1993 210 2055 272 S.
2090 211 2576 281 CATHAR‘IN/E.

3563 225 3671 297 278

421 320 688 393 τηκότων,
735 315 806 390 ἦν
835 319 971 376 ίδεῐν
1002 318 1309 393 συρῤἇοντα
1340 322 1525 395 πλήθη
1552 325 1690 396 πρὸς
1717 323 1884 380 αὐτὸν
1909 320 1993 393 τῷ

2118 335 2238 393 nent,
2298 328 2499 390 licebat
2521 329 2711 388 videre
2746 333 3116 391 conﬂuentem
3169 335 3237 392 ad
3274 337 3452 408 ipsum
3488 341 3677 396 multi-

423 411 569 484 φόϐῳ
593 408 705 464 τῶν
723 409 992 478 ἀπειλῶν,
1034 411 1145 468 τῶν
1174 411 1275 484 μὲν
1296 413 1560 485 -πρόδατα
1592 416 1688 468 καὶ
1737 414 1868 485 βόας
1894 414 2001 468 ιπ-

423 506 730 575 αγομᾶνων,
770 505 883 559 τῶν
928 505 988 560 δὲ
1013 506 1110 559 καὶ
1138 504 1369 578 ὀρνίθων
1397 507 1535 576 γένη
1579 506 1824 571 ποικίλα,
1856 506 1999 561 ῶστε

423 599 596 662 οὐδεὶς
672 597 904 668 εὐτελὴς
953 592 1047 668 ἦν,
1111 597 1247 653 ἀλλὰ
1300 598 1433 669 περὶ
1499 599 1600 668 τὴν
1646 598 2001 670 παρασκευὴν

425 692 622 754 πάντες
664 691 908 759 ιγίνοντο
944 691 1047 760 τῆς
1099 690 1311 755 θυσίας.
1343 691 1484 753 Τοὺς
1534 690 1635 763 μὲν
1671 693 1781 762 γάρ
1830 692 1999 745 πλου-

426 784 569 843 σίους
600 783 818 853 μεγάλα
847 782 965 846 ζῶα
998 784 1141 854 πρὸς
1170 781 1271 853 τὴν
1299 783 1528 855 τελετὴν
1569 784 1772 854 ὥριστο
1819 784 1997 855 ἄγειν,

427 875 597 946 μικρὰ
620 875 681 929 δὲ
703 877 836 939 τοὺς
867 876 1131 946 πένητας,
1156 876 1234 940 ὡς
1266 877 1486 947 ἑκάστῳ
1513 877 1548 948 ἢ
1583 894 1642 930 τε
1679 878 1803 949 χεὶρ
1839 878 2002 932 εὐπο-

428 967 565 1037 ροίη,
593 967 690 1021 καὶ
715 969 750 1039 ἡ
779 967 915 1037 πρὸς
938 968 1068 1030 τοὺς
1094 967 1252 1031 θεοὺς
1305 966 1492 1022 εὔνοια
1543 968 1680 1037 ἔχοι.
1746 969 2002 1023 Μάλιστα

424 1061 477 1114 δὲ
501 1060 704 1124 αὐτοὺς
733 1060 958 1127 ἠρέθιζε
991 1060 1129 1131 πρὸς
1157 1060 1475 1131 φιλοτιμίαν
1517 1063 1546 1115 ό
1585 1062 1839 1132 βασιλεὺς
1873 1048 2001 1116 ταύ⁸

430 1171 553 1224 ρους
573 1154 883 1207 καταθῦσαι
928 1153 1114 1224 φέρων
1140 1153 1305 1217 αὐτὸς
1333 1155 1532 1209 ἑκατὸν
1558 1159 1655 1209 καὶ
1677 1156 1999 1227 τριάκοντα.

430 1248 656 1302 Πάντων
682 1245 868 1300 τοίνυν
900 1246 961 1298 ἐν
999 1245 1381 1317 Ἀλεξανδρείᾳ
1414 1249 1548 1319 παρ’
1573 1248 1741 1302 αὐτὸν
1774 1247 2004 1317 συνελη-

427 1340 661 1394 λυθότων
723 1338 1011 1409 ὑπερήσθη
1073 1341 1140 1410 τῇ
1194 1337 1580 1411 πολυπληθείᾳ
1628 1339 1725 1393 τοῦ
1770 1357 1828 1394 τε
1868 1340 2001 1395 λαοῦ

427 1430 516 1483 καὶ
566 1427 676 1483 τῶν
732 1428 964 1494 θυσιῶν,
1007 1430 1106 1482 καὶ
1160 1428 1405 1498 τοσούτῳ
1461 1428 1688 1500 μᾶλλον,
1735 1429 1812 1492 ὼς
1868 1428 2005 1498 μηδὲ

428 1524 616 1593 καιρὸν
653 1523 843 1593 ἓτερον
876 1524 1173 1592 ἀναμεῖναι
1198 1562 1213 1588 ,
1251 1521 1369 1575 ἀλλ’
1408 1521 1616 1577 αὐτίκα
1656 1539 1718 1576 τε
1767 1523 2005 1593 ἀναστῆ-

429 1634 536 1679 ναι,
575 1618 675 1669 καὶ
720 1619 881 1686 τάχει
930 1616 1184 1687 χωρῆσαι
1234 1615 1376 1687 πρὸς
1420 1619 1516 1671 τὸν
1573 1618 1701 1671 ναὸν
1757 1615 1851 1669 τοῦ
1906 1614 2001 1669 καὶ

430 1709 597 1777 αὐτὴν
626 1708 731 1779 ήδη
767 1709 867 1777 τὴν
901 1707 1098 1761 θυσίαν
1139 1707 1474 1763 διατελέσαι.
1509 1710 1771 1779 Ἐτρεχον
1806 1707 1863 1761 δὲ
1902 1708 1999 1762 σὺν

428 1803 572 1872 αὐτῷ
606 1806 767 1871 γένος
819 1800 969 1856 ἅπαν
1004 1802 1102 1855 καὶ
1153 1799 1342 1873 ἡλικία
1398 1803 1589 1866 πᾶσα,
1631 1802 1747 1854 ὅσοι
1790 1816 1851 1852 τε
1902 1799 2003 1869 τῆς

430 1896 624 1967 βουλῆς
658 1891 802 1966 ἦσαν
847 1895 1087 1949 καὶτῶν
1125 1897 1185 1947 ὲν
1228 1894 1397 1961 τέλει,
1445 1894 1541 1948 καὶ
1595 1896 1713 1948 ὅσοι
1762 1893 1873 1947 τῶν
1913 1894 2003 1945 εύ-

428 1991 597 2043 τελῶν
642 1993 739 2042 καὶ
787 1990 1043 2061 ἀσήμων.
1097 1988 1167 2042 τά
1215 1988 1354 2059 πρὸς
1400 1988 1503 2058 τὴν
1540 1987 1734 2041 θυσίαν
1766 1987 2005 2050 ῑκαστος

434 2080 885 2151 ἐπικομιζόμενοι
920 2095 935 2111 ο
972 2079 1047 2143 ὡς
1111 2078 1583 2149 στενοχωρεῖσθαι
1620 2080 1723 2149 μὲν
1774 2077 1881 2130 om
1910 2075 2007 2131 τοῦ

432 2171 668 2241 πλήθους
702 2171 813 2225 τῶν
863 2172 984 2225 ἐκεῖ
1029 2170 1371 2245 συρρεόντων
1411 2170 1588 2243 αὐτήν
1631 2188 1689 2224 τε
1724 2170 1825 2242 τὴν
1853 2169 2011 2223 πόλιν

433 2264 528 2318 καὶ
556 2264 651 2316 τὸν
682 2264 835 2326 ναὸν,
869 2263 1257 2333 περιηχεῖσθαι
1288 2261 1343 2315 δὲ
1375 2261 1482 2315 ύπδ
1510 2262 1611 2331 τῆς
1662 2261 1775 2314 τῶν
1801 2260 2013 2327 ἀλόγων

436 2355 588 2420 ζώων
624 2355 754 2425 βοῆς
779 2356 882 2425 τὴν
912 2354 1098 2427 κύκλῳ
1130 2355 1466 2427 περίχωρον,
1496 2356 1562 2429 τῇ
1592 2355 1647 2409 δὲ
1674 2352 1783 2409 τῶν
1810 2352 2013 2409 θυσιῶν

434 2449 627 2519 κνίσσῃ
651 2449 742 2503 καὶ
772 2447 940 2502 αὑτὸν
968 2446 1293 2519 μολύνεσθαι
1326 2447 1419 2501 τὸν
1452 2448 1623 2517 ἀέρα.

525 2628 606 2684 Ι“’.
637 2629 862 2684 Τούτων
895 2627 1037 2682 οὕτω
1081 2628 1443 2699 τελουμένων,
1468 2630 1604 2699 γυνή
1648 2643 1734 2692 τις
1766 2627 2015 2697 εὐσεϐὴς,

435 2721 536 2791 τὴν
590 2720 786 2790 κλῆσιν
832 2718 1185 2791 Αἱκατερίνα,
1247 2718 1345 2772 νέα
1366 2720 1467 2789 τὴν
1499 2718 1735 2789 ἡλικίαν,
1764 2716 1863 2788 τὴν
1894 2717 2020 2787 ὄψιν

437 2813 793 2881 περικαλλὴς,
821 2814 889 2865 ἐκ
941 2810 1222 2880 βασιλικοῦ
1254 2810 1448 2879 γένους
1465 2810 1812 2881 προηγμένη,
1835 2810 2020 2862 πᾶσαν

438 2904 744 2957 ἐπελθοῦσα
777 2904 1020 2976 γραφὴν,
1061 2903 1164 2973 τὴν
1203 2901 1310 2969 ἔξω
1352 2918 1414 2955 τε
1448 2903 1544 2956 καὶ
1572 2901 1674 2972 τὴν
1700 2901 1823 2954 καθ’
1845 2900 2016 2972 ἡμᾶς,

2107 421 2351 477 tudinem
2380 432 2529 479 metu
2560 423 2833 479 minarum
2859 442 2875 478 :
2905 440 3141 497 quorum
3173 427 3266 483 alii
3306 429 3531 499 quidem
3575 429 3679 486 ad-

2102 512 2377 569 ducebant
2426 529 2559 570 oves
2599 524 2656 571 et
2686 515 2889 584 boves;
2937 517 3028 573 alii
3079 526 3261 574 autem
3291 521 3442 575 varia
3472 537 3671 592 genera

2102 604 2306 659 avium.
2345 602 2531 675 Neque
2556 614 2672 662 erat
2706 608 2850 665 ullus
2880 610 3161 675 immunis,
3190 612 3460 668 sederant
3480 626 3674 669 omnes

2105 696 2298 750 intenti
2326 697 2381 751 in
2417 709 2681 768 apparatu
2719 700 2997 757 sacriﬁcii.
3030 702 3165 757 Nam
3199 703 3295 773 qui
3326 712 3483 759 erant
3512 702 3675 761 valde

2103 782 2324 849 divites.
2369 788 2729 843 constitutum
2765 798 2904 853 erat,
2950 799 3008 844 ut
3044 805 3238 862 magna
3272 792 3529 846 animalia
3560 791 3675 846 ad-

2103 875 2372 935 ducerent
2415 878 2482 933 ad
2529 878 2863 934 sacriﬁcium
2896 896 2912 936 :
2951 895 3118 951 parva
3163 890 3342 936 autem
3374 896 3676 953 pauperes,

2105 980 2272 1041 prout
2319 971 2619 1041 unicuique
2671 972 3038 1042 suppetebant
3084 972 3395 1036 facultates.
3442 982 3501 1029 et
3555 982 3683 1029 erat

2108 1063 2540 1136 uniuscujusque
2573 1065 2628 1120 in
2666 1064 2801 1121 deos
2843 1065 3247 1122 benevolentia.
3295 1065 3377 1120 Ad
3425 1065 3678 1136 magniﬁ-

2104 1158 2342 1213 centiam
2393 1168 2575 1213 autem
2618 1173 2713 1214 eos
2764 1159 2999 1213 maxime
3042 1157 3310 1213 incitabat
3354 1159 3676 1227 imperator,

2106 1250 2342 1305 aﬁ‘erens
2371 1250 2441 1304 ad
2478 1250 2894 1305 sacriﬁcandum
2930 1260 3152 1306 centum
3196 1259 3252 1305 et
3301 1250 3535 1321 triginta
3558 1257 3679 1304 tau-

2107 1356 2216 1397 ros.
2270 1341 2406 1397 Cum
2471 1356 2662 1398 omnes
2716 1358 2848 1411 ergo
2920 1342 2986 1397 ad
3062 1344 3239 1413 ipsum
3295 1341 3680 1397 convenissent

2108 1433 2514 1500 Alexandriam,
2555 1436 2711 1491 valde
2756 1436 2973 1491 laetatus
3010 1444 3115 1499 est,
3150 1434 3345 1491 videns
3376 1433 3681 1490 multitudi-

2109 1543 2233 1583 nem
2262 1528 2451 1599 populi
2480 1540 2535 1583 et
2565 1529 2980 1591 sacriﬁciorum,
3020 1528 3160 1583 adeo
3202 1537 3264 1583 ut
3298 1542 3399 1583 nec
3441 1527 3685 1581 alterum-

2111 1625 2325 1686 tempus
2354 1619 2704 1688 cxspectarit,
2739 1617 2835 1674 sed
2874 1619 3127 1689 protinus
3158 1617 3479 1681 surrexerit,
3510 1623 3566 1671 et
3604 1615 3682 1669 cio

2107 1708 2314 1765 tissime
2341 1711 2409 1766 ad
2440 1713 2702 1781 templum
2730 1712 3081 1783 processerit,
3111 1720 3167 1767 et
3190 1710 3367 1780 ipsum
3400 1705 3676 1779 peregerit

2105 1800 2459 1857 sacriﬁcium.
2505 1802 2639 1858 Cum
2668 1817 2736 1860 eo
2768 1814 2949 1860 autem
2990 1804 3249 1859 currebat
3296 1816 3457 1857 omne
3508 1814 3682 1871 genus

2107 1903 2163 1949 et
2188 1896 2367 1949 omnis
2390 1903 2540 1960 mtas,
2570 1907 2628 1952 ct
2668 1890 2961 1952 unive‘i‘sus
2994 1906 3238 1961 senatus,
3266 1903 3324 1950 et
3346 1908 3538 1949 omnes
3566 1906 3682 1946 ma-

2108 1985 2386 2055 gistratus,
2440 1986 2705 2057 plebsque
2753 1995 2810 2043 et
2866 1987 3060 2058 vulgus
3107 1986 3413 2049 hominum,
3461 2000 3582 2055 qua:
3613 1983 3679 2039 ad

2110 2078 2439 2134 sacriﬁcium
2502 2080 2889 2150 pertinebant',
2940 2079 3322 2150 unusquisque
3372 2077 3613 2133 aﬁ‘erens
3666 2092 3680 2129 :

2112 2171 2251 2225 adeo
2280 2180 2339 2226 ut
2362 2181 2587 2241 propter
2628 2171 3039 2228 multitudinem
3070 2186 3287 2234 eorum,
3319 2156 3417 2240 qui
3443 2166 3687 2224 conﬁne-

2113 2263 2265 2325 bant,
2317 2274 2544 2334 angusta
2592 2275 2738 2321 esset
2779 2267 2895 2336 ipsa
2939 2265 3155 2329 civitas,
3214 2272 3507 2332 angustum
3545 2269 3687 2315 tem-

2114 2357 2266 2429 plum
2309 2373 2325 2412 :
2370 2357 2609 2414 clamore
2657 2373 2791 2415 vero
2831 2359 3122 2414 brutorum
3166 2355 3530 2411 animantium
3580 2352 3691 2408 cir-

2114 2458 2468 2504 cumsonaret
2495 2457 2605 2505 tota
2652 2451 2801 2520 regio
2841 2447 3239 2504 circumcirca:
3269 2446 3465 2501 nidore
3503 2456 3686 2500 autem

2113 2537 2510 2594 sacriﬁciorum
2545 2539 2659 2610 ipse
2693 2554 2913 2609 quoque
2940 2553 3033 2593 aer
3067 2538 3412 2593 intlceretur.

2188 2631 2279 2686 Ill.
2305 2631 2442 2686 Cum
2475 2632 2593 2686 haec
2617 2631 2699 2686 sic
2732 2631 2947 2695 ﬁerent,
2976 2628 3176 2684 mulier
3200 2628 3447 2698 quaedam
3481 2626 3568 2696 pia
3591 2638 3690 2679 no-

2120 2721 2266 2775 mine
2322 2720 2656 2788 Aicatarina,
2711 2728 2868 2775 aetate
2915 2719 3155 2791 juvenis,
3206 2718 3439 2789 pulchra
3484 2717 3689 2786 specie.

2120 2825 2242 2882 qua!
2288 2825 2462 2881 genus
2521 2808 2761 2864 ducebat
2811 2823 2879 2864 ex
2932 2809 3197 2878 sanguine
3259 2807 3432 2877 regio,
3468 2820 3688 2862 omnem

2122 2911 2305 2957 autem
2348 2909 2405 2957 et
2437 2910 2719 2956 externam
2753 2909 2811 2955 et
2848 2908 3090 2955 nostram
3125 2898 3463 2968 scripturam
3504 2897 3691 2968 perle-

437 2997 542 3050 ὑπὸ
600 2998 825 3060 πολλαῖς
887 2995 1272 3067 θεραπαινίσιν
1312 2996 1392 3058 είς
1444 2994 1546 3065 τὴν
1610 2993 2016 3065 ’Δλεξάνδρειαν

2123 3000 2295 3063 gerat,
2326 2992 2514 3047 multis
2539 2990 2752 3045 ancillis
2786 2989 3047 3044 comitata
3071 2988 3303 3060 degebat
3322 2987 3691 3050 Alexandriae,

437 3088 699 3157 διάγουσα
714 3084 803 3160 ἦν,
822 3089 879 3141 ὲν
909 3087 1080 3150 οἴκοις
1103 3086 1250 3141 οὕτω
1279 3086 1586 3156 βασιλικοῖς
1618 3087 2018 3158 ταμιευομένη,

441 3179 676 3250 Χριστδν
732 3179 896 3248 μόνον
942 3179 1118 3233 εἰδυῖα
1163 3179 1402 3249 νυμφίον
1426 3217 1443 3245 ,
1481 3180 1576 3231 καὶ
1607 3178 1687 3243 τῷ
1716 3178 1817 3248 τῆς
1844 3178 2023 3249 ψυχῆς

441 3272 591 3340 αὐτῷ
631 3271 833 3334 κάλλος
881 3270 1148 3341 τηροῦσα,
1198 3271 1294 3324 καὶ
1347 3270 1496 3340 μόνῳ
1540 3271 1634 3324 τὸν
1683 3270 1870 3341 ἔρωτα
1918 3270 2023 3341 τῆς

444 3366 679 3435 καρδίας
710 3364 1050 3418 άνάπτουσα.
1102 3362 1254 3433 Αὕτη
1298 3361 1691 3432 χαλεπώτατον
1724 3362 1869 3416 οῦτω
1897 3361 2023 3423 τοὺς

443 3456 769 3524 ἀνθρώπους
809 3456 1072 3523 ναυάγιον
1131 3455 1532 3525 ὑπομένοντας,
1590 3456 1684 3508 καὶ
1736 3458 1866 3526 περὶ
1914 3454 2025 3509 τῶν

446 3547 692 3616 ἐσχάτων
748 3546 1167 3608 κινδυνεύοντας
1221 3545 1317 3599 καὶ
1362 3543 1773 3615 άπολλυμόνους
1812 3544 2024 3614 ὁρῶσα,

445 3639 541 3692 καὶ
569 3640 759 3701 δεινῶς
795 3640 892 3709 τὴν
921 3637 1098 3708 ψυχὴν
1122 3636 1374 3690 παθοῦσα
1404 3637 1499 3691 καὶ
1527 3637 1669 3709 ὑπὲρ
1689 3637 1785 3689 τοῦ
1821 3634 2027 3688 Δεσπό-

444 3750 540 3783 του
577 3729 878 3800 ζηλώσασα
904 3769 920 3795 ,
953 3730 1077 3783 τότε
1115 3729 1360 3800 μάλιστα
1390 3729 1483 3782 τὸν
1514 3728 1602 3781 ἐπ’
1644 3727 1810 3783 αὐτὸν
1859 3728 2024 3781 πόθον

450 3825 543 3877 καὶ
572 3825 667 3877 τὸν
702 3824 845 3895 ὑπὲρ
877 3825 976 3895 τῆς
1008 3825 1248 3888 πίστεως
1277 3822 1419 3892 ἔγνω
1449 3821 1614 3891 ζῆλον
1647 3822 1881 3893 φανερὸν
1919 3839 2024 3877 κα-

449 3919 831 3988 ταστήσασθαι
860 3918 956 3971 καὶ
992 3915 1389 3988 παραλαϐοῦσα
1418 3915 1597 3978 ἐνίους
1620 3915 1732 3968 τῶν
1754 3914 2023 3983 θεραπόν-

450 4026 583 4074 των,
617 4009 822 4072 εύθὲως
854 4007 1052 4078 ἐχώρει
1085 4009 1222 4079 πρὸς
1251 4008 1344 4060 τὸν
1374 4008 1501 4062 ναὸν
1525 4044 1541 4071 ,
1578 4007 1639 4060 ιν
1672 3999 1716 4074 ᾧ
1740 4006 1801 4059 τὸ
1824 4007 2026 4077 πλῆθος

453 4104 593 4170 μετὰ
648 4099 743 4154 τοῦ
802 4100 1067 4169 βασιλέως
1105 4098 1453 4163 θυσιάζοντες
1496 4094 1659 4169 ἦσαν,
1706 4102 1799 4151 καὶ
1853 4101 2027 4152 στᾶσα

450 4193 588 4262 πρὸς
627 4194 692 4262 τῇ
727 4191 878 4263 φλιᾷ,
914 4185 1062 4243 εἷλκε
1096 4191 1193 4260 μὲν
1218 4189 1317 4253 τάς
1346 4190 1456 4244 τῶν
1484 4190 1663 4245 ἄλλων
1695 4188 1847 4257 δψεις
1887 4188 2026 4259 πρὸς

453 4281 654 4350 ἔλυτὴν
682 4280 879 4343 κάλλος
908 4282 1189 4350 ἀμήχανον
1219 4274 1375 4345 οὖσα,
1406 4279 1500 4333 καὶ
1528 4277 1627 4349 τὴν
1652 4278 1800 4332 ινδον
1827 4279 2027 4349 ὡραιό-

2121 3093 2180 3139 et
2226 3083 2307 3138 sic
2360 3082 2743 3137 asservabatur
2801 3082 2859 3137 in
2915 3081 3122 3136 aedibus
3176 3079 3365 3151 regiis,
3416 3088 3474 3134 et
3517 3076 3692 3133 solum

2120 3174 2400 3231 Christum
2445 3182 2605 3229 norat
2654 3188 2936 3243 sponsum,
2973 3180 3033 3228 et
3083 3171 3135 3227 ei
3190 3172 3387 3226 anima
3437 3167 3698 3225 servabat

2123 3267 2609 3338 pulchritudinem,
2655 3275 2713 3321 et
2758 3265 2814 3320 in
2869 3279 2998 3320 eum
3046 3263 3224 3319 solum
3270 3269 3390 3318 erat
3433 3275 3532 3317 cor
3575 3259 3695 3330 eius

2124 3376 2310 3416 amore
2357 3360 2772 3415 inﬂammatum.
2803 3357 2929 3413 Haec
2952 3357 3032 3414 sic
3061 3355 3254 3411 videns
3287 3353 3543 3408 homines
3567 3365 3697 3421 gra-

2122 3450 2408 3505 vissimum
2459 3446 2647 3503 subire
2677 3445 3045 3517 naufragium,
3096 3452 3154 3498 et
3186 3440 3376 3497 venire
3414 3439 3471 3493 in
3511 3446 3698 3492 extre-

2125 3554 2275 3595 mum
2319 3539 2574 3594 interitus
2605 3535 2939 3607 periculum,
2972 3532 3156 3588 animo
3201 3529 3443 3600 graviter
3475 3527 3695 3590 aﬁ‘ecta,

2122 3639 2182 3686 et
2211 3645 2312 3701 pro
2350 3629 2581 3683 Domino
2612 3625 2965 3681 aemulatione
3000 3636 3066 3677 ac
3115 3620 3236 3676 zelo
3275 3618 3525 3681 incitata,
3564 3625 3699 3671 tunc

2125 3722 2361 3778 maxime
2381 3721 2576 3775 statuit
2597 3732 2756 3774 suum
2786 3715 3080 3771 ostendere
3127 3711 3488 3773 desiderium,
3520 3716 3578 3763 et
3607 3724 3697 3761 ar-

2128 3816 2350 3872 dentem
2385 3827 2486 3885 pro
2517 3811 2624 3866 ﬁde
2658 3811 2835 3866 zelum
2872 3824 2887 3863 :
2923 3816 3136 3862 etcum
3175 3802 3475 3858 nonnullos
3508 3815 3697 3856 secum

2128 3908 2435 3979 accepisset
2479 3904 2733 3969 famulos,
2765 3901 3018 3972 protinus
3061 3898 3302 3969 profecta
3342 3904 3431 3949 est
3460 3893 3518 3948 in
3560 3900 3698 3947 teta-

2125 4002 2278 4072 plum
2300 4041 2315 4066 ,
2349 4000 2406 4054 in
2436 4012 2548 4068 quo
2576 4003 2697 4051 erat
2720 3991 3015 4049 multitudo
3043 4005 3171 4045 cum
3203 4002 3330 4058 rege
3356 3984 3696 4050 sacriﬁcans,

2126 4102 2185 4147 et
2204 4101 2356 4147 stans
2389 4091 2444 4145 in
2475 4088 2684 4150 limine.
2711 4084 2942 4139 aliorum
2972 4080 3198 4152 quidem
3225 4078 3411 4132 vultus
3431 4076 3498 4132 ad
3523 4090 3583 4131 se
3621 4086 3702 4130 at-

2129 4184 2400 4246 trabebat,
2450 4190 2512 4236 ut
2556 4194 2679 4249 quae
2722 4175 2920 4247 insigni
2973 4181 3119 4230 esset
3165 4168 3602 4242 pulchritudine,
3648 4175 3706 4222 ot

2133 4280 2401 4334 internam
2437 4274 2676 4344 speciem
2724 4268 3050 4326 ostendebat
3086 4281 3186 4337 per
3212 4274 3520 4320 externam.
3564 4261 3703 4317 Sen-

450 4387 588 4439 τητα
609 4344 707 4423 διὰ
743 4369 847 4439 τῆς
885 4344 1060 4434 ἐκτὸς-
1078 4369 1359 4440 μηνύουσα
1385 4344 1595 4441 ίίσςιιεως.⁷
1629 4369 1841 4442 Ἦρέμα
1961 4370 2016 4425 τὰ

2130 4372 2233 4427 sim
2265 4379 2446 4424 autem
2474 4381 2574 4422 sua
2610 4364 2813 4419 munda
2846 4361 2998 4417 labra
3033 4359 3307 4430 aperiens,
3352 4355 3491 4411 dixit
3519 4370 3577 4410 se
3610 4363 3706 4409 na-

452 4461 673 4531 καθαρὰ
726 4461 882 4532 χείλη
936 4462 1193 4531 διάρασα,
1250 4460 1395 4531 ἔχειν
1434 4477 1487 4513 τι
1526 4460 1637 4515 τῶν
1681 4461 2028 4530 ἀναγκαίων,

451 4550 921 4623 ἔφη,λαλῆσαιτῷ
953 4551 1185 4622 βασιλεῖ.
1216 4553 1281 4605 Oi
1300 4551 1483 4605 τοίνυν
1502 4552 1597 4605 ἐπὶ
1623 4551 2023 4622 τῶνςάγγελιῶν

449 4644 779 4710 τεταγμένοι
794 4642 1290 4713 προσαγγέλλουσιν
1311 4643 1379 4695 αὑ
1390 4642 1460 4715 τῷ
1483 4643 1552 4697 τὰ
1568 4643 1696 4713 περὶ
1710 4644 1809 4714 τῆς
1826 4642 2033 4714 παρθέ-

452 4750 574 4788 νου.
622 4735 903 4787 Κάκείνου
928 4734 1355 4806 προστάξαντος,
1372 4733 1574 4799 εὐθέως
1592 4736 1896 4804 εἰσάγεται,
1925 4738 2026 4789 καὶ

456 4826 631 4878 στᾶσα
654 4826 762 4896 πρὸ
775 4825 876 4896 τῆς
908 4824 1157 4888 άναιδοῦς
1174 4826 1351 4897 ὅψεως
1371 4826 1468 4879 τοῦ
1483 4827 1775 4897 τυράννου,
1792 4826 1873 4879 ἐτι
1904 4826 2033 4889 περὶ

453 4919 560 4988 τὴν
575 4918 992 4971 θυσίανέκείνου
1017 4917 1391 4989 σχολάζοντος,
1431 4917 1661 4972 τοιαῦτα
1686 4917 1823 4988 πρὸς
1867 4917 2036 4972 αὑτὸν

458 5010 742 5080 σταθερῶς
798 5010 943 5063 πάνυ
990 5009 1088 5061 καὶ
1133 5006 1459 5078 ἐλευθερίως
1527 5007 1832 5076 ἐφθέγγετο
1870 5021 1887 5039 ο

531 5100 602 5151 Δ¹.
657 5096 860 5167 Ἐχρῆν
896 5096 997 5165 μέν
1027 5111 1087 5148 τε
1121 5097 1219 5148 καὶ
1247 5094 1467 5148 οἱκοθεν
1498 5095 1736 5148 συνιδεῖν
1767 5093 1865 5164 τὴν
1891 5093 2038 5149 άπά-

454 5209 581 5262 την,
610 5185 657 5245 ὦ
690 5190 942 5263 βασιλεῦ,
987 5191 1073 5245 ὅτι
1126 5191 1388 5261 φθαρτῶν
1432 5188 1744 5260 ἀνθρώπων
1794 5188 2037 5252 εἰδώλοις

457 5276 551 5336 οἷα
599 5284 747 5347 θεοῖς
809 5284 1027 5345 θυσίαις
1084 5283 1376 5348 ἐπιτελεῖς,
1424 5282 1521 5334 καὶ
1577 5279 1678 5350 τὴν
1712 5278 2038 5349 Ἑλληνικὴν

458 5373 668 5444 ταύτην
716 5374 936 5445 μωρίαν
968 5372 1067 5428 καὶ
1113 5372 1379 5444 αίσχύνην
1421 5370 1720 5425 ἀποσαλεῐν
1753 5385 1769 5402 θ
1818 5371 1942 5423 ἐπεὶ
1980 5370 2038 5421 δὲ

464 5465 639 5535 σκαιῷ
682 5466 1003 5536 πειθόμενος
1035 5465 1281 5535 δαίμονι,
1308 5463 1443 5535 πρὸς
1473 5463 1618 5517 οὓτω
1662 5461 1906 5531 φανεράν
1945 5477 2040 5513 τυ-

464 5557 729 5623 φλώττεις
777 5556 1066 5629 ἀλήθειαν,
1123 5557 1233 5612 seu
1292 5554 1511 5619 πάντως
1559 5554 1688 5623 κᾶν,
1747 5554 1830 5625 τῷ
1891 5552 2033 5625 παρ’

480 5651 627 5720 υμῶν
655 5652 805 5723 σοφῷ
834 5651 1087 5724 Διοδώρῳ
1133 5650 1444 5719 πεισθέντα,
1481 5649 1687 5720 γνῶναι
1725 5650 1848 5712 τοῦς
1885 5647 2016 5717 ὑμε-

2134 4465 2268 4519 bere
2328 4458 2700 4514 necessarium
2745 4452 2975 4525 aliquid,
3016 4452 3163 4522 quod
3216 4451 3429 4505 diceret
3476 4448 3708 4518 impera-

2135 4555 2260 4610 tori.
2319 4552 2423 4619 Qui
2477 4552 2660 4621 itaque
2729 4546 2941 4603 nuntiis
3007 4543 3312 4599 referendis
3382 4552 3700 4611 praeerant,

2134 4644 2449 4717 imperatori
2494 4642 2563 4697 de
2628 4639 2838 4710 virgine
2891 4636 3240 4692 aununtiant.
3308 4631 3556 4701 Cumque
3615 4631 3706 4685 ille

2127 4734 2402 4808 iussisset,
2445 4731 2629 4787 statim
2679 4727 3069 4784 introducitur.
3117 4723 3251 4789 Quae
3286 4736 3412 4777 cum
3465 4718 3705 4775 stetisset

2130 4846 2313 4886 coram
2348 4823 2649 4897 impudenti
2682 4831 2930 4893 tyranno,
2977 4832 3102 4873 cum
3143 4816 3235 4871 ille
3282 4813 3464 4869 adhuc
3490 4820 3708 4867 vacaret

2131 4919 2422 4987 sacriﬁcio,
2443 4922 2758 4973 constanter
2786 4911 3032 4982 etzlibere
3065 4909 3145 4963 sic
3171 4906 3227 4963 ei
3258 4914 3344 4962 est
3372 4906 3590 4961 locuta:

2205 5094 2293 5149 ιν.
2338 5089 2637 5161 Oportebat
2666 5086 2911 5159 quidem,
2958 5100 2995 5139 ο
3048 5074 3366 5153 imperator,
3423 5090 3477 5137 te
3523 5095 3589 5135 ex
3621 5088 3705 5134 te-

2134 5190 2252 5261 ipso
2284 5195 2429 5240 tuam
2459 5183 2646 5238 videre
2682 5179 3088 5251 deccptionem,
3117 5174 3264 5247 quod
3295 5175 3598 5235 hominum,
3644 5173 3699 5226 in

2135 5296 2273 5352 quos
2325 5277 2471 5334 cadit
2520 5276 2806 5336 interitus,
2867 5269 3215 5329 simulacris.
3278 5276 3535 5337 tanquam
3600 5264 3709 5318 diis

2134 5372 2317 5436 oll‘ers,
2346 5366 2634 5429 sacriﬁcia,
2663 5373 2718 5419 et
2743 5363 3001 5431 gentileul
3045 5361 3188 5416 hanc
3210 5357 3499 5414 stultitiam
3527 5366 3583 5412 et
3612 5355 3709 5411 de-

2136 5462 2306 5518 decus
2349 5459 2610 5529 abjicere.
2663 5454 2932 5520 Quoniam
2987 5461 3173 5508 autem
3225 5452 3450 5506 sinistro
3507 5461 3708 5519 parens

2138 5550 2394 5615 dmmoni,
2443 5549 2510 5604 ad
2562 5546 2700 5602 adeo
2749 5544 3090 5600 manilestatn
3140 5543 3362 5599 cmcutis
3396 5542 3714 5600 veritatem.

2140 5651 2422 5716 Oportcret
2474 5639 2698 5696 omnino
2745 5637 2975 5707 sapienti
3036 5638 3250 5704 saltem,
3295 5635 3391 5705 qui
3437 5643 3519 5687 est
3567 5628 3717 5702 apud
