4080 6374
260 1868 277 1888 ⁸
351 1864 656 1919 honorasse
694 1864 892 1919 statuis
924 1878 987 1918 ac
1015 1864 1346 1919 simulacris.
1388 1863 1490 1931 Qui
1523 1874 1705 1919 autem
1739 1866 1911 1935 majo-

356 182 465 244 279
1599 181 1886 243 MENSIS
1926 180 2365 249 NOVEMBER.
3501 193 3612 257 280

354 314 475 361 νοε,
509 295 749 351 Diodoro
786 294 1123 361 credentem,
1162 307 1492 364 cognoscere
1521 294 1780 362 quidnam
1813 293 1921 349 sint

2031 296 2217 368 τέρους
2248 298 2403 363 θεοὺς
2438 299 2576 371 ὅπερ
2635 301 2743 356 cici
2801 302 2896 358 καὶ
2968 303 3044 375 μὴ
3099 304 3286 370 ἀπλῶς
3335 303 3483 360 οὕτω
3517 308 3616 362 καὶ

354 392 524 447 vestri
569 390 666 453 dii,
702 398 759 446 et
792 406 901 445 non
932 399 1040 445 tam
1083 387 1509 451 inconsiderate,
1539 403 1663 457 quae
1690 403 1798 441 non
1830 386 1921 442 de-

2033 389 2372 459 ἀλλογίστως
2420 392 2649 447 τοιαῦτά
2698 412 2760 449 τε
2812 396 3151 465 ἀσχημονεῖν
3209 394 3430 451 ἑλέσθαι
3452 436 3469 455 .
3522 396 3617 450 καὶ

354 493 499 541 cent.
532 484 670 538 velle
714 481 918 544 facere;
959 489 1016 535 et
1061 494 1171 533 non
1223 478 1356 534 deos
1405 488 1597 549 putare
1638 480 1921 535 simulacra

2037 483 2196 550 θεοὺς
2252 486 2519 556 νομίζειν,
2582 487 2829 551 ἐλεεινῶς
2884 488 2976 541 τὸν
3025 488 3141 557 βίον
3189 488 3619 545 καταλυσάντων

356 575 664 639 hominum,
711 573 803 642 qui
866 571 1032 627 vitam
1071 570 1267 625 misere
1309 570 1591 626 (inierunt.
1648 570 1743 625 llle
1784 572 1921 626 enim

2034 576 2345 648 ἀνθρώπων
2376 578 2592 632 εἴδωλα.
2628 578 2766 647 Φησὶ
2801 579 2911 648 γὰρ
2950 580 3178 645 ἐκεῖνος,
3211 579 3532 650 ἀνθρώπους
3555 600 3614 636 τε

354 665 488 721 dicit
540 674 596 720 et
643 662 777 718 deos
837 661 1003 717 fuisse
1056 661 1329 729 homines,
1384 672 1439 717 et
1478 672 1702 733 propter
1751 663 1921 732 aliqua

2035 669 2163 732 τοὺς
2216 669 2374 728 θεοὺς
2410 666 2554 723 εἶναι
2615 670 2790 737 λέγων
2821 672 2913 724 καὶ
2961 670 3032 723 δι’
3078 671 3402 740 εὐεργεσίας
3461 672 3615 737 τινάς

354 757 621 814 beneﬁcia
685 754 1000 811 nominatos
1060 754 1229 810 fuisse
1295 754 1649 810 immortales.
1731 754 1921 810 Scribi!

2034 759 2338 824 ἀθανάτους
2404 761 2807 832 ὀνομασθῆναι.
2879 764 3109 833 Ἱστορεῖ
3173 763 3230 817 δὲ
3287 764 3384 819 καὶ
3449 764 3614 830 ἰδίαις

352 862 537 907 autem
587 850 733 919 ipsos
779 863 999 919 quoque
1039 846 1306 903 habuisse
1355 848 1605 918 praprias
1647 848 1921 903 nominum

2041 850 2240 914 αὐτοὺς
2317 851 2601 924 ὀνομάτων
2647 854 2944 923 ἐσχηκέναι
3022 853 3444 925 προσηγορίας,
3517 853 3614 909 καί

354 944 771 1014 appellationes,
803 947 860 997 et
893 941 1193 1013 imperasse
1234 941 1562 1011 quibusdam
1598 941 1921 1012 regionibus

2034 955 2197 992 τινων
2246 940 2409 1009 ἄρξαι
2463 942 2661 1013 χωρῶν
2719 961 2777 996 τε
2833 944 2930 997 καὶ
2979 945 3206 998 πόλεων.
3272 945 3494 1017 Ἀγνοίᾳ
3555 945 3615 999 δὲ

355 1044 411 1090 et
440 1034 779 1090 civitatibus.
810 1032 951 1089 Dicit
977 1048 1108 1088 vero
1130 1032 1384 1089 homines
1416 1032 1679 1103 deceptos
1714 1034 1921 1105 ignora.

2037 1032 2414 1104 πλανηθέντας
2450 1036 2586 1104 φησὶ
2612 1037 2739 1099 τοὺς
2777 1036 3104 1106 ἀνθρώπους
3134 1036 3291 1101 θεούς
3317 1054 3379 1092 τε
3416 1038 3617 1103 αὐτοὺς

356 1127 525 1191 tione,
575 1141 672 1182 eos
706 1140 932 1182 vocasse
970 1125 1124 1189 deos,
1168 1133 1225 1179 et
1259 1125 1513 1181 retulisse
1544 1125 1599 1179 in
1636 1141 1921 1181 numerum

2035 1124 2265 1179 καλέσαι
2315 1125 2409 1179 καὶ
2463 1128 2769 1191 ἀθανασίας
2814 1130 3134 1199 περιϐαλεῖν
3159 1128 3457 1198 ἀξιώματι.
3505 1132 3618 1185 Καὶ

354 1218 766 1273 immortalium.
813 1217 986 1274 Porro
1040 1226 1223 1273 autem
1274 1218 1415 1272 alius
1447 1233 1667 1287 quoque
1713 1218 1921 1288 sapiens

2035 1217 2197 1283 ἀλλος
2229 1218 2286 1273 δὲ
2322 1220 2489 1289 σοφὸς
2518 1221 2648 1292 παρ’
2677 1222 2812 1291 ύμῖν
2846 1221 3011 1277 πάλιν
3046 1221 3157 1276 τῶν
3196 1223 3443 1293 ἱστορίαν
3474 1239 3614 1293 γραο

352 1311 499 1380 apud
539 1326 637 1365 vos
665 1326 734 1366 ex
760 1310 847 1377 iis,
880 1310 974 1381 qui
1001 1312 1447 1380 conscripserunt
1478 1310 1753 1373 historias,
1782 1309 1921 1364 dixit

2033 1310 2255 1381 φάντων
2287 1312 2379 1366 τὸν
2419 1313 2627 1384 Σεροὺχ
2675 1316 2888 1368 ἐκεῖνον
2925 1315 3097 1384 ἔφησε
3143 1314 3369 1385 πρῶτον
3406 1315 3476 1368 τὰ
3516 1316 3613 1369 τοῦ

353 1404 517 1458 illum
580 1402 806 1459 Sarrum
861 1401 1135 1458 invenisse
1188 1403 1425 1472 primum
1485 1416 1575 1457 res
1624 1402 1921 1471 gentilium.

2047 1404 2405 1475 Ἑλληνισμοῦ
2463 1406 2726 1475 ἐξευρεῖν.
2784 1408 2926 1471 Τοὺς
2990 1408 3100 1479 γὰρ
3154 1408 3216 1460 ὲν
3271 1410 3388 1471 τοῖς
3443 1409 3615 1462 πάλαι

357 1494 464 1549 Eos
520 1494 685 1560 rnim,
738 1494 831 1563 qui
897 1493 1093 1564 priscis
1150 1494 1511 1564 temporibus.
1573 1504 1668 1548 aut
1718 1494 1921 1550 fortitu-

2035 1496 2249 1567 χρόνοις
2307 1497 2341 1569 ἢ
2412 1498 2641 1569 ἀνδρίας
2701 1499 2735 1571 ἢ
2796 1499 3006 1567 φιλίας,
3040 1500 3172 1554 ἐἴτε
3226 1501 3370 1561 τινὸς
3420 1500 3615 1569 ἑτέρας

352 1587 518 1652 diuis,
570 1595 667 1642 aut
705 1586 979 1651 amicitia,
1010 1596 1101 1643 aut
1149 1587 1379 1659 alicujus
1433 1588 1659 1643 alterius
1710 1588 1921 1643 virtutis

2035 1589 2238 1661 ἀρετῆς
2276 1590 2440 1660 ἔργον
2480 1593 2703 1662 μνήμης
2741 1591 2895 1657 ἀξιον
2929 1594 3027 1645 καὶ
3063 1591 3306 1661 σπουδῆς
3342 1592 3616 1658 ἐπιδειξα-

348 1696 534 1749 upus,
589 1680 816 1752 dignum
872 1680 1019 1751 quod
1084 1681 1361 1736 memoria:
1438 1680 1774 1740 mandetur.
1830 1690 1921 1736 aul

2036 1682 2234 1752 μένους
2265 1681 2514 1753 ἀνδριᾶσι
2545 1682 2762 1751 λέγεται
2796 1685 2891 1736 καὶ
2923 1682 3147 1752 στήλαις
3168 1681 3421 1751 τιμῆσαι.
3463 1683 3528 1736 Oi
3556 1683 3615 1736 δὲ

353 1772 408 1827 in
443 1770 588 1842 quod
633 1772 878 1827 studium
914 1771 1248 1838 conferatur,
1293 1773 1679 1837 ostenderunt,
1726 1773 1921 1828 dicitur

2039 1773 2181 1843 μετά
2208 1772 2383 1828 ταῦτα
2405 1814 2419 1837 ,
2452 1773 2550 1844 τὴν
2577 1775 2686 1827 τῶν
2719 1768 3005 1844 προγόνων
3045 1773 3417 1845 ἀγνοήσαντες
3461 1773 3611 1842 γνὼ-

2035 1880 2165 1935 μην,
2223 1865 2319 1919 καὶ
2384 1865 2469 1918 ὅτι
2521 1866 2747 1934 μνήμης
2799 1865 2966 1919 ἕνεκα
3024 1864 3187 1935 μόνον
3244 1864 3487 1928 αὐτοὺς,
3525 1865 3605 1928 ὡς

356 1966 480 2005 rum
520 1958 759 2006 mentem
807 1951 1129 2021 ignorarunt
1164 1950 1395 2021 posteri,
1443 1949 1590 2019 quod
1630 1965 1725 2005 eos
1752 1950 1921 2005 solum

2031 1952 2319 2007 ἐπαινετόν
2356 1971 2408 2006 τι
2438 1955 2674 2022 πρᾶγμα
2725 1952 3120 2023 πεποιηκότας,
3171 1953 3465 2023 ἐτίμησαν,
3518 1952 3615 2006 καὶ

351 2044 629 2099 memoriae
680 2042 876 2113 gratia,
920 2050 981 2097 ut
1029 2041 1123 2113 qui
1176 2058 1291 2098 rem
1324 2042 1566 2113 aliquam
1594 2043 1921 2098 laudabilem

2031 2043 2359 2113 ἀνδριάντας
2398 2045 2585 2105 αὐτοῖς
2624 2045 2719 2097 καὶ
2755 2044 2961 2112 στήλας
2991 2043 3329 2113 ἀνέστησαν,
3360 2043 3436 2106 ὡς
3478 2042 3614 2096 ἀθα-

347 2136 596 2193 fecerant
649 2136 1038 2202 honorassent,
1091 2136 1282 2206 eisque
1327 2135 1593 2207 imagines
1636 2144 1692 2191 et
1719 2146 1921 2192 statuas

2031 2134 2218 2197 νάτοις
2284 2132 2428 2197 θεοῖς
2493 2136 2609 2200 τοῖς
2667 2132 3063 2203 δμοιοπαθὲσιν
3122 2131 3437 2206 ἀνθρώποις
3518 2131 3615 2186 καὶ⁵

353 2230 688 2297 posuissent,
715 2230 783 2284 ad
816 2229 1081 2286 homines
1116 2230 1362 2286 interitui
1393 2238 1447 2285 et
1478 2229 1702 2285 omnino
1731 2228 1931 2283 simili-

347 2323 453 2377 hus
481 2322 748 2377 obnoxios
789 2322 1178 2377 aﬁ‘ectionihus
1223 2332 1577 2377 accesserunt
1610 2341 1624 2376 :
1668 2331 1725 2375 et
1760 2330 1820 2375 ut
1849 2320 1931 2376 eis

242 2412 248 2418 ’
346 2416 544 2468 ﬁerent
573 2413 864 2476 sacrilicia,
910 2412 1263 2483 honoresque
1292 2412 1657 2475 haberentur,
1704 2421 1760 2465 et
1809 2411 1964 2476 dies.

347 2503 468 2558 festi
508 2505 942 2568 celebrarentur,
977 2503 1362 2572 protiderunt.
1405 2503 1512 2557 Eos
1564 2511 1742 2557 \ester
1791 2516 1932 2572 quo-

346 2610 454 2663 que
491 2595 711 2664 sipiens
739 2596 1075 2651 Plutarchus
1123 2595 1462 2651 Cheronazus
1502 2595 1707 2665 arguit,
1736 2595 1926 2650 dicens

344 2702 442 2742 eos
471 2687 732 2743 inducere
773 2704 1019 2744 errorem
1060 2687 1382 2758 imaginum,
1442 2687 1651 2757 quibus
1705 2693 1925 2756 oportet

347 2786 402 2830 te
436 2792 654 2846 quoque
686 2794 748 2831 cr
782 2776 937 2844 dere,
965 2794 998 2833 o
1034 2780 1358 2849 imperator.
1392 2778 1514 2834 Non
1550 2780 1698 2834 enim
1728 2776 1927 2833 alienis

346 2868 589 2933 omnino,
627 2870 720 2924 seJ
756 2870 863 2926 tuis
905 2870 1128 2932 credes.
1168 2878 1225 2925 et
1258 2885 1363 2925 non
1396 2880 1506 2925 tam
1561 2871 1760 2925 multas
1804 2869 1928 2924 ani-

2031 2223 2299 2295 φθαρτοῖς
2361 2224 2816 2296 προσετέθησαν,
2869 2224 2966 2277 καὶ
3017 2223 3212 2286 θυσίας
3275 2224 3461 2285 αὐτοῖς
3518 2222 3615 2277 καὶ

2030 2316 2201 2385 τιμὰς
2235 2316 2332 2370 καὶ
2368 2316 2713 2387 πανηγύρεις
2743 2317 3138 2386 ἐπενοήσαντο.
3179 2314 3405 2377 Τούτοις
3427 2314 3483 2367 δὲ
3519 2314 3615 2367 καὶ

2029 2411 2057 2463 ὁ
2090 2409 2254 2480 σοφὸς
2282 2408 2438 2478 ὑμῶν
2466 2409 2819 2480 Πλούταρχος
2851 2409 2879 2461 ὁ
2926 2408 3251 2480 Χαιρωνεύς
3296 2405 3614 2476 ἐπιμέμφεσ

2028 2521 2143 2570 ται,
2180 2503 2394 2572 πλάνην
2425 2501 2760 2571 ἀγαλμάτων
2788 2500 2989 2563 αὐτοὺς
3020 2499 3384 2572 παρεισάγειν
3415 2498 3611 2565 λέγων,

2026 2590 2109 2659 οἷς
2144 2595 2252 2666 χρὴ
2284 2592 2583 2663 πεισθῆναι
2622 2593 2717 2646 καὶ
2750 2592 2830 2654 σὲ,
2864 2588 3123 2663 βασιλεῦ,
3155 2590 3273 2646 Οὐκ
3312 2589 3617 2659 ἀλλοτρίοις

2030 2686 2140 2758 γὰρ
2180 2686 2423 2752 πάντως,
2472 2683 2613 2738 ἀλλά
2659 2686 2773 2747 τοῖς
2826 2683 3049 2746 οἰκείοις
3095 2681 3475 2752 ὲπειθόμενος.
3517 2678 3615 2732 καὶ

2035 2777 2110 2849 μὴ
2140 2778 2321 2848 ψυχάς
2343 2775 2619 2838 τοσαύτας
2653 2777 2732 2834 είς
2773 2773 3006 2843 ἔσχατον
3034 2772 3308 2844 βάραθρον
3339 2769 3616 2832 ἀπωλείας

2027 2873 2311 2940 κατάγειν,
2361 2867 2436 2925 ὢν
2495 2869 2657 2934 αὐτὸς
2705 2870 2880 2939 δήπου
2931 2867 3032 2939 τὴν
3085 2868 3353 2932 κόλασιν,
3413 2862 3614 2924 ἀθλίως

348 2974 466 3014 neas
506 2959 770 3016 inducere
806 2962 859 3017 in
912 2970 1222 3019 extremum
1272 2959 1590 3017 barathrum
1642 2962 1920 3017 interitus.

2031 2965 2276 3035 ὑφέξεις,
2330 2964 2429 3016 καὶ
2477 2960 2702 3014 κόλασιν
2749 2958 3006 3011 οὐδέποτε
3037 2956 3336 3027 λήγουσαν,
3378 2952 3493 3007 ἀλλ’
3525 2952 3612 3005 ἀεὶ

347 3051 455 3106 l’ro
482 3052 683 3121 quibus
723 3052 838 3123 ipse
888 3054 1089 3109 misere
1133 3054 1254 3109 lues
1295 3069 1510 3123 poenas,
1561 3063 1619 3109 et
1652 3063 1919 3108 aeternum

347 3143 565 3199 subibis
632 3147 987 3215 supplicium,
1042 3146 1373 3216 gehennam,
1442 3147 1690 3215 inquam,
1759 3145 1919 3214 ignis,

346 3250 470 3301 quae
505 3252 786 3307 nunquam
810 3239 1036 3303 desinit,
1075 3239 1171 3293 sed
1214 3240 1477 3307 majorem
1504 3254 1724 3307 semper
1762 3238 1919 3294 liam-

349 3342 493 3382 mam
515 3329 768 3384 accendit
827 3329 923 3383 llis
955 3344 1085 3399 ergo
1114 3330 1490 3400 persuaderis,
1524 3345 1558 3385 o
1592 3331 1916 3401 imperator,

344 3430 399 3472 et
430 3435 722 3489 persuasus
751 3435 985 3489 agnosce
1012 3437 1199 3476 verum
1228 3423 1393 3475 Deum
1426 3422 1628 3487 solum,
1648 3422 1744 3492 qui
1769 3422 1923 3477 dedit

348 3512 448 3566 tibi
508 3513 614 3569 hoc
668 3513 1002 3583 imperium,
1054 3524 1112 3569 et
1161 3522 1429 3585 praeterea
1474 3514 1649 3585 ipsam
1705 3530 1923 3585 quoque

346 3604 515 3658 vitam
555 3604 813 3674 przehuit.
857 3603 961 3671 Qui
1016 3620 1141 3660 cum
1196 3612 1344 3661 esset
1391 3604 1534 3661 Deus
1561 3612 1818 3664 'teteruus
1856 3617 1915 3663 et

348 3694 699 3761 immortalis,
741 3704 967 3766 propter
1006 3712 1105 3752 nos
1155 3696 1322 3752 homo
1350 3712 1569 3767 quoque
1609 3698 1787 3754 factus
1813 3708 1920 3766 est,

353 3802 691 3857 crucemque
718 3798 773 3842 et
796 3797 1028 3843 mortem
1051 3788 1239 3858 elegit,
1266 3804 1367 3843 nos
1395 3788 1603 3845 faciens
1632 3805 1860 3860 surgere
1888 3807 1919 3848 a

345 3887 523 3932 morte
549 3878 959 3943 inobedientiae,
998 3887 1053 3935 et
1071 3876 1142 3935 ἰιι
1166 3880 1285 3950 ipse
1327 3882 1451 3946 scit,
1498 3889 1748 3937 nostram
1776 3899 1921 3952 pro-

345 3986 548 4027 curans
586 3973 839 4028 salutem.
895 3972 945 4028 ls
984 3982 1041 4028 et
1084 3989 1301 4042 eorum,
1324 3975 1417 4044 qui
1443 3985 1652 4041 errant,
1680 3985 1763 4031 est
1792 3976 1923 4033 Ser-

343 4072 523 4128 vator,
554 4072 610 4120 et
649 4079 745 4121 eos
782 4079 923 4137 quos
953 4066 1187 4138 poenitet
1249 4067 1486 4139 benigne
1532 4077 1590 4124 et
1618 4068 1920 4127 clementer

340 4170 429 4209 exi
442 4153 562 4225 Ῐυίί.

415 4250 480 4305 ν.
521 4250 605 4305 Ad
636 4250 752 4306 haec
784 4250 866 4306 ira
903 4251 1161 4323 impletur
1186 4253 1492 4310 Maxentius
1522 4252 1919 4328 [Maximinus],

2038 3058 2266 3129 μείζονα
2331 3072 2417 3109 σοι
2470 3052 2572 3123 τὴν
2629 3049 2724 3105 τοῦ
2757 3049 2932 3119 πυρὸς
2962 3049 3316 3103 ἀνάπτουσαν
3365 3045 3613 3114 γέενναν.

2034 3149 2261 3212 Τούτοις
2283 3144 2379 3201 οὖν
2402 3146 2680 3217 πείσθητι,
2708 3140 2954 3210 βασιλεῦ,
2974 3143 3069 3193 καὶ
3100 3139 3345 3200 πεισθεὶς
3373 3136 3614 3203 ὲπίγνωυ

2034 3240 2086 3294 θι
2121 3239 2252 3292 Θεὸν
2287 3236 2461 3306 ἀληθῆ
2486 3235 2646 3305 μόνον
2683 3233 2774 3284 τὸν
2799 3231 3070 3284 δεδωκότα
3097 3246 3180 3283 σοι
3210 3227 3308 3297 τὴν
3341 3225 3614 3295 βασίλειον

2034 3332 2242 3401 ταύτην
2274 3328 2450 3401 ἀρχὴν
2473 3366 2489 3392 ,
2529 3324 2758 3393 προσέτι
2795 3323 2853 3376 δὲ
2886 3320 3058 3376 καύτδ
3092 3320 3153 3373 τὸ
3191 3319 3291 3386 ζῇν
3328 3312 3614 3385 παρασχό-

2039 3439 2221 3492 μενον,
2253 3422 2310 3485 ὃς
2337 3422 2466 3482 Θεὸς
2489 3419 2565 3473 ὢν
2589 3419 2757 3480 ἀΐδιος
2784 3418 2881 3471 καὶ
2906 3413 3173 3475 ἀθάνατος
3199 3410 3294 3464 καὶ
3325 3408 3614 3478 ἄνθρωπος

2037 3519 2265 3586 ὕστερον
2308 3516 2527 3583 ἐγένετο
2555 3514 2625 3567 δι’
2659 3512 2812 3583 ἡμᾶς
2842 3511 2938 3562 καὶ
2974 3505 3211 3576 σταυρὸν
3236 3503 3333 3555 καὶ
3374 3500 3611 3555 θάνατον

2033 3610 2231 3675 εἵλετο,
2277 3608 2371 3663 τοῦ
2408 3607 2640 3661 θανάτου
2703 3604 2801 3671 τῆς
2831 3600 3117 3670 παρακοῆς
3150 3595 3298 3665 ἡμᾶς
3330 3591 3568 3646 ἀνιστῶν
3591 3630 3610 3655 ,

2035 3703 2134 3759 καὶ
2177 3702 2253 3765 ὠς
2280 3701 2444 3763 αὐτὸς
2475 3695 2585 3753 οἶδε
2620 3696 2719 3769 τὴν
2753 3693 3032 3765 σωτηρίαν
3060 3685 3610 3761 πραγματευόμενος.

2033 3789 2205 3859 Οὗτος
2241 3796 2337 3849 καὶ
2362 3795 2469 3848 τῶν
2515 3788 2885 3860 πλανωμένων
2932 3785 3048 3838 ἐστὶ
3078 3782 3296 3853 Σωτὴρ,
3347 3779 3442 3835 καὶ
3485 3779 3612 3840 τοὺς

2038 3885 2435 3958 μετανοοῦντας
2498 3883 2679 3955 ἠπίως
2727 3878 2870 3934 πάνυ
2920 3875 3014 3929 καὶ
3071 3871 3361 3946 προσηνῶς
3417 3866 3610 3924 ὑποδέε-

2032 3998 2208 4054 χεται.

2108 4248 2186 4303 ιε’.
2229 4246 2374 4317 Πρὸς
2414 4245 2588 4299 ταῦτα
2626 4244 2793 4314 ὀργῆς
2841 4243 2867 4297 ὁ
2901 4239 3203 4305 Μαξέντιος
3247 4230 3606 4304 ὑποπίμπλα-

341 4353 400 4399 et
433 4358 558 4397 cum
593 4342 810 4400 fervens
857 4346 1078 4415 sanguis
1118 4345 1187 4400 ad
1224 4360 1322 4401 cor
1355 4347 1475 4417 ejus
1499 4346 1775 4403 modicum
1821 4326 1919 4403 af:-

2031 4361 2144 4408 ται,
2180 4340 2276 4395 καὶ
2316 4338 2412 4393 τοῦ
2452 4338 2628 4407 θυμοῦ
2665 4337 2759 4391 ἐπὶ
2803 4336 2974 4406 μέσην
3002 4332 3151 4403 αὐτῷ
3194 4326 3607 4417 καταρρεύσανέ

343 4436 616 4499 ﬂuxisset,
647 4450 749 4490 vox
783 4453 1006 4506 quoque
1036 4438 1087 4494 ei
1115 4437 1219 4491 fuit
1250 4437 1542 4501 exstincta,
1586 4448 1643 4493 et
1672 4455 1775 4495 nec
1816 4455 1918 4511 po-

345 4526 454 4580 tuit
503 4523 727 4593 quidem
776 4525 1003 4580 omnino
1043 4525 1398 4597 respondere.
1441 4526 1582 4582 Cum
1621 4536 1805 4583 autem
1849 4529 1919 4584 ad

342 4631 404 4670 se
434 4615 522 4669 vix
552 4614 771 4669 tandem
819 4613 1095 4679 rediisset,
1140 4623 1196 4669 et
1244 4630 1365 4683 qua:
1404 4631 1434 4668 a
1485 4625 1726 4688 martyre
1772 4619 1918 4674 dicta

342 4709 582 4773 fuerant,
612 4707 843 4762 vidisset
871 4722 991 4762 esse
1015 4706 1279 4762 validiora
1300 4749 1315 4774 ,
1347 4723 1515 4778 quam
1546 4718 1608 4763 ut
1638 4720 1830 4765 contra
1854 4727 1921 4767 ea

342 4801 453 4855 dici
502 4810 723 4870 posset,
755 4800 912 4855 Nunc
952 4798 1202 4869 quidem,
1234 4800 1433 4871 inquit,
1466 4817 1499 4856 ο
1530 4804 1749 4870 mulier,
1802 4807 1921 4862 sine

344 4907 609 4963 peragere
633 4891 964 4947 sacriﬁcium
989 4907 1005 4957 ;
1028 4892 1191 4962 paulo
1221 4901 1344 4964 post
1365 4902 1549 4949 autem
1576 4894 1645 4951 de
1675 4896 1763 4963 iis,
1798 4916 1922 4969 qum

346 4984 509 5049 dicis,
547 4984 835 5039 audiemus
873 4984 1142 5054 apertius.
1173 4984 1402 5040 Peracto
1446 5000 1578 5057 ergo
1623 4991 1917 5057 sacriﬁcio,

347 5084 401 5130 et
436 5076 576 5131 festo
600 5092 699 5146 per
740 5076 856 5131 haec
900 5076 1081 5132 soluto
1107 5117 1122 5141 ,
1172 5077 1227 5132 in
1271 5078 1472 5147 regiam
1509 5095 1785 5147 reversus,
1829 5099 1921 5139 ac-

345 5168 514 5222 cersit
569 5168 806 5223 beatam.
865 5169 1158 5239 Postquam
1208 5179 1391 5225 autem
1440 5186 1505 5226 ea
1548 5173 1724 5228 astitit
1769 5191 1783 5227 :
1821 5176 1919 5232 Dic

344 5260 527 5323 nobis,
578 5261 776 5329 inquit,
811 5277 1058 5332 quaenam
1098 5278 1179 5328 es,
1229 5272 1325 5318 aut
1373 5280 1625 5333 quaenam
1675 5275 1805 5321 sunt
1854 5283 1918 5324 ea

343 5351 535 5409 verba.
568 5367 688 5420 qua:
729 5368 790 5407 es
839 5352 999 5409 nobis
1043 5354 1273 5411 locuta?
1325 5356 1420 5410 llla
1450 5365 1633 5412 autem
1664 5357 1918 5427 :Nescis,

347 5438 546 5508 inquit,
578 5456 610 5492 ο
645 5442 965 5511 imperator,
1015 5459 1266 5515 quasnam
1296 5461 1398 5516 ego
1444 5447 1588 5501 sim?
1623 5445 1754 5501 Sum
1810 5449 1918 5507 [ilia

349 5531 715 5599 imperatoris,
744 5535 837 5605 qui
866 5544 918 5592 te
954 5541 1234 5607 praecessit
1268 5556 1281 5593 :
1312 5554 1480 5594 vocor
1522 5549 1707 5596 autem
1757 5540 1920 5597 Eca-

351 5624 545 5681 terina.
598 5624 729 5680 Sum
782 5642 914 5683 vero
961 5631 1261 5687 exercitata
1316 5632 1368 5685 in
1423 5632 1569 5686 omni
1628 5631 1916 5704 disciplina

2030 4453 2125 4499 τος
2173 4434 2274 4505 τήν
2331 4432 2588 4503 καρδίαν,
2646 4429 2883 4498 εσσέσθη
2941 4444 2999 4481 τε
3056 4424 3206 4495 αὐτῷ
3243 4424 3279 4493 ή
3318 4419 3472 4491 φωνὴ
3512 4416 3609 4470 καὶ

2029 4530 2157 4585 οὐδὲ
2190 4527 2598 4599 ἀποκρίνασθαι
2628 4526 2765 4589 ὅλως
2799 4520 2966 4593 εἶχεν.
3006 4522 3136 4591 Ὀψὲ
3166 4520 3221 4573 δὲ
3249 4518 3343 4572 καὶ
3367 4514 3609 4587 βραδέως

2029 4618 2366 4688 ἀνενεγκὼν,
2419 4617 2544 4672 ἐπεὶ
2582 4618 2767 4685 πάσης
2813 4614 3145 4677 ἀντιθέσεως
3178 4609 3503 4682 ἰσχυρότερα
3537 4603 3609 4659 τά

2030 4713 2137 4768 ὑπὸ
2182 4712 2285 4784 τῆς
2345 4710 2628 4783 μάρτυρος
2683 4709 2957 4778 εἰρημένα
2997 4703 3133 4772 εἶδε,
3192 4704 3290 4759 νῦν
3319 4702 3609 4774 μὲνέασον

2029 4808 2178 4878 ἡμᾶς
2200 4846 2214 4867 ,
2256 4805 2387 4874 ἔφη,
2417 4805 2606 4870 γύναι,
2633 4800 2733 4873 τὴν
2766 4799 2960 4855 θυσίαν
2989 4797 3305 4852 ἐπιτελέσαι
3333 4811 3348 4826 ·
3390 4794 3509 4865 μετ’
3541 4791 3605 4846 ού

2030 4898 2168 4952 πολὺ
2198 4896 2256 4950 δὲ
2322 4895 2659 4965 σαφέστερον
2696 4894 2825 4965 περὶ⁵
2879 4887 2955 4947 ὧν
2999 4891 3184 4952 λαλεῖς
3232 4883 3607 4957 ἀκουσόμεθα.

2029 4986 2397 5057 Τελεσθείσης
2448 4981 2544 5039 οὖν
2599 4985 2699 5054 τῆς
2757 4984 2974 5047 θυσίας,
3023 4983 3121 5037 καὶ
3148 4978 3411 5048 λυθείσης
3467 4974 3608 5047 μετά

2027 5080 2204 5134 ταῦτα
2267 5078 2367 5147 τῆς
2427 5078 2643 5149 ἑορτῆς,
2714 5073 3029 5129 ἐπανελθὼν
3077 5075 3158 5135 εἰς
3204 5070 3275 5125 τὰ
3332 5068 3605 5141 βασίλεια,

2031 5173 2431 5243 μετάπεμπτον
2466 5172 2613 5223 ποιεὶ⁹
2664 5169 2763 5240 τὴν
2829 5165 3135 5239 μακαρίαν.
3184 5165 3342 5217 Ἐπεὶ
3398 5161 3457 5215 δὲ
3509 5160 3607 5214 καὶ

2031 5266 2304 5336 παρέστη.
2335 5265 2473 5319 Eine
2499 5266 2654 5336 ἡμῖν,
2685 5264 2816 5335 ἔφη,
2848 5263 2935 5324 τίς
2967 5256 3041 5327 εἶ,
3075 5260 3174 5316 καὶ
3207 5262 3355 5323 τίνες
3376 5259 3427 5312 οἱ
3456 5256 3609 5325 λόγοι

2026 5355 2123 5419 οὓς
2152 5356 2427 5426 ἑλάλησας
2477 5357 2618 5428 πρὸς
2648 5358 2841 5426 ήμᾶς;
2894 5355 2960 5410 Ἡ
2989 5353 3049 5408 δέ
3082 5370 3099 5386 ⁸
3134 5353 3249 5406 Ούκ
3270 5347 3462 5416 οἶσθα,
3506 5347 3575 5417 βα
3606 5378 3609 5383 -

2028 5448 2202 5514 σιλεῦ,
2258 5450 2383 5520 ἥτις
2417 5450 2573 5518 syri);
2616 5448 2724 5503 Τοῦ
2766 5448 2872 5519 πρὸ
2920 5447 3016 5502 σοῦ
3052 5445 3320 5518 βασιλέως
3352 5441 3604 5513 θυγάτηρ

2026 5541 2142 5610 είμί
2175 5557 2190 5572 ·
2218 5542 2552 5612 Αἰκατερίνα
2580 5541 2637 5595 δὲ
2673 5541 2951 5611 κέκλημαι
2988 5555 3005 5571 ·
3045 5540 3299 5610 ῆσκημαι
3334 5536 3392 5590 δὲ
3418 5536 3603 5589 πᾶσαν

2028 5634 2302 5705 παιδείαν,
2336 5635 2640 5707 ῥητορικῆς
2668 5636 2763 5692 καὶ
2792 5634 3112 5705 φιλοσοφίας
3132 5671 3148 5703 ,
3180 5631 3526 5704 γεωμετρίας
3542 5646 3601 5682 τε
