4072 6390
331 280 441 345 251

1411 282 1886 347 MARTYRIUM
1926 287 1987 350 S.
2029 287 2518 358 CATHARINE.

3488 295 3597 360 282

332 401 434 454 καὶ
462 396 574 451 τῶν
610 394 790 452 ἀλλων
822 375 1172 467 ἐπιστημῶν.
1190 392 1354 449 ’Δλλά
1385 397 1521 468 παρ’
1552 398 1705 453 οὐδὲν
1730 399 1916 452 ἐκεῖνα

2019 403 2309 463 rhetoricae
2358 419 2414 464 ct
2463 407 2846 480 philosOphiaa,
2878 411 3195 483 geometriae
3249 417 3306 469 et
3355 412 3589 469 aliarum

333 491 544 561 θεμένη
596 488 802 553 πάντα,
859 483 1024 561 ἦλθον
1079 488 1470 558 νυμφευθῆναι
1521 490 1601 560 τῷ
1660 489 1916 561 ἀθανάτῳ

334 584 568 654 νυμφίῳ
626 581 852 652 Χριστῷ
927 582 1018 635 διά
1093 581 1188 635 τοῦ
1249 582 1536 651 προφήτου
1598 582 1916 652 λαλήσαντι,

343 697 369 730 ς
421 677 638 731 Ἀπολῶ
662 678 764 746 τὴν
797 674 992 742 σοφίαν
1031 674 1143 728 τῶν
1182 675 1365 743 σοφῶν
1385 716 1399 740 ,
1432 676 1525 729 καὶ
1556 675 1655 745 τὴν
1700 675 1918 729 σύνεσιν

332 773 450 826 τῶν
483 769 725 823 συνετῶν
761 769 1038 835 ἀθετήσω.
1072 786 1093 819 ι

409 865 501 929 ς’.
556 860 664 912 Τοῦ
719 859 774 911 δὲ
825 858 1094 928 βασιλέως
1132 860 1225 912 ἐπὶ
1271 862 1379 922 τοῖς
1439 862 1651 931 ῥηθεῖσι
1708 863 1921 934 θαυμά-

336 971 562 1013 σαντος,
594 948 714 1003 εἶτα
742 952 837 1004 καὶ
863 949 1223 1019 ἀτενέστερον
1245 952 1384 1022 πρὸς
1414 952 1587 1023 αὐτὴν
1608 954 1914 1020 άπιδόντος,

334 1047 433 1099 καὶ
467 1043 749 1113 οἰηθέντος
799 1041 877 1111 μὴ
929 1041 1074 1094 εἶναι
1113 1043 1324 1113 ταύτην
1370 1047 1502 1112 μίαν
1543 1045 1651 1097 τῶν
1703 1047 1917 1112 γένεσιν

335 1136 454 1190 ἀπὸ
483 1136 588 1204 γῆς
618 1134 956 1201 ἐσχηκότων,
1006 1133 1141 1186 ἀλλά
1169 1152 1295 1189 τινα
1335 1136 1446 1189 τῶν
1478 1137 1621 1190 θεῶν
1648 1138 1917 1192 ὀπτασίαν

335 1230 476 1298 ὑρᾷν
504 1229 565 1279 ὲν
593 1225 886 1297 ἀνθρώπου
918 1228 1163 1296 σχήματι
1212 1227 1627 1299 διαλεγομένην,
1654 1230 1800 1285 οὕτω
1824 1234 1919 1286 xui.

337 1318 630 1385 οίηθέντος
654 1317 747 1369 καὶ
780 1316 917 1387 πρὸς
945 1317 1112 1370 αὑτὸν
1139 1319 1704 1390 παραφθεγξαμένου,
1745 1324 1781 1385 ἡ
1808 1340 1917 1392 μα-

337 1409 511 1478 καρία
567 1409 667 1460 τὸν
713 1408 872 1475 λόγον
928 1409 1279 1464 ὑπολαϐοῦσα
1340 1413 1477 1483 φησὶ
1535 1416 1671 1484 πρὸς
1705 1414 1869 1467 αὐτόν
1900 1431 1918 1448 ο

353 1496 605 1565 Ἀληθῶς
639 1497 849 1562 ἔλεξας,
884 1493 929 1550 ὧ
969 1498 1216 1569 βασιλεῦ.
1246 1502 1513 1570 Δαίμονες
1548 1504 1658 1574 γὰρ
1687 1503 1780 1567 οὒς
1805 1505 1921 1559 δνο-

343 1591 538 1660 μάζειε
597 1589 759 1651 θεοὺς
806 1589 983 1655 ὅντες,
1044 1591 1381 1662 δαιμονικοῖς
1437 1595 1582 1665 ὑμᾶς
1636 1596 1920 1666 φάσμασιν

342 1682 628 1745 ἀπατῶσι,
659 1684 755 1735 καὶ
789 1683 925 1753 πρὸς
960 1683 1255 1751 ἀσέλγειαν
1293 1686 1676 1751 ἐκκαλοῦνται,
1715 1690 1811 1742 καὶ
1835 1691 1918 1753 είς

337 1777 585 1838 ἀτόπους
635 1778 935 1846 ἐπιθυμίας
994 1779 1377 1847 ἐμϐάλλουσιν.
1444 1780 1585 1845 Ἐγὼ
1622 1783 1719 1848 δὲ,
1758 1783 1917 1836 ὁποία

336 1886 429 1927 τις
468 1869 536 1921 ἂν
568 1863 634 1935 ὦ,
680 1868 810 1939 χοῦς
839 1870 957 1936 εἰμι
984 1871 1081 1923 καὶ
1121 1871 1327 1941 πηλὸς,
1361 1873 1441 1935 είς
1474 1873 1731 1944 τοιαύτην
1765 1876 1919 1945 παρὰ

335 1964 438 2018 τοῦ
476 1965 615 2018 Θεοῦ
646 1966 953 2019 κλασθεῖσα
991 1968 1230 2037 μορφὴν,
1284 1969 1380 2023 καὶ
1415 1972 1480 2040 τῇ
1528 1971 1694 2024 αὐτοῦ
1749 1973 1919 2024 εἰκόνι

336 2059 685 2127 τετιμημένη
714 2074 728 2088 ⁶
758 2058 901 2111 ὥστε
941 2061 1038 2113 καὶ
1072 2058 1386 2129 θαυμάζειν
1421 2063 1626 2129 μᾶλλον
1666 2064 1919 2117 ἐντεῦθεν

337 2154 445 2220 τὴν
497 2150 690 2217 σοφίαν
737 2152 832 2204 τοῦ
861 2153 1206 2222 δημιουργοῦ
1257 2154 1566 2224 προσήκει,
1623 2156 1818 2226 ὅτιπερ
1860 2159 1920 2210 ὲν

335 2244 520 2312 πηλῷ,
574 2247 670 2297 καὶ
704 2244 881 2308 οὕτως
920 2246 1132 2299 εὐτελεῖ
1156 2250 1222 2317 τῇ
1263 2247 1366 2320 ὕλῃ
1402 2249 1664 2302 τοσοῦτον
1698 2249 1920 2319 ἴσχυσεν

335 2336 650 2403 ἑξασκῆσαι
678 2337 896 2401 κάλλος.
946 2339 1062 2409 Ἐφ’
1102 2335 1183 2403 οἷς
1215 2340 1552 2411 δυσχεράνας
1578 2342 1606 2395 ὀ
1638 2341 1915 2411 βασιλεὺς,

337 2426 435 2492 Μὴ
491 2427 621 2494 λέγε
678 2430 808 2492 τοὺς
865 2429 1024 2492 θεοὺς
1073 2431 1283 2495 κακῶς,
1320 2431 1450 2499 ἔφη,
1501 2431 1810 2495 ἀθανάτους
1856 2448 1918 2485 τε

336 2519 542 2582 αὐτοὺς
575 2521 756 2584 ὄντας,
792 2522 890 2574 καὶ
931 2522 1088 2586 δόξαν
1129 2523 1399 2576 ἀθάνατον
1431 2524 1677 2593 ἔχοντας.
1733 2526 1842 2578 Καὶ
1883 2525 1916 2595 ἡ

339 2611 554 2681 μάρτυς
579 2626 592 2641 ⁸
630 2612 900 2683 Εὑρήσεις
934 2616 1040 2683 ἄρα
1068 2615 1160 2669 καὶ
1193 2616 1282 2679 σὺ,
1315 2616 1502 2685 φησὶν,
1532 2610 1577 2669 ὧ
1610 2615 1855 2685 βασιλεῦ,
1890 2618 1919 2671 ὅ

334 2719 391 2755 τι
444 2702 579 2756 ποτε
625 2705 765 2757 είσιν
812 2704 863 2757 oi
936 2704 1053 2759 θεοί
1113 2723 1231 2769 σου,
1300 2707 1463 2777 μόνον
1512 2710 1561 2761 εί
1613 2709 1715 2778 τὴν
1747 2711 1917 2780 ἀχλὺν

333 2794 440 2864 τῆς
471 2796 694 2865 ἀπάτης
720 2797 991 2868 ἐθελήσῃς
1024 2800 1328 2851 ἀποϐαλεῖν
1362 2816 1377 2832 ·
1409 2800 1691 2872 ἑπιγνὼσῃ
1730 2802 1788 2854 δὲ
1820 2803 1916 2855 καὶ

332 2888 430 2941 τὸν
460 2888 636 2958 ἀληθῆ
666 2890 825 2955 Θεὸν,
851 2891 1003 2953 ὅστις
1028 2891 1181 2944 ἐστὶν
1209 2890 1486 2956 ἀθάνατος
1512 2894 1604 2946 καὶ
1631 2894 1824 2956 ἀΐδιος,
1855 2886 1914 2947 οὗ

2017 496 2393 553 scientiarum.
2451 501 2559 557 Sed
2599 502 2686 556 illa
2738 504 2923 559 omnia
2972 504 3135 560 nihili
3184 504 3429 571 ducens,
3465 508 3593 563 veni

2017 597 2079 643 ut
2108 589 2481 659 deSponderer
2516 594 2811 651 immortali
2849 611 3053 665 sponso
3091 596 3334 662 Christo,
3381 598 3476 668 qui
3511 599 3595 654 ιο⁴

2016 689 2178 736 cutus
2206 692 2290 737 est
2320 698 2419 753 per
2451 684 2773 752 prophetam
2807 703 2819 738 :
2851 686 3082 740 Perdam
3127 688 3457 757 sapientiam
3511 705 3596 743 ελ-

2017 776 2285 846 pientum,
2322 786 2377 831 et
2414 778 2759 843 prudentiam
2793 780 3130 847 prudentum
3198 781 3508 850 reprobabo
3554 784 3595 837 ¹.

2090 868 2176 923 Vl.
2208 867 2343 923 Cum
2377 877 2558 922 autem
2592 869 2892 938 imperator
2920 869 3225 924 admiratus
3256 883 3426 941 esset,
3475 889 3597 943 qum

2018 962 2162 1018 dicta
2190 962 2428 1023 fuerant,
2463 970 2519 1015 et
2551 962 2602 1015 in
2632 977 2750 1016 eam
2776 961 3045 1016 intentius
3068 962 3347 1018 deﬁxisset
3380 967 3593 1025 oculos.

2017 1063 2073 1110 et
2125 1053 2497 1108 existimasset
2540 1067 2659 1107 eam
2714 1068 2826 1107 non
2863 1068 2985 1112 esse
3037 1069 3200 1109 unam
3247 1070 3311 1109 ex
3342 1055 3431 1119 iis,
3474 1073 3597 1125 quae

2020 1153 2161 1199 natae
2188 1153 2317 1199 sunt
2357 1160 2387 1199 e
2422 1153 2604 1210 terra;
2651 1145 2744 1198 sed
2777 1158 2836 1198 se
2875 1143 3103 1199 deorum
3136 1145 3375 1215 aliquam
3409 1147 3596 1203 videre

2017 1237 2287 1292 visionem
2314 1278 2329 1302 ,
2361 1237 2675 1307 loquentem
2708 1237 2762 1291 in
2797 1236 2987 1291 habitu
3022 1236 3266 1293 humano
3308 1256 3322 1294 :
3359 1254 3484 1294 cum
3516 1241 3597 1295 sic

2018 1338 2297 1400 putasset,
2324 1339 2378 1383 et
2408 1345 2528 1383 eam
2571 1344 2860 1400 perperam
2902 1339 3049 1386 esset
3097 1331 3390 1395 allocutus,
3438 1331 3596 1387 beata

2019 1434 2330 1475 sermonem
2360 1420 2672 1490 excipiens,
2707 1420 2839 1476 dicit
2861 1422 2952 1478 ei:
2989 1423 3128 1478 Vere
3156 1423 3367 1489 dixisti,
3411 1439 3445 1479 ο
3495 1424 3590 1479 im-

2020 1522 2262 1583 perator.
2295 1514 2578 1569 Daemones
2618 1514 2788 1578 enim,
2838 1529 2979 1585 quos
3011 1514 3145 1570 deos
3195 1516 3470 1580 nominas.
3506 1532 3597 1571 re-

2022 1621 2151 1660 vera
2197 1621 2294 1661 vos
2338 1606 2570 1677 speetris
2611 1605 2895 1676 decipiunt
2946 1608 3336 1674 daemoniacis,
3395 1617 3451 1664 et
3500 1624 3598 1663 vos

2022 1705 2322 1766 provocant
2368 1696 2435 1751 ad
2472 1697 2761 1752 libidinem
2804 1707 2858 1753 ct
2906 1698 3407 1768 intemperantiam,
3440 1710 3496 1756 et
3527 1699 3596 1755 ad

2024 1788 2264 1843 nefarias
2290 1789 2578 1858 impellunt
2598 1788 2951 1858 cupiditates.
2976 1790 3089 1859 Ego
3112 1799 3293 1845 autem
3323 1792 3599 1862 cuiusmo-

2023 1880 2294 1949 dicunque
2342 1895 2507 1945 sum,
2557 1895 2678 1934 sum
2732 1881 2914 1950 pulvis
2963 1890 3019 1936 et
3058 1882 3256 1945 lutum,
3310 1882 3489 1937 eﬂicta
3540 1882 3596 1937 in

2023 1971 2165 2025 hanc
2208 1970 2474 2036 formam,
2517 1979 2575 2026 et
2617 1972 2738 2041 ejus
2794 1971 3063 2026 honorata
3095 1973 3352 2043 imagine.
3403 1973 3600 2040 Quam-

2021 2062 2210 2117 obrem
2264 2062 2392 2115 hinc
2436 2062 2609 2132 magis
2651 2063 2909 2118 convenit
2953 2062 3216 2118 admirari
3268 2065 3595 2133 sapientiam

2021 2156 2254 2226 opiﬁcis,
2282 2154 2428 2225 quod
2457 2154 2512 2208 in
2546 2154 2662 2209 luto
2686 2163 2743 2210 et
2773 2156 2829 2209 in
2862 2155 3088 2208 materia
3128 2164 3236 2209 tam
3268 2156 3361 2210 vili
3398 2166 3598 2226 potueo

2020 2250 2094 2303 rit
2121 2258 2325 2303 tantam
2362 2256 2647 2301 exstruere
2685 2247 3178 2317 pulchritudinem.
3208 2247 3341 2315 Quae.
3371 2250 3596 2320 quidem

2018 2352 2161 2409 aegre
2186 2337 2371 2393 ferens
2422 2336 2933 2406 lmperator:Noli,
2979 2338 3180 2406 inquit,
3217 2336 3325 2393 diis
3369 2339 3600 2395 maledi-

2020 2445 2169 2495 cere,
2222 2429 2315 2499 qui
2371 2437 2426 2485 et
2486 2429 2589 2499 ipsi
2646 2437 2776 2483 sunt
2822 2428 3199 2496 immortales,
3256 2439 3313 2485 et
3363 2431 3593 2501 gloriam

2021 2523 2224 2577 habent
2257 2521 2644 2576 immortalem.
2678 2521 2882 2591 Martyr
2922 2529 3106 2577 autem
3136 2539 3149 2575 :
3186 2522 3468 2585 Invenies,
3509 2523 3599 2577 in-

2019 2613 2171 2683 quit,
2211 2622 2266 2666 tu
2316 2627 2558 2681 quoque,
2611 2627 2644 2666 ο
2691 2612 3013 2682 imperator,
3046 2611 3309 2682 quidnam
3350 2621 3481 2667 sunt
3520 2612 3597 2667 dii

2018 2706 2119 2771 tui,
2147 2706 2192 2759 si
2224 2704 2362 2759 velis
2396 2705 2575 2759 solum
2629 2712 2779 2757 tuam
2824 2702 3064 2774 abjicere
3093 2718 3389 2772 parumper
3435 2704 3600 2758 dece-

2019 2799 2294 2869 ptionem,
2347 2812 2541 2851 verum
2576 2811 2801 2865 quoque
2847 2795 3024 2849 Deum
3071 2809 3357 2866 agnosces,
3388 2794 3597 2865 quiest

2015 2901 2258 2946 arternus
2298 2896 2355 2945 et
2410 2887 2775 2953 immortalis;
2828 2888 2988 2957 cujus
3032 2889 3117 2943 vel
3162 2888 3341 2943 solum
3393 2902 3594 2943 nomen

336 2983 433 3034 καὶ
454 2980 627 3049 ὄνομα
664 2981 827 3051 μόνον
869 2980 1283 3053 λαλούμενον,ῆ
1320 2984 1411 3035 καὶ
1442 2984 1676 3054 σταυρὸς
1727 2986 1787 3037 ἐν
1836 2984 1914 3054 τῷ

2019 2981 2472 3052 pronuntiatum,
2533 2980 2618 3034 vel
2672 2994 2809 3034 crux
2859 2980 3024 3034 etiam
3078 2979 3306 3049 ﬁgurata
3344 2978 3399 3033 in
3444 2994 3594 3043 acre,

332 3072 464 3142 ἀέρι
494 3072 936 3142 διατυπούμενος
979 3074 1228 3140 φυγάδας
1261 3091 1358 3126 σου
1386 3076 1514 3137 τοὺς
1552 3076 1708 3139 θεοὺς
1741 3079 1913 3149 ἀπερ-

2022 3081 2145 3127 tuos
2177 3072 2311 3125 deos
2336 3070 2503 3125 vertit
2541 3070 2595 3124 in
2625 3070 2828 3140 fugam.
2869 3070 2925 3124 Si
2954 3070 3090 3124 velis
3130 3077 3336 3133 autem,
3388 3068 3477 3123 vel
3525 3083 3596 3122 ex

329 3165 590 3230 γάζεται,
610 3164 675 3216 Ei
694 3164 749 3217 δὲ
774 3163 976 3232 βούλει,
1000 3164 1097 3217 καὶ
1137 3167 1381 3235 φανερὰν
1408 3166 1514 3220 ἀπὺ
1537 3167 1634 3239 τῆς
1652 3169 1913 3240 ἀληθείας

2019 3168 2135 3237 ipsa
2168 3165 2399 3220 veritate
2445 3170 2690 3234 apertam
2729 3161 2994 3217 iaciamus
3040 3160 3591 3216 demonstrationem.

334 3255 439 3327 τὴν
470 3257 753 3322 ἀπόδειξιν
780 3257 1151 3325 ποιησόμεθα.

401 3344 479 3401 Z'.
525 3347 911 3410 ’Υποπτεύσας
941 3347 1132 3401 τοίνυν
1182 3350 1209 3401 6
1257 3348 1517 3419 βασιλεὺς
1553 3352 1655 3422 τὴν
1695 3355 1915 3409 ἑλευοε-

335 3440 461 3512 ρίαν
489 3443 592 3509 τῆς
621 3439 909 3510 μάρτυρος
938 3441 1011 3510 μὴ
1045 3444 1277 3513 περιστῇ
1310 3444 1581 3498 πάντοθεν
1614 3447 1777 3502 αὐτὸν
1819 3449 1916 3503 καὶ

332 3533 587 3603 κατάσχῃ
630 3535 753 3597 ταῖς
806 3534 1175 3599 ἀποδείξεσιν,
1224 3534 1389 3600 αὐτὸς
1421 3537 1477 3590 δὲ
1507 3538 1913 3609 ἀποκρίνασθαι

330 3623 429 3679 καὶ
460 3621 875 3696 ἀνθυποφέρειν
900 3626 1002 3678 οὐκ
1034 3624 1175 3694 ἔχων
1199 3627 1391 3680 ἑαυτόν
1417 3644 1477 3680 τε
1510 3630 1764 3702 φανερῶς
1817 3632 1915 3685 καὶ

331 3717 462 3778 τοὺς
494 3718 736 3779 οίκείους
767 3716 1000 3790 αίσχύνῃ
1036 3719 1213 3785 θεοὺς,
1241 3722 1450 3784 ἐκεῖνος
1470 3724 1569 3792 μὲν
1598 3724 1721 3777 οὐδὲ
1744 3724 1912 3795 ψιλὴν

330 3809 433 3876 τὴν
464 3809 741 3877 ἀκρόασιν
791 3810 1173 3881 καταδέχεται,
1228 3813 1756 3886 Προσποιησάμενος
1810 3819 1908 3871 άν-

334 3899 489 3965 άξιον
513 3897 660 3954 εἶναι
690 3904 912 3969 γυναικὶ
953 3903 1300 3972 διαλέγεσθαι
1342 3908 1817 3980 προσαχθήσονται
1857 3912 1914 3965 δέ

337 4007 421 4043 σοι
451 3992 586 4061 παρ’
618 3993 757 4062 ἐμοῦ
787 3994 1040 4064 ῥήτορες,
1069 3991 1192 4049 είπε
1218 4037 1233 4062 ,
1257 3996 1439 4050 πάντα
1478 4016 1574 4052 σου
1609 4000 1774 4071 λόγον
1816 4003 1914 4056 καὶ

335 4084 608 4155 πρότασιν
649 4088 793 4153 μετά
848 4087 1053 4158 πολλῆς
1093 4089 1193 4159 τῆς
1229 4092 1553 4161 περιουσίας
1607 4095 1917 4151 ἀνασκευά-

336 4177 544 4241 ζοντες.
578 4178 752 4244 ὅπως,
793 4180 1046 4249 ἀκριϐῶς
1080 4182 1172 4234 καὶ
1209 4184 1349 4255 αὐτὴ
1382 4186 1781 4256 καταμαθοῦσα
1815 4194 1916 4259 τὴν

335 4268 443 4323 tiu
507 4270 743 4325 οἰκείων
797 4272 1203 4342 προϐλημάτων
1251 4277 1573 4344 ἀσθένειαν,
1645 4279 1785 4350 πρὸς
1853 4281 1912 4334 τὺ

339 4361 625 4430 συμφέρον
696 4362 1015 4435 ἀποϐλέψῃς
1081 4368 1177 4420 καὶ
1227 4367 1305 4439 τῷ
1353 4369 1611 4442 ἡμετέρῳ
1682 4371 1914 4441 πεισθῇς

2090 3349 2206 3406 Vll.
2242 3348 2379 3405 Cum
2416 3346 2604 3416 itaque
2652 3342 2973 3414 imperatori
3019 3352 3270 3413 suspecta
3308 3341 3501 3397 fuisset
3529 3341 3596 3396 li-

2020 3443 2211 3498 bertas
2255 3440 2548 3511 martyris,
2602 3439 2932 3505 timerctque
2977 3451 3045 3490 ne
3091 3451 3150 3490 se
3189 3434 3430 3503 undique
3483 3433 3594 3487 cir-

2021 3536 2386 3596 cumsisteret,
2419 3540 2471 3586 et
2518 3530 2828 3599 implicaret
2851 3526 3440 3589 demonstrationibus,
3478 3525 3595 3593 ipse

2020 3640 2205 3683 autem
2257 3641 2365 3680 non
2415 3632 2603 3693 posset
2651 3620 2987 3691 respondere
3018 3627 3074 3674 et
3104 3618 3385 3680 resistere,
3426 3633 3594 3685 seque

2021 3730 2078 3778 et
2113 3735 2244 3775 suos
2277 3718 2410 3773 deos
2460 3723 2650 3784 aperto
2706 3714 2979 3768 dedecore
3026 3710 3286 3774 adiceret,
3333 3710 3448 3780 ipse
3478 3710 3596 3778 qui-

2021 3797 2145 3870 dem
2178 3828 2279 3867 ncc
2313 3826 2432 3865 eam
2470 3817 2682 3864 tantum
2715 3806 2908 3861 audire
2953 3807 3207 3866 sustinet,
3242 3819 3356 3872 pra:
3404 3816 3463 3856 se
3510 3804 3594 3855 fe-

2020 3922 2149 3962 rens
2181 3921 2288 3960 non
2322 3903 2541 3965 decere,
2573 3908 2633 3955 ut
2662 3914 2784 3954 cum
2812 3897 3016 3952 femina
3048 3896 3348 3950 dissereret
3381 3911 3394 3948 :
3420 3893 3499 3946 Ad
3541 3901 3595 3945 te

2020 4008 2249 4062 autem,
2293 3994 2516 4063 inquit,
2564 4008 2595 4047 a
2645 4007 2731 4045 me
2787 3988 3132 4043 adducentur
3179 3994 3447 4047 oratores,
3498 3983 3594 4053 qui

2023 4103 2217 4146 omnes
2245 4097 2367 4142 tuas
2392 4086 2639 4140 rationes
2681 4089 2735 4136 et
2765 4078 3172 4151 pr0positiones
3202 4075 3423 4131 abunde
3463 4089 3596 4128 con-

2018 4179 2323 4236 futabunt:
2370 4183 2431 4229 ut
2478 4189 2603 4229 cum
2671 4182 2726 4226 tu
2782 4182 3004 4239 quoque
3054 4165 3273 4222 abunde
3330 4164 3596 4220 didiceris

2023 4284 2244 4330 tuorum
2277 4273 2592 4341 dogmatum
2641 4263 3073 4320 imbecillitatem
3099 4303 3114 4328 ,
3160 4260 3395 4331 aspicias
3430 4258 3498 4313 ad
3539 4257 3595 4312 id

2019 4367 2166 4439 quod
2214 4376 2298 4420 cst
2346 4364 2503 4427 utile,
2557 4371 2613 4414 et
2658 4367 2848 4413 nostro
2897 4370 3093 4427 pareas
3144 4353 3407 4425 dogmati.
3470 4351 3596 4407 Haec

333 4449 595 4521 δόγματι.
638 4450 829 4506 Ταῦτα
862 4448 983 4506 εἷπε
1006 4495 1022 4520 ,
1060 4456 1155 4508 καὶ
1197 4435 1297 4529 τὴν
1333 4435 1432 4529 μὲν
1464 4435 1626 4526 ἀγῡίαν
1662 4461 1767 4514 ὑπὸ
1812 4435 1915 4530 φυέ-

2019 4435 2191 4523 dixit,
2221 4466 2276 4511 et
2312 4463 2555 4510 sanctam
2605 4451 2827 4523 quidem
2872 4448 3031 4518 jubet
3067 4448 3278 4501 servari
3313 4446 3368 4500 in
3402 4454 3594 4499 custo-

336 4541 485 4611 λικῆ
541 4544 835 4613 τηρεῖσθαι
892 4548 1266 4616 προστάττειῇ
1313 4550 1477 4615 αὐτὸς
1537 4552 1595 4606 δὲ
1650 4554 1726 4617 ὡς
1771 4551 1916 4625 εἶχεν

2019 4559 2143 4615 dia:
2177 4558 2292 4627 ipse
2341 4561 2523 4608 autem
2567 4550 2750 4605 statim
2789 4546 2994 4603 emittit
3037 4542 3323 4614 epistolam
3370 4539 3426 4593 in
3477 4537 3593 4591 haec

325 4632 521 4699 εὐθὺς,
560 4635 841 4705 ἐκτίθησιν
889 4638 1177 4713 ἐπιστολὴν
1226 4642 1458 4713 ἔχουσαν
1487 4644 1659 4709 οὕτως
1694 4663 1708 4677 ο
1747 4647 1915 4702 Βασι-

2019 4652 2179 4706 verba
2215 4668 2227 4704 :
2260 4647 2565 4716 Imperator
2592 4641 2902 4697 hiaxentius
2946 4637 2969 4712 [
2997 4631 3358 4704 Maximinus]
3409 4629 3591 4685 omnia

324 4725 467 4788 λεὺς
504 4728 830 4795 Μαξέντιος.
878 4735 1017 4787 πᾶσι
1077 4737 1194 4798 τοῖς
1225 4735 1332 4788 ὑπὸ
1362 4736 1462 4806 τὴν
1491 4738 1631 4808 ἐμὴν
1662 4738 1916 4803 ἐξουσίαν

2019 4744 2138 4804 bus,
2190 4741 2282 4811 qui
2330 4746 2456 4793 sunt
2506 4751 2639 4790 mete
2686 4731 2915 4787 ditionis
2961 4728 3217 4784 salutem.
3264 4724 3593 4811 Quicunque

320 4818 573 4889 χαίρειν.
624 4821 781 4875 Ὅσοι
834 4822 929 4877 τοῦ
996 4826 1312 4894 σοφωτάτου
1366 4827 1508 4883 θεῶν
1568 4829 1770 4899 Ἑρμοῦ
1817 4834 1916 4903 τῆς

2019 4810 2242 4890 deorum
2332 4824 2724 4899 sapientissimi
2801 4819 3062 4877 Mercurii
3122 4828 3313 4873 curam
3361 4810 3591 4880 geritis.

319 4914 595 4979 προνοίας
630 4915 872 4985 ἐτύχετε,
945 4918 1046 4978 τὰς
1073 4919 1256 4982 αἰτίας
1290 4919 1392 4991 τῆς
1428 4920 1686 4990 γνώσεως
1721 4926 1916 4979 ἐπικα-

2019 4924 2287 4983 iuvocatis
2321 4921 2509 4986 Musis,
2536 4933 2659 4988 qua:
2702 4923 2833 4971 sunt
2875 4926 3059 4969 causae
3108 4904 3464 4978 cognitionis,
3493 4916 3594 4955 ve-

305 5003 629 5073 λσσὰμενοι
679 5006 908 5074 μούσας,
955 5008 1142 5062 ἔλθετε
1200 5011 1394 5082 μέχρις
1441 5014 1620 5084 ἡμῶν,
1653 5015 1714 5068 τὸ
1743 5018 1914 5085 φανὲν

2019 5019 2133 5073 nite
2182 5017 2247 5071 ad
2303 5029 2403 5068 nos
2449 5025 2663 5081 usque,
2723 5003 3143 5077 sapientissimae
3194 4994 3534 5053 mulierculae
3573 5028 3590 5055 ,

300 5099 351 5167 ἦ
366 5097 470 5163 μῐν
500 5096 562 5149 εκ
586 5114 730 5162 τινος
753 5099 832 5163 ὡς
862 5100 1007 5153 ἔοικε
1044 5103 1297 5173 μηχανῆς
1350 5105 1663 5172 σοφώτατον
1690 5108 1914 5177 γύναιον

2019 5126 2139 5181 qua:
2181 5108 2341 5162 nobis
2398 5104 2569 5161 veluti
2608 5119 2675 5158 ex
2726 5100 2963 5172 quadam
3004 5094 3257 5151 machina
3305 5086 3590 5181 apparuit,

300 5188 535 5241 θᾶττον
562 5190 1041 5260 δπιστομίσοντες,
1074 5193 1149 5265 μὴ
1178 5196 1309 5258 τοὺς
1344 5197 1616 5265 μεγάλους
1663 5199 1916 5269 διαχλευα

2019 5179 2074 5259 os
2094 5199 2458 5263 obs’ructuri,
2480 5212 2550 5251 ne
2586 5210 2812 5265 magnos
2842 5192 2978 5246 deos
3009 5187 3254 5247 irrideat,
3286 5194 3466 5251 neque
3507 5179 3588 5233 fa-

296 5280 491 5346 άζειν
524 5281 709 5347 θεοὺς,
749 5284 888 5354 μηδὲ
918 5285 1125 5355 μύθους
1155 5288 1225 5343 τὰ
1261 5289 1392 5359 περὶ
1424 5290 1606 5343 αὐτῶν
1633 5293 1912 5361 ἡγεῖσθαι,

2019 5295 2166 5350 bulas
2193 5307 2315 5347 esse
2360 5298 2538 5361 putet,
2587 5302 2710 5357 qua:
2758 5285 2862 5339 sub
2912 5283 3051 5337 falso
3085 5285 3349 5349 teguntur
3381 5272 3585 5342 proba-

290 5374 439 5430 ὕτὼ
496 5374 708 5447 πιθανῷ
751 5378 831 5449 τῷ
873 5378 1064 5449 ψεύδει
1104 5381 1573 5453 καλυπτομένους.
1615 5385 1773 5440 Οὕτω
1803 5386 1913 5461 γὰρ

2019 5387 2128 5443 bili.
2175 5384 2268 5440 Sic
2293 5382 2440 5438 enim
2470 5389 2525 5434 et
2553 5379 2788 5449 patriam
2816 5373 3143 5445 sapientiam
3172 5382 3367 5423 omnes
3410 5362 3589 5419 admi-

292 5470 391 5522 ἂν
420 5468 528 5536 τήν
556 5485 618 5521 τε
648 5470 884 5540 πάτριον
918 5472 1078 5543 ὑμῶν
1119 5468 1317 5543 σοφίαν
1359 5475 1564 5537 πάντες
1594 5457 1910 5548 θαυμάσονῖ-

2019 5477 2303 5539 rabuntur,
2349 5483 2405 5528 et
2460 5485 2559 5525 nos
2602 5476 2842 5523 vestram
2903 5461 3124 5519 dicendi
3168 5457 3481 5513 facultatem
3530 5463 3587 5508 et

280 5576 434 5617 ται,
478 5561 571 5613 καὶ
610 5562 637 5630 ἦ
649 5564 772 5629 μείς
811 5563 909 5635 την
952 5565 1228 5637 ὑμετέραν
1262 5566 1390 5638 περὶ
1433 5565 1494 5621 τὸ
1532 5566 1710 5637 λέγειν
1744 5569 1910 5627 δύνα-

2019 5576 2184 5624 artem
2257 5562 2583 5627 laudantes,
2647 5567 2704 5614 et
2765 5562 3048 5624 acceptam
3132 5549 3431 5611 habentes,
3487 5557 3591 5597 vos

443 5746 462 5773 ⁸
497 5744 600 5797 La.
639 5761 784 5808 xxxx,
825 5746 906 5801 ιι.
