4080 6374
478 248 587 310 283

1725 238 2013 299 MENSIS
2054 236 2491 301 NOVEMBER.

3626 224 3735 290 284

479 357 692 430 magnis
739 356 902 413 donis
954 349 1456 410 rcmnnerabimus.
1500 348 1639 404 Cum
1682 363 1762 404 ea!
1799 364 1933 419 ergo
1967 349 2097 409 lit-4

2203 364 2262 402 μιν
2288 346 2384 399 καὶ
2410 345 2609 415 τέχνην
2632 338 3028 410 ἀποδεξάμενοι
3046 339 3308 413 μεγάλαις
3335 340 3481 411 sua;
3502 341 3736 413 δωρεαῖς

482 463 611 509 terae
643 450 790 504 brevi
816 463 913 519 per
940 456 1112 501 totum
1139 459 1300 499 suum
1329 443 1707 514 pervasissent
1738 443 2056 513 imperium,

2162 436 2536 509 ἀμειψόμεθα.
2586 435 2713 490 Τῶν
2751 434 3099 506 γραμμάτων
3183 433 3366 489 τοίνυν
3410 435 3596 490 πᾶσαν
3636 434 3737 506 τὴν

480 553 857 603 convenerunt
888 541 956 597 ad
989 542 1169 611 ipsum
1198 538 1364 595 electi
1394 553 1628 594 numero
1659 538 2060 609 quinquaginta

2203 532 2255 585 π’
2288 532 2453 587 αὐτὸν
2486 531 2666 602 ἀρχὴν
2700 532 2758 584 ἐν
2808 528 2984 599 ὀλίγῳ
3021 526 3433 607 ,περιελθόντων
3476 527 3740 598 συνῆλθον

481 644 764 699 oratores,
801 633 896 702 qui
939 641 1099 687 erant
1172 646 1332 687 acres
1388 631 1453 685 ad
1527 628 1958 693 inveniendum,
2007 637 2065 686 et

2203 627 2305 699 τρὸς
2350 627 2514 682 αὑτὸν
2559 626 2622 692 ὶξ
2668 624 2938 696 ὲπιλογῆς
2973 624 3067 678 τδν
3109 622 3346 696 ἀριθμὸν
3400 624 3741 693 πεντήκοντα

482 727 714 781 multum
747 724 1001 778 valebant
1052 722 1105 778 in
1162 722 1419 778 dicendo.
1466 723 1762 788 Quoseum
1814 721 2065 792 proxime

2207 721 2423 790 ήτορες,
2466 718 2612 782 ὀξεῖς
2663 734 2724 770 τε
2774 718 2964 787 νοῆσαι
3018 718 3114 770 καὶ
3162 718 3336 770 εἰπεῖν
3391 716 3740 770 ίκανιίιτατοι.

483 816 761 874 sistendos
813 824 1063 871 curasset
1120 815 1428 870 Maxentius
1492 813 1937 887 [Maximinus],
2005 821 2068 868 ut

2203 811 2282 865 ἰαὶ
2312 810 2543 874 τούτους
2589 809 2879 878 ἐγγυτάτω
2920 809 3422 880 παραστησάμενος
3463 811 3492 862 ό
3526 809 3744 875 Μαξίν-

486 909 855 964 familiaritate
889 924 985 964 eos
1018 910 1188 980 magis
1213 917 1437 963 acueret
1466 918 1520 964 et
1552 908 1815 963 incitaret
1853 908 2025 974 :Quaa
2050 947 2066 974 ,

486 1001 686 1070 inquit.
720 1016 750 1055 a
795 1001 955 1054 nobis
994 1001 1060 1056 ad
1107 1015 1204 1055 vos
1235 1000 1415 1055 missae
1449 1007 1579 1054 sunt
1625 999 1847 1061 littera,
1896 998 2069 1069 signi-

2171 899 2286 966 τίιος
2339 902 2429 956 ινα
2476 902 2572 955 καὶ
2616 900 2781 956 πλέον
2821 901 3115 975 παραθήξῃ
3140 904 3264 965 ταῖς
3292 900 3625 968 οίκειώσεσι,
3671 903 3748 957 Τὸ

2172 997 2310 1066 παρ’
2341 994 2526 1066 ἡμῶν,
2560 993 2688 1067 ἔφη,
2720 993 2960 1065 γράμμα
2990 992 3242 1063 πεμφθὲν
3273 995 3413 1064 πρὸς
3456 995 3603 1064 ὑμᾶς
3628 994 3751 1066 tu]-

488 1091 726 1146 licarunt
775 1107 996 1147 causam
1042 1093 1209 1147 vestri
1264 1093 1375 1146 huc
1422 1092 1713 1147 adventus.
1758 1093 1870 1148 Vos
1939 1107 2072 1162 ergo

2204 1106 2314 1143 ωσε
2343 1087 2443 1159 τὴν
2472 1088 2654 1143 αἰτίαν
2684 1087 2780 1157 τῆς
2809 1086 3045 1141 ἐνταῦθα
3081 1086 3238 1157 ὑμῶν
3264 1086 3527 1155 ἀφίξεως.
3560 1088 3752 1158 Παρα-

488 1183 722 1253 pulclire
753 1184 1004 1252 vosipsos
1066 1184 1272 1253 paretis
1298 1192 1351 1236 et
1380 1182 1689 1238 instruatis.
1714 1183 1902 1251 Neque
1924 1182 2071 1253 quod

2203 1178 2513 1236 ’κευάσασθε
2538 1180 2632 1234 οὖν
2671 1179 2931 1251 ίσχυριῖις,
2976 1178 3070 1232 καὶ
3104 1178 3203 1249 μὴ,
3235 1179 3316 1232 ὅτι
3352 1177 3487 1249 θῆλυ
3514 1179 3576 1232 τὸ
3600 1180 3753 1233 ἀντι-

489 1275 561 1328 sit
608 1273 924 1327 adversaria
973 1274 1219 1334 femina.
1280 1274 1505 1342 segnius
1559 1285 1655 1328 aut
1706 1274 2076 1344 negligentius

489 1366 728 1421 veniatis
761 1365 827 1418 ad
866 1376 1183 1431 certamen,
1218 1366 1311 1421 sed
1350 1377 1608 1435 tanquam
1644 1375 1837 1420 contra
1886 1367 2075 1422 fortis-

493 1457 697 1511 simum
749 1456 1150 1519 adversarium.
1196 1473 1469 1524 generoso
1511 1467 1567 1512 et
1605 1458 1825 1512 excelso
1866 1458 2073 1526 animo,

2181 1275 2521 1345 μαχόμενον,
2554 1273 2856 1347 ἀργότερόν
2896 1290 3015 1336 πως
3057 1274 3139 1334 είς
3175 1272 3268 1325 τὸν
3299 1272 3490 1341 ἀγῶνα
3518 1273 3550 1343 ἢ
3583 1272 3756 1344 ρᾳθυ-

2181 1368 2413 1438 μότερον
2464 1366 2820 1438 ἀπαντήσητε
2847 1405 2864 1430 ,
2897 1364 3015 1419 ἀλλ’
3042 1365 3119 1428 ὡς
3152 1365 3294 1436 πρὸς
3339 1364 3756 1436 ἀνταγωνιστὴν

2178 1458 2557 1527 ἀνδρειότατον
2597 1456 2743 1512 οὕτω
2788 1457 3055 1526 γενναίως
3087 1457 3185 1510 καὶ
3227 1456 3377 1526 πάσῃ
3427 1458 3791 1527 παρασκευῇ⁴

491 1560 549 1604 et
574 1567 698 1605 eum
734 1551 884 1605 omni
927 1562 1194 1621 apparatu
1244 1552 1297 1607 in
1334 1567 1455 1606 eam
1492 1551 1810 1620 insnrgatis.
1850 1551 1986 1606 Nam
2034 1551 2079 1605 si

2203 1550 2530 1623 ῑιανάστητε.
2556 1550 2899 1621 Νικήσαντες
2936 1550 3035 1620 μὲν
3063 1549 3173 1620 γάρ
3201 1550 3262 1602 οὐ
3290 1549 3435 1619 μέγα
3467 1549 3761 1618 στήσεσθαι

493 1639 745 1694 viceritis
776 1641 1033 1710 quidem,
1087 1658 1193 1695 non
1229 1642 1562 1698 videbitnini
1614 1642 1806 1697 multis
1849 1658 2075 1713 parvum

2203 1647 2302 1707 τοῖς
2351 1643 2566 1708 πολλοίς
2614 1643 2795 1708 δόξετε
2849 1641 3116 1713 τρόπαιον
3145 1643 3192 1695 εί
3224 1640 3284 1694 δὲ
3335 1641 3429 1694 καὶ
3456 1641 3763 1712 ἡττηθῆναι
3822 1700 3829 1705 ,

494 1732 740 1787 erexisse
791 1740 1076 1802 trepmum.
1161 1734 1258 1789 Sin
1311 1744 1533 1802 autem,
1570 1737 1715 1806 quod
1767 1735 1944 1800 absit,
1982 1752 2079 1792 vos

2203 1739 2328 1808 υμᾶς
2350 1737 2555 1808 συμϐῇ,
2582 1737 2719 1807 ὅπερ
2750 1735 3088 1805 ἀπεύχομαι,
3122 1733 3367 1805 μεγάλην
3408 1733 3475 1787 ἂν
3496 1733 3762 1804 αίσχύνην

498 1822 645 1875 vim-i
682 1825 1012 1895 contigerit.
1056 1841 1311 1895 magnum
1345 1826 1588 1882 dedecus
1637 1826 1796 1881 vobis
1824 1827 2081 1882 consilia—

2182 1833 2319 1883 πᾶσι
2378 1830 2473 1884 καὶ
2505 1830 2721 1898 γέλωτα
2781 1829 2997 1897 δφλοιτε
3032 1842 3051 1861 ο

3094 1826 3238 1898 πρὸς
3288 1826 3398 1898 γάρ
3449 1827 3549 1897 τὴν
3601 1826 3766 1893 φύσιν

499 1914 652 1978 bilis,
684 1923 741 1970 et
771 1916 1088 1971 ridebimini
1124 1919 1192 1971 ab
1232 1919 1512 1979 omnibus.
1557 1919 1906 1989 Aspicientes
1933 1921 2080 1975 enim

2203 1921 2419 1992 ιρῶντες
2475 1923 2559 1976 ὅτι
2615 1922 2776 1993 γυνὴ,
2825 1920 3028 1992 ἀσθενῆ
3092 1920 3188 1974 καὶ
3251 1919 3343 1973 τὸν
3388 1919 3547 1986 λόγον
3592 1919 3766 1988 αὐτῆς

502 2008 567 2061 ad
602 2024 814 2071 sexum,
845 2009 992 2079 quod
1052 2011 1126 2066 sit
1174 2011 1394 2074 mulier.
1427 2027 1550 2067 eam
1591 2028 1716 2068 esse
1762 2014 2085 2069 existimant

504 2099 557 2152 in
596 2100 831 2155 dicendo
864 2101 1228 2169 imbecillam,
1259 2114 1316 2158 et
1358 2104 1479 2174 ejus
1522 2103 1857 2173 eloquentia:
1901 2104 2086 2159 nullas

504 2207 628 2246 esse
663 2194 809 2248 vires
864 2193 1225 2256 arbitrantur,
1278 2210 1515 2264 eamque
1579 2196 1720 2250 nihil
1755 2210 2086 2266 generosqu

505 2298 572 2335 ac
603 2282 741 2336 forte
778 2298 939 2353 posse
975 2293 1071 2336 aut
1104 2283 1306 2347 facere,
1343 2294 1438 2338 aut
1472 2284 1680 2339 dicere.
1708 2284 1822 2355 Ego
1876 2293 2087 2352 autem,

509 2384 570 2427 ut
601 2374 695 2442 qui
725 2375 844 2443 ejus
873 2382 1187 2428 accuratam
1234 2373 1469 2430 habeam
1512 2375 1934 2446 experientiam,
1965 2378 2088 2446 opi-

514 2480 616 2518 nor
648 2466 715 2517 ab
749 2480 813 2518 ea
846 2465 1155 2519 secundum
1186 2464 1435 2519 futurum
1484 2465 1790 2533 Platonem,
1823 2468 1920 2536 qui
1968 2467 2092 2521 tulit

512 2555 720 2624 primas
769 2564 955 2625 partes
1010 2555 1316 2625 sapientia‘.
1354 2557 1574 2626 Vosque
1619 2557 1700 2612 sic
1748 2557 1912 2612 velim
1969 2573 2094 2614 esse

392 2686 413 2705 ,
513 2656 753 2716 paratos,
786 2645 1014 2714 perinde
1049 2662 1111 2701 ac
1144 2646 1189 2702 si
1219 2647 1488 2703 adversus
1514 2647 1669 2703 illum
1698 2649 1877 2719 ipsum
1902 2650 2095 2709 essetis

511 2738 871 2794 deeertaturi.
903 2739 997 2794 Est
1027 2740 1175 2794 enim
1207 2739 1431 2806 melius,
1476 2755 1672 2812 magna
1709 2751 2094 2813 exspectantes

514 2831 764 2886 invenire
798 2830 1032 2897 minora,
1072 2847 1238 2902 quam
1270 2848 1442 2902 parva
1489 2841 1798 2902 sperantes,
1847 2833 2095 2890 incidere

513 2924 569 2978 in
607 2923 860 2981 fortiora.

2188 2017 2640 2087 ὑπολαμϐάνουσι
2691 2016 2787 2070 καὶ⁸
2831 2015 2934 2086 τὴν
2985 2015 3144 2084 ίσχῦν
3187 2010 3334 2068 εἶναι
3355 2062 3369 2079 ,
3400 2012 3493 2066 καὶ
3518 2011 3671 2065 οὐδὲν
3700 2011 3769 2064 ἂν

2188 2114 2442 2179 γενναῖον
2493 2110 2668 2179 αὐτὴν
2722 2107 2846 2162 οὐδὲ
2895 2106 3150 2178 ἀνδρικὸν
3190 2103 3316 2159 οὔτε
3347 2104 3558 2174 πρᾶξαί
3612 2120 3769 2169 ποτε,

2185 2198 2318 2253 οὕτε
2352 2201 2530 2254 εἰπεῖν
2570 2198 2890 2269 δυνηθῆναι.
2935 2196 3080 2265 Ἐγὼ
3118 2196 3175 2251 δὲ
3210 2196 3286 2259 ὡς
3331 2195 3532 2265 ἀκριδῆ
3573 2197 3773 2265 πεῖραν

2190 2293 2362 2361 αὐτῆς
2386 2291 2662 2362 ἑσχηκὼς,
2695 2292 2794 2345 καὶ
2821 2289 2986 2345 αὐτὸν
3013 2288 3077 2343 ἄν
3107 2306 3198 2359 μοι
3227 2288 3371 2342 δοκῶ
3401 2288 3469 2342 τὰ
3492 2288 3775 2358 δευτερεῖα

2187 2385 2396 2454 ταύτης
2433 2384 2581 2454 ἔχειν
2626 2382 2720 2436 τὸν
2771 2382 2844 2436 τά
2869 2382 3063 2453 πρῶτα
3087 2383 3186 2446 τῆς
3215 2380 3413 2449 σοφίας
3456 2379 3776 2449 ἀπεηγκάο

2192 2492 2358 2548 μενον
2390 2476 2678 2541 Πλάτωνα,
2713 2475 2807 2529 καὶ
2846 2475 2996 2543 ὑμᾶς
3042 2472 3237 2543 ὥσπερ
3269 2471 3337 2525 ἂν
3367 2472 3417 2527 εί
3445 2470 3581 2541 πρὸς
3608 2469 3778 2524 αὐτὸν

2191 2568 2401 2620 ὲκεῑνον
2430 2565 2574 2621 οὕτω
2605 2564 3134 2636 παρασκευάζεσθαι
3166 2562 3313 2630 ἀξιῶ
3350 2577 3366 2594 ο
3406 2563 3618 2633 βέλτιον
3659 2563 3775 2631 γὰρ

2197 2658 2416 2730 μεγάλα
2468 2657 2895 2729 προσδοκῶντας
2947 2655 3214 2710 ἀλάττονα
3272 2657 3479 2727 εὑρεῖν,
3532 2656 3781 2727 ἡμικρά

2194 2751 2529 2815 ἐλπίσαντας
2563 2749 2939 2822 ἰσχυροτέροις
2970 2749 3316 2818 περιπεσεῖν.

590 3017 720 3072 Vill.
756 3017 836 3073 Ad
868 3019 985 3075 haec
1017 3017 1157 3074 dixit
1188 3035 1334 3075 unus
1367 3034 1434 3075 ex
1461 3019 1804 3087 oratoribus,
1839 3019 1932 3089 qui
1975 3029 2097 3076 erat

2273 3021 2358 3074 H'.
2396 3019 2543 3090 Πρὸς
2571 3016 2747 3072 ταῦτα
2774 3011 2854 3083 εἷς
2886 3016 3001 3072 τῶν
3034 3017 3284 3089 ρητόρων
3314 3018 3343 3070 ὁ
3373 3015 3484 3072 τῶν
3511 3017 3609 3071 σὺν
3631 3018 3788 3089 αύτῷ

515 3109 753 3165 eximius
805 3111 950 3164 inter
975 3124 1194 3175 omnes,
1226 3111 1323 3181 qui
1355 3118 1516 3166 erant
1564 3124 1692 3165 cum
1735 3110 1870 3179 ipsis
1903 3127 1919 3165 :
1950 3109 2096 3166 Con-

517 3206 840 3253 sentaneum
893 3207 998 3263 est,
1030 3215 1063 3252 ο
1096 3200 1427 3270 imperator,
1486 3199 1605 3269 hate
1645 3199 1720 3253 ita
1766 3215 1824 3255 se
1869 3199 2096 3266 habere,

519 3298 575 3343 et
623 3290 1015 3357 intelligentem
1045 3305 1170 3345 esse
1220 3291 1544 3356 mulierem,
1577 3301 1636 3347 et
1667 3290 1816 3346 acuti
1868 3290 2096 3364 ingenii.

524 3383 631 3437 Sed
672 3399 779 3439 non
807 3384 1026 3440 videtur
1056 3384 1192 3439 mihi
1241 3383 1378 3449 fore,
1410 3393 1471 3439 ut
1503 3384 1776 3439 sustineat
1808 3386 2001 3441 venire
2042 3385 2099 3441 in

524 3484 881 3546 conspectum
905 3477 1164 3542 oratoris,
1200 3492 1267 3533 ne
1292 3475 1422 3530 dum
1458 3484 1519 3531 ut
1551 3493 1678 3532 eum
1698 3492 1766 3532 eo
1795 3477 1944 3532 ineat
1976 3492 2098 3534 cer-

527 3577 708 3623 tamen
743 3569 1155 3640 disputationis,
1189 3577 1245 3624 et
1275 3578 1374 3625 aut
1413 3570 1622 3639 aliquid
1666 3579 1962 3640 proponat,
2007 3579 2105 3626 aut

525 3670 784 3729 Opponat.
815 3659 957 3728 Quid
1001 3670 1088 3716 est
1115 3661 1267 3716 enim
1300 3661 1499 3715 mulier
1527 3661 1594 3716 ad
1642 3669 1817 3716 artem
1868 3662 2105 3719 rhetori-

524 3762 643 3804 cam
668 3749 690 3802 ’ἱ
715 3749 910 3805 Veniat
949 3760 1132 3807 tamen
1166 3751 1347 3805 solum
1372 3791 1388 3817 ,
1415 3760 1469 3806 te
1496 3750 1729 3821 jubente
1750 3791 1768 3817 ,
1797 3759 1853 3807 et
1889 3753 2106 3809 videbis

526 3859 650 3914 qua:
679 3844 941 3914 deinceps
989 3852 1427 3915 consequuntur.
1476 3843 1615 3901 Cum
1650 3859 1783 3915 ergo
1830 3855 2104 3900 oratorem

527 3935 665 3990 adeo
699 3936 971 3991 tumidum
999 3936 1230 3992 vidisset
1254 3937 1561 3993 Maxentius
1591 3935 2009 4010 [Maximinus].
2037 3937 2107 3994 ad

527 4028 866 4099 voluptatem
898 4040 955 4086 et
978 4029 1226 4086 laetitiam
1252 4031 1438 4085 statim
1470 4029 1577 4086 fuit
1607 4045 1946 4097 conversus,
1977 4045 2107 4101 spe-

528 4136 660 4175 rans
698 4122 904 4178 stultus
941 4122 1185 4194 linguam
1221 4122 1361 4178 adeo
1393 4121 1859 4193 intemperantem
1903 4131 1960 4179 et
2006 4138 2108 4178 au-

528 4211 720 4267 dacem
774 4229 1161 4282 persuasuram
1206 4214 1409 4285 liuguze
1458 4215 1759 4270 moderate
1813 4224 1870 4269 et
1938 4215 2111 4284 plena:

530 4303 819 4373 sapientia.
847 4304 1013 4360 Jubet
1040 4320 1173 4375 ergo
1210 4313 1339 4360 ante
1373 4319 1434 4360 se
1471 4304 1596 4360 sisti
1628 4314 1948 4377 martyrem.
1980 4304 2109 4361 Col-

2209 3112 2436 3167 πάντων
2494 3109 2909 3181 διαφορώτατος
2967 3106 3145 3167 εἶπεν.
3196 3111 3358 3174 Εἰκὸς
3402 3110 3549 3164 οὕτω
3607 3109 3788 3165 ταῦτα

2204 3204 2372 3275 ἔχειν,
2404 3197 2449 3257 ὧ
2486 3202 2736 3274 βασιλεῦ,
2770 3204 2868 3258 καὶ
2898 3204 3127 3274 συνετήν
3150 3220 3274 3257 τινα
3298 3202 3397 3273 τὴν
3426 3204 3662 3271 γυναῖκα
3688 3203 3794 3258 καὶ

2201 3296 2456 3366 ἀγχίνουν
2497 3290 2661 3350 εῖναι.
2710 3294 2853 3349 Ἀλλ’
2900 3296 2960 3350 οὐ
2983 3296 3135 3350 δοκεῖ
3172 3296 3438 3366 μοικατά
3484 3297 3789 3368 πρόσωπον

2203 3390 2431 3461 ῥήτορος
2490 3387 2660 3459 αὐτὴν
2707 3387 2886 3442 ἐλθεῖν
2944 3387 3271 3458 ὑπομείναι,
3317 3387 3394 3460 μὴ
3436 3389 3521 3443 ὅτι
3566 3405 3631 3458 γε
3682 3390 3786 3444 καὶ

2202 3479 2363 3549 λόγον
2401 3480 2658 3549 συνᾶραι,
2692 3479 2790 3534 καὶ
2818 3480 2899 3542 είς
2926 3478 3225 3549 προτάσεις
3259 3479 3409 3549 αὐτῷ
3436 3477 3532 3532 καὶ
3565 3480 3790 3533 ἀπιθὲρ

2209 3588 2323 3636 σεις
2383 3571 2669 3643 χωρῆσαι.
2728 3572 2794 3626 Τί
2832 3572 2941 3641 γάρ
2996 3573 3116 3625 ἐστι
3177 3571 3315 3643 γυνὴ
3380 3574 3520 3643 πρὸς
3581 3572 3794 3644 τέχνην

2209 3665 2528 3737 ῥητορικήν
2559 3680 2575 3730 ;
2612 3664 2799 3735 Ὅμως
2817 3662 3019 3717 ἐλθέτω
3055 3664 3216 3733 μόνον
3259 3663 3355 3718 σοῦ
3405 3663 3797 3730 κελεύσαντος,

2207 3755 2305 3809 καὶ
2346 3754 2469 3825 ὕψει
2500 3753 2571 3807 τά
2624 3755 2721 3808 ἐπὶ
2765 3753 3000 3818 τούτοις.
3045 3754 3151 3809 Τὸν
3187 3757 3402 3825 ῥήτορα
3432 3754 3616 3809 τοίνυν
3642 3754 3801 3809 οὕτω

2212 3847 2431 3919 μεγάλα
2480 3846 2746 3917 φυσῶντα
2793 3846 2918 3900 ίδὼν
2951 3846 2981 3899 ὁ
3026 3846 3350 3913 Μαξέντιος,
3402 3847 3545 3918 πρὸς
3589 3847 3801 3920 ἡδονὴν

2211 3939 2375 4005 εὐθὺς
2425 3939 2520 3995 καὶ
2591 3937 2935 4013 φαιδρότητα
2992 3940 3405 4010 μετεϐάλλετο,
3463 3941 3699 4005 ὶλπίσας
3765 3944 3804 3997 ὁ

2210 4030 2443 4102 μάταιος
2506 4028 2813 4084 ἀκόλαστον
2863 4029 3010 4083 οὕτω
3062 4030 3158 4084 καὶ
3212 4029 3475 4101 θρασεῖαν
3520 4031 3808 4099 ’γλῶτταν

2214 4118 2443 4191 ἐπιεικῆ
2506 4119 2602 4174 καὶ
2661 4119 2989 4191 φιλοσοφίας
3041 4119 3325 4189 γέμουσαν
3365 4120 3553 4174 πεῖσαι
3584 4119 3808 4190 ψυχήν.

2211 4212 2570 4285 Παραστῆναι
2600 4212 2785 4267 τοίνυν
2836 4211 2989 4282 αύτῷ
3036 4209 3253 4265 κελεύει
3306 4209 3408 4282 τὴν
3464 4212 3800 4281 μακαρίαν,

2215 4301 2533 4355 συνείλκετο
2596 4298 2654 4354 δὲ
2701 4299 2800 4354 καὶ
2855 4297 3063 4370 πλῆθος
3111 4298 3309 4368 ἀθρόον
3361 4300 3444 4361 si;
3502 4297 3638 4353 Θέαν
3689 4299 3810 4354 τοῦ

528 4395 670 4449 lecta
704 4410 924 4465 quoque
972 4396 1153 4453 fuerat
1196 4395 1458 4467 frequens
1491 4397 1828 4466 multitudo,
1875 4412 2097 4456 concur«

2216 4392 2431 4462 ἀγῶνος
2458 4390 2883 4462 ἐπιδραμόντες,
2905 4388 3050 4444 ὥστε
3083 4388 3277 4460 μαθεῖν
3308 4388 3577 4459 ὁπότερον
3625 4387 3822 4460 μέρος

532 4502 662 4542 rens
710 4486 782 4542 ad
832 4489 1213 4558 spectaculum
1268 4489 1610 4557 certaminis,
1652 4498 1714 4546 ut
1757 4491 1995 4558 scirent,
2042 4505 2109 4548 ex

532 4587 658 4634 utra
704 4587 861 4649 parte
918 4591 1091 4636 staret
1136 4580 1395 4647 victoria,
1437 4581 1695 4637 Nondum
1743 4592 2114 4656 pervenerant

532 4672 600 4727 ad
631 4672 934 4727 custodiam
977 4671 1051 4737 ii,
1082 4672 1178 4742 qui
1217 4672 1357 4744 jussi
1388 4673 1610 4729 fuerant
1656 4689 1778 4730 eam
1811 4675 2111 4746 adducere,

532 4776 658 4817 cum
685 4762 914 4831 angelus
939 4761 1154 4817 Domini
1182 4763 1234 4818 ei
1274 4777 1579 4833 apparens:
1611 4761 1735 4819 Noli
1766 4763 1984 4829 timere,
2012 4763 2113 4833 ait,

535 4851 631 4907 Dei
660 4852 861 4922 puella.
892 4851 1036 4907 Ecce
1069 4851 1217 4907 enim
1241 4862 1439 4923 praeter
1468 4860 1620 4907 tuam
1649 4853 1977 4923 sapientiam
2012 4854 2113 4910 tibi

536 4945 761 5000 dabitur
795 4961 823 5000 ει
856 4945 970 5001 Deo
998 4945 1267 5016 sapientia
1293 4984 1308 5012 ,
1352 4953 1410 5001 et
1443 4946 1805 5016 persuadebis
1837 4947 2108 5019 quinqua-

535 5038 685 5111 ginta
710 5038 1073 5094 *oratoribus.
1130 5037 1320 5108 Neque
1365 5037 1544 5094 solum
1576 5037 1941 5107 persuadebis
1963 5080 1980 5107 ,
2015 5039 2110 5096 sed

535 5139 591 5185 et
624 5133 791 5202 ipsos,
840 5137 896 5185 et
939 5129 1142 5185 multos
1193 5128 1352 5196 alios,
1388 5128 1484 5200 qui
1519 5137 1650 5184 sunt
1693 5144 1820 5185 cum
1876 5130 1996 5197 eis,
2044 5132 2113 5186 ad

537 5222 708 5277 Deum
754 5223 1017 5280 adduces.
1061 5221 1269 5278 Deinde
1323 5231 1382 5277 tu
1428 5235 1650 5292 quoque
1701 5222 1812 5278 eris
1862 5223 2116 5281 redimita

542 5330 742 5370 corona
781 5315 1059 5388 martyrii.
1113 5314 1242 5373 llaec
1279 5313 1372 5371 ille
1400 5312 1623 5385 quidem
1673 5328 1799 5370 cum
1848 5314 2111 5380 dixisset,

540 5405 696 5461 abiit.

613 5495 707 5553 IX.
754 5495 891 5552 Cum
938 5512 1061 5554 eam
1109 5505 1294 5554 autem
1341 5496 1684 5569 accepissent
1715 5494 1795 5562 ii,
1833 5494 1929 5566 qui
1962 5493 2117 5551 missi

541 5588 781 5653 fuerant,
814 5588 1098 5645 adducunt
1124 5590 1192 5645 ad
1229 5590 1468 5646 tribunal
1502 5587 1875 5661 imperatoris.
1907 5586 1975 5641 Et
2005 5592 2115 5640 sta—

543 5679 638 5735 tim
682 5680 936 5752 egregius
981 5681 1073 5739 illc
1118 5690 1342 5751 orator,
1393 5698 1556 5753 quem
1623 5681 1774 5753 prius
1830 5678 2069 5735 diximus
2099 5718 2112 5743 ,

2212 4484 2314 4556 τὴν
2382 4482 2623 4538 νικῶσαν
2683 4482 2999 4536 ἀποίσεται.
3058 4479 3232 4536 Οὔπω
3287 4481 3389 4549 τὴν
3440 4479 3695 4552 φυλακὴν
3752 4485 3825 4537 οι

2212 4576 2445 4646 ἀγαγείν
2471 4573 2640 4646 αὐτὴν
2667 4572 3077 4645 ἀπεσταλμένοι
3098 4571 3419 4638 κατέλασον,
3441 4571 3538 4626 καὶ
3561 4571 3831 4641 ἄγγελος

2213 4663 2282 4741 ἦν
2316 4668 2455 4739 αὐτῇ
2490 4666 2720 4730 ἐπιστὰς
2749 4665 2868 4734 καὶ,
2905 4666 2999 4736 Μὴ
3043 4663 3236 4736 φοϐοῦ,
3277 4665 3311 4736 ἡ
3356 4666 3487 4728 παῖς
3515 4662 3612 4717 τοῦ
3633 4663 3834 4733 Θεοῦ,

2215 4752 2408 4813 εἶπενο
2438 4758 2548 4813 ίδοὺ
2597 4757 2709 4830 γάρ
2755 4755 3048 4828 δοθήσεται
3094 4772 3179 4809 σοι
3232 4753 3398 4824 σοφία
3436 4754 3531 4808 ἐπὶ
3583 4755 3653 4823 τῇ
3726 4758 3826 4828 σῇ

2218 4853 2383 4923 σοφίᾳ.
2443 4852 2600 4924 παρά
2663 4849 2823 4916 Θεοῦ,
2878 4851 2976 4904 καὶ
3007 4849 3226 4913 πείσεις
3275 4847 3404 4912 τοὺς
3456 4848 3839 4913 πεντήκοντα

2215 4946 2476 5016 ῥήτορας.
2543 4943 2619 4997 UO
2650 4943 2864 5007 πείσεις
2910 4944 2970 4997 δὲ
3007 4944 3172 5013 μόνον
3223 4940 3440 5008 ἁπλῶς,
3497 4938 3636 4997 ἀλλὰ
3706 4944 3847 4999 καὶ

2214 5037 2414 5100 αὐτοὺς
2466 5034 2562 5091 καί⁵
2614 5033 2845 5098 πολλοὺς
2883 5036 2979 5089 σὺν
3013 5035 3198 5100 αὐτοῖς
3214 5032 3436 5106 ἐτέρους
3496 5028 3848 5102 προσάξεις

2215 5128 2355 5201 Θεῷ.
2393 5126 2528 5183 Εῐτα
2567 5129 2665 5183 καὶ
2693 5129 2833 5200 αὐτῇ
2889 5128 2983 5182 τὸν
3027 5128 3120 5181 τοῦ
3180 5128 3486 5199 μαρτυρίου
3529 5123 3853 5194 στέφανον

2216 5218 2504 5290 ἀναδήσει.
2533 5219 2721 5273 Ταῦτα
2759 5221 2788 5272 ὁ
2822 5217 2927 5289 μὲν
2958 5216 3132 5271 εἰπὼν
3170 5214 3370 5288 ᾤχετο.

2291 5487 2371 5543 6'.
2429 5487 2705 5551 Λαϐόντες
2729 5487 2786 5540 δὲ
2822 5485 2993 5558 αὐτὴν
3016 5487 3064 5540 oi
3101 5484 3515 5558 ἀπεσταλμένοι
3538 5482 3622 5555 τῷ
3652 5483 3867 5556 βασι-

2219 5581 2356 5650 λικῴ
2404 5580 2747 5650 προσάγουσι
2804 5576 3030 5649 βήματι.
3079 5578 3189 5632 Καὶ
3240 5578 3441 5632 αὐτίκα
3475 5576 3505 5629 ό
3550 5580 3869 5645 γενναῖος

2224 5674 2412 5745 ῥήτωρ
2443 5675 2666 5740 ἐκεῖνος,
2700 5669 2759 5726 ὃν
2782 5671 3074 5742 προλαϐὼν
3103 5673 3130 5726 ό
3166 5670 3325 5741 λόγος
3361 5670 3625 5741 ἐδήλωσε,
3661 5670 3872 5741 μέγα.
