4080 6374
296 343 398 406 28Ξ

1379 354 1850 420 MARTYRIL'M
1890 359 1948 422 S.
1994 354 2475 427 CATHARIN/E.

3461 380 3571 444 236

300 456 527 559 βλέπων
550 455 647 511 καὶ
676 455 910 559 σοϐαρὸν
939 459 1335 535 φθεγγόμενος,
1379 466 1455 521 Σὺ
1482 466 1557 529 ei,
1596 469 1786 537 φησὶν,
1840 470 1862 521 ί

1983 477 2134 527 torve
2169 473 2410 541 intuens,
2440 483 2497 531 et
2531 477 2769 547 superbe
2800 478 3075 550 loquens:
3109 482 3191 539 Tu
3222 498 3282 541 es
3310 527 3326 553 ,
3360 487 3564 559 inquit,

297 546 704 616 ἀναισχύντως,
732 548 880 604 οὕτω
903 553 1000 606 καὶ
1031 555 1245 624 ίταμῶς
1270 557 1353 620 είς
1382 557 1511 620 τοὺς
1531 559 1688 624 θεοὺς
1716 561 1879 632 ἡμῶν

298 639 696 709 ἐξυϐρίζουσας
756 644 870 697 Καὶ
917 646 1190 717 ἡμάρτυς
1246 651 1439 721 πράως
1484 652 1719 722 μάλιστα
1784 655 1880 709 καὶ

296 728 566 799 κοσμίως,
627 730 770 800 Ἐγώ
812 735 951 804 ειμι,
978 737 1344 809 ἀπεκρίνατο,
1384 740 1527 812 πλὴν
1572 742 1676 796 οὐκ
1726 745 1882 797 ἀναι-

295 821 569 891 σχύντως,
606 823 700 887 ζὼς
738 826 907 889 αὐτὸς
958 827 1118 898 ἔφης,
1153 831 1249 884 καὶ
1282 832 1513 901 ἰταμῶς,
1549 836 1789 906 μετρίως
1822 837 1880 892 δὲ

296 913 506 983 μᾶλλον
535 914 894 989 ἐφθεγξάμην
930 920 1026 973 καὶ
1071 921 1404 993 φιλαληθῶς.
1454 927 1564 979 Καὶ
1593 928 1622 979 6
1652 930 1838 998 ῥήτωρ
1860 971 1875 996 ,

293 1006 417 1059 Τῶν
465 1007 722 1075 μεγάλων
767 1011 1038 1081 ποιητῶν,
1074 1015 1233 1084 φησὶ,
1281 1017 1439 1080 θεοὺς
1468 1016 1704 1087 ὑψηλοὺς
1736 1020 1881 1073 ὲκεί-

292 1113 417 1160 νους
458 1098 835 1167 ὀνομαζόντων
867 1139 884 1163 ,
935 1103 1054 1168 πῶς
1099 1105 1237 1177 αὑτὴ
1282 1109 1378 1160 καὶ
1420 1107 1666 1176 γλῶτταν
1707 1114 1879 1176 κινεῖς

298 1189 424 1245 κατ’
460 1189 646 1243 αὐτῶν
676 1195 775 1244 καὶ
819 1193 960 1257 ὅλως
997 1195 1482 1267 ἀποθρασύνεσθαι
1534 1202 1601 1256 τὰ
1650 1202 1878 1258 τοιαῦτα

290 1277 521 1347 τολμᾷς,
550 1280 731 1332 καίτοι
786 1296 871 1346 γε,
910 1284 986 1347 ὡς
1016 1285 1045 1336 6
1080 1285 1237 1354 λόγος
1254 1288 1396 1359 ἔχει,
1428 1290 1527 1360 τῆς
1552 1292 1757 1347 τούτων
1787 1310 1878 1348 σο-

292 1364 419 1433 φίας
447 1367 540 1417 καὶ
563 1369 703 1433 αὐτῇ
746 1372 1088 1440 γευσαμένη,
1141 1375 1239 1427 καὶ
1266 1378 1365 1447 τῆς
1389 1376 1731 1449 γλυκύτητος
1759 1395 1875 1435 κομ

293 1456 631 1524 mundam;
697 1458 1016 1527 Εὐσυνέτως
1076 1464 1258 1519 τοίνυν
1329 1469 1514 1539 ἐκείνη
1567 1471 1659 1524 τὸν
1715 1473 1874 1542 λόγον

292 1550 664 1614 ὑπολαϐοῦσα,
717 1552 831 1623 Τὴν
887 1554 984 1623 μὲν
1031 1556 1228 1625 σοφίαν
1269 1558 1346 1623 ὡς
1377 1561 1471 1614 τοῦ
1517 1563 1675 1632 ἐμοῦ,
1714 1568 1870 1636 φησὶ,

289 1643 460 1715 δῶρον
489 1646 599 1715 ἔχω
630 1645 788 1712 θεοῦ,
830 1647 890 1710 ὅς
931 1649 1081 1701 ἐστιν
1116 1648 1151 1717 ἡ
1187 1651 1351 1717 σοφία
1380 1653 1534 1722 καὶὴ
1583 1654 1718 1723 ζωὴ,
1769 1659 1864 1711 καὶ

288 1734 344 1788 6-;
369 1738 437 1789 τά
466 1738 757 1806 φοόεισθαι
787 1739 884 1793 καὶ
921 1740 1019 1803 τὰς
1046 1740 1213 1795 αὑτοῦ
1244 1747 1435 1814 τηρεῖν
1466 1746 1689 1809 ἐντολὰς
1725 1749 1867 1820 ἀρχὴ

1983 577 2105 632 qum
2132 564 2265 621 deos
2292 577 2513 623 nostros
2548 577 2656 623 tam
2689 570 3039 641 impudenter
3060 582 3116 629 et
3149 575 3289 631 adeo
3325 577 3569 634 insolen-

1990 663 2075 709 ter
2099 656 2298 727 injuria
2332 658 2541 714 adicis?
2582 661 2786 733 Martyr
2838 672 3021 721 autem
3057 667 3216 723 valde
3266 668 3468 726 leniter
3510 682 3567 727 et

1980 744 2192 813 placide
2223 748 2509 818 respondit
2537 767 2553 807 :
2578 749 2690 820 Ego
2720 766 2866 818 sum,
2907 755 3003 810 sed
3054 772 3166 811 non
3215 758 3569 829 impudenter

1978 844 2035 891 et
2086 836 2409 901 insolenter.
2452 848 2512 893 ut
2554 840 2760 906 dixisti,
2810 847 2904 899 sed
2965 848 3244 903 moderate
3276 853 3459 919 potius
3508 864 3565 909 et

1976 941 2107 981 vere
2135 941 2255 983 sum
2290 929 2497 984 locuta.
2544 930 2693 986 Dixit
2727 948 2859 988 vero
2902 945 3092 991 orator
3143 957 3156 993 :
3200 940 3336 994 Cum
3378 946 3559 1015 magni

1977 1028 2151 1087 poeta:
2181 1020 2315 1074 deos
2357 1021 2499 1076 altos
2552 1021 2676 1076 illos
2722 1024 3026 1091 nominent,
3075 1032 3354 1096 quomodo
3405 1040 3461 1087 tu
3501 1035 3559 1089 in

1976 1122 2072 1162 eos
2120 1107 2360 1178 linguam
2410 1126 2629 1176 moves,
2678 1123 2734 1167 et
2790 1125 2897 1167 tam
2947 1115 3246 1172 insolenter
3284 1122 3455 1176 audes
3502 1122 3560 1178 in

1975 1213 2070 1253 eos
2127 1200 2441 1257 insultare?
2476 1205 2603 1267 etsi,
2660 1214 2719 1258 ut
2764 1205 2960 1270 fertur,
3009 1218 3065 1261 tu
3098 1224 3318 1279 quoque
3364 1228 3558 1268 eorum

1973 1293 2203 1360 gustasti
2241 1294 2593 1362 sapientiam,
2625 1303 2682 1350 et
2724 1296 2873 1351 fuisti
2904 1302 3182 1369 particeps
3227 1301 3557 1361 dulcedinis.

1973 1381 2068 1436 Illa
2098 1394 2280 1439 autem
2316 1386 2618 1454 prudenter
2648 1389 2992 1456 respondens
3025 1410 3037 1444 :
3073 1391 3260 1446 Habeo
3289 1394 3512 1462 quidem
3534 1435 3553 1463 ,

1973 1473 2172 1544 inquit,
2219 1477 2571 1548 sapientiam,
2614 1480 2760 1535 sicut
2793 1481 2897 1535 mei
2930 1482 3025 1536 Dei
3059 1482 3287 1551 donum,
3331 1486 3424 1555 qui
3468 1495 3557 1543 est

1971 1569 2241 1637 sapientia
2269 1580 2325 1625 et
2357 1571 2489 1638 vita,
2518 1584 2571 1628 et
2611 1589 2774 1643 quem
2812 1575 3006 1629 timere
3055 1585 3110 1630 et
3143 1578 3262 1646 ejus
3295 1580 3554 1639 mandata

1970 1674 2215 1723 servare.
2250 1672 2335 1717 est
2367 1663 2580 1719 initium
2614 1665 2898 1736 sapientiae
2946 1668 3294 1736 perfectioris
3338 1680 3393 1726 et
3439 1688 3557 1727 ma-

1965 1748 2122 1818 joris.
2159 1752 2267 1806 Res
2314 1763 2496 1809 autem
2544 1764 2853 1811 vestrorum
2891 1758 3121 1812 deorum
3167 1774 3291 1814 cum
3328 1761 3440 1816 sint
3473 1762 3554 1817 ri-

288 1827 479 1896 σοφίας
533 1828 653 1882 ἐστὶ
696 1827 1033 1899 τελεωτέρας
1090 1830 1187 1883 καὶ
1244 1833 1497 1902 μείζονος
1530 1849 1547 1867 ο
1570 1836 1639 1890 τὰ
1666 1836 1727 1890 δὲ
1764 1839 1862 1892 τῶι

1975 1841 2190 1907 diculze,
2221 1853 2279 1899 et
2308 1846 2481 1915 plenae
2508 1850 2676 1903 multa
2726 1850 3073 1919 deceptione,
3108 1854 3353 1907 nondum
3385 1854 3551 1910 ullam

288 1918 574 1988 ὑμετέρων
634 1918 775 1973 θεῶν
838 1922 1227 1990 καταγέλαστα
1283 1923 1449 1991 ὄντα,
1516 1928 1611 1981 καὶ
1665 1928 1873 2001 πολλῆς

285 2013 523 2082 γέμῖντα
560 2014 658 2079 τῆς
684 2014 905 2084 ἀπάτης
925 2054 942 2077 ,
980 2016 1165 2070 οὐκέτι
1201 2017 1325 2073 οὐδὲ
1353 2018 1505 2083 ἀξίου
1537 2021 1683 2085 τινὸς
1711 2021 1868 2093 ἔτυχε

281 2103 477 2173 ψόγου.
517 2105 667 2175 Πλὴν
698 2105 817 2159 ἀλλ’
852 2107 977 2160 είπὲ
1034 2110 1170 2178 ἡμῖν
1207 2111 1354 2173 ὅστις
1396 2128 1489 2164 σον
1536 2113 1646 2167 τῶν
1696 2118 1871 2185 μεγά.

284 2195 412 2262 λων,
445 2194 522 2259 ὥς
552 2196 688 2266 φὴς,
717 2199 958 2269 ποιητῶν
984 2201 1078 2253 καὶ
1109 2201 1259 2263 ὅπως
1305 2199 1462 2267 θεοὺς
1494 2204 1695 2269 αὐτοὺς
1720 2208 1868 2260 ἐπω-

282 2285 542 2357 νόμασεν.
590 2287 649 2342 '0
676 2288 736 2342 δὲ
765 2289 952 2361 ῥήτωρ
983 2306 997 2321 ’
1043 2291 1242 2362 Πρῶτα
1301 2293 1401 2365 μὲν
1464 2295 1493 2348 6
1527 2297 1863 2367 σοφώτατος,

283 2379 411 2462 ἔφη,
438 2384 689 2453 ποιητῶν
710 2383 860 2456 Ὀμη
870 2403 983 2457 ρος,
1011 2387 1376 2458 ἐπευχόμενος
1408 2390 1612 2444 οὑτωσὶ
1672 2390 1753 2462 τῷ
1775 2390 1861 2458 Δὶ,

258 2458 395 2537 τοῦ
420 2475 697 2542 κύδιστε,
727 2475 997 2546 μέγιστε,
1023 2480 1121 2533 καί
1165 2480 1453 2536 ἀθάνατοι
1487 2484 1609 2537 θεοί
1642 2458 1822 2539 ἄλλοι
1846 2501 1862 2520 ο

282 2567 473 2620 ἔπειτα
504 2567 565 2623 δὲ
597 2569 697 2622 καὶ
738 2571 768 2622 6
805 2571 1166 2642 περίσλεπτος
1211 2574 1448 2642 Ὀρφεὺς
1488 2574 1547 2628 ἐν
1591 2577 1659 2647 τῇ
1686 2575 1881 2630 αὐτοῦ.

282 2661 546 2734 θεογονίᾳ
571 2661 714 2716 οὕτω
729 2678 849 2726 πως
881 2665 1217 2735 εὐχαριστῶν
1244 2665 1324 2735 τῷ
1352 2665 1667 2731 Ἀπόλλωνι,
1693 2667 1738 2721 ὣ
1758 2668 1861 2722 ἀνα

283 2755 495 2825 Λητοῦς
536 2757 642 2819 uie,
678 2746 977 2826 ἀκατηὸὀλε
1017 2755 1197 2823 Φοῖϐε,
1236 2758 1491 2829 κραταιὲ,
1530 2758 1855 2830 πανδερκὲς,

282 2850 521 2917 ονητοῖσι
548 2850 652 2903 καὶΔ
669 2849 1019 2904 ἀθανάτοισιν
1051 2852 1321 2916 ἀνάσσων,
1370 2851 1547 2906 Ἦέλιι
1567 2852 1858 2920 χρυσέοσιν

281 2943 599 3013 ἀειρόμενει
633 2942 984 3013 πτερύγεσιν.
1036 2942 1196 2996 Οὕτω
1230 2942 1329 3013 μὲν
1364 2942 1458 2996 οὖν
1491 2944 1540 2997 oi
1571 2944 1857 3014 κράτιστοι

282 3035 372 3088 καὶ
419 3034 634 3105 πρῶτοι
681 3033 792 3087 τῶν
835 3032 1078 3104 ποιητῶν
1128 3033 1337 3103 ἐτίμων
1381 3051 1443 3087 τε
1509 3034 1709 3099 αὐτοὺς
1757 3035 1854 3088 καὶ

1973 1948 2074 2003 pro
2133 1936 2347 1991 meritis
2395 1948 2660 1999 assecutae
2721 1949 2852 1996 sunt
2907 1942 3394 2012 vituperationem.
3442 1946 3551 2001 Ve-

1972 2042 2092 2081 rum
2128 2029 2409 2084 enimvero
2437 2030 2527 2086 die
2567 2032 2747 2096 nobis,
2773 2034 3024 2103 quisnam
3057 2051 3123 2091 ex
3156 2037 3267 2093 tuis
3312 2037 3547 2107 magnis,

1971 2127 2031 2172 ut
2055 2117 2214 2183 dicis,
2243 2121 2443 2190 poetis,
2480 2131 2537 2176 et
2564 2124 2843 2192 quomodo
2872 2126 3005 2182 deos
3034 2126 3183 2196 ipsos
3215 2128 3546 2183 nominavit?

1968 2208 2165 2265 Orator
2227 2222 2406 2266 autem
2446 2229 2459 2266 :
2499 2212 2742 2268 Primum
2792 2215 3037 2285 quidem,
3089 2217 3287 2285 inquit,
3330 2217 3550 2287 sapiens

1966 2309 2128 2370 poeta
2160 2300 2433 2357 Homerus
2480 2303 2671 2361 Jovem
2712 2320 2967 2375 precaus.
3008 2308 3087 2362 sic
3121 2309 3255 2363 dicit
3288 2324 3303 2363 :
3331 2309 3550 2379 Jupiter

1964 2390 2404 2461 gloriosissime,
2448 2394 2720 2457 maxime,
2775 2404 2833 2449 et
2886 2395 2980 2450 alii
3035 2396 3112 2451 dii
3186 2398 3547 2454 immortales.

1965 2483 2174 2539 Deinde
2200 2484 2434 2557 insignis
2459 2500 2679 2555 quoque
2704 2488 2956 2557 Orpheus
2985 2487 3040 2542 in
3071 2504 3169 2543 sua
3205 2489 3543 2560 Theogenis,

1963 2577 2043 2632 sic
2074 2577 2278 2648 gratias
2313 2593 2481 2647 agens
2517 2578 2623 2633 deo
2670 2579 2932 2649 Apollini,
2967 2580 3103 2635 dicit
3137 2598 3152 2635 :
3181 2579 3227 2636 0
3259 2597 3356 2635 rex
3402 2580 3549 2635 illius

1962 2668 2208 2733 Latonis,
2235 2670 2451 2726 eminus
2482 2670 2711 2736 feriens,
2751 2679 2948 2740 potens
2980 2672 3204 2735 Phoebe,
3233 2673 3327 2743 qui
3361 2672 3547 2727 omnia

1962 2760 2223 2827 intueris,
2252 2769 2309 2816 et
2344 2760 2584 2831 imperas
2624 2764 2952 2820 mortalibus
3008 2772 3065 2819 et
3116 2765 3543 2832 immortalibus,

1962 2849 2090 2917 Sol,
2131 2852 2223 2920 qui
2271 2851 2326 2906 in
2364 2859 2535 2906 altum
2556 2853 2756 2922 pennis
2800 2855 2986 2911 aureis
3029 2856 3331 2912 extolleris.
3362 2857 3545 2927 Atque

1958 2942 2040 2997 sic
2091 2942 2315 3012 quidem
2377 2945 2818 3014 praestantissimi
2884 2956 2941 3001 et
2994 2947 3157 3017 primi
3209 2962 3277 3002 ex
3331 2951 3536 3018 poetis,

1960 3030 2107 3101 ipsos
2165 3031 2528 3099 honorabant,
2577 3043 2635 3089 et
2678 3035 2813 3090 deos
2861 3042 3053 3105 aperte
3092 3036 3382 3092 vocabant.
3425 3039 3539 3095 Ne-

280 3125 435 3188 θεοὺς
461 3124 721 3197 φανερῶς
764 3124 1067 3187 ἀθανάτους
1098 3125 1350 3179 ἐκάλουν.
1398 3123 1555 3195 Μηδέ
1583 3125 1649 3179 σὺ
1673 3125 1855 3180 τοίνυν

1963 3137 2064 3191 que
2100 3130 2157 3176 tu
2185 3138 2318 3194 ergo
2343 3124 2595 3194 decepta,
2624 3125 2949 3181 cruciﬁxum
2977 3127 3231 3183 attendas
3275 3136 3535 3199 tanquam

279 3217 381 3272 ὑπὸ
406 3219 510 3287 τῆς
568 3216 787 3287 ἀπάτης
831 3215 1173 3286 κλιπτομένη
1215 3219 1560 3289 προσανέχης
1598 3211 1688 3270 οἷα
1736 3218 1856 3288 Θεῷ

1963 3211 2154 3277 Deum,
2181 3228 2344 3283 quem
2375 3214 2559 3269 nullus
2590 3228 2658 3268 ex
2685 3214 2968 3270 veteribus
2995 3214 3218 3284 sapiens
3260 3214 3541 3272 invenitur

277 3308 354 3378 τῷ
396 3310 813 3379 ὲσταυρομείνῳ,
862 3307 924 3361 6v
956 3308 1077 3362 οὐδὲ
1117 3307 1227 3362 τῶν
1266 3309 1520 3362 παλαιῶν
1557 3325 1643 3372 τις
1691 3309 1856 3379 σοφὸν

278 3401 548 3470 ὀνομάσας
582 3399 920 3469 εὑρίσκεται,
968 3398 1096 3453 οὐδὲ
1146 3400 1197 3452 εί
1236 3400 1371 3463 Θεὸς
1421 3400 1643 3455 καλοῖτο
1672 3399 1850 3463 είδώς.

343 3490 400 3547 ι’.
436 3492 551 3545 Καὶ
576 3493 611 3563 ἡ
656 3492 894 3562 μάρτυς*
921 3490 1049 3558 Ναὶ,
1083 3490 1244 3560 φησὶ,
1290 3491 1359 3546 τά
1393 3494 1523 3563 περὶ
1561 3492 1669 3546 τῶν
1718 3494 1857 3549 θεῶν

283 3598 371 3635 σου
426 3580 607 3643 οὕτως
659 3580 810 3651 ἔχειν
843 3580 1090 3651 ὁμολογῶ
1119 3581 1216 3634 καὶ
1252 3580 1353 3636 οὐκ
1384 3582 1452 3636 ἂν
1498 3582 1853 3655 ἀντείποιμιο

279 3673 387 3726 ἀλλ’
434 3671 626 3727 ἐκεῖνά
688 3688 794 3726 που
863 3671 1124 3744 θήσομεν.
1177 3672 1427 3746 Ὅμηρος
1482 3674 1582 3743 μὲν
1631 3677 1741 3747 γὰρ
1793 3677 1853 3734 ὃν

280 3766 573 3837 κράτιστον
630 3764 878 3834 ποιητῶν
918 3764 1076 3835 ἔφης,
1121 3766 1286 3830 αὐτὸς
1311 3768 1523 3833 ἐκεῖνος
1548 3768 1717 3824 πάλιν
1759 3771 1854 3826 τὸν

282 3860 530 3929 μέγιστον
560 3858 823 3912 ἁπάντων
847 3857 985 3913 θεῶν
1015 3875 1108 3914 σου
1166 3862 1265 3915 Δία
1300 3860 1516 3932 μυρίοις
1559 3864 1853 3919 ὑποϐάλλει

279 3954 379 4014 τοῖς
412 3951 760 4021 ἀτοπήμασι,
787 3953 863 4021 πῆ
894 3950 995 4019 μὲν
1018 3950 1263 4022 ψεύστην
1313 3955 1408 4007 καὶ
1440 3955 1674 4021 σκολιὸν,
1710 3974 1852 4012 παν-

276 4038 461 4110 οῦργόν
501 4057 565 4092 τε
610 4041 706 4094 καὶ
754 4040 1046 4094 ἀπατεῶνα
1076 4041 1280 4108 καλῶν,
1321 4044 1396 4113 πῆ
1437 4044 1494 4097 δὲ
1548 4046 1654 4098 ὑπὸ
1675 4046 1855 4119 Ἤρας

279 4132 366 4186 καὶ
399 4132 741 4196 Ποσειδῶνος
767 4134 863 4187 καὶ
906 4133 1159 4204 Ἀθηνᾶς,
1191 4131 1324 4206 παρ’
1353 4135 1537 4205 ὀλίγον
1566 4137 1855 4209 δεσμώτην

278 4225 586 4294 γενόμενον.
606 4225 665 4278 El
688 4223 799 4294 γὰρ
831 4223 907 4295 μὴ
935 4224 1087 4294 παρά
1114 4224 1346 4288 θιτιδος
1375 4242 1504 4280 κατε
1515 4228 1726 4299 μηνύθη
1755 4230 1855 4301 τὴν

278 4317 595 4389 ἐπιϐουλὴν,
625 4316 724 4370 καὶ
754 4315 851 4369 τὸν
872 4318 1098 4384 Αἰγαῖον
1123 4314 1348 4385 φύλακα
1389 4318 1489 4387 τῆς
1512 4319 1720 4383 οἰκείας
1751 4336 1855 4375 σω-

277 4411 465 4481 τηρίας
514 4407 916 4478 προύϐάλλετο,
963 4408 1106 4480 τάχα
1150 4425 1235 4463 σοι
1263 4411 1375 4463 τῶν
1430 4410 1570 4463 θεῶν
1617 4412 1850 4466 καὶτῶν

1958 3303 2291 3372 nominasse,
2317 3320 2496 3376 neque
2529 3305 2694 3373 scire,
2718 3321 2788 3361 an
2814 3313 2963 3363 esset
2987 3304 3153 3363 Deus.

2023 3483 2095 3539 X.
2124 3484 2331 3556 Martyr
2368 3496 2554 3539 autem
2598 3482 2732 3538 dicit
2769 3500 2782 3537 :
2816 3484 2927 3539 Res
2968 3484 3201 3539 deorum
3252 3484 3432 3541 fateor
3460 3485 3536 3543 ita

1954 3592 2016 3633 se
2044 3576 2287 3641 habere;
2320 3591 2501 3647 neque
2531 3576 2985 3631 contradixerim.
3016 3576 3124 3632 Sed
3172 3577 3264 3633 illa
3312 3577 3538 3650 adjicie-

1955 3682 2102 3722 mus.
2129 3667 2266 3722 Nam
2291 3663 2566 3722 Homerus
2592 3666 2842 3737 quidem,
2873 3683 3035 3738 quem
3062 3668 3247 3723 dixisti
3275 3679 3537 3739 prestan-

1954 3757 2228 3814 tissimum
2298 3766 2631 3829 poetarum,
2675 3758 2766 3813 ille
2796 3757 2913 3828 ipse
2978 3773 3174 3814 rursus
3236 3760 3538 3815 maximum

1953 3852 2199 3905 omnium
2229 3850 2462 3907 deorum
2515 3850 2728 3915 Jovem,
2772 3851 3273 3907 innumerabilibus
3305 3851 3541 3923 subiicit

1952 3941 2418 4006 absurditatibus,
2451 3942 2651 3997 alicubi
2695 3942 2915 4012 quidem
2965 3943 3285 3999 mendaeem
3316 3952 3374 3998 et
3409 3957 3537 4013 per-

1953 4049 2209 4097 versum,
2260 4034 2586 4103 vafrumque
2634 4048 2840 4087 vocans
2894 4043 2951 4088 et
2997 4034 3388 4102 deceptorcm;
3434 4033 3533 4088 ali-

1953 4126 2082 4182 cubi
2113 4134 2296 4180 autem
2328 4140 2358 4178 a
2387 4123 2624 4189 Junone,
2651 4123 2906 4194 Neptuno
2950 4133 3006 4178 et
3048 4124 3290 4178 Minerva
3332 4132 3543 4194 praeter

1953 4219 2222 4273 rationem
2249 4217 2561 4288 conjectum
2607 4215 2662 4269 in
2692 4215 2933 4270 vincula.
2966 4214 3083 4270 Nisi
3112 4215 3260 4269 enim
3315 4231 3345 4269 a
3391 4215 3537 4270 The-

1957 4310 2070 4366 tide
2097 4309 2149 4364 ei
2183 4307 2504 4379 signiﬁcata:
2527 4307 2761 4362 fuissent
2787 4306 3019 4370 insidiae,
3048 4315 3105 4362 et
3131 4306 3364 4377 .Egeum
3395 4320 3537 4374 prsc-

1958 4402 2179 4457 l'ccisset
2201 4400 2471 4456 custodiae
2500 4415 2612 4455 suae
2642 4399 2856 4464 salutis,
2886 4400 3116 4454 deorum
3152 4408 3208 4453 et
3245 4399 3535 4452 hominum

278 4502 480 4574 ἀνδρῶν
511 4505 543 4556 ὁ
575 4503 765 4574 πατὴρ
800 4501 992 4566 ὕπτιος
1028 4504 1208 4557 ἔκειτο
1252 4504 1496 4572 δέσμιος,
1548 4503 1854 4575 ἀϐοήθητος

1963 4505 2114 4565 pater
2138 4495 2281 4549 forte
2328 4492 2427 4547 tibi
2470 4493 2736 4563 iacuisset
2786 4492 3041 4561 supinus,
3075 4492 3312 4557 vinctus,
3353 4507 3384 4545 a
3416 4505 3543 4545 mus

278 4591 377 4647 ὑπὸ
415 4594 513 4648 δύο
536 4594 821 4662 γυναικῶν
849 4593 947 4646 καὶ
984 4591 1318 4656 ποσειδῶνος
1346 4594 1852 4664 καταπαιζόμενος.

289 4685 345 4737 ὐ
386 4685 652 4756 μουσικὸς
695 4685 753 4739 δδ
802 4684 967 4739 πάλιν
1002 4685 1237 4756 Ὀρφεὺς
1281 4684 1488 4755 πολλὴν
1543 4686 1697 4757 ὑμῶν
1743 4687 1855 4742 τῶν

280 4775 470 4841 αὐτοὺς
515 4775 834 4847 σεϐομένων
868 4777 965 4831 καὶ
997 4768 1157 4839 οὗτος
1213 4774 1401 4831 ἄνοιαν
1433 4776 1528 4829 καὶ
1561 4778 1856 4849 παραπλη-

281 4866 394 4930 ξίαν
424 4867 867 4936 καταγινώσκει,
899 4867 994 4922 καὶ
1026 4867 1262 4937 μάλιστα
1286 4863 1403 4943 ὲνῇ
1438 4868 1607 4941 βίϐλῳ
1638 4870 1768 4941 περί
1797 4885 1855 4924 τε

279 4959 474 5026 αὐτῶν,
512 4959 595 5024 ὡς
629 4959 790 5030 ἔφης,
818 4958 928 5013 τῶν
970 4958 1117 5013 θεῶν
1145 4957 1247 5028 τῆς
1291 4961 1455 5030 γονῆς
1487 4962 1581 5014 καὶ
1621 4961 1719 5031 τῆς
1758 4961 1853 5015 τοῦ

279 5052 478 5123 κόσμου
505 5051 821 5123 συνέγραψε
848 5052 1103 5117 κτίσεως,
1161 5051 1306 5106 οὔτω
1331 5052 1449 5114 πῶς
1470 5053 1562 5105 καὶ
1595 5051 1727 5123 περὶ
1756 5053 1856 5124 τῆς

280 5139 548 5210 ὑμετέρας
596 5140 959 5212 ματαιότητος
992 5140 1222 5212 καὶτῆς
1267 5140 1513 5212 ἀμαθίας
1557 5141 1855 5212 ὑποσημήο

283 5249 395 5297 νας,
426 5233 554 5287 οὔτε
576 5235 776 5298 κακοῖς
805 5234 1274 5306 προσερχομένας
1302 5234 1536 5304 νοῆσαι,
1568 5233 1697 5288 οὔτε
1731 5237 1855 5300 ποϊς

286 5327 423 5393 μάλα
446 5325 760 5398 προτρέψαι
785 5326 1091 5396 κακότητος
1107 5325 1349 5399 ἔχουσιν,
1380 5322 1534 5396 ᾧτινι
1568 5327 1666 5381 καὶ
1692 5328 1857 5393 αὐτὸς

284 5414 431 5483 ὑμῶν
455 5417 484 5469 6
511 5418 679 5485 σοφὸς
716 5416 1142 5487 προσμαρτυρεῖ
1181 5415 1479 5488 Σοφοκλῆς.
1514 5415 1675 5470 Ἔστι
1698 5416 1854 5481 Θεὸς,

285 5504 465 5574 εἰπὼν,
502 5506 565 5571 6;
590 5508 826 5579 οὐρανὸν
857 5507 1043 5573 ἔτευξε
1068 5508 1165 5562 καὶ
1199 5510 1363 5577 γαῖαν
1389 5507 1630 5580 μακρὰν,
1657 5508 1854 5562 πόντου

286 5609 339 5649 τε
358 5599 602 5670 χαροπδν
627 5595 790 5672 οἶδμα
809 5600 904 5653 καὶ
937 5599 1158 5669 ἀνίμων
1199 5598 1342 5670 βίας.
1368 5599 1569 5670 Θνητοὶ
1600 5598 1657 5652 δὲ
1683 5599 1853 5652 πολυ-

292 5690 500 5763 κερδεεῃ
526 5692 1237 5766 πλανώμενοι,ῑόρυσάμεθα
1268 5695 1570 5763 πεμμάτων
1590 5691 1853 5764 παραψυ-

294 5781 384 5853 χὰς
405 5785 494 5838 καὶ
521 5783 661 5840 Θεῶν
722 5786 1042 5857 ἀγάλματα,
1073 5786 1246 5853 ξύλων
1267 5785 1361 5840 καὶ
1378 5785 1542 5841 λίθων
1567 5785 1628 5837 ἐκ
1651 5802 1751 5855 χρυ
1768 5801 1851 5836 το-

1955 4586 2185 4642 lieribus
2216 4593 2273 4640 et
2301 4583 2556 4654 Neptuno
2594 4584 2813 4638 illusus.
2850 4583 3065 4638 Rursus
3111 4582 3365 4652 Orpheus
3406 4596 3534 4636 mit-

1956 4678 2103 4733 sicus
2159 4691 2281 4741 vos,
2306 4678 2399 4746 qui
2433 4690 2531 4731 eos
2560 4675 2764 4741 colitis,
2794 4690 3004 4745 magna:
3029 4676 3283 4730 amentia:
3306 4674 3536 4729 damna~

1955 4771 2034 4825 vit
2076 4777 2134 4825 et
2186 4770 2456 4838 stuporis,
2505 4775 2562 4822 et
2608 4767 2842 4821 maxime
2894 4765 2948 4819 in
2994 4766 3168 4827 libro,
3216 4779 3417 4833 quem,
3467 4772 3530 4818 ut

1957 4863 2121 4927 dicis,
2149 4860 2372 4931 scripsit
2402 4860 2470 4914 de
2499 4867 2623 4914 ortu
2650 4858 2880 4913 deorum
2915 4865 2970 4911 et
2998 4855 3280 4911 creatione
3314 4855 3533 4922 mundi,

1956 4954 2036 5011 sic
2064 4962 2303 5009 vestram
2335 4951 2633 5006 vanitatem
2670 4948 2995 5019 signiﬁcans
3027 4955 3084 5002 et
3125 4944 3492 5015 ignorantiam
3512 4985 3532 5012 ,

1956 5047 2092 5103 dicit
2129 5063 2145 5101 :
2191 5043 2385 5116 Neque
2434 5043 2739 5097 adventans
2788 5041 2990 5095 malum
3031 5039 3282 5094 homines
3324 5036 3535 5092 intelli-

1956 5146 2114 5210 gunt,
2143 5152 2323 5208 neque
2370 5150 2495 5192 cum
2523 5133 2831 5198 advenerit,
2863 5132 3067 5186 malum
3095 5137 3327 5199 possunt
3374 5143 3534 5183 aver-

1958 5238 2095 5284 tere.
2153 5228 2256 5284 Cui
2301 5227 2469 5282 etiam
2534 5222 2866 5293 astipulatur
2914 5220 3135 5290 sapiens
3191 5231 3376 5273 vester
3426 5214 3529 5271 Seu

1957 5321 2203 5393 phocles.
2240 5320 2474 5375 dicens:
2506 5318 2602 5372 Est
2634 5316 2799 5378 Deus,
2846 5313 2943 5383 qui
2983 5310 3181 5367 coelum
3231 5309 3534 5363 fabricatus

1955 5420 2119 5470 estet
2145 5412 2365 5482 longam
2434 5417 2660 5474 terram,
2693 5418 2748 5462 et
2770 5404 2925 5475 ponti
2959 5404 3183 5475 glaucos
3209 5400 3410 5457 ﬂuctus
3429 5440 3445 5466 ,
3473 5406 3534 5456 et

1957 5516 2249 5561 ventorum
2285 5501 2594 5557 violentias.
2637 5498 2898 5554 Mortales
2925 5507 3112 5553 autem
3160 5495 3329 5552 corde
3370 5491 3535 5547 valde

1957 5606 2228 5665 errantes,
2255 5594 2609 5652 bellariorum
2638 5591 2939 5648 statuimus
2964 5590 3176 5653 solatia.
3208 5598 3265 5645 et
3295 5588 3529 5643 deorum

1960 5689 2263 5759 imagines,
2317 5701 2383 5741 ex
2437 5683 2600 5755 lignis
2648 5693 2704 5739 et
2758 5681 3037 5753 lapidibus
3092 5696 3226 5738 auro
3299 5678 3527 5733 structis

1961 5783 2179 5851 ﬁguras.
2242 5778 2336 5833 llis
2382 5784 2564 5832 autem
2621 5774 3022 5837 sacriﬁcantes,
3084 5783 3140 5828 et
3187 5772 3306 5828 dies
3358 5771 3532 5826 festos
