4080 6374
482 327 586 393 ‘2‘87

1724 325 2010 385 ΜΕΝὸίὸ
2052 323 2464 387 NOVEMBER

3627 319 3738 383 288

485 463 660 503 novos
708 446 1088 512 celebrantes,
1132 454 1425 516 prepterea
1469 458 1572 498 nos
1614 441 1735 512 pios
1783 457 1904 498 esse
1954 442 2054 496 du-

2168 441 2396 496 ιεύκτων
2415 442 2480 496 τύ
2491 441 2841 508 πους,θυσίας
2867 442 2924 496 δὲ
2941 441 3152 507 τούτοις
3173 443 3266 498 καὶ
3286 443 3482 506 καινὰς
3517 443 3740 512 τεύχον-

485 556 683 594 61111118.

554 632 648 686 XI.
687 631 842 696 Quod
885 640 1066 687 autem
1098 633 1420 689 crucifixum
1475 650 1544 690 ne
1588 635 1766 689 solum
1813 632 2045 703 quidem

487 739 686 778 nomen
717 724 896 778 dixisti
925 726 1126 780 habere
1153 727 1294 796 apud
1322 739 1556 792 veteres,
1591 738 1806 798 oportet
1828 727 2052 796 quidem

488 830 594 867 non
632 829 751 868 esse
797 815 956 869 nimis
1002 817 1296 878 curiosum.
1352 834 1527 887 neque
1563 817 1630 874 de
1667 833 1734 873 eo
1786 817 2056 872 humanas

487 905 719 958 scrutari
785 909 1041 968 rationes,
1099 908 1244 976 quod
1291 910 1362 962 sit
1428 910 1570 964 Deus
1623 924 1811 973 verus.
1872 907 2055 977 opifex

485 999 633 1059 caeli.
663 1010 717 1052 et
749 1008 925 1054 teme.
958 1011 1012 1053 et
1036 1001 1217 1060 maris.
1247 1013 1302 1055 et
1333 1002 1558 1064 solis,et
1589 1002 1752 1065 lunae,
1789 1011 1845 1055 et
1875 1010 2057 1055 astro-

485 1104 629 1146 rum.
660 1096 714 1141 et
765 1089 1000 1143 universi
1036 1091 1318 1143 hominum
1351 1093 1589 1158 generis,
1636 1092 2059 1160 incomprehen-

486 1179 686 1242 sibilis,
711 1180 1100 1248 inscrutahilis,
1167 1181 1926 1250 interminatus},ineffabilis.
1990 1180 2058 1236 Ut

485 1286 617 1324 vero
669 1287 754 1325 res
803 1273 921 1341 ejus
969 1289 1036 1326 ex
1081 1274 1277 1328 vestris
1325 1290 1544 1344 quoque
1591 1274 1911 1328 confirmem
1955 1274 2058 1342 (sic

490 1363 636 1416 enim
671 1363 835 1418 fuerit
879 1365 1104 1419 omnino
1127 1382 1157 1419 a
1191 1367 1503 1435 suspicione
1534 1366 1772 1420 alienum
1807 1366 2059 1420 testimo-

487 1453 686 1516 nium),
724 1454 849 1506 audi
903 1456 1371 1524 sapientissimam
1429 1457 1572 1513 inter
1601 1458 1861 1512 mulieres
1890 1458 2062 1529 sibyl-

489 1542 622 1605 lam,
656 1547 1063 1613 generationem
1094 1549 1214 1616 ejus
1241 1549 1542 1603 secundum
1575 1565 1817 1611 carnem,
1854 1559 1909 1604 et
1939 1552 2059 1620 ejus

490 1631 545 1684 in
591 1648 691 1685 nos
725 1635 1122 1702 providentiam
1173 1647 1230 1690 et
1275 1654 1463 1692 curam
1505 1639 1836 1694 ineffabilem
1873 1651 2059 1710 aperte

489 1724 911 1792 significantem.
977 1727 1032 1781 Si
1090 1729 1171 1782 vis
1210 1739 1416 1794 autem,
1462 1730 1579 1799 ipsa
1620 1745 1841 1799 quoque
1892 1732 2058 1786 verba

2165 550 2254 596 τες
2287 533 2661 603 πανηγύρεις,
2693 534 2977 588 εὐσέϐειαν
3027 530 3169 588 εἶναι
3205 534 3379 588 ταῦτα
3425 533 3738 602 νομίζομεν.

2241 626 2348 680 lA'.
2391 624 2512 678 Ὅτι
2557 623 2615 676 δέ
2673 625 2765 677 τὸν
2812 625 3226 696 ἐσταυρωμένον
3260 625 3334 696 μὴ
3367 623 3524 694 ψιλοῦ
3554 627 3737 694 τυχεῖν

2163 714 2432 783 ὀνόματος
2478 715 2631 785 παρά
2681 718 2795 779 τοῖς
2825 717 3076 780 παλαιοῖς
3105 717 3233 786 ἔφη,
3289 716 3456 786 ἐχρῆν
3493 717 3592 785 μὲν
3634 733 3742 786 μη-

2161 807 2216 860 δὲ
2248 805 2712 877 περιεργάζεσθαι
2758 809 2854 860 καὶ
2877 809 3378 878 πολυπραγμονεῖν,
3411 806 3546 877 μηδέ
3577 807 3740 884 ,λογι-

2164 901 2332 966 σμοῦς
2389 901 2617 970 ἐρευνᾷν
2667 900 3048 970 ἀνθρωπίνους
3091 900 3222 970 περὶ
3269 900 3465 962 αὑτοῦ,
3517 901 3595 964 ὡς
3624 902 3742 955 ἔστι

2168 992 2303 1055 Θεδς
2351 992 2557 1061 ἀληθὴς
2593 993 2827 1060 ούρανοῦ
2876 993 2972 1046 καὶ
3019 993 3123 1061 γῆς
3170 993 3266 1046 καὶ
3319 992 3596 1060 Θαλάσσης
3643 995 3743 1048 καὶ

2162 1083 2314 1154 ἡλίου
2354 1083 2448 1136 καὶ
2482 1083 2712 1153 σελήνης
2751 1085 2843 1138 καὶ
2867 1084 3114 1155 ἀστέρων
3146 1085 3239 1138 καὶ
3279 1085 3478 1148 παντδς
3501 1083 3596 1138 τοῦ
3631 1085 3742 1139 τῶν

2169 1175 2478 1243 ἀνθρώπων
2510 1180 2703 1244 γένους
2763 1177 3116 1246 δημιουργὸς,
3151 1178 3560 1247 ἀκατάληπτος,
3582 1180 3745 1245 ἀνεξσ

2162 1266 2472 1338 ερεύνητος,
2487 1270 2807 1339 ἀπέραντος,
2826 1268 3533 1340 ἀνεξιχνίαστος,1ἀρῤητοςο
3552 1268 3671 1322 Ἵνα
3683 1269 3743 1322 δέ

2173 1360 2356 1413 σοιτά
2387 1361 2518 1430 περὶ
2567 1360 2732 1413 αὑτοῦ
2775 1362 2871 1414 καὶ
2916 1361 3025 1414 άπὸ
3059 1360 3169 1413 τῶν
3217 1360 3502 1429 ὑμετέρων
3535 1361 3743 1414 πιστώ-

2169 1468 2350 1520 σωμαι
2383 1467 2398 1482 °
2450 1451 2597 1504 οὕτω
2626 1451 2734 1522 γὰρ
2766 1451 2831 1504 ἂν
2880 1452 2965 1522 εἴη
3025 1453 3244 1516 πάντως
3289 1452 3600 1514 ἀνύποπτος
3645 1454 3744 1505 καὶ

2165 1545 2198 1612 ἡ
2230 1544 2509 1613 μαρτυρία
2549 1559 2562 1574 ο
2620 1544 2720 1612 τῆς
2786 1545 3110 1614 σοφωτάτης
3169 1546 3228 1598 ἐν
3258 1544 3507 1613 γυναιξὶν
3571 1544 3742 1598 ἄκουε

2171 1634 2430 1703 σιϐύλλης
2465 1634 2562 1704 τὴν
2595 1635 2738 1689 κατά
2777 1639 2957 1705 σάρκα
2985 1636 3243 1706 γέννησιν
3275 1635 3462 1699 αὑτοῦ,
3504 1636 3600 1688 καὶ
3643 1635 3742 1705 τὴν

2169 1727 2298 1795 περὶ
2330 1726 2477 1794 ὑμᾶς
2501 1727 2758 1797 πρόνοιαν
2789 1731 2882 1779 καὶ
2904 1728 3002 1798 τὴν
3045 1727 3257 1796 ἄφατον
3289 1728 3456 1780 αὐτοῦ
3505 1728 3745 1797 κηδεμο-

488 1815 796 1870 audiemus.
849 1817 946 1871 Vix
1000 1819 1218 1872 tandem
1265 1830 1447 1874 autem
1498 1822 1682 1875 veniet
1730 1822 1952 1891 quidam
2003 1822 2060 1877 in

2168 1793 2283 1871 νεα-ν
2333 1793 2558 1886 σαφῶς⁷
2607 1793 3116 1888 ύποσημαινούσης,
3171 1822 3218 1872 εί
3265 1820 3445 1890 βούλει
3490 1793 3573 1884 δὲ,
3641 1793 3741 1874 καὶ

489 1905 629 1957 hanc
663 1907 983 1961 multifidam
1014 1916 1233 1973 terram,
1267 1921 1321 1967 et
1350 1912 1554 1981 absque
1585 1913 1742 1982 lapsu
1787 1915 1878 1968 fiet
1912 1929 2059 1968 caro.

487 1993 780 2051 [indefessis
818 2006 997 2051 autent
1053 2001 1302 2054 terminis
1331 2001 1632 2058 divinitatis
1663 2005 1838 2058 solvet
1864 2020 2060 2058 corru-

489 2088 728 2152 ptionem
795 2088 1147 2142 alfectionum
1201 2091 1709 2148 immedicabilium.
1763 2095 1826 2146 Et
1864 2095 1916 2148 ei
1956 2095 2063 2149 erit

493 2177 703 2231 invidia
733 2178 800 2250 lin
854 2181 1137 2235 incredulo
1181 2190 1404 2251 populo,
1436 2195 1492 2238 et
1522 2185 1572 2238 in
1612 2185 1721 2240 alto
1753 2189 2060 2255 suspende-

491 2277 600 2326 tur.
635 2280 890 2338 tanquam
916 2288 1040 2327 reus
1073 2276 1285 2329 mortis.
1315 2274 1438 2330 Haec
1483 2286 1664 2330 autem
1699 2279 1882 2332 omnia
1925 2279 2065 2334 leni-

490 2369 574 2414 ter
603 2364 857 2429 patietur.
929 2363 1058 2418 Vide
1089 2381 1307 2435 quoque
1338 2377 1516 2420 vatem
1547 2383 1576 2421 a
1609 2369 1894 2425 mendacio
1923 2371 2060 2426 alie.

487 2468 620 2506 num
659 2455 989 2521 Apollinem,
1024 2456 1254 2511 oblitum
1287 2441 1460 2513 solita:
1491 2474 1603 2513 suae
1625 2460 1981 2516 obscuritatis
2006 2470 2063 2516 et

485 2545 854 2614 ohliquitatis,
881 2555 936 2600 et
969 2549 1193 2616 nudam,
1236 2551 1454 2606 etiamsi
1489 2553 1647 2616 nolit,
1681 2553 1938 2608 edentem
1967 2570 2062 2609 ve-

485 2637 730 2692 ritatem.
791 2637 960 2703 Unus,
1017 2641 1212 2710 inquit,
1267 2658 1352 2698 me
1379 2645 1523 2714 cogit
1563 2645 1821 2708 cmlestis,
1854 2646 1948 2716 qui
1977 2658 2063 2705 est

485 2726 575 2780 lux
616 2729 901 2798 tripliciter
936 2730 1232 2801 refulgens.
1279 2732 1382 2799 Qui
1411 2750 1550 2790 vero
1577 2752 1768 2805 passus
1790 2747 1874 2791 est
1895 2737 2059 2805 Deus;

488 2834 598 2873 non
654 2837 812 2890 passa
858 2831 942 2876 est
991 2835 1172 2878 autem
1236 2825 1351 2894 ipsa
1406 2826 1690 2884 divinitas.
1747 2829 1922 2883 Ambo
1975 2839 2063 2884 est

2164 1910 2344 1963 αὐτῶν
2385 1910 2780 1979 ἐπακούσωμεν
2806 1912 2915 1965 τῶν
2945 1913 3238 1982 ῥημάτων.
3319 1912 3448 1982 Ὀψέ
3482 1912 3615 1967 ποτέ
3656 1929 3743 1976 τις

2165 2001 2262 2053 ἐπὶ
2294 2001 2396 2069 τὴν
2452 2002 2746 2074 πολυσχιδῆ
2794 2003 3002 2074 ταύτην
3055 2003 3268 2056 ἐλάσειε
3317 2004 3444 2074 γῆν,
3475 2008 3570 2058 κα)⁸
3620 2004 3746 2074 δίχα

2167 2090 2487 2160 σφάλματος
2519 2093 2826 2162 γενήσεται
2856 2094 3027 2164 σὰρξ,
3061 2094 3370 2164 ἀκαμάτοις
3394 2095 3452 2148 δὲ
3487 2096 3744 2168 θεότητος

2167 2181 2343 2252 ὅροις,
2407 2185 2647 2238 ἀνιάτων
2694 2185 2886 2239 παθῶν
2943 2185 3096 2239 λύσει
3149 2187 3382 2256 φθοράν.
3417 2189 3530 2242 Καὶ
3570 2191 3748 2258 τούτῳ

2170 2277 2198 2330 ὁ
2229 2276 2422 2344 φθόνος
2455 2279 2751 2345 γενήσεται
2774 2278 2834 2342 ἐξ
2857 2279 3088 2332 ἀπίστου
3121 2279 3275 2343 λαοῦ,
3303 2283 3399 2334 καὶ
3435 2282 3575 2348 πρὸς
3607 2283 3746 2352 ὕψος

2173 2367 2629 2437 κρεμασθήσεται
2687 2369 2764 2430 ὡς
2823 2370 3058 2425 θανάτου
3101 2373 3416 2436 κατάδικος.
3461 2374 3649 2428 Ταῦτα
3685 2376 3744 2430 δὲ

2162 2458 2342 2510 πάντα
2376 2458 2626 2511 πείσεται
2658 2461 2847 2529 πράως
2877 2477 2891 2495 ο
2930 2462 3031 2530 ὅρα
3069 2463 3126 2514 δέ
3170 2480 3253 2515 σοι
3275 2464 3370 2517 καὶ
3401 2465 3496 2518 τὸν
3525 2451 3797 2537 ἀψευδῇθ

2167 2547 2366 2616 μάντιν
2421 2547 2758 2613 Ἀπόλλωνα,
2789 2549 2892 2619 τῆς
2925 2551 3189 2620 συνήθους
3219 2552 3493 2622 ἀσαφείας
3515 2558 3609 2608 καὶ
3642 2559 3746 2624 τῆς

2168 2638 2460 2710 λοξότητος
2508 2641 2942 2713 ἐπιλελησμένον
2965 2645 3062 2697 καὶ
3098 2644 3316 2715 γυμνὴν
3355 2645 3453 2717 τὴν
3478 2647 3746 2717 ἀλήθειαν

2161 2732 2478 2786 ἀναδιδόντα
2528 2734 2730 2804 καὶμὴ
2770 2733 3116 2804 βουλόμενον.
3180 2731 3277 2814 εἷς
3317 2753 3404 2806 με,
3439 2740 3600 2806 φησὶ,
3629 2738 3751 2808 βιά-

2165 2824 2318 2889 ζεται
2395 2826 2647 2896 οὐράνιος
2723 2827 2782 2890 ὃς
2843 2829 2962 2880 ἐστι
3017 2829 3131 2896 φῶς
3180 2828 3511 2900 τριλαμπές.
3571 2830 3631 2883 '0
3681 2829 3741 2884 δὲ

489 2911 658 2976 enim,
719 2924 772 2966 et
830 2915 1048 2969 mortali
1097 2931 1348 2986 corpore.
1412 2928 1468 2973 et
1525 2920 1739 2974 alienus
1785 2936 1816 2973 a
1865 2937 2060 2975 corru-

2168 2917 2351 2971 παθὼν
2419 2918 2552 2981 Θεός
2617 2919 2736 2972 ἐστι
2807 2921 2903 2972 καὶ
2954 2921 3014 2973 ού
3064 2921 3260 2992 θεότης
3319 2923 3490 2976 πάθεν
3554 2923 3742 2993 αὐτή·

484 3009 689 3074 ptione.
735 3006 852 3070 Ipse
902 3009 1011 3076 jam
1070 3009 1210 3063 Deus
1264 3018 1348 3063 est
1375 3009 1480 3074 vir,
1532 3013 1716 3065 omnia
1771 3011 1954 3066 ferens
2003 3013 2060 3067 in

2168 3008 2328 3077 ἄμφω
2381 3011 2491 3080 γὰρ
2535 3010 2768 3081 βροτὸς,
2857 3011 2953 3065 καὶ
3018 3011 3316 3082 ἄμϐροτος.
3383 3015 3556 3078 Αὐτὸς
3614 3015 3751 3079 Θεὸς

485 3097 833 3158 mortalibus.
896 3113 1138 3164 crucem,
1213 3100 1623 3163 contumeliam,
1693 3102 2057 3170 sepulturam.

2168 3095 2266 3166 ήδη
2303 3097 2399 3149 καὶ
2430 3096 2592 3168 ἀνὴρ,
2642 3099 2826 3152 πάντα
2872 3099 3058 3167 φέρων
3103 3102 3169 3153 ὲκ
3214 3099 3449 3170 θνητοῖς,
3491 3102 3752 3173 σταυρὸν⁹

483 3191 584 3258 Qui
637 3194 801 3246 etiam
855 3207 921 3247 ex
963 3193 1273 3258 superciliis
1323 3192 1527 3247 calidas
1573 3193 1870 3258 aliquando
1919 3196 2060 3250 fudit

483 3283 776 3352 lacrymas.
826 3285 927 3350 Qui
967 3284 1210 3354 quinque
1258 3286 1425 3339 millia
1476 3287 1724 3355 implevit
1756 3287 2057 3345 frumento.

486 3375 635 3428 Velle
670 3375 814 3428 enim
858 3388 942 3430 est
977 3377 1159 3430 divina
1189 3377 1454 3445 potentia,
1501 3376 1753 3432 Christus
1783 3390 1867 3433 est
1905 3396 2059 3436 meus

486 3463 651 3527 Deos,
681 3466 786 3532 qui
825 3467 878 3519 in
912 3467 1056 3535 ligno
1083 3467 1185 3521 fuit
1217 3477 1495 3526 extensus.
1538 3467 1630 3535 qui
1663 3478 1930 3535 mortuus,
1964 3471 2059 3540 qui

487 3570 552 3607 ex
594 3555 874 3623 sepultura
901 3556 952 3608 in
994 3557 1192 3610 coelum
1223 3565 1306 3611 est
1331 3557 1595 3617 sublatus.

515 3687 524 3694 .
558 3643 670 3696 Xll.
699 3642 819 3697 Haec
847 3644 1015 3698 refert
1040 3645 1233 3714 Apollo
1255 3646 1391 3700 deus
1427 3647 1797 3728 tuuszetenim
1818 3664 1942 3703 cum
1965 3650 2058 3713 sit,

485 3743 570 3788 est
597 3749 792 3803 expers
848 3736 1124 3805 principii,
1177 3745 1234 3789 et
1285 3746 1591 3797 comternus
1634 3753 1758 3793 cum
1795 3741 1929 3806 Deo,
1962 3741 2061 3810 qui

485 3829 694 3895 genuit,
732 3827 1084 3896 principium,
1119 3827 1275 3882 radix
1322 3837 1379 3883 et
1438 3829 1560 3884 fons
1608 3830 1877 3885 bonorum
1935 3834 2058 3887 uni-

486 3934 771 3972 versorum
801 3935 815 3984 ;
849 3927 905 3973 et
939 3935 1062 3974 cum
1090 3934 1434 3989 quaecunque
1467 3929 1617 3986 sunt,
1639 3937 1707 3978 ex
1733 3923 1908 3977 nihilo
1932 3939 2061 3992 pro-

486 4007 755 4069 duxisset,
796 4023 972 4078 eaque
1032 4019 1258 4064 ornaret
1307 4025 1373 4064 ac
1404 4020 1640 4081 regeret,
1669 4023 1728 4067 et
1757 4029 1854 4067 sua
1894 4029 2059 4068 manu

487 4101 813 4164 contineret,
854 4114 1103 4156 nostrum
1138 4117 1313 4171 genus
1338 4112 1422 4158 est
1450 4105 1772 4168 fabricatus,
1813 4115 1870 4160 et
1901 4106 2064 4161 nobis

488 4194 690 4246 multas
735 4194 850 4248 vias
900 4195 1095 4248 muniit
1125 4195 1192 4248 ad
1243 4195 1496 4250 salutem.
1550 4195 1686 4251 Cum
1735 4212 1832 4252 eos
1875 4206 2062 4252 autem

488 4284 718 4338 vidisset
775 4286 1153 4352 supplantatos
1203 4287 1658 4356 transgressione,
1695 4297 1753 4343 et
1809 4290 2062 4346 amisisse

425 4446 438 4455 _
491 4374 666 4441 ipsum
693 4385 852 4442 caput
875 4378 1086 4438 salutis,
1104 4393 1296 4446 nempe
1317 4378 1714 4444 obedientiam,
1738 4380 1853 4450 ipse
1870 4397 2062 4436 rursus

2171 3187 2353 3259 ὓϐριν,
2400 3190 2602 3258 ταφὴν,
2639 3189 2699 3253 ὃς
2747 3191 2844 3243 καὶ
2892 3191 3000 3244 ἀπὸ
3051 3190 3338 3260 βλεφάρων
3385 3193 3516 3246 ποτὲ
3551 3194 3754 3264 χεύατο

2164 3280 2376 3352 δάκρυα
2408 3280 2607 3352 θερμὰ,
2633 3282 2692 3345 ὃς
2713 3271 2874 3336 πέντε
2895 3283 3142 3353 χιλιάδας
3167 3284 3357 3355 πυρῶν
3392 3286 3604 3354 κΰρεσε.
3679 3287 3755 3340 Τὸ

2170 3371 2279 3442 γὰρ
2308 3372 2461 3425 θέλεν
2483 3372 2757 3442 ἄμϐροτος
2785 3373 2948 3442 ἀλκή.
2985 3373 3215 3443 Χριστὸς
3245 3373 3375 3436 Θεὸς
3408 3375 3540 3443 ἐμός
3574 3376 3751 3440 ἐστιν,

2168 3460 2228 3524 ὃς
2290 3463 2346 3514 ἐν
2399 3461 2540 3534 ξύλῳ
2602 3461 2959 3533 ἐξετανύσθη,
3006 3463 3064 3527 ὃς
3123 3462 3303 3529 θάνεν,
3358 3462 3417 3527 ὃς
3470 3465 3534 3518 ἐκ
3571 3467 3754 3536 ταφῆς

2167 3556 2248 3617 εἰς
2280 3557 2442 3610 πόλον
2467 3551 2631 3628 ὦρτο.

2242 3648 2352 3706 ω’.
2391 3649 2582 3702 Ταῦτα
2615 3649 2894 3703 Ἀπόλλων
2915 3648 3169 3715 διέξεισιν
3185 3651 3214 3704 ὁ
3240 3650 3371 3713 Θεός
3389 3668 3482 3705 σου
3502 3666 3517 3682 ο
3544 3651 3754 3720 Κύριος

2169 3743 2280 3811 γὰρ
2312 3741 2655 3811 ουνάναρχος
2689 3739 2763 3793 ὢν
2787 3741 2864 3810 τῷ
2890 3743 3266 3810 γεγεννηκότι,
3293 3742 3582 3806 συναῖδιις,
3602 3743 3754 3813 ἀρχὴ

2170 3835 2266 3889 καὶ
2297 3834 2426 3904 ῥίζα
2477 3834 2571 3886 καὶ
2622 3834 2774 3904 πηγὴ
2818 3835 2926 3886 τῶν
2963 3817 3185 3902 ἀγαθῶν
3232 3837 3489 3889 ἁπάντων
3536 3836 3630 3890 καὶ
3679 3836 3756 3889 τὰ

2172 3926 2350 3979 πάντα
2399 3925 2460 3988 ἐξ
2507 3926 2610 3979 οὐκ
2651 3926 2820 3978 ὅντων
2853 3927 3212 3998 παραγαγὼν,
3257 3928 3354 3980 καὶ
3383 3928 3755 3998 κατακοσμῶν

2173 4015 2317 4068 αὐτὰ
2372 4015 2469 4068 καὶ
2518 4014 2830 4084 διακρατῶν
2864 4017 2960 4069 καὶ
2995 4017 3260 4087 συνέχων,
3289 4018 3467 4087 οἰκείᾳ
3510 4018 3654 4085 χειρὶ
3690 4017 3756 4070 τὸ

2172 4108 2452 4178 ἡμέτερον
2501 4106 2908 4179 ἐδημιούργησε
2957 4109 3137 4176 γένος,
3181 4109 3278 4162 καὶ
3325 4108 3525 4170 πολλὰς
3555 4108 3757 4176 ἔτεμεν

2170 4200 2303 4267 ἡμῖν
2324 4199 2404 4260 εἰς
2429 4199 2704 4268 σωτηρίαν
2738 4199 2913 4264 ὁδούς.
2960 4201 3120 4254 Ἐπεὶ
3159 4202 3217 4254 δὲ
3258 4201 3758 4266 ὑποσκελισθέντας

2171 4285 2282 4343 εἶδε
2317 4293 2384 4360 τῇ
2417 4290 2759 4360 παραϐάσει,
2788 4292 2882 4345 καὶ
2911 4290 2974 4344 τὸ
3005 4291 3304 4360 κεφάλαιον
3334 4294 3468 4347 αὐτὸ
3497 4296 3594 4364 τῆς
3639 4311 3756 4347 σω-

2169 4382 2390 4451 τηρίας,
2421 4383 2521 4451 τὴν
2552 4383 2819 4454 ὑπακοὴν,
2869 4384 3336 4454 ἀποϐεϐληκότας,
3364 4386 3425 4438 τὸ
3455 4386 3756 4452 κεφάλαιον

490 4465 620 4518 facit
659 4466 731 4526 id,
766 4468 910 4534 quod
953 4477 1038 4522 est
1069 4479 1230 4537 caput
1257 4470 1474 4535 salutis;
1503 4472 1670 4540 etqui
1701 4482 1786 4527 est
1817 4473 2061 4544 ejusdem

2171 4473 2335 4526 πάλιν
2388 4473 2554 4536 αὐτὸς
2597 4473 2694 4542 τῆς
2746 4475 3020 4545 σωτηρίας
3075 4475 3398 4544 ἐργάζεται,
3442 4477 3536 4529 καὶ
3569 4479 3596 4528 ὁ
3649 4476 3756 4545 τῆς

489 4562 720 4613 naturas.
747 4555 902 4624 cujus
925 4568 1101 4624 pater,
1120 4557 1177 4610 fit
1204 4567 1426 4626 propter
1454 4575 1556 4612 nos
1583 4560 1659 4623 id,
1683 4561 1831 4629 quod
1861 4577 1982 4631 ego,
2009 4571 2067 4618 et

489 4656 738 4699 versatur
757 4647 917 4700 simul
941 4663 1065 4700 cum
1095 4649 1434 4712 hominibus,
1454 4660 1512 4703 et
1535 4649 1651 4703 obit
1673 4662 1873 4706 terram
1900 4654 2068 4708 casti-

487 4753 640 4806 gans,
695 4738 1018 4803 admonens,
1053 4739 1277 4804 docens,
1312 4742 1497 4795 omnia
1531 4740 1738 4797 faciens
1781 4753 1838 4798 et
1869 4760 2068 4813 procu-

493 4843 640 4882 rans.
703 4830 910 4884 Deinde
976 4831 1141 4884 etiam
1197 4832 1346 4887 subit
1394 4843 1628 4902 mortem
1681 4850 1780 4904 pro
1836 4837 2062 4906 ingratis

487 4920 744 4982 famulis,
817 4936 1050 4990 eamque
1115 4922 1740 4991 ignominiosissimam,
1807 4927 2067 4995 conspui-

492 5020 690 5076 turque
742 5019 799 5063 et
857 5011 1107 5079 colaphis
1149 5012 1405 5079 caeditur,
1447 5023 1504 5068 et
1550 5014 1791 5068 sustinet
1837 5013 2068 5069 Creator

489 5101 694 5164 omnia,
725 5117 846 5169 quae
867 5104 1215 5156 condemnati
1256 5121 1269 5156 :
1309 5112 1364 5158 et
1396 5103 1538 5159 facta
1581 5113 1715 5160 sunt
1745 5104 1861 5160 ltaac
1882 5106 2067 5160 omnia

492 5203 713 5260 propter
758 5208 879 5254 nos,
921 5204 980 5248 ut
1013 5196 1323 5249 solveretur
1359 5197 1535 5264 prima
1563 5196 1978 5262 condemnatio,
2011 5207 2069 5253 et

491 5285 558 5337 de
585 5286 766 5339 medio
801 5287 1087 5340 tolleretur
1120 5288 1364 5358 tyrannis
1393 5288 1620 5353 diaboli,
1651 5298 1707 5344 et
1735 5290 1860 5344 cmli
1893 5300 2066 5360 porta!

492 5379 648 5434 nobis
678 5396 869 5436 rursus
907 5383 1278 5451 aperirentur,
1315 5399 1453 5453 quas
1482 5384 1620 5438 male
1656 5385 1816 5440 nobis
1863 5385 2062 5440 clausi-

492 5484 634 5524 mus.
687 5472 755 5525 Et
783 5489 884 5528 nec
931 5475 1215 5543 hucusque
1255 5474 1480 5544 quidem
1525 5475 1676 5529 stetit
1727 5491 1743 5529 :
1795 5475 1892 5530 sed
1941 5492 2066 5530 cum

491 5563 658 5616 etiam
696 5565 858 5618 tertio
891 5565 980 5620 die
1013 5569 1366 5632 surrexisset,
1397 5578 1454 5621 et
1491 5567 1545 5621 in
1579 5566 1748 5621 ccelos
1773 5567 2062 5622 ascendis-

493 5660 598 5716 set,
644 5654 787 5708 unde
814 5656 987 5720 venit,
1031 5656 1362 5712 ineflabilem
1402 5657 1580 5711 sancti
1630 5657 1871 5726 Spiritus
1903 5657 2064 5714 nobis

493 5741 717 5796 donavit
771 5745 1020 5814 gratiam,
1075 5759 1126 5802 et
1166 5749 1314 5803 misit
1359 5749 1676 5819 discipulos,
1721 5748 1867 5804 illius
1905 5765 2059 5804 l'll:lll-

2171 4563 2346 4631 αὐτῆς
2381 4562 2458 4631 τῷ
2495 4563 2672 4632 Πατρὶ
2707 4563 2923 4631 φύσεως
2953 4563 3049 4628 ὢν,
3090 4567 3302 4633 γίνεται
3333 4565 3401 4618 δι’
3435 4567 3581 4635 ἡμᾶς
3612 4565 3758 4636 ὅπερ

2168 4653 2304 4720 ἐγὼ,
2358 4654 2454 4704 καί⁷
2514 4654 3018 4724 συναναστρέφεται
3074 4655 3188 4719 τοῖς
3244 4655 3579 4726 ἀνθρώποις,
3652 4656 3759 4709 καὶ

2171 4745 2466 4814 περιπολεῖ
2499 4747 2598 4816 τὴν
2626 4745 2755 4814 γῆν,
2790 4747 3082 4813 παιδεύων,
3133 4748 3420 4815 νουθετῶν,
3450 4749 3754 4813 διδάσκων,

2170 4836 2355 4888 πάντα
2411 4837 2585 4888 ποιῶν
2663 4837 2804 4908 ὑπὲρ
2858 4838 3016 4907 ἡμῶν
3067 4838 3162 4892 καὶ
3197 4840 3756 4910 πραγματευόμενος,

2169 4927 2302 4982 Εἶτα
2360 4929 2455 4981 καλ⁵
2505 4927 2740 4982 θάνατον
2796 4928 2936 5000 ὑπὲρ
2974 4929 3082 4980 τῶν
3131 4930 3462 5000 ἀγνωμόνων
3518 4929 3760 4983 οἰκετῶν

2168 5019 2549 5087 καταδέχεται,
2578 5021 2672 5072 καὶ
2700 5018 2934 5074 θάνατον
2971 5020 3338 5074 ἐπονείδιστον
3372 5024 3468 5074 καὶ
3503 5023 3762 5091 ἐμπτύε-

2169 5123 2282 5173 ται,
2307 5107 2402 5160 καὶ
2431 5107 2745 5178 ῥαπίζεται,
2792 5107 2886 5160 καὶ
2923 5107 3028 5159 ὅσα
3067 5108 3175 5160 τῶν
3204 5107 3514 5161 καταδίκων
3549 5110 3576 5161 ό
3632 5110 3755 5176 Δη-

2174 5199 2433 5269 μιουργδς
2510 5199 2794 5267 ὑπομένει.
2839 5199 2947 5252 Καὶ
2997 5197 3173 5250 ταῦτα
3219 5201 3401 5253 πάντα
3450 5200 3640 5268 γέγονε
3677 5199 3760 5251 δι’

2172 5292 2348 5362 ἡμᾶς,
2380 5290 2525 5352 ὅπως
2555 5292 2586 5358 ὴ
2621 5289 2814 5360 πρώτη
2847 5288 3113 5359 καταδίκη
3139 5288 3296 5359 λυθῇ,
3349 5289 3446 5342 καὶ
3483 5290 3762 5362 ἀναιρεθῇ

2169 5382 2268 5436 τοῦ
2298 5381 2546 5434 διαϐόλου
2591 5383 2623 5449 ή
2666 5381 2948 5453 τυραννὶς,
2993 5381 3087 5434 καὶ
3118 5381 3385 5449 ἀνοιγῶσι
3414 5382 3579 5434 πάλιν
3615 5383 3764 5452 ἡμῖν

2171 5470 2398 5542 ούρανοῦ
2444 5471 2630 5536 πύλαι,
2688 5473 2759 5536 ἀς
2811 5475 2994 5534 κακῶς
3049 5473 3266 5535 ἑαυτοῖς
3317 5471 3760 5542 ἀπεκλείσαμιν.

2167 5566 2276 5616 Καὶ
2307 5563 2429 5616 οὐδὲ
2487 5564 2650 5636 μέχρι
2699 5565 2906 5618 τούτων
2941 5565 3095 5635 ἔστη,
3130 5564 3268 5618 ἀλλά
3315 5565 3412 5618 καὶ
3443 5567 3762 5636 τριήμερος

2168 5656 2432 5723 ἀναστὰς,
2491 5659 2585 5710 καὶ
2640 5656 2885 5710 ἀνελθὼν
2937 5657 3017 5720 εἰς
3075 5659 3202 5723 τοὺς
3268 5658 3572 5729 οὐρανοὺς,
3620 5656 3759 5710 ὅθεν

2171 5749 2451 5820 ἐλήλυθεν,
2488 5747 2802 5820 [ly-stipato;
2829 5747 2920 5803 τοῦ
2961 5750 3117 5818 ἁγίου
3159 5751 3366 5820 ἄφατον
3393 5751 3524 5822 ἡμῖν
3552 5747 3756 5818 ἐχαρί-
