4072 6390
325 327 439 390 389

1404 329 1877 389 MABTYRIUM
1918 328 1975 390 S.
2020 331 2329 392 CATIIAR
2345 334 2516 394 iNIE.

323 481 463 517 σατο
510 461 699 533 χάριν,
760 463 855 517 καὶ
906 461 1163 535 μαθητὰς
1210 462 1501 518 ἀπέστειλε
1545 464 1644 528 τὰς
1691 464 1904 518 ἐκείνου

2018 468 2140 523 data
2184 470 2547 539 przedicantes

3468 335 3585 399 290

2595 487 2608 525 :
2669 470 2764 541 qui
2791 469 2893 541 ipsi
2926 485 3146 542 quoque
3174 486 3338 527 omne
3369 470 3588 551 pericu-

324 553 708 627 κηρύττοντας
756 555 1012 621 ἐντολὰς,
1052 556 1232 610 πάντα
1272 556 1367 609 καὶ
1411 557 1610 621 αὐτοὺς
1661 556 1908 611 κίνδυνον

2014 561 2127 616 lum
2162 561 2443 628 subibant,
2476 572 2533 618 et
2579 574 2812 618 mortem
2842 565 3090 634 quotidie
3123 566 3495 626 sustinebant.
3526 574 3588 618 ut

322 647 781 719 ἀναδεχομένους,
815 648 908 701 καὶ
941 648 1337 720 καθημερινοῖς
1368 647 1618 711 θανάτοις
1639 651 1908 721 ἐγκαρτε-

327 741 581 810 ροῦντας,
614 740 756 794 ῶστε
790 741 883 793 τον
916 743 1046 811 περὶ
1073 740 1255 811 ψυχῆς
1337 742 1468 813 ἡμῖν
1510 740 1741 796 θᾶνατον
1806 742 1909 795 ἐπ·

326 831 568 902 αμῦναι,
611 834 706 886 καὶ
761 833 1065 901 ἀποστῆναι
1120 834 1302 886 πᾶσαν
1340 833 1559 905 ἀπάτην
1584 835 1763 907 ἡμῶν,
1815 834 1911 890 καὶ

322 925 429 992 τὴν
462 924 796 996 οἰκουμένην
826 924 979 996 αὐτῷ
1006 925 1362 995 παραστῆσαι
1392 927 1595 981 πᾶσαν.
1618 928 1719 981 Διά
1752 926 1911 980 τοῦτο
1964 926 1977 934 “

322 1016 437 1086 χρὴ
469 1016 559 1070 διά
595 1018 817 1072 πάντων
842 1017 1024 1070 ἐλθεῖν
1058 1017 1155 1070 καὶ
1181 1018 1355 1088 ἡμᾶς,
1389 1018 1487 1072 καὶ
1519 1019 1627 1079 τῶν
1654 1019 1910 1090 παθημά-

321 1122 440 1160 των
480 1108 634 1179 αὐτῷ
689 1109 1046 1178 κοινωνῆσαι,
1091 1112 1412 1180 συμφύτους
1464 1111 1788 1181 γενομένους
1830 1109 1910 1180 τῷ

323 1201 644 1270 ὁμοιώματι
701 1201 796 1254 τοῦ
851 1200 1108 1266 Θανάτου,
1160 1203 1247 1258 ἵνα
1284 1203 1380 1256 καὶ
1426 1203 1527 1273 τῆς
1559 1205 1909 1267 ἀναστάσεως

322 1295 427 1346 καὶ
454 1297 556 1364 τῆς
591 1293 868 1363 βασιλείας
897 1293 1049 1366 αὐτῷ
1076 1298 1517 1366 κοινωνήσωμεν.
1544 1296 1781 1367 Τούτοις,
1814 1296 1908 1350 οὖν

322 1386 429 1438 καὶ
492 1385 553 1438 σὲ
610 1385 896 1455 πεισθῆναι
944 1391 1241 1456 προσήκει,
1281 1386 1378 1440 καλ⁵
1408 1388 1571 1440 αὐτὸν
1612 1388 1908 1455 ἐπιγνῶναι

324 1477 465 1530 Θεὸν
507 1476 710 1547 ἀληθῆ,
739 1477 836 1530 καὶ
863 1477 1215 1548 οἰκειωθῆναι
1241 1477 1319 1548 τῷ
1355 1478 1568 1546 λέγοντι
1595 1496 1609 1509 ο
1648 1499 1665 1531 ι
1705 1483 1773 1532 Δε
1791 1478 1907 1546 ὖτε,

326 1568 539 1632 πάντες
567 1567 941 1631 οῖκοπιῶντες
970 1569 1067 1622 καί
1112 1569 1555 1639 πεφορτισμένοι,
1598 1569 1750 1639 κάγὼ
1779 1573 1910 1625 ἀνα-

329 1660 540 1713 παύσω
568 1659 738 1727 ὑμᾶς.
767 1677 787 1711 ι
822 1658 883 1711 Et
913 1658 969 1711 δὲ
1005 1659 1080 1728 μὴ
1104 1660 1337 1729 τούτοις,
1370 1659 1510 1713 ἀλλά
1531 1663 1644 1725 τοῖς
1664 1661 1768 1714 ὑπὸ
1798 1662 1909 1715 τῶν

328 1749 445 1802 σῶν
488 1747 634 1800 θεῶν
660 1764 723 1801 τε
758 1747 851 1801 καὶ
886 1748 1126 1818 ποιητῶν
1155 1748 1468 1819 εἰρημένοις
1499 1765 1512 1780 ·
1557 1750 1774 1812 πάντως
1800 1751 1909 1820 γάρ

328 1858 416 1895 σοι
453 1840 552 1893 καὶ
580 1843 609 1894 ὁ
636 1840 803 1910 σοφὸς
830 1839 1085 1905 Πλάτων,
1116 1841 1211 1894 καὶ
1235 1845 1262 1895 ὁ
1295 1841 1556 1913 μουσικὸς
1591 1841 1847 1912 Ὀρφεὺς,
1880 1842 1909 1895 ὁ

325 1937 429 1987 καὶ
457 1932 650 2003 ἄψυχα
673 1936 741 2004 τῇ
772 1932 915 2005 λύρα⁵
946 1933 1136 1998 κινῶν,
1161 1933 1237 1999 ὡς
1265 1935 1425 2003 λόγος
1455 1952 1469 1966 ο
1504 1934 1583 1987 ἔτι
1613 1935 1667 1987 δέ
1696 1952 1779 1988 σοι
1816 1934 1910 1987 καὶ

325 2025 357 2074 ὀ
387 2025 641 2090 γενναῖος
669 2024 880 2087 ἐκεῖνος
916 2023 1195 2077 Ἀπόλλων
1226 2025 1253 2077 ὁ
1283 2025 1528 2096 καθαρὸς
1551 2068 1565 2091 ,
1613 2025 1912 2097 διαρρήδην

329 2115 505 2169 αὐτὸν
531 2116 628 2169 καὶ
658 2115 888 2178 ἄκοντες
922 2113 1322 2185 ἀνομολογοῦσι
1354 2114 1489 2168 Θεὸν
1514 2154 1530 2182 ,
1566 2119 1661 2170 καί
1713 2134 1766 2171 τι
1815 2118 1913 2170 καὶ

324 2205 521 2258 αὐτῶν
552 2204 882 2275 παρεδεῐχθη
927 2205 1025 2276 τῆς
1053 2205 1314 2276 ἀληθείας
1338 2224 1354 2240 ο
1386 2205 1530 2260 ὥστε
1569 2207 1751 2261 πᾶσαν
1798 2208 1912 2271 τοῖς

328 2297 569 2350 ἀσεϐέσι
633 2298 912 2371 πρόφασιν
947 2297 1365 2369 περιαιρεθῆναι
1418 2297 1717 2367 κᾶνξαὺτοὶ
1761 2300 1911 2368 ἐμω-

332 2388 644 2458 ράνθησαν,
692 2388 788 2442 καὶ
838 2388 1133 2459 βλέποντες
1168 2388 1269 2459 οὐχ
1309 2387 1524 2459 ἐώρων,
1556 2389 1652 2442 καὶ
1681 2388 1912 2444 ἀκούονο

286 2471 291 2475 ’
326 2476 424 2542 τες
455 2478 522 2530 οὐ
554 2479 834 2532 συνίεσαν.

404 2566 509 2623 ll".
544 2569 767 2633 Τούτοις
792 2568 1213 2641 καταπλαγέντα
1253 2569 1344 2625 τιν
1370 2571 1574 2643 ῥήτορα
1602 2570 1699 2626 καὶ
1740 2570 1913 2643 αὐτὴν

326 2660 694 2731 ἑπισχεθέντα
739 2661 837 2732 τὴν
865 2661 1111 2730 γλῶτταν
1151 2664 1179 2715 ὁ
1227 2663 1490 2726 Βασιλεὺς
1553 2662 1910 2736 θεασάμενος,

327 2755 474 2825 πρὸς
498 2751 593 2806 τὸν
640 2752 938 2807 ὑπόλοιπον
967 2752 1228 2823 σύλλογον
1255 2752 1366 2807 τῶν
1388 2753 1632 2826 ρητόρων
1658 2758 1915 2825 ἐπιστρα-

330 2845 461 2913 φεὶς
490 2842 828 2914 προσϐαλεῖν
863 2844 961 2897 καὶ
1010 2844 1208 2904 αὐτοὺς
1250 2847 1317 2915 τῇ
1371 2846 1612 2919 μάρτυρι
1656 2847 1915 2919 προετρέ-

328 2951 495 2989 suto.
530 2936 597 2989 Οί
626 2935 684 2989 δι
712 2935 917 3000 εὐθέως
949 2935 1362 3006 ἀπαγορεύουσι
1403 2941 1495 2990 τον
1539 2939 1751 3007 ἀγῶνα,
1796 2940 1914 2995 Οὐκ

328 3024 539 3096 ἔχομεν
564 3024 889 3092 ἀντιθεῖναι,
923 3027 1197 3094 εἰπόντες,
1234 3028 1373 3101 πρὸς
1399 3028 1545 3100 άπερ
1577 3029 1716 3102 αὐτή
1753 3048 1907 3103 φησι,

1944 1810 1984 1865 Β

330 3117 589 3188 βασιλεῦ,
642 3119 740 3173 καὶ
785 3118 1024 3188 μάλιστα
1065 3120 1149 3172 ὅτι
1197 3119 1292 3173 καὶ
1331 3120 1425 3173 τὸν
1475 3122 1709 3193 άριστον
1753 3125 1910 3195 ἡμῶν
1938 3152 1983 3213 c

329 3210 481 3265 οὕτω
502 3210 693 3276 δεινῶς
718 3210 812 3264 ὑπ’
834 3211 1007 3282 αὐτῆς
1032 3212 1341 3284 ἡττημένον
1364 3214 1604 3285 ὁρῶμεν.
1644 3216 1912 3271 Ἐνταῦθα

326 3304 359 3355 ὁ
394 3304 707 3370 Μαξέντιος
734 3304 838 3357 οὑκ
883 3304 1125 3371 ἐνεγκὼν
1156 3304 1254 3376 τὴν
1290 3306 1528 3375 μανίαν,
1574 3307 1787 3361 κελεύει
1810 3308 1911 3361 αὒ-

329 3397 468 3451 τίκα
500 3398 686 3470 πυράν
715 3396 859 3450 κατά
890 3397 1063 3466 μέσην
1092 3398 1403 3467 ἀναφθῆναι
1449 3399 1549 3469 τὴν
1596 3400 1773 3467 πόλιν,
1815 3400 1914 3455 καὶ

332 3488 515 3558 ταύτῃ
545 3489 676 3551 τοὺς
708 3489 1053 3557 πεντήκοντα
1082 3489 1321 3560 ῥήτορας
1354 3490 1722 3562 ἐμϐληθῆναι.
1756 3493 1821 3545 οι
1855 3492 1913 3548 at

330 3578 434 3649 τῆς
469 3580 801 3645 ἀποφάσεως
842 3577 1179 3640 ἀκούσαντες
1208 3578 1420 3650 ταύτης
1471 3580 1729 3635 πίπτουσι
1775 3580 1914 3651 πρὸς

335 3670 467 3731 τοὺς
500 3669 806 3740 μακαρίους
837 3669 1052 3738 ἐκείνης
1085 3668 1279 3733 πόδας,
1306 3671 1403 3723 καὶ
1432 3671 1651 3742 θερμῶς
1680 3673 1912 3727 ἐκλιπα-

338 3760 501 3830 ροῦσι
549 3760 648 3813 καὶ
710 3759 1018 3812 ἱκετεύουσι
1076 3760 1503 3830 συγχωρηθῆναι
1572 3762 1672 3832 μὲν
1728 3765 1912 3829 αὐτοῖς

332 3854 489 3924 παρά
510 3850 608 3905 τοῦ
633 3851 850 3923 ἐκείνης
876 3850 1036 3917 Θεοῦ,
1072 3852 1186 3923 ῆτι
1226 3853 1321 3906 καὶ
1363 3853 1421 3905 ὲν
1495 3853 1688 3925 ἀγνοίᾳ
1735 3856 1914 3928 ἡμάρο

334 3962 519 4017 τηται,
556 3944 961 4013 καταξιωθῆναι
990 3961 1049 3996 τε
1094 3944 1294 4007 αὐτοὺς
1326 3947 1420 3998 καὶ
1441 3946 1533 3999 τοῦ
1563 3946 1705 4000 θείου
1724 3948 1916 4017 βαπτί-

335 4053 576 4108 σματος,
604 4038 703 4089 καὶ
732 4037 830 4104 τῆς
858 4034 1067 4106 δωρεᾶς
1096 4034 1195 4090 τοῦ
1233 4036 1393 4105 ἁγίου
1428 4037 1770 4107 Ηνεύματος,
1819 4040 1915 4093 καὶ

335 4130 409 4194 ὡς
434 4128 667 4183 δυνατὸν
694 4128 888 4197 ἐκείνῳ
918 4127 1292 4196 οίκειωθῆναι.
1350 4130 1494 4201 Πρὸς
1514 4133 1688 4187 ταῦτα
1714 4132 1913 4203 ἡδονῆς

341 4224 372 4290 ἡ
414 4221 631 4291 μάρτυς
680 4220 832 4282 θείας
879 4218 1313 4290 ὑποπλησθεῖσα,
1357 4222 1658 4292 Μακάριοι,
1718 4224 1910 4293 φησὶν,

2016 656 2210 710 anim
2258 666 2493 711 mortem
2550 672 2582 711 a
2634 658 2794 712 nobis
2852 657 3214 726 depello-ret,
3260 668 3315 713 et
3357 674 3580 714 onmem

2014 761 2260 801 errorem
2290 763 2319 800 a
2360 747 2520 801 nobis
2549 747 2907 809 adducerent,
2946 760 3001 803 et
3045 750 3364 802 universum
3393 766 3458 802 or
3499 769 3583 802 mn

2018 848 2175 894 terrae
2208 840 2274 893 ad
2311 855 2436 894 eum
2482 834 2843 895 adducerent:
2895 840 3187 909 Propttrca
3236 852 3452 909 oportet
3491 856 3587 896 nos

2017 945 2238 999 quoque
2292 931 2477 985 omnia
2517 932 2866 1001 persuadere.
2895 939 2950 984 et
2993 947 3113 985 esse
3143 934 3414 999 partieite
3468 933 3517 1002 ej
3548 949 3589 986 =s

2014 1025 2469 1092 perpessionem,
2529 1025 2924 1094 complantatos
2993 1023 3339 1078 similitudini
3396 1026 3588 1079 mortis

2015 1117 2155 1186 ejus.
2190 1125 2250 1171 ut
2273 1116 2699 1173 resurrectionis
2728 1126 2783 1171 et
2815 1116 2970 1185 regni
3007 1115 3181 1169 simus
3208 1131 3334 1169 eum
3360 1132 3426 1170 eo
3463 1132 3590 1184 par-

2018 1206 2217 1277 ticipes
2249 1210 2291 1262 ².
2365 1205 2463 1277 Opi
2485 1216 2595 1262 rtet
2620 1221 2751 1277 ergo
2783 1214 2833 1259 te
2867 1220 3108 1275 quoque.
3135 1205 3221 1258 bis
3245 1204 3587 1274 persuaderi,

2015 1309 2070 1352 et
2099 1298 2275 1366 ipsum
2300 1313 2487 1353 verum
2516 1298 2685 1352 Deum
2722 1312 3041 1367 agnoscere,
3081 1310 3136 1350 et
3168 1297 3217 1349 ei
3260 1296 3584 1350 familiarem

2016 1388 2178 1452 eliiei,
2207 1390 2301 1457 qui
2341 1388 2478 1443 dicit
2514 1403 2530 1443 :
2565 1407 2584 1440 ι
2620 1389 2840 1454 Venite,
2882 1403 3073 1443 omnes
3107 1389 3200 1458 qui
3235 1389 3498 1443 laboratis
3533 1399 3588 1444 et

2016 1480 2230 1534 onerati
2265 1481 2422 1544 estis,
2452 1490 2508 1535 et
2535 1496 2638 1551 ego
2672 1479 2915 1535 reﬁciam
2942 1495 3040 1536 vos
3074 1479 3115 1534 ⁸.
3154 1499 3171 1532 ι
3205 1479 3360 1547 Quod
3400 1482 3445 1535 si
3478 1497 3587 1535 non

2016 1569 2125 1635 his,
2182 1580 2235 1624 at
2283 1570 2352 1625 iis
2396 1571 2612 1634 saltem,
2654 1586 2776 1640 qua:
2806 1571 2950 1625 dicta
2999 1580 3130 1624 sunt
3172 1587 3200 1625 a
3249 1572 3357 1627 diis
3390 1574 3499 1628 tuis
3530 1582 3588 1628 et

2014 1659 2213 1730 poetis.
2249 1658 2486 1715 Omnino
2513 1662 2661 1717 enim
2685 1662 2787 1716 tibi
2813 1670 2871 1716 et
2914 1662 3135 1731 sapiens
3163 1662 3339 1728 Plato,
3373 1676 3426 1719 et
3467 1680 3588 1718 mu-

2015 1750 2163 1806 sicus
2192 1749 2459 1823 Orpheus,
2514 1757 2609 1822 qui
2657 1769 2754 1809 sua
2785 1756 2921 1826 lyra,
2976 1762 3037 1807 ut
3094 1755 3288 1821 fertur,
3328 1755 3587 1811 movebat

2010 1844 2175 1898 etiam
2201 1845 2531 1910 inanimata;
2564 1856 2824 1916 praeterea
2849 1855 3033 1901 autem
3072 1849 3328 1917 egregius
3362 1866 3583 1920 quoque

2012 1933 2103 1988 ille
2127 1948 2298 2003 purus
2325 1932 2528 2003 Apollo
2562 1949 2689 1988 eum
2719 1936 2815 1989 tibi
2842 1935 2924 1989 vel
2957 1934 3111 1987 inviti
3144 1935 3495 2001 conﬁtentur,
3529 1948 3585 1994 et

2009 2023 2262 2078 veritatis
2312 2024 2519 2095 aliquid
2574 2026 2642 2079 ab
2694 2025 2775 2079 eis
2815 2034 2900 2079 est
2950 2035 3257 2090 ostensum,
3311 2036 3370 2079 ut
3403 2030 3586 2082 omnis

2012 2110 2199 2181 impiis
2252 2114 2537 2169 tolleretur
2572 2115 2811 2180 occasio,
2836 2115 3048 2170 etiamsi
3111 2116 3215 2185 ipsi
3266 2126 3393 2173 sunt
3443 2117 3584 2173 inla-

2013 2204 2173 2270 tuati,
2198 2213 2255 2260 et
2302 2206 2556 2264 videntes
2581 2221 2688 2264 non
2734 2208 3019 2275 viderunt,
3064 2218 3120 2264 et
3145 2208 3435 2265 audientes
3473 2226 3585 2266 non

2016 2297 2425 2356 intellexerunt.

2086 2567 2228 2623 XIII.
2258 2566 2357 2623 llis
2393 2566 2748 2638 obstupuisse
2779 2578 3079 2636 oratorem,
3116 2580 3171 2626 et
3199 2570 3318 2640 ejus
3346 2570 3585 2643 linguam
3681 2577 3688 2583 '

2012 2661 2176 2735 plane
2235 2662 2579 2717 obmutuisse
2635 2677 2757 2716 cum
2812 2662 3041 2717 vidisset
3118 2665 3439 2733 imperator,
3515 2666 3585 2720 ad

2013 2753 2317 2809 oratorium
2375 2752 2650 2824 reliquum
2719 2762 2923 2808 coetum
2955 2769 3282 2820 conversus,
3325 2756 3582 2810 hortatus

2012 2853 2117 2910 est,
2148 2852 2210 2900 ut
2238 2843 2340 2914 ipsi
2370 2859 2591 2914 quoque
2647 2844 3079 2915 aggrederentur
3134 2852 3448 2915 martyrem.
3507 2843 3585 2898 Ill?

2013 2944 2195 2991 autem
2233 2934 2420 2991 statim
2448 2935 2761 2989 detractant
2811 2943 3113 3000 certamen,
3143 2934 3390 2990 dicentes
3420 2956 3431 2989 :
3463 2934 3585 2990 Non

2014 3042 2334 3099 possumus,
2361 3042 2395 3082 o
2428 3025 2749 3095 imperator,
2815 3025 3021 3096 aliquid
3052 3041 3333 3095 opponere
3392 3032 3586 3080 contra

2012 3132 2077 3172 ea
2102 3132 2222 3187 qum
2242 3116 2377 3170 dicit
2407 3132 2421 3170 :
2451 3124 2506 3171 et
2534 3117 2790 3181 maxime,
2826 3116 2972 3187 quod
3000 3132 3126 3173 eum
3155 3115 3248 3185 qui
3308 3124 3392 3171 est
3441 3118 3586 3173 inter

2013 3222 2113 3263 nos
2139 3208 2641 3273 praestantissimus,
2671 3217 2777 3261 tam
2834 3208 3073 3278 graviter
3130 3208 3380 3263 videmus
3412 3208 3480 3263 ab
3518 3223 3582 3263 ea

2012 3309 2351 3369 superatum.
2437 3298 2591 3353 Tunc
2657 3298 2968 3355 Maxentius
3026 3316 3136 3356 non
3196 3310 3390 3371 potens
3437 3300 3584 3355 l‘erre

2012 3388 2277 3455 furorem,
2326 3389 2486 3461 jubet
2545 3390 2731 3445 statim
2808 3407 3004 3461 rogum
3038 3392 3261 3447 accendi
3292 3393 3345 3446 in
3406 3392 3585 3447 media

2014 3481 2261 3545 civitate,
2292 3490 2349 3536 et
2379 3481 2435 3535 in
2478 3496 2607 3536 eum
2672 3482 2821 3553 injiei
2872 3482 3270 3555 quinquaginta
3310 3494 3584 3541 oratores.

2013 3572 2341 3638 Illiautem,
2405 3573 2508 3627 hac
2571 3572 2759 3628 audita
2817 3575 3115 3640 sententia,
3187 3574 3483 3644 procidunt
3516 3576 3584 3630 ad

2013 3660 2163 3715 illius
2194 3660 2367 3715 beatae
2402 3661 2589 3731 pedes,
2619 3670 2676 3716 et
2728 3668 2849 3716 eam
2886 3663 3241 3718 vehementer
3291 3666 3587 3719 obsecrant

2013 3758 2069 3804 et
2096 3750 2431 3820 supplicant,
2461 3760 2521 3804 ut
2548 3750 2616 3804 ab
2640 3750 2786 3806 illius
2831 3750 2944 3805 Deo
2988 3750 3071 3805 eis
3105 3751 3502 3821 ignosceretur,
3535 3750 3583 3806 si

2014 3842 2146 3913 quid
2177 3843 2245 3897 ab
2272 3842 2354 3897 eis
2385 3849 2668 3912 peccatum
2712 3843 2787 3897 sit
2821 3842 3152 3912 ignorantia,
3216 3852 3272 3897 et
3303 3854 3359 3897 ut
3393 3844 3582 3897 divino

2015 3935 2376 4006 dignarentur
2402 3935 2673 4003 baptismo
2707 3943 2765 3989 et
2793 3933 2941 3990 dono
2985 3934 3161 3989 sancti
3230 3934 3483 4003 Spiritus,
3524 3945 3583 3991 et

2014 4025 2194 4096 quoad
2247 4027 2368 4097 ejus
2425 4026 2542 4081 ﬁeri
2575 4034 2779 4096 posset,
2817 4026 2899 4080 illi
2965 4027 3453 4097 conjungerentur.
3496 4028 3579 4083 Ad

2012 4116 2129 4171 haec
2154 4126 2359 4188 martyr
2384 4115 2566 4171 divina
2596 4118 2801 4186 repleta
2863 4116 3095 4171 lmtitia:
3153 4116 3320 4186 Estis,
3379 4117 3578 4187 inquit,

2009 4222 2141 4262 vere
2174 4206 2341 4273 beati,
2377 4206 2551 4277 quod,
2588 4207 2794 4262 relictis
2823 4207 3088 4272 tenebris,
3121 4209 3292 4263 secuti
3333 4212 3464 4264 estis
3496 4208 3581 4263 lu-

338 4311 506 4376 ὅντως
546 4313 672 4366 ἐστέ
717 4313 824 4374 ὅτι,
870 4312 967 4365 τοῦ
1019 4314 1247 4377 σκότους
1292 4313 1582 4383 ἀφέμενοι,
1644 4313 1723 4385 τῷ
1772 4315 1912 4385 φωτὶ

2014 4313 2130 4354 cem
2157 4299 2403 4353 veritatis
2430 4316 2445 4366 ;
2477 4307 2533 4353 et
2565 4298 2755 4353 relicto
2787 4312 2935 4367 rege,
2962 4300 3054 4368 qui
3081 4300 3136 4352 in
3166 4299 3328 4355 terris
3359 4294 3576 4365 interit,

338 4407 437 4474 τῆς
474 4404 740 4474 ἀληθείας
769 4404 1205 4475 ἡκολουθήσατε,
1260 4407 1355 4458 καὶ
1413 4405 1772 4476 φθειρόμενον
1818 4406 1911 4459 ἐπὶ

2014 4389 2322 4445 accessistis
2354 4386 2593 4455 adeum,
2620 4388 2713 4457 qui
2742 4395 2828 4443 est
2893 4388 2946 4441 in
3003 4388 3158 4443 caalis
3212 4388 3281 4444 ab
3351 4389 3578 4445 interitu

336 4500 438 4567 τῆς
464 4496 695 4567 βασιλέα
721 4495 1139 4562 καταλιπόντες,
1169 4496 1249 4568 τῷ
1277 4498 1336 4550 ἐν
1362 4496 1614 4568 οὐρανοῖς
1644 4498 1909 4570 ἀφθάρτῳ

2014 4481 2227 4537 alienus
2251 4489 2308 4536 et
2346 4480 2695 4536 immortalis.
2726 4479 2876 4551 Ignis
2899 4479 3072 4563 enim,
3105 4495 3268 4550 quem
3322 4480 3472 4550 impii
3498 4481 3574 4536 illi

338 4591 431 4641 xui.
464 4588 719 4659 ἀθανάτῳ
748 4588 964 4660 προσήλ
981 4588 1125 4642 θετε.
1156 4586 1232 4641 Τὸ
1257 4588 1366 4657 γὰρ
1395 4587 1530 4661 πῦρ,
1560 4588 1591 4641 ὃ
1622 4592 1773 4659 παρά
1797 4591 1909 4643 τῶν

2014 4572 2175 4628 vobis
2200 4580 2331 4628 sunt
2360 4572 2573 4636 minati,
2609 4571 2714 4627 erit
2749 4572 3156 4642 quodammodo
3183 4571 3340 4627 vobis
3406 4572 3584 4643 bapti-

337 4679 554 4733 ἁσεδῶν
577 4679 787 4733 τούτων
813 4681 1139 4751 ἠπείληται,
1192 4680 1490 4750 γενήσεταί
1528 4698 1653 4736 τινα
1702 4681 1907 4752 τρόπον

336 4775 467 4843 ὑμῖν
495 4775 596 4825 καὶ
634 4772 922 4842 βάπτισμα
950 4775 1044 4826 καὶ
1073 4771 1280 4843 κλίμαξ
1310 4774 1389 4836 είς
1412 4773 1698 4844 οὐρανοὺς,
1733 4774 1787 4825 εί
1820 4791 1906 4837 τις

335 4862 518 4930 κηλὶς,
557 4860 609 4912 εί
643 4877 728 4921 τις
756 4861 926 4930 ῥύπος
951 4858 1144 4913 τοῦτον
1165 4860 1559 4931 ἀποκαθαῖρον,
1599 4861 1695 4914 καὶ
1714 4859 1906 4933 ῶσπερ

333 4954 490 5012 τινας
543 4949 833 5019 διαφανεῖς
882 4949 1123 5020 ἀστέρας
1174 4950 1326 5021 ὑμᾶς
1364 4950 1441 5015 ὠς
1480 4952 1642 5004 αὐτὸν
1695 4952 1909 5005 ἐκεῖνον

334 5042 542 5110 ἀνάγον
571 5042 667 5095 τδν
700 5042 951 5110 βασιλέα,
979 5043 1077 5097 καὶ
1102 5041 1444 5114 ἐπεράστους
1481 5043 1633 5114 αύτῷ
1665 5044 1761 5097 καλ⁵
1808 5061 1909 5097 πο-

333 5134 552 5195 θεινοὺς
578 5135 969 5203 ἐργαζόμενον.
1002 5133 1152 5205 Αὕτη
1182 5136 1282 5204 μὲν
1306 5129 1400 5188 οὖν
1423 5134 1703 5198 τοιαύταις
1727 5135 1907 5188 ἐλπίσι

332 5228 432 5280 καὶ
455 5226 878 5297 ὕποφωνήσεσιν
896 5225 1268 5295 ὖπαλείψασα,
1296 5226 1465 5280 καὶτὸ
1500 5227 1717 5297 ἄμαχον
1744 5227 1907 5281 ὅπλον

330 5319 561 5388 ἑκάστῳ
584 5317 686 5387 τὴν
711 5316 808 5371 τοῦ
841 5315 1082 5388 Χριστοῦ
1115 5317 1387 5385 σφραγῖδα
1415 5316 1750 5369 ἐπιὸαλοῦσα
1787 5315 1909 5389 μετ’

326 5409 688 5480 εὐχαριστίας
721 5409 814 5461 καὶ
851 5408 1050 5478 ἡδονῆς
1096 5407 1321 5461 ἀπολύει
1344 5407 1481 5477 πρὸς
1506 5408 1567 5460 τὸ
1583 5406 1906 5478 μαρτύριον.

326 5499 752 5570 Παρηκολούθει
783 5500 840 5553 δὲ
876 5499 985 5570 ἀρα
1015 5500 1111 5552 καὶ
1141 5501 1261 5563 ταῖς
1294 5499 1514 5552 ἐλπίσιν
1557 5501 1590 5570 ἠ
1632 5498 1855 5560 ἔκϐασις
1887 5514 1902 5529 ’

324 5592 428 5645 καὶ
473 5588 888 5659 παραλαϐόντες
931 5589 1132 5651 αὐτοὺς
1169 5588 1220 5639 οί
1268 5587 1618 5658 στρατιῶται,
1654 5587 1905 5657 βάλλουσι

330 5682 441 5753 μὲν
505 5679 800 5752 χαίροντας
850 5681 951 5733 ,ἐπὶ
995 5680 1096 5750 τὴν
1154 5680 1367 5751 πυράν,
1428 5678 1904 5750 ἑπτακαιδεκάτην

401 5780 427 5813 ⁸
459 5777 621 5833 Rom.
652 5792 730 5841 vi,
758 5777 812 5832 5.
889 5776 1125 5832 ‘Mattlt.
1161 5791 1236 5844 xt,
1264 5776 1355 5831 28.

2015 4678 2135 4720 sma
2164 4670 2221 4719 et
2245 4664 2403 4719 scalae
2430 4664 2497 4719 ad
2537 4664 2757 4728 coelum,
2788 4663 2834 4718 si
2884 4679 2990 4734 qua
3024 4663 3094 4718 sit
3134 4663 3365 4730 macula,
3398 4663 3583 4733 siqua:

2015 4754 2230 4815 sordes.
2264 4769 2385 4809 eam
2420 4769 2753 4825 expurgatis,
2795 4764 2852 4809 et
2886 4765 3142 4825 tanquam
3171 4754 3381 4809 lucidas
3414 4770 3582 4825 quas-

2018 4848 2145 4902 dam
2180 4848 2388 4913 stellas,
2445 4863 2543 4902 vos
2601 4849 2669 4901 ad
2704 4848 2855 4901 illum
2913 4847 3090 4917 ipsum
3154 4862 3332 4917 regem
3360 4861 3579 4900 sursum

2013 4939 2247 5004 ducens,
2291 4948 2349 4994 et
2370 4937 2613 4994 eﬂiciens
2640 4938 2916 5011 jucundos
2940 4947 2997 4992 et
3026 4937 3312 4992 amabiles.
3367 4936 3437 4991 Et
3463 4937 3580 5006 ipsa

2012 5031 2235 5103 quidem
2257 5044 2381 5086 cum
2414 5030 2497 5090 eis
2525 5030 2626 5085 ltac
2652 5045 2749 5100 spe
2778 5039 2835 5086 et
2858 5044 3116 5085 sermone
3157 5029 3399 5082 animum
3425 5027 3580 5083 addi-

2011 5126 2206 5190 disset,
2229 5133 2285 5179 et
2322 5124 2624 5192 unicuique
2651 5137 2802 5178 arma
2859 5121 3321 5193 inexpugnabilia,
3380 5136 3578 5191 nempe

2012 5217 2220 5274 Christi
2261 5216 2628 5286 signaculum,
2687 5214 3027 5278 immisisset,
3094 5227 3220 5267 cum
3277 5212 3576 5282 gratiarum

2010 5307 2229 5364 actione
2262 5315 2317 5360 et
2342 5305 2533 5360 laetitia
2554 5304 2783 5358 dimittit
2812 5302 2878 5357 ad
2906 5301 3250 5372 martyrium.
3285 5299 3447 5370 Spem
3473 5314 3576 5354 au-

2013 5411 2119 5458 tem
2151 5404 2483 5454 consecutus
2505 5404 2588 5451 est
2609 5402 2857 5459 eventus,
2876 5401 3069 5449 etcum
3091 5406 3188 5446 eos
3239 5390 3580 5460 accepissent

2010 5490 2236 5555 milites,
2278 5489 2432 5543 laetos
2482 5485 2705 5556 quidem
2753 5485 2965 5556 jaciunt
2992 5484 3047 5539 in
3097 5482 3369 5537 ﬂammam
3436 5483 3577 5552 ignis

2011 5581 2248 5652 septimo
2282 5579 2498 5635 decimo
2532 5576 2741 5632 mensis
2764 5575 3363 5645 NovembrisVespere
3390 5585 3576 5629 autem

2009 5673 2231 5746 quidam
2256 5687 2320 5727 ex
2350 5670 2455 5742 piis
2481 5669 2685 5740 egressi
2705 5668 2773 5726 ad
2801 5666 3132 5740 colligendas
3161 5668 3449 5738 reliquias,
3488 5668 3573 5721 in.
