4072 6390
521 330 619 394 £9}

1775 318 2063 378 MENSlS
2100 315 2362 380 NOVEM
2375 308 2547 375 BER.

3670 312 3779 377 2.2

487 445 725 499 veniunt
759 457 852 494 cas
883 453 1044 493 sanas
1070 446 1126 489 et
1163 434 1363 498 salvas,
1395 431 1533 486 adeo
1569 441 1626 486 ut
1654 446 1757 485 nec
1789 430 1934 501 pilus
1955 430 2081 501 qui-

2201 428 2489 498 Nlospﬁpiou
2533 426 2697 498 μηνός
2762 422 3073 493 ἱσταμένου.
3124 422 3399 493 Ἐσπέρας
3422 424 3478 477 δέ
3505 442 3648 491 τινες
3668 427 3777 480 τῶν

487 536 615 591 dem
668 547 855 588 earum
919 544 948 583 a
983 527 1201 581 flamma
1255 524 1484 578 omnino
1538 523 1609 578 sit
1667 533 2070 593 consumptus;

488 626 599 679 hoc
633 624 873 693 primum
905 619 1120 688 signum
1158 612 1382 669 illorum
1414 628 1541 668 cum
1574 614 1687 668 Deo
1716 613 2062 684 conjunctio-

488 715 598 777 nis,
628 713 910 784 praebente
950 707 1321 763 Providentia.

2177 521 2439 586 εὐσεϐῶν,
2475 521 2566 574 ἐπὶ
2601 520 2702 590 τὴν
2772 517 2882 570 τῶν
2912 514 3179 585 λειψάνων
3213 515 3481 587 συλλογὴν
3526 517 3776 580 ἐξέλοιεν-

2174 633 2286 681 τες,
2322 610 2499 678 οὕτως
2528 609 2833 681 αὑτὰ-ὑγιῆ
2860 608 2954 662 καὶ
2980 607 3099 661 σῶα
3132 608 3503 678 εὑρίσκουσιν,
3534 610 3609 673 ὡς
3642 612 3775 681 μηδέ

2169 707 2333 779 τρίχα
2377 707 2585 760 τούτων
2647 705 2750 758 ὑπὸ
2811 704 2911 771 τῆς
2965 699 3164 769 φλογὸς
3218 699 3357 762 ὅλως
3408 700 3774 772 ἀναλωθῆναι,

489 806 790 876 τεκμήριον
855 799 1014 855 τοῦτο
1068 801 1282 871 πρῶτον
1342 797 1446 867 τῆς
1504 797 1731 854 ἐκείνων
1786 802 1923 871 πρὸς
1965 799 2099 855 Θεὸν
2162 800 2490 864 οἱκειὼσεως
2524 801 2623 871 τῆς
2665 796 2921 870 προνοίας
2949 793 3392 866 παρασχομένης.
3427 793 3779 867 Εὑχαριστή*

489 912 682 961 σαντες
711 896 802 951 οὖν
831 898 909 967 τῷ
932 896 1057 967 Θεῷ
1094 895 1160 947 τὰ
1188 894 1392 947 εἰκότα.

562 989 708 1045 XIV.
747 989 883 1042 Cum
909 1002 1060 1056 ergo,
1103 993 1164 1038 ut
1190 999 1289 1054 par
1315 991 1458 1046 erat,
1515 978 1633 1033 Deo
1687 978 1931 1046 egissent
1962 990 2090 1047 gra-

492 1081 620 1146 tias,
653 1090 709 1135 et
743 1081 1031 1150 inopinato
1058 1075 1326 1131 miraculo
1355 1073 1561 1128 multos
1617 1069 1971 1124 attraxissent
2018 1066 2085 1121 ad

493 1173 828 1244 agnitionem
851 1170 1116 1232 veritatis,
1132 1184 1222 1222 eas
1248 1166 1506 1237 praeclare
1525 1171 1580 1216 et
1595 1171 1780 1217 sancte
1795 1160 2090 1229 deponunt

494 1268 549 1319 in
574 1264 809 1333 quodam
837 1265 981 1319 loco.
1005 1265 1306 1332 Imperator
1345 1266 1526 1312 autem
1566 1254 1869 1310 Maxentius
1897 1251 2089 1324 [Maxi—

493 1355 701 1428 minus]
732 1367 901 1411 totam
923 1355 1307 1426 cogitationem
1335 1349 1603 1419 deﬂgcbat
1660 1348 1713 1402 in
1768 1356 2085 1416 martyrem,

491 1460 552 1505 et
583 1449 649 1504 de
686 1449 774 1503 illa
799 1458 918 1502 erat
949 1455 1217 1516 perpetuo
1253 1444 1549 1506 sollicitus,
1588 1449 1648 1495 ut
1683 1453 1804 1493 eam
1835 1439 2084 1491 lucrare-

496 1551 612 1607 tur,
654 1542 741 1596 vel
764 1543 936 1610 ipsam
967 1554 1157 1593 curam
1224 1535 1441 1605 imperii
1505 1531 1890 1603 postpnnchat.
1945 1530 2084 1584 Cum

496 1633 684 1704 itaque
707 1635 759 1686 vi
794 1631 1015 1687 dicendi
1045 1639 1100 1685 et.
1137 1627 1611 1698 disputationibus
1641 1625 1989 1694 desperasset
2018 1638 2078 1678 se

494 1743 619 1782 eam
654 1741 815 1796 posse
891 1724 1180 1787 inducere,
1251 1736 1372 1774 eam
1430 1717 1715 1771 blanditiis
1767 1716 2085 1787 aggreditur

501 1819 736 1879 illicere,
766 1826 822 1871 et
879 1815 1027 1885 apud
1088 1813 1362 1885 egregiam
1426 1823 1728 1884 martyrem
1775 1809 1960 1862 verbis
1990 1816 2078 1862 est

2268 974 2369 1032 lA'.
2412 975 2525 1030 Kal
2555 972 2785 1039 πολλοὺς
2816 975 2893 1046 τῷ
2932 975 3225 1047 παραδόξῳ
3247 977 3343 1032 τοῦ
3376 977 3659 1050 θαύματος
3697 982 3777 1045 εἰς

2197 1067 2502 1137 ἐπίγνωσιν
2533 1067 2634 1135 τῆς
2672 1066 2935 1137 ἀληθείας
2968 1068 3454 1139 ἐπισπασάμενοι,
3504 1071 3779 1142 λαμπρῶς

2196 1162 2336 1214 αὐτὰ
2400 1161 2496 1213 καὶ
2542 1160 2708 1223 ὁσίως
2768 1159 2828 1211 ἐν
2886 1176 2991 1213 τινι
3045 1162 3195 1232 τόπῳ
3260 1162 3666 1219 κατατιθέασιν.
3717 1162 3778 1216 '0

2202 1252 2385 1322 μέντοι
2417 1251 2677 1321 βασιλεὺς
2712 1250 3015 1316 Μαξέντιος
3062 1252 3184 1316 ὅλος
3215 1255 3343 1323 περὶ
3379 1256 3478 1327 τὴν
3517 1257 3777 1327 μάρτυρα

2199 1340 2340 1414 εἶχε,
2400 1346 2494 1398 καὶ
2546 1345 2769 1416 φροντὶς
2832 1340 2902 1416 ἦν
2967 1345 3117 1416 αὐτῷ
3169 1344 3402 1417 διαρκὴς
3430 1348 3635 1417 ἐκείνη,
3684 1349 3777 1401 καὶ

2198 1434 2340 1490 ὥστε
2407 1437 2667 1507 κερδᾶναι
2724 1437 2917 1506 αὐτὴν,
2980 1438 3264 1507 πάρεργον
3317 1439 3414 1491 καὶ
3470 1439 3571 1511 τὴν
3618 1439 3780 1509 βασι-

2193 1528 2346 1581 λείαν
2433 1529 2601 1600 αὐτὴν
2677 1529 2940 1582 ἐποιεῖτο.
3045 1529 3156 1582 Καὶ
3251 1529 3390 1599 δῆτα
3476 1532 3777 1601 ῥητορικὰς

2192 1622 2445 1690 ἀνάγκας
2502 1623 2598 1676 καὶ
2652 1620 2826 1675 πειθὼ
2881 1623 3064 1675 πᾶσαν
3134 1622 3229 1676 καὶ
3296 1622 3398 1683 τὰς
3444 1622 3554 1676 τῶν
3602 1623 3777 1693 λόγων

2196 1715 2435 1786 ἁμίλλας
2470 1715 2882 1787 ἀπαγορεύσας,
2914 1716 3229 1780 κολακείαις
3267 1717 3573 1783 ύποκλέψαι
3609 1718 3777 1787 αὐτὴν

2195 1807 2493 1880 ἐπεχείρει,
2548 1810 2642 1862 καὶ
2697 1809 2767 1862 τὰ
2826 1808 3056 1863 τοιαῦτα
3106 1812 3172 1880 τῇ
3228 1811 3455 1882 γενναίᾳ
3508 1809 3777 1881 προσῆγε.

497 1926 633 1966 usus
655 1909 968 1982 ejusmodi:
1002 1906 1182 1962 Crede
1220 1905 1377 1969 mihi,
1418 1905 1649 1974 pulchra
1680 1904 1813 1966 tilia,
1848 1900 1943 1971 qui
1977 1898 2082 1954 tibi

2205 1900 2466 1973 Πείσθητί
2501 1919 2610 1970 μοι,
2637 1900 2775 1967 καλὴ
2806 1900 3070 1971 θύγατερ,
3100 1896 3191 1955 οἶα
3225 1902 3574 1974 φιλοστόργῳ
3600 1903 3769 1973 πατρὶ

497 2002 749 2065 consulo,
786 2009 1045 2069 tanquam
1114 1997 1212 2051 tibi
1259 1995 1399 2050 bene
1429 1997 1621 2050 volens
1672 2003 1849 2063 pater.
1873 1991 2081 2062 Magnis

498 2094 609 2149 diis
646 2092 893 2147 sacrifica
926 2108 939 2156 ;
972 2090 1213 2144 maxime
1277 2097 1460 2142 autem
1518 2085 1799 2140 Musarum
1857 2082 2079 2154 praesidi

497 2184 794 2249 Mercurio,
826 2198 855 2237 a
888 2199 998 2252 quo
1038 2182 1284 2252 profecta
1308 2189 1393 2234 est
1443 2179 1559 2233 haec
1613 2188 1704 2231 tua
1733 2190 1926 2246 magna
1987 2190 2085 2230 eo-

502 2276 703 2347 gnitio,
739 2284 793 2329 et
835 2274 926 2343 qui
963 2283 1015 2326 te
1076 2278 1309 2325 exornat
1343 2277 1491 2323 tanta
1528 2266 1749 2322 dicendi
1796 2265 1992 2336 gratia,
2026 2272 2083 2320 et

501 2382 685 2422 meum
740 2375 921 2420 tecum
952 2361 1189 2415 dividam
1223 2358 1728 2430 imperium,scianl
1751 2357 1824 2411 dii
1848 2372 2041 2412 omnes
2070 2374 2084 2423 ;

497 2470 559 2515 et.
589 2473 801 2513 meeum
843 2454 1119 2511 habitabis
1174 2453 1230 2507 in
1287 2452 1456 2523 regia.
1525 2451 1623 2506 llla
1682 2465 1835 2515 vero,
1882 2458 1943 2503 ut
1967 2463 2089 2518 quas

499 2560 651 2606 esset
679 2562 877 2618 magno
901 2555 958 2602 et
990 2545 1211 2600 excelso
1233 2543 1422 2599 animo
1443 2542 1510 2597 ad
1535 2540 1919 2613 excipiendam
1948 2541 2087 2596 ami-

502 2655 700 2697 corum
733 2637 953 2694 dicendi
993 2636 1330 2701 libertatem,
1353 2644 1409 2691 et
1441 2651 1637 2690 rursus
1689 2631 1952 2688 acerrimi
2001 2633 2090 2687 in-

505 2732 657 2805 genii
711 2732 781 2786 ad
838 2726 1354 2801 deprehendendum
1426 2726 1818 2791 adulationem,
1873 2723 2089 2779 etiamsi

514 2823 753 2878 maxime
774 2827 1170 2875 eontexeretur
1196 2815 1367 2872 vafris
1394 2824 1455 2871 et
1479 2816 1647 2870 variis
1713 2813 2039 2886 labyrinthis
2072 2826 2086 2866 :

509 2912 754 2983 Depone,
795 2907 1001 2979 inquit,
1054 2921 1087 2961 ο
1142 2906 1468 2976 imperator,
1529 2903 1844 2959 ﬁctionem:
1907 2914 2089 2971 neque

510 3006 722 3060 referas
752 3014 809 3058 et
836 2999 1072 3057 imiteris
1103 2999 1292 3054 dolum
1320 2995 1520 3068 vulpis.
1590 2995 1703 3066 Ego
1733 2995 1881 3050 enim
1922 2992 2090 3049 semel

507 3096 624 3151 dixi
653 3095 774 3162 tibi,
800 3109 885 3149 me
917 3107 1039 3148 esse
1075 3089 1467 3152 Christianam,
1527 3097 1583 3142 et
1638 3086 1761 3142 veni
1825 3094 1885 3140 ut
1914 3099 2091 3139 essem

508 3202 716 3258 sponsa
750 3183 959 3240 Christi
995 3200 1010 3249 ;
1042 3190 1098 3235 ct
1141 3195 1268 3235 eum
1298 3179 1476 3233 habeo
1530 3177 1709 3232 solum
1735 3191 1996 3247 sponsum
2038 3185 2095 3229 et

511 3276 919 3340 consiliarium,
943 3282 1000 3328 et
1029 3280 1414 3327 ornamentum
1461 3268 1813 3340 virginitatis,
1872 3268 2094 3322 stolam-
2122 3240 2167 3303 ε

510 3383 620 3439 que
654 3364 904 3437 martyrii
932 3367 1092 3433 longe
1126 3360 1360 3433 praefero
1385 3360 1566 3415 cuivis
1620 3374 1880 3428 purpura:
1901 3359 2086 3427 regiae.

514 3464 823 3531 Imperator
843 3468 1027 3513 autem
1060 3457 1243 3512 adhuc
1275 3471 1391 3525 pra:
1421 3470 1476 3509 se
1502 3453 1706 3515 ferens,
1738 3466 1796 3507 se
1849 3453 1972 3522 ejus
1993 3467 2092 3506 cu-

514 3568 626 3607 rant
692 3550 1037 3622 gerere:Ne
1092 3562 1257 3619 cogas
1286 3561 1394 3611 me,
1446 3545 1647 3614 inquit,
1705 3543 1790 3599 vel
1851 3543 2087 3598 invitum

513 3646 658 3699 hanc
684 3652 833 3698 tuam
861 3640 1182 3713 praeclaram
1245 3652 1549 3709 purpuram
1614 3636 1815 3706 injuria
1849 3635 2088 3690 afﬁcere.

514 3733 609 3788 ille
636 3743 819 3787 autem
846 3747 861 3784 :
889 3730 1016 3794 Fac,
1048 3727 1247 3799 inquit,
1274 3726 1420 3797 quod
1451 3726 1608 3783 velis.
1641 3725 1774 3780 Nam
1809 3742 1907 3795 per
1928 3725 2093 3790 hanc,

515 3840 640 3895 qua:
666 3835 748 3879 εει
768 3824 836 3878 ad
875 3832 1091 3892 tempus
1121 3829 1176 3875 et
1205 3819 1317 3874 cito
1373 3816 1715 3880 dissolvitur,
1770 3817 2095 3872 conciliabis

516 3917 652 3972 mihi
685 3930 868 3970 veram
913 3925 968 3969 et
1025 3911 1391 3967 immortalem
1452 3911 1723 3982 gloriam:
1784 3919 1842 3965 et
1899 3924 2095 3979 magna

524 4022 751 4077 quoque
785 4005 911 4069 alia,
977 4012 1039 4057 ut
1088 4001 1355 4068 arbitror,
1401 3999 1698 4054 multitudo
1748 4009 1803 4053 et
1859 4001 2094 4053 maxime

519 4100 601 4154 tui
663 4097 871 4169 palatii,
897 4111 996 4167 per
1029 4110 1117 4149 me
1143 4093 1365 4149 Christo
1420 4094 1667 4154 credent,
1724 4101 1781 4146 et
1830 4090 1935 4160 ipsi
1960 4106 2100 4160 quo-

516 4207 626 4261 que
651 4207 738 4244 me
765 4195 1195 4260 prosequentur,
1250 4185 1319 4241 ad
1382 4199 1571 4241 saeros
1628 4182 1775 4237 illius
1825 4182 2096 4237 thalamos

518 4285 808 4356 magnifice
838 4291 1239 4340 transeuntem.

591 4375 711 4432 XV.
741 4376 869 4431 Haec
893 4376 985 4430 illa
1014 4375 1237 4445 quidem
1263 4370 1403 4428 dixit
1428 4387 1443 4426 :
1476 4371 1622 4425 Deus
1649 4378 1832 4424 autem
1857 4367 2095 4438 desuper

518 4468 734 4532 annuit,
764 4476 823 4521 et
862 4466 1090 4521 deduxit
1117 4464 1183 4519 ad
1237 4464 1496 4519 ell‘ectuni
1533 4476 1596 4517 ea
1632 4475 1753 4530 quae
1806 4459 1950 4514 dicta
1983 4447 2102 4513 fue-

2203 1992 2670 2062 συμϐουλεύοντι,
2703 1993 2800 2046 καὶ
2830 1997 2944 2056 τοῖς
2977 1995 3237 2064 μεγάλοις
3266 1994 3427 2050 θῦσαι
3459 1996 3637 2060 θεοῖς,
3669 1997 3779 2066 μά-

2197 2080 2355 2135 λιστα
2376 2081 2455 2154 τῷ
2469 2082 2576 2135 τῶν
2602 2083 2822 2152 μουσῶν
2837 2084 3021 2155 ἐφόρῳ
3049 2084 3247 2156 Ἐρμῇ,
3271 2085 3405 2155 παρ’
3423 2080 3486 2139 οὗ
3504 2102 3587 2139 σοι
3606 2086 3779 2138 καὶτὸ

2197 2173 2332 2227 πολὺ
2371 2176 2468 2244 τῆς
2526 2172 2781 2243 γνώσεως
2823 2173 3024 2240 τοῦτο,
3075 2178 3170 2229 καὶ
3238 2178 3391 2240 ὅστις
3449 2194 3510 2230 σε
3577 2178 3781 2232 τοσαύ-

2193 2283 2317 2329 ταις
2364 2267 2457 2321 ἐπὶ
2502 2267 2613 2319 τῶν
2656 2265 2829 2335 λόγων
2879 2267 3089 2339 χάρισι,
3136 2269 3230 2323 καὶ
3289 2268 3654 2339 συνδιέλωμαί
3694 2287 3776 2323 σοι

2197 2358 2296 2429 τὴν
2324 2359 2422 2426 τῆς
2457 2361 2633 2430 ἀρχῆς
2675 2359 2949 2426 ἐξουσίαν,
2994 2360 3231 2414 ἴστωσαν
3274 2362 3325 2416 οἱ
3374 2361 3491 2414 θεοὶ
3552 2363 3772 2424 πάντες·

2197 2450 2294 2501 καὶ
2339 2451 2683 2520 συνοικήσεις
2736 2451 2857 2520 μετ’
2913 2452 3049 2522 ἐμοῦ
3094 2452 3167 2505 τὰ
3237 2452 3512 2522 βασίλεια.
3576 2454 3643 2506 Ἦ
3696 2452 3777 2519 δέ,

2203 2541 2576 2613 μεγαλόφρων
2660 2538 2797 2597 οὖσα
2838 2543 3009 2614 φίλων
3037 2563 3096 2598 τε
3138 2545 3509 2611 ἀποδέξασθαι
3558 2547 3778 2617 παῤῥη-

2205 2631 2326 2686 σίαν
2354 2634 2448 2686 καὶ
2474 2633 2706 2705 ὀξυτάτη
2742 2636 2903 2690 πάλιν
2927 2636 3224 2692 κολακείαν
3254 2637 3470 2709 ἐχθρῶν
3496 2642 3772 2709 φωρᾶσαι,

2201 2724 2309 2778 κᾶν
2369 2726 2458 2779 ὅτι
2515 2727 2755 2798 μάλιστα
2808 2729 2993 2798 σοφοῖς
3041 2729 3316 2800 πλέκηται
3370 2730 3464 2784 καὶ
3516 2730 3779 2793 ποικίλοις

2198 2818 2312 2880 τοῖς
2328 2816 2688 2887 λαϐυρίνθοις,
2715 2818 3046 2886 Ἀποτίθεσο,
3067 2820 3316 2891 βασιλεῦ,
3342 2820 3472 2891 ἔφη,
3506 2820 3570 2875 τὸ
3593 2822 3781 2896 δρᾶμα

2225 2913 2322 2963 καὶ
2357 2909 2457 2980 τὴν
2489 2910 2719 2982 σκηνὴν,
2764 2912 2900 2983 μηδὲ
2952 2912 3015 2967 τὺ
3068 2912 3287 2983 δολερὸν
3345 2914 3446 2983 τῆς
3495 2913 3781 2978 ἀλώπεκος

2213 2999 2532 3069 ὑποκρίνου.
2582 3000 2723 3070 Ἐγὼ
2748 3002 2855 3073 γὰρ
2888 3001 3038 3068 ἅπαξ
3070 3020 3154 3057 σοι
3180 3003 3335 3058 εἶπον
3360 3005 3465 3075 ήδη
3505 3006 3588 3059 ὅτι
3641 3006 3783 3075 X9:-

2204 3095 2395 3162 στιανὴ
2432 3096 2566 3163 εἰμι,
2599 3095 2696 3149 καὶ
2728 3091 2892 3165 ἦλθον
2942 3096 3329 3168 νυμφευθῆναι
3373 3096 3627 3168 Χριστῷ,
3683 3096 3782 3151 καὶ
3814 3118 3815 3125 η

2204 3182 2371 3237 αὑτὸν
2413 3185 2576 3254 μόνον
2606 3185 2746 3257 ἔχων
2775 3189 3013 3258 νυμφίον
3062 3189 3161 3244 καὶ
3209 3190 3518 3256 σύμϐουλον
3551 3190 3649 3245 καὶ
3690 3189 3783 3243 τὸν

2197 3275 2298 3344 τῆς
2364 3274 2664 3345 παρθενίας
2713 3276 2917 3348 κόσμον
2950 3278 3048 3331 καὶ
3066 3278 3166 3349 τὴν
3210 3279 3306 3333 τοῦ
3331 3282 3632 3351 μαρτυρίου
3662 3294 3785 3332 στο-

2197 3363 2298 3434 λὴν
2357 3363 2538 3433 πάσης
2597 3363 2883 3437 βασιλικῆς
2951 3367 3269 3438 ἀλουργίδος
3335 3369 3433 3422 καὶ
3494 3367 3782 3439 πορφύρας

2198 3456 2535 3527 τιμιωτέραν
2564 3456 2743 3528 πολλῴ
2775 3458 3014 3528 τίθεμαι,
3081 3459 3139 3513 Ὀ
3173 3458 3431 3529 βασιλεὺς
3471 3463 3650 3514 τοίνυν
3698 3459 3783 3513 ἐτι

2202 3544 2462 3615 κήδεσθαι
2495 3546 2658 3617 δῆθεν
2694 3549 2866 3619 αὐτῆς
2891 3550 3381 3621 προσποιούμενος.
3409 3552 3503 3620 Μὴ
3528 3553 3779 3620 ἀναγκά-

2205 3652 2307 3706 σῃς
2339 3652 2425 3706 με,
2455 3635 2583 3707 ἔφη,
2628 3637 2726 3708 τὴν
2765 3639 3028 3710 λαμπράν
3074 3657 3168 3693 σου
3231 3642 3437 3712 ταύτην
3481 3641 3779 3711 ἁλουργίδα

2202 3726 2539 3796 καθυϐρίσαι
2569 3729 2665 3781 καὶ
2697 3731 2774 3801 μὴ
2813 3730 3162 3801 βουλόμενος.
3210 3731 3273 3786 Ἦ
3301 3732 3358 3786 δὲ
3393 3734 3557 3797 ποίει,
3589 3736 3779 3803 φησὶν,

2203 3819 2231 3873 ὅ
2256 3819 2459 3889 βούλει.
2499 3824 2600 3876 Διὰ
2626 3822 2738 3895 γὰρ
2767 3824 2868 3896 τῆς
2909 3824 3252 3896 προσκαίρου
3286 3826 3494 3897 ταύτης
3520 3831 3615 3881 καὶ
3641 3828 3780 3896 ταχὺ

2203 3907 2473 3982 λυομένης
2505 3912 2682 3983 ἀληθῆ
2713 3931 2805 3981 μοι
2834 3914 2996 3979 δόξαν
3031 3914 3317 3986 προξενεῖς
3342 3917 3438 3969 καὶ
3487 3917 3779 3981 ἀθάνατον,

2206 4002 2343 4057 πολὺ
2388 4004 2445 4057 δὲ
2496 3999 2653 4076 οἶμαι
2692 4008 2786 4059 καὶ
2814 4006 2944 4060 ἄλλο
2992 4008 3196 4076 πλῆθος
3253 4018 3345 4064 καί
3390 4011 3628 4079 μάλιστα
3683 4010 3781 4066 τοῦ

2207 4099 2302 4153 σοῦ
2341 4100 2610 4153 παλατίου
2641 4099 3001 4155 πιστεύσουσι
3034 4102 3103 4154 δι’
3133 4103 3269 4171 ἐμοῦ
3294 4104 3372 4173 τῷ
3400 4105 3649 4175 Χριστῷ.
3682 4106 3783 4158 καὶ

2206 4192 2608 4262 προπέμψουσί
2639 4209 2728 4264 με,
2768 4196 2861 4247 καὶ
2886 4194 3045 4249 αὐτοὶ
3073 4198 3212 4265 πρὸς
3242 4197 3340 4260 τὰς
3370 4199 3525 4269 ἱερὰς
3569 4198 3782 4251 ἐκείνου

2208 4288 2492 4348 παστάδας
2526 4287 2974 4359 μεγαλοπρεπῶς
3004 4287 3398 4345 διαϐαίνουσιν.

2277 4378 2379 4435 ιε’.
2411 4379 2603 4433 Ταῦτα
2634 4381 2667 4452 ἡ
2704 4380 2806 4449 μὲν
2832 4375 2987 4433 εἶπεν
3012 4398 3027 4412 θ
3055 4382 3281 4435 ἐπένευε
3335 4383 3391 4436 δὲ
3447 4382 3579 4447 Θεὸς
3637 4384 3783 4438 dam-

2205 4471 2320 4535 θεν,
2371 4473 2467 4525 καὶ
2518 4474 2600 4535 είς
2667 4473 2845 4544 πέρας
2895 4473 2965 4527 τὰ
3021 4474 3289 4544 εἰρημένα
3335 4475 3520 4545 ἐξῆγε.
3569 4475 3784 4542 Μαξέν-

518 4567 670 4612 rant.
722 4556 1031 4610 Maxentius
1086 4562 1273 4608 autem
1333 4552 1423 4607 his
1490 4551 1650 4605 valde
1706 4550 1901 4616 iratus,
1929 4549 2092 4619 jubet

2207 4580 2317 4627 τιος
2342 4563 2400 4618 δὲ
2447 4562 2687 4631 ὀξύτατα
2729 4564 2975 4634 κινηθεὶς
3008 4567 3105 4619 ἐπὶ
3147 4567 3363 4631 τούτοις
3415 4567 3631 4622 κελεύει
3680 4568 3784 4637 τὴν

521 4659 820 4719 martyrem
848 4647 973 4699 exui
1010 4644 1179 4716 regali
1230 4644 1321 4698 illa
1354 4657 1621 4713 purpura,
1648 4650 1704 4695 et
1770 4641 1936 4694 boum
1974 4655 2102 4696 ner-

519 4740 606 4795 vis
623 4739 756 4795 casdi
780 4737 1183 4795 crudelissime.
1201 4734 1338 4792 Cum
1356 4736 1461 4790 hoc
1489 4742 1672 4789 autem
1698 4733 1902 4787 factum
1935 4742 2101 4800 esset,

522 4842 584 4889 ut
616 4833 880 4902 iusserat,
943 4839 1000 4885 et
1041 4827 1302 4900 martyris
1359 4841 1563 4894 corpus
1597 4826 1680 4880 vel
1717 4825 1844 4880 nive
1872 4825 2102 4881 cadente

523 4924 903 4980 crebrioribus
954 4921 1139 4992 ﬂagris
1226 4919 1675 4975 intolerabilibus
1733 4919 1871 4973 duas
1939 4918 2104 4974 horas

520 5017 679 5072 valde
702 5015 935 5071 caeditur
961 5031 976 5079 ;
1007 5024 1065 5069 et
1090 5028 1215 5068 cum
1273 5023 1466 5067 venter
1487 5010 1649 5067 simul
1685 5011 2098 5075 verberaretur,

520 5109 809 5167 lavabatur
841 5106 1110 5177 virginale
1135 5103 1359 5175 quidem
1395 5103 1545 5158 illius
1572 5097 1773 5173 corpus
1807 5102 2099 5173 sanguine,

518 5211 577 5262 et
598 5201 786 5256 multis
805 5215 873 5255 ex
905 5199 973 5254 iis
1005 5203 1099 5268 qui
1122 5198 1373 5262 aderant,
1400 5203 1589 5265 aperte
1644 5196 1863 5250 ciebant
1927 5195 2103 5266 lacry-

522 5309 639 5347 mas
667 5309 681 5359 ;
706 5292 819 5362 ipsa
841 5300 1024 5345 autem
1054 5300 1164 5343 tam
1191 5297 1507 5344 constanter
1529 5294 1581 5341 et
1607 5286 1818 5341 fortiter
1831 5285 2107 5341 restiterat

521 5385 860 5440 intolerabili
883 5382 959 5439 illi
990 5392 1047 5438 et
1076 5383 1387 5437 vehementi
1417 5381 1470 5436 vi
1500 5380 1741 5451 tyranni,
1798 5389 1858 5433 ut
1904 5393 2105 5449 prope-

521 5478 747 5534 modum
802 5478 1087 5533 videretur
1137 5476 1259 5546 ejus
1306 5490 1508 5545 corpus
1585 5489 1707 5527 esse
1799 5472 2103 5543 lapideum,

522 5572 630 5624 nisi
667 5572 786 5641 ejus
820 5580 1071 5623 naturam
1097 5567 1248 5622 ﬂuvii
1273 5567 1559 5638 sanguinis
1610 5563 1944 5635 arguisseut.
2004 5564 2103 5618 Vix

527 5659 749 5714 tandem
777 5669 959 5713 autem
994 5659 1109 5712 fera
1138 5658 1228 5711 illa
1255 5657 1538 5721 immunis,
1568 5656 1810 5725 caligans
1866 5654 1932 5708 ad
1990 5654 2107 5722 pla-

522 5764 714 5819 garum
740 5748 1137 5818 spcctaculum,
1163 5755 1458 5816 martyrem
1490 5745 1721 5801 includit
1748 5743 1803 5797 in
1834 5744 2103 5807 custodia,

521 5840 724 5911 jubcns
751 5849 810 5892 ιιι
837 5854 899 5893 ea
937 5849 1055 5894 tuto
1090 5847 1470 5894 asservaretur
1500 5850 1673 5906 usque
1703 5836 1767 5889 ad
1796 5835 1941 5890 diem
1969 5836 2105 5889 dno-

2209 4655 2499 4729 βασιλικὴν
2534 4656 2752 4728 ἐκείνην
2781 4657 3072 4730 πορφύραν
3116 4659 3459 4730 ἀποδυθῆναι
3492 4661 3593 4732 τὴν
3639 4663 3784 4731 μὰρ-

2203 4763 2367 4819 τυρα,
2390 4748 2488 4802 καὶ
2515 4746 2831 4820 βουνεύροις
2865 4747 3132 4820 ὼμότατα
3153 4751 3602 4817 καταξαίνεσθαι.
3646 4751 3783 4805 Τού-

2204 4855 2300 4892 του
2344 4838 2425 4906 δὲ,
2453 4839 2529 4903 ὡς
2570 4839 2851 4905 ἐκέλευσε,
2878 4842 3201 4913 γενομένου,
3250 4844 3344 4897 καὶ
3374 4844 3472 4913 τῆς
3505 4843 3785 4915 μάρτυρος

2207 4931 2302 4985 ἐπὶ
2330 4930 2486 4985 δυσὶν
2520 4930 2672 4995 ὅλαις
2704 4931 2878 5003 ὥραις
2924 4933 3183 5006 καθάπερ
3228 4934 3343 4988 τισὶ
3416 4935 3608 5004 νιφάδι
3660 4938 3786 4999 ταῖς

2206 5025 2607 5090 ὰνυποστάτοις
2660 5025 2921 5097 μάστιξιν
2981 5026 3218 5097 ἰσχυρῶς
3250 5028 3320 5082 τὰ
3348 5028 3498 5082 νῶτα
3551 5027 3643 5081 καὶ
3683 5028 3786 5100 τὴν

2206 5117 2417 5173 κοιλίαν
2450 5118 2589 5189 ὁμοῦ
2620 5119 3009 5190 τυπτομένης,
3049 5118 3272 5174 ἐλούετο
3313 5120 3414 5192 μὲν
3455 5122 3521 5175 τὸ
3576 5122 3788 5192 παρϐε-

2206 5212 2357 5265 νικὸν
2383 5216 2560 5267 ἐκεῖνο
2608 5212 2769 5284 σῶμα
2817 5216 2931 5277 τοῖς
2974 5213 3199 5286 αἵμασι,
3250 5218 3347 5270 καὶ
3396 5215 3627 5279 πολλοὺς
3673 5214 3784 5267 τῶν

2204 5304 2492 5375 παρόντων
2545 5307 2627 5369 είς
2677 5306 2893 5379 δάκρυα
2954 5306 3170 5378 φανερά
3214 5306 3453 5377 κατῆγεν
3496 5322 3512 5338 ⁸
3558 5306 3699 5362 αὑτὴ
3724 5307 3788 5361 δι

2207 5396 2356 5451 οὕτω
2391 5398 2674 5469 σταθερῶς
2715 5402 2811 5452 καὶ
2862 5400 3133 5468 γενναίως
3169 5399 3309 5467 πρὸς
3353 5401 3454 5470 τὴν
3503 5401 3787 5472 ἀφόρητον

2208 5490 2423 5559 ἐκείνην
2446 5490 2543 5543 καὶ
2565 5490 2831 5560 ραγδαίαν
2861 5492 3113 5546 ἐνίστατο
3162 5493 3258 5546 τοῦ
3310 5492 3577 5562 τυράννου
3633 5494 3785 5564 βίαν,

2206 5580 2281 5643 ὡς
2314 5579 2513 5650 μικροῦ
2544 5582 2641 5635 καὶ
2694 5582 2900 5636 λίθινον
2957 5584 3309 5653 περικεῖσθαι
3356 5585 3517 5654 σῶμα
3576 5583 3785 5651 δοκεῖν,

2209 5673 2359 5743 εἰμὴ
2389 5674 2487 5743 τὴν
2522 5673 2692 5743 φύσιν
2723 5677 2774 5728 οί
2818 5678 3058 5747 ποταμοὶ
3102 5676 3199 5729 τοῦ
3240 5677 3476 5749 αἵματος
3528 5678 3784 5749 ῆλεγχον.

2222 5767 2350 5837 Ὀψὲ
2383 5768 2567 5838 μέντοι
2608 5769 2700 5824 καὶ
2724 5769 2753 5821 ὁ
2784 5772 3063 5843 ἀνήμερος
3108 5772 3213 5844 θὴρ
3245 5774 3459 5838 ἐκεῖνος
3504 5776 3644 5845 πρὸς
3680 5777 3787 5846 τὴν

2210 5858 2317 5911 τῶν
2352 5859 2578 5929 πληγῶν
2612 5858 2741 5914 θέαν
2771 5862 3106 5936 ἰλιγγιάσας,
3138 5868 3360 5940 φυλακῇ
3400 5866 3498 5939 τὴν
3530 5868 3786 5937 μάοτυοα
