4080 6374
412 310 517 372 ’2θᾶ

1491 315 1539 373 Μ
1551 317 1589 371 Α
1605 313 1959 373 RTYRIUM
2005 313 2064 373 S.
2109 313 2439 374 CATHARI
2453 315 2596 376 NxE.

3561 323 3670 388 294

401 419 752 484 κατακλείει,
798 421 877 482 είς
906 419 1222 490 δωδεκάτην
1253 419 1424 492 αὐτὴν
1471 421 1683 492 ἡμέραν
1727 421 1981 492 ἀσφαλῶς

2090 420 2384 485 decimam,
2415 433 2473 475 ut
2501 423 2832 489 consideret,
2867 428 3140 494 quomodo
3157 437 3213 483 et
3232 429 3558 499 quibusnam
3577 453 3670 506 ge‘

405 510 741 580 κατέχεσθαι
770 513 1180 582 παραγγείλας,
1205 514 1350 576 Ἕως
1376 513 1440 566 ἂν
1457 513 1766 585 σκέψωμαι,
1795 516 1983 585 φησιν,

400 606 552 668 ὅπως
576 602 749 674 αὐτὴν
782 604 879 657 καὶ
918 604 1033 658 τίσι
1080 605 1307 676 τρόποις
1358 607 1630 664 ἁναλώσω
1683 608 1982 662 κολάσεων.

404 690 534 766 Εἶχε
569 698 668 765 μὲν
699 691 796 750 οὖν
823 695 967 750 οῦτω
993 695 1166 750 ταῦτα
1193 713 1208 728 ο
1240 697 1337 752 καὶ
1364 701 1396 771 ἡ
1431 701 1646 770 μάρτυς
1673 703 1738 773 τῇ
1767 697 1982 771 φυλακῇ

398 786 648 852 δοθεῖσα,
674 789 918 861 δευτέρῳ
947 790 1111 844 πάλιν
1142 792 1470 862 ὲταμιεύετο
1504 793 1738 864 βήματι.

477 882 595 948 ις’.
648 881 941 949 Αύγούστα
984 880 1043 934 δὲ
1110 885 1141 953 ὴ
1197 883 1293 936 τοῦ
1359 885 1625 954 βασιλέως
1676 884 1982 952 Μαξεντίου

2089 511 2318 566 neribus
2360 512 2756 581 suppliciorum
2809 527 2927 567 eam
2959 527 3265 571 consumat.
3300 517 3423 574 ch
3444 523 3667 589 quidem

2086 602 2160 655 ita
2181 618 2239 656 se
2268 603 2814 674 habuerunt.Martyr
2837 621 2967 659 vero
2993 610 3242 676 conjec1a
3279 610 3332 663 in
3361 625 3666 680 carcerem,

2086 705 2278 748 rursus
2314 694 2705 748 reservabatur
2733 697 2978 749 secundo
3013 698 3298 753 tribunali.

2158 869 2302 925 XVI.
2331 873 2572 941 Augusta
2616 883 2798 928 autem
2845 891 2983 930 uxor
3021 881 3367 947 imperatoris
3405 899 3529 937 cum
3570 899 3667 938 au-

402 969 643 1038 σύζυγος
707 972 776 1024 τὰ
803 973 946 1024 κατά
969 973 1069 1043 τὴν
1097 973 1354 1044 μάρτυρα
1391 974 1668 1045 πυθομένη
1691 1015 1706 1038 ,
1755 975 1850 1027 καὶ
1885 974 1981 1045 τὴν

2085 958 2278 1015 diisset
2317 962 2384 1016 de
2415 975 2676 1034 martyre.
2705 975 2761 1019 et
2810 977 2956 1021 esset
2999 971 3185 1024 animo
3246 972 3301 1024 in
3345 988 3466 1026 eam
3524 976 3664 1031 bene

401 1060 581 1131 ψυχὴν
637 1062 774 1130 αὐτῇ
827 1061 1060 1131 φιλικῶς
1109 1079 1169 1116 τε
1227 1065 1323 1117 καὶ
1371 1065 1588 1128 οἰκείως
1628 1065 1968 1134 διατεθεῖσα,

404 1152 593 1204 ἐπόθει
625 1152 721 1205 καὶ
754 1151 880 1221 ὄψιν
908 1152 1128 1222 ἐκείνης
1191 1153 1317 1206 ἰδεῖν
1350 1158 1444 1209 καὶ
1473 1155 1695 1226 ὁμιλίας
1724 1158 1980 1221 ἀκοῦσαι,

404 1237 473 1314 ἦς
495 1244 591 1296 καὶ
621 1244 890 1297 τοιούτων
947 1245 1190 1299 ἀπέλαυε
1215 1245 1592 1318 διηγημάτων.
1636 1249 1884 1303 Ποθοῦσα
1926 1251 1982 1304 δὲ

405 1334 506 1387 οὐκ
536 1332 830 1405 ἐτύγχανε,
856 1337 952 1390 καὶ
980 1334 1051 1408 ἦν
1094 1339 1126 1408 ἡ
1171 1339 1266 1392 τοῦ
1318 1340 1660 1411 ποθουμένου
1711 1343 1982 1411 ἀποτυχία

405 1424 467 1478 τὸ
496 1425 878 1494 χαλεπώτατον
904 1431 1041 1500 αὐτῇ
1069 1429 1501 1502 τῶνῖσυμφορῶν
1529 1437 1622 1484 καὶ
1649 1431 1977 1503 βαρύτατον.

407 1517 719 1572 Είσελθόντι
782 1521 913 1587 γοῦν
953 1539 1086 1575 ποτε
1135 1540 1213 1592 τῳ
1240 1523 1588 1593 Πορφυρίωνι
1620 1523 1757 1593 πρὸς
1789 1525 1977 1593 αὐτὴν,

410 1612 895 1681 στρατοπεδάρχης
919 1612 975 1664 δὲ
999 1609 1154 1675 οὗτος
1178 1609 1246 1685 ἦν
1273 1614 1412 1666 κατὰ
1443 1615 1603 1683 χεῖρά
1645 1630 1704 1666 τε
1736 1617 1984 1683 γενναιό-

405 1718 591 1768 τατος,
617 1703 714 1755 καὶ
744 1703 949 1772 ἄριστα
979 1706 1111 1775 περὶ
1154 1706 1428 1776 πολέμους
1471 1707 1928 1776 γεγυμνασμένος
1960 1723 1976 1739 ο

2089 1051 2302 1114 aﬂecta,
2338 1053 2691 1110 desiderabat
2744 1058 2933 1112 videre
2993 1061 3112 1127 ejus
3160 1062 3378 1119 faciem.
3435 1073 3493 1118 et
3540 1082 3666 1119 eam

2081 1132 2272 1198 audire
2303 1144 2640 1213 loquentem,
2683 1147 2752 1200 de
2781 1164 2886 1216 qua
2949 1151 3076 1204 talia
3111 1155 3320 1205 narrari
3354 1155 3662 1211 audiverat.

2082 1235 2412 1291 Desiderans
2456 1247 2662 1300 autem,
2718 1240 2771 1293 id
2833 1241 3058 1297 minime
3115 1246 3552 1314 assequebantur;
3607 1259 3665 1304 et

2080 1343 2190 1382 non
2220 1331 2460 1399 assequi,
2495 1331 2642 1400 quod
2677 1332 3042 1399 desiderabat,
3084 1346 3206 1391 erat
3247 1340 3295 1392 ei
3330 1341 3660 1408 gravissima

2080 1420 2383 1476 calamitas.
2416 1423 2552 1478 Cum
2586 1425 2652 1479 ad
2696 1441 2816 1480 eam
2854 1437 3035 1481 autem
3070 1429 3363 1498 aliquando
3386 1432 3665 1502 ingressus

2080 1512 2272 1569 fuisset
2299 1515 2605 1585 Porphyrio
2656 1517 2726 1587 (is
2753 1533 2884 1571 vero
2915 1526 3033 1572 erat
3107 1519 3216 1573 dux
3247 1523 3545 1581 exercitus.
3604 1535 3661 1578 et

2080 1621 2242 1658 manu
2289 1606 2642 1669 fortissimus,
2673 1618 2728 1663 et
2765 1609 2818 1662 in
2853 1609 2995 1663 bello
3046 1611 3252 1679 Optime
3299 1615 3656 1676 exercitatus.

2078 1707 2134 1750 et
2164 1698 2216 1750 in
2247 1712 2312 1751 eo
2340 1700 2544 1766 primas
2571 1709 2754 1766 partes
2791 1701 3093 1770 obtinens),
3125 1717 3247 1756 cum
3298 1721 3427 1774 ergo
3477 1705 3656 1774 impe-

405 1791 527 1863 (καὶ
603 1795 692 1848 διὰ
747 1795 906 1849 τοῦτο
965 1798 1061 1850 καὶ
1115 1797 1322 1868 βασιλεί
1353 1796 1640 1868 Μαξεντίῳ
1671 1799 1740 1851 τὰ
1769 1798 1976 1868 μεγάλα

2089 1789 2256 1841 ratrix
2287 1789 2582 1857 aliquando
2629 1805 2754 1843 eum
2801 1792 2980 1844 solum
3022 1794 3344 1856 invenisset,
3395 1805 3654 1865 tanquam

404 1887 777 1957 ὡκειωμένος,
813 1890 908 1942 καὶ
937 1890 1070 1961 παρ’
1108 1890 1262 1961 αὐτῷ
1305 1890 1373 1944 τὰ
1402 1891 1593 1961 πρῶτα
1633 1891 1976 1961 δυνάμενος.)

402 1979 594 2034 τοῦτον
656 1981 904 2052 τοίνυνή
951 1980 1161 2051 βασιλίς
1193 1999 1320 2036 ποτε
1378 1983 1540 2053 μόνον
1590 1984 1848 2052 εὑροῦσα,
1887 1984 1981 2036 καὶ

406 2070 484 2134 ὡς
511 2072 829 2143 ἀπόρρητόν
852 2089 971 2125 τινα
1004 2074 1204 2143 πρᾶξιν
1228 2073 1486 2144 ἐκφέρειν
1510 2073 1661 2145 αὐτῷ
1688 2075 1978 2145 μέλλουσα,

405 2163 594 2232 ὅρκοις
626 2164 719 2216 τὸν
754 2165 1121 2236 Πορφυρίωνα
1150 2167 1418 2238 πρότερον
1449 2163 1836 2234 άσφαλίζεται,
1884 2165 1982 2219 καὶ

403 2255 476 2308 τὰ
505 2256 674 2308 πιστὰ
704 2256 836 2325 παρ’
868 2257 1077 2310 ἐκείνου
1105 2256 1392 2327 λαμϐάνει,
1425 2256 1565 2309 ὥστε
1595 2257 1803 2327 μηδένα
1848 2259 1979 2328 παρ’

405 2347 574 2400 αὐτοῦ
606 2349 804 2417 μαθεῖν
848 2348 908 2401 τὸ
960 2349 1261 2418 μυστήριον
1315 2363 1330 2380 ο
1380 2345 1498 2400 εἶτα
1540 2347 1640 2417 τὴν
1687 2349 1982 2418 ἐπιθυμίαν

405 2437 577 2508 αύτῷ,
606 2440 702 2492 καὶ
732 2439 1359 2506 ὃπωςῑὲπόθει,λαθοῦσα
1387 2441 1614 2505 πάντας,
1643 2443 1708 2511 τῇ
1745 2440 1980 2512 μάρτυρι

405 2530 676 2596 ἐντυχεῖν,
711 2531 806 2582 καὶ
832 2530 931 2600 τῆς
959 2532 1242 2602 μακαρίας
1271 2531 1487 2599 ἐκείνης
1515 2529 1748 2583 ἀκοῦσαι
1793 2529 1982 2599 φωνῆς

404 2623 632 2690 ὲπιφέρε
642 2639 678 2674 ι.
699 2622 810 2676 Καὶ
825 2625 854 2677 ὁ
871 2625 1214 2694 Πορφυρίων,
1246 2623 1388 2693 Ἐγώ
1411 2641 1512 2686 σοι,
1528 2617 1573 2677 ὧ
1586 2624 1863 2688 δέσποινα,
1882 2639 1982 2675 κα-

405 2714 690 2783 ταπράξω,
716 2715 870 2786 φησὶ,
901 2714 962 2768 τὸ
991 2714 1326 2784 ποθούμενον
1358 2716 1524 2784 μόνον
1554 2713 1982 2784 ὲμπαράσκευός

410 2820 500 2872 μοι
533 2806 673 2875 πρὶς
701 2805 804 2876 τὴν
836 2807 1079 2877 ἑσπέραν
1107 2805 1290 2875 γενοῦ.
1327 2807 1479 2859 Ἐπεὶ
1499 2805 1556 2859 δὲ
1581 2806 1675 2860 καὶ
1707 2807 1740 2877 ή
1775 2807 1984 2874 ἑσπέρα

408 2898 586 2967 παρῆν
627 2897 964 2970 παραλαΰὼν
997 2898 1114 2968 ἄμα
1144 2897 1444 2961 διακοσίοις
1472 2896 1841 2968 στρατιώταις
1881 2896 1982 2964 τὴν

406 2989 728 3056 ⁸Αύγούσταν
786 2992 816 3043 ὁ
891 2989 1238 3060 Πορφυρίων,
1311 2989 1405 3041 καὶ
1470 2990 1716 3060 χρήμασι
1777 2985 1983 3058 κλέψας

403 3081 528 3140 τοὺς
581 3080 1001 3151 δεσμοφύλακας
1032 3119 1048 3147 ,
1108 3081 1418 3150 εἰσέρχεται
1485 3082 1584 3134 σὺν
1635 3081 1772 3152 αὑτῇ
1844 3079 1982 3151 πρὸς

404 3173 499 3244 τὴν
558 3171 862 3243 μακαρίαν.
932 3172 998 3226 Ἦ
1055 3171 1345 3240 Δύγούστα
1393 3173 1594 3237 τοίνυν,
1655 3171 1753 3242 τὴν
1793 3171 1981 3225 ποθει-

407 3259 502 3328 νὴν
537 3260 764 3330 ἐκείνην
791 3261 890 3330 τῆς
951 3259 1230 3333 μάρτυρος
1262 3260 1383 3330 δψιν
1431 3260 1636 3326 ίδοῦσα,
1679 3260 1778 3331 τὴν
1810 3261 1980 3314 ἐπαν-

410 3348 609 3406 θούσαν
656 3369 715 3406 τε
750 3351 887 3422 αὐτῇ
919 3351 1070 3406 Θείαν
1098 3353 1260 3422 χάριν
1283 3391 1298 3417 ,
1340 3353 1435 3405 καὶ
1488 3353 1586 3423 τὴν
1630 3353 1984 3423 ὲκπεμπομέρ

407 3460 508 3513 νην
556 3443 774 3496 ὲκείθεν
829 3442 1072 3512 ἀνθηρὰν
1138 3442 1333 3495 ἀκτῖνα
1394 3441 1833 3509 καταπλαγεῖσα,
1889 3441 1982 3494 πί-

406 3552 527 3589 πτει
582 3553 642 3588 τε
682 3532 825 3604 ταχὺ
851 3532 989 3604 πρὸς
1040 3533 1168 3597 τοὺς
1213 3533 1382 3596 πόδας
1419 3533 1612 3602 αὐτῆς,
1668 3533 1762 3586 καὶ
1791 3533 1982 3600 ἡδονῆς

405 3628 539 3697 αὐτῇ
615 3627 836 3693 δάκρυα
903 3626 1184 3695 καταχέει,
1249 3627 1345 3677 καὶ
1409 3626 1588 3679 τοιάδε
1681 3626 1820 3693 μετὰ
1882 3626 1979 3678 δα-

407 3721 588 3789 κρύων
669 3718 972 3787 ἐφθέγγετο
1017 3734 1032 3750 ⁶
1110 3716 1229 3772 Νῦν
1282 3718 1556 3788 εὐδαίμων
1605 3717 1822 3786 ἀληθῶς
1869 3715 1982 3785 ἐγὼ

409 3812 501 3863 καὶ
529 3810 806 3879 βασίλεια,
857 3811 942 3863 ὅτι
977 3810 1072 3863 καὶ
1117 3809 1377 3881 τοιαύτης
1413 3809 1541 3872 θέας
1584 3809 1852 3878 ⁴Ιιξίωμοιι,
1889 3811 1982 3864 καὶ

410 3898 486 3958 εἰς
525 3897 702 3964 πέρας
748 3896 991 3951 ἐκϐᾶσαν
1031 3898 1130 3968 ἤδη
1189 3915 1280 3967 μοι
1333 3898 1431 3968 τὴν
1495 3898 1800 3968 ἐπιθυμίαν
1849 3899 1979 3968 ὁρῶ.

421 3987 561 4053 Ἐγὼ
595 3988 708 4057 γὰρ
735 3989 828 4040 ἐπὶ
856 3989 944 4040 σοὶ
975 3989 1065 4041 τὸν
1113 3991 1178 4042 ὲκ
1223 3987 1418 4040 πολλοῦ
1472 3989 1638 4041 πόθον
1685 3988 1979 4054 ὠδίνουσα,

410 4082 501 4134 καὶ
558 4076 704 4133 ὥστε
757 4079 858 4149 τῆς
913 4079 1012 4149 σῆς
1059 4080 1236 4150 ὂψεως
1292 4083 1383 4134 καὶ
1428 4082 1528 4148 τῆς
1583 4081 1798 4150 ὁμιλίας
1847 4084 1984 4134 ἀπο-

412 4169 623 4234 λαῦσαι,
682 4169 844 4239 δούλη
874 4170 1034 4235 Θεοῦ,
1071 4172 1166 4224 καὶ
1211 4171 1384 4238 αὐτὴν
1435 4169 1606 4240 ἡδέως
1663 4169 1761 4239 τὴν
1801 4170 1982 4240 ψυχὴν

414 4263 550 4332 μετὰ
608 4261 712 4332 τῆς
753 4261 1033 4334 βασιλείας
1089 4262 1433 4333 προιεμένη,
1490 4260 1586 4313 νῦν
1639 4261 1833 4330 έτυχον
1883 4263 1983 4330 τῆς

412 4358 654 4424 ἐφέσεως
684 4373 700 4388 ·
737 4356 797 4420 ἐξ
841 4350 908 4426 ἦς
943 4351 1035 4408 οὖν
1065 4356 1160 4407 καὶ
1219 4353 1450 4416 θάνατος
1493 4353 1741 4407 ἐπελθὼν
1797 4353 1982 4407 οὐκέτι

2079 1879 2128 1932 ei
2173 1895 2428 1934 arcanam
2495 1881 2732 1950 aliquam
2801 1893 3088 1937 narratura
3168 1887 3439 1940 actionem
3501 1889 3657 1957 prius

2079 1970 2511 2040 Porphyrionem
2581 1973 3230 2044 astringitqurejurando,
3263 1991 3319 2032 et
3369 1980 3530 2032 (idem
3587 1979 3658 2033 ab

2080 2060 2172 2114 illo
2218 2063 2436 2131 accipit,
2467 2063 2586 2117 fore
2641 2074 2700 2118 ut
2753 2066 2940 2120 nullus
2995 2066 3063 2119 ab
3098 2082 3166 2120 eo
3213 2069 3443 2122 resciret
3502 2086 3658 2124 arca-

2080 2165 2230 2204 num.
2267 2152 2473 2207 Deinde
2507 2153 2597 2208 illa
2627 2154 2678 2208 ei
2715 2156 2939 2223 exponit
2983 2171 3144 2209 suum
3199 2156 3561 2225 desiderium,
3601 2169 3658 2213 et

2078 2244 2541 2310 quemadmodum
2573 2245 2946 2311 desiderabat,
2980 2246 3345 2303 inscientibus
3371 2251 3654 2312 omnibus.

2079 2335 2373 2389 conVenire
2418 2345 2735 2406 martyrem.
2787 2334 2924 2390 Cum
2986 2337 3200 2391 beatam
3256 2349 3439 2393 autem
3503 2341 3651 2394 illam

2077 2439 2268 2479 vocem
2317 2425 2634 2490 audivisset,
2670 2426 2969 2496 respondet
3009 2427 3357 2495 Porphyrio:
3396 2427 3530 2498 Ego,
3576 2429 3662 2481 in-

2079 2517 2220 2586 quit,
2255 2532 2288 2571 0
2319 2517 2560 2582 domina,
2596 2518 2790 2571 faciam
2829 2518 2928 2571 tibi
2968 2518 3116 2585 quod
3171 2518 3492 2582 desideras;
3536 2528 3658 2572 esto

2080 2612 2256 2666 solum
2294 2621 2506 2682 parata.
2541 2610 2678 2666 Cum
2708 2627 2844 2665 vero
2871 2612 3093 2672 adesset
3126 2626 3374 2680 vespera,
3432 2621 3488 2666 et
3540 2616 3660 2665 Au-

2080 2711 2291 2772 gustam
2323 2701 2634 2770 accepisset
2669 2702 2982 2772 Porpltyrio
3018 2717 3142 2755 cum
3204 2702 3459 2757 ducentis
3515 2703 3662 2756 mili-

2083 2792 2252 2856 tibus,
2309 2793 2543 2864 pecunia
2596 2794 2873 2863 corruptis
2937 2793 3282 2858 custodibus,
3337 2808 3463 2847 cum
3541 2795 3663 2862 ipsa.

2084 2884 2392 2956 ingreditur
2427 2886 2492 2938 ad
2520 2885 2757 2939 beatam.
2787 2885 3030 2955 Augusta
3059 2895 3241 2939 autem
3268 2901 3391 2940 cum
3427 2886 3658 2941 vidisset

2083 2975 2239 3031 illum
2291 2984 2538 3047 optatum
2600 2977 2812 3030 vultum
2868 2977 3155 3048 martyris,
3207 2977 3476 3032 admirata
3515 2977 3662 3031 divi-

2085 3083 2236 3131 nam,
2272 3085 2394 3139 quat
2431 3069 2487 3122 in
2520 3083 2588 3123 ea
2617 3069 2870 3135 ﬂorebat,
2906 3071 3158 3139 gratiam,
3189 3079 3244 3124 et
3299 3070 3651 3140 splendidum

2009 3137 2052 3194 (ἶ
2089 3163 2184 3232 qui
2221 3137 2374 3216 illinc
2427 3163 2803 3228 emittebatur,
2860 3137 3098 3227 radium,
3144 3137 3382 3232 procidit
3438 3165 3548 3219 cito
3587 3165 3658 3218 ad

2083 3259 2249 3330 pedes
2280 3261 2420 3330 ejus,
2469 3268 2523 3315 et
2551 3260 2601 3315 ei
2632 3259 2867 3314 ell'undit
2895 3260 3166 3330 lacrymas
3203 3261 3427 3322 laetitiae,
3457 3269 3513 3315 et
3538 3259 3654 3314 haec

2079 3348 2261 3402 locuta
2288 3356 2373 3402 est
2405 3364 2528 3403 cum
2583 3349 2882 3419 lacrymis:
2928 3349 3086 3403 Nune
3141 3365 3244 3419 ego
3295 3365 3414 3404 sum
3467 3366 3657 3404 revera

2082 3439 2238 3494 beata
2267 3450 2322 3495 et
2376 3441 2716 3511 imperatrix,
2746 3442 2890 3510 quod
2949 3457 3069 3496 sum
3121 3442 3212 3495 tali
3271 3440 3487 3511 dignata
3530 3454 3656 3510 Spe—

2082 3534 2312 3598 ctaculo,
2332 3542 2387 3587 et
2414 3534 2571 3588 video
2595 3550 2773 3589 meum
2797 3535 3128 3588 desiderium
3161 3543 3511 3587 consecutum
3536 3548 3660 3587 esse

2081 3625 2360 3688 elfectum,
2392 3641 2492 3696 ego
2524 3627 2670 3680 enim
2714 3628 2921 3696 jamdiu
2972 3629 3050 3681 tui
3092 3641 3295 3696 magno
3341 3635 3530 3680 teneor
3559 3627 3656 3679 de-

2082 3718 2304 3782 siderio,
2339 3727 2397 3772 ut
2429 3730 2542 3784 tuo,
2599 3723 2842 3790 inquam,
2907 3721 3124 3776 fruerer
3155 3731 3382 3790 aspectu
3432 3729 3487 3774 et
3539 3736 3658 3774 ser-

2081 3825 2263 3876 mone,
2301 3826 2332 3864 o
2362 3827 2515 3865 serva
2554 3812 2690 3866 Dei:
2725 3822 2781 3866 et
2811 3813 2894 3866 vel
2949 3813 3120 3881 ipsam
3163 3815 3397 3866 animam
3421 3813 3658 3866 libenter

2083 3904 2338 3956 amittens
2370 3918 2492 3956 cum
2525 3904 2776 3972 imperio,
2819 3921 2964 3957 nunc
3001 3920 3120 3957 sum
3155 3905 3326 3973 potita
3352 3903 3651 3957 desiderio.

2084 3991 2139 4046 Si
2165 3993 2426 4061 deinceps
2459 4009 2589 4062 ergo
2621 3995 2702 4047 vel
2742 4009 2888 4048 mors
2917 3996 3231 4058 accesserit,
3261 4010 3368 4046 non
3404 4009 3490 4046 me
3538 4009 3658 4045 am-

2084 4086 2227 4155 plius
2260 4086 2451 4138 dolore
2484 4084 2703 4148 alliciet,
2743 4094 2801 4138 ut
2828 4100 2948 4154 qum
2980 4085 3081 4139 sim
3122 4093 3372 4138 aSsecuta
3407 4083 3458 4138 id
3509 4084 3658 4152 quod

2083 4174 2486 4236 desiderabam,
2534 4183 2590 4228 et
2632 4175 2807 4228 amori
2852 4189 2972 4228 meo
3035 4174 3424 4228 satisfecerim.
3476 4174 3665 4228 Laetor

2083 4282 2215 4338 ergo
2243 4267 2436 4332 corde,
2471 4274 2528 4321 et
2559 4268 2742 4321 animo
2773 4281 2896 4320 sum
2926 4267 3133 4336 Optime
3167 4267 3383 4331 aﬂ‘ecta,
3415 4279 3522 4321 tam
3573 4267 3662 4337 ju-

2085 4360 2326 4414 cundum
2354 4360 2698 4429 splendorem
2754 4373 2822 4413 ex
2875 4366 2968 4413 tuo
3024 4360 3180 4413 vultu
3225 4357 3531 4430 accipiens.
3588 4359 3662 4413 Es

418 4468 483 4518 με
514 4449 772 4520 λυπήσει,
803 4448 1072 4517 τυχοῦσάν
1107 4463 1166 4500 τε
1202 4439 1277 4500 ὧν
1305 4445 1618 4515 ἐπεθύμουν
1654 4447 1754 4499 κα)⁸
1797 4445 1981 4509 καλῶς

2089 4448 2273 4518 itaque
2330 4447 2486 4502 beata
2526 4456 2582 4502 et
2627 4448 2755 4502 felix
2822 4447 3022 4502 merito
3080 4449 3466 4514 existimanda,
3512 4449 3662 4520 quod

415 4541 877 4611 ἁφοσιωσαμένην
925 4541 1017 4594 τὸν
1076 4541 1278 4610 ἔρωτα.
1327 4537 1708 4608 Εὐφραίνομαι
1751 4537 1844 4590 οὖν
1881 4539 1981 4608 τὴν

415 4635 687 4706 καρδίαν,
750 4634 849 4687 καὶ
895 4633 996 4701 τὴν
1049 4631 1228 4701 ψυχὴν
1275 4629 1352 4693 ὡς
1405 4630 1600 4699 ἥδιστα
1657 4628 1988 4696 διατίθεμαι,

2091 4541 2313 4594 Christo
2344 4540 2661 4605 adhaeseris,
2693 4557 2723 4594 a
2754 4556 2864 4611 quo
2899 4550 3007 4595 tam
3040 4541 3212 4598 multa
3243 4547 3384 4598 dona
3430 4551 3486 4598 et
3525 4559 3664 4613 gra-

2099 4631 2187 4686 tiae
2214 4631 2314 4686 tibi
2347 4631 2791 4701 suppeditantur.

415 4730 651 4800 μάλιστα
701 4731 797 4783 καὶ
844 4728 1104 4796 γλυκεῖαν
1131 4725 1360 4793 ,ξοθτως
1413 4725 1587 4795 αὐγὴν
1673 4726 1739 4777 ἐκ
1787 4725 1888 4795 τῆς
1949 4726 2051 4795 σῆς
2105 4727 2281 4797 ὅψεως
2349 4728 2746 4800 ὑποδεχομένη.
2811 4730 3077 4800 Μακαρία
3149 4729 3326 4784 τοίνυν
3397 4727 3668 4799 ὑπάρχεις

414 4823 505 4876 καὶ
552 4819 794 4891 ζηλωτὴ,
826 4818 909 4872 ὅτι
943 4815 1174 4886 τοιούτῳ
1210 4815 1654 4886 προσεκολλήθης
1687 4814 1932 4886 Χριστῷ,
1974 4816 2106 4888 παρ’
2164 4810 2228 4871 οὗ
2290 4835 2373 4872 σοι
2435 4819 2636 4890 δωρεαὶ
2692 4818 2950 4874 τοσαῦται
3005 4819 3366 4892 χορηγοῦνται
3411 4822 3506 4874 καὶ
3564 4821 3670 4892 χά-

622 5008 769 5078 Πρὸς
802 5004 977 5060 ταῦτα
1008 5007 1041 5076 ἡ
1078 5003 1290 5075 μάρτυς
1315 5019 1331 5034 ⁸
1361 5003 1626 5074 Μακαρία
1657 4997 1706 5055 εἰ
1744 5001 1841 5056 καὶ
1887 5003 1974 5068 (ᾤ’

2155 4999 2320 5057 XVII.
2378 4999 2460 5055 Ad
2509 4998 2627 5054 haec
2683 4997 2822 5053 dixit
2891 5007 3143 5068 martyr:
3200 4995 3281 5050 Tu
3332 5008 3550 5065 quoque
3601 5009 3669 5049 es

413 5094 456 5153 ὦ
486 5099 720 5170 βασιλὶς,
770 5097 900 5168 ἔφη,
932 5100 1016 5151 ὅτι
1065 5097 1258 5168 θεωρῶ
1309 5097 1574 5164 στέφανον
1627 5097 1684 5147 έν
1732 5095 1981 5163 ἀγγέλων

2081 5097 2262 5156 beata,
2297 5109 2331 5148 ο
2363 5091 2702 5163 imperatrix,
2753 5090 2896 5160 quod
2930 5091 2985 5144 in
3023 5090 3340 5159 angelorum
3397 5087 3658 5142 manibus

415 5195 571 5264 χερσὶ
602 5193 706 5262 τῆς
741 5193 842 5262 σῆς
888 5191 1136 5260 κεφαλῆς
1193 5186 1736 5259 ὑπεραιωρούμενον,
1782 5186 1842 5238 ὃν
1890 5186 1984 5238 καὶ

418 5288 554 5355 μετᾶ
587 5286 783 5356 τρίτην
818 5285 1037 5354 ἡμέραν
1064 5282 1152 5335 διὰ
1182 5281 1280 5352 τῆς
1316 5277 1730 5351 περιμενούσης
1779 5295 1837 5330 σε
1887 5296 1984 5332 κο-

415 5377 620 5440 λάσεως
653 5377 1070 5445 ἀναδησαμένη,
1102 5373 1352 5444 πορεύσῃ
1374 5372 1509 5441 πρὸς
1554 5372 1646 5424 τὸν
1679 5371 1854 5441 ἀληθῆ
1890 5370 1986 5439 βα-

417 5469 566 5522 σιλέα
601 5469 868 5538 διηνεκῶς
905 5465 1290 5536 βασιλεύουσα.
1334 5463 1494 5516 Ἀλλὰ
1522 5463 1671 5533 δειλή
1697 5465 1842 5532 εἰμι,
1880 5463 1986 5532 ἔφη

421 5563 555 5632 πρὸς
605 5562 704 5632 τὴν
767 5563 1046 5632 μακαρίαν
1085 5561 1118 5630 ἡ
1157 5559 1414 5630 βασιλὶς,
1475 5560 1567 5610 καὶ
1624 5555 1841 5609 δέδοικα
1887 5557 1988 5618 τὰς

425 5654 712 5723 βασάνους,
749 5655 989 5724 μάλιστα
1016 5653 1072 5705 δὲ
1109 5655 1204 5705 καὶ
1239 5652 1329 5704 τὸν
1361 5650 1612 5720 βασιλέα,
1659 5651 1744 5702 ὅτι
1771 5649 1986 5719 ἀπηνής

419 5749 529 5801 ἐστι
554 5751 642 5802 καὶ
666 5748 964 5819 θηριώδης,
992 5749 1085 5800 καὶ
1104 5745 1470 5817 ἀνθρωπίνοις
1505 5742 1788 5814 ἐντρυφῶν
1816 5744 1983 5812 αἵμα-

2103 5185 2264 5239 video
2295 5198 2553 5238 coronam
2606 5183 2682 5235 tui
2743 5181 2938 5250 capitis
2986 5182 3042 5234 in
3093 5179 3263 5233 altum
3306 5178 3529 5240 elatam,
3555 5192 3667 5245 qua

2086 5287 2210 5347 pest
2255 5277 2478 5329 tertium
2515 5273 2661 5328 diem
2693 5287 2793 5342 per
2828 5273 2904 5336 id,
2934 5271 3082 5341 quod
3119 5279 3170 5324 te
3206 5277 3409 5332 manet,
3447 5269 3660 5339 suppli-

2088 5371 2234 5424 cium
2299 5367 2573 5429 redimita,
2636 5364 3004 5434 proﬁcisceris
3061 5362 3130 5417 ad
3187 5379 3379 5418 verum
3434 5362 3665 5431 Regem,

2088 5474 2324 5530 regnans
2380 5466 2668 5528 perpetuo.
2711 5452 2820 5507 Sed
2883 5468 3004 5505 sum
3050 5451 3260 5515 timida,
3305 5451 3439 5504 dicit
3487 5451 3661 5502 beatae

2085 5551 2427 5621 imperatrix,
2483 5559 2539 5603 et
2585 5548 2750 5601 timeo
2802 5553 3123 5599 tormenta:
3175 5543 3410 5597 maxime
3473 5549 3662 5594 autem

2086 5647 2496 5713 imperatorem,
2527 5638 2673 5710 quod
2703 5639 2774 5694 sit
2804 5654 2980 5694 saevus
3026 5647 3082 5694 et
3134 5637 3409 5701 immanis,
3465 5646 3521 5690 et
3572 5633 3659 5686 in-

2087 5742 2254 5797 sultet
2321 5734 2662 5793 hominibus.
2724 5734 2925 5805 Martyr
2974 5745 3156 5789 autem
3226 5731 3357 5787 dicit
3436 5731 3525 5784 ei:
3575 5725 3666 5779 Sis
