4072 6390
268 309 374 388 2'97

1346 321 1822 382 MARTYRIUM
1862 321 1927 382 S.
1965 319 2450 382 CATHARINE.

3420 320 3525 383 £98

269 436 404 510 χούς
434 449 451 466 ⁶
487 433 708 505 ἑκάστῳ
752 432 810 488 δὲ
842 433 953 488 τῶν
990 432 1202 504 τροχῶν
1237 433 1563 506 πρηστῆρας
1598 432 1847 504 ἐμπαγῆ-

1975 430 2043 502 igi
2077 445 2260 486 serras
2288 439 2344 486 et
2379 430 2565 486 clavos
2593 439 2806 488 acutos.
2842 431 3050 489 Deinde
3091 433 3404 490 machinam
3438 437 3527 490 fu-

269 548 361 586 ναι
399 527 494 582 καὶ
513 527 677 598 ἦλους
699 524 841 590 ὀξεῖς
871 541 886 556 ο
920 521 1038 579 εἶτα
1061 525 1315 596 σχοινίοις
1337 527 1398 578 τὸ
1429 525 1731 596 μηχάνημα
1755 523 1851 578 καὶ

272 622 643 694 τροχιλίσχοις
679 622 786 690 πρὸ
828 621 938 672 τῶν
964 618 1136 688 αὐτῆς
1165 619 1462 688 ὀφθαλμῶν
1499 617 1848 687 ἑλκυσθῆναι.

270 716 334 768 Εἰ
384 715 482 785 μὲν
528 697 629 766 οὖν
672 711 855 764 ἰδοῦσα
902 712 1061 766 τοῦτο
1103 711 1241 782 μετὰ
1271 712 1637 783 σφοδροτάτου
1669 709 1851 782 ῥοίζου

271 808 574 877 φερόμενον
604 804 856 875 πεισθείη
886 806 981 858 καὶ
1009 804 1190 857 θύσειε
1219 804 1340 873 μεθ’
1370 803 1526 873 ἡμῶν
1550 808 1662 867 τοῖς
1687 803 1851 869 θεοῖς,

269 896 522 962 τεύξεται
551 896 659 948 τῶν
677 894 1139 965 ,ἐπηγγελμένων
1169 895 1218 946 εί
1244 893 1288 947 δ’
1310 888 1426 958 οὖν,
1447 891 1583 946 ἀλλὰ
1599 894 1708 955 τοῖς
1730 908 1856 962 τρο-

270 993 388 1061 χοῖς
426 989 765 1058 ἐμϐληθεῖσα
791 987 1133 1040 ἐλεεινότατα
1167 987 1266 1056 τὴν
1299 987 1480 1057 ψυχὴν
1521 985 1851 1056 ἀπορρήξει.

345 1079 448 1136 18⁸.
485 1079 673 1144 Ἱῖαῦτα
701 1079 798 1148 μέν
827 1074 922 1132 οὖν
959 1080 988 1132 6
1026 1079 1274 1148 ὕπαρχος
1313 1075 1493 1132 εἶπεν.
1560 1077 1852 1146 Ἀρπάσας

272 1173 331 1228 δὲ
354 1171 446 1226 τὸν
479 1171 637 1240 λόγον
666 1173 693 1222 6
735 1169 1012 1240 βασιλεὺς,
1062 1167 1161 1240 τὴν
1191 1169 1450 1239 μάρτυρα
1507 1167 1608 1237 μὲν
1635 1215 1638 1218 .
1667 1168 1854 1222 δίδωσι

271 1264 564 1332 τηρεῖσθαι
597 1263 691 1316 καὶ
726 1262 884 1326 αὖθις
919 1278 932 1293 °
977 1264 1039 1316 τὸ
1087 1264 1398 1332 μηχάνημα
1430 1260 1488 1314 δὲ
1529 1261 1612 1324 είς
1662 1260 1855 1330 τρίτην

275 1359 501 1427 ἡμέραν
530 1354 856 1424 τελεσθῆναι
887 1354 1126 1409 κελεύει.
1174 1352 1380 1410 Τούτου
1423 1353 1480 1406 δὲ
1534 1352 1853 1422 γενομένου,

275 1451 624 1517 προσάγεται
656 1448 754 1499 καὶ
793 1445 1008 1517 πάλινή
1045 1447 1278 1516 μάρτυς,
1303 1447 1414 1512 καὶ,
1451 1443 1710 1515 Πείσθητί
1745 1461 1854 1512 μοι,

275 1540 410 1610 φησι
437 1539 570 1610 πρὸς
597 1538 770 1610 αὐτὴν
799 1541 827 1590 6
863 1539 1138 1608 βασιλεὺς,
1192 1541 1288 1593 καὶ
1315 1538 1478 1590 θῦσον
1510 1539 1624 1598 τοῖς
1666 1535 1808 1599 θεοῖς
1839 1553 1854 1567 ·

276 1631 408 1687 εἰδὲ
439 1631 538 1701 μὴ,
583 1630 759 1700 τούτῳ
802 1647 862 1682 σε
917 1630 997 1702 τῷ
1045 1629 1395 1701 κολαστηρίῳ
1445 1627 1725 1692 ὑποϐαλῶ,
1765 1644 1860 1680 κε-

273 1725 480 1788 λεύσας
512 1725 574 1777 τὸ
606 1723 798 1780 καινὸν
827 1727 1004 1776 ἐκεῖνο
1041 1723 1367 1793 μηχάνημα,
1402 1721 1494 1775 ὑπ’
1544 1720 1858 1790 ὀρθαλμοὺς

275 1819 448 1887 αὐτῆς
485 1818 739 1872 ἕλκεσθαι
767 1835 782 1849 ο
806 1811 1020 1878 οὗτινος
1049 1818 1148 1869 συν
1189 1813 1372 1886 πολλῴ
1422 1814 1749 1885 κινουμένου
1781 1812 1860 1884 τῷ

278 1911 448 1984 ῥοίζῳ
481 1913 572 1964 καὶ
606 1910 768 1963 πάλιν
800 1913 826 1963 ὁ
861 1909 1138 1979 βασιλεὺς,
1181 1909 1384 1980 Ὀρᾷς;
1434 1908 1560 1979 ἔφη,
1593 1907 1752 1961 τοῦτὸ
1800 1923 1859 1960 σε

281 2004 361 2077 μὴ
395 2005 731 2075 πειθομένην
779 2004 1082 2071 ἐκδέξεται,
1130 2002 1196 2056 Ἥ
1225 2003 1302 2068 δὲ,
1357 2001 1646 2066 Πολλάκις,
1704 2003 1858 2072 φησὶ,

277 2096 378 2168 τὴν
406 2097 550 2166 ἐμὴν
591 2095 821 2165 γνώμην
855 2089 1030 2160 εἶπον,
1070 2089 1116 2147 ὦ
1164 2093 1412 2164 βασιλεῦ,
1473 2092 1570 2146 κα)⁸
1620 2091 1863 2162 φανεράν

282 2207 366 2245 σοι
401 2189 608 2262 ταύτην
641 2189 985 2260 ἐποιησάμην
1037 2203 1052 2220 ο
1095 2188 1173 2260 μὴ
1210 2187 1371 2258 μέλλε
1401 2186 1515 2252 οὖν,
1550 2188 1683 2242 ἀλλὰ
1719 2187 1863 2240 ποίει

282 2285 353 2336 τὰ
403 2284 484 2352 τῷ
517 2282 674 2353 θυμῷ
729 2282 1141 2352 παριστάμενα.
1200 2280 1415 2334 Ἦπάτα
1465 2281 1522 2332 δέ
1573 2297 1655 2343 τις
1710 2281 1866 2343 ἐλπὶς

283 2377 365 2428 ἐτι
391 2377 486 2428 τὸν
521 2374 748 2444 βασιλέα
781 2375 861 2427 ὅτι
886 2375 1044 2445 τυχὸν
1072 2373 1430 2444 πεισθήσεται
1474 2375 1567 2427 καλ⁸
1620 2373 1866 2443 μεταόαο

283 2469 384 2532 λεί,
420 2471 515 2521 καὶ
541 2465 697 2532 αὖθις
721 2468 862 2538 πρὸς
892 2469 1064 2540 αὐτὴν
1113 2469 1233 2530 ταῖς
1266 2468 1532 2529 θωπείαις
1572 2468 1862 2538 ἐκέχρητοο

296 2561 453 2612 Ἐπεὶ
479 2560 532 2611 δὲ
566 2561 805 2629 ἀνήνυτα
832 2560 972 2628 ἓγνω
997 2557 1198 2622 πονῶν,
1230 2558 1586 2628 περιδεθῆναι
1613 2560 1714 2628 μὲν
1750 2561 1864 2622 τοῖς

285 2654 506 2723 τροχοῖς
542 2652 643 2720 τὴν
667 2654 923 2719 γενναίαν
945 2652 1298 2722 προστάττει,
1331 2650 1565 2719 ὀξύτατα
1594 2651 1648 2705 δὲ
1671 2652 1869 2715 αὐτοὺς

284 2742 559 2794 κινεῖσθαι
581 2744 727 2806 ὅπως
757 2742 834 2813 τῷ
864 2743 1080 2815 σφοδρῷ
1109 2745 1200 2796 τοῦ
1233 2746 1533 2815 κινήματος
1557 2744 1869 2815 βαρυτέραν

284 2832 564 2902 ὑπομείνῃ
608 2831 704 2902 τὴν
736 2833 1020 2904 τελευτήν.
1085 2834 1227 2886 Ἀλλ’
1274 2829 1342 2906 ἦν
1395 2834 1618 2889 ἐναντία
1664 2834 1871 2886 τούτων

284 2926 320 2998 ἡ
353 2929 420 2979 ἐκ
477 2926 579 2995 τῆς
611 2925 761 2988 θείας
804 2927 1028 2996 χάριτος
1072 2925 1316 2990 ἔκϐασις.
1363 2927 1429 2982 Ἡ
1490 2928 1600 2999 γὰρ
1659 2927 1869 2997 μάρτυς

283 3020 514 3072 πάντων
546 3020 681 3089 ὁμοῦ
715 3019 933 3077 καὶτοῦ
963 3018 1190 3091 σιδήρου
1224 3021 1318 3073 καὶ
1362 3021 1474 3076 τῶν
1516 3021 1725 3092 τροχῶν
1779 3020 1871 3073 καὶ

285 3113 400 3168 τῶν
436 3112 658 3182 δεσμῶν
690 3112 919 3166 ἐκείνων
946 3111 1188 3179 ἐλέλυτο,
1245 3113 1480 3182 ἀγγέλου
1514 3113 1649 3184 πρὸς
1697 3112 1870 3184 αὐτὴν

291 3205 505 3259 ἄνωθεν
537 3202 900 3267 καταϐάντος.
931 3205 994 3257 Οἱ
1028 3202 1215 3275 τροχοὶ
1249 3205 1329 3271 δὲ,
1379 3205 1679 3274 αὐτόματοι
1716 3205 1872 3259 κυλι-

290 3294 543 3360 σθέντες,
597 3295 827 3358 πολλοὺς
870 3295 980 3348 τῶν
1035 3298 1281 3349 ἀπίστων
1311 3297 1542 3362 ἀνεῖλον,
1578 3296 1720 3350 ὥστε
1782 3298 1876 3351 καὶ⁵

289 3388 525 3458 κράζειν
549 3388 702 3450 τινὰς
729 3387 838 3440 τῶν
891 3387 1272 3459 περιεστώτων
1309 3389 1404 3442 ἐπὶ
1455 3389 1533 3459 τῷ
1587 3389 1876 3462 παραδόξῳ

289 3479 467 3550 τούτῳ
495 3479 764 3550 θεάματιο
789 3480 976 3548 Μέγας
1006 3479 1034 3532 6
1076 3480 1207 3543 Θεὸς
1232 3480 1340 3533 τῶν
1365 3481 1730 3552 Χριστιανῶν.
1773 3483 1879 3535 Θυ-

297 3578 395 3648 μὸς
425 3578 521 3629 ἐπὶ
554 3576 765 3637 τούτοις
799 3575 963 3640 πολὺς
1003 3575 1306 3643 Μαξεντὶου
1347 3577 1441 3630 καὶ
1471 3577 1637 3646 μανία
1665 3576 1875 3632 δυσκάο

297 3671 512 3734 θεκτος,
548 3670 643 3721 καὶ
691 3671 1018 3738 πικρότεραι
1066 3672 1131 3740 τῇ
1173 3669 1592 3741 μάρτυριπάλιν
1627 3669 1878 3735 κολάσεις

300 3761 802 3833 παρεσκευάζοντο.
870 3761 1012 3813 Ἀλλ’
1056 3763 1089 3832 ἡ
1127 3761 1358 3828 σύζυγος
1422 3761 1710 3830 Αὑγούστα
1769 3763 1880 3816 τῶν

299 3853 598 3926 βασιλικῶν
664 3852 860 3921 ἁθρόον
933 3853 1304 3906 κοιτωνίσκων
1367 3855 1738 3922 ἐπιφανεῖσα,
1786 3855 1880 3908 καὶ

301 3945 490 3998 τοῦτον
529 3943 668 4013 πρὸς
716 3943 916 4012 ἑαυτὴν
948 3942 1485 4013 ἁντιπερισπάσασα,
1525 3942 1737 3997 διέλυσε
1777 3943 1879 4014 τὴν

303 4035 522 4110 βουλὴν,
567 4034 769 4102 μᾶλλον
807 4032 866 4084 δὲ
901 4033 1183 4104 άναιρέτις
1209 4033 1348 4103 αὑτὴ
1388 4032 1583 4101 γέγονε
1622 4033 1722 4103 τῆς
1758 4034 1883 4086 ἐπι-

302 4127 527 4190 ϐουλῆς.
561 4125 827 4196 Ἐρχεταξ
857 4141 915 4176 τε
945 4126 1054 4196 γὰρ
1080 4124 1154 4188 ὡς
1197 4123 1651 4193 πνεῦμάέποθεν,
1715 4123 1882 4177 Ἀπόε

301 4219 486 4286 λυσαν,
518 4219 782 4287 λέγουσα,
817 4218 917 4286 τὴν
954 4219 1158 4271 οἰκέτιν
1186 4216 1280 4269 τοῦ
1315 4217 1558 4286 μεγάλου
1606 4215 1768 4280 Θεοῦ,
1811 4211 1880 4287 ἦς

301 4315 398 4382 οὐχ
430 4312 668 4364 ᾶπτεται
700 4309 956 4380 βάσανος.
987 4309 1302 4378 Μωραίνεις
1333 4311 1441 4380 γὰρ
1491 4309 1684 4374 ὅντως,
1719 4308 1882 4372 ζῶντι

303 4406 561 4458 παλαίων
594 4401 736 4471 Θεῷ.
775 4404 891 4473 Ἐφ’
919 4397 1000 4467 οἷς
1039 4405 1134 4457 καὶ
1163 4403 1478 4474 θερμότερα
1533 4400 1695 4465 ζέσας
1722 4404 1749 4454 6
1779 4402 1872 4472 βα-

1953 523 2122 579 nibus
2153 532 2211 579 et
2243 522 2428 594 parvis
2481 523 2619 578 rotis
2667 525 2809 580 trahi
2867 535 2996 581 ante
3038 526 3157 597 ejus
3207 527 3420 583 oculos.
3461 529 3532 586 Et

1955 617 2022 683 si,
2054 633 2180 672 cum
2211 632 2332 672 eam
2364 617 2589 686 quidem
2623 616 2821 674 viderit
2867 617 2993 674 ferri
3037 621 3276 681 maximo
3319 622 3532 694 impetu

1955 724 2020 764 ac
2045 709 2304 778 strepitu,
2338 725 2599 779 persuasa
2635 710 2823 777 fuerit,
2879 722 2936 767 et
2984 713 3271 768 nobiscum
3301 715 3411 771 diis
3444 730 3531 773 sa-

1955 800 2314 863 crificaverit,
2356 810 2732 873 consequetur
2762 804 3069 872 promissa;
3111 806 3197 861 sin
3241 809 3442 875 minus,
3475 810 3532 866 in

1956 903 2106 949 rotas
2153 895 2365 966 injectze
2421 895 2812 976 miserabiliter
2859 913 2962 968 per
3012 899 3125 954 vim
3165 901 3219 956 ei
3277 911 3533 974 erumpet

1956 1003 2160 1044 anima.

1957 1089 1974 1138 l
2028 1081 2170 1137 XIX.
2190 1083 2366 1152 Atque
2401 1083 2514 1139 haec
2541 1083 2762 1154 quidem
2791 1084 2930 1139 dixit
2952 1085 3257 1154 praefectus.
3277 1087 3414 1143 Cum
3435 1105 3535 1144 au-

1958 1183 2067 1230 tem
2083 1175 2206 1245 ejus
2239 1191 2546 1230 sermonem
2579 1177 2904 1254 arripuisset
2935 1178 3258 1246 imperator,
3290 1181 3384 1234 dat
3412 1184 3539 1252 qui.

1957 1265 2081 1320 dem
2107 1275 2403 1337 martyrem
2417 1267 2857 1332 custodiendam,
2881 1276 2938 1323 et
2961 1284 3156 1324 rursus
3165 1272 3540 1346 jubetmaehi-

1959 1373 2085 1419 nam
2114 1360 2232 1414 ﬁeri
2269 1360 2324 1414 in
2359 1360 2580 1415 tertium
2615 1361 2780 1416 diem.
2817 1359 2953 1416 Cum
2991 1362 3093 1417 hoc
3119 1373 3303 1418 autem
3331 1365 3537 1423 factum

1958 1460 2122 1519 esset,
2143 1460 2350 1523 martyr
2369 1466 2566 1507 rursus
2583 1451 2879 1520 addicitur;
2905 1461 2981 1516 et,
3001 1453 3136 1508 Pare
3155 1456 3309 1522 mihi,
3334 1456 3470 1512 dicit
3485 1459 3538 1514 ei

1961 1542 2280 1613 imperator,
2326 1554 2382 1600 et
2444 1544 2552 1600 diis
2599 1544 2891 1600 sacriﬁca:
2945 1546 3031 1602 sin
3081 1548 3286 1614 minus,
3339 1567 3441 1623 ego
3484 1561 3538 1608 te

1961 1635 2094 1690 huic
2133 1643 2408 1691 tormento
2437 1636 2743 1707 subjiciam,
2771 1638 2976 1707 jubens
3006 1655 3202 1694 novam
3249 1642 3394 1697 illam
3426 1659 3540 1698 ma-

1964 1730 2184 1786 chinam
2246 1730 2386 1785 trahi
2414 1743 2539 1787 ante
2570 1733 2690 1802 ejus
2727 1733 2935 1788 oculos.
2960 1733 3091 1800 Qua:
3138 1735 3360 1805 quidem
3414 1752 3539 1794 cum

1966 1836 2162 1890 magno
2197 1820 2406 1891 impetu
2457 1831 2513 1877 et
2568 1824 2800 1892 strepitu
2840 1834 3179 1890 moveretur,
3238 1843 3432 1883 rursus
3487 1828 3540 1884 ei

1963 1913 2099 1968 dicit
2129 1913 2471 1983 imperator:
2534 1913 2748 1969 Vides?
2774 1914 2978 1986 inquit,
3019 1933 3081 1970 ea
3109 1927 3183 1978 te.
3220 1919 3265 1972 si
3303 1935 3413 1973 non
3444 1935 3543 1989 pa-o

1964 2020 2107 2070 reas,
2137 2006 2394 2076 excipiet.
2437 2007 2531 2062 Illa
2577 2018 2807 2062 autem:
2871 2007 3045 2078 Saepe,
3104 2009 3305 2079 inquit,
3356 2027 3540 2066 meum

1964 2099 2208 2154 animum
2243 2098 2339 2153 tibi
2374 2099 2508 2161 dixi,
2531 2114 2564 2153 ο
2590 2101 2913 2167 imperator,
2943 2107 3000 2154 et
3032 2115 3158 2154 eum
3198 2101 3295 2154 tibi
3325 2102 3536 2170 aperui.

1963 2189 2042 2244 Ne
2090 2204 2220 2260 ergo
2267 2191 2562 2254 cuncteris,
2620 2191 2717 2245 sed
2782 2189 2949 2245 facias
2994 2205 3118 2260 qua:
3189 2201 3284 2246 tuo
3347 2192 3544 2248 sedent

1966 2283 2171 2336 animo.
2213 2282 2605 2351 Imperatorem
2659 2291 2844 2335 autem
2895 2297 3022 2351 spes
3054 2282 3304 2352 quaedam
3357 2282 3540 2338 adhuc

1967 2373 2300 2444 decipiebat,
2331 2375 2580 2430 futurum
2631 2375 2893 2438 fortasse,
2927 2384 2985 2428 ut
3026 2375 3456 2444 persuaderetur
3485 2387 3545 2432 et

1968 2474 2293 2530 mutaretur,
2326 2473 2382 2521 et
2415 2467 2605 2520 multis
2657 2466 2802 2536 apud
2877 2479 2999 2519 eam
3053 2481 3246 2520 rursus
3282 2482 3414 2522 usus
3465 2478 3550 2522 est

1969 2558 2403 2614 adulationibus.
2434 2558 2571 2615 Cum
2604 2569 2789 2615 autem
2830 2560 3178 2632 cognovisset
3231 2574 3291 2616 se
3341 2562 3547 2617 frustra

1969 2651 2242 2717 laborare,
2297 2652 2458 2722 jubet
2491 2653 2715 2722 quidem
2769 2655 2978 2724 alligari
3035 2657 3170 2710 rotis
3223 2671 3546 2726 generosam

1973 2755 2291 2814 martyrem,
2331 2744 2478 2814 ipsas
2504 2759 2637 2799 vero
2665 2747 2874 2799 moveri
2920 2746 3232 2812 celerrime,
3265 2757 3326 2808 ut
3365 2759 3550 2803 motus

1973 2835 2320 2892 vehementia
2366 2845 2601 2890 mortem
2667 2837 2879 2892 subiret
2910 2838 3250 2908 graviorem.
3311 2839 3419 2895 Sed
3479 2839 3550 2895 iis

1974 2941 2096 2996 quae
2124 2926 2515 2990 meditabatur,
2550 2926 2868 2981 contrarius
2927 2927 3126 2983 divinae
3183 2939 3304 2984 erat
3359 2931 3550 3000 gratia:

1975 3026 2242 3076 eventus:
2274 3028 2482 3088 martyr
2515 3018 2663 3074 enim
2705 3018 2868 3086 simul
2897 3021 3141 3088 {omnino
3184 3021 3362 3076 soluta
3389 3021 3492 3076 fuit
3519 3037 3550 3078 a

1975 3101 2145 3177 ferro,
2178 3119 2236 3166 et
2259 3112 2413 3177 rotis,
2444 3120 2501 3173 et
2550 3110 2657 3166 illis
2704 3111 2966 3176 vinculis,
3015 3113 3164 3182 quod
3203 3117 3433 3185 angelus
3460 3115 3553 3171 de-

1976 3219 2144 3274 super
2174 3204 2240 3258 ad
2269 3219 2388 3260 eam
2415 3204 2764 3271 advolasset;
2803 3215 2939 3260 rotae
2967 3215 3152 3261 autem
3194 3222 3292 3262 sua
3355 3221 3554 3278 sponte

1975 3297 2233 3352 volutata:
2291 3296 2692 3352 interemerunt
2768 3297 2973 3353 multos
3056 3284 3136 3352 ρι’
3213 3297 3551 3364 inﬁdelibus,

1977 3390 2117 3446 adeo
2151 3396 2212 3444 ut
2242 3389 2616 3446 exclamarent
2667 3389 2890 3460 quidam
2945 3405 3014 3444 ex
3060 3390 3552 3445 circumstantibus

1980 3488 2208 3551 propter
2234 3478 2606 3550 inopinatum,
2636 3493 2696 3537 et
2725 3481 2874 3552 quod
2909 3491 3028 3536 erat
3086 3490 3280 3536 contra
3320 3483 3553 3552 opinio-

1978 3586 2126 3636 nem,
2151 3572 2543 3643 spectaculum:
2569 3572 2796 3643 Magnus
2817 3581 2901 3629 est
2931 3575 3072 3628 Deus
3087 3573 3555 3630 Christianorum.

1980 3664 2213 3734 Pmpter
2247 3664 2364 3720 haec
2393 3680 2588 3735 magna
2619 3666 2700 3721 ira
2735 3653 2852 3721 fuit
2870 3681 3062 3722 rursus
3119 3681 3385 3722 accensus
3439 3666 3556 3722 Ma-

1982 3757 2203 3812 xentius
2236 3756 2608 3831 [Maximinus]
2641 3768 2698 3814 et
2723 3758 2911 3814 furore
2945 3761 3038 3830 qui
3075 3759 3302 3815 minime
3341 3769 3562 3829 poterat

1985 3847 2271 3914 cohiberi;
2307 3856 2363 3904 et
2413 3850 2666 3920 graviora
2698 3865 2891 3906 rursus
2925 3850 3194 3920 supplicia
3223 3851 3562 3920 parabantur

1984 3941 2234 4010 martyri.
2268 3938 2377 3994 Sed
2406 3941 2607 4011 coujux
2636 3941 2882 4010 Augusta
2913 3948 3140 4005 repente
3182 3954 3456 4009 apparens
3486 3955 3555 3994 ex

1983 4031 2240 4087 cubiculo
2296 4031 2668 4101 imperatoris,
2731 4041 2789 4086 et
2816 4047 2944 4085 eum
3010 4031 3077 4085 ad
3141 4045 3200 4085 se
3248 4030 3562 4093 attraliens,

1984 4123 2235 4178 dissolvit
2288 4122 2616 4188 consilium;
2678 4122 2790 4176 imo
2827 4135 2956 4175 vero
3021 4121 3246 4178 sustulit
3307 4120 3559 4176 insidias.

1982 4213 2253 4269 Alicunde
2283 4212 2431 4266 enim
2487 4209 2637 4265 venit
2691 4219 2951 4279 tanquam
2995 4209 3247 4278 spiritus,
3299 4206 3560 4269 Absolve,

1987 4307 2198 4370 dicens,
2254 4304 2514 4360 famulam
2566 4306 2746 4373 magni
2783 4302 2904 4366 Dei,
2959 4318 3122 4372 quam
3173 4317 3285 4356 non
3346 4303 3566 4371 attingit

1987 4407 2365 4463 tormentum;
2429 4409 2621 4450 revera
2663 4395 2812 4450 enim
2845 4395 3070 4465 desipis,
3129 4394 3420 4450 decertans
3471 4395 3566 4449 ad-

306 4499 494 4562 ςιλευς
517 4496 597 4566 τῷ
628 4495 808 4566 θυμῷ,
845 4495 1082 4565 μάλιστα
1109 4494 1182 4564 τῷ
1213 4495 1307 4546 καὶ
1343 4495 1417 4565 μὴ
1454 4494 1579 4556 τοὺς
1609 4492 1871 4545 οἰκειοτά·

1988 4506 2182 4548 versus
2219 4491 2391 4545 Deum
2438 4487 2644 4543 vivum.
2684 4486 3056 4552 Quamobrem
3090 4487 3300 4557 majore
3336 4486 3417 4540 ira
3459 4484 3568 4539 ier-

305 4606 432 4652 τους
468 4591 613 4657 ἔχειν
643 4587 792 4658 αὐτῷ
817 4586 1287 4658 συμφρονοῦντας,
1332 4587 1431 4656 τὴν
1461 4585 1721 4656 μάρτυρα
1746 4587 1885 4648 τέως

307 4679 711 4752 παραδραμὼν,
747 4679 876 4749 ὅλην
915 4682 1058 4734 κατὰ
1093 4681 1191 4750 τῆς
1248 4680 1486 4749 συζύγου
1537 4681 1636 4749 τὴν
1687 4679 1886 4749 μανίαν

310 4775 480 4842 basiat.

382 4950 473 5006 K'.
509 4951 784 5019 Μέγιστον
809 4957 902 5006 οὑν
931 4949 1191 5004 κιϐώτιον
1215 4948 1477 5018 ἐνεγκὼν,
1517 4950 1612 5004 καὶ
1651 4948 1890 5020 μολίϐδῳ

308 5044 456 5113 πρὸς
474 5043 534 5096 τὸ
561 5044 752 5111 ἔδαφος
776 5043 905 5097 αὐτὸ
928 5044 1276 5115 ἐμπεδώσεις,
1299 5041 1372 5105 ti);
1399 5040 1464 5095 ἂν
1491 5041 1738 5111 πεπηγός
1781 5037 1889 5116 τεῇ

305 5141 408 5188 καὶ
427 5138 703 5205 ἀκίνητον,
723 5139 817 5190 καὶ
845 5137 1004 5190 τοῦτο
1035 5135 1275 5202 ἀνοίξας,
1289 5137 1415 5198 τοὺς
1431 5136 1530 5205 τῆς
1551 5135 1784 5200 οἰκείας,
1807 5136 1889 5187 οἱ.

307 5231 451 5298 μοιί
495 5229 730 5296 συζύγου
763 5228 1024 5297 μασθους,
1070 5232 1135 5299 τῇ
1171 5229 1512 5299 ὑποκειμένῃ
1557 5225 1892 5298 τῷ,πώματι

303 5323 583 5394 προσηλοῖ
599 5322 697 5392 τῆς
721 5323 931 5385 σανίδος
955 5322 1121 5376 extat.
1153 5321 1382 5374 Ἔπειτα
1411 5319 1769 5389 σφοδρότερον
1797 5335 1896 5372 κα-

295 5411 651 5481 ταφέρεσθαι
669 5411 952 5465 κελεύειτὸ
973 5411 1164 5481 πῶμα.
1187 5413 1374 5482 καὶμὴ
1396 5411 1657 5480 πρότερον
1677 5409 1892 5479 στῆναι,

297 5511 450 5577 πρὶν
486 5504 519 5574 ἢ
556 5506 650 5556 καὶ
679 5503 878 5564 αὐτοὺς
915 5503 974 5554 τὸ
1027 5503 1288 5572 παράπαν
1322 5503 1448 5563 τοὺς
1482 5499 1722 5569 μασθοὺς
1751 5501 1892 5551 ἀπο-

299 5605 500 5670 τέμοι,
556 5601 621 5666 τῇ
675 5602 773 5665 τος
829 5596 1104 5658 κολάσεως
1172 5594 1482 5665 πιρατάσει
1557 5591 1896 5662 δριμυτέραν

295 5692 568 5762 ἐμποιῶν
603 5694 740 5760 αὐτῇ
775 5690 873 5758 τῆς
904 5691 1098 5756 ὀδύνης
1122 5687 1221 5758 τὴν
1263 5687 1537 5757 αἴσθησιν.
1589 5686 1794 5738 Τούτου
1831 5685 1896 5755 δη

296 5785 634 5856 γεγονότος,
668 5783 791 5832 ἐπεὶ
817 5779 1198 5838 ὰποκοπέντας
1227 5776 1425 5839 αὐτοὺς
1445 5765 1612 5841 εἶδεν,
1647 5773 1899 5837 ἐλεεινῶς

651 5876 923 5934 Parnm.
972 5873 1016 5930 ι]
1031 5891 1085 5931 ιι.
1135 5867 1338 5936 CXVI.

1989 4599 2124 4639 vens
2174 4583 2489 4652 imperator,
2545 4579 2783 4634 maxime
2845 4579 2994 4648 quod
3065 4593 3171 4634 nec
3243 4577 3560 4634 familiaris-

1993 4675 2163 4730 simos
2195 4672 2426 4727 haberet
2454 4685 2642 4726 secum
2673 4668 3108 4733 consentientes,
3171 4667 3394 4724 interim
3428 4681 3568 4735 prte-

1995 4766 2161 4821 terita
2213 4773 2475 4836 martyre,
2538 4760 2856 4816 universum
2907 4759 3154 4816 furorem
3215 4757 3462 4812 immittit
3509 4755 3566 4810 in

1993 4859 2304 4928 conjugem.

2063 4947 2183 5004 XX.
2213 4948 2350 5002 Cum
2375 4959 2506 5016 ergo
2529 4959 2709 4999 arcam
2736 4943 3028 5001 maximam
3056 4946 3303 4997 curasset
3331 4935 3574 4991 aﬂeren-

1994 5039 2144 5103 datu,
2179 5047 2236 5093 et
2267 5036 2494 5108 plumbo
2540 5051 2664 5090 eam
2718 5034 2870 5090 humi
2925 5031 3208 5090 aﬂixisset,
3247 5029 3320 5082 ita
3369 5037 3430 5081 ut
3461 5033 3574 5081 sta-

1996 5132 2122 5188 bilis
2148 5139 2294 5186 esset
2318 5137 2374 5182 et
2405 5127 2724 5192 immobilis,
2754 5125 3044 5187 mamillae,
3082 5121 3218 5193 proh
3256 5119 3432 5174 dolori
3458 5130 3572 5172 sum

1997 5223 2247 5295 conjugis
2279 5220 2499 5291 conligit
2537 5219 2729 5275 aculeo
2753 5218 3001 5286 subjecto
3033 5209 3297 5282 operculo
3345 5207 3568 5262 tabulae.

1997 5315 2202 5370 Deinde
2231 5313 2388 5385 jubet
2418 5309 2741 5382 operculum
2772 5308 3032 5362 deorsum
3082 5305 3211 5359 ferri
3265 5301 3573 5357 vehemen-

2002 5412 2128 5473 tius,
2167 5414 2363 5462 etnon
2391 5404 2546 5474 prius
2589 5401 2730 5463 sisti,
2771 5413 2936 5469 quam
2970 5398 3086 5465 ipsa
3135 5395 3405 5452 mamillae
3453 5406 3576 5448 omo

1999 5499 2132 5554 nino
2159 5496 2504 5559 abscidisset,
2535 5492 2901 5548 diuturnitate
2954 5486 3216 5558 supplicii
3261 5484 3574 5556 graviorem

2000 5604 2220 5646 sensum
2252 5588 2302 5643 ei
2335 5586 2541 5641 doloris
2589 5584 2848 5639 aﬂ'ereus.
2904 5579 3041 5636 Cum
3091 5579 3196 5633 hoc
3243 5586 3428 5632 autem
3465 5575 3578 5634 iac-

2003 5694 2115 5738 tum
2144 5688 2311 5743 esset,
2351 5678 2444 5731 ubi
2469 5675 2608 5730 vidit
2664 5675 2783 5728 illas
2836 5671 3228 5727 miserabiliter
3280 5668 3580 5733 abscissas,

2005 5771 2236 5828 immitis
2290 5769 2382 5825 ille
2427 5777 2483 5824 et
2526 5767 2610 5822 vel
2663 5767 2798 5838 ipsis
2852 5761 3352 5844 feris‘immanior,
3410 5759 3580 5823 veluti

3222 5850 3290 5921 10
