4080 6374
549 364 656 425 239

1794 345 2081 409 MENSIS
2120 344 2560 409 NOVEMBER.

3706 351 3810 413 300

547 496 663 536 rem
706 479 882 533 levem
917 472 1237 531 arbitratus,
1267 467 1414 540 quod
1458 473 1675 537 spectat
1713 464 1780 519 ad
1841 463 2120 526 dolorem,

2231 460 2255 512 6
2313 460 2533 531 ἀπηνὴς
2591 460 2797 522 ἐκεῖνος
2866 461 2961 514 καὶ
3012 459 3220 531 Θηρίων
3261 460 3542 532 ὠμότερος
3608 465 3812 535 κοῦφον

547 570 711 625 infert
744 565 925 621 adhuc
959 562 1295 634 graviorem,
1323 566 1381 613 et
1413 557 1736 628 pronuntiat
1771 552 2122 614 sententiam,

545 670 606 715 ut
663 658 785 729 ejus
835 666 1001 724 caput
1062 660 1381 724 amputetur
1435 648 1639 721 gladio.
1682 650 1926 719 Augusta
1968 659 2121 716 ergo,

543 752 780 808 libenter
815 755 1039 817 accepta
1073 743 1370 807 sententia,
1405 742 1529 798 laeta
1561 739 1699 795 dixit
1724 738 1951 809 martyri
1980 755 1993 791 :
2018 737 2125 790 Ora

545 857 645 913 pro
710 854 821 895 me.
877 837 974 894 Illa
1027 850 1196 891 vero:
1236 834 1406 900 Vade,
1469 832 1671 903 inquit,
1730 831 1785 885 in
1852 842 2007 899 pace,
2068 827 2125 881 in

544 943 813 989 aeternum
839 929 985 985 enim
1030 926 1285 998 regnabis
1324 941 1448 980 cum
1496 923 1742 981 Christo.
1800 921 1983 990 Atque
2040 917 2121 973 illi

544 1024 770 1098 quidem
803 1022 961 1092 jussu
1009 1018 1359 1089 imperatoris
1402 1024 1721 1087 amputatur
1758 1021 1924 1083 caput
1963 1019 2120 1066 extra

543 1117 821 1174 civitatem
840 1113 1103 1169 vicesimo
1132 1110 1294 1165 tertio
1310 1107 1653 1164 Novembris.
1676 1104 1783 1161 Sed
1811 1119 1990 1175 neque
2011 1102 2124 1158 dux

542 1209 820 1266 exercitus
881 1205 1187 1276 Porphyrio
1225 1214 1281 1259 et
1319 1201 1413 1272 qui
1473 1216 1599 1257 eum
1655 1214 1725 1253 eo
1778 1207 1956 1263 erant,
2015 1196 2123 1252 hoc

540 1306 764 1361 beatum
798 1302 901 1353 iter
927 1298 1328 1360 deseruerunt;
1381 1292 1478 1349 sed
1526 1290 1804 1364 quomodo
1845 1290 1959 1345 illic
2009 1292 2124 1344 Au-

542 1403 714 1469 gustae
744 1393 914 1448 duces
948 1390 1176 1445 fuerunt
1217 1387 1286 1443 ad
1320 1395 1638 1457 martyrem,
1676 1386 1750 1440 ita
1801 1383 1967 1439 etiam
2031 1385 2122 1452 pie

542 1486 718 1544 secuti
744 1493 874 1540 sunt
914 1498 1038 1538 eam
1084 1480 1381 1536 abeuntem
1420 1478 1487 1533 ad
1517 1491 1866 1534 communem
1927 1475 2120 1530 Domi-

540 1594 698 1633 num.
726 1576 862 1632 Nam
892 1589 1019 1630 eum
1053 1573 1157 1645 ipsi
1191 1586 1413 1643 quoque
1442 1586 1500 1626 se
1544 1569 1819 1625 stitisscnt
1868 1583 1969 1639 pro
2022 1567 2122 1622 tri-

540 1671 766 1729 bunali:
805 1671 919 1741 Ego
963 1682 1184 1739 quoque
1230 1681 1349 1721 sum
1382 1664 1754 1730 Christianus,
1817 1662 1956 1718 dixit
1983 1662 2120 1716 Por-

540 1763 761 1836 phyrio.
795 1761 903 1816 Sed
937 1759 993 1814 bi
1028 1772 1274 1829 quoque,
1305 1759 1398 1827 qui
1437 1764 1567 1812 sunt
1595 1770 1837 1818 mecum,
1864 1762 1995 1807 sunt
2032 1754 2118 1808 in-

541 1855 715 1926 signis
770 1851 840 1907 ad
899 1852 1073 1906 Deum
1142 1847 1417 1903 adductus
1478 1848 1779 1902 exercitus.
1836 1844 1953 1899 Hoc
2009 1857 2121 1898 non

541 1945 808 2003 sustinuit
840 1942 1061 1999 audisse
1084 1940 1387 1996 Maxentius
1416 1934 1816 2010 [Maximinus],
1857 1934 1955 1991 sed
1997 1949 2123 1990 cum

542 2055 611 2097 ex
645 2036 922 2110 profundo
949 2033 1115 2091 corde
1164 2032 1468 2105 ejulasset:
1512 2030 1679 2095 Perii,
1737 2028 1939 2098 inquit,
1993 2041 2120 2081 cum

540 2130 882 2203 perdiderim
914 2136 918 2141 '
952 2125 1332 2182 admirabilem
1408 2121 1589 2176 virum
1659 2120 2119 2190 Porphyrionem,

542 2223 739 2280 deinde
790 2222 956 2276 etiam
988 2231 1288 2274 conversus
1318 2217 1385 2269 ad
1416 2229 1547 2269 suos
1587 2212 1828 2267 milites:
1875 2211 1984 2266 Vos
2024 2225 2126 2263 au-

542 2332 678 2381 tem,
706 2314 906 2385 inquit,
961 2325 1199 2383 quanam
1233 2308 1302 2363 de
1360 2322 1526 2362 causa
1584 2305 1719 2361 deos
1757 2303 1974 2374 patrios
2022 2303 2121 2359 ha—

543 2406 744 2463 buistis
775 2401 1161 2472 contemptui?
1204 2399 1340 2455 Cum
1382 2399 1462 2453 illi
1521 2413 1652 2452 vero
1691 2396 1833 2452 nihil
1892 2410 2121 2467 respon-

545 2500 778 2563 dissent,
816 2494 1122 2566 Porphyrio
1148 2510 1163 2548 :
1193 2492 1306 2547 Cur
1339 2490 1586 2551 dimisso.
1618 2490 1818 2560 inquit,
1854 2489 2060 2559 capite,
2084 2504 2118 2544 ο

544 2594 867 2662 imperator,
903 2588 1070 2659 pedes
1105 2584 1453 2652 interrogas?
1481 2583 1576 2638 Est
1626 2582 1724 2637 tibi
1772 2596 1990 2637 mecum
2040 2582 2127 2636 lo-

544 2683 847 2755 quendum.
877 2682 973 2737 ille
1010 2689 1197 2734 autem
1226 2696 1240 2732 z
1275 2677 1498 2740 Malum,
1526 2676 1725 2746 inquit,
1763 2684 1950 2746 caput,
1985 2684 2042 2729 tu
2064 2689 2126 2730 es

542 2789 735 2831 eorum
768 2771 972 2843 caput?
1008 2780 1065 2826 et
1105 2784 1234 2825 cum
1282 2784 1411 2823 eum
1459 2768 1618 2838 plura
1657 2766 1806 2837 loqui
1843 2781 1953 2820 non
2000 2781 2129 2835 per-

542 2867 787 2923 misisset
816 2864 995 2931 furor,
1036 2877 1133 2919 eos
1174 2875 1395 2933 quoque
1434 2860 1618 2916 statim
1651 2868 1829 2914 morte
1863 2858 2125 2914 condem-

542 2972 658 3017 nat.
698 2970 753 3016 et
781 2958 883 3029 ipsi
913 2972 1133 3028 quoque
1161 2966 1615 3011 consummantur
1646 2953 1905 3008 vicesimo
1928 2958 2127 3021 quarto

543 3054 889 3117 Novembris,
947 3050 1315 3118 eﬂectumque
1362 3057 1611 3102 assecuta
1675 3055 1761 3100 est
1820 3044 2122 3114 praedictio,

2238 551 2435 622 ὥσπερ
2467 553 2547 614 είς
2577 550 2776 621 ὀδύνης
2806 550 2965 619 λόγον
2993 551 3053 604 τὸ
3080 551 3315 622 πρᾶγμα
3350 553 3583 621 νομίσας
3618 555 3813 626 ἐπάγει

2230 641 2326 694 καὶ
2356 640 2418 694 τὺ
2446 639 2777 711 βαρύτερον,
2815 642 2914 694 καὶ
2951 640 3346 711 ἀποτμηθῆναι
3382 641 3469 696 διὰ
3500 641 3690 712 ξίφους
3718 642 3816 698 καὶ

2228 732 2328 803 τὴν
2362 733 2607 804 κεφαλὴν
2636 734 2811 804 αὐτῆς
2840 734 3229 802 ἀποφαίνεται.
3290 735 3353 788 Ἢ
3385 736 3678 804 Δύγούστα
3705 740 3791 792 τοί
3801 771 3816 782 -

2227 841 2325 879 νυν
2364 826 2623 897 ἀσμένως
2655 828 2754 897 τὴν
2786 827 3070 896 ἀπόφασιν
3116 826 3411 899 δεξαμένη,
3459 825 3626 895 Εῦξαι
3670 831 3815 905 ἥπερ

2229 916 2389 986 ἐμοῦ,
2421 917 2561 988 πρὸς
2603 918 2702 990 τὴν
2757 920 3011 991 μάρτυρα
3075 920 3215 991 μετὰ
3263 922 3627 991 περιχαρείας
3685 924 3811 992 ἔφη.

2238 1011 2304 1063 Ἠ
2328 1009 2407 1076 δὲ,
2444 1009 2712 1081 Πορεύου,
2740 1012 2930 1080 φησιν,
2958 1011 3016 1063 ἐν
3057 1012 3253 1083 εἰρήνῃ
3290 1030 3303 1044 ·
3350 1012 3421 1066 δι’
3453 1013 3653 1078 αίῶνος
3704 1017 3815 1087 γὰρ

2231 1102 2696 1172 συμδασιλεύσεις
2728 1102 2975 1173 Χριστῷ.
3021 1103 3240 1175 Ἐκείνη
3272 1103 3371 1173 μὲν
3410 1100 3505 1159 οὖν
3565 1109 3709 1160 κατὰ
3754 1109 3815 1160 τὸ

2228 1198 2324 1252 τοῦ
2357 1198 2627 1268 βασιλέως
2659 1199 2992 1269 πρόσταγμα
3027 1196 3127 1268 τὴν
3157 1184 3400 1267 κεφαλὴν
3428 1197 3535 1262 ἔξω
3572 1199 3672 1269 τῆς
3718 1198 3815 1250 πό-

2224 1291 2362 1355 λεως
2397 1291 2769 1362 ἀποτέμνεται
2799 1292 2962 1363 τρίτῃ
2996 1291 3092 1344 καὶ
3138 1290 3314 1344 εἰκάδι
3358 1290 3452 1344 τοῦ
3498 1289 3813 1362 Νοεμϐρίου

2230 1385 2422 1456 μηνός.
2466 1385 2525 1439 '0
2566 1386 2624 1438 δὲ
2658 1385 2991 1457 Πορφυρίων
3015 1387 3043 1439 6
3075 1384 3458 1456 στρατηλάτης
3495 1386 3588 1438 καὶ
3630 1386 3679 1438 oi
3713 1384 3812 1437 σὺν

2224 1478 2374 1549 αύτῴ
2416 1480 2516 1547 τῆς
2552 1478 2834 1548 μακαρίας
2874 1479 3083 1545 ταύτης
3131 1480 3360 1550 πορείας
3398 1478 3813 1549 ἁπολιμπάνον·

2224 1589 2315 1625 ται
2353 1587 2369 1602 ⁸
2397 1572 2513 1624 ἀλλ’
2564 1571 2757 1643 ὥσπερ
2798 1572 2919 1626 ἐκεῖ
2972 1573 3071 1642 τῆς
3128 1573 3225 1626 ἐπὶ
3258 1572 3357 1643 τὴν
3402 1573 3660 1643 μάρτυρα
3689 1571 3810 1625 ὁδοῦ

2224 1665 2614 1735 προηγήσαντο
2663 1669 2728 1737 τῇ
2777 1664 3105 1738 Αύγούστῃ,
3163 1666 3308 1719 οὓτω
3352 1665 3633 1719 κάνταῦθα
3675 1665 3811 1736 πρὸς

2221 1756 2314 1811 τὸν
2346 1758 2526 1812 κοινὸν
2570 1757 2809 1832 ἀπιούσῃ
2853 1759 3133 1829 Δεσπότην
3158 1758 3421 1827 φιλοθέως
3453 1759 3807 1828 παρείποντο.

2152 1825 2197 1885 Β
2229 1852 2623 1922 Παραστάντες
2653 1825 3014 1923 γὰρνεύθέως
3043 1825 3139 1905 καὶ
3171 1825 3329 1906 αὐτοὶ
3374 1825 3545 1921 μέσλλ
3578 1853 3670 1905 ἐπὶ
3712 1852 3810 1905 τοῦ

2231 1944 2495 2016 βήματος,
2526 1946 2697 2015 Κάγὼ
2722 1947 3051 2018 Χριστιανός
3082 1947 3221 2016 εἰμι,
3255 1944 3358 2016 ἔφη
3389 1948 3418 1999 6
3457 1945 3808 2017 Πορφυρίων,

2227 2041 2368 2094 ἀλλὰ
2398 2042 2496 2094 καὶ
2530 2044 2578 2095 οί
2612 2041 2709 2095 σὺν
2740 2042 2864 2111 ἐμοὶ
2897 2035 3069 2108 οὗτοι,
3128 2040 3360 2110 στρατὸς
3410 2027 3811 2111 ὲπίσημός¹τῷ

2227 2131 2346 2202 Θεῷ
2391 2133 2826 2204 προσαγόμενος.
2860 2134 3082 2205 Ταύτην
3127 2135 3228 2188 οὐκ
3267 2135 3471 2205 ἤνεγκε
3500 2132 3600 2203 τὴν
3635 2131 3810 2203 ἀκοὴν

2226 2225 2254 2275 6
2280 2223 2610 2289 Μαξέντιος,
2645 2224 2785 2289 ἀλλὰ
2818 2222 2955 2293 βαθύ
2984 2242 3035 2279 τι
3066 2225 3161 2279 καὶ
3190 2225 3302 2279 ἀπὸ
3349 2225 3581 2295 καρδίας
3631 2223 3808 2291 αὐτῆς

2226 2316 2558 2386 ἀνοιμώξας,
2607 2317 2916 2381 Ἀπόλωλα,
2961 2316 3091 2388 ἔφη,
3141 2318 3234 2372 τὸν
3284 2316 3599 2388 θαυμαστὸν
3638 2315 3814 2386 ἄνδρα

2228 2403 2530 2473 ζημιωθές
2572 2405 2963 2477 Πορφυρίωνα.
3015 2400 3150 2459 Εἶτα
3206 2406 3303 2459 καὶ
3347 2405 3487 2475 πρὸς
3542 2404 3670 2466 τοὺς
3711 2404 3815 2456 σῦν

2229 2496 2378 2564 αὐτῷ
2414 2498 2756 2567 στρατιώτας
2791 2499 3178 2568 ἐπιστραφεὶς,
3221 2497 3412 2566 Ὑμεῖς
3433 2495 3491 2550 δὲ
3519 2495 3573 2549 τί
3611 2494 3814 2549 παθόν·

2228 2605 2322 2651 τες
2352 2589 2660 2659 ηθετήκατε
2698 2589 2829 2652 τοὺς
2870 2588 3157 2659 πατρῴους
3186 2588 3376 2655 οεούς;
3408 2582 3551 2643 εἶπε.
3581 2586 3704 2639 Τῶν
3752 2586 3813 2665 δὲ

2232 2680 2400 2751 μηδὲν
2422 2681 2910 2751 ἀποκριναμένων.
2936 2682 2963 2734 6
3000 2682 3328 2752 Πορφυρίων
3358 2694 3373 2710 ’
3406 2679 3470 2731 Τί
3506 2679 3602 2748 τὴν
3631 2696 3813 2748 κεφα-

2228 2774 2326 2845 λὴν
2354 2774 2537 2842 ἀφεὶς,
2569 2769 2614 2827 ὦ
2644 2772 2896 2843 βασιλεῦ,
2933 2774 3058 2837 τοὺς
3095 2773 3263 2836 πόδας
3296 2773 3617 2843 ἐπερωτᾷςς
3660 2771 3813 2842 Πρῖις

2229 2868 2329 2936 ὲμέ
2366 2884 2448 2918 σοι
2480 2868 2505 2919 6
2530 2865 2711 2936 λόγος.
2779 2866 2838 2920 '0
2868 2866 2925 2920 δὲ
2950 2907 2965 2931 ,
3009 2868 3196 2936 Κακὴ,
3256 2865 3413 2934 φησὶ,
3450 2864 3680 2935 κεφαλὴ,
3743 2864 3813 2918 σὺ

2230 2956 2412 3009 αὐτῶν
2452 2952 2506 3009 εἴ
2549 2956 2785 3024 κεφαλή.
2837 2957 2945 3009 Καὶ
2978 2954 3131 3010 οὐδὲν
3164 2956 3504 3027 φθέγξασθαί
3548 2973 3599 3008 τι
3644 2955 3814 3007 πλέον

2230 3045 2336 3099 ὑπὸ
2367 3045 2465 3117 τῖς
2496 3044 2694 3115 μανίας
2748 3043 3154 3114 συγχωρηθεὶς,
3195 3044 3426 3096 θάνατον
3460 3042 3661 3105 εὐθέως
3714 3042 3816 3093 καὶ

543 3163 708 3219 quam
751 3155 957 3216 martyr
1001 3141 1329 3213 praedixerat
1376 3138 1719 3209 imperatori,
1752 3152 1877 3193 cum
1928 3137 2068 3192 dixit
2108 3156 2121 3192 :

2234 3138 2416 3192 αὐτῶν
2445 3137 2784 3207 κατακρίνει,
2819 3137 2917 3190 καὶ
2939 3136 3302 3197 τελειοῦνται,
3352 3138 3428 3199 είς
3471 3136 3571 3204 τὴν
3619 3133 3813 3186 imoi-

545 3238 698 3293 Μαιιί
761 3252 829 3292 ex
892 3244 987 3290 tuo
1050 3231 1253 3302 palatio
1319 3230 1429 3286 Deo
1471 3244 1571 3300 per
1617 3243 1706 3284 me
1743 3227 1996 3285 credent.

2240 3247 2338 3284 σαν
2370 3231 2464 3283 καὶ
2504 3224 2672 3292 οὗτοι,
2709 3229 2983 3299 τετάρτην
3011 3228 3102 3282 ἐπὶ
3125 3229 3301 3282 είκὰδι
3324 3226 3418 3281 τοῦ
3444 3225 3610 3280 αὐτοῦ
3642 3225 3817 3297 μηνδς

544 3331 789 3398 ᾶοίοντος,
851 3327 1026 3394 πέρας
1075 3320 1350 3378 κάνταῦθα
1395 3321 1493 3392 τῆς
1540 3322 1903 3393 προρρήσεως
1954 3321 2252 3396 δεξαμένης
2310 3322 2377 3393 ἢν
2423 3321 2456 3392 ἡ
2498 3318 2709 3390 μάρτυς
2752 3318 2831 3390 τῷ
2866 3318 3079 3389 βασιλεῖ
3121 3319 3463 3390 προειρήκει,
3497 3318 3577 3371 ὅτι
3618 3319 3823 3374 Πολλοὶ

542 3422 635 3477 τοῦ
665 3419 758 3475 σοῦ
783 3419 1047 3473 παλατίου
1088 3415 1442 3470 πιστεύσουσι
1469 3414 1535 3468 δι’
1567 3414 1702 3486 ἐμοῦ
1731 3415 1810 3483 τῷ
1838 3416 2083 3488 Χριστῷ.

615 3496 757 3570 ΠΙ.
792 3513 888 3567 llle
931 3518 1116 3566 autem
1155 3525 1280 3565 cum
1330 3523 1525 3564 rursus
1559 3509 1771 3563 beatam
1823 3508 2125 3565 sistendum

543 3616 793 3661 curasset
842 3602 1234 3667 Ecaterinam,
1262 3600 1401 3655 etin
1440 3614 1562 3654 eam
1591 3613 1811 3653 omnem
1864 3600 2129 3656 movisset

548 3696 990 3768 improbitatem,
1022 3703 1078 3749 et
1100 3693 1238 3748 nihil
1270 3707 1380 3748 non
1412 3701 1560 3748 esset
1606 3695 1976 3759 machinatus,
2032 3693 2127 3748 ubi

546 3805 651 3848 nec
678 3789 986 3862 promissis,
1019 3801 1122 3842 nec
1156 3787 1317 3841 minis
1363 3800 1484 3840 eam
1519 3784 1748 3840 omnino
1792 3785 1934 3840 vidit
1962 3800 2127 3855 posse

544 3884 870 3957 expugnari,
898 3882 1057 3951 jubet
1105 3883 1278 3951 ipsam
1327 3892 1548 3950 quoque
1580 3878 1708 3932 duci
1743 3877 1813 3932 ad
1862 3888 2123 3934 mortem.

547 3978 685 4034 Cum
737 3989 870 4045 ergo
918 3988 1040 4029 eam
1084 3969 1422 4041 accipientes
1473 3967 1678 4022 milites
1727 3965 2054 4021 eduxissent
2095 3980 2129 4020 e

550 4070 796 4133 civitate,
832 4075 890 4122 et
923 4065 1213 4120 duxissent
1272 4060 1339 4115 ad
1371 4059 1553 4115 locum
1601 4057 1869 4130 martyrii,
1893 4058 2131 4112 circum-

548 4164 751 4221 sistens
781 4173 976 4231 magna
1020 4152 1341 4218 multitudo,
1392 4151 1630 4206 maxime
1685 4160 1872 4205 autem
1929 4150 2131 4204 mulie-

548 4269 695 4317 rum,
732 4266 855 4321 qute
882 4256 1043 4305 erant
1074 4247 1235 4302 clara:
1277 4251 1335 4299 et
1394 4242 1661 4313 insignes,
1716 4243 1916 4297 acerbe
1973 4242 2131 4311 plan-

550 4344 751 4415 gebant
801 4351 859 4396 et
913 4336 1378 4395 lamentabantur.
1428 4343 1484 4388 et
1544 4333 1808 4404 lugebant
1869 4332 2125 4387 ultimum

551 4436 710 4490 illum
734 4432 1043 4486 decessum.
1081 4427 1177 4481 Illa
1207 4436 1392 4480 autem
1438 4426 1593 4479 vultu
1629 4424 1901 4479 constanti
1933 4435 1991 4477 et
2028 4440 2127 4479 ne-

555 4538 830 4596 quaquam
888 4518 1185 4589 perterrito
1218 4517 1356 4586 petit
1405 4525 1623 4585 tempus
1674 4516 1741 4570 ad
1796 4516 2126 4571 orationem.

470 4664 479 4675 ,
550 4615 709 4683 Quod
734 4613 785 4668 ei
819 4610 1133 4666 concedunt
1185 4607 1409 4663 milites.
1442 4605 1538 4660 Illa
1570 4622 1700 4661 vero
1733 4622 1867 4661 cum
1903 4617 1963 4661 et
2009 4623 2129 4661 ma-

552 4714 739 4762 noset
785 4702 1030 4758 animum
1076 4700 1145 4755 ad
1177 4699 1346 4755 cmlos
1399 4700 1731 4763 sustulisset,
1788 4699 1968 4753 dixit:
2027 4701 2131 4754 Do-

2305 3509 2438 3564 ΚΝ.
2476 3510 2537 3562 ’0
2562 3509 2640 3575 δὲ,
2672 3508 2768 3581 τὴν
2806 3509 3087 3581 μακαρίαν
3116 3507 3215 3563 καὶ
3252 3507 3411 3584 αὖθις
3443 3504 3818 3575 Αἰκατερίναν

2233 3601 2758 3670 παραστησάμενος,
2793 3600 2886 3653 καὶ
2927 3601 3111 3653 πᾶσαν
3161 3600 3330 3653 αὐτοῦ
3386 3600 3490 3670 τὴν
3535 3599 3816 3667 πονηρίαν

2233 3698 2465 3762 κινήσας
2495 3693 2590 3745 καὶ
2623 3692 2747 3745 οὐδὲ
2780 3693 2912 3762 μιᾶς
2943 3691 3197 3763 μηχανῆς
3226 3692 3629 3762 ἀποσχόμενος,
3684 3692 3819 3743 ἐπεὶ

2231 3785 2507 3838 ἀνάλωτον
2564 3786 2884 3838 παντάπασι
2962 3785 3057 3838 καὶ
3104 3784 3470 3853 ὑποσχέσεσιν
3541 3779 3651 3835 εἶδε
3709 3783 3814 3835 καὶ

2231 3876 2511 3940 ἀπειλαῖς,
2533 3876 2636 3946 τὴν
2660 3877 2754 3929 ἐπὶ
2777 3875 2994 3945 θανάτῳ
3012 3876 3107 3929 καὶ
3121 3876 3293 3947 αὐτὴν
3315 3875 3548 3946 ἀχθῆναι
3570 3874 3817 3929 κελεύει.

2243 3967 2334 4031 Ὠς
2371 3965 2469 4022 οὖν
2506 3969 2558 4020 οἱ
2589 3967 2929 4040 στρατιῶται
2974 3969 3182 4040 ταύτην
3237 3968 3654 4038 παραλαϐόντες
3689 3967 3816 4034 ἐξέ-

2232 4059 2400 4115 6αλόν
2427 4078 2485 4114 τε
2521 4063 2620 4132 τῆς
2652 4063 2864 4125 πόλεως
2926 4063 3019 4115 καὶ
3073 4063 3155 4124 είς
3197 4062 3290 4114 τὸν
3344 4062 3446 4131 τῆς
3494 4061 3818 4132 μαρτυρίας

2232 4155 2442 4225 ἧγαγον
2465 4155 2658 4219 τόπον,
2694 4154 2904 4225 πλῆθος
2934 4154 3108 4224 αὐτὴν
3135 4152 3271 4207 πολὺ
3298 4154 3673 4224 περιστάντες,
3697 4155 3821 4222 μά·-

2232 4248 2389 4301 λιστα
2419 4248 2475 4302 δι
2505 4247 2785 4317 γυναικῶν
2816 4248 2940 4301 ὅσον
2983 4247 3248 4315 ἐπιφανὲς
3294 4240 3363 4317 ἦν
3387 4247 3482 4298 καὶ
3507 4245 3814 4315 ἐπίσημον,

2232 4339 2529 4393 ἐκόπτοντο
2575 4338 2811 4409 πικρῶς,
2892 4338 3273 4408 ὠλοφύροντο,
3333 4338 3433 4408 τὴν
3486 4337 3817 4391 τελευταίαν

2232 4431 2450 4500 ἐκείνην
2478 4430 2743 4499 ἐκδημίαν
2767 4430 3051 4484 ἐπένθουν.
3080 4429 3147 4484 Ἦ
3176 4430 3254 4497 δὲ,
3289 4430 3409 4501 μεθ’
3440 4428 3626 4500 ὑγιοῦς
3662 4431 3816 4483 πάνυ

2236 4524 2333 4576 καὶ
2370 4524 2649 4592 ἀταράχου
2678 4523 2776 4593 τῆς
2803 4524 3211 4587 καταστάσεως,
3245 4522 3436 4593 καιρὸν
3458 4525 3538 4585 είς
3569 4539 3817 4592 προσευ-

2236 4614 2337 4684 χὴν
2367 4616 2531 4678 αἰτεῖ,
2570 4614 2886 4668 κα¹ιδιδοῦσι
2921 4615 3020 4686 τὴν
3051 4615 3212 4685 χάριν
3238 4617 3286 4668 οἱ
3317 4616 3669 4685 στρατιῶται,
3704 4616 3815 4670 καὶ

2234 4710 2424 4776 χεῖρας
2464 4705 2581 4775 ἅμα
2638 4706 2732 4759 καὶ
2765 4704 2956 4776 ξψυχὴν
3008 4708 3088 4770 είς
3148 4707 3423 4777 οὐρανοὺς
3475 4707 3822 4778 ἀνασχοῦσα,

554 4799 704 4853 mine
746 4796 874 4853 Jesu
910 4793 1156 4858 Christe,
1213 4793 1358 4847 Deus
1388 4806 1568 4857 meus,
1605 4805 1708 4862 ago
1752 4791 1852 4847 tibi
1902 4794 2123 4863 gratias,

2237 4799 2411 4869 Κύριε
2459 4797 2640 4868 Ἰησοῦ
2673 4799 2875 4868 Χριστὲ
2905 4799 2933 4850 6
2962 4798 3094 4861 θεός
3143 4814 3269 4867 μου,
3328 4799 3456 4868 ἔφη,
3499 4800 3825 4870 εὐχαριατῶ

553 4890 701 4961 quod
736 4885 975 4945 statuisti
1028 4900 1195 4955 supra
1251 4892 1465 4954 petram
1501 4883 1668 4953 pedes
1699 4899 1874 4948 meos,
1928 4897 1984 4939 et
2033 4886 2124 4939 di-

554 4983 744 5037 rexisti
782 4995 1000 5052 gressus
1054 4974 1229 5042 meos,
1282 4984 1338 5031 et
1390 4990 1538 5031 nunc
1595 4976 1834 5031 extende
1893 4977 2124 5046 palmas,

553 5090 675 5146 qua:
701 5088 798 5144 pro
823 5088 907 5125 me
939 5073 993 5124 in
1023 5083 1184 5124 cruce
1220 5067 1446 5122 fuerunt
1475 5067 1753 5131 sauciata},
1805 5078 1862 5122 et
1909 5069 2129 5137 suscipe

555 5169 818 5230 animam,
852 5180 1015 5235 quam
1048 5161 1352 5218 sacriﬁcavi
1412 5176 1512 5231 pro
1567 5171 1620 5216 te
1671 5170 1728 5216 et
1773 5172 1865 5214 tua
1912 5162 2131 5217 confes-

555 5263 731 5315 sione.
791 5258 1083 5320 Memento,
1116 5255 1382 5319 Domine,
1440 5254 1587 5324 quod
1649 5270 1840 5308 sumus
1902 5270 2032 5310 caro
2075 5266 2129 5310 et

557 5349 804 5418 sanguis,
855 5357 913 5402 et
944 5362 1012 5401 ne
1045 5348 1353 5417 permittas,
1384 5357 1464 5412 ut,
1487 5361 1610 5417 quae
1641 5362 1670 5398 a
1708 5362 1794 5400 me
1828 5347 1968 5404 facta
2000 5358 2129 5403 sunt

554 5453 653 5506 per
683 5437 1069 5507 ignorantiam,
1101 5437 1157 5490 in
1210 5443 1463 5506 apertum
1511 5435 1795 5504 proferant
1840 5451 1994 5492 acres
2042 5453 2130 5493 re-

553 5546 676 5582 runi
706 5540 1016 5583 nostrarum
1051 5530 1461 5585 examinatores
1498 5535 1626 5581 ante
1669 5537 1822 5581 tuum
1883 5530 2132 5586 terribile

552 5630 605 5672 et
662 5620 1037 5688 incorruptum
1068 5617 1306 5672 tribunal
1348 5634 1361 5671 :
1409 5616 1507 5671 sed
1539 5632 1701 5687 quem
1735 5635 1831 5688 pro
1867 5629 1919 5674 te
1954 5620 2127 5676 eﬂ'udi

558 5712 902 5781 sanguinem,
953 5728 1019 5765 eo
1094 5726 1244 5765 meas
1292 5710 1536 5763 maculas
1588 5710 1771 5765 ablue.
1826 5714 1900 5767 lla
1944 5724 2128 5769 autem

564 5816 625 5863 ut
656 5805 755 5859 hoc
801 5819 981 5859 meum
1029 5818 1243 5873 corpus,
1282 5803 1426 5872 quod
1472 5816 1571 5871 pro
1621 5813 1670 5856 te
1727 5804 1827 5876 fuit
1879 5810 2099 5865 conscis

2250 4905 2332 4941 σοι
2392 4890 2473 4942 ὅτι
2538 4890 2772 4960 ἐστησας
2831 4890 2922 4941 ἐπὶ
2984 4889 3192 4959 πέτραν
3238 4890 3366 4953 τοὺς
3451 4891 3618 4955 πόδας
3679 4910 3820 4961 μου,

2241 4980 2331 5029 καὶ
2384 4977 2719 5040 κατεύδυνας
2753 4979 2822 5029 τὰ
2881 4978 3198 5049 διαδήματά
3255 4996 3377 5049 μου,
3431 4980 3526 5034 καὶ
3575 4979 3669 5033 νῦν
3723 4981 3831 5034 ελ-

2238 5070 2414 5122 τεινόν
2499 5087 2593 5121 σου
2667 5069 2766 5132 τὰς
2841 5070 2981 5139 ὑπὲρ
3074 5071 3233 5139 ἡμῶν
3311 5071 3826 5141 τραυματισθείσας

2242 5155 2465 5231 σταυρῷ
2496 5162 2779 5231 παλάμας,
2815 5161 2912 5214 καὶ
2943 5161 3093 5226 δέξαι
3120 5163 3217 5232 τὴν
3249 5161 3429 5232 ψυχὴν
3449 5164 3511 5231 ἣν
3539 5163 3681 5233 ὑπὲρ
3714 5166 3824 5217 σοῦ

2240 5257 2337 5308 καὶ
2371 5256 2469 5325 τῆς
2493 5255 2593 5325 σῆς
2617 5255 2913 5325 ὁμολογίας
2944 5254 3241 5309 χατέουσα.
3275 5256 3587 5326 Μνησθητι,
3614 5257 3824 5326 Κύριε,

2239 5349 2321 5401 ὅτι
2357 5344 2496 5416 σὰρξ
2522 5347 2619 5399 καὶ
2646 5342 2785 5415 αἷμά
2820 5348 3009 5416 ἐσμεν,
3052 5350 3145 5399 καὶ
3180 5345 3254 5416 μὴ
3300 5346 3405 5416 δῷς
3436 5348 3504 5400 τὰ
3534 5347 3593 5399 ὲν
3618 5348 3834 5419 ἀγνοίᾳ

2240 5455 2329 5507 μοι
2364 5439 2733 5508 πεπραγμένα
2757 5439 2868 5500 τοῖς
2905 5437 3102 5500 δεινοῖς
3140 5436 3250 5488 τῶν
3296 5439 3582 5506 ἡμετέρων
3627 5439 3835 5504 ἐξετα-

2242 5530 2393 5590 σταῖς
2450 5526 2854 5580 ἀνακαλύπτειν
2914 5528 3007 5579 ἐπὶ
3064 5526 3160 5580 τοῦ
3212 5527 3448 5597 φοϐεροῦ
3474 5531 3569 5582 καὶ
3618 5530 3835 5584 ἀδεκά-

2242 5638 2371 5673 στου
2407 5636 2500 5672 συυ
2529 5620 2775 5689 βήματος
2811 5636 2822 5649 ·
2853 5619 2969 5672 ἀλλ’
3010 5614 3094 5683 οἷς
3129 5620 3269 5689 ὑπὲρ
3304 5620 3398 5673 σοῦ
3450 5622 3666 5691 ἐξέχεον
3721 5623 3829 5675 αἴ-

2244 5732 2400 5784 μασι,
2423 5714 2631 5777 τούτφις
2656 5712 2754 5775 τὰς
2785 5713 2926 5781 ἐμὰς
2963 5713 3185 5782 κηλίδας
3227 5713 3562 5767 ἁπόπλυνον.
3619 5713 3717 5776 Δὸς
3761 5716 3839 5771 δὲ

2244 5809 2337 5862 καὶ
2374 5808 2430 5861 τὸ
2468 5807 2602 5876 Ξπὲρ
2630 5805 2722 5859 σοῦ
2757 5807 3069 5860 κατακοπὲν
3110 5807 3267 5860 τοῦτο
3306 5807 3465 5878 σῶμά
3510 5824 3613 5877 μου
3664 5812 3842 5875 γενέ..
