4080 6374
289 349 372 416 301

1393 347 1858 407 MARTYRIUM
1895 350 1960 414 S.
1992 346 2387 408 ΒΑίὶΒΛΗίΕ.

2610 322 2626 351 Ι

3409 351 3515 413 302

288 468 397 520 σθαι
451 465 567 528 τοῖς
627 459 883 534 ζητοῦσι-ν
940 461 1169 516 ἀθέατον
1195 502 1208 528 ,
1364 461 1648 532 οἰκονομίᾳ
1695 456 1841 524 οἶδας

1951 479 2086 526 sum,
2144 478 2253 517 non
2307 460 2481 532 possit
2535 461 2704 531 aSpici
2758 461 2826 516 ab
2870 461 2938 517 iis
2987 463 3082 533 qui
3127 473 3416 533 quaerunt:
3457 475 3514 520 et
3584 540 3587 542 _

288 557 465 619 αὐτὸς,
518 558 547 608 ὁ
598 554 812 617 πλάσας
874 555 1188 622 καταμόνας
1242 553 1339 615 τὰς
1390 551 1617 622 καρδίας
1661 553 1838 621 ἡμῶν.

298 645 612 715 Ἐπξϐλεψον
633 645 694 710 ἐξ
725 645 898 714 ὕψους
938 645 1100 713 ἁγίου
1137 661 1252 709 σου,
1279 641 1475 714 Κύριε,
1509 645 1602 696 καὶ
1628 644 1725 696 ἐπὶ
1751 643 1844 696 τὸν

290 737 615 809 περιεστῶτα
665 737 858 790 τοῦτον
928 737 1078 800 λαὸν,
1132 735 1228 788 καὶ
1292 735 1566 806 ὁδὴγησον
1647 733 1844 796 αὐτοὺς

291 829 354 899 τῷ
375 829 516 898 φωτὶ
541 829 642 898 τῆς
673 829 770 898 σῆς
798 827 1156 896 ἐπιγνώσεως
1189 841 1204 856 ⁸
1237 826 1382 879 δίδου
1407 826 1464 879 δὲ
1494 825 1590 879 καί⁵
1618 828 1732 889 τοῖς
1775 825 1844 878 δι’

291 920 406 990 ἐμοῦ
431 919 663 972 καλοῦσι
692 921 754 972 τὸ
778 919 870 972 σὸν
895 917 1049 985 ἅγιον
1097 917 1272 987 ὄνομα
1312 916 1380 969 τὰ
1424 917 1560 986 πρὸς
1589 916 1651 968 τὸ
1701 932 1838 982 συμ-

301 1013 450 1081 φέρον
480 1012 785 1080 αἰτήματα,
844 1011 932 1063 ἵνα
977 1010 1067 1063 διὰ
1127 1010 1345 1064 πάντων
1383 1009 1617 1078 ὑμνῆται
1665 1010 1732 1062 τὰ
1775 1010 1845 1064 σὰ

296 1103 540 1174 μεγαλεῖα
568 1101 661 1154 νῦν
690 1102 786 1154 καὶ
814 1101 894 1164 είς
930 1100 1058 1165 τοὺς
1109 1099 1335 1162 αἰῶνας.
1379 1098 1567 1152 Ταῦτα
1613 1116 1846 1164 προσευ-

296 1196 482 1265 ξαμένη
511 1195 638 1256 τοὺς
673 1191 1017 1264 στρατιώτας
1049 1195 1226 1246 ποιεῖν
1260 1192 1319 1244 τὸ
1369 1191 1658 1244 κελευσθὲν
1706 1209 1842 1262 προ-

295 1283 530 1352 ετρέπετο
555 1297 570 1312 ·
606 1281 942 1334 καὶτούτων
987 1275 1067 1344 εἷς
1124 1281 1187 1332 τὸ
1232 1280 1387 1349 ξίφος
1425 1281 1845 1350 ἀνατεινάμενος

295 1374 374 1440 τὴν
400 1373 677 1442 μακαρίαν
709 1374 878 1442 αὐτῆς
901 1373 1146 1442 κεφαλὴν
1175 1371 1477 1441 ἀποτέμνει
1520 1372 1612 1423 ἐπὶ
1658 1373 1840 1429 εἰκάδι

295 1464 372 1518 τοῦ
397 1463 704 1534 Νοεμὸρίου
733 1465 902 1534 μηνὸς
924 1464 1173 1532 ἄγοντος.

355 1557 767 1626 Θαυματουργεί
795 1556 852 1608 δέ
872 1573 926 1608 τι
964 1555 1245 1611 κάνταῦθα
1270 1557 1422 1624 Θεὸς,
1441 1559 1540 1629 τὴν
1571 1557 1739 1612 αὐτοῦ
1771 1575 1848 1612 τι·

301 1647 396 1717 μῶν
422 1651 698 1718 μάρτυρα,
717 1647 920 1710 καὶτὰς
940 1648 1154 1718 ἐκείνης
1176 1649 1324 1718 ἄγων
1343 1651 1422 1713 εἰς
1441 1650 1618 1722 πέρας
1637 1651 1802 1720 εὐχάς
1826 1661 1844 1680 ⁶

299 1739 416 1806 γάλα
447 1757 503 1792 τε
528 1739 638 1809 γὰρ
664 1734 804 1792 εἰδον
829 1739 880 1791 οἱ
909 1740 1178 1809 παρόντες
1230 1742 1360 1812 ῥυὲν
1405 1743 1528 1796 ἀντὶ
1585 1742 1841 1812 αἵματος,

1948 569 2055 624 qua
2106 553 2451 624 providentia
2517 553 2679 607 ﬁxisti
2721 553 2886 608 corda
2949 564 3158 620 nostra,
3219 555 3402 626 aspice
3444 573 3514 613 ex

1947 646 2058 699 alto
2087 654 2276 699 sancto
2309 653 2424 710 tuo,
2457 645 2708 705 Domine,
2737 645 2802 698 ad
2837 650 2986 701 hunc
3018 648 3304 716 populum,
3337 649 3430 719 qui
3461 659 3515 704 te

1946 734 2320 799 circumsistit,
2353 743 2410 787 et
2462 733 2642 792 deduc
2676 749 2773 787 eos
2806 735 3013 790 lumine
3047 743 3155 792 tuze
3197 740 3512 808 agnitionis.

1945 828 2021 882 Da
2051 835 2232 880 autem
2267 825 2334 879 iis
2368 839 2606 895 quoque,
2651 826 2746 893 qui
2803 841 2902 894 per
2954 843 3042 882 me
3089 830 3344 883 invocant
3391 847 3516 886 san-

1946 927 2093 974 ctum
2129 929 2282 973 tuum
2316 933 2540 982 nomen,
2572 917 2870 987 petitiones
2902 933 3026 988 quae
3050 929 3179 973 sunt
3201 921 3283 976 eis
3307 923 3519 978 condu-

1946 1010 2158 1072 cibiles,
2203 1018 2264 1062 ut
2305 1025 2403 1079 per
2429 1013 2612 1063 omnia
2635 1009 2931 1063 laudentur
2958 1018 3048 1063 tua
3073 1013 3340 1081 magnalia
3372 1030 3519 1071 nunc

1945 1102 2083 1156 etin
2108 1103 2327 1156 saecula.
2376 1101 2512 1157 Cum
2536 1103 2616 1156 sic
2658 1112 2878 1170 precata
2899 1112 3065 1167 esset,
3109 1105 3275 1173 jussit
3316 1105 3521 1162 milites

1946 1192 2149 1256 facere,
2180 1193 2326 1262 quod
2352 1193 2534 1247 fuerat
2565 1192 2916 1262 imperatum.
2951 1193 3105 1248 Unus
3128 1205 3311 1249 autem
3345 1211 3412 1250 ex
3433 1197 3514 1252 eis

1947 1283 2142 1338 stricto
2181 1284 2362 1354 gladio
2385 1284 2609 1338 beatum
2637 1285 2756 1354 ejus
2784 1297 2952 1354 caput
2979 1293 3226 1354 amputat
3249 1287 3515 1344 vicesimo

1947 1376 2142 1446 quinto
2169 1376 2375 1432 mensis
2406 1376 2752 1432 Novembris.

2021 1559 2194 1613 Porro
2255 1566 2438 1613 autem
2486 1558 2580 1614 hic
2636 1573 2855 1630 quoque
2905 1559 3036 1614 facit
3088 1561 3234 1616 Deus
3297 1563 3522 1635 aliquod

1948 1649 2298 1715 miraculum,
2332 1649 2610 1704 honorans
2637 1664 2793 1704 suam
2832 1658 3153 1720 martyrem,
3191 1661 3248 1706 et
3274 1653 3343 1707 ad
3385 1653 3523 1708 effe-

1952 1747 2102 1794 ctum
2145 1738 2426 1794 deducens
2476 1739 2626 1793 illius
2674 1754 2888 1808 preces.
2922 1740 3058 1794 Nam
3115 1741 3208 1810 qui
3263 1741 3518 1806 aderant,

300 1834 376 1882 καί
403 1830 623 1898 ἄγγελοι
648 1831 706 1880 τὸ
731 1828 950 1898 ἐκείνης
977 1831 1137 1900 σῶμα
1167 1830 1228 1884 τὸ
1285 1832 1468 1901 τίμιον
1515 1832 1647 1902 παρ’
1682 1833 1846 1885 αὐτὸν

1951 1832 2206 1886 viderunt
2239 1832 2324 1886 lac
2366 1831 2546 1886 ﬂuens
2595 1846 2696 1901 pro
2721 1832 3028 1901 sanguine:
3066 1841 3121 1886 et
3163 1834 3343 1903 angeli
3393 1849 3519 1890 cum

298 1923 382 1985 τῆς
407 1922 740 1985 τελειώσεως
768 1922 861 1975 τὸν
895 1923 1090 1992 καιρὸν
1114 1925 1590 1994 περιστείλαντες,
1621 1925 1760 1995 πρὸς
1785 1923 1846 1977 τὸ

297 2015 560 2084 Σινᾶςὸρος
591 2016 951 2084 προπέμπειν
991 2016 1258 2088 ἐῴκεσαν.
1288 2018 1368 2080 εἰς
1397 2017 1558 2083 δόξαν
1609 2017 1846 2087 Πατρδς,

299 2106 412 2158 Υίοῦ
442 2109 534 2160 καί
555 2109 715 2175 ἁγίου
746 2109 1084 2181 Πνεῦματος,
1139 2109 1236 2177 τῆς
1268 2109 1402 2178 μιᾶς
1458 2108 1722 2178 Θεότητός
1773 2125 1838 2162 τε

299 2199 381 2250 καί
408 2199 708 2266 βασιλείας,
802 2202 1003 2270 πρέπει
1039 2201 1192 2254 πᾶσα
1219 2197 1374 2268 τιμὴ,
1402 2199 1628 2266 κράτος,
1673 2213 1846 2266 μεγα-

295 2286 491 2358 λωσὺνη
513 2307 572 2342 τε
617 2293 713 2342 καὶ
736 2290 1183 2360 μεγαλοπρέπεια
1208 2286 1300 2340 νῦν
1331 2286 1425 2340 καὶ
1457 2289 1534 2351 εἰς
1561 2288 1685 2350 τοὺς
1718 2285 1850 2342 αἰῶ-

296 2393 381 2439 νας
412 2377 518 2430 τῶν
539 2377 768 2434 αἰώνων.
819 2379 1011 2448 Ἀμήν.

309 2577 486 2610 π

1952 1923 2327 1977 venerandum
2357 1924 2504 1978 illius
2553 1937 2754 1992 corpus
2796 1923 3236 1992 composuissent
3294 1924 3349 1978 in
3399 1925 3519 1995 ipso

1954 2022 2197 2082 tempore
2237 2015 2752 2078 consummationis,
2818 2013 2920 2067 visi
2979 2023 3110 2068 sunt
3155 2015 3430 2071 deducere
3460 2016 3519 2071 in

1951 2113 2194 2159 montem
2228 2104 2379 2170 Sina,
2423 2108 2489 2160 ad
2519 2106 2746 2177 gloriam
2774 2105 2972 2172 Patris,
3007 2115 3063 2161 et
3102 2105 3248 2172 Filii,
3301 2116 3356 2163 et
3394 2109 3520 2178 Spi-

1953 2197 2094 2250 ritus
2144 2195 2342 2262 sancti,
2392 2197 2486 2266 qui
2521 2205 2651 2251 sunt
2700 2212 2807 2251 una
2855 2195 3122 2252 Divinitas
3146 2207 3204 2253 et
3235 2214 3463 2270 regnum
3495 2217 3517 2258 :

1953 2286 2044 2341 cui
2067 2287 2324 2342 convenit
2371 2287 2549 2342 honor
2579 2295 2633 2342 et
2666 2287 2910 2357 potentia
2939 2287 2997 2342 in
3046 2291 3243 2344 saecula
3291 2292 3520 2348 sarculo-

1953 2394 2097 2433 rum.
2137 2379 2330 2433 Amen.

482 2575 3452 2608 Μ

3349 2581 3497 2611 —"""'-—3

685 2803 689 2807 ’
834 2782 1609 2963 MENSIS
1743 2785 2962 2961 DECEMBEB.

1651 3243 2134 3333 ΑΘΛΗΣΙΣ

624 3426 763 3481 THE
799 3426 999 3482 ΛΓΙΛΣ
1036 3428 1349 3487 ΕΝΔΟΞΟΥ
1390 3431 1506 3485 ΚΑΙ
1543 3427 1984 3484 ΚΑΛΛΙΝΙΚΟΥ
2016 3426 2676 3482 ΜΕΓΔΛΟΜΑΡΤΥΡΟΣ
2717 3423 2853 3479 ΤΟΥ
2892 3425 3190 3482 ΧΡΙΣΤΟΥ

1471 3601 1660 3725 BA
1675 3593 2332 3728 ΡΒΑΡΑΣ.

1586 4055 1719 4145 CE
1741 4050 2220 4140 RTAMEN

836 4233 1172 4296 SANCTIE
1217 4234 1319 4296 ΕΤ
1364 4229 1794 4295 GLORIOSE
1838 4225 2143 4288 MAGNIE
2183 4222 2601 4286 MABTYRIS
2657 4223 2969 4286 CHRISTI

1543 4395 2274 4514 BARBAR/E.

875 4612 1073 4678 (Latine
1105 4627 1185 4676 ap.
1210 4613 1403 4663 Surlnm
1437 4611 1494 4661 ad
1517 4610 1650 4660 diem
1674 4609 1704 4659 ι
1731 4603 2041 4666 Decembris;
2068 4605 2236 4656 Graece
2269 4619 2330 4656 ex
2364 4606 2472 4655 eod.
2507 4618 2597 4655 ms.
2631 4605 2784 4655 Paris.
2812 4605 2940 4667 H7.)

330 4895 417 4957 A'.
477 4896 822 4969 Μαξιμιανῷ
845 4897 925 4965 τῷ
949 4896 1203 4951 δυσσεϐεῖ
1231 4898 1459 4969 βασιλεῖ,
1493 4895 1692 4966 πολλὴν
1726 4910 1847 4964 περι

2032 4894 2069 4946 l.
2115 4894 2443 4949 Maximiano
2485 4894 2560 4963 (t)
2611 4893 2778 4962 impio
2826 4891 3163 4962 imperatori,
3213 4891 3304 4960 qui
3364 4888 3532 4943 studii

261 4993 360 5062 τὴν
389 4992 510 5044 τῶν
545 4991 783 5044 εἰδώλων
827 4990 1040 5059 πλάνην
1086 4990 1397 5060 εἰσφέροντι
1445 4987 1544 5058 τὴν
1598 4985 1856 5053 σπουδὴν,

261 5081 428 5155 ιργον
467 5079 545 5152 ἦν
577 5080 740 5135 τοῦτο
790 5080 899 5134 τῶν
956 5080 1134 5134 ἄλλων
1186 5079 1614 5149 ὲπιμελὲστατόν
1652 5093 1712 5129 τε
1766 5073 1863 5127 καὶ

261 5175 562 5243 φροντίδος
598 5171 882 5243 διηνεκοῦς
917 5171 1069 5238 ἄξιον
1097 5216 1114 5236 ,
1147 5170 1210 5224 τὸ
1252 5169 1518 5239 δαίμονας
1555 5167 1653 5238 μὲν
1694 5166 1859 5235 Θερα-

261 5267 455 5320 πεύειν
489 5266 595 5318 καὶ
626 5265 726 5331 τὴν
759 5263 1017 5316 ἀσέϐειαν
1065 5259 1360 5333 κρατύνειν
1398 5261 1570 5329 ὁπόση
1605 5257 1859 5326 δύναμις,

253 5362 382 5422 τοὺς
413 5359 478 5413 δὲ
517 5357 591 5410 τὸ
627 5356 773 5408 θεῖον
825 5356 998 5422 ὄνομα
1040 5351 1135 5407 τοῦ
1166 5350 1409 5422 Χριστοῦ
1444 5349 1795 5420 σεὸομένουςν
1827 5347 1860 5419 ἢ

251 5448 353 5520 τὴν
378 5447 605 5518 εὐσεὸῆ
633 5446 840 5516 ταύτην
885 5444 1214 5514 ἐξόμνυσθαι
1261 5445 1470 5507 πίστιν,
1515 5445 1549 5513 ἢ
1581 5443 1856 5506 ποικίλαις

249 5539 694 5608 παραδοθέντας
722 5535 998 5599 κολάσεσι,
1049 5533 1192 5600 μετὰ
1231 5532 1341 5586 τῶν
1372 5531 1689 5604 προσόντων
1718 5531 1855 5586 πάν-

248 5647 357 5684 των
413 5628 631 5701 βιαίως
666 5627 956 5680 ἐκπίπτειν
997 5625 1217 5695 καὶτῆς
1282 5623 1446 5693 ζωῆς,
1488 5621 1656 5693 Χὼρα
1683 5621 1738 5675 δέ
1769 5639 1854 5686 τις

319 5751 400 5817 (ι)
447 5746 506 5801 Μ
518 5745 785 5810 aximino,
820 5743 1014 5797 Baron.

1955 4983 2255 5053 plurimum
2305 4984 2620 5040 conferebat
2672 4984 2727 5038 in
2771 4997 3019 5038 errorem
3069 4982 3360 5047 idolorum,
3428 4979 3532 5034 hoc

1958 5075 2190 5130 maxime
2235 5085 2502 5145 perpetuo
2527 5083 2646 5131 erat
2697 5088 2864 5138 curae,
2902 5081 2961 5127 ut
2991 5073 3266 5127 daemones
3307 5068 3532 5146 quidem

1956 5165 2183 5229 coleret,
2220 5174 2276 5221 et
2321 5167 2656 5237 impietatem
2701 5164 2960 5219 omnibus
3011 5163 3210 5233 opibus
3239 5169 3296 5217 et
3323 5159 3532 5215 viribus

1959 5255 2350 5312 conﬁrmaret:
2389 5259 2422 5312 ii
2454 5268 2661 5322 autem,
2689 5258 2784 5328 qui
2817 5255 3022 5312 Christi
3055 5254 3302 5310 divinum
3329 5266 3532 5306 nomen

1958 5345 2232 5410 colebant.
2265 5355 2362 5403 aut
2385 5348 2527 5417 piam
2555 5347 2716 5402 (idem
2745 5345 3082 5415 abjurarent,
3105 5352 3200 5398 aut
3223 5341 3391 5405 variis
3423 5349 3535 5396 tra—

1959 5438 2060 5494 diti
2100 5440 2408 5510 suppliciis,
2462 5455 2586 5495 cum
2635 5441 2794 5496 bonis
2825 5438 3082 5494 omnibus
3118 5451 3240 5504 quae
3287 5434 3533 5497 aderant,

1958 5530 2068 5585 vita
2097 5547 2316 5601 quoque
2341 5533 2618 5601 violenter
2648 5531 3014 5602 privarentur.
3059 5527 3315 5596 Quaedam
3350 5532 3534 5579 autem

1962 5623 2133 5693 regio,
2167 5639 2286 5693 quae
2320 5633 2548 5680 vocatur
2575 5621 2895 5693 Heliopolis,
2924 5620 3102 5675 virum
3135 5618 3372 5675 habebat
3404 5615 3536 5670 inst-
