4072 6390
445 339 584 436 ,σοι

1709 332 1995 395 MENSIS
2037 334 2288 396 DECEM
2296 327 2471 394 BER.

3630 340 3738 403 204

473 466 656 527 gnem,
689 449 953 521 religione
980 447 1202 518 quidem
1235 446 1516 518 gentilem,
1549 444 1704 501 valde
1740 462 1871 502 vero
1907 445 2052 503 divi-

2167 448 2283 502 κατ’
2322 447 2503 501 ἐκεῖνο
2554 447 2750 520 καιροῦ
2801 447 3148 513 ’Βλεούπολις
3190 446 3504 520 καλουμένη
3566 450 3739 521 ἄνδρα

476 558 611 611 tem,
644 554 700 600 et
724 543 890 609 hujus
915 540 1107 595 mundi
1145 539 1436 610 splendore
1460 537 1848 595 clarissimum.
1879 540 1926 595 Is
1949 555 2050 595 vo-

474 636 705 694 cabatur
750 632 975 703 quidem
1024 631 1359 687 Dioscorus:
1409 629 1577 684 unius
1621 638 1807 686 autem
1857 630 2053 701 puellae

475 735 597 784 erat
642 735 822 796 pater,
849 724 944 780 cui
972 738 1175 779 nomen
1229 731 1347 778 erat
1375 721 1639 778 Barbara.
1671 722 1807 795 Ejus
1833 738 1967 778 vero
1996 723 2052 777 in

476 819 626 874 illam
651 828 774 873 erat
793 832 972 881 amor,
999 814 1093 886 qui
1127 814 1366 872 debebat
1391 829 1512 870 esse
1530 815 1671 885 eius,
1697 814 1794 884 qui
1826 814 1885 869 in
1906 813 2054 868 illam

476 911 653 968 solam
681 924 905 965 omnem
948 923 1105 964 suam
1132 923 1285 978 spem
1318 907 1602 963 deﬁxerat.
1647 907 1783 963 Eam
1811 921 1958 973 cum,
1995 913 2056 961 ut

476 1022 600 1077 qua:
642 1012 791 1059 esset
820 1003 973 1057 vultu
1008 1000 1303 1056 admodum
1338 1000 1600 1066 formosa,
1639 1010 1698 1055 et
1742 998 2056 1070 pulchritua

479 1098 610 1154 dine
641 1097 867 1161 exirnia,
900 1095 1062 1153 vellet
1107 1108 1436 1150 conservare
1481 1092 1771 1162 integram,
1817 1102 1873 1148 et
1905 1091 2056 1147 nulla

479 1191 605 1247 labs
627 1191 912 1261 pollutam,
941 1201 997 1243 ct
1025 1188 1149 1243 ideo
1174 1201 1278 1241 nec
1305 1187 1513 1241 sineret
1536 1186 1759 1256 quidem
1788 1186 1957 1254 aspici
1984 1183 2056 1240 ah

480 1282 570 1349 iis,
604 1283 697 1352 qui
749 1281 885 1336 foris
929 1289 1109 1345 erant,
1143 1280 1358 1334 excelsa
1411 1288 1564 1333 turre
1614 1287 1951 1342 constructa,
2001 1284 2058 1330 et

481 1376 645 1431 domo
670 1373 723 1430 in
749 1391 813 1431 ea
843 1373 1140 1428 artificiose
1160 1356 1444 1435 aediﬁcata,
1475 1372 1588 1426 illic
1608 1371 1823 1426 beatam
1851 1370 1924 1424 ita
1947 1367 2059 1423 colo

479 1466 682 1523 locavit
710 1465 1091 1529 habitandum,
1127 1471 1188 1517 ut
1214 1478 1317 1517 nec
1343 1462 1439 1516 ulli
1466 1461 1534 1516 ad
1560 1477 1679 1515 eam
1709 1458 2059 1529 pateretadi-

483 1570 595 1627 tus,
631 1574 735 1615 nec
761 1560 847 1614 vlr
867 1560 1013 1614 ullus
1031 1572 1152 1613 eam
1178 1558 1472 1627 attingeret
1491 1555 1687 1611 oculis.
1717 1555 1848 1610 Erat
1872 1565 2056 1609 autem

480 1653 588 1709 hoc
631 1667 772 1722 opus
816 1651 1017 1706 divina:
1063 1649 1443 1722 providentiae,
1501 1663 1625 1719 quae
1673 1649 1919 1702 futurum
1962 1646 2056 1701 diu

483 1755 611 1804 ante
655 1742 1059 1799 considerabat.
1092 1741 1151 1796 In
1197 1755 1261 1795 ea
1294 1740 1441 1795 enim
1478 1739 1739 1794 Paraclcti
1774 1738 1947 1809 gratia
1976 1737 2057 1791 la-

2154 541 2265 595 τῶν
2316 541 2609 610 ἐπισήμων
2654 541 2855 611 ἔχουσα
2889 537 2981 613 ἦν,
3018 541 3262 613 Ἕλληνα
3309 541 3410 613 μὶν
3459 541 3562 613 τὴν
3604 542 3740 614 θρη-

2157 633 2372 693 σκείαν,
2413 634 2671 687 πλούσιον
2703 632 2762 686 δὲ
2819 634 3019 703 κομιδῆ
3076 635 3174 687 καὶ
3230 636 3298 706 τῇ
3353 635 3497 687 κατὰ
3531 634 3737 705 κόσμον

2157 726 2493 797 περιφανείᾳ
2545 725 2953 797 λαμπρότατον.
3034 722 3209 788 οὗτος
3267 727 3565 797 Διόσκορος
3639 728 3741 798 μὶν

2156 816 2431 877 ἐκαλεῖτο,
2466 817 2598 886 μιᾶς
2636 817 2691 869 δὲ
2735 817 2926 881 παιδὸς
2969 817 3156 888 πατὴρ
3186 816 3558 889 ὲγνωρίζετοο
3598 819 3744 891 Bap-

2159 907 2303 980 6dpa
2338 909 2515 979 ταύτῃ
2546 907 2606 961 τὸ
2635 908 2829 979 ὄνομα.
2880 909 2990 963 Καὶ
3028 909 3091 963 τὸ
3138 909 3363 980 φίλτρον
3405 904 3521 963 οἷον
3546 948 3564 975 ,
3618 913 3742 964 ius!

2158 1001 2253 1053 καὶ
2303 998 2391 1052 ἔπ’
2439 998 2578 1068 αὐτῇ
2637 998 2775 1071 μόνῃ
2810 998 3036 1052 ἐσάλευε
3067 999 3168 1062 τὰς
3206 997 3449 1062 ἐλπίδας.
3498 1000 3739 1071 Ταύτην,

2155 1095 2230 1155 ὡς
2257 1092 2380 1147 λίαν
2404 1093 2766 1164 εὐπρόσωπον
2794 1090 2961 1145 οὖσαν
2982 1130 2999 1158 ,
3033 1092 3129 1144 καὶ
3161 1090 3223 1143 τὺ
3245 1090 3446 1152 κάλλος
3474 1090 3739 1155 ἐξαίσιον,

2162 1189 2380 1255 ἄγαμον
2406 1185 2739 1258 περισώζειν
2772 1185 3125 1255 βουλόμενος.
3157 1184 3254 1238 καὶ⁸
3282 1183 3372 1237 διὰ
3412 1181 3572 1236 τοῦτο
3607 1178 3742 1254 μηδὲ

2159 1277 2362 1349 θεατὴν
2393 1275 2535 1331 εἶναι
2575 1280 2690 1343 τοῖς
2732 1276 2839 1345 ἔξω
2873 1277 3247 1349 παραχωρῶν,
3297 1275 3508 1345 πύργον
3550 1270 3743 1345 δειμά-

2162 1386 2327 1444 μενος
2358 1371 2589 1443 ὑψηλὸν,
2650 1373 2707 1426 ἑν
2736 1371 2889 1441 αὐτῷ
2916 1371 2971 1424 δὲ
3000 1371 3176 1424 οἰκίαν
3210 1369 3598 1441 φιλοτεχνήσας
3626 1369 3744 1423 ἐκεῖ

2158 1465 2257 1537 τὴν
2292 1464 2589 1536 Βαρῦάραν
2628 1462 2783 1517 ἔθετο
2831 1465 3112 1517 κατοικεῖν
3157 1461 3424 1531 ἀπρόῖτόν
3474 1474 3535 1514 τε
3576 1447 3742 1514 οὖσαν

2160 1558 2258 1610 καὶ
2290 1553 2593 1625 ὀφθαλμοῖς
2626 1552 2834 1625 ἀνδρῶν
2866 1554 3033 1605 πᾶσιν
3056 1551 3354 1621 ἄψαυστον.
3393 1551 3466 1602 Τὸ
3531 1549 3590 1603 δὲ
3633 1550 3742 1620 ἄρα

2161 1648 2316 1713 θείας
2344 1648 2658 1715 οἰκονομίας
2685 1647 2848 1715 ἔργον
2883 1639 2973 1716 ἦν,
3006 1643 3216 1699 ἄνωθεν
3255 1641 3644 1712 σκοπουμένης
3680 1641 3744 1693 τδ

2166 1739 2362 1809 μέλλον
2391 1752 2409 1770 ·
2442 1740 2500 1791 ἰν
2531 1736 2683 1806 αὐτῷ
2708 1737 2819 1806 γάρ
2845 1737 2878 1807 ἡ
2911 1735 3007 1788 τοῦ
3048 1733 3408 1807 Παρακλήτου
3443 1732 3604 1802 χάρις
3632 1731 3744 1783 τῶν

484 1847 668 1895 tentes
695 1838 815 1908 ejus
841 1836 1033 1890 oculos
1052 1834 1290 1889 latenter
1321 1839 1619 1901 attagens,
1647 1839 1702 1886 et
1731 1803 2061 1884 illuminavit

2167 1803 2400 1901 άιρανῶν
2427 1830 2597 1898 αὐτῆς
2626 1803 2923 1898 ὀνφθαλμῶν
2952 1803 3178 1894 ἀφανιῖις
3204 1803 3484 1895 ἁψαμένη,
3512 1825 3649 1892 φωτί
3682 1837 3742 1875 τε

479 1931 608 1988 luce
633 1930 832 1986 divina:
878 1925 1230 1998 cognitionis,
1269 1931 1326 1979 et
1355 1936 1550 1979 verum
1586 1922 1758 1979 Deum
1789 1932 1979 1978 notum
2009 1918 2061 1975 ei

482 2022 615 2080 fecit
657 2020 1072 2077 admirabiliter.
1120 2017 1366 2074 Habebat
1408 2028 1540 2085 ergo
1568 2016 1739 2071 turris
1768 2014 2059 2085 virginem,

483 2129 606 2189 qua:
653 2112 922 2172 aediﬁcata
975 2120 1095 2168 erat
1132 2124 1301 2182 super
1351 2110 1769 2165 fundamentum
1818 2109 1967 2175 ﬁdei,
2004 2118 2064 2166 et

483 2206 919 2265 conservabatur
950 2203 1017 2259 ad
1057 2204 1186 2269 hoc,
1224 2211 1284 2258 ut
1315 2212 1462 2259 esset
1490 2203 1640 2257 salus
1664 2201 1989 2259 multorum.

551 2385 621 2441 11.
660 2384 798 2440 Cum
830 2389 1013 2436 autem
1029 2380 1137 2451 jam
1162 2384 1309 2433 esset
1336 2376 1562 2439 nubilis,
1589 2383 1746 2445 pater
1765 2384 1885 2429 erat
1904 2373 2064 2429 valde

478 2477 784 2540 sollicitus,
813 2473 1066 2544 quisnam
1093 2478 1240 2526 esset
1262 2484 1383 2524 eam
1417 2478 1743 2537 accepturus
1787 2480 2014 2520 uxorem
2047 2481 2061 2519 :

478 2578 543 2625 ct
572 2568 728 2622 multi
779 2564 1002 2635 quidem
1046 2571 1104 2618 et
1150 2576 1351 2633 genere
1384 2570 1440 2614 et
1485 2559 1685 2629 opibus
1743 2565 2067 2627 praestantes

483 2663 557 2719 de
580 2663 696 2733 ejus
716 2650 970 2730 conjugio
992 2670 1115 2712 cum
1143 2670 1211 2710 eo
1230 2666 1516 2709 sermones
1537 2651 1908 2706 contulerunt.
1934 2648 2067 2720 Ejus

485 2755 637 2812 enim
689 2748 1064 2824 pulchritudo,
1113 2747 1217 2803 etsi
1262 2760 1375 2800 non
1420 2753 1736 2814 conspecta,
1783 2741 2069 2797 auditione

491 2857 674 2903 tamen
707 2851 955 2913 accepta,
985 2838 1218 2895 faciebat
1248 2846 1308 2893 ut
1337 2837 1459 2909 ejus
1487 2835 1692 2907 nuptia:
1720 2848 1914 2904 magna
1932 2846 2070 2888 con-

486 2938 734 2996 tentione
777 2942 1122 3007 peterentur.
1184 2928 1674 2985 Verumenitnvero
1710 2927 1851 2996 patri
1910 2922 2067 2979 vide-

489 3033 654 3088 batur
680 3044 801 3085 esse
859 3024 1180 3080 indecorum
1225 3022 1472 3093 etplane
1504 3019 1792 3084 illiberale,
1836 3017 1882 3072 si
1917 3015 2066 3088 quod

2162 1922 2500 1992 θεογνωσίας
2541 1920 2777 1991 ἐφώτισε
2804 1919 3007 1973 καὶτὸν
3036 1918 3246 1989 ἀψευδῆ
3285 1918 3434 1970 Θεὸν
3460 1916 3744 1986 γνώριμον

2161 2018 2303 2088 αὐτῇ
2348 2013 2674 2086 παραδόξως
2707 2013 3069 2082 κατέστησεν.
3123 2009 3282 2082 Εἶχεν
3328 2009 3425 2063 οὖν
3463 2009 3564 2079 τὴν
3602 2020 3748 2077 παρ·

2157 2108 2319 2163 λθένον
2351 2110 2380 2161 ό
2407 2107 2617 2179 πύργος
2638 2149 2652 2172 ,
2695 2108 2789 2159 ἐπὶ
2832 2105 2913 2175 τῷ
2963 2102 3200 2175 θεμελίῳ
3232 2103 3332 2175 ἠδη
3368 2101 3468 2170 τῆς
3509 2100 3744 2161 πίστεως

2154 2202 2596 2274 ᾠκοδομημένην
2618 2240 2632 2266 ,
2668 2201 2763 2254 καὶ
2793 2201 2875 2262 είς
2922 2197 3134 2253 πολλῶν
3183 2196 3438 2266 γενέσθαι
3469 2191 3746 2263 σωτηρίαν

2167 2312 2332 2368 συντη
2340 2311 2435 2366 ρου
2443 2293 2637 2365 μένην.

2240 2387 2316 2440 B'.
2350 2384 2505 2438 Ἐπεὶ
2528 2385 2584 2438 δὲ
2610 2384 2790 2453 γάμου
2830 2379 2897 2453 ἦν
2924 2384 2958 2453 ἡ
2988 2379 3187 2452 ὡραία,
3204 2381 3452 2451 μέριμνα
3481 2374 3746 2445 πολλὴτῷ

2167 2481 2359 2552 πατρὶ,
2416 2479 2502 2544 τίς
2551 2480 2579 2532 ό
2638 2478 2945 2548 ληψόμενος
2994 2475 3165 2545 αὐτὴν
3208 2479 3288 2536 εἰς
3320 2473 3576 2541 γυναῖκα.
3639 2467 3748 2521 Καὶ

2167 2572 2357 2625 πολλοὶ
2389 2570 2491 2641 μὲν
2519 2568 2627 2623 τῶν
2668 2568 2919 2641 εὐγενείᾳ
2958 2569 3052 2621 καὶ
3116 2566 3333 2637 πλούτῳ
3380 2563 3750 2633 διαφερόντων

2165 2666 2248 2728 είς
2274 2662 2468 2732 λόγους
2499 2661 2655 2731 αὐτῷ
2683 2663 2810 2731 περὶ
2844 2659 3109 2724 συζυγίας
3141 2659 3426 2727 συνῆλθον.
3472 2659 3612 2710 [laet
3637 2660 3748 2725 γάρ

2152 2747 2227 2811 ’τὸ
2259 2756 2479 2819 κάλλος,
2524 2756 2572 2809 εί
2601 2754 2696 2809 καὶ
2728 2754 2803 2823 μὴ
2839 2753 3052 2819 θεατὸν,
3108 2751 3227 2807 ἀλλ’
3280 2754 3431 2821 ὅμως
3482 2750 3750 2803 ὰκουετὶν

2166 2848 2252 2915 ὃν,
2308 2848 2692 2919 περιμάχητον
2747 2846 2919 2916 αὐτῆς
2961 2846 3136 2898 ἐποίει
3199 2843 3290 2896 τὸν
3343 2844 3541 2912 γάμον.
3604 2841 3750 2909 [Ιλῆν

2167 2939 2306 2995 ἀλλὰ
2336 2939 2414 3009 τῷ
2447 2940 2615 3010 πατρὶ
2639 2938 2828 2993 σκαιὸν
2862 2936 3041 2991 ἐδόκει
3073 2937 3168 2991 καὶ
3197 2935 3490 3006 προφανῶς
3527 2932 3751 2987 avem-

2168 3032 2350 3104 θερον,
2397 3032 2446 3084 εἰ
2508 3030 2583 3101 μὴ
2614 3030 2710 3084 καὶ
2742 3033 2808 3101 τῇ
2836 3029 3067 3101 θυγατρὶ
3097 3029 3232 3101 πρὸς
3276 3030 3477 3097 γνῶσιν
3515 3027 3657 3081 hic:
3690 3026 3753 3078 τὸ

492 3126 608 3193 ipse
639 3134 837 3190 magno
861 3114 1057 3186 agebat
1089 3111 1295 3177 studio,
1330 3111 1457 3165 lilia:
1492 3124 1601 3164 non
1626 3119 1816 3162 notum
1842 3106 2065 3161 exsiste-

2171 3122 2629 3192 σπουδαζόμενον,
2693 3123 2792 3175 καὶ
2847 3121 3181 3193 συναιροῦσα
3229 3120 3294 3192 δὴ
3341 3121 3436 3173 καὶ
3488 3121 3625 3184 αὑτὴ
3669 3118 3750 3189 τῷ

489 3220 597 3276 ret,
647 3219 705 3265 et
750 3207 870 3278 ejus
902 3218 1071 3274 scopo
1114 3202 1340 3256 minime
1383 3198 1765 3255 assentiretur.
1815 3197 1894 3251 Ad
1943 3211 2064 3252 eam

2171 3213 2364 3285 σκοπῷ
2394 3215 2631 3283 γένοιτο.
2675 3212 2895 3285 ’Δμέλει
2949 3215 3043 3266 καὶ
3092 3214 3229 3285 πρὸς
3276 3213 3444 3283 αὐτὴν
3481 3211 3753 3281 ἀφικόμε-

481 3308 711 3380 quidem
741 3314 892 3360 certe
924 3302 1173 3367 veniens,
1202 3299 1271 3354 de
1300 3296 1651 3355 matrimonio
1683 3311 1807 3351 cum
1829 3308 1892 3352 ea
1917 3308 2068 3351 com-

486 3399 759 3462 municat,
785 3404 842 3452 et
871 3404 1080 3465 quanto
1113 3391 1294 3449 studio
1320 3400 1376 3446 et
1405 3398 1610 3450 uuanta
1636 3403 1770 3444 cura
1806 3387 1857 3442 ei
1883 3384 2069 3458 provi-

490 3490 624 3546 dere
656 3494 905 3558 cuperet,
936 3482 1228 3555 significat.
1255 3481 1351 3536 Illa
1394 3490 1575 3535 autem
1612 3494 1738 3535 cum
1765 3494 1877 3534 non
1906 3477 2069 3533 modo

491 3581 681 3646 corde,
710 3578 809 3637 sed
836 3592 905 3633 ne
927 3574 1158 3633 summis
1178 3572 1403 3645 quidem
1425 3570 1652 3626 auribus
1672 3585 1791 3626 eam
1818 3585 1931 3626 rem
1954 3569 2068 3626 vel-

489 3676 568 3732 let
606 3672 919 3735 admittere,
960 3667 1058 3725 sed
1100 3677 1356 3735 tanquam
1380 3662 1649 3718 absonum
1675 3670 1734 3717 et
1762 3659 2068 3716 absurdum

492 3763 702 3834 aliquid
728 3762 782 3818 id
815 3761 866 3816 ei
892 3758 1198 3829 rejecisset,
1227 3765 1283 3811 et
1322 3754 1500 3825 ipsum
1548 3760 1758 3823 patrem
1795 3752 1933 3808 irate
1978 3768 2070 3807 re-

492 3857 655 3928 pulit,
684 3865 761 3920 et,
793 3853 873 3909 Ne
910 3853 980 3908 de
1005 3866 1070 3908 ea
1097 3865 1179 3916 re,
1210 3848 1371 3914 dixit,
1399 3862 1615 3903 mecum
1653 3846 1858 3903 iterum
1902 3846 2072 3903 verba

490 3948 713 4004 feceris.
740 3945 875 4001 Nam
908 3954 987 4010 tu,
1037 3951 1192 4014 pater
1244 3940 1506 4011 deinceps
1535 3954 1648 3994 non
1679 3939 1985 4001 vocaberis.
2016 3948 2074 3994 et

487 4040 717 4103 eﬁicies,
748 4045 809 4092 ut
840 4051 942 4107 ego
994 4033 1132 4089 mihi
1164 4047 1359 4087 manus
1401 4030 1649 4086 afferam.
1696 4030 1858 4086 Pater
1887 4038 2072 4086 autem

492 4139 738 4187 statuens
787 4129 948 4198 longe
997 4140 1120 4181 esse
1156 4124 1447 4180 honestius
1495 4121 1851 4193 persuadere,
1904 4136 2072 4192 quam

491 4236 709 4294 cogere,
746 4230 1007 4288 ratusque
1038 4218 1159 4289 ejus
1199 4215 1564 4271 constantiam
1595 4226 1706 4269 non
1731 4228 1856 4270 esse
1898 4211 2073 4283 perti-

493 4315 730 4374 naciam,
778 4325 880 4365 nec
910 4307 1363 4373 inobedientiam,
1393 4307 1488 4361 sed
1525 4306 1827 4361 vehemens
1855 4303 2074 4360 deside-

495 4407 640 4461 rium
667 4403 964 4468 castitatis;
997 4411 1051 4459 et
1082 4399 1287 4471 alioqui
1318 4401 1368 4455 ei
1395 4397 1647 4468 praebens
1680 4406 1898 4466 tempus
1929 4394 2073 4452 deli-

2170 3324 2281 3373 νος,
2329 3306 2726 3374 κοινολογεῖται
2778 3305 2908 3376 περ)⁵
2956 3305 3052 3359 τοῦ
3104 3307 3308 3375 γάμου,
3342 3306 3440 3359 καὶ
3495 3305 3644 3366 ὅπως
3677 3299 3750 3375 ἦν

2170 3400 2321 3472 αὐτῷ
2365 3384 2744 3472 μελετώμενος
2784 3398 3143 3468 ἀπαγγέλλει.
3177 3400 3241 3453 Ἦ
3276 3398 3355 3463 δὲ,
3389 3398 3527 3468 μηδὲ
3559 3397 3753 3466 ἄκροις

2170 3495 2275 3550 ὠσὶ
2301 3496 2362 3549 τὸ
2397 3496 2633 3567 πρᾶγμα
2661 3497 2736 3564 μή
2770 3494 2824 3548 τί
2854 3511 2918 3564 γε
2954 3497 3035 3558 εἰς
3064 3494 3297 3565 καρδίαν
3341 3495 3528 3546 πεσεῖν
3563 3491 3754 3561 βουλο-

2176 3590 2340 3662 μένη,
2369 3587 2488 3642 ἀλλ’
2517 3578 2711 3658 ὦέπερ
2746 3587 2962 3658 άπηχές
3001 3604 3056 3640 τι
3091 3590 3185 3641 καὶ
3212 3588 3416 3641 ἄτοπον
3452 3590 3754 3638 ἀποσεισά-

2176 3682 2341 3752 μένη,
2383 3680 2547 3735 αὐτόν
2596 3697 2656 3733 τε
2690 3679 2956 3734 ἀπώσατο
2996 3680 3115 3751 μετ’
3152 3678 3327 3750 ὀργῆς
3375 3678 3467 3732 τὸν
3512 3678 3755 3746 πατέρα,

2176 3775 2299 3839 καὶ,
2330 3769 2410 3827 Ἦ
2448 3774 2558 3844 μὴν
2596 3774 2670 3845 μὴ
2710 3773 2994 3843 δεύτερον,
3024 3772 3150 3843 ἔφη,
3186 3775 3315 3844 περὶ
3362 3771 3560 3825 τούτου
3594 3771 3755 3837 λόγον

2179 3880 2268 3934 μοι
2319 3864 2684 3935 προσαγάγῃς
2717 3879 2731 3895 ο
2761 3863 2907 3916 ἐπεὶ·
2942 3861 3037 3915 καὶ
3085 3863 3152 3915 σὺ
3221 3861 3407 3930 πατὴρ
3456 3860 3520 3913 τὸ
3565 3860 3755 3913 λοιπὸν

2175 3957 2236 4008 οὐ
2264 3955 2537 4027 κληθήσῃ,
2590 3955 2736 4025 κάμὲ
2768 3954 3047 4025 ἀναιρέτιν
3080 3953 3326 4023 ἐμαυτῆς
3360 3952 3614 4022 γενέσθαι
3654 3970 3753 4005 πα-

2176 4040 2564 4117 ρασκευάσας.
2640 4047 2702 4099 '0
2758 4045 2817 4099 δὲ
2880 4046 3087 4116 πατὴρ.
3153 4045 3217 4099 τὸ
3273 4046 3484 4099 πείθειν
3533 4044 3754 4114 εὐγενὲς

2177 4139 2403 4203 μᾶλλον,
2437 4138 2498 4192 οὐ
2551 4137 2614 4192 τὸ
2662 4137 2950 4208 βιάζεσθαι
2999 4139 3215 4209 κρίνας,
3253 4139 3422 4207 αὐτῆς
3457 4156 3517 4192 τε
3546 4139 3646 4208 τὴν
3666 4138 3753 4191 εν-

2176 4244 2368 4285 στασιν
2397 4229 2462 4283 οὐ
2493 4229 2669 4302 ῥοπὴν
2710 4231 3052 4285 αὐθέκαστον
3098 4230 3210 4284 οὐδ’
3244 4231 3559 4297 ἀπείθειαν,
3614 4230 3754 4284 ἀλλὰ

2176 4322 2343 4376 πόθον
2391 4321 2620 4390 ἁγνείας
2666 4322 2890 4394 ἰσχυρὸν
2962 4323 3340 4394 ἡγησάμενος,
3379 4322 3557 4387 ἄλλως
3588 4340 3650 4376 τε
3693 4322 3755 4375 δε

2176 4413 2274 4468 καὶ
2309 4413 2644 4483 διασκέψεως
2672 4417 2816 4486 αὐτῇ
2848 4415 3103 4484 παρέχων
3137 4417 3352 4487 καιρὸν,
3384 4415 3555 4477 εἵπως
3586 4430 3755 4485 μετε-

492 4495 747 4563 berandi,
776 4509 1007 4566 sperans
1042 4493 1160 4548 fore
1196 4500 1255 4546 ut
1312 4490 1544 4546 fortasse
1576 4498 1906 4555 mutaretur,
1937 4497 1993 4544 ct
2016 4489 2065 4544 ei

2177 4506 2338 4560 ϐαλεῖ
2356 4508 2451 4560 καὶ
2484 4476 2764 4577 πειθήνιος
2789 4476 2941 4576 αὐτῷ
2968 4476 3202 4575 γένοιτο,
3236 4476 3401 4561 πλέον
3427 4476 3754 4561 οὐδεννεπει-

498 4603 711 4646 morem
766 4596 1004 4658 gereret,
1061 4599 1186 4640 cum
1219 4582 1357 4639 nihil
1413 4581 1643 4638 dixisset
1689 4580 1948 4651 amplius,
2008 4594 2065 4636 ea

2181 4598 2300 4653 πὼν
2334 4598 2555 4652 κάτεισι
2593 4598 2694 4668 μιν
2728 4597 2939 4662 εὐθέως
2982 4598 3080 4653 τοῦ
3132 4598 3348 4668 πύργου
3373 4638 3388 4662 ,
3420 4600 3559 4670 πρὸς
3587 4598 3645 4652 δὲ
3693 4597 3755 4652 re

500 4693 653 4742 turre
694 4681 917 4753 quidem
948 4677 1236 4735 descendit
1266 4675 1541 4746 protinus,
1590 4673 1818 4729 veniens
1847 4688 1979 4729 vero
2007 4672 2076 4728 ad

497 4780 803 4840 lavacrum,
835 4772 981 4844 quod
1016 4781 1146 4826 tunc
1171 4769 1498 4831 adillcabat,
1533 4772 1682 4821 totus
1704 4765 1757 4819 ei
1792 4763 2023 4821 vacabat
2058 4780 2073 4818 :

495 4867 657 4941 cujus
684 4880 888 4938 urgens
916 4860 1361 4924 ediﬁcationem,
1415 4865 1473 4914 et
1518 4871 1770 4928 magnam
1799 4855 2074 4911 artiﬁcum

493 4958 719 5016 adducit
769 4954 1223 5012 multitudinem:
1276 4959 1513 5017 etcum,
1560 4959 1621 5006 ut
1666 4950 2073 5022 quamprimum

494 5052 758 5112 edoctum
803 5048 1105 5107 redderent
1151 5044 1469 5110 aediﬁcium,
1524 5041 1861 5106 mandasset,
1904 5049 1960 5096 et
1992 5039 2076 5096 eis

498 5148 769 5217 integram
799 5142 1108 5198 mercedem
1129 5138 1474 5211 prcbuisset,
1502 5137 1617 5209 ipse
1638 5136 1688 5192 ἐξ
1720 5135 2074 5208 longinquam

497 5232 779 5304 prolocuta
806 5236 893 5285 est
919 5228 1220 5301 regionem.

480 5366 485 5371 ς
568 5324 661 5383 ιιι.
697 5322 836 5380 Cum
860 5322 955 5379 diu
984 5332 1168 5377 autem
1198 5329 1344 5376 esset
1371 5327 1618 5374 moratus
1645 5317 1700 5372 in
1732 5331 1797 5372 ea
1828 5315 2075 5388 peregri-

492 5418 738 5479 natione,
780 5415 876 5471 Dei
931 5413 1129 5469 ancilla
1174 5412 1415 5470 Barbara
1461 5410 1747 5466 descendit
1777 5424 1844 5464 ex
1894 5418 2069 5472 turre.

496 5510 682 5565 visura
712 5506 1175 5578 quemadmodum
1206 5505 1360 5564 ﬁeret
1388 5503 1686 5559 lavacrum.
1719 5499 1926 5556 Deinde
1945 5515 2071 5555 cum

496 5598 611 5655 ill.c
633 5597 850 5662 fuisset,
887 5607 942 5651 et
967 5595 1330 5664 contemplata
1358 5601 1505 5650 esset
1529 5603 1761 5663 partem,
1791 5608 1912 5663 qua:
1947 5607 2074 5647 ver-

489 5689 574 5758 git
605 5689 674 5742 ad
704 5688 1011 5750 meridiem,
1030 5684 1171 5741 iluas
1199 5687 1399 5741 habere
1426 5685 1715 5751 fenestras,
1743 5702 1861 5755 qua!
1890 5685 2069 5740 lucem

490 5779 795 5842 oriebcant,
833 5781 1190 5848 reoreltendit,
1224 5780 1481 5847 artiﬁces,
1529 5780 1755 5834 dicens:
1789 5778 1900 5834 Cur
1932 5780 2069 5835 dca-

2176 4687 2404 4758 λουτρδν
2431 4687 2460 4741 ὃ
2492 4686 2926 4752 κατασκευάζων
2974 4687 3137 4759 ἔτυχε
3185 4689 3386 4743 νεωστὶ
3439 4688 3757 4757 γενόμενος,

2175 4780 2296 4837 ὅλον
2329 4781 2531 4835 ἑαυτὸν
2568 4779 2875 4852 ἀπησχόλει
2911 4794 2927 4810 °
2962 4773 3024 4835 οὗ
3056 4784 3152 4834 καὶ
3181 4780 3283 4849 τὴν
3305 4778 3599 4851 οἰκοδομὴν
3632 4781 3755 4832 ἑπι-

2175 4873 2450 4938 σπεύδων,
2492 4871 2700 4943 πλῆθός
2742 4889 2802 4926 τε
2833 4871 3099 4942 τεχνιτῶν
3155 4874 3432 4942 ἐφίστησι,
3468 4874 3566 4926 καὶ
3604 4873 3756 4935 ὅπως

2176 4967 2247 5022 ἂν
2274 4967 2606 5038 ἐργάσαιντο
2639 4965 2740 5036 τὴν
2767 4964 3058 5036 οίκοδομὴν
3098 4965 3434 5036 ὶπισκήψας,
3463 4964 3657 5033 ιντελῆ
3695 4980 3756 5017 τε

2173 5058 2269 5114 τὸν
2296 5057 2490 5129 μισθὺν
2524 5056 2710 5121 αὐτοις
2763 5058 3209 5130 παρασχόμενος,
3262 5059 3344 5122 είς
3401 5058 3758 5129 μακροτέραν

2176 5150 2344 5215 αὐτὸς
2365 5151 2642 5220 ἀπεδήμει
2671 5149 2881 5223 χώραν.

2247 5320 2327 5378 1".
2359 5321 2830 5395 Ἐμσραδύνοντος
2861 5322 2918 5378 δὲ
2941 5324 3039 5396 τὴν
3056 5324 3396 5395 ἀποδημίαν,
3427 5326 3463 5396 ἡ
3486 5325 3582 5379 τοῦ
3617 5325 3760 5380 Θεοῦ

2174 5408 2339 5482 δούλη
2392 5411 2659 5484 Βαρόάρα
2707 5411 2909 5484 κατῄει
2964 5413 3062 5468 τοῦ
3118 5415 3368 5487 πύργου,
3428 5416 3492 5469 τὸ
3525 5415 3761 5486 λουτρὸν

2174 5503 2324 5567 ὅπως
2354 5504 2558 5574 γίνοιτο
2585 5507 3033 5579 ἐπισκεψαμένη,
3079 5509 3176 5563 καὶ
3216 5510 3341 5565 δυσὶ
3382 5510 3762 5582 φωτιζόμενον

2177 5596 2358 5667 θυρίσι
2404 5597 2468 5651 τὸ
2533 5600 2672 5670 πρὸς
2740 5602 3092 5674 μεσημϐρίαν
3164 5604 3333 5675 μέρος
3415 5605 3761 5677 θεασαμένη,

2179 5688 2386 5759 μέμψιν
2409 5690 2589 5760 ἐπῆγε
2611 5694 2722 5756 τοῖς
2752 5696 3049 5765 τεχνίταις,
3091 5696 3257 5751 Ὂτου
3285 5698 3469 5770 χάριν,
3495 5699 3761 5766 λέγουσα,

2176 5784 2295 5845 ταῖς
2341 5779 2464 5835 δυσὶ
2507 5784 2690 5857 θυρίσι
2737 5786 2811 5856 μὴ
2856 5789 2953 5840 καὶ
3000 5789 3100 5859 τὴν
3144 5787 3336 5861 τρίτην
3383 5789 3757 5861 προσέθεσθε,
