4080 6374
270 327 384 388 305

1411 321 1516 381 MA
1526 316 1888 380 RTYRIUM
1929 317 1988 380 S.
2039 321 2282 384 BARBA
2295 325 2436 386 ΠΕ.

3439 321 3543 384 306

271 441 526 503 πλείονος
581 437 729 493 οῦτω
771 439 870 508 τῆς
924 437 1275 507 φωταυγείας
1317 437 1460 506 μετὰ
1502 438 1595 491 καὶ
1632 437 1729 490 τοῦ
1767 435 1857 490 εύ-

1961 440 2064 496 bus
2093 441 2348 498 fenestris
2377 441 2590 498 tertiam
2617 459 2726 497 non
2759 441 3060 512 adjecistis,
3097 454 3220 495 cum
3245 439 3322 494 sic
3348 449 3404 493 et
3427 454 3541 493 ma-

271 532 525 603 πρεποῦς
556 531 874 603 ἐγγίνεσθαι
907 532 1216 602 δυναμένης
1246 548 1261 596 ;
1296 532 1419 586 Τῶν
1449 531 1506 586 δὲ
1527 572 1542 595 ,
1585 530 1728 584 ’Υπδ
1763 530 1856 583 τδν

269 627 492 695 πατέρα
516 626 609 677 τὸν
645 625 734 677 σὺν
765 624 1042 688 ἐπιτάξαι,
1078 625 1363 693 φαμένων,
1398 624 1430 694 ἡ
1475 623 1740 694 Βαρϐἀρα
1761 622 1858 676 καὶ

268 721 372 788 τὴν
426 719 623 790 ἑτέραν
674 719 858 781 αὐτοῖς
910 716 1224 788 ίσχυρίζετο
1279 717 1622 788 προσθεῖναι.
1677 716 1764 777 Ὠς
1798 715 1857 768 δὲ

268 812 487 866 ὤκνουν
521 813 675 866 αὐτοὶ
700 812 796 883 τὴν
824 811 1170 882 προσθήκην,
1207 812 1304 866 τοῦ
1335 813 1545 882 πατρὶς
1563 813 1654 864 τὸν
1690 809 1856 880 φόϐον

268 905 580 972 ἀπολογίαν
630 905 824 974 ὥσπερ
877 905 1242 975 εὐπρόσωπον
1301 906 1770 976 προϐαλλόμενοι,
1820 905 1854 975 ἡ

273 996 530 1064 μακαρία
566 997 696 1060 τοὺς
742 999 896 1067 τρεῖς
948 998 1067 1068 ἅμα
1106 1001 1214 1052 τῶν
1257 997 1541 1052 δακτύλων
1584 998 1855 1068 παραδει-

271 1084 472 1148 κνῦσα,
536 1088 647 1150 Τὰς
705 1091 875 1158 τρεῖς,
934 1088 1061 1160 ἔφη,
1106 1090 1206 1153 τὰς
1259 1093 1411 1158 τρεῖς
1465 1090 1692 1160 θυρίδας
1727 1091 1856 1160 ὑμῖν

270 1180 780 1235 κατασκευαστέον.
854 1178 922 1232 Εἴ
967 1199 1020 1235 τι
1071 1181 1127 1235 δὲ
1202 1183 1344 1252 ὑπὲρ
1403 1182 1593 1236 τούτου
1659 1183 1855 1252 δυσχε-

272 1271 454 1341 ραίνοι
482 1273 550 1326 ἄν
580 1274 608 1327 6
634 1275 840 1344 πατὴρ,
871 1275 1010 1344 αύτὴ
1048 1276 1138 1328 τὸν
1171 1275 1330 1343 λόγον
1362 1276 1562 1345 ὑφέξω.
1599 1276 1856 1330 Εἴκουσιν

270 1367 319 1418 οί
352 1368 598 1434 τεχνῖται
643 1366 740 1420 καὶ
791 1366 1060 1436 πληροῦσι
1110 1369 1172 1421 τὸ
1221 1368 1540 1422 κελευσθέν.
1587 1369 1673 1433 Ὠς
1703 1367 1796 1423 οὖν
1828 1373 1856 1424 6

270 1455 368 1508 τεῦ
405 1455 638 1526 λουτροῦ
686 1459 830 1522 ἄπας
875 1459 1083 1529 κόσμος
1131 1459 1474 1529 ἐξείργαστο,
1521 1463 1856 1531 πυκνότερον

270 1549 306 1616 ἠ
342 1549 480 1613 ἁγία
523 1549 964 1620 παραϐάλλουσα
1018 1552 1158 1620 πρὸς
1201 1552 1301 1620 τὴν
1353 1552 1503 1617 θέαν,
1537 1553 1656 1606 ἐπεὶ
1691 1555 1784 1606 καὶ
1822 1555 1855 1624 ἡ

271 1641 474 1709 καρδία
525 1641 734 1711 ταύτης
776 1644 841 1712 τῇ
884 1641 980 1696 τοῦ
1028 1645 1235 1712 ἀγαθοῦ
1291 1644 1616 1714 Πνεύματος
1669 1646 1856 1716 χάριτι

271 1734 509 1803 κάτοχος
538 1729 628 1804 ἦν,
657 1735 842 1790 πίστει
881 1754 941 1790 τε
983 1739 1049 1808 τῇ
1080 1738 1220 1808 πρὸς
1247 1739 1336 1791 τὸν
1365 1739 1602 1808 Χριστὸν
1631 1741 1857 1812 παρρη-

273 1824 396 1888 σίας
428 1828 815 1898 ἐμπέπληστο,
859 1830 993 1901 πρὸς
1025 1830 1106 1901 τῷ
1140 1831 1400 1903 κολύμϐῳ
1425 1835 1617 1898 στᾶσα,
1646 1834 1740 1888 καὶ
1775 1837 1856 1898 είς

271 1919 542 1982 ἀνατολὰς
593 1921 860 1990 βλέψασα,
908 1925 1022 1987 τοῖς
1067 1927 1127 1976 ἐν
1173 1924 1328 1994 αύτῷ
1373 1928 1690 1997 μαρμάροις
1764 1927 1858 1982 τὸν

275 2010 420 2062 θεῖον
455 2011 552 2064 τοῦ
602 2012 842 2083 σταυροῦ
890 2015 1061 2068 τύπον
1112 2015 1403 2087 διεχάραξε
1454 2017 1532 2088 τῷ
1579 2018 1852 2091 δακτύλῳ.

274 2105 370 2156 καὶ
415 2104 508 2157 ἵνα
565 2106 659 2158 καὶ
718 2109 834 2170 τοῖς
891 2107 1192 2176 μετέπειτα
1247 2110 1308 2163 τδ
1355 2110 1650 2180 γενόμενον
1698 2111 1859 2167 τοῦτο

273 2197 561 2268 γνώριμον
591 2194 648 2271 ᾖ,
683 2201 780 2253 καὶ
814 2201 847 2270 ή
877 2201 976 2253 τοῦ
1009 2201 1250 2272 Χριστοῦ
1301 2201 1648 2272 κηρύττηται
1695 2202 1861 2259 δύνα-

277 2308 394 2359 μις,
446 2295 476 2344 6
523 2292 855 2363 σημειωθεὶς
909 2293 1161 2364 δακτύλῳ
1211 2293 1306 2347 τοῦ
1373 2296 1611 2366 σταυροῦ
1644 2296 1854 2361 τύπος,

277 2379 366 2437 οἷα
403 2384 615 2455 σιδήρῳ
644 2385 1007 2454 ἐγκολαφθεὶς
1034 2427 1049 2449 ,
1081 2386 1214 2457 ἄχρι
1236 2387 1340 2457 τῆς
1368 2387 1530 2460 δεῦρο
1556 2388 1855 2456 δείκνυται,

274 2477 352 2544 τῷ
390 2479 673 2549 μαρμάρῳ
706 2479 1170 2549 σεσημασμένας,
1204 2480 1306 2534 οὐκ
1337 2483 1418 2544 είς
1465 2481 1654 2552 θαῦμα
1696 2482 1858 2552 μόνον

277 2569 489 2634 ἁπλῶς,
522 2570 662 2625 ἀλλὰ
695 2572 789 2624 καὶ
828 2573 910 2634 είς
969 2573 1196 2641 μείζονα
1242 2573 1430 2627 πίστιν
1480 2575 1695 2642 ἐνάγων
1727 2575 1856 2640 τοὺς

277 2661 617 2730 θεωμένους.
667 2663 744 2715 Οὐ
785 2663 892 2732 μὴν
925 2664 1062 2718 ἀλλὰ
1105 2664 1197 2718 καί
1237 2665 1371 2718 αὐτὸ
1422 2667 1584 2737 μέχρι
1621 2667 1718 2720 καὶ
1755 2671 1851 2720 νῦν

273 2749 335 2802 τὸ
386 2750 615 2822 λουτρὸν
670 2753 1023 2818 διασώζεται,
1083 2755 1226 2826 ἴαμα
1265 2756 1468 2820 παντὸς
1501 2757 1714 2821 πάθους
1741 2762 1858 2822 τοῖς

275 2843 652 2914 φιλοχρίστοις
702 2847 1015 2915 γινόμενον,
1062 2849 1202 2915 ὅπερ
1232 2847 1397 2914 εἴτις
1434 2852 1548 2911 τοῖς
1588 2851 1857 2918 Ἰορδάνου

279 2938 549 3006 ῥείθροις,
590 2937 622 3007 ἦ
652 2941 718 3008 τῇ
753 2939 845 2992 τοῦ
879 2940 1086 3009 Σιλοὰμ
1120 2943 1311 3010 πηγῇ,
1347 2941 1378 3012 ἢ
1414 2943 1509 2995 καὶ
1541 2945 1608 3014 τῇ
1646 2944 1857 3014 προϐα-

1953 534 2045 604 jus
2074 532 2260 587 lumen
2286 545 2471 602 posset
2495 533 2692 601 accipi,
2743 542 2800 588 et
2832 532 2882 587 id
2921 533 3081 587 simul
3108 542 3255 587 esset
3285 531 3532 585 futurum

1957 625 2265 696 elegantius
2291 634 2347 681 et
2375 627 2545 697 magis
2573 627 2876 681 decorum?
2902 626 3037 682 Cum
3082 627 3118 681 ii
3152 635 3336 679 autem
3369 623 3542 679 dixis-

1957 726 2100 782 sent,
2137 718 2300 772 Pater
2345 725 2472 772 tuus
2523 718 2602 773 sic
2643 719 2850 787 jussit:
2899 717 3139 772 instabat
3170 716 3428 776 Barbara.
3479 723 3540 770 ut

1959 804 2121 858 aliam
2171 804 2495 874 adjicerent.
2530 805 2668 861 Cum
2709 807 2746 861 ii
2782 823 2912 861 vero
2941 808 3169 864 alteram
3215 821 3538 862 vererentur

1959 897 2185 960 addere,
2223 899 2394 968 patris
2427 909 2635 953 metum
2669 900 3006 955 adducentes
3055 908 3314 970 tanquam
3366 901 3539 956 Itone-

1958 1001 2096 1046 stam
2115 992 2549 1055 excusationem,
2567 992 2726 1047 beata
2740 992 3160 1058 Barbara.Tres,
3177 994 3340 1047 simul
3363 1003 3544 1048 osten-

1959 1083 2239 1140 denscum
2273 1085 2477 1156 digitis,
2514 1086 2686 1151 vobis,
2723 1086 2925 1156 inquit,
2997 1097 3134 1153 tres,
3165 1094 3292 1141 sunt
3331 1085 3539 1142 consti-

1961 1177 2178 1232 tuendae
2209 1177 2482 1234 fenestrae.
2519 1178 2575 1233 Si
2630 1188 2784 1248 pater
2816 1190 2997 1235 autem
3031 1196 3175 1251 aegre
3211 1179 3373 1240 ferat,
3423 1179 3542 1248 ipsa

1960 1268 2187 1323 reddam
2222 1271 2512 1326 rationem.
2550 1269 2767 1326 Cedunt
2821 1272 3081 1338 artiﬁces,
3132 1282 3188 1329 et
3220 1271 3449 1341 implent
3484 1271 3539 1326 id

1960 1361 2104 1430 quod
2157 1361 2239 1416 eis
2287 1362 2615 1432 imperatum
2669 1364 2868 1420 fuerat.
2906 1365 3203 1434 Postquam
3253 1379 3386 1418 vero
3436 1362 3543 1419 fuit

1959 1459 2220 1513 effectum
2264 1469 2436 1514 totum
2471 1460 2670 1515 lavacri
2718 1471 3122 1526 ornamentum,
3153 1460 3354 1529 saepius
3379 1475 3541 1515 acoe-

1961 1549 2100 1605 dens
2130 1562 2319 1606 sancta
2368 1551 2435 1606 ad
2484 1553 2536 1606 id
2589 1554 3094 1622 contemplandum,
3136 1552 3396 1622 quoniam
3442 1565 3541 1606 cor

1958 1643 2080 1710 ejus
2102 1643 2416 1713 possidebat
2440 1645 2611 1699 divini
2631 1646 2870 1716 Spiritus
2886 1646 3138 1718 gratiam,
3168 1653 3222 1699 et
3255 1660 3350 1712 per
3373 1643 3536 1698 fidem

1965 1736 2249 1800 impletum
2307 1748 2430 1793 erat
2452 1737 2650 1792 fiducia
2679 1739 2734 1793 in
2768 1737 3072 1802 Christum,
3105 1747 3258 1792 stans
3282 1736 3350 1789 ad
3375 1734 3541 1805 pisci-

1961 1844 2111 1892 nam,
2157 1837 2216 1883 et
2239 1829 2510 1898 aspiciens
2553 1831 2621 1884 ad
2657 1830 2950 1896 orientem,
2994 1831 3082 1893 iis,
3117 1845 3244 1900 quae
3289 1840 3451 1884 erant
3483 1829 3536 1884 in

1961 1921 2098 1990 ipsa,
2145 1922 2514 1978 marmoribus
2542 1923 2720 1992 digito
2765 1923 3044 1993 impressit
3081 1923 3308 1994 ﬁguram
3337 1922 3540 1977 divinas

1957 2012 2180 2068 erucis:
2209 2023 2264 2068 et
2294 2023 2355 2069 ut
2374 2015 2608 2084 posteris
2638 2030 2858 2086 quoque
2883 2023 3072 2069 notum
3105 2021 3252 2070 esset
3285 2012 3360 2074 id,
3388 2010 3533 2081 quod

1959 2106 2164 2162 factum
2193 2105 2400 2173 fuerat,
2425 2117 2483 2163 et
2515 2107 2724 2163 Christi
2759 2108 2934 2162 virtus
2960 2104 3376 2176 praedicaretur,
3404 2117 3533 2156 cru-

1957 2200 2040 2254 cis
2075 2200 2268 2270 figura,
2301 2216 2423 2269 quae
2453 2200 2626 2270 digito
2671 2208 2793 2254 erat
2828 2199 3060 2268 signata,
3097 2207 3357 2266 tanquam
3387 2192 3535 2248 ferro

1958 2295 2253 2365 insculpta,
2281 2294 2336 2348 in
2367 2294 2694 2349 hodiernum
2725 2306 2898 2362 usque
2941 2290 3089 2345 diem
3115 2289 3324 2358 signata
3353 2295 3538 2340 osten«

1958 2387 2114 2443 ditur
2144 2387 2199 2441 in
2229 2400 2526 2449 marmore,
2554 2401 2664 2440 non
2691 2384 2757 2439 ad
2785 2392 2970 2440 tactus
3008 2384 3184 2438 solum
3215 2378 3538 2435 admiratio-

1960 2499 2111 2550 nem,
2142 2484 2238 2538 sed
2263 2484 2428 2539 etiam
2452 2482 2518 2537 ad
2552 2483 2812 2553 majorem
2834 2479 2996 2535 ﬁdem
3025 2478 3309 2534 adducens
3335 2482 3544 2544 specta~

1959 2588 2131 2634 tores.
2168 2579 2365 2634 Verum
2400 2577 2548 2633 enim
2579 2592 2712 2632 vero
2739 2576 2793 2630 in
2824 2575 3154 2630 hodiernum
3193 2587 3365 2642 usque
3391 2570 3539 2626 diem

1963 2673 2069 2728 boc
2115 2686 2336 2742 quoque
2377 2672 2654 2725 lavacrum
2696 2676 3072 2730 conservatur,
3125 2666 3272 2738 quod
3323 2666 3410 2728 iis,
3443 2665 3538 2734 qui

1957 2772 2090 2820 sunt.
2109 2763 2314 2819 Christi
2345 2772 2612 2825 amantes,
2649 2771 2807 2816 curat
2830 2775 3049 2815 omnem
3077 2760 3348 2814 dolorem.
3374 2758 3532 2825 Quod

1958 2857 2184 2929 quidem
2216 2857 2260 2911 si
2294 2856 2417 2926 quis
2447 2855 2582 2910 velit
2604 2868 2926 2922 comparare
2959 2868 3084 2906 cum
3136 2851 3359 2906 ﬂuentis
3414 2849 3537 2904 Jut‘v

1960 2948 2138 3009 danis,
2169 2957 2262 3002 aut
2298 2962 2419 3000 cum
2453 2945 2602 2999 fonte
2627 2945 2796 3007 Siloe,
2837 2953 2932 2998 aut
2959 2943 3128 2997 etiam
3165 2957 3289 2996 cum
3320 2941 3535 3008 piscina

279 3035 412 3102 τικῇ
472 3032 837 3103 κολυμϐήθρᾳ
882 3034 1224 3103 παραϐαλεῖν
1260 3036 1597 3104 ἐθελήσειεν,
1639 3037 1740 3090 ούκ
1787 3037 1856 3090 ἂν

1961 3039 2269 3102 Probatica,
2301 3053 2330 3092 a
2362 3037 2594 3092 veritate
2643 3036 2872 3091 minime
2921 3035 3283 3090 aberraverit.
3317 3032 3536 3087 Etenim

271 3124 520 3190 ἁμάρτοι
552 3124 649 3192 τῆς
681 3124 965 3194 ἀληθείας.
1012 3126 1124 3178 Καὶ
1164 3125 1236 3178 δι’
1278 3127 1490 3180 ἐκείνου
1520 3129 1628 3196 γὰρ
1658 3127 1858 3198 ὁμοίως

271 3219 302 3288 η
338 3216 439 3269 τοῦ
483 3217 725 3288 Χριστοῦ
764 3217 998 3286 δύναμις
1032 3217 1208 3272 πολλὰ
1254 3219 1365 3272 τῶν
1401 3219 1720 3290 παραδόξων
1753 3221 1859 3274 διε-

268 3308 549 3376 νεργοῦσα
579 3309 880 3364 δείκνυται.
916 3312 1015 3364 Διὰ
1047 3311 1241 3365 τούτου
1273 3312 1403 3366 ποτὲ
1441 3312 1541 3366 τοῦ
1573 3313 1795 3383 λουτροῦ
1823 3316 1856 3384 η

275 3401 498 3470 μάρτυς
533 3402 922 3472 παρερχομένη
957 3403 1048 3456 τὴν
1081 3404 1363 3474 ὀφθαλμόν
1394 3422 1451 3458 τε
1478 3407 1590 3467 τοῖς
1619 3405 1860 3471 εἰδώλοις

229 3538 234 3542 .
271 3491 638 3556 ἐπιϐαλοῦσα,
664 3493 700 3546 ἂ
733 3493 810 3563 τῷ
842 3493 1010 3562 πατρὶ
1035 3493 1238 3558 ταύτης
1271 3495 1562 3563 ἐτιμῶντο,
1617 3496 1713 3550 καὶ
1744 3497 1858 3550 θεοὶ

273 3584 466 3647 κακῶς
517 3584 855 3654 ἐνομίζοντο,
906 3585 1090 3654 ἀηδῶς
1143 3585 1244 3654 μὲν
1293 3588 1496 3656 ἤνεγκε
1567 3589 1706 3659 πρὸς
1759 3590 1860 3660 τὴν

275 3678 440 3745 ὄψιν,
477 3675 617 3746 βαρὺ
653 3678 708 3730 δὲ
747 3680 840 3730 καὶ
872 3679 972 3747 τῆς
1015 3679 1349 3746 ἀναισθήτου
1399 3681 1860 3746 καταστενάεασα

273 3770 372 3823 τοῦ
424 3771 724 3837 σεϐομένου
753 3769 928 3823 ταῦτα
963 3771 1149 3840 ψυχῆς
1175 3810 1190 3834 ,
1225 3766 1347 3824 εἶτα
1379 3772 1474 3826 καὶ
1508 3773 1590 3835 είς
1619 3773 1686 3827 τὰ
1716 3775 1862 3828 ἐκεί.

273 3881 384 3917 νων
443 3863 676 3932 ἐμπτύει
746 3865 1033 3932 πρίσωπα,
1087 3863 1431 3918 ἐπειποῦσαο
1494 3865 1708 3934 Ὅμοιοι
1731 3867 1860 3936 ὑμῖν

277 3960 528 4025 γένοιντο
557 3956 609 4009 o'.
657 3957 1101 4026 προσκυνοῦντες
1148 3958 1315 4026 ὑμᾶς,
1355 3959 1452 4011 καὶ
1506 3959 1708 4022 πάντες
1743 3959 1858 4012 ὅσοι

276 4052 342 4121 δὴ
379 4051 639 4120 βοηθείας
693 4051 798 4119 τῆς
831 4049 966 4122 παρ’
1027 4049 1183 4120 ὑμῶν
1225 4051 1463 4104 δέονται.
1512 4050 1697 4115 Οὕτως
1731 4052 1858 4121 ἐφη,

277 4147 373 4198 καὶ
426 4146 505 4208 είς
549 4145 642 4198 τὸν
689 4147 899 4213 πύργον
948 4143 1107 4206 αὖθις
1160 4144 1486 4211 ἀνελθοῦσα,
1529 4150 1858 4216 προσευχαῖς

277 4236 539 4305 ἐσχόλαζε
566 4238 660 4289 καὶ
689 4235 996 4304 νηστείαις,
1027 4236 1157 4306 ὅλην
1183 4253 1246 4290 τε
1271 4235 1472 4307 ἑαυτὴν
1504 4223 1615 4289 τῶν
1635 4238 1860 4306 ἀγαθῶν

274 4329 482 4398 ἐξήρτα
508 4328 619 4380 τῶν
649 4326 942 4398 οὐρανίων.

346 4421 423 4476 A'.
456 4421 533 4475 Ού
589 4420 729 4474 πολὺ
789 4419 852 4474 τὺ
906 4423 966 4473 ἐν
1020 4419 1193 4492 μέσῳ,
1249 4422 1344 4474 καὶ
1393 4423 1421 4475 ὁ
1487 4423 1676 4493 πατὴρ
1754 4423 1934 4493 ἤδηυ

272 4518 483 4585 ταύτης
511 4513 858 4574 ἐπανελθὼν,
891 4514 961 4568 τὰ
992 4515 1052 4568 ἐν
1075 4514 1152 4584 τῷ
1192 4515 1326 4586 οἴκῳ
1372 4533 1431 4568 τε
1473 4515 1651 4570 πάντα
1690 4533 1850 4586 περι-

274 4605 522 4669 σκοπῶν,
544 4605 671 4657 ἐπεὶ⁵
698 4607 794 4656 καὶ
839 4601 914 4672 τῷ
945 4603 1160 4673 λουτρῷ
1187 4604 1282 4672 τὴν
1311 4603 1436 4674 ὄψιν
1475 4604 1852 4672 ἐπιϐεϐλήκει,

271 4699 619 4768 θεασάμενος
650 4695 788 4766 πρὸς
817 4697 936 4757 ταῖς
963 4696 1088 4748 δυσὶ
1119 4696 1301 4764 θυρίσι
1342 4695 1436 4748 καὶ
1464 4695 1654 4766 τρίτην
1679 4694 1856 4765 ἐξειρ-

268 4794 585 4861 γασμένην,
623 4789 978 4854 ἐπυνθάνετο,
1025 4789 1142 4852 πῶς
1186 4789 1294 4858 ἄρα
1347 4787 1508 4841 τοῦτο
1549 4790 1703 4858 παρὰ
1757 4787 1856 4857 τὴν

268 4881 446 4936 αὑτοῦ
473 4879 724 4944 διάταξιν
755 4878 990 4947 γένοιτο.
1031 4877 1119 4939 Ὠς
1164 4877 1224 4930 δὲ
1257 4877 1456 4930 ἐκείνοι
1507 4879 1573 4947 τῇ
1623 4875 1858 4948 θυγατρὶ

269 4972 660 5043 παρέπεμψαν
693 4971 793 5040 τὴν
822 4969 1202 5039 καινοτομίαν,
1233 4967 1727 5037 μεταστειλάμενος
1760 4969 1858 5020 αύ-

264 5068 372 5136 τὴν
409 5065 693 5133 ἀνηρώτα.
741 5061 808 5116 Ἦ
834 5062 891 5115 δὲ
923 5063 1024 5131 οὐχ
1048 5063 1200 5124 ὅπως
1229 5059 1458 5129 ἔξαρνος
1487 5056 1574 5131 ἦν,
1607 5062 1742 5113 ἀλλὰ
1765 5062 1857 5114 καὶ

263 5162 354 5213 δτι
398 5157 574 5220 οὕτως
606 5157 716 5210 ἔδει
754 5157 1094 5226 πραχθῇναι,
1121 5154 1302 5217 καλῶς
1335 5155 1513 5217 καλῶς
1541 5154 1859 5225 πέπρακται

263 5248 592 5301 διετείνετο.
650 5247 764 5299 Καὶ
814 5247 896 5310 ὃς,
957 5249 1095 5318 πρός
1143 5249 1317 5321 ὀργὴν
1373 5251 1538 5313 εὐθὺς
1577 5251 1848 5318 κινηθείς,

266 5341 384 5394 Καὶ
416 5341 543 5408 λέγε
580 5357 691 5408 μοι,
722 5341 851 5411 ἔφη,
879 5341 971 5394 τὸν
1001 5343 1222 5414 τρόπον,
1251 5345 1346 5396 καὶ
1379 5344 1528 5414 παρὰ
1560 5343 1612 5396 τί
1641 5344 1854 5413 βέλτιον

259 5435 453 5497 οὓτως
513 5435 680 5504 ἔχειν.
745 5435 808 5488 'll
855 5437 911 5489 δὲ
965 5438 1095 5505 παρ’
1149 5436 1177 5489 ὃ
1215 5437 1351 5491 πολὺ
1419 5437 1701 5508 διαφέρειν
1748 5438 1858 5491 τῶν

260 5529 361 5581 δύο
395 5526 496 5588 τὰς
527 5531 680 5596 τρεῖς
710 5527 921 5596 ἔλεγεν.
967 5529 1034 5582 Δί
1091 5529 1200 5600 γὰρ
1238 5531 1409 5602 τρεῖς,
1441 5529 1544 5600 ἐφη
1569 5571 1584 5596 ,
1639 5530 1858 5602 θυρίδες

260 5619 577 5689 φωτίζουσι
642 5619 824 5673 πάντα
883 5621 1174 5692 ἄνθρωπον
1242 5621 1538 5692 ἐρχόμενον
1605 5621 1686 5684 είς
1763 5623 1854 5676 τὸν

340 5803 359 5833 ’
399 5802 541 5855 Psal.
576 5817 730 5869 um,
757 5803 810 5856 ὃ.

1962 3144 2061 3201 per
2089 3129 2222 3184 illud
2277 3128 2532 3183 similiter
2559 3113 2764 3182 Cliristi
2815 3127 2994 3181 virtus
3022 3123 3334 3180 ostenditur
3365 3123 3539 3178 multa

1962 3223 2176 3277 edicere
2201 3220 2562 3276 admirabilia.
2601 3220 2703 3274 [‘er
2737 3219 2843 3273 hoc
2863 3234 2997 3289 ergo
3029 3218 3304 3272 lavacrum
3334 3225 3542 3287 martyr

1963 3314 2258 3383 aliquando
2305 3314 2605 3375 transiens,
2658 3327 2782 3366 eum
2831 3311 2884 3366 in
2931 3311 3227 3364 simulacra
3262 3309 3544 3377 iniecisset

1963 3407 2171 3468 oculos.
2204 3421 2324 3474 qua:
2353 3405 2422 3460 ab
2452 3405 2573 3475 ejus
2605 3412 2758 3474 patre
2807 3403 3152 3466 colebantur,
3199 3415 3256 3458 et
3291 3401 3366 3456 dii
3403 3401 3542 3456 male

1963 3499 2446 3564 existimabantur,
2478 3514 2665 3554 eorum
2700 3497 2922 3568 quidem
2955 3505 3237 3568 aspectum
3281 3511 3424 3566 aegre
3457 3505 3544 3550 tu-

1963 3591 2048 3658 lit,
2095 3593 2278 3662 gravia
2316 3600 2498 3646 autem
2535 3591 2708 3647 edens
2735 3590 2972 3659 suspiria
3013 3599 3239 3659 propter
3268 3590 3407 3659 ejus,
3441 3589 3538 3658 qui

1961 3699 2025 3738 ea
2073 3683 2306 3746 colebat,
2338 3685 2574 3738 animam
2613 3684 2770 3756 plane
2818 3684 2970 3738 nullo
3021 3698 3184 3738 sensu
3233 3682 3537 3751 praeditam,

1963 3775 2164 3831 deinde
2190 3776 2405 3830 illorum
2431 3792 2653 3847 quoque
2684 3778 2867 3833 vultus
2893 3776 3168 3845 con5pttit,
3199 3775 3391 3830 dicens
3415 3792 3428 3826 :
3457 3773 3542 3830 Si-

1962 3869 2123 3924 miles
2169 3869 2324 3924 vobis
2354 3869 2504 3934 fiant,
2559 3872 2651 3938 qui
2706 3885 2804 3924 vos
2834 3869 3082 3932 adorant,
3137 3877 3194 3923 et
3227 3882 3416 3921 omnes
3447 3868 3539 3937 qui

1963 3969 2148 4014 vestro
2175 3958 2420 4028 indigent
2457 3956 2666 4011 auxilio
2695 3957 2733 4010 '.
2772 3956 2863 4011 Sic
2888 3955 3048 4018 dixit,
3077 3963 3135 4008 et
3165 3968 3292 4007 cum
3331 3952 3387 4006 lu
3418 3961 3538 4006 tur-

1964 4067 2079 4106 rem
2115 4066 2309 4105 rursus
2344 4049 2619 4113 rediisset,
2655 4048 2997 4102 orationibus
3039 4045 3268 4101 vacabat
3297 4055 3358 4099 et
3394 4043 3537 4114 jeju-

1963 4142 2087 4203 niis,
2120 4151 2174 4197 et
2211 4150 2318 4196 tota
2349 4140 2697 4209 dependebat
2727 4157 2757 4196 a
2794 4141 2952 4195 bonis
2982 4140 3320 4196 coelestibus.

2033 4415 2121 4472 IV.
2146 4416 2264 4471 Non
2288 4416 2519 4470 multum
2543 4417 2808 4486 temporis
2830 4414 3236 4477 intercessit,et
3255 4416 3366 4483 jam
3385 4426 3540 4486 pater

1963 4509 2027 4562 a:l
2047 4524 2166 4563 eam
2197 4522 2474 4568 reversus,
2496 4516 2553 4564 et
2575 4523 2911 4577 quaecunque
2928 4514 3090 4563 erant
3116 4505 3528 4562 domieoaside-

1966 4615 2114 4661 rans.
2141 4609 2427 4670 postquam
2454 4599 2507 4652 in
2525 4599 2803 4654 lavacrum
2835 4597 3024 4668 injecit
3047 4598 3260 4659 oculos,
3293 4598 3405 4652 visa
3431 4605 3532 4653 ter-

1965 4695 2056 4756 tia.
2085 4710 2206 4764 qua:
2236 4693 2456 4748 duabus
2477 4691 2687 4761 adjecta
2713 4700 2854 4754 erat,
2883 4690 3146 4755 fenestra,
3174 4691 3384 4760 rogavit
3403 4705 3533 4760 quo-

1963 4804 2088 4843 nam
2120 4787 2282 4842 modo
2317 4788 2422 4843 hoc
2455 4787 2656 4841 factum
2689 4785 2885 4840 fuisset
2915 4795 3114 4854 praeter
3155 4785 3275 4852 ejus
3299 4784 3535 4849 (iussum.

1963 4881 2099 4938 Cum
2128 4890 2309 4935 autem
2350 4879 2428 4934 ilti
2454 4879 2504 4934 ei
2532 4878 2934 4949 exposuissent,
2976 4893 3098 4948 qua:
3126 4877 3437 4930 innovasset
3468 4873 3533 4928 η.

1964 4978 2060 5038 lia,
2097 4993 2216 5031 eam
2253 4975 2505 5031 accersiit
2537 4984 2586 5030 et
2620 4974 2855 5042 rogavit.
2887 4973 2979 5029 Illa
3026 4988 3156 5028 vero
3197 4971 3349 5026 nullo
3372 4971 3540 5027 mode

1963 5070 2203 5140 negavit,
2249 5067 2354 5122 sed
2374 5068 2511 5122 dixit
2530 5078 2785 5136 oportere
2813 5068 2893 5122 sic
2919 5065 3057 5131 fieri,
3083 5075 3137 5121 et
3160 5073 3306 5121 recte
3333 5063 3522 5119 facturr

1962 5177 2081 5218 esse
2109 5161 2466 5218 asseveravit.
2521 5160 2614 5216 Ille
2655 5175 2783 5214 vero
2828 5161 3012 5215 statim
3040 5171 3222 5214 motus
3251 5159 3317 5213 ad
3345 5158 3481 5212 iram
3521 5174 3535 5211 ι

1963 5253 2061 5308 Dic
2085 5254 2238 5316 mihi,
2267 5252 2464 5322 inquit,
2497 5251 2772 5322 quomodo
2805 5259 2858 5305 et
2879 5265 3113 5320 quanam
3143 5249 3350 5302 ratione
3382 5247 3452 5300 ita
3475 5261 3536 5301 sa

1964 5343 2131 5398 habet
2165 5343 2397 5399 melius?
2425 5343 2520 5398 Illa
2570 5353 2751 5396 autem
2784 5360 2796 5395 :
2845 5343 3146 5408 Quatenus,
3189 5339 3385 5408 inquit,
3422 5347 3534 5392 tres

1964 5435 2196 5489 multum
2240 5434 2503 5489 diﬂ‘erunt
2543 5450 2572 5488 a
2599 5433 2838 5487 duobus.
2888 5433 3021 5486 Nam
3064 5442 3194 5495 tres.
3229 5432 3424 5501 inquit,
3454 5431 3533 5486 fe.

1965 5536 2162 5582 nostra:
2210 5526 2518 5579 illuminant
2564 5539 2782 5579 omnem
2825 5524 3100 5578 hominem
3139 5525 3445 5580 venientem
3473 5522 3530 5577 in

1967 5623 2112 5676 hunc
2145 5619 2429 5674 mundum.
2465 5621 2576 5676 Hoc
2601 5635 2730 5675 vero
2759 5619 2895 5675 dixit
2926 5619 3171 5686 omnino,
3193 5629 3391 5675 sancta:
3413 5617 3535 5674 Tri-
