4072 6390
525 372 627 433 ξιιη
1748 368 2033 430 MENSIS
2072 359 2504 429 DECEMBER.
3666 364 3774 429 303

526 490 712 545 nitatis
759 487 1072 560 signiﬁcans
1124 487 1485 557 maiestatem.
1526 485 1729 542 Deinde
1775 486 1935 542 Pater
1963 496 2092 540 con-

2200 483 2422 553 κόσμονο
2447 481 2603 536 τοῦτο
2632 483 2688 537 δὲ
2720 476 2841 536 εἷπε
2868 482 3087 546 πάντως
3104 484 3205 555 τὴν
3226 487 3324 557 τῆς
3355 482 3521 555 ἁγίας
3540 484 3772 555 Τριὰδος

525 581 778 634 turbatus
821 577 1066 633 novitate
1097 577 1369 634 sermonis
1416 578 1577 649 plane
1611 575 1936 639 admiratus,
1967 590 2091 629 cum

2200 574 2585 646 παραδηλοῦσα
2611 576 3034 648 μεγαλειότητα.
3062 574 3196 631 Εἶτα
3228 577 3367 647 πρὸς
3394 575 3455 629 τὸ
3493 575 3589 629 τοῦ
3609 575 3770 645 λόγου

520 684 644 725 eam
678 684 926 724 seorsum
958 668 1369 738 assumpsisset,
1417 675 1473 725 et
1523 667 1764 723 venisset
1793 665 1864 721 ad
1916 666 2091 736 ipsam

2200 667 2410 736 ξενικὸν
2460 670 2554 723 καὶ
2604 669 2874 738 ἀσύνηθες
2925 671 2954 723 δ
3007 669 3198 740 πατὴρ
3239 667 3628 739 διαταραχθεὶς
3665 667 3775 740 ἰδία

521 762 727 818 lavacri
780 761 1086 832 piscinam:
1126 760 1375 829 Quonam
1424 761 1610 823 modo,
1656 759 1854 831 inquit,
1904 759 2092 814 iumen

520 855 690 909 trium
748 853 1113 909 fenestrarum
1173 853 1448 909 illuminat
1509 866 1728 908 omnem
1775 849 2095 907 hominem?

521 948 616 1003 llla
641 956 848 1012 autem,
879 946 1135 1011 Attende,
1190 946 1390 1017 inquit,
1427 952 1604 1016 pater,
1649 956 1706 1001 et
1740 943 2011 1013 intelliges
2036 942 2090 997 id

524 1039 680 1110 quod
716 1038 925 1095 dictum
967 1045 1074 1102 est,
1098 1047 1153 1094 et
1180 1037 1344 1093 simul
1369 1036 1420 1093 ei
1449 1036 1687 1092 ostendit
1722 1036 1937 1107 signum
1964 1050 2092 1090 cru-

522 1132 624 1188 cis.
653 1112 861 1185 Deinde
887 1127 1051 1184 etiam
1091 1128 1389 1184 ostendens
1432 1127 1660 1199 digitis:
1696 1125 1850 1191 Vide,
1890 1123 2090 1195 inquit,

525 1223 708 1285 Pater,
742 1218 933 1285 Filius,
968 1228 1024 1275 et
1050 1219 1291 1289 Spiritus
1315 1228 1557 1273 sanctus.
1587 1218 1668 1273 Ab
1705 1217 1806 1273 hac
1834 1217 1955 1272 luce
1977 1231 2097 1271 om—

523 1314 612 1368 nis
645 1321 826 1368 creata
857 1319 1055 1366 natura
1108 1310 1452 1366 illutninatur
1499 1310 1883 1382 intelligenter.
1938 1309 2113 1385 Hunc;

525 1403 715 1474 itaque
765 1417 956 1457 verum
1000 1415 1308 1457 sermonem
1344 1416 1470 1457 cum
1510 1403 1664 1458 malae
1690 1411 1747 1459 et
1771 1401 1837 1456 ad
1869 1400 2095 1456 menda-

525 1495 670 1551 cium
695 1495 1004 1551 exercitatre
1033 1508 1196 1550 aures
1236 1492 1461 1550 minime
1496 1494 1772 1558 tulissent,
1828 1494 1908 1549 ira
1939 1492 2095 1548 fuere

524 1585 781 1656 repleuit:
811 1592 868 1640 et
896 1591 1050 1655 pater
1079 1582 1285 1641 oblitus
1313 1598 1373 1639 se
1400 1597 1521 1638 esse
1562 1589 1794 1652 patrem.
1832 1590 2095 1653 tyrannus

524 1673 838 1744 properavit
865 1688 987 1729 esse
1047 1682 1102 1729 et
1141 1671 1442 1743 parricida,
1496 1681 1552 1726 et
1598 1670 1691 1742 qui
1727 1670 1998 1741 pendebat
2026 1670 2095 1725 ab

528 1766 794 1831 humeris,
820 1764 1015 1820 stricto
1037 1779 1168 1820 ense
1190 1773 1348 1835 pater
1379 1778 1668 1834 aggressus
1694 1772 1783 1819 est
1803 1777 1901 1819 sua
1929 1776 2095 1817 manu

2191 759 2398 830 ταύτην
2426 760 2809 832 ζπαραλαϐὼν,
2848 761 2957 815 ’καὶ
3021 762 3161 831 πρὸς
3204 759 3355 831 αύτῷ
3396 758 3473 829 τῷ
3511 759 3770 830 κολύμϐῳ

2194 852 2289 905 τοῦ
2349 851 2581 925 λουτροῦ
2626 854 2946 925 γενόμενος,
2988 853 3137 919 Πῶς,
3187 851 3317 923 ἔφη,
3361 851 3425 905 τδ
3464 849 3573 904 τῶν
3600 851 3770 923 τριῶν

2195 946 2427 1018 θυρίδων
2462 947 2579 1016 φῶς
2639 947 2841 1010 παντὸς
2868 944 3164 1016 ἀνθρώπου
3240 942 3583 1014 φωτιστικδν
3625 942 3772 1010 γίνε-

2193 1058 2319 1109 ται;
2360 1041 2427 1094 Ἦ
2459 1041 2537 1105 δὲ,
2594 1041 2897 1113 Πρόσσχες,
2944 1040 3077 1110 ἔφη,
3108 1039 3317 1108 Πάτερ,
3374 1037 3469 1090 καὶ
3515 1037 3770 1104 συνήσεις

2193 1134 2254 1187 τὸ
2282 1135 2592 1206 εἰρημένον.
2631 1134 2743 1189 Καὶ
2807 1135 2925 1205 ἅμα
2953 1132 3015 1186 τδ
3063 1131 3160 1185 τοῦ
3214 1129 3451 1202 σταυροῦ
3500 1126 3769 1198 ὑπεδήλου

2197 1229 2438 1295 ιινημεῖον⁸
2467 1224 2586 1280 εἶτα
2612 1227 2705 1280 καὶ
2732 1228 2843 1289 τοῖς
2867 1222 3151 1287 δακτύλοις
3174 1218 3564 1285 ὐπώεικνῦσα,
3598 1220 3768 1290 Ὀρα,

2195 1301 2324 1388 ἔφη,
2358 1316 2575 1389 Πατὴρ,
2612 1317 2741 1380 Υἱὸς
2794 1317 2888 1371 καὶ
2931 1316 2993 1368 τὸ
3048 1316 3205 1383 ἅγιον
3255 1311 3507 1380 Πνεῦμα·
3539 1309 3645 1363 ὑπὸ
3691 1309 3771 1380 τῷ

2196 1414 2339 1480 φωτὶ
2393 1411 2568 1481 τούτῳ
2619 1410 2800 1471 κτίσις
2850 1410 3002 1462 πᾶσα
3061 1406 3269 1480 νοερῶς
3324 1403 3768 1473 καταλάμπεται.

2196 1496 2400 1552 Τοῦτον
2444 1498 2555 1566 ἄρα
2608 1496 2700 1550 τὸν
2758 1495 2935 1567 ἀληθῆ
2976 1494 3137 1563 λόγον
3184 1494 3218 1563 ἡ
3246 1490 3425 1561 φαύλη
3483 1488 3647 1560 ἀκοὴ,
3675 1488 3772 1543 καὶ

2198 1590 2338 1659 πρὶς
2371 1587 2566 1657 ψεῦδος
2620 1583 3054 1656 γεγυμνασμένη
3115 1572 3205 1654 μὴί
3248 1578 3551 1648 ἐνεγκοῦσα
3593 1575 3768 1647 θυμοῦ

2196 1684 2292 1735 καὶ
2320 1680 2494 1752 ὀργῆς
2553 1677 2882 1751 ἐπληροῦτο.
2945 1676 3059 1729 Καὶ
3105 1677 3134 1728 ὁ
3180 1672 3368 1743 πατὴρ
3397 1708 3413 1734 ,
3469 1668 3565 1724 τοῦ
3631 1663 3771 1721 εἶναι

2203 1774 2389 1845 πατὴρ
2437 1772 2822 1843 ἐκλαθόμενος,
2882 1767 3150 1839 τύραννος
3197 1765 3291 1818 καί⁵
3360 1762 3557 1831 φονεὺς
3603 1759 3771 1832 ἀπῄει

522 1858 780 1915 occidere
817 1857 1133 1914 Barbaram.
1179 1824 1276 1912 illa
1305 1824 1490 1912 autem
1534 1872 1658 1912 cum
1709 1870 1904 1911 manus
1934 1854 2096 1911 simul

2684 1824 2761 1917 sbi
2786 1824 2967 1930 ξίφος.
2998 1860 3027 1914 ὂ
3081 1824 3403 1929 παρήρτητο
3438 1824 3552 1908 τῶν
3604 1824 3773 1921 ὤμων

525 1950 720 2006 oculos
766 1957 824 2006 et
852 1958 1094 2007 mentem
1130 1949 1183 2005 in
1217 1950 1417 2005 coelum
1466 1949 1799 2012 sustulisset,
1846 1962 1972 2002 eum
2003 1946 2097 2017 qui

524 2051 707 2113 potest
733 2042 864 2098 dare
893 2043 1145 2106 salutem,
1183 2041 1413 2097 vocabat
1438 2040 1506 2096 ad
1536 2041 1821 2096 auxilium.
1850 2039 1946 2095 ille
1967 2054 2098 2095 vero

524 2151 635 2191 non
670 2136 907 2203 neglexit
927 2150 993 2191 ea
1022 2135 1224 2200 facere,
1250 2150 1373 2205 quae
1395 2143 1760 2189 consueverat
1794 2152 1807 2188 :
1845 2132 1939 2188 sed
1963 2147 2099 2203 quo-

527 2228 693 2283 modo
713 2228 969 2283 Tlteclam
1018 2235 1472 2299 protomartyrem
1526 2225 1872 2281 conservavit
1913 2223 1983 2279 ab
2030 2224 2099 2278 iis

525 2317 624 2389 qui
675 2316 1168 2388 persequebantur,
1223 2323 1393 2385 petrae
1450 2330 1571 2384 quae
1632 2322 1966 2377 occurrerat,
2011 2312 2099 2382 jtt-

529 2412 687 2473 hens,
734 2417 796 2463 ut
826 2406 1291 2478 disrumperetur,
1344 2414 1403 2461 et
1433 2421 1555 2461 eam
1597 2405 1719 2461 sinu
1770 2403 2096 2474 exciperet:

524 2503 600 2556 ita
632 2500 775 2555 hanc
820 2513 1038 2569 quoque
1070 2498 1363 2570 gloriosam
1413 2496 1579 2552 simili
1610 2504 1901 2551 conservat
1929 2494 2098 2549 mira-

525 2593 672 2650 culo.
705 2593 842 2650 Nam
868 2607 993 2648 cum
1025 2591 1117 2647 ille
1154 2590 1398 2647 carnifex
1445 2591 1646 2663 (neque
1685 2589 1832 2645 enim
1865 2588 2098 2659 parrici-

527 2685 652 2741 dam
699 2684 780 2740 l'as
806 2694 894 2741 est
925 2699 1126 2740 vocare
1160 2683 1394 2753 patrem)
1426 2696 1559 2738 ense
1588 2680 1804 2737 sublato
1836 2680 2098 2750 procede-

527 2786 615 2835 ret
646 2778 702 2832 in
727 2776 915 2843 ﬁliam,
945 2783 1100 2847 petra
1126 2774 1295 2830 scissa
1323 2774 1377 2829 in
1405 2774 1542 2830 duas
1572 2783 1775 2844 partes,
1799 2786 1920 2827 eam
1941 2785 2102 2827 exce-

528 2871 613 2941 pit
651 2867 841 2925 divino
869 2877 923 2923 et
967 2866 1344 2938 omnipotente
1379 2876 1538 2929 nutu,
1575 2873 1648 2928 et,
1684 2878 1753 2920 ne
1784 2879 1814 2918 a
1846 2863 2100 2920 manibus

525 2960 730 3017 eadem
781 2959 1119 3030 spirantibus
1169 2969 1479 3028 caperetur,
1519 2957 1884 3022 conservavit,
1919 2966 2097 3011 trans-

531 3053 757 3109 mittens
786 3051 853 3106 ad
898 3051 1019 3107 loca
1054 3049 1226 3120 magis
1260 3059 1536 3105 montana.
1579 3048 1686 3104 Sed
1727 3062 1829 3103 nec
1863 3048 1943 3103 sic
1972 3047 2098 3118 qui-

2199 1959 2677 2027 διασπασάμενος,
2706 1953 3028 2027 αὐτοχειρίᾳ
3058 1950 3158 2023 τὴν
3191 1948 3490 2020 Βαρϐἀραν
3511 1944 3773 1998 ἔσπευδεν

2203 2049 2438 2104 ἀνελεῖν.
2475 2047 2694 2117 Ἐκείνη
2727 2046 2786 2099 δὲ
2812 2048 3003 2116 χεῖρας
3033 2043 3150 2111 ἅμα
3193 2041 3290 2094 καὶ
3319 2036 3636 2107 ὀφθαλμοὺς
3678 2033 3773 2086 καὶ

2198 2148 2442 2201 διάνοιαν
2474 2148 2554 2209 είς
2593 2143 2827 2215 οὐρανὸν
2869 2141 3055 2211 ἄρασα
3099 2137 3193 2192 τὸν
3246 2135 3442 2200 σώζειν
3471 2130 3771 2201 δυνάμενον

2200 2244 2387 2297 ἐκάλει
2424 2243 2563 2311 πρδς
2592 2240 2837 2311 ἀρωγήν.
2867 2238 2978 2292 Καὶ
3006 2236 3067 2299 ὃς
3090 2235 3193 2288 οὐκ
3223 2228 3420 2303 ἡμέλει
3460 2228 3529 2282 τὰ
3558 2224 3769 2295 συνήθη

2201 2333 2402 2390 ποιῶν⁸
2432 2333 2548 2386 ἀλλ’
2576 2331 2767 2401 ὥσπερ
2795 2329 3005 2384 Θὲκλαν
3035 2325 3135 2397 τὴν
3173 2320 3622 2396 πρωτομάρτυρα
3659 2313 3771 2369 τῶν

2198 2423 2505 2477 διωκόντων
2552 2420 2804 2482 διέσωσε,
2843 2416 3022 2487 πέτρα
3062 2417 3130 2485 τῇ
3184 2406 3564 2483 προστυχούσῃ
3617 2403 3771 2475 διαρ-

2203 2514 2464 2589 ραγῆναι,
2508 2513 2602 2566 καὶ
2632 2510 2806 2582 αὐτὴν
2858 2504 3315 2577 ἐγκολπώσασθαι
3341 2498 3771 2589 διακελευσάμε-

2199 2587 2288 2670 νος
2317 2621 2331 2635 ⁶
2373 2605 2519 2660 οῦτω
2554 2605 2649 2658 καὶ
2682 2603 2780 2673 τὴν
2819 2600 3066 2670 ἀοίδιμον
3095 2597 3304 2665 ταύτην
3330 2591 3504 2663 ὁμοίῳ
3543 2589 3641 2643 καὶ
3667 2587 3768 2658 ίσῳ

2198 2700 2276 2772 τῷ
2304 2700 2541 2769 θαύματι
2584 2693 2860 2759 διασώζει.
2944 2692 3033 2754 Ὠς
3067 2690 3176 2761 γὰρ
3208 2689 3427 2748 ἐκεῖνος
3464 2686 3493 2738 ό
3549 2683 3767 2772 δήμιος,

2199 2770 2319 2847 ούδέ
2371 2790 2481 2861 γὰρ
2526 2791 2673 2844 ὅσιον
2719 2788 2935 2858 πατέρα
2981 2784 3075 2837 τὸν
3127 2782 3410 2853 μιαιφόνον
3448 2776 3668 2838 καλεῖν,
3707 2770 3771 2861 to

2200 2881 2357 2951 ξίφος
2383 2859 2526 2951 ἄρας
2568 2876 2764 2951 ἐχώρει
2809 2876 2952 2929 κατὰ
2979 2874 3077 2941 τῆς
3109 2867 3402 2938 θυγατρὸς,
3444 2865 3621 2933 πέτρα
3646 2859 3768 2931 διχῆ

2198 2975 2469 3045 τμηθεῖσα
2508 2971 2639 3042 θείῳ
2683 2970 2775 3024 καὶ
2819 2963 3145 3035 παντουργῴ
3197 2960 3427 3030 νεύματι
3456 2956 3662 3024 ταύτην
3709 2968 3771 3006 τε

2200 3065 2530 3132 εἰσεδέξατο,
2560 3063 2657 3115 καὶ
2678 3060 2836 3131 χερσὶ
2861 3057 3131 3128 φονώσαις
3160 3054 3401 3124 ἄληπτον
3447 3046 3768 3108 διεσώσατο,

524 3146 652 3202 dem
683 3152 898 3216 poterat
935 3142 1242 3213 intelligere
1277 3140 1370 3212 qui
1392 3139 1525 3210 ipsis
1549 3139 1823 3209 lapidibus
1843 3148 1964 3194 erat
1988 3154 2098 3194 ma-

2201 3160 2390 3221 τὸποις
2427 3152 2851 3226 παραπέμψασα
2880 3151 2991 3212 τοῖς
3035 3144 3421 3219 ὀρεινοτέροις.
3470 3139 3613 3193 ⁹Α>.λ’
3670 3138 3774 3190 οὐκ

528 3238 613 3308 gis
656 3233 996 3308 impatibilis,
1045 3240 1099 3287 et
1150 3232 1333 3286 minus
1374 3245 1539 3285 sensu
1587 3229 1871 3299 praeditus.
1902 3229 2098 3284 Adhuc

529 3329 680 3384 enim
719 3325 913 3382 eodem
970 3323 1300 3382 incitabatur
1358 3323 1584 3394 impetu,
1645 3333 1701 3379 et
1749 3322 2101 3380 desiderabat

527 3420 776 3489 accipere
810 3418 974 3473 tiliam
999 3433 1013 3482 ;
1043 3431 1148 3472 non
1191 3424 1252 3470 ut
1278 3415 1371 3486 qui
1395 3424 1542 3472 esset
1573 3426 1750 3486 pater,
1792 3416 1888 3472 sed
1914 3416 2100 3486 potius

529 3514 674 3569 titius
701 3513 841 3583 ejus,
887 3511 981 3581 qui
1011 3510 1115 3566 fuit
1147 3508 1419 3564 homicida
1452 3508 1520 3564 ab
1568 3508 1725 3565 initio
1753 3512 1795 3574 ',
1829 3520 1889 3571 ut
1914 3510 2097 3567 dicam

527 3621 654 3661 cum
706 3604 891 3660 divina
937 3603 1261 3672 Scriptura;
1299 3609 1379 3667 ut,
1434 3616 1560 3657 cum
1607 3602 1901 3670 invenerit,
1932 3604 2097 3659 simul

528 3703 731 3752 mactet
758 3704 816 3752 et
848 3694 1041 3766 perdat
1064 3694 1104 3750 ³.

600 3788 666 3843 V.
696 3787 832 3844 Cum
880 3800 1014 3842 vero
1059 3786 1112 3840 in
1174 3785 1314 3842 duos
1360 3784 1644 3842 incidisset
1693 3795 1966 3857 pastores,
2008 3804 2102 3843 ro-

528 3880 676 3953 gavit
705 3896 775 3937 an
810 3880 878 3935 de
905 3895 968 3936 ea
995 3879 1205 3936 scirent
1244 3878 1474 3949 aliquid.
1507 3878 1584 3934 Ex
1616 3878 1704 3935 his
1733 3888 1915 3935 autem
1959 3880 2100 3936 alter

529 3972 779 4043 quidem,
810 3972 905 4041 qui
954 3979 1073 4028 erat
1101 3968 1286 4029 animo
1319 3970 1654 4037 misericors,
1690 3981 1747 4027 et
1777 3972 1865 4026 cui
1906 3972 2101 4043 displi-

528 4063 713 4129 cebat,
763 4078 886 4119 eam
915 4078 1082 4134 quam
1134 4069 1294 4132 pater
1341 4062 1792 4132 persequebatur,
1843 4063 2097 4133 prodere,

531 4159 717 4215 statim
756 4160 997 4230 negavit,
1037 4167 1094 4213 et
1123 4171 1182 4213 se
1212 4157 1490 4214 simulavit
1544 4156 1819 4228 ignorare.
1875 4157 2103 4212 menda-

531 4238 681 4306 cium
706 4251 946 4307 salutare
986 4266 1087 4321 pro
1120 4250 1369 4315 veritate,
1407 4266 1529 4321 qua:
1570 4249 1814 4314 laederet,
1869 4250 2099 4320 eligens.

529 4344 802 4400 Caeterum
835 4343 927 4398 hic
971 4353 1161 4413 aperte
1216 4343 1504 4398 erubescat
1556 4340 1823 4407 llerodes,
1863 4343 1958 4411 qui
1990 4358 2099 4397 non

2204 3246 2273 3321 ἦν
2307 3248 2430 3303 οὐδὲ
2479 3246 2622 3299 οὕτω
2671 3244 2912 3297 συνεῖναι
2946 3240 3040 3293 τὶν
3080 3238 3178 3293 καὶ
3210 3235 3373 3289 λίθων
3418 3231 3597 3286 αὐτῶν
3629 3230 3775 3282 ἁπα-

2203 3342 2461 3412 θέστερον
2507 3339 2601 3391 καὶ
2634 3332 3120 3403 ἀναισθητότερονσ
3184 3326 3266 3382 ἔτι
3306 3326 3415 3395 γὰρ
3446 3324 3630 3394 είχετο
3671 3321 3774 3388 τῆς

2199 3434 2400 3507 ὁρμῆς,
2457 3430 2551 3485 καὶ
2592 3427 2780 3483 λαϐεῖν
2839 3424 3024 3479 ἐπόθει
3065 3420 3164 3493 τὴν
3216 3418 3537 3488 θυγατέρα,
3571 3415 3671 3484 οὐχ
3699 3413 3776 3476 ὡς

2204 3526 2383 3597 πατὴρ
2413 3523 2491 3577 ὢν
2517 3520 2755 3593 ἐκείνης,
2787 3518 2902 3572 ἀλλ’
2932 3517 3008 3581 ὡς
3038 3516 3154 3578 υἱὸς
3182 3513 3385 3585 μᾶλλον
3410 3510 3505 3563 τοῦ
3536 3507 3777 3578 ἐξαρχῆς

2203 3616 2685 3689 ἀνθρωποκτόνου,
2716 3611 2862 3664 κατὰ
2889 3608 2991 3679 τὴν
3027 3606 3180 3660 θείαν
3223 3604 3388 3675 φάναι
3444 3601 3651 3671 φωνήν,
3702 3599 3772 3652 ἶν’

2200 3708 2377 3780 εὑρὼν
2408 3708 2524 3777 ἅμα
2555 3706 2650 3758 καὶ
2689 3703 2826 3773 θύσῃ
2858 3701 2951 3755 καὶ
2985 3698 3251 3768 ἀπολέσῃ.

2276 3799 2352 3858 Ε’.
2397 3798 2630 3868 Ποιμέσι
2681 3796 2739 3849 δὲ
2790 3794 2886 3847 δύο
2941 3787 3287 3863 περιτυχὼν,
3346 3786 3402 3840 εί
3422 3803 3477 3840 τι
3506 3783 3600 3838 καὶ
3631 3782 3778 3836 ἴσασι

2204 3895 2334 3965 περὶ
2362 3891 2565 3960 ταύτης
2592 3885 3013 3943 ἀνεπυνθάνετο.
3063 3880 3286 3936 Τούτων
3333 3879 3391 3933 δὲ
3418 3877 3614 3944 ἅτερος
3655 3875 3775 3965 μιν,

2205 3964 2438 4058 γνώμης
2501 3981 2577 4034 ῶν
2630 3976 2959 4050 συμπαθοῦς
2987 4015 3003 4040 ,
3063 3974 3160 4028 καὶ
3208 3971 3270 4026 τὸ
3312 3964 3778 4058 *προδοῦναιᾴτὴν

2204 4053 2549 4141 διωκομένην
2596 4066 2698 4121 οὐκ
2744 4064 3007 4128 ἐπαινῶν,
3053 4060 3279 4131 ἔξαρνος
3309 4054 3379 4129 ἦν
3410 4053 3779 4126 παραχρῆμα,

2203 4164 2300 4219 καὶ
2323 4165 2423 4234 τὴν
2453 4160 2678 4229 ἄγνοιαν
2720 4154 3072 4227 ὑπεκρίνετο,
3111 4151 3342 4224 ψεῦδος,
3374 4144 3531 4203 εἶπεν
3575 4146 3641 4200 ἄν
3668 4162 3777 4211 τις,

2206 4257 2477 4327 σωτήριον
2515 4254 2638 4306 ἀντὶ
2662 4248 3006 4321 βλαπτούσης
3034 4242 3295 4316 ἀληθείας
3321 4242 3598 4311 ἐλόμενος.
3630 4238 3779 4307 Πλὴν

2203 4348 2318 4403 ἀλλ’
2371 4343 2715 4417 αἰσχυνέσθω
2789 4339 3042 4411 φανερῶς
3099 4335 3336 4391 ἐνταῦθα
3394 4332 3641 4403 Ἡρώδης
3711 4334 3777 4383 οὐ

532 4446 683 4504 recte
719 4436 974 4492 servabat
1007 4435 1414 4507 jusjurandum,
1446 4443 1507 4489 ut
1537 4434 1702 4492 etiam
1751 4434 1959 4508 aliquid
2015 4436 2098 4489 in-

2205 4439 2381 4503 καλῶς
2413 4436 2678 4506 εύορκῶν,
2713 4434 2801 4489 ἶνα
2832 4450 2882 4486 τι
2911 4434 3003 4485 καὶ
3021 4430 3333 4500 παρενείρω
3358 4424 3436 4496 τῷ
3450 4424 3774 4495 διηγήματι,

530 4541 708 4584 seram
738 4525 1065 4590 narrationi,
1093 4535 1150 4581 et
1178 4525 1272 4594 qui
1309 4534 1369 4579 ut
1408 4525 1606 4580 malam
1644 4525 1966 4581 defenderet
2009 4542 2105 4580 vo-

530 4620 893 4690 voluptatem,
959 4617 1140 4673 stabat
1167 4617 1515 4690 jusjurando.
1558 4618 1712 4674 Alter
1736 4634 1869 4674 vero
1901 4635 2106 4690 nequa-

417 4746 437 4757 ο
535 4727 701 4783 quam
729 4709 957 4783 quidem
993 4710 1200 4781 lingua,
1233 4709 1327 4765 sed
1361 4709 1557 4782 digito,
1585 4710 1731 4780 quod
1759 4721 1843 4766 est
1867 4711 2106 4766 scelera-

481 4862 485 4868 ,
534 4804 668 4871 tius,
713 4803 982 4867 indicans.
1033 4803 1361 4859 ostendebat
1419 4804 1582 4869 viam,
1635 4818 1756 4874 qum
1809 4804 1874 4857 ad
1933 4804 2104 4873 ipsam

479 4923 483 4927 -
531 4894 789 4952 ducebat.
809 4892 966 4960 Quod
996 4892 1198 4949 factum
1229 4902 1313 4949 est
1343 4892 1548 4964 itaque,
1574 4908 1685 4949 non
1711 4893 1839 4949 tulit
1867 4894 2104 4962 justitia,

2209 4536 2303 4588 καὶ
2331 4531 2525 4603 ἡδονῆς
2569 4531 2632 4582 ἐκ
2649 4529 2804 4597 δίκης
2830 4526 3073 4596 πονηρᾶς
3092 4522 3186 4577 τοῦ
3210 4523 3377 4592 ὅρκου
3397 4520 3498 4588 τὴν
3532 4515 3780 4603 φυλακὴν

2206 4602 2554 4692 ποιούμενος.
2600 4617 2659 4671 Ὀ
2692 4617 2747 4672 δὲ
2781 4617 2939 4680 ἄλλος
2998 4612 3216 4684 γλώττῃ
3250 4610 3349 4680 μὲν
3397 4605 3675 4676 οὐδαμῶς,
3701 4602 3782 4672 τῷ

2207 4710 2458 4780 δακτύλῳ
2533 4706 2592 4760 δὲ
2653 4704 3095 4778 κακουργότερον
3156 4700 3494 4769 ὑποφαίνων,
3552 4696 3652 4767 τὴν
3704 4692 3781 4755 ὡς

2210 4803 2383 4871 αὐτὴν
2413 4799 2742 4868 ἀπάγουσαν
2775 4796 3089 4851 ὑπεδείκνυ.
3125 4790 3433 4861 Τοιγαροῦν
3456 4789 3558 4842 οὐκ
3579 4788 3782 4858 ἧνεγκε

2207 4895 2270 4948 τὸ
2307 4891 2555 4965 πραχθὲν
2606 4892 2641 4961 ἡ
2693 4889 2841 4961 δίκη,
2899 4886 3041 4943 ἀλλὰ
3080 4883 3358 4956 τιμωρίαν
3399 4880 3576 4949 ἐπῆγε
3603 4895 3784 4945 παρα-

533 4985 631 5042 sed
682 4985 869 5050 statim
924 4986 1153 5042 sceleris
1205 4986 1392 5042 intulit
1437 4985 1808 5057 supplicium:
1871 4995 1928 5041 et
1978 5001 2098 5042 cum

2208 5002 2401 5058 χρημα
2423 4985 2518 5037 τοῦ
2547 4984 3034 5051 κακουργήματος,
3061 4975 3158 5031 καὶ
3182 4976 3250 5029 τὰ
3281 4970 3453 5029 αὐτοῦ
3485 4973 3784 5058 θρέμματα

466 5120 483 5154 γ
532 5078 654 5149 ejus
718 5092 849 5135 oves
899 5085 1179 5133 exsecrata
1230 5085 1376 5134 esset
1429 5086 1656 5149 martyr,
1720 5093 1830 5134 non
1873 5079 2098 5150 amplius

2209 5053 2615 5150 sig-pigrum;
2644 5070 3096 5141 ἐπαρασαμένης,
3118 5067 3219 5121 οὐκ
3342 5063 3649 5154 *θρέμματα
3688 5053 3780 5129 ἦν,

532 5178 694 5225 erant
721 5183 873 5235 oves,
905 5168 999 5226 sed
1041 5178 1263 5226 mutata:
1306 5170 1526 5225 fuerant
1559 5146 1614 5224 in
1670 5146 2098 5242 scarabeoquui,

2208 5146 2426 5230 ἀλλἐίς
2446 5146 2738 5235 κανθάρων
2771 5158 3066 5231 ὁμοιότητα
3095 5150 3426 5226 μετεϐλήθη,
3450 5146 3622 5219 στήλη
3652 5160 3787 5199 κατε

536 5259 606 5317 ad
641 5268 905 5331 perpetua
946 5260 1178 5317 sceleris
1234 5262 1663 5325 accusationem,
1719 5270 1922 5319 sancta
1977 5262 2098 5319 Bar-

2208 5262 2432 5332 ήγορος,
2464 5258 2594 5329 ἄχρι
2643 5256 2834 5314 τέλους
2906 5251 3001 5305 τὸν
3056 5249 3158 5319 τῆς
3200 5244 3366 5314 ἁγίας
3410 5242 3582 5311 τάφον
3621 5253 3784 5332 περι-

536 5330 683 5409 ὺοτέ
709 5352 1026 5423 sepulcrum
1055 5361 1320 5425 perpetuo
1353 5354 1775 5410 circumvolant.
1818 5353 1945 5412 Haec
1975 5370 2098 5428 ergo

2211 5330 2506 5423 ιπταμενα.
2560 5348 2785 5410 Τούτοις
2816 5340 2910 5400 οῦν
2943 5346 3056 5407 τοῖς
3097 5338 3465 5409 ὑποδείγμασι
3484 5333 3578 5388 τοῦ
3607 5330 3788 5385 δολίου

535 5444 714 5502 dolosi
749 5445 982 5517 pastoris
1024 5445 1251 5517 vestigia
1287 5456 1512 5503 secutus
1553 5463 1741 5504 amens
1788 5448 2098 5517 Dioscorus,

2210 5450 2502 5519 Διόσκορος
2533 5444 2907 5512 ἀκολουθήσας
2939 5441 2967 5492 δ
3002 5434 3321 5509 παραπλὴξ,
3359 5432 3453 5486 καὶ⁵
3472 5429 3575 5501 τὴν
3618 5427 3789 5519 ἁγίαν

538 5551 664 5594 cum
707 5547 950 5592 sanctam
978 5539 1033 5593 in
1073 5549 1256 5595 monte
1301 5540 1834 5610 comprehendisset,
1869 5512 2098 5611 primum

2208 5542 2298 5597 ἐπ’
2337 5512 2497 5611 θρους
2536 5533 2860 5590 καταλαϐὼν
2884 5570 2900 5597 ,
2942 5530 3133 5601 πρῶτα
3170 5527 3270 5598 μὲν
3317 5522 3494 5584 οὕτως
3545 5519 3625 5582 ώς
3668 5512 3788 5587 εἶχε

537 5626 762 5699 quidem
803 5628 879 5684 ita
909 5639 970 5685 ut
994 5640 1112 5686 erat
1151 5630 1230 5686 ira
1273 5609 1536 5700 percitus,
1570 5609 1885 5691 conscindit
1912 5634 2098 5692 verbe-

2212 5609 2384 5703 θυμοῦ
2409 5628 2640 5700 πληγαῖς
2672 5624 3006 5682 κατακόπτει
3029 5634 3045 5653 ⁸
3073 5621 3264 5674 ἔπειτα
3287 5617 3382 5691 τῆς
3408 5614 3584 5685 κόμης
3613 5609 3787 5680 αὐτὴν

609 5818 629 5855 ³
653 5807 807 5868 Joan.
849 5825 965 5877 vnt,
998 5810 1086 5867 Η.
1164 5811 1183 5843 ³
1216 5808 1373 5865 ίοίιιι.
1408 5822 1460 5875 x,
1485 5809 1569 5865 1'3.
