  <div class='ocr_page' id='page_1' title='image "/cluster/home/n/w/nwhite01/storage/ocr_20150623/116/hvd.32044073502221/160.png"; bbox 0 0 4072 6390; ppageno 0'>
   <div class='ocr_carea' id='block_1_1' title="bbox 330 261 448 323">
    <p class='ocr_par' dir='ltr' id='par_1_1' title="bbox 330 261 448 323">
     <span class='ocr_line' id='line_1_1' title="bbox 330 261 448 323; baseline 0 -1"><span class='ocrx_word' id='word_1_1' title='bbox 330 261 448 323; x_wconf 69' lang='grc' dir='ltr'><strong>ζ’ὓθ</strong></span> 
     </span>
    </p>
   </div>
   <div class='ocr_carea' id='block_1_2' title="bbox 1473 260 2485 324">
    <p class='ocr_par' dir='ltr' id='par_1_2' title="bbox 1473 260 2485 324">
     <span class='ocr_line' id='line_1_2' title="bbox 1473 260 2485 324; baseline 0.004 -4"><span class='ocrx_word' id='word_1_2' title='bbox 1473 260 1943 322; x_wconf 74' lang='lat' dir='ltr'><strong>hlARTYRlUM</strong></span> <span class='ocrx_word' id='word_1_3' title='bbox 1979 261 2041 321; x_wconf 87' lang='lat' dir='ltr'><strong>S.</strong></span> <span class='ocrx_word' id='word_1_4' title='bbox 2086 260 2485 324; x_wconf 65' lang='grc' dir='ltr'><strong>ΒΑΙΙΒΑΗίΕ.</strong></span> 
     </span>
    </p>
   </div>
   <div class='ocr_carea' id='block_1_3' title="bbox 3489 269 3594 334">
    <p class='ocr_par' dir='ltr' id='par_1_3' title="bbox 3489 269 3594 334">
     <span class='ocr_line' id='line_1_3' title="bbox 3489 269 3594 334; baseline -0.057 -1"><span class='ocrx_word' id='word_1_5' title='bbox 3489 269 3594 334; x_wconf 76' lang='grc' dir='ltr'>3ίθ</span> 
     </span>
    </p>
   </div>
   <div class='ocr_carea' id='block_1_4' title="bbox 326 367 1927 446">
    <p class='ocr_par' dir='ltr' id='par_1_4' title="bbox 326 367 1920 444">
     <span class='ocr_line' id='line_1_4' title="bbox 326 367 1920 444; baseline 0.001 -21"><span class='ocrx_word' id='word_1_6' title='bbox 326 370 663 441; x_wconf 76' lang='grc' dir='ltr'>λαὸόμενος,</span> <span class='ocrx_word' id='word_1_7' title='bbox 697 370 792 425; x_wconf 71' lang='grc' dir='ltr'>καὶ</span> <span class='ocrx_word' id='word_1_8' title='bbox 825 367 964 440; x_wconf 68' lang='grc' dir='ltr'>πρὸς</span> <span class='ocrx_word' id='word_1_9' title='bbox 1008 370 1133 442; x_wconf 83' lang='grc' dir='ltr'>βίαν</span> <span class='ocrx_word' id='word_1_10' title='bbox 1165 372 1366 438; x_wconf 69' lang='grc' dir='ltr'>ἕλκων,</span> <span class='ocrx_word' id='word_1_11' title='bbox 1402 373 1522 427; x_wconf 73' lang='grc' dir='ltr'>τότε</span> <span class='ocrx_word' id='word_1_12' title='bbox 1557 373 1654 442; x_wconf 73' lang='grc' dir='ltr'>μὲν</span> <span class='ocrx_word' id='word_1_13' title='bbox 1688 372 1920 444; x_wconf 76' lang='grc' dir='ltr'>οἰκίσκῳ</span> 
     </span>
    </p>
   </div>
   <div class='ocr_carea' id='block_1_5' title="bbox 2026 367 3593 446">
    <p class='ocr_par' dir='ltr' id='par_1_5' title="bbox 2026 372 3593 446">
     <span class='ocr_line' id='line_1_5' title="bbox 2026 372 3593 446; baseline 0.002 -20"><span class='ocrx_word' id='word_1_14' title='bbox 2026 372 2198 428; x_wconf 88' lang='lat' dir='ltr'><strong>ribus.</strong></span> <span class='ocrx_word' id='word_1_15' title='bbox 2222 372 2426 430; x_wconf 86' lang='lat' dir='ltr'><strong>Deinde</strong></span> <span class='ocrx_word' id='word_1_16' title='bbox 2444 389 2563 431; x_wconf 91' lang='lat' dir='ltr'><strong>eam</strong></span> <span class='ocrx_word' id='word_1_17' title='bbox 2578 388 2730 430; x_wconf 88' lang='lat' dir='ltr'><strong>coma</strong></span> <span class='ocrx_word' id='word_1_18' title='bbox 2755 372 3178 446; x_wconf 82' lang='lat' dir='ltr'><strong>apprehendens</strong></span> <span class='ocrx_word' id='word_1_19' title='bbox 3199 385 3253 432; x_wconf 90' lang='lat' dir='ltr'><strong>et</strong></span> <span class='ocrx_word' id='word_1_20' title='bbox 3277 378 3330 432; x_wconf 88' lang='lat' dir='ltr'><strong>vi</strong></span> <span class='ocrx_word' id='word_1_21' title='bbox 3349 376 3593 437; x_wconf 82' lang='lat' dir='ltr'><strong>trahens,</strong></span> 
     </span>
    </p>
   </div>
   <div class='ocr_carea' id='block_1_6' title="bbox 337 462 1919 536">
    <p class='ocr_par' dir='ltr' id='par_1_6' title="bbox 337 462 1919 536">
     <span class='ocr_line' id='line_1_6' title="bbox 337 462 1919 536; baseline 0.001 -20"><span class='ocrx_word' id='word_1_22' title='bbox 337 464 539 534; x_wconf 79' lang='grc' dir='ltr'>βραχεί</span> <span class='ocrx_word' id='word_1_23' title='bbox 587 463 947 529; x_wconf 75' lang='grc' dir='ltr'><strong>κατακλείει,</strong></span> <span class='ocrx_word' id='word_1_24' title='bbox 1013 462 1263 532; x_wconf 75' lang='grc' dir='ltr'>φύλακας</span> <span class='ocrx_word' id='word_1_25' title='bbox 1330 466 1633 536; x_wconf 74' lang='grc' dir='ltr'><strong>ἐπιστήσας</strong></span> <span class='ocrx_word' id='word_1_26' title='bbox 1675 466 1772 518; x_wconf 82' lang='grc' dir='ltr'>καὶ</span> <span class='ocrx_word' id='word_1_27' title='bbox 1819 462 1919 534; x_wconf 80' lang='grc' dir='ltr'>τὴν</span> 
     </span>
    </p>
   </div>
   <div class='ocr_carea' id='block_1_7' title="bbox 328 549 1918 624">
    <p class='ocr_par' dir='ltr' id='par_1_7' title="bbox 328 549 1918 624">
     <span class='ocr_line' id='line_1_7' title="bbox 328 549 1918 624; baseline 0.001 -20"><span class='ocrx_word' id='word_1_28' title='bbox 328 553 509 623; x_wconf 82' lang='grc' dir='ltr'>θύραν</span> <span class='ocrx_word' id='word_1_29' title='bbox 565 554 864 622; x_wconf 71' lang='grc' dir='ltr'><strong>σφραγῖσιν</strong></span> <span class='ocrx_word' id='word_1_30' title='bbox 916 551 1367 623; x_wconf 76' lang='grc' dir='ltr'><strong>ἀσφαλισάμενος</strong></span> <span class='ocrx_word' id='word_1_31' title='bbox 1394 569 1409 583; x_wconf 93' lang='grc'><strong>·</strong></span> <span class='ocrx_word' id='word_1_32' title='bbox 1435 549 1554 607; x_wconf 74' lang='grc' dir='ltr'>εἶτα</span> <span class='ocrx_word' id='word_1_33' title='bbox 1598 554 1691 607; x_wconf 72' lang='grc' dir='ltr'>καὶ</span> <span class='ocrx_word' id='word_1_34' title='bbox 1738 551 1918 624; x_wconf 90' lang='grc' dir='ltr'>πολλῷ</span> 
     </span>
    </p>
   </div>
   <div class='ocr_carea' id='block_1_8' title="bbox 331 644 1915 717">
    <p class='ocr_par' dir='ltr' id='par_1_8' title="bbox 331 644 1915 717">
     <span class='ocr_line' id='line_1_8' title="bbox 331 644 1915 717; baseline -0.002 -18"><span class='ocrx_word' id='word_1_35' title='bbox 331 646 413 717; x_wconf 79' lang='grc' dir='ltr'>τῷ</span> <span class='ocrx_word' id='word_1_36' title='bbox 438 646 594 716; x_wconf 78' lang='grc' dir='ltr'>τάχει</span> <span class='ocrx_word' id='word_1_37' title='bbox 628 645 765 715; x_wconf 78' lang='grc' dir='ltr'>πρὸς</span> <span class='ocrx_word' id='word_1_38' title='bbox 790 644 883 698; x_wconf 76' lang='grc' dir='ltr'>τὸν</span> <span class='ocrx_word' id='word_1_39' title='bbox 914 644 1163 715; x_wconf 74' lang='grc' dir='ltr'>ἡγεμόνα</span> <span class='ocrx_word' id='word_1_40' title='bbox 1203 644 1524 715; x_wconf 72' lang='grc' dir='ltr'>Μαρκιανδν</span> <span class='ocrx_word' id='word_1_41' title='bbox 1565 644 1915 714; x_wconf 80' lang='grc' dir='ltr'>ἀφικόμενος,</span> 
     </span>
    </p>
   </div>
   <div class='ocr_carea' id='block_1_9' title="bbox 332 725 1919 812">
    <p class='ocr_par' dir='ltr' id='par_1_9' title="bbox 332 725 1919 812">
     <span class='ocr_line' id='line_1_9' title="bbox 332 725 1919 812; baseline -0.001 -19"><span class='ocrx_word' id='word_1_42' title='bbox 332 740 395 803; x_wconf 73' lang='grc' dir='ltr'>ὃς</span> <span class='ocrx_word' id='word_1_43' title='bbox 422 739 527 812; x_wconf 79' lang='grc' dir='ltr'>τὴν</span> <span class='ocrx_word' id='word_1_44' title='bbox 560 737 736 810; x_wconf 75' lang='grc' dir='ltr'>ἀρχὴν</span> <span class='ocrx_word' id='word_1_45' title='bbox 760 738 886 791; x_wconf 83' lang='grc' dir='ltr'>τότε</span> <span class='ocrx_word' id='word_1_46' title='bbox 921 725 1033 792; x_wconf 87' lang='grc' dir='ltr'><strong>τῶν</strong></span> <span class='ocrx_word' id='word_1_47' title='bbox 1065 738 1250 792; x_wconf 76' lang='grc' dir='ltr'>ἐκεῖσε</span> <span class='ocrx_word' id='word_1_48' title='bbox 1278 738 1487 793; x_wconf 79' lang='grc' dir='ltr'>διεῖπεν</span> <span class='ocrx_word' id='word_1_49' title='bbox 1512 779 1528 804; x_wconf 92' lang='grc'><strong>,</strong></span> <span class='ocrx_word' id='word_1_50' title='bbox 1562 738 1713 809; x_wconf 78' lang='grc' dir='ltr'>αὐτῷ</span> <span class='ocrx_word' id='word_1_51' title='bbox 1740 739 1919 793; x_wconf 86' lang='grc' dir='ltr'>πάντα</span> 
     </span>
    </p>
   </div>
   <div class='ocr_carea' id='block_1_10' title="bbox 334 828 1920 901">
    <p class='ocr_par' dir='ltr' id='par_1_10' title="bbox 334 828 1920 901">
     <span class='ocr_line' id='line_1_10' title="bbox 334 828 1920 901; baseline 0.001 -20"><span class='ocrx_word' id='word_1_52' title='bbox 334 831 401 884; x_wconf 74' lang='grc' dir='ltr'><strong>τά</strong></span> <span class='ocrx_word' id='word_1_53' title='bbox 452 829 549 883; x_wconf 81' lang='grc' dir='ltr'>τοῦ</span> <span class='ocrx_word' id='word_1_54' title='bbox 595 829 933 901; x_wconf 85' lang='grc' dir='ltr'>πράγματος</span> <span class='ocrx_word' id='word_1_55' title='bbox 985 828 1330 898; x_wconf 87' lang='grc' dir='ltr'>καταλέγει·</span> <span class='ocrx_word' id='word_1_56' title='bbox 1358 830 1455 883; x_wconf 72' lang='grc' dir='ltr'>καὶ</span> <span class='ocrx_word' id='word_1_57' title='bbox 1516 829 1577 882; x_wconf 66' lang='grc' dir='ltr'><strong>τὸ</strong></span> <span class='ocrx_word' id='word_1_58' title='bbox 1624 828 1920 897; x_wconf 82' lang='grc' dir='ltr'>κεφάλαιον</span> 
     </span>
    </p>
   </div>
   <div class='ocr_carea' id='block_1_11' title="bbox 321 911 1919 994">
    <p class='ocr_par' dir='ltr' id='par_1_11' title="bbox 321 911 1919 994">
     <span class='ocr_line' id='line_1_11' title="bbox 321 911 1919 994; baseline -0.001 -18"><span class='ocrx_word' id='word_1_59' title='bbox 321 911 421 976; x_wconf 60' lang='grc' dir='ltr'>’δτι</span> <span class='ocrx_word' id='word_1_60' title='bbox 454 923 616 985; x_wconf 76' lang='grc' dir='ltr'>θεοὺς</span> <span class='ocrx_word' id='word_1_61' title='bbox 652 921 754 993; x_wconf 84' lang='grc' dir='ltr'>μὲν</span> <span class='ocrx_word' id='word_1_62' title='bbox 786 922 849 975; x_wconf 78' lang='grc' dir='ltr'>τὸ</span> <span class='ocrx_word' id='word_1_63' title='bbox 884 921 1183 994; x_wconf 87' lang='grc' dir='ltr'>θυγάτριον</span> <span class='ocrx_word' id='word_1_64' title='bbox 1210 922 1477 994; x_wconf 81' lang='grc' dir='ltr'>άρνηθείη</span> <span class='ocrx_word' id='word_1_65' title='bbox 1501 961 1517 988; x_wconf 93' lang='grc'><strong>,</strong></span> <span class='ocrx_word' id='word_1_66' title='bbox 1563 922 1633 976; x_wconf 83' lang='grc' dir='ltr'><strong>τά</strong></span> <span class='ocrx_word' id='word_1_67' title='bbox 1674 923 1734 977; x_wconf 77' lang='grc' dir='ltr'>δὲ</span> <span class='ocrx_word' id='word_1_68' title='bbox 1779 923 1919 994; x_wconf 86' lang='grc' dir='ltr'>Χρι-</span> 
     </span>
    </p>
   </div>
   <div class='ocr_carea' id='block_1_12' title="bbox 336 1013 1918 1088">
    <p class='ocr_par' dir='ltr' id='par_1_12' title="bbox 336 1013 1918 1088">
     <span class='ocr_line' id='line_1_12' title="bbox 336 1013 1918 1088; baseline -0.002 -18"><span class='ocrx_word' id='word_1_69' title='bbox 336 1016 577 1070; x_wconf 83' lang='grc' dir='ltr'>στιανῶν</span> <span class='ocrx_word' id='word_1_70' title='bbox 623 1015 800 1069; x_wconf 81' lang='grc' dir='ltr'>ἐλοιτο</span> <span class='ocrx_word' id='word_1_71' title='bbox 834 1015 965 1087; x_wconf 86' lang='grc' dir='ltr'>παρ’</span> <span class='ocrx_word' id='word_1_72' title='bbox 1006 1015 1197 1069; x_wconf 83' lang='grc' dir='ltr'>ἐλπίδα</span> <span class='ocrx_word' id='word_1_73' title='bbox 1243 1016 1431 1088; x_wconf 77' lang='grc' dir='ltr'>τιμᾷν.</span> <span class='ocrx_word' id='word_1_74' title='bbox 1467 1015 1653 1071; x_wconf 83' lang='grc' dir='ltr'>Ταῦτά</span> <span class='ocrx_word' id='word_1_75' title='bbox 1686 1032 1745 1069; x_wconf 85' lang='grc' dir='ltr'><strong>τε</strong></span> <span class='ocrx_word' id='word_1_76' title='bbox 1790 1013 1918 1086; x_wconf 76' lang='grc' dir='ltr'>ἔφη,</span> 
     </span>
    </p>
   </div>
   <div class='ocr_carea' id='block_1_13' title="bbox 336 1106 1919 1179">
    <p class='ocr_par' dir='ltr' id='par_1_13' title="bbox 336 1106 1919 1179">
     <span class='ocr_line' id='line_1_13' title="bbox 336 1106 1919 1179; baseline -0.001 -19"><span class='ocrx_word' id='word_1_77' title='bbox 336 1109 440 1162; x_wconf 75' lang='grc' dir='ltr'>καὶ</span> <span class='ocrx_word' id='word_1_78' title='bbox 496 1106 749 1178; x_wconf 77' lang='grc' dir='ltr'>ἀγαγὼν,</span> <span class='ocrx_word' id='word_1_79' title='bbox 809 1110 1002 1179; x_wconf 79' lang='grc' dir='ltr'>χερσὶν</span> <span class='ocrx_word' id='word_1_80' title='bbox 1047 1108 1219 1179; x_wconf 81' lang='grc' dir='ltr'>αὐτὴν</span> <span class='ocrx_word' id='word_1_81' title='bbox 1247 1107 1488 1167; x_wconf 74' lang='grc' dir='ltr'>,ἔκδοτον</span> <span class='ocrx_word' id='word_1_82' title='bbox 1530 1110 1653 1172; x_wconf 82' lang='grc' dir='ltr'>ταῖς</span> <span class='ocrx_word' id='word_1_83' title='bbox 1705 1107 1919 1161; x_wconf 86' lang='grc' dir='ltr'>ἐκείνου</span> 
     </span>
    </p>
   </div>
   <div class='ocr_carea' id='block_1_14' title="bbox 335 1199 1921 1272">
    <p class='ocr_par' dir='ltr' id='par_1_14' title="bbox 335 1199 1921 1272">
     <span class='ocr_line' id='line_1_14' title="bbox 335 1199 1921 1272; baseline -0.001 -17"><span class='ocrx_word' id='word_1_84' title='bbox 335 1203 510 1267; x_wconf 86' lang='grc' dir='ltr'>ποιεῖ,</span> <span class='ocrx_word' id='word_1_85' title='bbox 532 1202 675 1257; x_wconf 67' lang='grc' dir='ltr'>κατὰ</span> <span class='ocrx_word' id='word_1_86' title='bbox 688 1201 801 1257; x_wconf 87' lang='grc' dir='ltr'><strong>τῶν</strong></span> <span class='ocrx_word' id='word_1_87' title='bbox 818 1201 963 1255; x_wconf 91' lang='grc' dir='ltr'>ἰδίων</span> <span class='ocrx_word' id='word_1_88' title='bbox 975 1200 1225 1272; x_wconf 74' lang='grc' dir='ltr'>ὁρκώσας</span> <span class='ocrx_word' id='word_1_89' title='bbox 1249 1199 1388 1255; x_wconf 82' lang='grc' dir='ltr'>θεῶν</span> <span class='ocrx_word' id='word_1_90' title='bbox 1403 1200 1480 1272; x_wconf 85' lang='grc' dir='ltr'>μὴ</span> <span class='ocrx_word' id='word_1_91' title='bbox 1492 1199 1783 1270; x_wconf 78' lang='grc' dir='ltr'>φείσασθαι</span> <span class='ocrx_word' id='word_1_92' title='bbox 1797 1199 1889 1254; x_wconf 80' lang='grc' dir='ltr'>τοῦ</span> <span class='ocrx_word' id='word_1_93' title='bbox 1899 1228 1921 1241; x_wconf 88' lang='lat'><strong>-</strong></span> 
     </span>
    </p>
   </div>
   <div class='ocr_carea' id='block_1_15' title="bbox 334 1291 1917 1367">
    <p class='ocr_par' dir='ltr' id='par_1_15' title="bbox 334 1291 1917 1367">
     <span class='ocr_line' id='line_1_15' title="bbox 334 1291 1917 1367; baseline 0.002 -20"><span class='ocrx_word' id='word_1_94' title='bbox 334 1312 430 1348; x_wconf 86' lang='grc' dir='ltr'><strong>τον</strong></span> <span class='ocrx_word' id='word_1_95' title='bbox 461 1295 563 1366; x_wconf 80' lang='grc' dir='ltr'>τῆς</span> <span class='ocrx_word' id='word_1_96' title='bbox 579 1293 851 1367; x_wconf 74' lang='grc' dir='ltr'>θυγατρὸς</span> <span class='ocrx_word' id='word_1_97' title='bbox 868 1293 935 1367; x_wconf 86' lang='grc' dir='ltr'>(ῶ</span> <span class='ocrx_word' id='word_1_98' title='bbox 955 1294 1280 1365; x_wconf 79' lang='grc' dir='ltr'><strong>σπλάγχνων</strong></span> <span class='ocrx_word' id='word_1_99' title='bbox 1301 1293 1583 1365; x_wconf 83' lang='grc' dir='ltr'>πατρικῶν</span> <span class='ocrx_word' id='word_1_100' title='bbox 1600 1295 1612 1347; x_wconf 88' lang='lat'>!</span> <span class='ocrx_word' id='word_1_101' title='bbox 1635 1295 1665 1347; x_wconf 89' lang='grc' dir='ltr'><strong>δ</strong></span> <span class='ocrx_word' id='word_1_102' title='bbox 1693 1291 1917 1365; x_wconf 75' lang='grc' dir='ltr'>πατὴρ).</span> 
     </span>
    </p>
   </div>
   <div class='ocr_carea' id='block_1_16' title="bbox 335 1383 1924 1456">
    <p class='ocr_par' dir='ltr' id='par_1_16' title="bbox 335 1383 1924 1456">
     <span class='ocr_line' id='line_1_16' title="bbox 335 1383 1924 1456; baseline -0.001 -17"><span class='ocrx_word' id='word_1_103' title='bbox 335 1385 475 1439; x_wconf 73' lang='grc' dir='ltr'>ἀλλὰ</span> <span class='ocrx_word' id='word_1_104' title='bbox 529 1386 626 1440; x_wconf 71' lang='grc' dir='ltr'>καὶ</span> <span class='ocrx_word' id='word_1_105' title='bbox 672 1384 963 1456; x_wconf 75' lang='grc' dir='ltr'>βιαιότατα</span> <span class='ocrx_word' id='word_1_106' title='bbox 1023 1383 1326 1456; x_wconf 74' lang='grc' dir='ltr'>μετελθεῖν,</span> <span class='ocrx_word' id='word_1_107' title='bbox 1367 1383 1461 1439; x_wconf 79' lang='grc' dir='ltr'>καὶ</span> <span class='ocrx_word' id='word_1_108' title='bbox 1489 1383 1751 1455; x_wconf 77' lang='grc' dir='ltr'>βασάνοις</span> <span class='ocrx_word' id='word_1_109' title='bbox 1795 1385 1924 1438; x_wconf 81' lang='grc' dir='ltr'>ἀνα·</span> 
     </span>
    </p>
   </div>
   <div class='ocr_carea' id='block_1_17' title="bbox 336 1477 974 1548">
    <p class='ocr_par' dir='ltr' id='par_1_17' title="bbox 336 1477 974 1548">
     <span class='ocr_line' id='line_1_17' title="bbox 336 1477 974 1548; baseline 0.005 -18"><span class='ocrx_word' id='word_1_110' title='bbox 336 1477 515 1531; x_wconf 85' lang='grc' dir='ltr'>λῶσαι</span> <span class='ocrx_word' id='word_1_111' title='bbox 537 1479 974 1548; x_wconf 78' lang='grc' dir='ltr'>χαλεπωτάταις.</span> 
     </span>
    </p>
   </div>
   <div class='ocr_carea' id='block_1_18' title="bbox 414 1569 1920 1642">
    <p class='ocr_par' dir='ltr' id='par_1_18' title="bbox 414 1569 1920 1642">
     <span class='ocr_line' id='line_1_18' title="bbox 414 1569 1920 1642; baseline -0.001 -17"><span class='ocrx_word' id='word_1_112' title='bbox 414 1572 511 1637; x_wconf 69' lang='grc' dir='ltr'><strong>(τ’.</strong></span> <span class='ocrx_word' id='word_1_113' title='bbox 565 1570 626 1625; x_wconf 86' lang='lat'><strong>&#39;0</strong></span> <span class='ocrx_word' id='word_1_114' title='bbox 674 1571 860 1625; x_wconf 79' lang='grc' dir='ltr'>τοίνυν</span> <span class='ocrx_word' id='word_1_115' title='bbox 920 1570 1245 1640; x_wconf 78' lang='grc' dir='ltr'>Μαρκιανὸς</span> <span class='ocrx_word' id='word_1_116' title='bbox 1285 1570 1639 1642; x_wconf 79' lang='grc' dir='ltr'>δικαστήριον</span> <span class='ocrx_word' id='word_1_117' title='bbox 1687 1569 1920 1636; x_wconf 87' lang='grc' dir='ltr'>καθίσας</span> 
     </span>
    </p>
   </div>
   <div class='ocr_carea' id='block_1_19' title="bbox 344 1659 1919 1734">
    <p class='ocr_par' dir='ltr' id='par_1_19' title="bbox 344 1659 1919 1734">
     <span class='ocr_line' id='line_1_19' title="bbox 344 1659 1919 1734; baseline 0 -21"><span class='ocrx_word' id='word_1_118' title='bbox 344 1660 537 1725; x_wconf 72' lang='grc' dir='ltr'>εὐθὺς,</span> <span class='ocrx_word' id='word_1_119' title='bbox 580 1662 676 1714; x_wconf 77' lang='grc' dir='ltr'>καὶ</span> <span class='ocrx_word' id='word_1_120' title='bbox 727 1660 829 1729; x_wconf 76' lang='grc' dir='ltr'>τὴν</span> <span class='ocrx_word' id='word_1_121' title='bbox 856 1660 1022 1731; x_wconf 87' lang='grc' dir='ltr'>άγίαν</span> <span class='ocrx_word' id='word_1_122' title='bbox 1058 1662 1586 1734; x_wconf 79' lang='grc' dir='ltr'>παραστησάμενος,</span> <span class='ocrx_word' id='word_1_123' title='bbox 1616 1660 1680 1715; x_wconf 90' lang='grc' dir='ltr'><strong>τό</strong></span> <span class='ocrx_word' id='word_1_124' title='bbox 1722 1677 1784 1714; x_wconf 90' lang='grc' dir='ltr'><strong>τε</strong></span> <span class='ocrx_word' id='word_1_125' title='bbox 1825 1659 1919 1714; x_wconf 82' lang='grc' dir='ltr'>τοῦ</span> 
     </span>
    </p>
   </div>
   <div class='ocr_carea' id='block_1_20' title="bbox 336 1752 1920 1826">
    <p class='ocr_par' dir='ltr' id='par_1_20' title="bbox 336 1752 1920 1826">
     <span class='ocr_line' id='line_1_20' title="bbox 336 1752 1920 1826; baseline -0.001 -20"><span class='ocrx_word' id='word_1_126' title='bbox 336 1753 512 1826; x_wconf 64' lang='grc' dir='ltr'>ἤθους</span> <span class='ocrx_word' id='word_1_127' title='bbox 549 1752 690 1823; x_wconf 74' lang='grc' dir='ltr'>ὁμοῦ</span> <span class='ocrx_word' id='word_1_128' title='bbox 743 1753 1112 1823; x_wconf 67' lang='grc' dir='ltr'>κόσμιον,καί</span> <span class='ocrx_word' id='word_1_129' title='bbox 1154 1753 1213 1808; x_wconf 82' lang='grc' dir='ltr'><strong>τὸ</strong></span> <span class='ocrx_word' id='word_1_130' title='bbox 1239 1755 1336 1824; x_wconf 79' lang='grc' dir='ltr'>τῆς</span> <span class='ocrx_word' id='word_1_131' title='bbox 1384 1752 1602 1825; x_wconf 72' lang='grc' dir='ltr'>μορφῆς</span> <span class='ocrx_word' id='word_1_132' title='bbox 1634 1752 1920 1821; x_wconf 84' lang='grc' dir='ltr'>πάγκαλον</span> 
     </span>
    </p>
   </div>
   <div class='ocr_carea' id='block_1_21' title="bbox 338 1843 1917 1916">
    <p class='ocr_par' dir='ltr' id='par_1_21' title="bbox 338 1843 1917 1916">
     <span class='ocr_line' id='line_1_21' title="bbox 338 1843 1917 1916; baseline 0.001 -19"><span class='ocrx_word' id='word_1_133' title='bbox 338 1843 712 1913; x_wconf 84' lang='grc' dir='ltr'>θεασάμενος,</span> <span class='ocrx_word' id='word_1_134' title='bbox 744 1844 854 1896; x_wconf 90' lang='grc' dir='ltr'><strong>τῶν</strong></span> <span class='ocrx_word' id='word_1_135' title='bbox 882 1843 976 1898; x_wconf 81' lang='grc' dir='ltr'><strong>τοῦ</strong></span> <span class='ocrx_word' id='word_1_136' title='bbox 1012 1845 1222 1916; x_wconf 76' lang='grc' dir='ltr'>πατρὸς</span> <span class='ocrx_word' id='word_1_137' title='bbox 1265 1846 1445 1916; x_wconf 81' lang='grc' dir='ltr'>ὅρκων</span> <span class='ocrx_word' id='word_1_138' title='bbox 1495 1843 1917 1915; x_wconf 87' lang='grc' dir='ltr'>ἐπιλαθόμενος,</span> 
     </span>
    </p>
   </div>
   <div class='ocr_carea' id='block_1_22' title="bbox 338 1932 1916 2011">
    <p class='ocr_par' dir='ltr' id='par_1_22' title="bbox 338 1932 1916 2011">
     <span class='ocr_line' id='line_1_22' title="bbox 338 1932 1916 2011; baseline 0.001 -21"><span class='ocrx_word' id='word_1_139' title='bbox 338 1934 653 2007; x_wconf 75' lang='grc' dir='ltr'>θαυμάζειν</span> <span class='ocrx_word' id='word_1_140' title='bbox 701 1937 825 1990; x_wconf 87' lang='grc' dir='ltr'>τότε</span> <span class='ocrx_word' id='word_1_141' title='bbox 887 1936 1093 2006; x_wconf 84' lang='grc' dir='ltr'>μᾶλλον</span> <span class='ocrx_word' id='word_1_142' title='bbox 1152 1936 1184 2008; x_wconf 82' lang='grc' dir='ltr'><strong>ἧ</strong></span> <span class='ocrx_word' id='word_1_143' title='bbox 1238 1936 1489 2007; x_wconf 73' lang='grc' dir='ltr'>κολάζειν</span> <span class='ocrx_word' id='word_1_144' title='bbox 1552 1937 1774 2008; x_wconf 73' lang='grc' dir='ltr'>ἕτοιμος</span> <span class='ocrx_word' id='word_1_145' title='bbox 1826 1932 1916 2011; x_wconf 80' lang='grc' dir='ltr'><strong>ἦν.</strong></span> 
     </span>
    </p>
   </div>
   <div class='ocr_carea' id='block_1_23' title="bbox 339 2026 1921 2100">
    <p class='ocr_par' dir='ltr' id='par_1_23' title="bbox 339 2026 1921 2100">
     <span class='ocr_line' id='line_1_23' title="bbox 339 2026 1921 2100; baseline 0.001 -21"><span class='ocrx_word' id='word_1_146' title='bbox 339 2026 534 2097; x_wconf 77' lang='grc' dir='ltr'>Ταύτῃ</span> <span class='ocrx_word' id='word_1_147' title='bbox 590 2026 723 2093; x_wconf 81' lang='grc' dir='ltr'>γοῦν</span> <span class='ocrx_word' id='word_1_148' title='bbox 769 2027 865 2079; x_wconf 77' lang='grc' dir='ltr'>καὶ</span> <span class='ocrx_word' id='word_1_149' title='bbox 924 2027 1141 2097; x_wconf 72' lang='grc' dir='ltr'>ῥήμασι</span> <span class='ocrx_word' id='word_1_150' title='bbox 1190 2027 1605 2100; x_wconf 79' lang='grc' dir='ltr'>χρηστοτέροις,</span> <span class='ocrx_word' id='word_1_151' title='bbox 1636 2028 1921 2099; x_wconf 85' lang='grc' dir='ltr'>υίκτειρον</span> 
     </span>
    </p>
   </div>
   <div class='ocr_carea' id='block_1_24' title="bbox 342 2114 1920 2193">
    <p class='ocr_par' dir='ltr' id='par_1_24' title="bbox 342 2114 1920 2193">
     <span class='ocr_line' id='line_1_24' title="bbox 342 2114 1920 2193; baseline 0 -20"><span class='ocrx_word' id='word_1_152' title='bbox 342 2120 614 2193; x_wconf 73' lang='grc' dir='ltr'>σεαυτὴν,</span> <span class='ocrx_word' id='word_1_153' title='bbox 644 2121 856 2189; x_wconf 74' lang='grc' dir='ltr'>ἔλεγεν,</span> <span class='ocrx_word' id='word_1_154' title='bbox 887 2114 933 2175; x_wconf 79' lang='grc' dir='ltr'>ὦ</span> <span class='ocrx_word' id='word_1_155' title='bbox 962 2119 1244 2191; x_wconf 77' lang='grc' dir='ltr'>Βαρϐάρα,</span> <span class='ocrx_word' id='word_1_156' title='bbox 1280 2120 1377 2174; x_wconf 83' lang='grc' dir='ltr'><strong>καὶ</strong></span> <span class='ocrx_word' id='word_1_157' title='bbox 1410 2122 1533 2192; x_wconf 80' lang='grc' dir='ltr'>μεθ’</span> <span class='ocrx_word' id='word_1_158' title='bbox 1570 2121 1727 2191; x_wconf 78' lang='grc' dir='ltr'>ἡμῶν</span> <span class='ocrx_word' id='word_1_159' title='bbox 1759 2120 1920 2176; x_wconf 82' lang='grc' dir='ltr'>θῦσαι</span> 
     </span>
    </p>
   </div>
   <div class='ocr_carea' id='block_1_25' title="bbox 338 2211 1920 2284">
    <p class='ocr_par' dir='ltr' id='par_1_25' title="bbox 338 2211 1920 2284">
     <span class='ocr_line' id='line_1_25' title="bbox 338 2211 1920 2284; baseline 0.001 -19"><span class='ocrx_word' id='word_1_160' title='bbox 338 2215 461 2276; x_wconf 75' lang='grc' dir='ltr'>τοῖς</span> <span class='ocrx_word' id='word_1_161' title='bbox 530 2213 673 2276; x_wconf 77' lang='grc' dir='ltr'>θειϊς</span> <span class='ocrx_word' id='word_1_162' title='bbox 742 2212 1131 2283; x_wconf 63' lang='grc' dir='ltr'>προθυμίβητι</span> <span class='ocrx_word' id='word_1_163' title='bbox 1162 2227 1178 2244; x_wconf 88' lang='grc'><strong>·</strong></span> <span class='ocrx_word' id='word_1_164' title='bbox 1210 2211 1282 2275; x_wconf 75' lang='grc' dir='ltr'><strong>ὡς</strong></span> <span class='ocrx_word' id='word_1_165' title='bbox 1329 2212 1504 2281; x_wconf 81' lang='grc' dir='ltr'>ἔγωγε</span> <span class='ocrx_word' id='word_1_166' title='bbox 1538 2213 1772 2284; x_wconf 80' lang='grc' dir='ltr'>κήδομαί</span> <span class='ocrx_word' id='word_1_167' title='bbox 1826 2230 1920 2266; x_wconf 90' lang='grc' dir='ltr'><strong>σου</strong></span> 
     </span>
    </p>
   </div>
   <div class='ocr_carea' id='block_1_26' title="bbox 338 2304 1918 2377">
    <p class='ocr_par' dir='ltr' id='par_1_26' title="bbox 338 2304 1918 2377">
     <span class='ocr_line' id='line_1_26' title="bbox 338 2304 1918 2377; baseline 0.001 -18"><span class='ocrx_word' id='word_1_168' title='bbox 338 2309 442 2359; x_wconf 76' lang='grc' dir='ltr'><strong>καὶ</strong></span> <span class='ocrx_word' id='word_1_169' title='bbox 479 2305 739 2377; x_wconf 81' lang='grc' dir='ltr'>βασάνοις</span> <span class='ocrx_word' id='word_1_170' title='bbox 770 2306 970 2370; x_wconf 87' lang='grc' dir='ltr'>κάλλος</span> <span class='ocrx_word' id='word_1_171' title='bbox 1010 2304 1270 2360; x_wconf 80' lang='grc' dir='ltr'>τοσοῦτον</span> <span class='ocrx_word' id='word_1_172' title='bbox 1306 2306 1603 2361; x_wconf 79' lang='grc' dir='ltr'>ὐποὸαλεῖν</span> <span class='ocrx_word' id='word_1_173' title='bbox 1643 2306 1918 2377; x_wconf 75' lang='grc' dir='ltr'>φείδομαι.</span> 
     </span>
    </p>
   </div>
   <div class='ocr_carea' id='block_1_27' title="bbox 338 2396 1923 2469">
    <p class='ocr_par' dir='ltr' id='par_1_27' title="bbox 338 2396 1923 2469">
     <span class='ocr_line' id='line_1_27' title="bbox 338 2396 1923 2469; baseline 0.001 -19"><span class='ocrx_word' id='word_1_174' title='bbox 338 2398 408 2451; x_wconf 68' lang='lat' dir='ltr'><strong>Et</strong></span> <span class='ocrx_word' id='word_1_175' title='bbox 441 2398 503 2451; x_wconf 84' lang='grc' dir='ltr'>δὲ</span> <span class='ocrx_word' id='word_1_176' title='bbox 528 2396 606 2468; x_wconf 78' lang='grc' dir='ltr'>μὴ</span> <span class='ocrx_word' id='word_1_177' title='bbox 653 2396 971 2467; x_wconf 77' lang='grc' dir='ltr'>πεισθείης,</span> <span class='ocrx_word' id='word_1_178' title='bbox 1021 2397 1139 2452; x_wconf 81' lang='grc' dir='ltr'>ἀλλ’</span> <span class='ocrx_word' id='word_1_179' title='bbox 1179 2398 1277 2469; x_wconf 82' lang='grc' dir='ltr'>ἐμὲ</span> <span class='ocrx_word' id='word_1_180' title='bbox 1314 2398 1628 2469; x_wconf 68' lang='grc' dir='ltr'>χρήσασθαί</span> <span class='ocrx_word' id='word_1_181' title='bbox 1683 2415 1766 2451; x_wconf 82' lang='grc' dir='ltr'><strong>σοι</strong></span> <span class='ocrx_word' id='word_1_182' title='bbox 1824 2415 1923 2451; x_wconf 78' lang='grc' dir='ltr'>κα-</span> 
     </span>
    </p>
   </div>
   <div class='ocr_carea' id='block_1_28' title="bbox 341 2490 1925 2562">
    <p class='ocr_par' dir='ltr' id='par_1_28' title="bbox 341 2490 1925 2562">
     <span class='ocr_line' id='line_1_28' title="bbox 341 2490 1925 2562; baseline -0.001 -18"><span class='ocrx_word' id='word_1_183' title='bbox 341 2491 725 2560; x_wconf 82' lang='grc' dir='ltr'>ταναγκάσεις</span> <span class='ocrx_word' id='word_1_184' title='bbox 776 2492 833 2544; x_wconf 81' lang='grc' dir='ltr'>τὸ</span> <span class='ocrx_word' id='word_1_185' title='bbox 891 2490 1079 2545; x_wconf 83' lang='grc' dir='ltr'>λοιπὸν</span> <span class='ocrx_word' id='word_1_186' title='bbox 1138 2490 1216 2555; x_wconf 85' lang='grc' dir='ltr'><strong>ῶς</strong></span> <span class='ocrx_word' id='word_1_187' title='bbox 1278 2493 1339 2545; x_wconf 83' lang='grc' dir='ltr'>οὐ</span> <span class='ocrx_word' id='word_1_188' title='bbox 1410 2490 1695 2562; x_wconf 84' lang='grc' dir='ltr'>βούλομαι.</span> <span class='ocrx_word' id='word_1_189' title='bbox 1750 2492 1817 2544; x_wconf 78' lang='grc' dir='ltr'><strong>Ἠ</strong></span> <span class='ocrx_word' id='word_1_190' title='bbox 1868 2491 1925 2544; x_wconf 82' lang='grc' dir='ltr'><strong>δέ</strong></span> 
     </span>
    </p>
   </div>
   <div class='ocr_carea' id='block_1_29' title="bbox 343 2582 1925 2656">
    <p class='ocr_par' dir='ltr' id='par_1_29' title="bbox 343 2582 1925 2656">
     <span class='ocr_line' id='line_1_29' title="bbox 343 2582 1925 2656; baseline 0 -18"><span class='ocrx_word' id='word_1_191' title='bbox 343 2585 587 2655; x_wconf 82' lang='grc' dir='ltr'>μάρτυς,</span> <span class='ocrx_word' id='word_1_192' title='bbox 638 2583 781 2653; x_wconf 85' lang='grc' dir='ltr'><strong>Ἐγὼ</strong></span> <span class='ocrx_word' id='word_1_193' title='bbox 802 2582 995 2637; x_wconf 82' lang='grc' dir='ltr'>θυσίαν</span> <span class='ocrx_word' id='word_1_194' title='bbox 1033 2583 1295 2647; x_wconf 72' lang='grc' dir='ltr'>αἰνέσεως</span> <span class='ocrx_word' id='word_1_195' title='bbox 1328 2582 1405 2655; x_wconf 83' lang='grc' dir='ltr'>τῷ</span> <span class='ocrx_word' id='word_1_196' title='bbox 1427 2584 1567 2654; x_wconf 82' lang='grc' dir='ltr'>ἐμῷ,</span> <span class='ocrx_word' id='word_1_197' title='bbox 1603 2584 1731 2656; x_wconf 78' lang='grc' dir='ltr'><strong>ἔφη.</strong></span> <span class='ocrx_word' id='word_1_198' title='bbox 1758 2601 1925 2656; x_wconf 74' lang='grc' dir='ltr'>προσ-</span> 
     </span>
    </p>
   </div>
   <div class='ocr_carea' id='block_1_30' title="bbox 338 2676 1927 2748">
    <p class='ocr_par' dir='ltr' id='par_1_30' title="bbox 338 2676 1927 2748">
     <span class='ocr_line' id='line_1_30' title="bbox 338 2676 1927 2748; baseline -0.001 -17"><span class='ocrx_word' id='word_1_199' title='bbox 338 2680 467 2748; x_wconf 80' lang='grc' dir='ltr'><strong>άγω</strong></span> <span class='ocrx_word' id='word_1_200' title='bbox 501 2677 644 2748; x_wconf 81' lang='grc' dir='ltr'>Θεῷ,</span> <span class='ocrx_word' id='word_1_201' title='bbox 681 2677 739 2740; x_wconf 77' lang='grc' dir='ltr'>ὃς</span> <span class='ocrx_word' id='word_1_202' title='bbox 786 2677 1018 2747; x_wconf 70' lang='grc' dir='ltr'>οὐρανόν</span> <span class='ocrx_word' id='word_1_203' title='bbox 1048 2693 1108 2730; x_wconf 87' lang='grc' dir='ltr'><strong>τε</strong></span> <span class='ocrx_word' id='word_1_204' title='bbox 1144 2676 1239 2730; x_wconf 74' lang='grc' dir='ltr'><strong>καὶ</strong></span> <span class='ocrx_word' id='word_1_205' title='bbox 1303 2677 1407 2748; x_wconf 80' lang='grc' dir='ltr'>γῆν</span> <span class='ocrx_word' id='word_1_206' title='bbox 1458 2678 1638 2731; x_wconf 71' lang='grc' dir='ltr'>ἔκτισε</span> <span class='ocrx_word' id='word_1_207' title='bbox 1665 2716 1681 2740; x_wconf 91' lang='grc'><strong>,</strong></span> <span class='ocrx_word' id='word_1_208' title='bbox 1719 2679 1811 2729; x_wconf 73' lang='grc' dir='ltr'>καὶ</span> <span class='ocrx_word' id='word_1_209' title='bbox 1857 2676 1927 2730; x_wconf 76' lang='grc' dir='ltr'><strong>τὰ</strong></span> 
     </span>
    </p>
   </div>
   <div class='ocr_carea' id='block_1_31' title="bbox 340 2768 1922 2839">
    <p class='ocr_par' dir='ltr' id='par_1_31' title="bbox 340 2768 1922 2839">
     <span class='ocr_line' id='line_1_31' title="bbox 340 2768 1922 2839; baseline 0.001 -17"><span class='ocrx_word' id='word_1_210' title='bbox 340 2774 402 2822; x_wconf 79' lang='grc' dir='ltr'><strong>ἐν</strong></span> <span class='ocrx_word' id='word_1_211' title='bbox 457 2769 648 2833; x_wconf 83' lang='grc' dir='ltr'>αὐτοῖς</span> <span class='ocrx_word' id='word_1_212' title='bbox 701 2771 943 2825; x_wconf 73' lang='grc' dir='ltr'>ἅπαντα.</span> <span class='ocrx_word' id='word_1_213' title='bbox 997 2769 1134 2839; x_wconf 78' lang='grc' dir='ltr'>Περὶ</span> <span class='ocrx_word' id='word_1_214' title='bbox 1183 2768 1241 2822; x_wconf 88' lang='grc' dir='ltr'><strong>δέ</strong></span> <span class='ocrx_word' id='word_1_215' title='bbox 1294 2769 1403 2822; x_wconf 90' lang='grc' dir='ltr'><strong>τῶν</strong></span> <span class='ocrx_word' id='word_1_216' title='bbox 1439 2769 1709 2839; x_wconf 87' lang='grc' dir='ltr'>ματαίων,</span> <span class='ocrx_word' id='word_1_217' title='bbox 1757 2768 1922 2839; x_wconf 76' lang='grc' dir='ltr'>φημὶ,</span> 
     </span>
    </p>
   </div>
   <div class='ocr_carea' id='block_1_32' title="bbox 345 2857 1928 2931">
    <p class='ocr_par' dir='ltr' id='par_1_32' title="bbox 345 2857 1928 2931">
     <span class='ocr_line' id='line_1_32' title="bbox 345 2857 1928 2931; baseline -0.003 -17"><span class='ocrx_word' id='word_1_218' title='bbox 345 2861 490 2914; x_wconf 71' lang='grc' dir='ltr'>(εῶν</span> <span class='ocrx_word' id='word_1_219' title='bbox 534 2877 629 2914; x_wconf 90' lang='grc' dir='ltr'><strong>σου</strong></span> <span class='ocrx_word' id='word_1_220' title='bbox 684 2859 1008 2931; x_wconf 80' lang='grc' dir='ltr'>προείρηται</span> <span class='ocrx_word' id='word_1_221' title='bbox 1058 2860 1158 2929; x_wconf 73' lang='grc' dir='ltr'>μὲν</span> <span class='ocrx_word' id='word_1_222' title='bbox 1207 2860 1266 2913; x_wconf 84' lang='grc' dir='ltr'><strong>ἐν</strong></span> <span class='ocrx_word' id='word_1_223' title='bbox 1345 2858 1473 2930; x_wconf 84' lang='grc' dir='ltr'>θείῳ</span> <span class='ocrx_word' id='word_1_224' title='bbox 1515 2857 1793 2928; x_wconf 70' lang='grc' dir='ltr'>Πιιεύματι</span> <span class='ocrx_word' id='word_1_225' title='bbox 1849 2857 1928 2928; x_wconf 84' lang='grc' dir='ltr'>τῷ</span> 
     </span>
    </p>
   </div>
   <div class='ocr_carea' id='block_1_33' title="bbox 348 2951 1926 3023">
    <p class='ocr_par' dir='ltr' id='par_1_33' title="bbox 348 2951 1926 3023">
     <span class='ocr_line' id='line_1_33' title="bbox 348 2951 1926 3023; baseline -0.003 -16"><span class='ocrx_word' id='word_1_226' title='bbox 348 2953 519 3008; x_wconf 78' lang='grc' dir='ltr'><strong>Δαυῖδ</strong></span> <span class='ocrx_word' id='word_1_227' title='bbox 551 2955 632 3008; x_wconf 83' lang='grc' dir='ltr'>ὅτι</span> <span class='ocrx_word' id='word_1_228' title='bbox 664 2972 683 3006; x_wconf 81' lang='grc' dir='ltr'><strong>ι</strong></span> <span class='ocrx_word' id='word_1_229' title='bbox 715 2954 798 3008; x_wconf 83' lang='grc' dir='ltr'><strong>Τὰ</strong></span> <span class='ocrx_word' id='word_1_230' title='bbox 845 2953 1045 3007; x_wconf 79' lang='grc' dir='ltr'>εἴδωλα</span> <span class='ocrx_word' id='word_1_231' title='bbox 1082 2953 1191 3008; x_wconf 84' lang='grc' dir='ltr'><strong>τῶν</strong></span> <span class='ocrx_word' id='word_1_232' title='bbox 1238 2951 1410 3007; x_wconf 94' lang='grc' dir='ltr'>ἐθνῶν</span> <span class='ocrx_word' id='word_1_233' title='bbox 1466 2952 1731 3023; x_wconf 83' lang='grc' dir='ltr'>ἀργύριον</span> <span class='ocrx_word' id='word_1_234' title='bbox 1780 2971 1798 3002; x_wconf 72' lang='grc' dir='ltr'><strong>ι</strong></span> <span class='ocrx_word' id='word_1_235' title='bbox 1834 2952 1926 3004; x_wconf 75' lang='grc' dir='ltr'>καὶ</span> 
     </span>
    </p>
   </div>
   <div class='ocr_carea' id='block_1_34' title="bbox 2021 465 3596 538">
    <p class='ocr_par' dir='ltr' id='par_1_34' title="bbox 2021 465 3596 538">
     <span class='ocr_line' id='line_1_34' title="bbox 2021 465 3596 538; baseline 0 -17"><span class='ocrx_word' id='word_1_236' title='bbox 2021 475 2154 522; x_wconf 81' lang='lat' dir='ltr'><strong>tunc</strong></span> <span class='ocrx_word' id='word_1_237' title='bbox 2183 465 2408 536; x_wconf 85' lang='lat' dir='ltr'><strong>quidem</strong></span> <span class='ocrx_word' id='word_1_238' title='bbox 2457 466 2690 523; x_wconf 76' lang='lat' dir='ltr'><strong>includit</strong></span> <span class='ocrx_word' id='word_1_239' title='bbox 2730 468 2785 522; x_wconf 90' lang='lat' dir='ltr'><strong>in</strong></span> <span class='ocrx_word' id='word_1_240' title='bbox 2816 483 2983 537; x_wconf 81' lang='lat' dir='ltr'><strong>parva</strong></span> <span class='ocrx_word' id='word_1_241' title='bbox 3017 467 3375 532; x_wconf 89' lang='lat' dir='ltr'><strong>domuncula,</strong></span> <span class='ocrx_word' id='word_1_242' title='bbox 3415 469 3596 538; x_wconf 88' lang='lat' dir='ltr'><strong>impo-</strong></span> 
     </span>
    </p>
   </div>
   <div class='ocr_carea' id='block_1_35' title="bbox 2022 557 3589 632">
    <p class='ocr_par' dir='ltr' id='par_1_35' title="bbox 2022 557 3589 632">
     <span class='ocr_line' id='line_1_35' title="bbox 2022 557 3589 632; baseline 0.003 -21"><span class='ocrx_word' id='word_1_243' title='bbox 2022 572 2162 613; x_wconf 84' lang='lat' dir='ltr'><strong>nens</strong></span> <span class='ocrx_word' id='word_1_244' title='bbox 2195 557 2474 624; x_wconf 75' lang='lat' dir='ltr'><strong>custodes,</strong></span> <span class='ocrx_word' id='word_1_245' title='bbox 2523 568 2578 614; x_wconf 90' lang='lat' dir='ltr'><strong>ct</strong></span> <span class='ocrx_word' id='word_1_246' title='bbox 2612 560 2814 614; x_wconf 89' lang='lat' dir='ltr'><strong>ostium</strong></span> <span class='ocrx_word' id='word_1_247' title='bbox 2867 559 3135 616; x_wconf 86' lang='lat' dir='ltr'><strong>obserans</strong></span> <span class='ocrx_word' id='word_1_248' title='bbox 3178 569 3233 615; x_wconf 91' lang='lat' dir='ltr'><strong>et</strong></span> <span class='ocrx_word' id='word_1_249' title='bbox 3267 561 3589 632; x_wconf 78' lang='lat' dir='ltr'><strong>obsignans.</strong></span> 
     </span>
    </p>
   </div>
   <div class='ocr_carea' id='block_1_36' title="bbox 2022 650 3596 722">
    <p class='ocr_par' dir='ltr' id='par_1_36' title="bbox 2022 650 3596 722">
     <span class='ocr_line' id='line_1_36' title="bbox 2022 650 3596 722; baseline 0.001 -17"><span class='ocrx_word' id='word_1_250' title='bbox 2022 650 2231 705; x_wconf 90' lang='lat' dir='ltr'><strong>Deinde</strong></span> <span class='ocrx_word' id='word_1_251' title='bbox 2261 650 2431 705; x_wconf 90' lang='lat' dir='ltr'><strong>etiam</strong></span> <span class='ocrx_word' id='word_1_252' title='bbox 2477 666 2672 722; x_wconf 88' lang='lat' dir='ltr'><strong>magna</strong></span> <span class='ocrx_word' id='word_1_253' title='bbox 2717 652 3001 709; x_wconf 90' lang='lat' dir='ltr'><strong>celeritate</strong></span> <span class='ocrx_word' id='word_1_254' title='bbox 3051 654 3282 709; x_wconf 78' lang='lat' dir='ltr'><strong>veniens</strong></span> <span class='ocrx_word' id='word_1_255' title='bbox 3328 652 3394 707; x_wconf 85' lang='lat' dir='ltr'><strong>ad</strong></span> <span class='ocrx_word' id='word_1_256' title='bbox 3458 669 3596 722; x_wconf 76' lang='lat' dir='ltr'><strong>pra:-</strong></span> 
     </span>
    </p>
   </div>
   <div class='ocr_carea' id='block_1_37' title="bbox 2020 740 3596 817">
    <p class='ocr_par' dir='ltr' id='par_1_37' title="bbox 2020 740 3596 817">
     <span class='ocr_line' id='line_1_37' title="bbox 2020 740 3596 817; baseline 0.001 -20"><span class='ocrx_word' id='word_1_257' title='bbox 2020 740 2196 798; x_wconf 90' lang='lat' dir='ltr'><strong>sidem</strong></span> <span class='ocrx_word' id='word_1_258' title='bbox 2232 742 2585 807; x_wconf 82' lang='lat' dir='ltr'><strong>Martianum,</strong></span> <span class='ocrx_word' id='word_1_259' title='bbox 2629 744 2722 813; x_wconf 92' lang='lat' dir='ltr'><strong>qui</strong></span> <span class='ocrx_word' id='word_1_260' title='bbox 2754 752 2884 799; x_wconf 87' lang='lat' dir='ltr'><strong>tunc</strong></span> <span class='ocrx_word' id='word_1_261' title='bbox 2913 745 3025 800; x_wconf 90' lang='lat' dir='ltr'><strong>illic</strong></span> <span class='ocrx_word' id='word_1_262' title='bbox 3053 746 3276 816; x_wconf 81' lang='lat' dir='ltr'><strong>gerebat</strong></span> <span class='ocrx_word' id='word_1_263' title='bbox 3310 746 3596 817; x_wconf 87' lang='lat' dir='ltr'><strong>magistra-</strong></span> 
     </span>
    </p>
   </div>
   <div class='ocr_carea' id='block_1_38' title="bbox 2022 831 3593 901">
    <p class='ocr_par' dir='ltr' id='par_1_38' title="bbox 2022 831 3593 901">
     <span class='ocr_line' id='line_1_38' title="bbox 2022 831 3593 901; baseline 0.001 -14"><span class='ocrx_word' id='word_1_264' title='bbox 2022 841 2160 895; x_wconf 88' lang='lat' dir='ltr'><strong>tum,</strong></span> <span class='ocrx_word' id='word_1_265' title='bbox 2200 831 2366 887; x_wconf 91' lang='lat' dir='ltr'><strong>refert</strong></span> <span class='ocrx_word' id='word_1_266' title='bbox 2422 832 2474 887; x_wconf 89' lang='lat' dir='ltr'><strong>ei</strong></span> <span class='ocrx_word' id='word_1_267' title='bbox 2510 848 2628 887; x_wconf 91' lang='lat' dir='ltr'><strong>rem</strong></span> <span class='ocrx_word' id='word_1_268' title='bbox 2683 849 2925 890; x_wconf 90' lang='lat' dir='ltr'><strong>omnem.</strong></span> <span class='ocrx_word' id='word_1_269' title='bbox 2970 836 3197 892; x_wconf 84' lang='lat' dir='ltr'><strong>Summa</strong></span> <span class='ocrx_word' id='word_1_270' title='bbox 3232 846 3417 891; x_wconf 89' lang='lat' dir='ltr'><strong>autem</strong></span> <span class='ocrx_word' id='word_1_271' title='bbox 3449 845 3593 901; x_wconf 85' lang='lat' dir='ltr'><strong>erat,</strong></span> 
     </span>
    </p>
   </div>
   <div class='ocr_carea' id='block_1_39' title="bbox 2020 924 3593 997">
    <p class='ocr_par' dir='ltr' id='par_1_39' title="bbox 2020 924 3593 997">
     <span class='ocr_line' id='line_1_39' title="bbox 2020 924 3593 997; baseline 0.002 -18"><span class='ocrx_word' id='word_1_272' title='bbox 2020 924 2166 994; x_wconf 90' lang='lat' dir='ltr'><strong>quod</strong></span> <span class='ocrx_word' id='word_1_273' title='bbox 2205 924 2339 980; x_wconf 90' lang='lat' dir='ltr'><strong>deos</strong></span> <span class='ocrx_word' id='word_1_274' title='bbox 2358 924 2580 995; x_wconf 86' lang='lat' dir='ltr'><strong>quidem</strong></span> <span class='ocrx_word' id='word_1_275' title='bbox 2609 936 2864 997; x_wconf 79' lang='lat' dir='ltr'><strong>negasset</strong></span> <span class='ocrx_word' id='word_1_276' title='bbox 2894 927 3025 992; x_wconf 80' lang='lat' dir='ltr'><strong>filia,</strong></span> <span class='ocrx_word' id='word_1_277' title='bbox 3054 943 3143 982; x_wconf 86' lang='lat' dir='ltr'><strong>res</strong></span> <span class='ocrx_word' id='word_1_278' title='bbox 3168 944 3299 983; x_wconf 89' lang='lat' dir='ltr'><strong>vero</strong></span> <span class='ocrx_word' id='word_1_279' title='bbox 3326 928 3593 984; x_wconf 85' lang='lat' dir='ltr'><strong>Christia-</strong></span> 
     </span>
    </p>
   </div>
   <div class='ocr_carea' id='block_1_40' title="bbox 2023 1017 3594 1089">
    <p class='ocr_par' dir='ltr' id='par_1_40' title="bbox 2023 1017 3594 1089">
     <span class='ocr_line' id='line_1_40' title="bbox 2023 1017 3594 1089; baseline 0.002 -17"><span class='ocrx_word' id='word_1_280' title='bbox 2023 1032 2220 1073; x_wconf 89' lang='lat' dir='ltr'><strong>norum</strong></span> <span class='ocrx_word' id='word_1_281' title='bbox 2247 1017 2499 1089; x_wconf 90' lang='lat' dir='ltr'><strong>elegisset</strong></span> <span class='ocrx_word' id='word_1_282' title='bbox 2530 1025 2727 1087; x_wconf 68' lang='lat' dir='ltr'><strong>prteter</strong></span> <span class='ocrx_word' id='word_1_283' title='bbox 2758 1033 2910 1089; x_wconf 84' lang='lat' dir='ltr'><strong>spem</strong></span> <span class='ocrx_word' id='word_1_284' title='bbox 2942 1019 3236 1076; x_wconf 87' lang='lat' dir='ltr'><strong>honorare.</strong></span> <span class='ocrx_word' id='word_1_285' title='bbox 3282 1018 3407 1076; x_wconf 58' lang='lat' dir='ltr'><strong>Hac</strong></span> <span class='ocrx_word' id='word_1_286' title='bbox 3435 1020 3594 1085; x_wconf 84' lang='lat' dir='ltr'><strong>dixit,</strong></span> 
     </span>
    </p>
   </div>
   <div class='ocr_carea' id='block_1_41' title="bbox 2022 1106 3599 1180">
    <p class='ocr_par' dir='ltr' id='par_1_41' title="bbox 2022 1106 3599 1180">
     <span class='ocr_line' id='line_1_41' title="bbox 2022 1106 3599 1180; baseline 0.001 -18"><span class='ocrx_word' id='word_1_287' title='bbox 2022 1116 2078 1162; x_wconf 88' lang='lat' dir='ltr'><strong>et</strong></span> <span class='ocrx_word' id='word_1_288' title='bbox 2101 1106 2395 1163; x_wconf 87' lang='lat' dir='ltr'><strong>adductam</strong></span> <span class='ocrx_word' id='word_1_289' title='bbox 2429 1107 2596 1164; x_wconf 86' lang='lat' dir='ltr'><strong>tradit</strong></span> <span class='ocrx_word' id='word_1_290' title='bbox 2627 1108 2683 1164; x_wconf 89' lang='lat' dir='ltr'><strong>in</strong></span> <span class='ocrx_word' id='word_1_291' title='bbox 2711 1124 2909 1165; x_wconf 85' lang='lat' dir='ltr'><strong>manus</strong></span> <span class='ocrx_word' id='word_1_292' title='bbox 2942 1109 3112 1175; x_wconf 88' lang='lat' dir='ltr'><strong>illius,</strong></span> <span class='ocrx_word' id='word_1_293' title='bbox 3142 1125 3268 1165; x_wconf 86' lang='lat' dir='ltr'><strong>eum</strong></span> <span class='ocrx_word' id='word_1_294' title='bbox 3294 1124 3422 1165; x_wconf 88' lang='lat' dir='ltr'><strong>eum</strong></span> <span class='ocrx_word' id='word_1_295' title='bbox 3442 1110 3599 1180; x_wconf 88' lang='lat' dir='ltr'><strong>prius</strong></span> 
     </span>
    </p>
   </div>
   <div class='ocr_carea' id='block_1_42' title="bbox 2023 1202 3594 1274">
    <p class='ocr_par' dir='ltr' id='par_1_42' title="bbox 2023 1202 3594 1274">
     <span class='ocr_line' id='line_1_42' title="bbox 2023 1202 3594 1274; baseline 0 -16"><span class='ocrx_word' id='word_1_296' title='bbox 2023 1202 2297 1272; x_wconf 77' lang='lat' dir='ltr'><strong>adegisset</strong></span> <span class='ocrx_word' id='word_1_297' title='bbox 2355 1212 2723 1267; x_wconf 88' lang='lat' dir='ltr'><strong>sacramento,</strong></span> <span class='ocrx_word' id='word_1_298' title='bbox 2778 1218 2890 1258; x_wconf 89' lang='lat' dir='ltr'><strong>non</strong></span> <span class='ocrx_word' id='word_1_299' title='bbox 2948 1218 3240 1274; x_wconf 87' lang='lat' dir='ltr'><strong>parsurum</strong></span> <span class='ocrx_word' id='word_1_300' title='bbox 3295 1217 3419 1258; x_wconf 90' lang='lat' dir='ltr'><strong>esse</strong></span> <span class='ocrx_word' id='word_1_301' title='bbox 3449 1203 3594 1263; x_wconf 81' lang='lat' dir='ltr'><strong>tiliae.</strong></span> 
     </span>
    </p>
   </div>
   <div class='ocr_carea' id='block_1_43' title="bbox 2022 1296 3593 1369">
    <p class='ocr_par' dir='ltr' id='par_1_43' title="bbox 2022 1296 3593 1369">
     <span class='ocr_line' id='line_1_43' title="bbox 2022 1296 3593 1369; baseline -0.001 -17"><span class='ocrx_word' id='word_1_302' title='bbox 2022 1297 2078 1368; x_wconf 89' lang='lat'><strong>(0</strong></span> <span class='ocrx_word' id='word_1_303' title='bbox 2113 1305 2335 1368; x_wconf 84' lang='lat' dir='ltr'><strong>paterna</strong></span> <span class='ocrx_word' id='word_1_304' title='bbox 2366 1296 2599 1363; x_wconf 81' lang='lat' dir='ltr'><strong>viscera,</strong></span> <span class='ocrx_word' id='word_1_305' title='bbox 2642 1300 2845 1369; x_wconf 84' lang='lat' dir='ltr'><strong>pater!)</strong></span> <span class='ocrx_word' id='word_1_306' title='bbox 2894 1299 2987 1355; x_wconf 93' lang='lat' dir='ltr'><strong>sed</strong></span> <span class='ocrx_word' id='word_1_307' title='bbox 3044 1298 3439 1354; x_wconf 76' lang='lat' dir='ltr'><strong>violentissime</strong></span> <span class='ocrx_word' id='word_1_308' title='bbox 3472 1313 3593 1354; x_wconf 88' lang='lat' dir='ltr'><strong>eam</strong></span> 
     </span>
    </p>
   </div>
   <div class='ocr_carea' id='block_1_44' title="bbox 2021 1389 3599 1462">
    <p class='ocr_par' dir='ltr' id='par_1_44' title="bbox 2021 1389 3599 1462">
     <span class='ocr_line' id='line_1_44' title="bbox 2021 1389 3599 1462; baseline -0.001 -19"><span class='ocrx_word' id='word_1_309' title='bbox 2021 1401 2143 1445; x_wconf 89' lang='lat' dir='ltr'><strong>esse</strong></span> <span class='ocrx_word' id='word_1_310' title='bbox 2172 1397 2555 1453; x_wconf 84' lang='lat' dir='ltr'><strong>tractaturum,</strong></span> <span class='ocrx_word' id='word_1_311' title='bbox 2592 1400 2649 1445; x_wconf 89' lang='lat' dir='ltr'><strong>et</strong></span> <span class='ocrx_word' id='word_1_312' title='bbox 2693 1406 2817 1447; x_wconf 86' lang='lat' dir='ltr'><strong>esse</strong></span> <span class='ocrx_word' id='word_1_313' title='bbox 2857 1389 3200 1462; x_wconf 76' lang='lat' dir='ltr'><strong>gravissimis</strong></span> <span class='ocrx_word' id='word_1_314' title='bbox 3240 1397 3599 1459; x_wconf 84' lang='lat' dir='ltr'><strong>consumptu-</strong></span> 
     </span>
    </p>
   </div>
   <div class='ocr_carea' id='block_1_45' title="bbox 2024 1483 2475 1553">
    <p class='ocr_par' dir='ltr' id='par_1_45' title="bbox 2024 1483 2475 1553">
     <span class='ocr_line' id='line_1_45' title="bbox 2024 1483 2475 1553; baseline 0.011 -19"><span class='ocrx_word' id='word_1_315' title='bbox 2024 1495 2143 1536; x_wconf 90' lang='lat' dir='ltr'><strong>rum</strong></span> <span class='ocrx_word' id='word_1_316' title='bbox 2170 1483 2475 1553; x_wconf 74' lang='lat' dir='ltr'><strong>suppliciis;</strong></span> 
     </span>
    </p>
   </div>
   <div class='ocr_carea' id='block_1_46' title="bbox 2094 1572 3602 1649">
    <p class='ocr_par' dir='ltr' id='par_1_46' title="bbox 2094 1572 3602 1649">
     <span class='ocr_line' id='line_1_46' title="bbox 2094 1572 3602 1649; baseline 0 -20"><span class='ocrx_word' id='word_1_317' title='bbox 2094 1572 2180 1629; x_wconf 85' lang='lat' dir='ltr'><strong>Vl.</strong></span> <span class='ocrx_word' id='word_1_318' title='bbox 2206 1574 2502 1632; x_wconf 82' lang='lat' dir='ltr'><strong>Martianus</strong></span> <span class='ocrx_word' id='word_1_319' title='bbox 2545 1592 2676 1649; x_wconf 88' lang='lat' dir='ltr'><strong>ergo</strong></span> <span class='ocrx_word' id='word_1_320' title='bbox 2700 1591 2828 1633; x_wconf 89' lang='lat' dir='ltr'><strong>cum</strong></span> <span class='ocrx_word' id='word_1_321' title='bbox 2856 1576 3049 1634; x_wconf 86' lang='lat' dir='ltr'><strong>sedere</strong></span> <span class='ocrx_word' id='word_1_322' title='bbox 3094 1577 3350 1649; x_wconf 88' lang='lat' dir='ltr'><strong>protinus</strong></span> <span class='ocrx_word' id='word_1_323' title='bbox 3381 1575 3602 1632; x_wconf 79' lang='lat' dir='ltr'><strong>fecisset</strong></span> 
     </span>
    </p>
   </div>
   <div class='ocr_carea' id='block_1_47' title="bbox 2020 1665 3599 1736">
    <p class='ocr_par' dir='ltr' id='par_1_47' title="bbox 2020 1665 3599 1736">
     <span class='ocr_line' id='line_1_47' title="bbox 2020 1665 3599 1736; baseline 0.002 -17"><span class='ocrx_word' id='word_1_324' title='bbox 2020 1665 2313 1736; x_wconf 82' lang='lat' dir='ltr'><strong>judicium,</strong></span> <span class='ocrx_word' id='word_1_325' title='bbox 2370 1675 2427 1723; x_wconf 93' lang='lat' dir='ltr'><strong>et</strong></span> <span class='ocrx_word' id='word_1_326' title='bbox 2483 1677 2728 1723; x_wconf 86' lang='lat' dir='ltr'><strong>sanctam</strong></span> <span class='ocrx_word' id='word_1_327' title='bbox 2782 1677 3029 1726; x_wconf 84' lang='lat' dir='ltr'><strong>curasset</strong></span> <span class='ocrx_word' id='word_1_328' title='bbox 3088 1668 3412 1732; x_wconf 86' lang='lat' dir='ltr'><strong>sistendam,</strong></span> <span class='ocrx_word' id='word_1_329' title='bbox 3468 1676 3599 1722; x_wconf 90' lang='lat' dir='ltr'><strong>tunc</strong></span> 
     </span>
    </p>
   </div>
   <div class='ocr_carea' id='block_1_48' title="bbox 2023 1759 3600 1829">
    <p class='ocr_par' dir='ltr' id='par_1_48' title="bbox 2023 1759 3600 1829">
     <span class='ocr_line' id='line_1_48' title="bbox 2023 1759 3600 1829; baseline 0.003 -19"><span class='ocrx_word' id='word_1_330' title='bbox 2023 1772 2237 1811; x_wconf 91' lang='lat' dir='ltr'><strong>morum</strong></span> <span class='ocrx_word' id='word_1_331' title='bbox 2274 1759 2678 1829; x_wconf 85' lang='lat' dir='ltr'><strong>contemplatus</strong></span> <span class='ocrx_word' id='word_1_332' title='bbox 2727 1761 3094 1827; x_wconf 84' lang='lat' dir='ltr'><strong>honestatem,</strong></span> <span class='ocrx_word' id='word_1_333' title='bbox 3145 1768 3202 1815; x_wconf 91' lang='lat' dir='ltr'><strong>et</strong></span> <span class='ocrx_word' id='word_1_334' title='bbox 3236 1759 3427 1816; x_wconf 68' lang='lat' dir='ltr'><strong>formae</strong></span> <span class='ocrx_word' id='word_1_335' title='bbox 3478 1760 3600 1829; x_wconf 84' lang='lat' dir='ltr'><strong>pul—</strong></span> 
     </span>
    </p>
   </div>
   <div class='ocr_carea' id='block_1_49' title="bbox 2023 1848 3598 1921">
    <p class='ocr_par' dir='ltr' id='par_1_49' title="bbox 2023 1848 3598 1921">
     <span class='ocr_line' id='line_1_49' title="bbox 2023 1848 3598 1921; baseline 0.002 -20"><span class='ocrx_word' id='word_1_336' title='bbox 2023 1848 2413 1919; x_wconf 69' lang='lat' dir='ltr'><strong>(-lrritudinem,</strong></span> <span class='ocrx_word' id='word_1_337' title='bbox 2445 1851 2617 1920; x_wconf 86' lang='lat' dir='ltr'><strong>patris</strong></span> <span class='ocrx_word' id='word_1_338' title='bbox 2644 1851 2979 1908; x_wconf 87' lang='lat' dir='ltr'><strong>sacramenti</strong></span> <span class='ocrx_word' id='word_1_339' title='bbox 3016 1852 3246 1915; x_wconf 85' lang='lat' dir='ltr'><strong>oblitus,</strong></span> <span class='ocrx_word' id='word_1_340' title='bbox 3287 1866 3409 1908; x_wconf 82' lang='lat' dir='ltr'><strong>eam</strong></span> <span class='ocrx_word' id='word_1_341' title='bbox 3436 1865 3598 1921; x_wconf 88' lang='lat' dir='ltr'><strong>para-</strong></span> 
     </span>
    </p>
   </div>
   <div class='ocr_carea' id='block_1_50' title="bbox 1984 1938 3600 2017">
    <p class='ocr_par' dir='ltr' id='par_1_50' title="bbox 1984 1938 3600 2017">
     <span class='ocr_line' id='line_1_50' title="bbox 1984 1938 3600 2017; baseline -0.001 -20"><span class='ocrx_word' id='word_1_342' title='bbox 1984 1938 1997 1952; x_wconf 85' lang='grc'>⁶</span> <span class='ocrx_word' id='word_1_343' title='bbox 2026 1951 2112 1997; x_wconf 83' lang='lat' dir='ltr'><strong>tus</strong></span> <span class='ocrx_word' id='word_1_344' title='bbox 2139 1953 2259 1998; x_wconf 89' lang='lat' dir='ltr'><strong>erat</strong></span> <span class='ocrx_word' id='word_1_345' title='bbox 2296 1945 2469 2015; x_wconf 88' lang='lat' dir='ltr'><strong>magis</strong></span> <span class='ocrx_word' id='word_1_346' title='bbox 2492 1945 2702 2011; x_wconf 90' lang='lat' dir='ltr'><strong>mirari,</strong></span> <span class='ocrx_word' id='word_1_347' title='bbox 2739 1961 2903 2016; x_wconf 90' lang='lat' dir='ltr'><strong>quam</strong></span> <span class='ocrx_word' id='word_1_348' title='bbox 2936 1946 3227 2017; x_wconf 87' lang='lat' dir='ltr'><strong>castigare.</strong></span> <span class='ocrx_word' id='word_1_349' title='bbox 3264 1944 3355 2000; x_wconf 88' lang='lat' dir='ltr'><strong>Sic</strong></span> <span class='ocrx_word' id='word_1_350' title='bbox 3386 1958 3519 2014; x_wconf 88' lang='lat' dir='ltr'><strong>ergo</strong></span> <span class='ocrx_word' id='word_1_351' title='bbox 3543 1950 3600 1996; x_wconf 90' lang='lat' dir='ltr'><strong>et</strong></span> 
     </span>
    </p>
   </div>
   <div class='ocr_carea' id='block_1_51' title="bbox 2022 2034 3600 2107">
    <p class='ocr_par' dir='ltr' id='par_1_51' title="bbox 2022 2034 3600 2107">
     <span class='ocr_line' id='line_1_51' title="bbox 2022 2034 3600 2107; baseline 0 -21"><span class='ocrx_word' id='word_1_352' title='bbox 2022 2035 2207 2090; x_wconf 81' lang='lat' dir='ltr'><strong>verbis</strong></span> <span class='ocrx_word' id='word_1_353' title='bbox 2256 2036 2714 2107; x_wconf 88' lang='lat' dir='ltr'><strong>benignioribus:</strong></span> <span class='ocrx_word' id='word_1_354' title='bbox 2769 2037 3030 2093; x_wconf 80' lang='lat' dir='ltr'><strong>Miserere</strong></span> <span class='ocrx_word' id='word_1_355' title='bbox 3089 2037 3190 2103; x_wconf 87' lang='lat' dir='ltr'><strong>tui,</strong></span> <span class='ocrx_word' id='word_1_356' title='bbox 3263 2034 3513 2098; x_wconf 82' lang='lat' dir='ltr'><strong>dicebat,</strong></span> <span class='ocrx_word' id='word_1_357' title='bbox 3567 2049 3600 2086; x_wconf 91' lang='grc' dir='ltr'><strong>ο</strong></span> 
     </span>
    </p>
   </div>
   <div class='ocr_carea' id='block_1_52' title="bbox 2023 2127 3599 2200">
    <p class='ocr_par' dir='ltr' id='par_1_52' title="bbox 2023 2127 3599 2200">
     <span class='ocr_line' id='line_1_52' title="bbox 2023 2127 3599 2200; baseline -0.002 -18"><span class='ocrx_word' id='word_1_358' title='bbox 2023 2127 2285 2192; x_wconf 86' lang='lat' dir='ltr'><strong>Barbara,</strong></span> <span class='ocrx_word' id='word_1_359' title='bbox 2348 2139 2713 2200; x_wconf 79' lang='lat' dir='ltr'><strong>promptaque</strong></span> <span class='ocrx_word' id='word_1_360' title='bbox 2761 2140 2817 2185; x_wconf 89' lang='lat' dir='ltr'><strong>et</strong></span> <span class='ocrx_word' id='word_1_361' title='bbox 2868 2129 3037 2186; x_wconf 88' lang='lat' dir='ltr'><strong>alacri</strong></span> <span class='ocrx_word' id='word_1_362' title='bbox 3088 2130 3275 2185; x_wconf 87' lang='lat' dir='ltr'><strong>animo</strong></span> <span class='ocrx_word' id='word_1_363' title='bbox 3310 2128 3599 2183; x_wconf 86' lang='lat' dir='ltr'><strong>nobiscqu</strong></span> 
     </span>
    </p>
   </div>
   <div class='ocr_carea' id='block_1_53' title="bbox 2023 2220 3598 2292">
    <p class='ocr_par' dir='ltr' id='par_1_53' title="bbox 2023 2220 3598 2292">
     <span class='ocr_line' id='line_1_53' title="bbox 2023 2220 3598 2292; baseline -0.002 -15"><span class='ocrx_word' id='word_1_364' title='bbox 2023 2220 2130 2277; x_wconf 86' lang='lat' dir='ltr'><strong>diis</strong></span> <span class='ocrx_word' id='word_1_365' title='bbox 2152 2222 2423 2277; x_wconf 78' lang='lat' dir='ltr'><strong>sacriﬁca.</strong></span> <span class='ocrx_word' id='word_1_366' title='bbox 2456 2221 2591 2276; x_wconf 88' lang='lat' dir='ltr'><strong>Nam</strong></span> <span class='ocrx_word' id='word_1_367' title='bbox 2620 2237 2723 2292; x_wconf 86' lang='lat' dir='ltr'><strong>ego</strong></span> <span class='ocrx_word' id='word_1_368' title='bbox 2747 2222 2973 2292; x_wconf 85' lang='lat' dir='ltr'><strong>quidem</strong></span> <span class='ocrx_word' id='word_1_369' title='bbox 3007 2221 3086 2277; x_wconf 92' lang='lat' dir='ltr'><strong>tui</strong></span> <span class='ocrx_word' id='word_1_370' title='bbox 3133 2236 3323 2277; x_wconf 90' lang='lat' dir='ltr'><strong>curam</strong></span> <span class='ocrx_word' id='word_1_371' title='bbox 3354 2234 3506 2290; x_wconf 88' lang='lat' dir='ltr'><strong>gero,</strong></span> <span class='ocrx_word' id='word_1_372' title='bbox 3540 2230 3598 2274; x_wconf 92' lang='lat' dir='ltr'><strong>et</strong></span> 
     </span>
    </p>
   </div>
   <div class='ocr_carea' id='block_1_54' title="bbox 2025 2312 3598 2385">
    <p class='ocr_par' dir='ltr' id='par_1_54' title="bbox 2025 2312 3598 2385">
     <span class='ocr_line' id='line_1_54' title="bbox 2025 2312 3598 2385; baseline -0.001 -19"><span class='ocrx_word' id='word_1_373' title='bbox 2025 2328 2190 2383; x_wconf 89' lang='lat' dir='ltr'><strong>parco</strong></span> <span class='ocrx_word' id='word_1_374' title='bbox 2231 2313 2520 2369; x_wconf 89' lang='lat' dir='ltr'><strong>tormentis</strong></span> <span class='ocrx_word' id='word_1_375' title='bbox 2568 2313 2730 2367; x_wconf 83' lang='lat' dir='ltr'><strong>talem</strong></span> <span class='ocrx_word' id='word_1_376' title='bbox 2780 2313 3058 2385; x_wconf 80' lang='lat' dir='ltr'><strong>subjicere</strong></span> <span class='ocrx_word' id='word_1_377' title='bbox 3102 2312 3598 2385; x_wconf 86' lang='lat' dir='ltr'><strong>pulchritudinem.</strong></span> 
     </span>
    </p>
   </div>
   <div class='ocr_carea' id='block_1_55' title="bbox 2029 2403 3599 2476">
    <p class='ocr_par' dir='ltr' id='par_1_55' title="bbox 2029 2403 3599 2476">
     <span class='ocr_line' id='line_1_55' title="bbox 2029 2403 3599 2476; baseline -0.001 -17"><span class='ocrx_word' id='word_1_378' title='bbox 2029 2404 2125 2460; x_wconf 91' lang='lat' dir='ltr'><strong>Sin</strong></span> <span class='ocrx_word' id='word_1_379' title='bbox 2152 2414 2337 2461; x_wconf 88' lang='lat' dir='ltr'><strong>autem</strong></span> <span class='ocrx_word' id='word_1_380' title='bbox 2368 2420 2476 2460; x_wconf 91' lang='lat' dir='ltr'><strong>non</strong></span> <span class='ocrx_word' id='word_1_381' title='bbox 2512 2406 2784 2476; x_wconf 85' lang='lat' dir='ltr'><strong>parueris,</strong></span> <span class='ocrx_word' id='word_1_382' title='bbox 2819 2422 2906 2462; x_wconf 91' lang='lat' dir='ltr'><strong>me</strong></span> <span class='ocrx_word' id='word_1_383' title='bbox 2929 2405 3192 2475; x_wconf 83' lang='lat' dir='ltr'><strong>deinceps</strong></span> <span class='ocrx_word' id='word_1_384' title='bbox 3221 2420 3386 2476; x_wconf 87' lang='lat' dir='ltr'><strong>coges</strong></span> <span class='ocrx_word' id='word_1_385' title='bbox 3412 2412 3465 2459; x_wconf 90' lang='lat' dir='ltr'><strong>te</strong></span> <span class='ocrx_word' id='word_1_386' title='bbox 3494 2403 3599 2466; x_wconf 92' lang='lat' dir='ltr'><strong>uti,</strong></span> 
     </span>
    </p>
   </div>
   <div class='ocr_carea' id='block_1_56' title="bbox 2026 2497 3604 2572">
    <p class='ocr_par' dir='ltr' id='par_1_56' title="bbox 2026 2497 3604 2572">
     <span class='ocr_line' id='line_1_56' title="bbox 2026 2497 3604 2572; baseline -0.002 -18"><span class='ocrx_word' id='word_1_387' title='bbox 2026 2510 2080 2569; x_wconf 67' lang='lat' dir='ltr'><strong>ut</strong></span> <span class='ocrx_word' id='word_1_388' title='bbox 2121 2500 2259 2555; x_wconf 87' lang='lat' dir='ltr'><strong>volo.</strong></span> <span class='ocrx_word' id='word_1_389' title='bbox 2313 2500 2517 2572; x_wconf 79' lang='lat' dir='ltr'><strong>Marlyr</strong></span> <span class='ocrx_word' id='word_1_390' title='bbox 2569 2507 2794 2555; x_wconf 87' lang='lat' dir='ltr'><strong>autem:</strong></span> <span class='ocrx_word' id='word_1_391' title='bbox 2845 2498 2962 2571; x_wconf 84' lang='lat' dir='ltr'><strong>Ego</strong></span> <span class='ocrx_word' id='word_1_392' title='bbox 2990 2499 3344 2562; x_wconf 84' lang='lat' dir='ltr'><strong>sacriﬁcium,</strong></span> <span class='ocrx_word' id='word_1_393' title='bbox 3402 2497 3604 2567; x_wconf 89' lang='lat' dir='ltr'><strong>inquit,</strong></span> 
     </span>
    </p>
   </div>
   <div class='ocr_carea' id='block_1_57' title="bbox 2024 2590 3608 2662">
    <p class='ocr_par' dir='ltr' id='par_1_57' title="bbox 2024 2590 3608 2662">
     <span class='ocr_line' id='line_1_57' title="bbox 2024 2590 3608 2662; baseline -0.002 -15"><span class='ocrx_word' id='word_1_394' title='bbox 2024 2590 2204 2647; x_wconf 87' lang='lat' dir='ltr'><strong>laudis</strong></span> <span class='ocrx_word' id='word_1_395' title='bbox 2240 2591 2353 2647; x_wconf 91' lang='lat' dir='ltr'><strong>Deo</strong></span> <span class='ocrx_word' id='word_1_396' title='bbox 2414 2607 2538 2647; x_wconf 90' lang='lat' dir='ltr'><strong>meo</strong></span> <span class='ocrx_word' id='word_1_397' title='bbox 2568 2592 2765 2659; x_wconf 73' lang='lat' dir='ltr'><strong>offero,</strong></span> <span class='ocrx_word' id='word_1_398' title='bbox 2797 2593 2892 2662; x_wconf 88' lang='lat' dir='ltr'><strong>qui</strong></span> <span class='ocrx_word' id='word_1_399' title='bbox 2923 2593 3130 2649; x_wconf 86' lang='lat' dir='ltr'><strong>ereavit</strong></span> <span class='ocrx_word' id='word_1_400' title='bbox 3159 2592 3362 2648; x_wconf 62' lang='lat' dir='ltr'><strong>caelum</strong></span> <span class='ocrx_word' id='word_1_401' title='bbox 3399 2600 3455 2647; x_wconf 90' lang='lat' dir='ltr'><strong>et</strong></span> <span class='ocrx_word' id='word_1_402' title='bbox 3496 2599 3608 2646; x_wconf 76' lang='lat' dir='ltr'><strong>ter-</strong></span> 
     </span>
    </p>
   </div>
   <div class='ocr_carea' id='block_1_58' title="bbox 2025 2682 3610 2754">
    <p class='ocr_par' dir='ltr' id='par_1_58' title="bbox 2025 2682 3610 2754">
     <span class='ocr_line' id='line_1_58' title="bbox 2025 2682 3610 2754; baseline -0.002 -15"><span class='ocrx_word' id='word_1_403' title='bbox 2025 2699 2165 2748; x_wconf 87' lang='lat' dir='ltr'><strong>ram,</strong></span> <span class='ocrx_word' id='word_1_404' title='bbox 2202 2692 2257 2738; x_wconf 90' lang='lat' dir='ltr'><strong>et</strong></span> <span class='ocrx_word' id='word_1_405' title='bbox 2288 2684 2472 2738; x_wconf 86' lang='lat' dir='ltr'><strong>omnia</strong></span> <span class='ocrx_word' id='word_1_406' title='bbox 2507 2700 2630 2754; x_wconf 74' lang='lat' dir='ltr'><strong>qua:</strong></span> <span class='ocrx_word' id='word_1_407' title='bbox 2653 2685 2706 2739; x_wconf 90' lang='lat' dir='ltr'><strong>in</strong></span> <span class='ocrx_word' id='word_1_408' title='bbox 2735 2685 2820 2740; x_wconf 90' lang='lat' dir='ltr'><strong>eis</strong></span> <span class='ocrx_word' id='word_1_409' title='bbox 2841 2693 2991 2740; x_wconf 90' lang='lat' dir='ltr'><strong>sunt.</strong></span> <span class='ocrx_word' id='word_1_410' title='bbox 3041 2685 3117 2739; x_wconf 91' lang='lat' dir='ltr'><strong>De</strong></span> <span class='ocrx_word' id='word_1_411' title='bbox 3172 2683 3282 2740; x_wconf 89' lang='lat' dir='ltr'><strong>tuis</strong></span> <span class='ocrx_word' id='word_1_412' title='bbox 3315 2699 3467 2744; x_wconf 90' lang='lat' dir='ltr'><strong>vero.</strong></span> <span class='ocrx_word' id='word_1_413' title='bbox 3524 2682 3610 2737; x_wconf 90' lang='lat' dir='ltr'><strong>in-</strong></span> 
     </span>
    </p>
   </div>
   <div class='ocr_carea' id='block_1_59' title="bbox 2026 2773 3609 2845">
    <p class='ocr_par' dir='ltr' id='par_1_59' title="bbox 2026 2773 3609 2845">
     <span class='ocr_line' id='line_1_59' title="bbox 2026 2773 3609 2845; baseline -0.002 -16"><span class='ocrx_word' id='word_1_414' title='bbox 2026 2776 2165 2845; x_wconf 89' lang='lat' dir='ltr'><strong>quit.</strong></span> <span class='ocrx_word' id='word_1_415' title='bbox 2204 2775 2360 2830; x_wconf 87' lang='lat' dir='ltr'><strong>vanis</strong></span> <span class='ocrx_word' id='word_1_416' title='bbox 2407 2774 2514 2830; x_wconf 89' lang='lat' dir='ltr'><strong>diis</strong></span> <span class='ocrx_word' id='word_1_417' title='bbox 2574 2774 2901 2845; x_wconf 67' lang='lat' dir='ltr'><strong>praedictum</strong></span> <span class='ocrx_word' id='word_1_418' title='bbox 2933 2773 3160 2845; x_wconf 89' lang='lat' dir='ltr'><strong>quidem</strong></span> <span class='ocrx_word' id='word_1_419' title='bbox 3198 2782 3285 2829; x_wconf 88' lang='lat' dir='ltr'><strong>est</strong></span> <span class='ocrx_word' id='word_1_420' title='bbox 3336 2789 3367 2828; x_wconf 89' lang='lat' dir='ltr'><strong>a</strong></span> <span class='ocrx_word' id='word_1_421' title='bbox 3401 2774 3609 2829; x_wconf 83' lang='lat' dir='ltr'><strong>Davide</strong></span> 
     </span>
    </p>
   </div>
   <div class='ocr_carea' id='block_1_60' title="bbox 2028 2862 3605 2934">
    <p class='ocr_par' dir='ltr' id='par_1_60' title="bbox 2028 2862 3605 2934">
     <span class='ocr_line' id='line_1_60' title="bbox 2028 2862 3605 2934; baseline 0 -15"><span class='ocrx_word' id='word_1_422' title='bbox 2028 2865 2083 2920; x_wconf 90' lang='lat' dir='ltr'><strong>in</strong></span> <span class='ocrx_word' id='word_1_423' title='bbox 2120 2864 2308 2919; x_wconf 88' lang='lat' dir='ltr'><strong>divino</strong></span> <span class='ocrx_word' id='word_1_424' title='bbox 2346 2862 2554 2934; x_wconf 90' lang='lat' dir='ltr'><strong>Spiritu</strong></span> <span class='ocrx_word' id='word_1_425' title='bbox 2584 2880 2596 2916; x_wconf 90' lang='lat'>:</span> <span class='ocrx_word' id='word_1_426' title='bbox 2635 2882 2654 2916; x_wconf 86' lang='grc' dir='ltr'><strong>ι</strong></span> <span class='ocrx_word' id='word_1_427' title='bbox 2698 2864 3003 2919; x_wconf 90' lang='lat' dir='ltr'><strong>Simulacra</strong></span> <span class='ocrx_word' id='word_1_428' title='bbox 3038 2864 3283 2934; x_wconf 81' lang='lat' dir='ltr'><strong>gentium</strong></span> <span class='ocrx_word' id='word_1_429' title='bbox 3319 2873 3605 2933; x_wconf 85' lang='lat' dir='ltr'><strong>argentum</strong></span> 
     </span>
    </p>
   </div>
   <div class='ocr_carea' id='block_1_61' title="bbox 2029 2956 3605 3029">
    <p class='ocr_par' dir='ltr' id='par_1_61' title="bbox 2029 2956 3605 3029">
     <span class='ocr_line' id='line_1_61' title="bbox 2029 2956 3605 3029; baseline -0.003 -16"><span class='ocrx_word' id='word_1_430' title='bbox 2029 2967 2085 3013; x_wconf 91' lang='lat' dir='ltr'><strong>et</strong></span> <span class='ocrx_word' id='word_1_431' title='bbox 2140 2972 2361 3020; x_wconf 88' lang='lat' dir='ltr'><strong>aurum,</strong></span> <span class='ocrx_word' id='word_1_432' title='bbox 2419 2972 2586 3029; x_wconf 88' lang='lat' dir='ltr'><strong>opera</strong></span> <span class='ocrx_word' id='word_1_433' title='bbox 2649 2972 2912 3012; x_wconf 89' lang='lat' dir='ltr'><strong>manuum</strong></span> <span class='ocrx_word' id='word_1_434' title='bbox 2973 2956 3265 3011; x_wconf 90' lang='lat' dir='ltr'><strong>hominum</strong></span> <span class='ocrx_word' id='word_1_435' title='bbox 3315 2956 3360 3011; x_wconf 74' lang='grc'><strong>⁸.</strong></span> <span class='ocrx_word' id='word_1_436' title='bbox 3415 2975 3432 3006; x_wconf 76' lang='grc' dir='ltr'><strong>ι</strong></span> <span class='ocrx_word' id='word_1_437' title='bbox 3493 2956 3605 3011; x_wconf 86' lang='lat' dir='ltr'><strong>Et:</strong></span> 
     </span>
    </p>
   </div>
   <div class='ocr_carea' id='block_1_62' title="bbox 344 3043 1927 3125">
    <p class='ocr_par' dir='ltr' id='par_1_62' title="bbox 344 3043 1924 3125">
     <span class='ocr_line' id='line_1_62' title="bbox 344 3043 1924 3125; baseline -0.006 -19"><span class='ocrx_word' id='word_1_438' title='bbox 344 3049 595 3123; x_wconf 75' lang='grc' dir='ltr'>χρυσίον,</span> <span class='ocrx_word' id='word_1_439' title='bbox 622 3050 759 3117; x_wconf 82' lang='grc' dir='ltr'>ἔργα</span> <span class='ocrx_word' id='word_1_440' title='bbox 794 3048 993 3120; x_wconf 81' lang='grc' dir='ltr'>χειρῶν</span> <span class='ocrx_word' id='word_1_441' title='bbox 1020 3046 1350 3125; x_wconf 79' lang='grc' dir='ltr'>ἀνθρώπων,</span> <span class='ocrx_word' id='word_1_442' title='bbox 1382 3065 1400 3098; x_wconf 77' lang='grc' dir='ltr'><strong>ι</strong></span> <span class='ocrx_word' id='word_1_443' title='bbox 1430 3045 1522 3099; x_wconf 72' lang='grc' dir='ltr'>καὶ</span> <span class='ocrx_word' id='word_1_444' title='bbox 1556 3046 1637 3097; x_wconf 77' lang='grc' dir='ltr'>ὅτι</span> <span class='ocrx_word' id='word_1_445' title='bbox 1666 3064 1684 3097; x_wconf 87' lang='grc' dir='ltr'><strong>ι</strong></span> <span class='ocrx_word' id='word_1_446' title='bbox 1714 3043 1924 3106; x_wconf 83' lang='grc' dir='ltr'>Πάντες</span> 
     </span>
    </p>
   </div>
   <div class='ocr_carea' id='block_1_63' title="bbox 2026 3043 3606 3125">
    <p class='ocr_par' dir='ltr' id='par_1_63' title="bbox 2040 3048 3606 3121">
     <span class='ocr_line' id='line_1_63' title="bbox 2040 3048 3606 3121; baseline -0.001 -18"><span class='ocrx_word' id='word_1_447' title='bbox 2040 3070 2057 3103; x_wconf 86' lang='grc' dir='ltr'><strong>ι</strong></span> <span class='ocrx_word' id='word_1_448' title='bbox 2097 3048 2303 3105; x_wconf 85' lang='lat' dir='ltr'><strong>Omnes</strong></span> <span class='ocrx_word' id='word_1_449' title='bbox 2333 3048 2409 3104; x_wconf 90' lang='lat' dir='ltr'><strong>dii</strong></span> <span class='ocrx_word' id='word_1_450' title='bbox 2467 3048 2710 3121; x_wconf 90' lang='lat' dir='ltr'><strong>gentium</strong></span> <span class='ocrx_word' id='word_1_451' title='bbox 2766 3048 3080 3105; x_wconf 68' lang='lat' dir='ltr'><strong>dzemonia:</strong></span> <span class='ocrx_word' id='word_1_452' title='bbox 3115 3048 3380 3104; x_wconf 86' lang='lat' dir='ltr'><strong>Dominus</strong></span> <span class='ocrx_word' id='word_1_453' title='bbox 3425 3058 3606 3102; x_wconf 84' lang='lat' dir='ltr'><strong>autem</strong></span> 
     </span>
    </p>
   </div>
   <div class='ocr_carea' id='block_1_64' title="bbox 344 3135 1929 3210">
    <p class='ocr_par' dir='ltr' id='par_1_64' title="bbox 344 3135 1929 3210">
     <span class='ocr_line' id='line_1_64' title="bbox 344 3135 1929 3210; baseline -0.006 -12"><span class='ocrx_word' id='word_1_454' title='bbox 344 3149 393 3198; x_wconf 80' lang='grc' dir='ltr'>οἱ</span> <span class='ocrx_word' id='word_1_455' title='bbox 483 3144 597 3197; x_wconf 70' lang='grc' dir='ltr'>θεοὶ</span> <span class='ocrx_word' id='word_1_456' title='bbox 650 3142 762 3195; x_wconf 88' lang='grc' dir='ltr'><strong>τῶν</strong></span> <span class='ocrx_word' id='word_1_457' title='bbox 835 3140 1012 3194; x_wconf 82' lang='grc' dir='ltr'>ἐθνῶν</span> <span class='ocrx_word' id='word_1_458' title='bbox 1118 3139 1396 3210; x_wconf 81' lang='grc' dir='ltr'>δαιμόνια.</span> <span class='ocrx_word' id='word_1_459' title='bbox 1442 3158 1459 3189; x_wconf 75' lang='grc' dir='ltr'><strong>ι</strong></span> <span class='ocrx_word' id='word_1_460' title='bbox 1518 3137 1788 3208; x_wconf 71' lang='grc' dir='ltr'>Σύμφημι</span> <span class='ocrx_word' id='word_1_461' title='bbox 1872 3135 1929 3188; x_wconf 80' lang='grc' dir='ltr'>δὲ</span> 
     </span>
    </p>
   </div>
   <div class='ocr_carea' id='block_1_65' title="bbox 346 3227 1929 3306">
    <p class='ocr_par' dir='ltr' id='par_1_65' title="bbox 346 3227 1929 3306">
     <span class='ocr_line' id='line_1_65' title="bbox 346 3227 1929 3306; baseline -0.007 -15"><span class='ocrx_word' id='word_1_462' title='bbox 346 3234 557 3306; x_wconf 69' lang='grc' dir='ltr'>κάγὼ,</span> <span class='ocrx_word' id='word_1_463' title='bbox 642 3236 737 3289; x_wconf 68' lang='grc' dir='ltr'>καὶ</span> <span class='ocrx_word' id='word_1_464' title='bbox 808 3233 908 3305; x_wconf 73' lang='grc' dir='ltr'>τὴν</span> <span class='ocrx_word' id='word_1_465' title='bbox 988 3232 1125 3304; x_wconf 78' lang='grc' dir='ltr'>πρὸς</span> <span class='ocrx_word' id='word_1_466' title='bbox 1220 3233 1419 3296; x_wconf 72' lang='grc' dir='ltr'>αὐτοὺς</span> <span class='ocrx_word' id='word_1_467' title='bbox 1503 3230 1698 3283; x_wconf 78' lang='grc' dir='ltr'>ἐλπίδα</span> <span class='ocrx_word' id='word_1_468' title='bbox 1763 3227 1929 3298; x_wconf 82' lang='grc' dir='ltr'>κενὴν</span> 
     </span>
    </p>
   </div>
   <div class='ocr_carea' id='block_1_66' title="bbox 345 3320 1931 3397">
    <p class='ocr_par' dir='ltr' id='par_1_66' title="bbox 345 3320 1931 3397">
     <span class='ocr_line' id='line_1_66' title="bbox 345 3320 1931 3397; baseline -0.007 -14"><span class='ocrx_word' id='word_1_469' title='bbox 345 3326 493 3384; x_wconf 81' lang='grc' dir='ltr'>εἶναι</span> <span class='ocrx_word' id='word_1_470' title='bbox 570 3328 668 3383; x_wconf 82' lang='grc' dir='ltr'>καὶ</span> <span class='ocrx_word' id='word_1_471' title='bbox 744 3326 987 3397; x_wconf 79' lang='grc' dir='ltr'>ματαίαν</span> <span class='ocrx_word' id='word_1_472' title='bbox 1060 3324 1363 3397; x_wconf 71' lang='grc' dir='ltr'>διαρρήδην</span> <span class='ocrx_word' id='word_1_473' title='bbox 1424 3322 1693 3391; x_wconf 84' lang='grc' dir='ltr'>ὁμολογῶ.</span> <span class='ocrx_word' id='word_1_474' title='bbox 1746 3320 1931 3374; x_wconf 80' lang='grc' dir='ltr'>ἰἀὗτα</span> 
     </span>
    </p>
   </div>
   <div class='ocr_carea' id='block_1_67' title="bbox 343 3414 1932 3492">
    <p class='ocr_par' dir='ltr' id='par_1_67' title="bbox 343 3414 1932 3492">
     <span class='ocr_line' id='line_1_67' title="bbox 343 3414 1932 3492; baseline -0.004 -17"><span class='ocrx_word' id='word_1_475' title='bbox 343 3423 449 3492; x_wconf 80' lang='grc' dir='ltr'>τῆς</span> <span class='ocrx_word' id='word_1_476' title='bbox 510 3421 792 3492; x_wconf 88' lang='grc' dir='ltr'>μάρτυρος</span> <span class='ocrx_word' id='word_1_477' title='bbox 847 3420 1134 3489; x_wconf 79' lang='grc' dir='ltr'>εἰπούσης,</span> <span class='ocrx_word' id='word_1_478' title='bbox 1187 3417 1216 3471; x_wconf 87' lang='grc' dir='ltr'><strong>δ</strong></span> <span class='ocrx_word' id='word_1_479' title='bbox 1258 3416 1520 3484; x_wconf 84' lang='grc' dir='ltr'>δικαστὴς</span> <span class='ocrx_word' id='word_1_480' title='bbox 1577 3414 1712 3485; x_wconf 80' lang='grc' dir='ltr'>πρὸς</span> <span class='ocrx_word' id='word_1_481' title='bbox 1761 3416 1932 3488; x_wconf 83' lang='grc' dir='ltr'>ὀργὴν</span> 
     </span>
    </p>
   </div>
   <div class='ocr_carea' id='block_1_68' title="bbox 344 3506 1931 3585">
    <p class='ocr_par' dir='ltr' id='par_1_68' title="bbox 344 3506 1931 3585">
     <span class='ocr_line' id='line_1_68' title="bbox 344 3506 1931 3585; baseline -0.004 -18"><span class='ocrx_word' id='word_1_482' title='bbox 344 3514 627 3585; x_wconf 60' lang='grc' dir='ltr'>ἐξαρθεὶς,</span> <span class='ocrx_word' id='word_1_483' title='bbox 652 3511 1030 3585; x_wconf 57' lang='grc' dir='ltr'>περιδεθεὴαν</span> <span class='ocrx_word' id='word_1_484' title='bbox 1053 3508 1224 3580; x_wconf 77' lang='grc' dir='ltr'>αὐτὴν</span> <span class='ocrx_word' id='word_1_485' title='bbox 1249 3508 1462 3563; x_wconf 77' lang='grc' dir='ltr'>κελεύει</span> <span class='ocrx_word' id='word_1_486' title='bbox 1494 3507 1692 3577; x_wconf 82' lang='grc' dir='ltr'>βοείοις</span> <span class='ocrx_word' id='word_1_487' title='bbox 1717 3506 1931 3578; x_wconf 83' lang='grc' dir='ltr'>νεύροις</span> 
     </span>
    </p>
   </div>
   <div class='ocr_carea' id='block_1_69' title="bbox 345 3599 1931 3678">
    <p class='ocr_par' dir='ltr' id='par_1_69' title="bbox 345 3599 1931 3678">
     <span class='ocr_line' id='line_1_69' title="bbox 345 3599 1931 3678; baseline -0.003 -18"><span class='ocrx_word' id='word_1_488' title='bbox 345 3608 526 3678; x_wconf 81' lang='grc' dir='ltr'>ὠμοῖς</span> <span class='ocrx_word' id='word_1_489' title='bbox 591 3606 841 3678; x_wconf 78' lang='grc' dir='ltr'>ἀνηλεῶς</span> <span class='ocrx_word' id='word_1_490' title='bbox 901 3604 1355 3671; x_wconf 81' lang='grc' dir='ltr'>καταξαίνεσθαι.</span> <span class='ocrx_word' id='word_1_491' title='bbox 1413 3599 1547 3657; x_wconf 79' lang='grc' dir='ltr'>Εἶτα</span> <span class='ocrx_word' id='word_1_492' title='bbox 1597 3603 1931 3675; x_wconf 80' lang='grc' dir='ltr'>δριμυτέραν</span> 
     </span>
    </p>
   </div>
   <div class='ocr_carea' id='block_1_70' title="bbox 344 3696 1930 3773">
    <p class='ocr_par' dir='ltr' id='par_1_70' title="bbox 344 3696 1930 3773">
     <span class='ocr_line' id='line_1_70' title="bbox 344 3696 1930 3773; baseline -0.004 -17"><span class='ocrx_word' id='word_1_493' title='bbox 344 3703 486 3773; x_wconf 75' lang='grc' dir='ltr'>αὐτῇ</span> <span class='ocrx_word' id='word_1_494' title='bbox 513 3702 617 3773; x_wconf 74' lang='grc' dir='ltr'>τὴν</span> <span class='ocrx_word' id='word_1_495' title='bbox 646 3702 906 3771; x_wconf 71' lang='grc' dir='ltr'>αἴσθησιν</span> <span class='ocrx_word' id='word_1_496' title='bbox 951 3701 1186 3754; x_wconf 82' lang='grc' dir='ltr'>ἐνθεῖναι</span> <span class='ocrx_word' id='word_1_497' title='bbox 1222 3699 1579 3770; x_wconf 87' lang='grc' dir='ltr'>βουλόμενος,</span> <span class='ocrx_word' id='word_1_498' title='bbox 1626 3699 1719 3752; x_wconf 78' lang='grc' dir='ltr'>καὶ</span> <span class='ocrx_word' id='word_1_499' title='bbox 1758 3696 1930 3768; x_wconf 77' lang='grc' dir='ltr'>τριχίο</span> 
     </span>
    </p>
   </div>
   <div class='ocr_carea' id='block_1_71' title="bbox 344 3788 1931 3864">
    <p class='ocr_par' dir='ltr' id='par_1_71' title="bbox 344 3788 1931 3864">
     <span class='ocr_line' id='line_1_71' title="bbox 344 3788 1931 3864; baseline -0.004 -15"><span class='ocrx_word' id='word_1_500' title='bbox 344 3814 461 3860; x_wconf 83' lang='grc' dir='ltr'>νοις</span> <span class='ocrx_word' id='word_1_501' title='bbox 548 3795 871 3864; x_wconf 80' lang='grc' dir='ltr'>ὑφάσμασιν</span> <span class='ocrx_word' id='word_1_502' title='bbox 960 3793 1240 3847; x_wconf 78' lang='grc' dir='ltr'>ἐπιτάττει</span> <span class='ocrx_word' id='word_1_503' title='bbox 1318 3790 1747 3862; x_wconf 70' lang='grc' dir='ltr'>προστρίϐεσθαι</span> <span class='ocrx_word' id='word_1_504' title='bbox 1833 3788 1931 3854; x_wconf 85' lang='grc' dir='ltr'><strong>τὰς</strong></span> 
     </span>
    </p>
   </div>
   <div class='ocr_carea' id='block_1_72' title="bbox 348 3881 1925 3959">
    <p class='ocr_par' dir='ltr' id='par_1_72' title="bbox 348 3881 1925 3959">
     <span class='ocr_line' id='line_1_72' title="bbox 348 3881 1925 3959; baseline 0.011 -24"><span class='ocrx_word' id='word_1_505' title='bbox 348 3889 593 3959; x_wconf 72' lang='grc' dir='ltr'>πληγάς.</span> <span class='ocrx_word' id='word_1_506' title='bbox 673 3886 860 3952; x_wconf 76' lang='grc' dir='ltr'>Οὕτως</span> <span class='ocrx_word' id='word_1_507' title='bbox 922 3882 1021 3940; x_wconf 75' lang='grc' dir='ltr'>οὖν</span> <span class='ocrx_word' id='word_1_508' title='bbox 1073 3883 1464 3955; x_wconf 79' lang='grc' dir='ltr'>ἀπανθρώπως</span> <span class='ocrx_word' id='word_1_509' title='bbox 1526 3881 1925 3953; x_wconf 69' lang='grc' dir='ltr'>αἰκιζομένηςι</span> 
     </span>
    </p>
   </div>
   <div class='ocr_carea' id='block_1_73' title="bbox 343 3970 1924 4046">
    <p class='ocr_par' dir='ltr' id='par_1_73' title="bbox 343 3970 1924 4046">
     <span class='ocr_line' id='line_1_73' title="bbox 343 3970 1924 4046; baseline -0.004 -15"><span class='ocrx_word' id='word_1_510' title='bbox 343 3977 588 4046; x_wconf 75' lang='grc' dir='ltr'>χαλεπαὶ</span> <span class='ocrx_word' id='word_1_511' title='bbox 643 3975 721 4046; x_wconf 83' lang='grc' dir='ltr'><strong>τῷ</strong></span> <span class='ocrx_word' id='word_1_512' title='bbox 775 3975 994 4045; x_wconf 84' lang='grc' dir='ltr'>σώματι</span> <span class='ocrx_word' id='word_1_513' title='bbox 1042 3975 1137 4027; x_wconf 86' lang='grc' dir='ltr'>καὶ</span> <span class='ocrx_word' id='word_1_514' title='bbox 1191 3974 1485 4043; x_wconf 81' lang='grc' dir='ltr'>ἀνήκεστοι</span> <span class='ocrx_word' id='word_1_515' title='bbox 1525 3970 1924 4041; x_wconf 83' lang='grc' dir='ltr'>άνεστομοῦντο</span> 
     </span>
    </p>
   </div>
   <div class='ocr_carea' id='block_1_74' title="bbox 346 4062 1925 4140">
    <p class='ocr_par' dir='ltr' id='par_1_74' title="bbox 346 4062 1925 4140">
     <span class='ocr_line' id='line_1_74' title="bbox 346 4062 1925 4140; baseline -0.006 -17"><span class='ocrx_word' id='word_1_516' title='bbox 346 4072 551 4140; x_wconf 67' lang='grc' dir='ltr'>πηγαὶ,</span> <span class='ocrx_word' id='word_1_517' title='bbox 596 4069 672 4131; x_wconf 81' lang='grc' dir='ltr'>ὡς</span> <span class='ocrx_word' id='word_1_518' title='bbox 705 4067 768 4121; x_wconf 76' lang='grc' dir='ltr'>τὸ</span> <span class='ocrx_word' id='word_1_519' title='bbox 792 4068 913 4121; x_wconf 76' lang='grc' dir='ltr'>ὅλον</span> <span class='ocrx_word' id='word_1_520' title='bbox 937 4066 1130 4135; x_wconf 73' lang='grc' dir='ltr'>ἔδαφος</span> <span class='ocrx_word' id='word_1_521' title='bbox 1160 4064 1262 4135; x_wconf 82' lang='grc' dir='ltr'>τῆς</span> <span class='ocrx_word' id='word_1_522' title='bbox 1298 4064 1572 4134; x_wconf 78' lang='grc' dir='ltr'>παρθένου</span> <span class='ocrx_word' id='word_1_523' title='bbox 1598 4062 1925 4135; x_wconf 79' lang='grc' dir='ltr'>περιερῤάν-</span> 
     </span>
    </p>
   </div>
   <div class='ocr_carea' id='block_1_75' title="bbox 346 4152 1924 4228">
    <p class='ocr_par' dir='ltr' id='par_1_75' title="bbox 346 4152 1924 4228">
     <span class='ocr_line' id='line_1_75' title="bbox 346 4152 1924 4228; baseline -0.004 -15"><span class='ocrx_word' id='word_1_524' title='bbox 346 4160 437 4213; x_wconf 88' lang='grc' dir='ltr'><strong>θαι</strong></span> <span class='ocrx_word' id='word_1_525' title='bbox 495 4162 610 4224; x_wconf 85' lang='grc' dir='ltr'>τοῖς</span> <span class='ocrx_word' id='word_1_526' title='bbox 660 4160 909 4228; x_wconf 76' lang='grc' dir='ltr'>αἵμασιν.</span> <span class='ocrx_word' id='word_1_527' title='bbox 974 4157 1207 4209; x_wconf 82' lang='grc' dir='ltr'>Ἔπειτα</span> <span class='ocrx_word' id='word_1_528' title='bbox 1270 4153 1410 4224; x_wconf 77' lang='grc' dir='ltr'>μετὰ</span> <span class='ocrx_word' id='word_1_529' title='bbox 1457 4154 1555 4217; x_wconf 69' lang='grc' dir='ltr'><strong>τὰς</strong></span> <span class='ocrx_word' id='word_1_530' title='bbox 1603 4152 1820 4224; x_wconf 76' lang='grc' dir='ltr'>πληγὰς</span> <span class='ocrx_word' id='word_1_531' title='bbox 1862 4153 1924 4207; x_wconf 79' lang='grc' dir='ltr'>τὸ</span> 
     </span>
    </p>
   </div>
   <div class='ocr_carea' id='block_1_76' title="bbox 2027 3139 3607 3212">
    <p class='ocr_par' dir='ltr' id='par_1_76' title="bbox 2027 3139 3607 3212">
     <span class='ocr_line' id='line_1_76' title="bbox 2027 3139 3607 3212; baseline -0.003 -13"><span class='ocrx_word' id='word_1_532' title='bbox 2027 3143 2194 3200; x_wconf 67' lang='lat' dir='ltr'><strong>caelos</strong></span> <span class='ocrx_word' id='word_1_533' title='bbox 2223 3141 2355 3199; x_wconf 81' lang='lat' dir='ltr'><strong>fecit</strong></span> <span class='ocrx_word' id='word_1_534' title='bbox 2380 3144 2425 3197; x_wconf 83' lang='grc'><strong>⁸.</strong></span> <span class='ocrx_word' id='word_1_535' title='bbox 2461 3160 2479 3193; x_wconf 72' lang='grc' dir='ltr'><strong>ι</strong></span> <span class='ocrx_word' id='word_1_536' title='bbox 2514 3142 2583 3197; x_wconf 88' lang='grc' dir='ltr'>Ει</span> <span class='ocrx_word' id='word_1_537' title='bbox 2616 3156 2746 3196; x_wconf 87' lang='lat' dir='ltr'><strong>vero</strong></span> <span class='ocrx_word' id='word_1_538' title='bbox 2785 3155 2885 3212; x_wconf 86' lang='lat' dir='ltr'><strong>ego</strong></span> <span class='ocrx_word' id='word_1_539' title='bbox 2914 3155 3136 3211; x_wconf 86' lang='lat' dir='ltr'><strong>quoque</strong></span> <span class='ocrx_word' id='word_1_540' title='bbox 3166 3139 3458 3205; x_wconf 87' lang='lat' dir='ltr'><strong>assentior,</strong></span> <span class='ocrx_word' id='word_1_541' title='bbox 3484 3154 3607 3194; x_wconf 81' lang='lat' dir='ltr'><strong>esse</strong></span> 
     </span>
    </p>
   </div>
   <div class='ocr_carea' id='block_1_77' title="bbox 2024 3231 3607 3304">
    <p class='ocr_par' dir='ltr' id='par_1_77' title="bbox 2024 3231 3607 3304">
     <span class='ocr_line' id='line_1_77' title="bbox 2024 3231 3607 3304; baseline -0.004 -16"><span class='ocrx_word' id='word_1_542' title='bbox 2024 3249 2246 3299; x_wconf 86' lang='lat' dir='ltr'><strong>vanam,</strong></span> <span class='ocrx_word' id='word_1_543' title='bbox 2276 3248 2399 3304; x_wconf 66' lang='lat' dir='ltr'><strong>quae</strong></span> <span class='ocrx_word' id='word_1_544' title='bbox 2449 3240 2537 3288; x_wconf 90' lang='lat' dir='ltr'><strong>est</strong></span> <span class='ocrx_word' id='word_1_545' title='bbox 2566 3232 2623 3287; x_wconf 94' lang='lat' dir='ltr'><strong>in</strong></span> <span class='ocrx_word' id='word_1_546' title='bbox 2663 3232 2765 3296; x_wconf 91' lang='lat' dir='ltr'><strong>eis,</strong></span> <span class='ocrx_word' id='word_1_547' title='bbox 2821 3247 2999 3302; x_wconf 86' lang='lat' dir='ltr'><strong>spem,</strong></span> <span class='ocrx_word' id='word_1_548' title='bbox 3039 3241 3096 3287; x_wconf 90' lang='lat' dir='ltr'><strong>et</strong></span> <span class='ocrx_word' id='word_1_549' title='bbox 3147 3231 3366 3285; x_wconf 91' lang='lat' dir='ltr'><strong>inanem</strong></span> <span class='ocrx_word' id='word_1_550' title='bbox 3416 3237 3607 3298; x_wconf 89' lang='lat' dir='ltr'><strong>aperte</strong></span> 
     </span>
    </p>
   </div>
   <div class='ocr_carea' id='block_1_78' title="bbox 2027 3321 3607 3399">
    <p class='ocr_par' dir='ltr' id='par_1_78' title="bbox 2027 3321 3607 3399">
     <span class='ocr_line' id='line_1_78' title="bbox 2027 3321 3607 3399; baseline -0.003 -18"><span class='ocrx_word' id='word_1_551' title='bbox 2027 3325 2317 3399; x_wconf 57' lang='lat' dir='ltr'><strong>confiteor.</strong></span> <span class='ocrx_word' id='word_1_552' title='bbox 2376 3322 2503 3380; x_wconf 70' lang='lat' dir='ltr'><strong>Haec</strong></span> <span class='ocrx_word' id='word_1_553' title='bbox 2559 3339 2684 3380; x_wconf 89' lang='lat' dir='ltr'><strong>cum</strong></span> <span class='ocrx_word' id='word_1_554' title='bbox 2737 3322 2965 3379; x_wconf 77' lang='lat' dir='ltr'><strong>dixisset</strong></span> <span class='ocrx_word' id='word_1_555' title='bbox 3015 3331 3243 3394; x_wconf 85' lang='lat' dir='ltr'><strong>martyr,</strong></span> <span class='ocrx_word' id='word_1_556' title='bbox 3290 3321 3458 3392; x_wconf 86' lang='lat' dir='ltr'><strong>judex</strong></span> <span class='ocrx_word' id='word_1_557' title='bbox 3525 3322 3607 3376; x_wconf 77' lang='lat' dir='ltr'><strong>ira</strong></span> 
     </span>
    </p>
   </div>
   <div class='ocr_carea' id='block_1_79' title="bbox 2030 3412 3604 3489">
    <p class='ocr_par' dir='ltr' id='par_1_79' title="bbox 2030 3412 3604 3489">
     <span class='ocr_line' id='line_1_79' title="bbox 2030 3412 3604 3489; baseline -0.004 -16"><span class='ocrx_word' id='word_1_558' title='bbox 2030 3433 2315 3484; x_wconf 86' lang='lat' dir='ltr'><strong>accensus,</strong></span> <span class='ocrx_word' id='word_1_559' title='bbox 2369 3418 2527 3489; x_wconf 86' lang='lat' dir='ltr'><strong>jubet</strong></span> <span class='ocrx_word' id='word_1_560' title='bbox 2575 3432 2694 3473; x_wconf 87' lang='lat' dir='ltr'><strong>eam</strong></span> <span class='ocrx_word' id='word_1_561' title='bbox 2751 3415 2900 3479; x_wconf 85' lang='lat' dir='ltr'><strong>exui,</strong></span> <span class='ocrx_word' id='word_1_562' title='bbox 2940 3424 2997 3471; x_wconf 91' lang='lat' dir='ltr'><strong>et</strong></span> <span class='ocrx_word' id='word_1_563' title='bbox 3049 3414 3371 3470; x_wconf 85' lang='lat' dir='ltr'><strong>crudelibus</strong></span> <span class='ocrx_word' id='word_1_564' title='bbox 3436 3412 3604 3468; x_wconf 88' lang='lat' dir='ltr'><strong>boum</strong></span> 
     </span>
    </p>
   </div>
   <div class='ocr_carea' id='block_1_80' title="bbox 2030 3505 3608 3566">
    <p class='ocr_par' dir='ltr' id='par_1_80' title="bbox 2030 3505 3608 3566">
     <span class='ocr_line' id='line_1_80' title="bbox 2030 3505 3608 3566; baseline -0.003 -1"><span class='ocrx_word' id='word_1_565' title='bbox 2030 3510 2218 3566; x_wconf 83' lang='lat' dir='ltr'><strong>nervis</strong></span> <span class='ocrx_word' id='word_1_566' title='bbox 2276 3509 2579 3565; x_wconf 90' lang='lat' dir='ltr'><strong>crudeliter</strong></span> <span class='ocrx_word' id='word_1_567' title='bbox 2636 3508 2793 3564; x_wconf 68' lang='lat' dir='ltr'><strong>caedi.</strong></span> <span class='ocrx_word' id='word_1_568' title='bbox 2890 3506 3102 3563; x_wconf 89' lang='lat' dir='ltr'><strong>Deinde</strong></span> <span class='ocrx_word' id='word_1_569' title='bbox 3150 3522 3276 3562; x_wconf 92' lang='lat' dir='ltr'><strong>cum</strong></span> <span class='ocrx_word' id='word_1_570' title='bbox 3334 3506 3498 3562; x_wconf 87' lang='lat' dir='ltr'><strong>vellet</strong></span> <span class='ocrx_word' id='word_1_571' title='bbox 3557 3505 3608 3561; x_wconf 90' lang='lat' dir='ltr'><strong>ei</strong></span> 
     </span>
    </p>
   </div>
   <div class='ocr_carea' id='block_1_81' title="bbox 2029 3596 3605 3671">
    <p class='ocr_par' dir='ltr' id='par_1_81' title="bbox 2029 3596 3605 3671">
     <span class='ocr_line' id='line_1_81' title="bbox 2029 3596 3605 3671; baseline -0.006 -14"><span class='ocrx_word' id='word_1_572' title='bbox 2029 3600 2246 3657; x_wconf 70' lang='lat' dir='ltr'><strong>edicere</strong></span> <span class='ocrx_word' id='word_1_573' title='bbox 2298 3616 2521 3656; x_wconf 84' lang='lat' dir='ltr'><strong>sensum</strong></span> <span class='ocrx_word' id='word_1_574' title='bbox 2570 3599 2937 3663; x_wconf 86' lang='lat' dir='ltr'><strong>acerbiorem,</strong></span> <span class='ocrx_word' id='word_1_575' title='bbox 2970 3597 3129 3671; x_wconf 84' lang='lat' dir='ltr'><strong>jubet</strong></span> <span class='ocrx_word' id='word_1_576' title='bbox 3175 3597 3365 3669; x_wconf 88' lang='lat' dir='ltr'><strong>plagas</strong></span> <span class='ocrx_word' id='word_1_577' title='bbox 3418 3596 3605 3652; x_wconf 84' lang='lat' dir='ltr'><strong>cilicio</strong></span> 
     </span>
    </p>
   </div>
   <div class='ocr_carea' id='block_1_82' title="bbox 2030 3688 3606 3764">
    <p class='ocr_par' dir='ltr' id='par_1_82' title="bbox 2030 3688 3606 3764">
     <span class='ocr_line' id='line_1_82' title="bbox 2030 3688 3606 3764; baseline -0.004 -15"><span class='ocrx_word' id='word_1_578' title='bbox 2030 3693 2212 3749; x_wconf 89' lang='lat' dir='ltr'><strong>atteri.</strong></span> <span class='ocrx_word' id='word_1_579' title='bbox 2239 3692 2377 3749; x_wconf 89' lang='lat' dir='ltr'><strong>Cum</strong></span> <span class='ocrx_word' id='word_1_580' title='bbox 2415 3693 2707 3764; x_wconf 89' lang='lat' dir='ltr'><strong>puniretur</strong></span> <span class='ocrx_word' id='word_1_581' title='bbox 2731 3705 2862 3761; x_wconf 89' lang='lat' dir='ltr'><strong>ergo</strong></span> <span class='ocrx_word' id='word_1_582' title='bbox 2886 3700 2994 3745; x_wconf 91' lang='lat' dir='ltr'><strong>tam</strong></span> <span class='ocrx_word' id='word_1_583' title='bbox 3036 3690 3357 3753; x_wconf 84' lang='lat' dir='ltr'><strong>inhumane,</strong></span> <span class='ocrx_word' id='word_1_584' title='bbox 3388 3688 3606 3758; x_wconf 88' lang='lat' dir='ltr'><strong>aperie-</strong></span> 
     </span>
    </p>
   </div>
   <div class='ocr_carea' id='block_1_83' title="bbox 2029 3780 3613 3856">
    <p class='ocr_par' dir='ltr' id='par_1_83' title="bbox 2029 3780 3613 3856">
     <span class='ocr_line' id='line_1_83' title="bbox 2029 3780 3613 3856; baseline -0.005 -15"><span class='ocrx_word' id='word_1_585' title='bbox 2029 3787 2234 3842; x_wconf 86' lang='lat' dir='ltr'><strong>bantur</strong></span> <span class='ocrx_word' id='word_1_586' title='bbox 2261 3799 2457 3856; x_wconf 85' lang='lat' dir='ltr'><strong>graves</strong></span> <span class='ocrx_word' id='word_1_587' title='bbox 2490 3784 2670 3839; x_wconf 88' lang='lat' dir='ltr'><strong>fontes</strong></span> <span class='ocrx_word' id='word_1_588' title='bbox 2701 3782 2973 3853; x_wconf 87' lang='lat' dir='ltr'><strong>corporis,</strong></span> <span class='ocrx_word' id='word_1_589' title='bbox 3010 3780 3151 3835; x_wconf 88' lang='lat' dir='ltr'><strong>adeo</strong></span> <span class='ocrx_word' id='word_1_590' title='bbox 3185 3788 3247 3836; x_wconf 93' lang='lat' dir='ltr'><strong>ut</strong></span> <span class='ocrx_word' id='word_1_591' title='bbox 3302 3788 3478 3835; x_wconf 90' lang='lat' dir='ltr'><strong>totum</strong></span> <span class='ocrx_word' id='word_1_592' title='bbox 3528 3795 3613 3834; x_wconf 72' lang='lat' dir='ltr'><strong>so«</strong></span> 
     </span>
    </p>
   </div>
   <div class='ocr_carea' id='block_1_84' title="bbox 2028 3870 3611 3948">
    <p class='ocr_par' dir='ltr' id='par_1_84' title="bbox 2028 3870 3611 3948">
     <span class='ocr_line' id='line_1_84' title="bbox 2028 3870 3611 3948; baseline -0.004 -15"><span class='ocrx_word' id='word_1_593' title='bbox 2028 3878 2142 3933; x_wconf 89' lang='lat' dir='ltr'><strong>lum</strong></span> <span class='ocrx_word' id='word_1_594' title='bbox 2200 3877 2525 3948; x_wconf 78' lang='lat' dir='ltr'><strong>irrigaretur</strong></span> <span class='ocrx_word' id='word_1_595' title='bbox 2576 3874 2847 3945; x_wconf 87' lang='lat' dir='ltr'><strong>sanguine</strong></span> <span class='ocrx_word' id='word_1_596' title='bbox 2909 3872 3161 3944; x_wconf 87' lang='lat' dir='ltr'><strong>virginis.</strong></span> <span class='ocrx_word' id='word_1_597' title='bbox 3224 3870 3435 3926; x_wconf 80' lang='lat' dir='ltr'><strong>Deinde</strong></span> <span class='ocrx_word' id='word_1_598' title='bbox 3488 3881 3611 3940; x_wconf 88' lang='lat' dir='ltr'><strong>post</strong></span> 
     </span>
    </p>
   </div>
   <div class='ocr_carea' id='block_1_85' title="bbox 2035 3964 3608 4034">
    <p class='ocr_par' dir='ltr' id='par_1_85' title="bbox 2035 3964 3608 4034">
     <span class='ocr_line' id='line_1_85' title="bbox 2035 3964 3608 4034; baseline -0.004 -11"><span class='ocrx_word' id='word_1_599' title='bbox 2035 3969 2266 4025; x_wconf 84' lang='lat' dir='ltr'><strong>verbera</strong></span> <span class='ocrx_word' id='word_1_600' title='bbox 2298 3982 2418 4022; x_wconf 89' lang='lat' dir='ltr'><strong>eam</strong></span> <span class='ocrx_word' id='word_1_601' title='bbox 2447 3981 2670 4021; x_wconf 88' lang='lat' dir='ltr'><strong>carcere</strong></span> <span class='ocrx_word' id='word_1_602' title='bbox 2699 3964 2925 4034; x_wconf 84' lang='lat' dir='ltr'><strong>excipit,</strong></span> <span class='ocrx_word' id='word_1_603' title='bbox 2956 3964 3087 4017; x_wconf 91' lang='lat' dir='ltr'><strong>dum</strong></span> <span class='ocrx_word' id='word_1_604' title='bbox 3116 3970 3422 4033; x_wconf 89' lang='lat' dir='ltr'><strong>occupatus</strong></span> <span class='ocrx_word' id='word_1_605' title='bbox 3461 3974 3608 4018; x_wconf 84' lang='lat' dir='ltr'><strong>esset</strong></span> 
     </span>
    </p>
   </div>
   <div class='ocr_carea' id='block_1_86' title="bbox 2036 4053 3607 4131">
    <p class='ocr_par' dir='ltr' id='par_1_86' title="bbox 2036 4053 3607 4131">
     <span class='ocr_line' id='line_1_86' title="bbox 2036 4053 3607 4131; baseline -0.006 -15"><span class='ocrx_word' id='word_1_606' title='bbox 2036 4075 2239 4131; x_wconf 72' lang='lat' dir='ltr'><strong>praeses</strong></span> <span class='ocrx_word' id='word_1_607' title='bbox 2258 4059 2311 4113; x_wconf 89' lang='lat' dir='ltr'><strong>in</strong></span> <span class='ocrx_word' id='word_1_608' title='bbox 2336 4056 2713 4123; x_wconf 85' lang='lat' dir='ltr'><strong>deliberando,</strong></span> <span class='ocrx_word' id='word_1_609' title='bbox 2741 4054 2959 4110; x_wconf 87' lang='lat' dir='ltr'><strong>cuinam</strong></span> <span class='ocrx_word' id='word_1_610' title='bbox 2988 4053 3260 4125; x_wconf 86' lang='lat' dir='ltr'><strong>supplicio</strong></span> <span class='ocrx_word' id='word_1_611' title='bbox 3276 4068 3395 4108; x_wconf 90' lang='lat' dir='ltr'><strong>eam</strong></span> <span class='ocrx_word' id='word_1_612' title='bbox 3420 4060 3607 4123; x_wconf 80' lang='lat' dir='ltr'><strong>postea</strong></span> 
     </span>
    </p>
   </div>
   <div class='ocr_carea' id='block_1_87' title="bbox 2037 4152 2305 4208">
    <p class='ocr_par' dir='ltr' id='par_1_87' title="bbox 2037 4152 2305 4208">
     <span class='ocr_line' id='line_1_87' title="bbox 2037 4152 2305 4208; baseline 0 -2"><span class='ocrx_word' id='word_1_613' title='bbox 2037 4152 2305 4208; x_wconf 78' lang='lat' dir='ltr'><strong>traderet.</strong></span> 
     </span>
    </p>
   </div>
   <div class='ocr_carea' id='block_1_88' title="bbox 344 4238 3606 4325">
    <p class='ocr_par' dir='ltr' id='par_1_88' title="bbox 344 4238 3606 4325">
     <span class='ocr_line' id='line_1_88' title="bbox 344 4238 3606 4325; baseline -0.005 -16"><span class='ocrx_word' id='word_1_614' title='bbox 344 4255 725 4325; x_wconf 71' lang='grc' dir='ltr'>δεσμωτήριον</span> <span class='ocrx_word' id='word_1_615' title='bbox 778 4252 947 4321; x_wconf 71' lang='grc' dir='ltr'>αὐτὴν</span> <span class='ocrx_word' id='word_1_616' title='bbox 992 4247 1320 4318; x_wconf 82' lang='grc' dir='ltr'>διαδέχεται,</span> <span class='ocrx_word' id='word_1_617' title='bbox 1377 4245 1473 4300; x_wconf 74' lang='grc' dir='ltr'><strong>τοῦ</strong></span> <span class='ocrx_word' id='word_1_618' title='bbox 1521 4246 1791 4317; x_wconf 82' lang='grc' dir='ltr'>ἡγεμόνος</span> <span class='ocrx_word' id='word_1_619' title='bbox 1849 4246 1987 4319; x_wconf 73' lang='grc' dir='ltr'>πρὸς</span> <span class='ocrx_word' id='word_1_620' title='bbox 2023 4246 2309 4316; x_wconf 71' lang='grc' dir='ltr'>διάσκεψιν</span> <span class='ocrx_word' id='word_1_621' title='bbox 2346 4242 2826 4315; x_wconf 81' lang='grc' dir='ltr'>ἐνασχολουμένου,</span> <span class='ocrx_word' id='word_1_622' title='bbox 2881 4240 2985 4294; x_wconf 87' lang='grc' dir='ltr'>τίνι</span> <span class='ocrx_word' id='word_1_623' title='bbox 3021 4238 3083 4292; x_wconf 84' lang='grc' dir='ltr'><strong>τδ</strong></span> <span class='ocrx_word' id='word_1_624' title='bbox 3131 4239 3270 4310; x_wconf 72' lang='grc' dir='ltr'>μετὰ</span> <span class='ocrx_word' id='word_1_625' title='bbox 3308 4239 3483 4293; x_wconf 77' lang='grc' dir='ltr'>ταῦτα</span> <span class='ocrx_word' id='word_1_626' title='bbox 3524 4254 3606 4292; x_wconf 65' lang='grc' dir='ltr'>τις</span> 
     </span>
    </p>
   </div>
   <div class='ocr_carea' id='block_1_89' title="bbox 347 4341 1306 4422">
    <p class='ocr_par' dir='ltr' id='par_1_89' title="bbox 347 4341 1306 4422">
     <span class='ocr_line' id='line_1_89' title="bbox 347 4341 1306 4422; baseline -0.008 -19"><span class='ocrx_word' id='word_1_627' title='bbox 347 4349 535 4422; x_wconf 71' lang='grc' dir='ltr'>μυρίᾳ</span> <span class='ocrx_word' id='word_1_628' title='bbox 560 4348 661 4417; x_wconf 73' lang='grc' dir='ltr'>τὴν</span> <span class='ocrx_word' id='word_1_629' title='bbox 691 4345 941 4417; x_wconf 70' lang='grc' dir='ltr'>μάρτυρι</span> <span class='ocrx_word' id='word_1_630' title='bbox 971 4341 1306 4411; x_wconf 74' lang='grc' dir='ltr'>παραδώσει.</span> 
     </span>
    </p>
   </div>
   <div class='ocr_carea' id='block_1_90' title="bbox 415 4425 1927 4507">
    <p class='ocr_par' dir='ltr' id='par_1_90' title="bbox 415 4428 1927 4507">
     <span class='ocr_line' id='line_1_90' title="bbox 415 4428 1927 4507; baseline -0.02 -11"><span class='ocrx_word' id='word_1_631' title='bbox 415 4442 491 4496; x_wconf 84' lang='grc' dir='ltr'><strong>Ζ’,</strong></span> <span class='ocrx_word' id='word_1_632' title='bbox 541 4439 681 4507; x_wconf 77' lang='grc' dir='ltr'><strong>Ἤδη</strong></span> <span class='ocrx_word' id='word_1_633' title='bbox 707 4437 762 4489; x_wconf 85' lang='grc' dir='ltr'><strong>δέ</strong></span> <span class='ocrx_word' id='word_1_634' title='bbox 796 4434 1071 4506; x_wconf 67' lang='grc' dir='ltr'>μεσούσης</span> <span class='ocrx_word' id='word_1_635' title='bbox 1100 4431 1317 4495; x_wconf 80' lang='grc' dir='ltr'>νυκτὸς,</span> <span class='ocrx_word' id='word_1_636' title='bbox 1353 4430 1470 4498; x_wconf 77' lang='grc' dir='ltr'><strong>φῶς</strong></span> <span class='ocrx_word' id='word_1_637' title='bbox 1502 4446 1559 4483; x_wconf 88' lang='grc' dir='ltr'><strong>τε</strong></span> <span class='ocrx_word' id='word_1_638' title='bbox 1592 4428 1764 4500; x_wconf 78' lang='grc' dir='ltr'>αὐτὴν</span> <span class='ocrx_word' id='word_1_639' title='bbox 1806 4445 1927 4497; x_wconf 75' lang='grc' dir='ltr'><strong>φαι-</strong></span> 
     </span>
    </p>
   </div>
   <div class='ocr_carea' id='block_1_91' title="bbox 2026 4425 3607 4507">
    <p class='ocr_par' dir='ltr' id='par_1_91' title="bbox 2110 4425 3607 4496">
     <span class='ocr_line' id='line_1_91' title="bbox 2110 4425 3607 4496; baseline -0.001 -15"><span class='ocrx_word' id='word_1_640' title='bbox 2110 4426 2219 4481; x_wconf 87' lang='lat' dir='ltr'><strong>VII.</strong></span> <span class='ocrx_word' id='word_1_641' title='bbox 2254 4426 2391 4481; x_wconf 88' lang='lat' dir='ltr'><strong>Cum</strong></span> <span class='ocrx_word' id='word_1_642' title='bbox 2426 4432 2610 4480; x_wconf 86' lang='lat' dir='ltr'><strong>autem</strong></span> <span class='ocrx_word' id='word_1_643' title='bbox 2639 4425 2751 4496; x_wconf 88' lang='lat' dir='ltr'><strong>jam</strong></span> <span class='ocrx_word' id='word_1_644' title='bbox 2784 4431 2928 4480; x_wconf 88' lang='lat' dir='ltr'><strong>esset</strong></span> <span class='ocrx_word' id='word_1_645' title='bbox 2953 4439 3059 4481; x_wconf 89' lang='lat' dir='ltr'><strong>nox</strong></span> <span class='ocrx_word' id='word_1_646' title='bbox 3086 4425 3284 4489; x_wconf 87' lang='lat' dir='ltr'><strong>media,</strong></span> <span class='ocrx_word' id='word_1_647' title='bbox 3319 4425 3410 4480; x_wconf 85' lang='lat' dir='ltr'><strong>lux</strong></span> <span class='ocrx_word' id='word_1_648' title='bbox 3438 4425 3607 4495; x_wconf 87' lang='lat' dir='ltr'><strong>ipsam</strong></span> 
     </span>
    </p>
   </div>
   <div class='ocr_carea' id='block_1_92' title="bbox 342 4517 1927 4607">
    <p class='ocr_par' dir='ltr' id='par_1_92' title="bbox 342 4521 1924 4607">
     <span class='ocr_line' id='line_1_92' title="bbox 342 4521 1924 4607; baseline -0.013 -16"><span class='ocrx_word' id='word_1_649' title='bbox 342 4539 469 4607; x_wconf 62' lang='grc' dir='ltr'>δρδιν</span> <span class='ocrx_word' id='word_1_650' title='bbox 494 4532 708 4589; x_wconf 67' lang='grc' dir='ltr'>ἄνωθεν</span> <span class='ocrx_word' id='word_1_651' title='bbox 747 4530 1108 4600; x_wconf 85' lang='grc' dir='ltr'>περιλάμπει,</span> <span class='ocrx_word' id='word_1_652' title='bbox 1140 4528 1237 4580; x_wconf 71' lang='grc' dir='ltr'>καὶ</span> <span class='ocrx_word' id='word_1_653' title='bbox 1274 4523 1510 4595; x_wconf 74' lang='grc' dir='ltr'>Χριστὸς</span> <span class='ocrx_word' id='word_1_654' title='bbox 1539 4521 1924 4591; x_wconf 79' lang='grc' dir='ltr'>ἐπιφαίνεται,</span> 
     </span>
    </p>
   </div>
   <div class='ocr_carea' id='block_1_93' title="bbox 2026 4517 3612 4607">
    <p class='ocr_par' dir='ltr' id='par_1_93' title="bbox 2034 4517 3612 4588">
     <span class='ocr_line' id='line_1_93' title="bbox 2034 4517 3612 4588; baseline -0.001 -15"><span class='ocrx_word' id='word_1_655' title='bbox 2034 4518 2395 4573; x_wconf 80' lang='lat' dir='ltr'><strong>circumcirca</strong></span> <span class='ocrx_word' id='word_1_656' title='bbox 2450 4517 2721 4573; x_wconf 85' lang='lat' dir='ltr'><strong>illuminat</strong></span> <span class='ocrx_word' id='word_1_657' title='bbox 2754 4533 2785 4572; x_wconf 90' lang='lat' dir='ltr'><strong>a</strong></span> <span class='ocrx_word' id='word_1_658' title='bbox 2821 4520 3062 4588; x_wconf 77' lang='lat' dir='ltr'><strong>superis,</strong></span> <span class='ocrx_word' id='word_1_659' title='bbox 3106 4527 3162 4573; x_wconf 91' lang='lat' dir='ltr'><strong>et</strong></span> <span class='ocrx_word' id='word_1_660' title='bbox 3205 4518 3459 4574; x_wconf 80' lang='lat' dir='ltr'><strong>Christus</strong></span> <span class='ocrx_word' id='word_1_661' title='bbox 3513 4536 3612 4587; x_wconf 85' lang='lat' dir='ltr'><strong>ap-</strong></span> 
     </span>
    </p>
   </div>
   <div class='ocr_carea' id='block_1_94' title="bbox 344 4610 1927 4699">
    <p class='ocr_par' dir='ltr' id='par_1_94' title="bbox 344 4611 1925 4699">
     <span class='ocr_line' id='line_1_94' title="bbox 344 4611 1925 4699; baseline -0.013 -16"><span class='ocrx_word' id='word_1_662' title='bbox 344 4630 552 4699; x_wconf 70' lang='grc' dir='ltr'>θάρσος</span> <span class='ocrx_word' id='word_1_663' title='bbox 581 4643 641 4678; x_wconf 90' lang='grc' dir='ltr'><strong>τε</strong></span> <span class='ocrx_word' id='word_1_664' title='bbox 688 4624 827 4695; x_wconf 77' lang='grc' dir='ltr'>αὐτῇ</span> <span class='ocrx_word' id='word_1_665' title='bbox 864 4620 1096 4684; x_wconf 73' lang='grc' dir='ltr'>ἐντιθεὶς</span> <span class='ocrx_word' id='word_1_666' title='bbox 1128 4620 1222 4673; x_wconf 80' lang='grc' dir='ltr'>καὶ</span> <span class='ocrx_word' id='word_1_667' title='bbox 1251 4618 1321 4670; x_wconf 70' lang='grc' dir='ltr'><strong>τὰ</strong></span> <span class='ocrx_word' id='word_1_668' title='bbox 1351 4616 1410 4681; x_wconf 82' lang='grc' dir='ltr'>ἐξ</span> <span class='ocrx_word' id='word_1_669' title='bbox 1442 4612 1746 4684; x_wconf 76' lang='grc' dir='ltr'>ἀνθρώπων</span> <span class='ocrx_word' id='word_1_670' title='bbox 1777 4611 1925 4665; x_wconf 77' lang='grc' dir='ltr'>κακά</span> 
     </span>
    </p>
   </div>
   <div class='ocr_carea' id='block_1_95' title="bbox 2026 4610 3615 4699">
    <p class='ocr_par' dir='ltr' id='par_1_95' title="bbox 2035 4610 3615 4682">
     <span class='ocr_line' id='line_1_95' title="bbox 2035 4610 3615 4682; baseline 0.001 -18"><span class='ocrx_word' id='word_1_671' title='bbox 2035 4619 2211 4679; x_wconf 83' lang='lat' dir='ltr'><strong>paret,</strong></span> <span class='ocrx_word' id='word_1_672' title='bbox 2248 4610 2340 4680; x_wconf 91' lang='lat' dir='ltr'><strong>qui</strong></span> <span class='ocrx_word' id='word_1_673' title='bbox 2370 4622 2425 4665; x_wconf 91' lang='lat' dir='ltr'><strong>ct</strong></span> <span class='ocrx_word' id='word_1_674' title='bbox 2473 4611 2524 4665; x_wconf 87' lang='lat' dir='ltr'><strong>ei</strong></span> <span class='ocrx_word' id='word_1_675' title='bbox 2578 4610 2815 4666; x_wconf 88' lang='lat' dir='ltr'><strong>addebat</strong></span> <span class='ocrx_word' id='word_1_676' title='bbox 2860 4612 3130 4674; x_wconf 88' lang='lat' dir='ltr'><strong>animum,</strong></span> <span class='ocrx_word' id='word_1_677' title='bbox 3196 4619 3252 4665; x_wconf 89' lang='lat' dir='ltr'><strong>et</strong></span> <span class='ocrx_word' id='word_1_678' title='bbox 3289 4611 3519 4682; x_wconf 84' lang='lat' dir='ltr'><strong>jubebat</strong></span> <span class='ocrx_word' id='word_1_679' title='bbox 3555 4621 3615 4665; x_wconf 90' lang='lat' dir='ltr'><strong>ut</strong></span> 
     </span>
    </p>
   </div>
   <div class='ocr_carea' id='block_1_96' title="bbox 349 4702 1922 4791">
    <p class='ocr_par' dir='ltr' id='par_1_96' title="bbox 349 4702 1922 4791">
     <span class='ocr_line' id='line_1_96' title="bbox 349 4702 1922 4791; baseline -0.013 -20"><span class='ocrx_word' id='word_1_680' title='bbox 349 4721 425 4791; x_wconf 74' lang='grc' dir='ltr'>μὴ</span> <span class='ocrx_word' id='word_1_681' title='bbox 471 4715 707 4770; x_wconf 81' lang='grc' dir='ltr'>δεδιέναι</span> <span class='ocrx_word' id='word_1_682' title='bbox 758 4714 898 4776; x_wconf 81' lang='grc' dir='ltr'>ὅλως</span> <span class='ocrx_word' id='word_1_683' title='bbox 950 4708 1414 4780; x_wconf 75' lang='grc' dir='ltr'>ἐγκελευόμενος·</span> <span class='ocrx_word' id='word_1_684' title='bbox 1453 4703 1600 4774; x_wconf 80' lang='grc' dir='ltr'><strong>Ἐγὼ</strong></span> <span class='ocrx_word' id='word_1_685' title='bbox 1649 4702 1758 4772; x_wconf 85' lang='grc' dir='ltr'><strong>γάρ</strong></span> <span class='ocrx_word' id='word_1_686' title='bbox 1805 4703 1922 4771; x_wconf 78' lang='grc' dir='ltr'>εἰμι</span> 
     </span>
    </p>
   </div>
   <div class='ocr_carea' id='block_1_97' title="bbox 349 4793 1927 4881">
    <p class='ocr_par' dir='ltr' id='par_1_97' title="bbox 349 4793 1927 4881">
     <span class='ocr_line' id='line_1_97' title="bbox 349 4793 1927 4881; baseline -0.012 -17"><span class='ocrx_word' id='word_1_687' title='bbox 349 4813 491 4881; x_wconf 78' lang='grc' dir='ltr'>μετὰ</span> <span class='ocrx_word' id='word_1_688' title='bbox 529 4809 654 4874; x_wconf 79' lang='grc' dir='ltr'>σού,</span> <span class='ocrx_word' id='word_1_689' title='bbox 692 4806 821 4876; x_wconf 70' lang='grc' dir='ltr'>ἔφη,</span> <span class='ocrx_word' id='word_1_690' title='bbox 862 4806 958 4859; x_wconf 71' lang='grc' dir='ltr'>καὶ</span> <span class='ocrx_word' id='word_1_691' title='bbox 995 4802 1102 4856; x_wconf 75' lang='grc' dir='ltr'><strong>ὑπὸ</strong></span> <span class='ocrx_word' id='word_1_692' title='bbox 1131 4804 1198 4872; x_wconf 75' lang='grc' dir='ltr'>τῇ</span> <span class='ocrx_word' id='word_1_693' title='bbox 1235 4800 1365 4871; x_wconf 70' lang='grc' dir='ltr'>σκιᾷ</span> <span class='ocrx_word' id='word_1_694' title='bbox 1394 4799 1501 4852; x_wconf 89' lang='grc' dir='ltr'><strong>τῶν</strong></span> <span class='ocrx_word' id='word_1_695' title='bbox 1535 4796 1684 4867; x_wconf 89' lang='grc' dir='ltr'>ἐμῶν</span> <span class='ocrx_word' id='word_1_696' title='bbox 1724 4793 1927 4864; x_wconf 78' lang='grc' dir='ltr'>πτερύο</span> 
     </span>
    </p>
   </div>
   <div class='ocr_carea' id='block_1_98' title="bbox 347 4884 1927 4974">
    <p class='ocr_par' dir='ltr' id='par_1_98' title="bbox 347 4884 1927 4974">
     <span class='ocr_line' id='line_1_98' title="bbox 347 4884 1927 4974; baseline -0.013 -18"><span class='ocrx_word' id='word_1_697' title='bbox 347 4921 459 4971; x_wconf 76' lang='grc' dir='ltr'><strong>γων</strong></span> <span class='ocrx_word' id='word_1_698' title='bbox 488 4901 590 4974; x_wconf 71' lang='grc' dir='ltr'><strong>ἔσῃ</strong></span> <span class='ocrx_word' id='word_1_699' title='bbox 624 4897 1025 4970; x_wconf 74' lang='grc' dir='ltr'>φυλαττομένη.</span> <span class='ocrx_word' id='word_1_700' title='bbox 1057 4893 1218 4948; x_wconf 77' lang='grc' dir='ltr'>Οὕτω</span> <span class='ocrx_word' id='word_1_701' title='bbox 1243 4892 1394 4955; x_wconf 79' lang='grc' dir='ltr'>τέλος</span> <span class='ocrx_word' id='word_1_702' title='bbox 1418 4886 1564 4961; x_wconf 76' lang='grc' dir='ltr'>είχον</span> <span class='ocrx_word' id='word_1_703' title='bbox 1591 4889 1640 4942; x_wconf 90' lang='grc' dir='ltr'><strong>οί</strong></span> <span class='ocrx_word' id='word_1_704' title='bbox 1675 4885 1807 4957; x_wconf 70' lang='grc' dir='ltr'>πρὸς</span> <span class='ocrx_word' id='word_1_705' title='bbox 1828 4884 1927 4955; x_wconf 76' lang='grc' dir='ltr'>τὴν</span> 
     </span>
    </p>
   </div>
   <div class='ocr_carea' id='block_1_99' title="bbox 345 4978 1926 5068">
    <p class='ocr_par' dir='ltr' id='par_1_99' title="bbox 345 4978 1926 5068">
     <span class='ocr_line' id='line_1_99' title="bbox 345 4978 1926 5068; baseline -0.013 -17"><span class='ocrx_word' id='word_1_706' title='bbox 345 4998 611 5068; x_wconf 83' lang='grc' dir='ltr'>μάρτυρα</span> <span class='ocrx_word' id='word_1_707' title='bbox 634 4992 731 5046; x_wconf 81' lang='grc' dir='ltr'><strong>τοῦ</strong></span> <span class='ocrx_word' id='word_1_708' title='bbox 764 4990 999 5062; x_wconf 60' lang='grc' dir='ltr'>Χριστοῦ</span> <span class='ocrx_word' id='word_1_709' title='bbox 1025 4988 1197 5056; x_wconf 85' lang='grc' dir='ltr'>λόγοι,</span> <span class='ocrx_word' id='word_1_710' title='bbox 1225 4985 1317 5039; x_wconf 79' lang='grc' dir='ltr'>καὶ</span> <span class='ocrx_word' id='word_1_711' title='bbox 1350 4983 1412 5037; x_wconf 67' lang='grc' dir='ltr'><strong>τὸ</strong></span> <span class='ocrx_word' id='word_1_712' title='bbox 1445 4982 1537 5037; x_wconf 82' lang='grc' dir='ltr'><strong>τοῦ</strong></span> <span class='ocrx_word' id='word_1_713' title='bbox 1578 4981 1802 5035; x_wconf 82' lang='grc' dir='ltr'>Ἠσαῖου</span> <span class='ocrx_word' id='word_1_714' title='bbox 1833 4978 1926 5030; x_wconf 64' lang='grc' dir='ltr'>ἐπὶ</span> 
     </span>
    </p>
   </div>
   <div class='ocr_carea' id='block_1_100' title="bbox 344 5071 1933 5161">
    <p class='ocr_par' dir='ltr' id='par_1_100' title="bbox 344 5071 1933 5161">
     <span class='ocr_line' id='line_1_100' title="bbox 344 5071 1933 5161; baseline -0.014 -18"><span class='ocrx_word' id='word_1_715' title='bbox 344 5091 488 5161; x_wconf 84' lang='grc' dir='ltr'>αύτῇ</span> <span class='ocrx_word' id='word_1_716' title='bbox 527 5091 698 5157; x_wconf 70' lang='grc' dir='ltr'>πέρας</span> <span class='ocrx_word' id='word_1_717' title='bbox 730 5081 843 5155; x_wconf 75' lang='grc' dir='ltr'>εἶχε</span> <span class='ocrx_word' id='word_1_718' title='bbox 867 5122 884 5146; x_wconf 90' lang='grc'><strong>,</strong></span> <span class='ocrx_word' id='word_1_719' title='bbox 944 5082 1080 5153; x_wconf 83' lang='grc' dir='ltr'>ταχὺ</span> <span class='ocrx_word' id='word_1_720' title='bbox 1111 5079 1222 5155; x_wconf 82' lang='grc' dir='ltr'><strong>τῶν</strong></span> <span class='ocrx_word' id='word_1_721' title='bbox 1253 5077 1499 5148; x_wconf 88' lang='grc' dir='ltr'>ἰαμάτων</span> <span class='ocrx_word' id='word_1_722' title='bbox 1526 5071 1933 5128; x_wconf 82' lang='grc' dir='ltr'>άνατειλάντων</span> 
     </span>
    </p>
   </div>
   <div class='ocr_carea' id='block_1_101' title="bbox 345 5164 1936 5252">
    <p class='ocr_par' dir='ltr' id='par_1_101' title="bbox 345 5164 1936 5252">
     <span class='ocr_line' id='line_1_101' title="bbox 345 5164 1936 5252; baseline -0.014 -16"><span class='ocrx_word' id='word_1_723' title='bbox 345 5184 513 5252; x_wconf 75' lang='grc' dir='ltr'>αύτῇ,</span> <span class='ocrx_word' id='word_1_724' title='bbox 547 5181 643 5233; x_wconf 76' lang='grc' dir='ltr'>καὶ</span> <span class='ocrx_word' id='word_1_725' title='bbox 674 5179 784 5232; x_wconf 80' lang='grc' dir='ltr'><strong>τῶν</strong></span> <span class='ocrx_word' id='word_1_726' title='bbox 818 5175 1063 5247; x_wconf 81' lang='grc' dir='ltr'>πληγῶν,</span> <span class='ocrx_word' id='word_1_727' title='bbox 1093 5175 1285 5241; x_wconf 83' lang='grc' dir='ltr'>ὥσπερ</span> <span class='ocrx_word' id='word_1_728' title='bbox 1312 5168 1372 5234; x_wconf 77' lang='grc' dir='ltr'>ἐξ</span> <span class='ocrx_word' id='word_1_729' title='bbox 1402 5166 1577 5238; x_wconf 77' lang='grc' dir='ltr'>ἀρχῆς</span> <span class='ocrx_word' id='word_1_730' title='bbox 1608 5164 1743 5236; x_wconf 83' lang='grc' dir='ltr'>μηδέ</span> <span class='ocrx_word' id='word_1_731' title='bbox 1784 5179 1936 5231; x_wconf 80' lang='grc' dir='ltr'>γενο-</span> 
     </span>
    </p>
   </div>
   <div class='ocr_carea' id='block_1_102' title="bbox 350 5252 1932 5345">
    <p class='ocr_par' dir='ltr' id='par_1_102' title="bbox 350 5252 1932 5345">
     <span class='ocr_line' id='line_1_102' title="bbox 350 5252 1932 5345; baseline -0.016 -17"><span class='ocrx_word' id='word_1_732' title='bbox 350 5274 553 5345; x_wconf 79' lang='grc' dir='ltr'>μένων,</span> <span class='ocrx_word' id='word_1_733' title='bbox 612 5267 998 5322; x_wconf 78' lang='grc' dir='ltr'>ἀπελαθέντων</span> <span class='ocrx_word' id='word_1_734' title='bbox 1046 5261 1140 5315; x_wconf 78' lang='grc' dir='ltr'>τοῦ</span> <span class='ocrx_word' id='word_1_735' title='bbox 1186 5260 1458 5330; x_wconf 80' lang='grc' dir='ltr'>σώματος.</span> <span class='ocrx_word' id='word_1_736' title='bbox 1516 5256 1676 5324; x_wconf 81' lang='grc' dir='ltr'><strong>Χαρᾶ</strong></span> <span class='ocrx_word' id='word_1_737' title='bbox 1725 5252 1782 5306; x_wconf 77' lang='grc' dir='ltr'>δὲ</span> <span class='ocrx_word' id='word_1_738' title='bbox 1832 5252 1932 5322; x_wconf 78' lang='grc' dir='ltr'>τὴν</span> 
     </span>
    </p>
   </div>
   <div class='ocr_carea' id='block_1_103' title="bbox 347 5346 1932 5436">
    <p class='ocr_par' dir='ltr' id='par_1_103' title="bbox 347 5346 1932 5436">
     <span class='ocr_line' id='line_1_103' title="bbox 347 5346 1932 5436; baseline -0.016 -14"><span class='ocrx_word' id='word_1_739' title='bbox 347 5368 515 5436; x_wconf 70' lang='grc' dir='ltr'>ἁγίαν</span> <span class='ocrx_word' id='word_1_740' title='bbox 546 5360 663 5434; x_wconf 76' lang='grc' dir='ltr'>εἶχε</span> <span class='ocrx_word' id='word_1_741' title='bbox 710 5363 804 5416; x_wconf 76' lang='grc' dir='ltr'>καὶ</span> <span class='ocrx_word' id='word_1_742' title='bbox 851 5358 1195 5427; x_wconf 82' lang='grc' dir='ltr'>ἀγαλλίασις,</span> <span class='ocrx_word' id='word_1_743' title='bbox 1255 5350 1564 5423; x_wconf 60' lang='grc' dir='ltr'>εὐφροσύνη</span> <span class='ocrx_word' id='word_1_744' title='bbox 1618 5365 1677 5400; x_wconf 87' lang='grc' dir='ltr'><strong>τε</strong></span> <span class='ocrx_word' id='word_1_745' title='bbox 1713 5346 1932 5408; x_wconf 80' lang='grc' dir='ltr'>αἰώνιος</span> 
     </span>
    </p>
   </div>
   <div class='ocr_carea' id='block_1_104' title="bbox 352 5442 1928 5529">
    <p class='ocr_par' dir='ltr' id='par_1_104' title="bbox 352 5442 1928 5529">
     <span class='ocr_line' id='line_1_104' title="bbox 352 5442 1928 5529; baseline -0.013 -17"><span class='ocrx_word' id='word_1_746' title='bbox 352 5460 496 5529; x_wconf 75' lang='grc' dir='ltr'>ὑπὲρ</span> <span class='ocrx_word' id='word_1_747' title='bbox 545 5455 791 5526; x_wconf 73' lang='grc' dir='ltr'>κεφαλῆς</span> <span class='ocrx_word' id='word_1_748' title='bbox 825 5451 1017 5522; x_wconf 76' lang='grc' dir='ltr'>αὐτῆς,</span> <span class='ocrx_word' id='word_1_749' title='bbox 1059 5450 1121 5503; x_wconf 68' lang='grc' dir='ltr'><strong>τὸ</strong></span> <span class='ocrx_word' id='word_1_750' title='bbox 1147 5448 1241 5501; x_wconf 79' lang='grc' dir='ltr'>τοῦ</span> <span class='ocrx_word' id='word_1_751' title='bbox 1297 5445 1501 5500; x_wconf 76' lang='grc' dir='ltr'>Ιισαίου</span> <span class='ocrx_word' id='word_1_752' title='bbox 1538 5443 1701 5496; x_wconf 86' lang='grc' dir='ltr'>πάλιν</span> <span class='ocrx_word' id='word_1_753' title='bbox 1733 5442 1928 5493; x_wconf 82' lang='grc' dir='ltr'>εἰπεῖν.</span> 
     </span>
    </p>
   </div>
   <div class='ocr_carea' id='block_1_105' title="bbox 354 5533 1926 5621">
    <p class='ocr_par' dir='ltr' id='par_1_105' title="bbox 354 5533 1926 5621">
     <span class='ocr_line' id='line_1_105' title="bbox 354 5533 1926 5621; baseline -0.015 -16"><span class='ocrx_word' id='word_1_754' title='bbox 354 5549 501 5621; x_wconf 76' lang='grc' dir='ltr'>Γυνὴ</span> <span class='ocrx_word' id='word_1_755' title='bbox 530 5550 590 5603; x_wconf 83' lang='grc' dir='ltr'><strong>δέ</strong></span> <span class='ocrx_word' id='word_1_756' title='bbox 617 5566 703 5610; x_wconf 88' lang='grc' dir='ltr'><strong>τις</strong></span> <span class='ocrx_word' id='word_1_757' title='bbox 751 5544 1007 5613; x_wconf 76' lang='grc' dir='ltr'>θεοσεϐὴς</span> <span class='ocrx_word' id='word_1_758' title='bbox 1054 5543 1149 5595; x_wconf 76' lang='grc' dir='ltr'>καὶ</span> <span class='ocrx_word' id='word_1_759' title='bbox 1201 5537 1510 5609; x_wconf 76' lang='grc' dir='ltr'>(ροῦουμένη</span> <span class='ocrx_word' id='word_1_760' title='bbox 1545 5537 1637 5587; x_wconf 73' lang='grc' dir='ltr'><strong>τὸν</strong></span> <span class='ocrx_word' id='word_1_761' title='bbox 1679 5533 1883 5602; x_wconf 79' lang='grc' dir='ltr'>Κύριον</span> <span class='ocrx_word' id='word_1_762' title='bbox 1912 5574 1926 5593; x_wconf 87' lang='lat'><strong>,</strong></span> 
     </span>
    </p>
   </div>
   <div class='ocr_carea' id='block_1_106' title="bbox 361 5626 1928 5735">
    <p class='ocr_par' dir='ltr' id='par_1_106' title="bbox 361 5626 1928 5735">
     <span class='ocr_line' id='line_1_106' title="bbox 361 5626 1928 5710; baseline -0.014 -13"><span class='ocrx_word' id='word_1_763' title='bbox 361 5641 631 5710; x_wconf 65' lang='grc' dir='ltr'>’Σο-λλιανὴ</span> <span class='ocrx_word' id='word_1_764' title='bbox 662 5641 859 5709; x_wconf 71' lang='grc' dir='ltr'>ὄνομα,</span> <span class='ocrx_word' id='word_1_765' title='bbox 888 5640 953 5709; x_wconf 80' lang='grc' dir='ltr'>τῇ</span> <span class='ocrx_word' id='word_1_766' title='bbox 985 5638 1225 5707; x_wconf 79' lang='grc' dir='ltr'>μάρτυρι</span> <span class='ocrx_word' id='word_1_767' title='bbox 1250 5632 1371 5684; x_wconf 78' lang='grc' dir='ltr'>τότε</span> <span class='ocrx_word' id='word_1_768' title='bbox 1400 5628 1651 5691; x_wconf 83' lang='grc' dir='ltr'>συνοῦσα,</span> <span class='ocrx_word' id='word_1_769' title='bbox 1681 5627 1801 5678; x_wconf 74' lang='grc' dir='ltr'>ἐπεὶ</span> <span class='ocrx_word' id='word_1_770' title='bbox 1823 5626 1928 5678; x_wconf 87' lang='grc' dir='ltr'><strong>τῶν</strong></span> 
     </span>
     <span class='ocr_line' id='line_1_107' title="bbox 372 5712 395 5735; baseline 0 0"><span class='ocrx_word' id='word_1_771' title='bbox 372 5712 395 5735; x_wconf 72' lang='grc' dir='ltr'>ι</span> 
     </span>
    </p>
   </div>
   <div class='ocr_carea' id='block_1_107' title="bbox 2036 4704 3610 4773">
    <p class='ocr_par' dir='ltr' id='par_1_107' title="bbox 2036 4704 3610 4773">
     <span class='ocr_line' id='line_1_108' title="bbox 2036 4704 3610 4773; baseline -0.003 -13"><span class='ocrx_word' id='word_1_772' title='bbox 2036 4707 2187 4760; x_wconf 91' lang='lat' dir='ltr'><strong>nullo</strong></span> <span class='ocrx_word' id='word_1_773' title='bbox 2218 4704 2380 4759; x_wconf 91' lang='lat' dir='ltr'><strong>modo</strong></span> <span class='ocrx_word' id='word_1_774' title='bbox 2437 4704 2656 4760; x_wconf 90' lang='lat' dir='ltr'><strong>timeret</strong></span> <span class='ocrx_word' id='word_1_775' title='bbox 2695 4705 2834 4759; x_wconf 88' lang='lat' dir='ltr'><strong>mala</strong></span> <span class='ocrx_word' id='word_1_776' title='bbox 2887 4705 3173 4760; x_wconf 90' lang='lat' dir='ltr'><strong>hominum</strong></span> <span class='ocrx_word' id='word_1_777' title='bbox 3214 4723 3227 4757; x_wconf 89' lang='lat'><strong>:</strong></span> <span class='ocrx_word' id='word_1_778' title='bbox 3268 4705 3382 4773; x_wconf 84' lang='lat' dir='ltr'><strong>Ego</strong></span> <span class='ocrx_word' id='word_1_779' title='bbox 3442 4705 3610 4767; x_wconf 85' lang='lat' dir='ltr'><strong>enim,</strong></span> 
     </span>
    </p>
   </div>
   <div class='ocr_carea' id='block_1_108' title="bbox 2037 4794 3613 4866">
    <p class='ocr_par' dir='ltr' id='par_1_108' title="bbox 2037 4794 3613 4866">
     <span class='ocr_line' id='line_1_109' title="bbox 2037 4794 3613 4866; baseline -0.003 -15"><span class='ocrx_word' id='word_1_780' title='bbox 2037 4797 2238 4866; x_wconf 83' lang='lat' dir='ltr'><strong>inquit,</strong></span> <span class='ocrx_word' id='word_1_781' title='bbox 2267 4812 2388 4851; x_wconf 87' lang='lat' dir='ltr'><strong>sum</strong></span> <span class='ocrx_word' id='word_1_782' title='bbox 2419 4809 2621 4860; x_wconf 82' lang='lat' dir='ltr'><strong>tecum,</strong></span> <span class='ocrx_word' id='word_1_783' title='bbox 2654 4806 2711 4851; x_wconf 90' lang='lat' dir='ltr'><strong>et</strong></span> <span class='ocrx_word' id='word_1_784' title='bbox 2740 4795 3050 4851; x_wconf 81' lang='lat' dir='ltr'><strong>servaberis</strong></span> <span class='ocrx_word' id='word_1_785' title='bbox 3080 4796 3185 4849; x_wconf 90' lang='lat' dir='ltr'><strong>sub</strong></span> <span class='ocrx_word' id='word_1_786' title='bbox 3242 4794 3437 4848; x_wconf 84' lang='lat' dir='ltr'><strong>umbra</strong></span> <span class='ocrx_word' id='word_1_787' title='bbox 3499 4794 3613 4847; x_wconf 58' lang='lat' dir='ltr'><strong>ala-</strong></span> 
     </span>
    </p>
   </div>
   <div class='ocr_carea' id='block_1_109' title="bbox 2040 4884 3608 4954">
    <p class='ocr_par' dir='ltr' id='par_1_109' title="bbox 2040 4884 3608 4954">
     <span class='ocr_line' id='line_1_110' title="bbox 2040 4884 3608 4954; baseline -0.003 -12"><span class='ocrx_word' id='word_1_788' title='bbox 2040 4904 2161 4942; x_wconf 89' lang='lat' dir='ltr'><strong>rum</strong></span> <span class='ocrx_word' id='word_1_789' title='bbox 2215 4903 2484 4942; x_wconf 88' lang='lat' dir='ltr'><strong>mearum.</strong></span> <span class='ocrx_word' id='word_1_790' title='bbox 2543 4887 2797 4943; x_wconf 80' lang='lat' dir='ltr'><strong>Nondum</strong></span> <span class='ocrx_word' id='word_1_791' title='bbox 2837 4887 3000 4941; x_wconf 83' lang='lat' dir='ltr'><strong>finem</strong></span> <span class='ocrx_word' id='word_1_792' title='bbox 3054 4894 3384 4954; x_wconf 86' lang='lat' dir='ltr'><strong>acceperant</strong></span> <span class='ocrx_word' id='word_1_793' title='bbox 3421 4884 3608 4948; x_wconf 85' lang='lat' dir='ltr'><strong>verba,</strong></span> 
     </span>
    </p>
   </div>
   <div class='ocr_carea' id='block_1_110' title="bbox 2037 4976 3610 5053">
    <p class='ocr_par' dir='ltr' id='par_1_110' title="bbox 2037 4976 3610 5053">
     <span class='ocr_line' id='line_1_111' title="bbox 2037 4976 3610 5053; baseline -0.002 -18"><span class='ocrx_word' id='word_1_794' title='bbox 2037 4995 2158 5050; x_wconf 71' lang='lat' dir='ltr'><strong>qua:</strong></span> <span class='ocrx_word' id='word_1_795' title='bbox 2184 4978 2390 5035; x_wconf 80' lang='lat' dir='ltr'><strong>ﬁebant</strong></span> <span class='ocrx_word' id='word_1_796' title='bbox 2417 4980 2666 5053; x_wconf 81' lang='lat' dir='ltr'><strong>martyri,</strong></span> <span class='ocrx_word' id='word_1_797' title='bbox 2689 4988 2745 5034; x_wconf 85' lang='lat' dir='ltr'><strong>et</strong></span> <span class='ocrx_word' id='word_1_798' title='bbox 2777 4978 2922 5049; x_wconf 87' lang='lat' dir='ltr'><strong>quod</strong></span> <span class='ocrx_word' id='word_1_799' title='bbox 2956 4978 3025 5033; x_wconf 89' lang='lat' dir='ltr'><strong>ab</strong></span> <span class='ocrx_word' id='word_1_800' title='bbox 3058 4978 3196 5033; x_wconf 88' lang='lat' dir='ltr'><strong>lsaia</strong></span> <span class='ocrx_word' id='word_1_801' title='bbox 3217 4976 3424 5033; x_wconf 90' lang='lat' dir='ltr'><strong>dictum</strong></span> <span class='ocrx_word' id='word_1_802' title='bbox 3457 4987 3542 5032; x_wconf 91' lang='lat' dir='ltr'><strong>cst</strong></span> <span class='ocrx_word' id='word_1_803' title='bbox 3569 4979 3610 5041; x_wconf 75' lang='lat'><strong>‘,</strong></span> 
     </span>
    </p>
   </div>
   <div class='ocr_carea' id='block_1_111' title="bbox 2032 5056 3614 5128">
    <p class='ocr_par' dir='ltr' id='par_1_111' title="bbox 2032 5056 3614 5128">
     <span class='ocr_line' id='line_1_112' title="bbox 2032 5056 3614 5128; baseline -0.003 -1"><span class='ocrx_word' id='word_1_804' title='bbox 2032 5056 2088 5127; x_wconf 64' lang='lat' dir='ltr'><strong>in</strong></span> <span class='ocrx_word' id='word_1_805' title='bbox 2114 5086 2177 5126; x_wconf 90' lang='lat' dir='ltr'><strong>ea</strong></span> <span class='ocrx_word' id='word_1_806' title='bbox 2218 5082 2302 5128; x_wconf 88' lang='lat' dir='ltr'><strong>est</strong></span> <span class='ocrx_word' id='word_1_807' title='bbox 2345 5080 2808 5126; x_wconf 89' lang='lat' dir='ltr'><strong>consummatum.</strong></span> <span class='ocrx_word' id='word_1_808' title='bbox 2849 5070 2981 5125; x_wconf 82' lang='lat' dir='ltr'><strong>Nam</strong></span> <span class='ocrx_word' id='word_1_809' title='bbox 3010 5084 3136 5125; x_wconf 89' lang='lat' dir='ltr'><strong>eum</strong></span> <span class='ocrx_word' id='word_1_810' title='bbox 3171 5069 3282 5122; x_wconf 86' lang='lat' dir='ltr'><strong>cito</strong></span> <span class='ocrx_word' id='word_1_811' title='bbox 3304 5067 3354 5120; x_wconf 76' lang='lat' dir='ltr'><strong>ei</strong></span> <span class='ocrx_word' id='word_1_812' title='bbox 3406 5079 3614 5123; x_wconf 78' lang='lat' dir='ltr'><strong>exortae</strong></span> 
     </span>
    </p>
   </div>
   <div class='ocr_carea' id='block_1_112' title="bbox 2030 5159 3615 5233">
    <p class='ocr_par' dir='ltr' id='par_1_112' title="bbox 2030 5159 3615 5233">
     <span class='ocr_line' id='line_1_113' title="bbox 2030 5159 3615 5233; baseline -0.003 -14"><span class='ocrx_word' id='word_1_813' title='bbox 2030 5172 2216 5219; x_wconf 88' lang='lat' dir='ltr'><strong>essent</strong></span> <span class='ocrx_word' id='word_1_814' title='bbox 2254 5164 2590 5227; x_wconf 87' lang='lat' dir='ltr'><strong>curationes,</strong></span> <span class='ocrx_word' id='word_1_815' title='bbox 2630 5171 2687 5217; x_wconf 89' lang='lat' dir='ltr'><strong>et</strong></span> <span class='ocrx_word' id='word_1_816' title='bbox 2716 5163 2906 5233; x_wconf 58' lang='lat' dir='ltr'><strong>plagae,</strong></span> <span class='ocrx_word' id='word_1_817' title='bbox 2947 5170 3208 5231; x_wconf 88' lang='lat' dir='ltr'><strong>tanquam</strong></span> <span class='ocrx_word' id='word_1_818' title='bbox 3237 5174 3345 5213; x_wconf 90' lang='lat' dir='ltr'><strong>non</strong></span> <span class='ocrx_word' id='word_1_819' title='bbox 3381 5159 3615 5215; x_wconf 78' lang='lat' dir='ltr'><strong>fuissent</strong></span> 
     </span>
    </p>
   </div>
   <div class='ocr_carea' id='block_1_113' title="bbox 2032 5252 3616 5326">
    <p class='ocr_par' dir='ltr' id='par_1_113' title="bbox 2032 5252 3616 5326">
     <span class='ocr_line' id='line_1_114' title="bbox 2032 5252 3616 5326; baseline -0.002 -17"><span class='ocrx_word' id='word_1_820' title='bbox 2032 5257 2101 5311; x_wconf 86' lang='lat' dir='ltr'><strong>ab</strong></span> <span class='ocrx_word' id='word_1_821' title='bbox 2130 5256 2306 5321; x_wconf 83' lang='lat' dir='ltr'><strong>initio,</strong></span> <span class='ocrx_word' id='word_1_822' title='bbox 2347 5272 2376 5311; x_wconf 91' lang='lat' dir='ltr'><strong>a</strong></span> <span class='ocrx_word' id='word_1_823' title='bbox 2415 5270 2652 5326; x_wconf 90' lang='lat' dir='ltr'><strong>corpore</strong></span> <span class='ocrx_word' id='word_1_824' title='bbox 2678 5255 2924 5325; x_wconf 72' lang='lat' dir='ltr'><strong>expulsa:</strong></span> <span class='ocrx_word' id='word_1_825' title='bbox 2963 5261 3176 5319; x_wconf 90' lang='lat' dir='ltr'><strong>essent,</strong></span> <span class='ocrx_word' id='word_1_826' title='bbox 3209 5252 3476 5323; x_wconf 86' lang='lat' dir='ltr'><strong>gaudium</strong></span> <span class='ocrx_word' id='word_1_827' title='bbox 3530 5260 3616 5306; x_wconf 80' lang='lat' dir='ltr'><strong>te-</strong></span> 
     </span>
    </p>
   </div>
   <div class='ocr_carea' id='block_1_114' title="bbox 2031 5345 3612 5413">
    <p class='ocr_par' dir='ltr' id='par_1_114' title="bbox 2031 5345 3612 5413">
     <span class='ocr_line' id='line_1_115' title="bbox 2031 5345 3612 5413; baseline -0.004 -10"><span class='ocrx_word' id='word_1_828' title='bbox 2031 5348 2153 5403; x_wconf 88' lang='lat' dir='ltr'><strong>nuit</strong></span> <span class='ocrx_word' id='word_1_829' title='bbox 2178 5357 2425 5403; x_wconf 87' lang='lat' dir='ltr'><strong>sanctam</strong></span> <span class='ocrx_word' id='word_1_830' title='bbox 2450 5357 2506 5402; x_wconf 89' lang='lat' dir='ltr'><strong>et</strong></span> <span class='ocrx_word' id='word_1_831' title='bbox 2537 5346 2854 5410; x_wconf 81' lang='lat' dir='ltr'><strong>exsultatio,</strong></span> <span class='ocrx_word' id='word_1_832' title='bbox 2882 5357 2942 5400; x_wconf 87' lang='lat' dir='ltr'><strong>et</strong></span> <span class='ocrx_word' id='word_1_833' title='bbox 2981 5345 3170 5400; x_wconf 62' lang='lat' dir='ltr'><strong>latitia</strong></span> <span class='ocrx_word' id='word_1_834' title='bbox 3207 5353 3413 5400; x_wconf 65' lang='lat' dir='ltr'><strong>aeterna</strong></span> <span class='ocrx_word' id='word_1_835' title='bbox 3443 5357 3612 5413; x_wconf 87' lang='lat' dir='ltr'><strong>super</strong></span> 
     </span>
    </p>
   </div>
   <div class='ocr_carea' id='block_1_115' title="bbox 2029 5432 3613 5510">
    <p class='ocr_par' dir='ltr' id='par_1_115' title="bbox 2029 5432 3613 5510">
     <span class='ocr_line' id='line_1_116' title="bbox 2029 5432 3613 5510; baseline -0.006 -16"><span class='ocrx_word' id='word_1_836' title='bbox 2029 5449 2194 5510; x_wconf 86' lang='lat' dir='ltr'><strong>caput</strong></span> <span class='ocrx_word' id='word_1_837' title='bbox 2235 5440 2380 5508; x_wconf 87' lang='lat' dir='ltr'><strong>ejus,</strong></span> <span class='ocrx_word' id='word_1_838' title='bbox 2437 5447 2500 5492; x_wconf 91' lang='lat' dir='ltr'><strong>ut</strong></span> <span class='ocrx_word' id='word_1_839' title='bbox 2549 5451 2744 5492; x_wconf 89' lang='lat' dir='ltr'><strong>rursus</strong></span> <span class='ocrx_word' id='word_1_840' title='bbox 2783 5435 2984 5499; x_wconf 80' lang='lat' dir='ltr'><strong>dicam,</strong></span> <span class='ocrx_word' id='word_1_841' title='bbox 3027 5432 3175 5504; x_wconf 90' lang='lat' dir='ltr'><strong>quod</strong></span> <span class='ocrx_word' id='word_1_842' title='bbox 3234 5433 3371 5489; x_wconf 88' lang='lat' dir='ltr'><strong>dicit</strong></span> <span class='ocrx_word' id='word_1_843' title='bbox 3424 5432 3613 5487; x_wconf 86' lang='lat' dir='ltr'><strong>Isaias.</strong></span> 
     </span>
    </p>
   </div>
   <div class='ocr_carea' id='block_1_116' title="bbox 2038 5524 3617 5599">
    <p class='ocr_par' dir='ltr' id='par_1_116' title="bbox 2038 5524 3617 5599">
     <span class='ocr_line' id='line_1_117' title="bbox 2038 5524 3617 5599; baseline -0.006 -13"><span class='ocrx_word' id='word_1_844' title='bbox 2038 5532 2232 5586; x_wconf 82' lang='lat' dir='ltr'><strong>Mulier</strong></span> <span class='ocrx_word' id='word_1_845' title='bbox 2264 5540 2447 5586; x_wconf 80' lang='lat' dir='ltr'><strong>autem</strong></span> <span class='ocrx_word' id='word_1_846' title='bbox 2497 5528 2746 5599; x_wconf 68' lang='lat' dir='ltr'><strong>quaedam</strong></span> <span class='ocrx_word' id='word_1_847' title='bbox 2777 5527 2885 5598; x_wconf 88' lang='lat' dir='ltr'><strong>pia,</strong></span> <span class='ocrx_word' id='word_1_848' title='bbox 2923 5535 2979 5581; x_wconf 90' lang='lat' dir='ltr'><strong>et</strong></span> <span class='ocrx_word' id='word_1_849' title='bbox 3035 5526 3239 5581; x_wconf 88' lang='lat' dir='ltr'><strong>timens</strong></span> <span class='ocrx_word' id='word_1_850' title='bbox 3295 5524 3617 5588; x_wconf 87' lang='lat' dir='ltr'><strong>Dominum,</strong></span> 
     </span>
    </p>
   </div>
   <div class='ocr_carea' id='block_1_117' title="bbox 2037 5624 3615 5690">
    <p class='ocr_par' dir='ltr' id='par_1_117' title="bbox 2037 5624 3615 5690">
     <span class='ocr_line' id='line_1_118' title="bbox 2037 5624 3615 5690; baseline -0.004 -11"><span class='ocrx_word' id='word_1_851' title='bbox 2037 5624 2260 5679; x_wconf 83' lang='lat' dir='ltr'><strong>nomine</strong></span> <span class='ocrx_word' id='word_1_852' title='bbox 2314 5624 2554 5690; x_wconf 71' lang='lat' dir='ltr'><strong>Iuliana,</strong></span> <span class='ocrx_word' id='word_1_853' title='bbox 2611 5631 2738 5677; x_wconf 89' lang='lat' dir='ltr'><strong>tunc</strong></span> <span class='ocrx_word' id='word_1_854' title='bbox 2790 5634 3127 5677; x_wconf 86' lang='lat' dir='ltr'><strong>convcrsans</strong></span> <span class='ocrx_word' id='word_1_855' title='bbox 3162 5633 3287 5675; x_wconf 91' lang='lat' dir='ltr'><strong>cum</strong></span> <span class='ocrx_word' id='word_1_856' title='bbox 3348 5626 3615 5689; x_wconf 78' lang='lat' dir='ltr'><strong>martyre,</strong></span> 
     </span>
    </p>
   </div>
   <div class='ocr_carea' id='block_1_118' title="bbox 430 5740 2093 5825">
    <p class='ocr_par' dir='ltr' id='par_1_118' title="bbox 430 5740 2093 5825">
     <span class='ocr_line' id='line_1_119' title="bbox 430 5740 2093 5825; baseline -0.011 -14"><span class='ocrx_word' id='word_1_857' title='bbox 430 5760 448 5786; x_wconf 77' lang='lat'><strong>‘</strong></span> <span class='ocrx_word' id='word_1_858' title='bbox 476 5754 619 5813; x_wconf 78' lang='lat' dir='ltr'><strong>l‘sal.</strong></span> <span class='ocrx_word' id='word_1_859' title='bbox 658 5772 813 5825; x_wconf 81' lang='lat' dir='ltr'><strong>cxm,</strong></span> <span class='ocrx_word' id='word_1_860' title='bbox 840 5755 890 5813; x_wconf 69' lang='grc'><strong>4,</strong></span> <span class='ocrx_word' id='word_1_861' title='bbox 971 5755 991 5785; x_wconf 85' lang='grc'><strong><em>⁵</em></strong></span> <span class='ocrx_word' id='word_1_862' title='bbox 1022 5752 1166 5808; x_wconf 87' lang='lat' dir='ltr'><strong>Psal.</strong></span> <span class='ocrx_word' id='word_1_863' title='bbox 1203 5763 1327 5816; x_wconf 83' lang='lat' dir='ltr'><strong>xcv,</strong></span> <span class='ocrx_word' id='word_1_864' title='bbox 1491 5745 1509 5772; x_wconf 81' lang='grc'>⁸</span> <span class='ocrx_word' id='word_1_865' title='bbox 1546 5743 1649 5800; x_wconf 91' lang='lat' dir='ltr'><strong>lsa.</strong></span> <span class='ocrx_word' id='word_1_866' title='bbox 1676 5757 1837 5811; x_wconf 86' lang='lat' dir='ltr'><strong>xxxv,</strong></span> <span class='ocrx_word' id='word_1_867' title='bbox 1873 5740 1937 5794; x_wconf 64' lang='lat' dir='ltr'><strong>ll</strong></span> <span class='ocrx_word' id='word_1_868' title='bbox 1977 5755 2093 5812; x_wconf 85' lang='lat' dir='ltr'><strong>seq.</strong></span> 
     </span>
    </p>
   </div>
  </div>
