4072 6390
475 297 579 363 311

1709 292 1997 358 MENSIS
2048 276 2488 357 DECEMBER.

3633 286 3735 355 312

474 421 762 482 postquam
803 408 1171 476 admirabilia,
1209 422 1330 479 qua)
1379 409 1436 464 In
1471 424 1536 465 ea
1579 409 1720 465 facta
1763 418 1913 476 sunt,
1969 417 2051 464 est

2157 412 2236 474 είς
2303 399 2479 473 αὐτὴν
2539 405 2858 478 παραδόξων
2908 404 3108 476 θεατὴς
3164 406 3379 474 γέγονε,
3448 403 3545 459 καὶ
3590 405 3735 470 ὅπως

475 503 698 563 lntuita.
736 509 793 556 et
827 500 1288 571 quemadmodum
1319 500 1585 556 continuo
1610 501 1780 572 plagae
1812 516 2052 556 evanue-

474 600 623 653 runt,
675 591 783 645 Deo
837 590 976 646 dans
1025 590 1278 660 gloriam,
1319 600 1376 646 et
1422 591 1596 648 instar
1644 591 1872 658 ;sororis
1923 607 2051 646 cum

475 692 717 753 martyre
777 683 1182 748 consentiens,
1257 683 1494 752 seipsam
1568 683 1913 754 praeparabat
1982 682 2052 738 ad

474 775 662 844 plagas
702 781 759 828 et
789 773 1024 844 ﬂagella.
1060 773 1272 831 Deinde
1310 790 1436 831 cum
1474 790 1678 846 praeses
1729 775 1798 830 ad
1853 791 2055 830 secun-

474 867 601 921 dam
661 867 895 922 sedisset
961 867 1448 932 examinationem,
1508 867 1746 923 adducta
1798 867 1867 922 ad
1921 881 2052 923 eum

475 967 704 1022 sancta,
757 968 814 1014 et
865 961 987 1015 viso
1040 959 1354 1015 admirabili
1427 961 1687 1016 omnibus
1739 961 2051 1032 spetaculo,

475 1051 623 1121 quod
657 1066 758 1107 nec
798 1051 938 1106 levis
985 1052 1204 1122 quidem
1235 1052 1288 1108 in
1325 1053 1446 1124 ejus
1486 1069 1731 1124 corpore
1768 1054 2050 1122 laceratio,

474 1156 658 1213 neque
698 1145 846 1198 ullus
871 1144 1035 1200 vibex
1069 1145 1390 1216 apparebat,
1447 1144 1621 1216 judex
1656 1145 1725 1201 ad
1759 1147 2052 1202 veritatem

474 1245 666 1304 aperte
731 1236 1048 1302 cmcutiens,
1109 1237 1332 1294 mittens
1382 1254 1591 1310 magna:
1646 1239 1741 1294 Dei
1791 1241 2054 1310 potentiae

474 1326 756 1383 ascribere
788 1328 841 1383 id
884 1330 1028 1400 quod
1064 1330 1267 1386 factum
1295 1331 1497 1396 fuerat,
1527 1343 1581 1387 et
1609 1333 1811 1403 prioris
1845 1335 1970 1390 vita:
1998 1343 2056 1390 et

473 1420 684 1474 erroris
727 1421 852 1476 duci
887 1423 1226 1492 poenitentia,
1264 1424 1357 1480 ille
1403 1425 1588 1494 potius
1635 1440 1855 1481 omnem
1901 1427 2057 1481 exuit

474 1510 767 1579 pudorem,
801 1521 856 1567 et
883 1513 990 1568 diis
1032 1516 1147 1570 suis
1179 1515 1532 1586 impudenter
1589 1533 1709 1572 eam
1747 1517 2056 1574 attribuens

477 1599 862 1658 sanationem:
902 1603 1086 1668 Vides,
1142 1604 1298 1667 dixit,
1333 1619 1366 1659 ο
1398 1604 1656 1669 Barbara,
1697 1601 2056 1676 quemadmo-

475 1687 608 1742 dum
652 1697 704 1744 te
738 1689 814 1744 dii
857 1700 1108 1756 tuentur,
1135 1700 1192 1748 et
1221 1694 1299 1747 tui
1330 1709 1520 1749 curam
1553 1705 1772 1765 gerunt,
1805 1697 1899 1766 qui
1935 1706 2057 1752 tuas

2155 505 2387 573 ἀφανεῖς
2420 501 2482 556 ἐκ
2505 501 2599 557 τοῦ
2637 499 2985 570 παραχρῆμα
3013 497 3363 568 κατέστησαν
3407 497 3465 549 αῖ
3507 496 3736 567 πληγαὶ,

2156 597 2322 652 δοῦσά
2363 613 2423 650 τε
2469 595 2629 661 δόξαν
2683 592 2761 663 τῷ
2804 591 2946 660 Θεῷ,
2992 591 3085 643 καὶ
3131 588 3336 658 ἀδελφὰ
3382 591 3447 659 τῇ
3501 588 3735 658 μάρτυρι
3770 637 3790 666 ι

2160 687 2620 760 συμφρονήσασαι,
2659 684 2795 756 πρὸς
2835 682 3053 754 πληγάς
3078 680 3278 752 ἑαυτὴν
3329 681 3426 733 καὶ
3463 680 3735 749 μάστιγας
3759 673 3772 692 ⁷

2156 783 2602 853 παρεσκεύαζεν.
2650 775 2784 833 Εἶτα
2819 777 2952 849 πρὸς
2995 776 3256 846 δευτέραν
3289 774 3521 837 καθίσας
3556 777 3584 826 ὁ
3610 775 3732 841 ὴγευ

2159 877 2278 951 μῶν
2331 878 2432 950 τὴν
2485 877 2754 945 ἐξέτασιν,
2812 875 2906 928 καὶ
2958 872 3061 941 τῆς
3116 872 3281 939 ἁγίας
3329 868 3736 940 προσαχθείσης

2157 969 2331 1039 αὐτῷ,
2380 969 2476 1022 καὶ
2531 967 2763 1036 φρικτὸν
2823 964 3008 1034 θέαμα
3057 965 3224 1018 πᾶσιν
3283 958 3587 1029 δοθείσης,
3657 958 3737 1011 ὅτι

2161 1062 2300 1133 μηδὲ
2323 1061 2383 1115 τὸ
2411 1061 2571 1131 τυχδν
2596 1059 2901 1130 σπάραγμα
2919 1055 2996 1127 τῷ
3019 1055 3234 1126 σώματι
3261 1051 3435 1122 αὐτῆς
3463 1049 3736 1121 ἐδηλοῦτο,

2160 1153 2297 1224 μηδὲ
2345 1151 2554 1224 μὼλωψ
2617 1150 2826 1222 μηδεὶς,
2892 1147 3234 1218 ὁδικαστὴς,
3296 1142 3432 1215 ipsi“)!
3486 1143 3737 1214 φανερῶς

2154 1240 2486 1312 τυφλώττων
2513 1241 2650 1312 πρὸς
2675 1241 2775 1310 τὴν
2806 1238 3090 1310 ἀλήθειαν,
3122 1237 3407 1291 ἀπολιπὼν
3429 1237 3494 1306 τῇ
3527 1232 3736 1304 μεγάλῃ

2154 1333 2250 1386 τοῦ
2279 1331 2414 1386 Θεοῦ
2444 1330 2676 1401 δυνάμει
2700 1329 2762 1382 τὸ
2791 1329 3018 1399 γεγονὸς
3046 1327 3397 1398 ἐπιγράφειν,
3433 1325 3737 1394 μετάμελόν

2155 1440 2214 1480 τε
2244 1425 2433 1481 λαϐεῖν
2463 1424 2556 1478 τού
2592 1423 2864 1495 προτέρου
2895 1421 3014 1490 βίου
3051 1419 3146 1475 καὶ
3189 1419 3289 1487 τῆς
3333 1419 3550 1488 ἀπάτης
3576 1461 3591 1484 ,
3623 1420 3651 1471 ὁ
3683 1417 3736 1471 δὲ

2157 1519 2253 1573 καὶ
2319 1518 2522 1589 μᾶλλον
2578 1516 3054 1588 ἀπηναισχύντει,
3094 1513 3331 1577 καὶτοῖς
3390 1511 3556 1567 αὐτοῦ
3597 1510 3736 1575 Θεοῖς

2156 1611 2257 1680 τὴν
2311 1608 2457 1663 ἴασιν
2483 1607 2777 1677 ἐλογίζετο,
2827 1607 2942 1672 καὶ,
2983 1605 3172 1675 Ὁρᾷς,
3201 1603 3379 1673 ἔλεγε,
3419 1603 3538 1668 πῶς
3589 1604 3725 1657 ἀντιο

2159 1695 2445 1752 ποιοῦνταί
2481 1715 2576 1752 σου
2608 1699 2656 1750 οί
2689 1695 2826 1762 θεοὶ,
2858 1696 3144 1768 Βαρϐάρα,
3185 1696 3280 1749 καὶ
3317 1692 3610 1764 κηδόμενοί
3645 1710 3737 1746 σου

473 1784 662 1854 plagas
691 1794 982 1840 curarunt.
1009 1785 1107 1841 Cui
1143 1796 1350 1858 martyr
1371 1762 1574 1843 Christi
1605 1807 1617 1842 :
1645 1788 1747 1857 Qui
1779 1762 2051 1856 similiter,

2161 1789 2260 1854 τάς
2290 1791 2507 1862 πληγάς
2537 1762 2955 1862 ἐθεράπευσανξ
3009 1787 3154 1860 Πρὸς
3182 1787 3241 1841 δν
3276 1789 3309 1858 ὴ
3348 1762 3466 1839 τοῦθ
3495 1783 3736 1856 Χριστοῦ

474 1873 678 1947 inquit,
707 1885 889 1948 atque
925 1887 1002 1944 tu,
1040 1879 1359 1948 excutiunt,
1389 1890 1444 1936 et
1499 1881 1738 1937 humana
1765 1898 1928 1939 manu
1977 1885 2060 1939 in-

475 1970 665 2040 digent
689 1969 758 2025 ad
785 1971 909 2034 hoc,
939 1980 999 2026 ut
1020 1973 1394 2042 perducantur
1422 1973 1488 2028 ad
1513 1974 1831 2040 essentiam,
1857 1991 2056 2046 quem-

475 2059 775 2115 admodum
827 2063 934 2118 tale
997 2062 1128 2134 quid
1185 2071 1486 2141 potuerunt
1541 2065 1766 2121 facere?
1831 2067 1939 2122 Sed
2010 2067 2056 2123 si

474 2152 558 2206 vis
589 2143 732 2208 scire
771 2154 1023 2224 quisnam
1084 2155 1173 2219 sit,
1214 2155 1308 2225 qui
1343 2171 1431 2212 me
1487 2159 1723 2224 sanavit,
1759 2168 1843 2216 est
1897 2160 2057 2218 Jesus

475 2243 727 2300 Christus
756 2245 900 2302 Iilius
933 2247 1050 2312 Dei,
1086 2262 1250 2318 quem
1283 2248 1402 2303 ﬁeri
1464 2265 1572 2304 non
1604 2261 1784 2320 potest
1830 2262 1892 2308 ut
1922 2269 2054 2309 con-

480 2338 712 2399 tuearis,
745 2352 869 2391 cum
900 2338 1193 2408 profundis
1221 2339 1466 2395 tenebris
1493 2340 1792 2413 impietatis
1830 2344 2056 2401 orbatus

475 2426 554 2481 sis
601 2429 772 2482 oculis
819 2431 1034 2484 animae.

550 2518 687 2572 VIII.
721 2519 816 2574 His
865 2521 1048 2578 verbis
1103 2537 1310 2593 praeses
1359 2524 1426 2580 ad
1480 2526 1748 2598 majorem
1788 2543 2055 2586 accensus

475 2610 844 2677 iracundiam,
885 2623 940 2668 et
991 2629 1100 2671 non
1132 2617 1321 2673 valens
1356 2634 1414 2674 se
1441 2621 1747 2688 continere,
1793 2623 1950 2693 jubet
1987 2624 2055 2678 iis

473 2701 570 2771 qui
594 2702 846 2765 aderant,
880 2705 1076 2762 ferreis
1106 2707 1420 2776 pectinibus
1449 2709 1620 2766 latera
1651 2712 1880 2783 virginis
1905 2715 2052 2769 scin.

473 2795 630 2859 dere,
660 2803 717 2851 et
746 2796 903 2854 taedis
969 2799 1112 2868 ignis
1159 2803 1404 2858 membra
1440 2804 1553 2874 jam
1591 2805 1832 2861 lacerata
1865 2823 2050 2872 urere,

472 2889 672 2945 deinde
728 2889 893 2946 etiam
941 2893 1140 2948 malleo
1186 2903 1477 2963 percutere
1523 2899 1899 2954 venerandum
1935 2900 2056 2971 ejus

471 2991 656 3051 caput.
706 2981 838 3049 Quae
890 2983 1114 3051 quidem
1175 3002 1300 3041 cum
1363 2988 1651 3044 celerrime
1710 2990 1928 3056 tierent,
1986 3007 2051 3048 ea

469 3072 670 3130 videns
721 3076 810 3146 pia
857 3076 1091 3139 Juliana.
1143 3087 1201 3134 et
1243 3079 1428 3134 animo
1466 3097 1610 3153 mgre
1662 3081 1867 3150 ferens,
1923 3099 2048 3140 cum
2079 3093 2120 3152 C

470 3182 579 3222 non
609 3177 799 3238 posset
829 3183 990 3237 opem
1043 3168 1207 3236 ferre,
1241 3169 1475 3237 faciebat
1507 3174 1654 3244 quod
1709 3183 1944 3245 poterat,
1995 3186 2052 3233 et

471 3267 632 3311 suum
664 3257 718 3310 in
753 3271 879 3311 eam
897 3271 1142 3312 amorem
1173 3259 1519 3327 ostendebat,
1554 3263 1692 3317 nihil
1724 3279 1927 3321 curans
1955 3281 2051 3322 eos

469 3348 564 3416 qui
599 3347 848 3414 aderant,
889 3363 992 3404 nec
1022 3351 1309 3418 praesidem
1334 3393 1348 3417 ,
1389 3353 1485 3408 sed
1539 3357 1741 3412 uberes
1782 3356 2052 3429 lacrymas

468 3439 761 3496 efrondens
809 3455 877 3496 ex
931 3443 1128 3499 oculis.
1171 3444 1308 3501 Cum
1372 3461 1493 3502 eam
1554 3463 1686 3518 ergo
1747 3452 2053 3520 aspexisset

468 3523 794 3598 hlartianus,
838 3543 893 3588 et
926 3551 1177 3605 quanam
1211 3545 1359 3592 esset
1411 3538 1718 3605 didicisset,
1753 3551 2047 3613 postquam

467 3634 588 3674 eam
618 3636 840 3693 quoque
870 3624 1082 3680 audivit
1112 3642 1236 3682 esse
1261 3627 1657 3696 Christianam,
1694 3641 1750 3686 et
1797 3633 2052 3692 Barbarae

467 3714 850 3771 misericordia
895 3729 1122 3784 motam,
1149 3721 1333 3776 animo
1364 3725 1714 3793 perturbari,
1745 3728 1900 3798 jubet
1927 3745 2048 3785 eam

467 3824 692 3878 quoque
725 3811 1143 3880 comprehendi,
1180 3827 1235 3870 et
1263 3816 1411 3885 ligno
1447 3819 1736 3888 suspendi,
1788 3831 1844 3876 et
1898 3823 2048 3877 simi.

466 3899 596 3956 liter
621 3910 788 3972 atque
839 3904 1091 3976 martyri,
1133 3908 1447 3976 pectinibus
1485 3909 1680 3966 ferreis
1728 3912 1900 3968 latera
1934 3913 2050 3969 dis-

467 3994 642 4062 cerpi.
663 3996 734 4050 At
766 3996 934 4051 variis
963 3998 1186 4067 quidem
1225 4003 1623 4060 certaminibus
1652 4006 1895 4062 exercita
1914 4007 2048 4063 Bar-

469 4087 621 4152 bara,
684 4103 809 4143 cum
869 4089 1069 4145 acerbe
1126 4091 1450 4161 Ianiaretur,
1513 4097 1688 4152 oculis
1741 4100 1794 4154 in
1845 4102 2047 4157 caelum

467 4179 742 4236 sublatis:
779 4180 860 4235 Tu
882 4185 1049 4250 nosti,
1078 4183 1276 4254 inquit,
1308 4185 1743 4260 Deus,cognitor
1773 4193 2044 4262 cordium,

466 4270 613 4337 quod
652 4281 703 4324 te
740 4272 1078 4338 desiderans,
1116 4283 1172 4330 et
1221 4283 1347 4330 tuas
1378 4293 1569 4334 amans
1605 4279 1776 4351 leges,
1825 4299 1910 4338 me
1964 4294 2045 4340 to-

471 4370 578 4414 tam
610 4361 707 4417 tibi
736 4363 935 4431 obtuli,
967 4375 1022 4420 et
1052 4382 1081 4420 a
1114 4381 1204 4422 tua
1251 4371 1464 4439 pendeo
1507 4372 1753 4428 dextera.
1785 4373 1865 4428 'I‘u
1888 4391 2041 4446 ergo,

467 4451 722 4516 Domine,
767 4470 838 4509 ne
873 4470 960 4510 me
991 4456 1364 4530 derelinquas,
1400 4462 1496 4516 sed
1527 4478 1614 4520 me
1649 4480 1743 4534 per
1775 4475 1921 4522 tuam
1948 4485 2045 4524 su-

466 4543 669 4613 scipias
709 4545 1174 4613 misericordiam,
1217 4559 1273 4605 et
1315 4567 1416 4607 nos
1455 4554 1645 4610 ambas
1701 4557 1961 4612 conﬁrma
1991 4566 2047 4614 et

361 4639 382 4650 "
466 4634 785 4703 corrobora,
833 4645 894 4691 ut
946 4655 1166 4694 cursum
1210 4653 1534 4710 prrescntem
1579 4661 1888 4716 pergamus.
1939 4649 2046 4705 Sed

466 4725 549 4782 sic
575 4726 796 4797 quidem
823 4737 1033 4802 martyr
1060 4730 1264 4788 Christi
1294 4735 1601 4802 Dominum,
1635 4750 1859 4808 propter
1881 4757 2044 4811 quem

468 4819 585 4875 haec
613 4821 947 4887 sustinebat,
992 4824 1239 4895 rogabat,
1295 4837 1355 4881 ut
1406 4830 1524 4898 ejus
1572 4830 1776 4885 auxilio
1820 4833 2045 4888 robora—

468 4924 624 4969 retur
654 4925 866 4972 naturze
898 4917 1270 4974 imbecillitas.
1329 4919 1549 4976 Sciebat
1584 4924 1732 4978 enim
1766 4941 1889 4980 eum
1923 4940 2046 4983 esse

405 5027 412 5032 ·
466 5021 745 5074 veracem,
805 5009 900 5074 qui
955 5010 1211 5067 dixerat:
1253 5031 1272 5064 ι
1304 5013 1543 5082 Spiritus
1596 5017 1821 5086 quidem
1864 5033 2047 5088 prom-

466 5110 617 5172 ptus,
645 5117 773 5157 caro
804 5119 935 5159 vero
965 5103 1179 5161 infirma
1213 5105 1254 5160 ⁷.
1293 5124 1309 5158 ι

531 5365 620 5421 IX.
657 5365 952 5440 Tyrannus
981 5380 1189 5438 autem,
1229 5381 1288 5428 ut
1323 5375 1414 5444 qui
1441 5376 1491 5430 ei
1517 5392 1574 5432 se
1603 5379 1828 5434 omnino
1870 5393 2040 5450 Oppo-

460 5458 663 5515 sulsset
709 5460 1102 5528 adversarium,
1160 5473 1223 5520 ut
1261 5467 1429 5521 animi
1479 5479 1769 5539 superaret
1815 5470 2038 5527 fortitu-

459 5543 647 5602 dinem
687 5547 958 5606 malorum
991 5553 1173 5626 capia,
1209 5559 1559 5616 convertitur
1614 5560 1680 5616 ad
1711 5561 1859 5620 aliud
1904 5579 2034 5636 sup-

535 5726 554 5760 '
580 5731 768 5786 Matth.
805 5748 948 5786 xm.
989 5733 1075 5788 ll.

2165 1883 2373 1954 μάρτυς
2395 1895 2409 1912 '
2444 1882 2506 1935 Οί
2530 1882 2732 1952 ὁμοίως
2759 1898 2843 1934 σοι
2869 1879 3298 1949 τυφλώττοντες,
3339 1879 3466 1948 ἔφη,
3510 1878 3608 1931 καὶ
3636 1880 3736 1931 ἀνι

2160 1976 2439 2049 θρωπίνης
2465 1975 2648 2048 χειρὸς
2673 1975 2920 2045 δεόμενοι
2961 1975 3100 2044 προς
3127 1973 3226 2044 τὴν
3251 1971 3344 2025 τοῦ
3384 1968 3526 2025 εἶναι
3556 1988 3737 2041 παρα-

2161 2071 2371 2140 γωγὴν,
2414 2067 2532 2132 πῶς
2590 2067 2699 2139 ἄρα
2753 2069 2998 2122 τοιοῦτον
3049 2065 3317 2136 ⁴ἠδύναντο
3371 2064 3549 2136 δρᾷν;
3594 2063 3736 2116 Ἀλλ’

2159 2164 2206 2216 εἰ
2233 2162 2323 2214 τὸν
2353 2160 2454 2230 ἐμὲ
2476 2159 2772 2230 ἰασάμενον
2791 2160 2938 2222 ὅστις
2960 2158 3044 2228 εἴη
3084 2157 3262 2228 βούλει
3287 2155 3499 2227 μαθεῖν,
3530 2153 3738 2226 Ἰησοῦς

2157 2251 2395 2323 Χριστός
2443 2251 2593 2305 ἔστιν
2623 2251 2650 2304 ὁ
2675 2249 2812 2304 Θεοῦ
2840 2250 2936 2304 τοῦ
2963 2250 3167 2316 ζῶντος
3197 2249 3346 2316 Υἱὸς,
3380 2249 3441 2302 ὃν
3489 2249 3549 2301 σὲ
3575 2248 3737 2302 καθο·

2161 2346 2268 2417 ρᾷν
2295 2345 2574 2414 ἀμήχανον
2606 2343 2765 2413 βαθεῖ
2789 2344 2966 2414 σκότῳ
2993 2343 3320 2414 πηρωθέντα
3355 2344 3454 2413 τῆς
3483 2341 3738 2408 ἀσεϐείας

2156 2439 2283 2500 τοῦς
2317 2437 2413 2507 τῆς
2446 2438 2625 2507 ψυχῆς
2655 2433 2989 2506 ὀφθαλμούς.

2233 2529 2316 2583 Il'.
2361 2530 2486 2592 Τοῖς
2523 2529 2700 2598 λόγοις
2729 2527 2940 2591 τούτοις
2967 2529 2996 2581 ὁ
3023 2527 3248 2599 ἡγεμὼν
3281 2527 3361 2591 είς
3394 2528 3620 2595 μείζονα
3647 2527 3738 2580 τὸν

2157 2621 2332 2691 θυμὸν
2361 2619 2675 2683 ἐκκαυθεὶς,
2705 2619 2796 2673 καὶ
2841 2619 2978 2690 μηδὲ
3015 2618 3267 2688 κατέχειν
3300 2619 3494 2672 ἑαυτὸν
3522 2614 3632 2681 οἷός
3675 2633 3736 2670 τε

2155 2711 2252 2780 ὣν,
2288 2715 2401 2776 τοῖς
2429 2711 2746 2783 παρεστῶσι
2774 2709 3149 2766 διακελεύεται
3180 2710 3418 2780 σιδηροῖς
3447 2707 3595 2774 ὄνυξι
3637 2709 3736 2772 τάς

2159 2807 2414 2876 πλευρὰς
2440 2807 2539 2876 τῆς
2573 2805 2848 2877 μάρτυρος
2879 2802 3156 2870 ἀποξέειν,
3195 2802 3335 2874 πρὸς
3369 2803 3425 2856 δὲ
3467 2803 3563 2856 καὶ
3592 2801 3732 2870 λαμ-

2156 2898 2294 2951 πάσι
2338 2898 2512 2968 πυρδς
2538 2897 2606 2952 τά
2637 2896 2735 2968 ἤδη
2783 2895 3046 2960 ξοινθέντα
3078 2895 3188 2949 τῶν
3220 2895 3404 2966 μελῶν
3431 2893 3733 2958 ἐπικαίειν,

2156 2981 2277 3042 εἶτα
2309 2989 2406 3042 καὶ
2435 2988 2620 3059 σφύρᾳ
2665 2986 2850 3043 παίειν
2894 2987 2992 3058 τὴν
3027 2987 3217 3056 τιμίαν
3255 2985 3432 3056 αὐτῆς
3463 2985 3728 3054 κεφαλήν.

2155 3075 2257 3137 Ὧν
2304 3081 2370 3152 δὴ
2400 3082 2494 3135 καὶ
2543 3079 2618 3145 ὡς
2643 3081 2881 3152 τάχιστα
2922 3081 3319 3152 πραττομένων
3343 3121 3358 3145 ,
3403 3081 3434 3150 ἡ
3473 3077 3733 3148 θεοσεϐὴς

2159 3175 2428 3242 Ἰουλιανὴ
2481 3175 2798 3246 καθορῶσα,
2849 3176 2942 3228 καὶ
2989 3173 3088 3244 τὴν
3122 3173 3303 3244 ψυχὴν
3353 3170 3593 3242 ἰσχυρῶς
3643 3171 3736 3222 άλ-

2155 3271 2351 3339 γοῦσα,
2407 3272 2530 3325 ἐπεὶ
2583 3270 2658 3342 μὴ
2705 3269 2923 3341 βοηθεῖν
2981 3266 3226 3333 ἐδύνατο,
3280 3269 3420 3338 ὅπερ
3475 3262 3544 3335 ῆν
3591 3265 3732 3335 αὐτῇ

2153 3363 2376 3418 δυνατὸν
2407 3363 2604 3430 ἐποίει,
2655 3363 2750 3416 καὶ
2801 3363 2863 3415 τὸ
2910 3362 3134 3431 φίλτρον
3181 3359 3252 3422 ὡς
3290 3354 3437 3429 εἶχεν
3477 3357 3690 3410 ἐδείκνυ
3719 3394 3734 3422 ,

2157 3457 2325 3529 μηδὲν
2359 3459 2469 3510 τῶν
2511 3456 2801 3530 παρόντων
2835 3455 2932 3510 καὶ
2961 3453 3057 3507 τοῦ
3101 3454 3366 3524 ἄρχοντος
3405 3454 3735 3520 ἐπιστρεφο-

2155 3549 2318 3621 μένη,
2347 3549 2463 3604 ἀλλ’
2495 3549 2729 3603 ἁστακτὶ
2755 3547 2815 3602 τὸ
2847 3547 3084 3617 δάκρυον
3112 3546 3220 3599 τῶν
3251 3546 3516 3617 ὀμμάτων
3544 3547 3734 3613 προῖε-

2156 3639 2318 3710 μένη.
2364 3638 2422 3693 Ὀ
2450 3639 2772 3709 Μαρκιανὸς
2796 3638 2910 3704 οὖν,
2948 3640 3028 3701 είς
3060 3637 3232 3709 αὐτὴν
3261 3635 3603 3706 ἀποϐλέψας,
3638 3637 3734 3688 καὶ

2155 3735 2281 3804 ἥτις
2317 3735 2406 3804 εἴη
2453 3731 2664 3804 μαθὼν,
2697 3732 2820 3786 ἐπεὶ
2855 3732 2952 3786 καὶ
2985 3731 3158 3802 αὐτὴν
3209 3726 3350 3784 εἶναι
3396 3727 3734 3801 Χριστιανὴν

2153 3828 2346 3900 ῆκουε,
2379 3825 2475 3879 καὶ
2507 3828 2572 3896 τῇ
2607 3824 2744 3896 πρὸς
2783 3824 2883 3896 τὴν
2913 3823 3211 3895 Βαρϐάραν
3264 3822 3583 3894 συμπαθείᾳ
3630 3838 3734 3874 πα·-

2153 3918 2436 3973 θαίνεσθαι
2512 3917 2613 3988 τὴν
2663 3916 2886 3988 ψυχὴν,
2943 3915 3318 3986 συλληφθῆναι
3381 3915 3476 3968 καὶ
3527 3914 3732 3985 ταύτην

2151 4009 2388 4076 κελεύει,
2451 4011 2547 4064 καὶ
2601 4009 2678 4080 τῷ
2749 4009 2894 4080 ξύλῳ
2949 4007 3455 4079 προσαναρτᾶσθαι,
3517 4011 3613 4062 καὶ
3662 4008 3728 4078 τῇ

2153 4105 2396 4174 μάρτυρι
2431 4099 2835 4171 παραπλησίως
2871 4100 3111 4170 σιδηροῖς
3151 4099 3413 4172 ξυστῆρσι
3443 4099 3542 4163 τὰς
3572 4099 3731 4152 πλευ-

2152 4195 2256 4262 ράς
2289 4194 2645 4262 ἀποξέεσθαι.
2688 4193 2752 4249 Ἦ
2804 4194 2900 4264 μὲν
2957 4189 3052 4246 οὖν
3107 4193 3408 4257 πολύαθλος
3466 4193 3729 4264 Βαρδάρα

2148 4287 2337 4350 δεινῶς
2371 4285 2624 4357 ξεομένη,
2657 4283 2795 4355 ὑψοῦ
2827 4285 2882 4338 τὸ
2931 4285 3086 4354 ὄμμα
3129 4284 3386 4354 διάρασα,
3436 4283 3508 4336 Σὺ
3566 4283 3728 4352 γινὼο

2153 4396 2328 4441 σκεις,
2391 4379 2521 4448 ἔφη,
2567 4377 2982 4447 καρδιογνῶστα
3034 4377 3157 4438 Θεὲ,
3217 4375 3299 4429 ὅτι
3346 4375 3405 4429 σὲ
3460 4375 3725 4441 ποθοῦσα,

2151 4473 2247 4524 καὶ
2273 4471 2399 4533 τοὺς
2431 4469 2558 4533 σοὺς
2602 4469 2911 4541 στέργουσα
2942 4469 3166 4538 νόμους,
3198 4468 3327 4539 ὅλην
3356 4468 3602 4536 ἐμαυτήν
3645 4485 3727 4522 σοι

2149 4556 2529 4627 προσήγαγον,
2565 4557 2659 4607 καῖ
2688 4555 2791 4622 τῆς
2833 4556 2932 4625 σῆς
2973 4554 3272 4625 ἀπήρτητα
3317 4554 3524 4617 δεξιᾶς.
3555 4553 3727 4617 Αὐτὸς

2148 4644 2260 4712 οὖν,
2291 4647 2561 4712 Δέσποτα,
2587 4647 2661 4720 μὴ
2686 4646 3061 4717 ἑγκαταλίπῃς
3093 4647 3266 4716 ἡμᾶς,
3297 4645 3413 4699 ἀλλ’
3437 4646 3724 4703 ἀντιλασοῦ

2148 4741 2288 4794 κατά
2311 4741 2372 4793 τὸ
2400 4739 2546 4802 ἔλεός
2574 4755 2604 4791 σ
2621 4756 2689 4803 .υ,
2716 4741 2811 4792 καὶ
2836 4739 3126 4792 τελειῶσαι
3147 4738 3240 4790 τὸν
3262 4737 3504 4808 παρόντα
3526 4737 3724 4806 δρόμον

2148 4833 2468 4901 ἀμφοτέρας
2489 4833 2794 4902 ἐνίσχυσον.
2821 4830 2966 4886 Ἀλλ’
2993 4830 3137 4884 οὕτω
3162 4830 3263 4899 μὲν
3295 4832 3326 4902 ὴ
3360 4829 3453 4882 τοῦ
3482 4828 3723 4899 Χριστοῦ

2151 4924 2360 4992 μάρτυς
2399 4923 2488 4975 τὸν
2515 4923 2581 4976 δι’
2624 4923 2684 4976 ὃν
2716 4922 2890 4976 ταῦτα
2927 4923 3165 4993 ὑπέμενε
3205 4922 3486 4990 Δεσπότην
3539 4919 3718 4989 ἠξίου,

2144 5014 2244 5084 τὴν
2297 5014 2533 5084 φυσικὴν
2579 5015 2870 5070 ἀσθένειαν
2919 5015 3197 5087 ῥωσθῆναι
3263 5017 3328 5084 τῇ
3369 5012 3498 5082 παρ’
3554 5009 3721 5066 αὑτοῦ

2146 5111 2286 5181 ῥοπῇ
2312 5108 2542 5180 δεομένη
2576 5123 2590 5138 ·
2629 5109 2749 5180 ᾔδει
2797 5111 2907 5178 γὰρ
2954 5109 3038 5170 τίς
3089 5111 3118 5161 ὁ
3190 5107 3442 5177 ἁψευδῶς
3482 5103 3720 5176 εἰρηκὼς

2143 5193 2218 5257 ὡς
2255 5212 2272 5245 ι
2312 5194 2386 5246 Τὸ
2419 5194 2519 5263 μὲν
2563 5194 2781 5263 πνεῦμα
2829 5192 3134 5264 πρόθυμον,
3181 5193 3215 5262 ἡ
3266 5191 3324 5244 δὲ
3365 5189 3504 5260 σὰρξ
3552 5187 3719 5242 ἀσθε-

2143 5303 2262 5350 νης.
2304 5305 2323 5340 ι

2177 5287 2401 5434 ἠδ.ιό
2450 5396 2713 5449 τύραννος
2760 5377 2838 5441 δὲ,
2886 5379 3140 5448 καθάπερ
3184 5375 3484 5430 ἀντίπαλον
3524 5373 3719 5428 ἑαυτὸν

2137 5471 2252 5535 τοῖς
2285 5472 2430 5536 ὅλοις
2461 5473 2776 5538 ἀντιτιθεὶς,
2821 5472 2907 5524 ἵνα
2950 5471 3132 5542 ψυχῆς
3177 5469 3400 5541 ἀνδρίαν
3447 5465 3718 5536 ἀλγεινῶν

2135 5565 2346 5638 ήττῆσῃ
2386 5565 2696 5638 περιουσία,
2739 5564 2876 5634 πρὸς
2919 5563 3114 5636 ἑτέραν
3167 5563 3283 5634 ἅμα
3326 5563 3592 5636 τρέπεται
3638 5577 3715 5617 τι-
