4080 6374
329 303 439 373 313

1444 311 1917 378 MARTYRIUM
1956 316 2018 380 S.
2059 315 2458 390 BARBARIE.

3483 337 3591 403 314

335 423 576 498 μωρίαν,
606 422 705 523 καὶ
730 422 902 498 σμίλῃ
932 424 1062 490 τοὺς
1097 425 1347 498 μασθοίις
1377 429 1560 485 αὐτῶν
1599 434 1909 506 ὲκκοπῆναι

2017 439 2261 508 plieium,
2342 454 2399 499 et
2441 444 2602 517 jubet
2646 461 2838 503 earum
2887 448 3060 506 ubera
3106 448 3364 523 scalpello
3400 451 3592 508 ell’udi.

333 517 579 574 κελεύει.
613 512 735 573 Οῐδ’
768 519 853 573 ὅτι
887 518 985 574 καὶ
1029 519 1171 591 πρὸς
1216 522 1317 593 τὴν
1371 524 1547 596 ἀκοὴν
1599 526 1771 597 μόνην
1816 528 1913 584 τοῦ

332 611 545 673 πάθους
606 610 968 680 ίλιγγιάσατε.
1046 614 1114 669 Τί
1161 612 1257 669 οὖν
1332 615 1559 686 ἔμελλεν
1647 621 1778 673 αὐτὸ
1854 620 1916 675 τὸ

332 703 570 772 πάσχειν
605 704 807 768 ποιεῖν,
840 704 937 758 καὶ
969 701 1144 757 ταῦτα
1182 708 1469 773 γυναῖκας,
1512 690 1560 760 εί
1587 708 1663 780 μὴ
1692 709 1916 779 φίλτρον

333 793 552 864 ἄμαχον
576 793 673 848 τοῦ
704 793 969 865 Χριστοῦ,
1008 797 1148 867 μηδὲ
1172 798 1358 863 πίστις
1384 800 1608 873 ὲνεύρου
1637 801 1736 867 τάς
1766 803 1916 856 ὲκεί-

331 904 441 941 νων
463 888 688 957 ψυχάςς
716 888 866 959 Πλὴν
891 887 1029 944 άλλὰ
1053 894 1148 945 καὶ
1178 891 1280 963 τὴν
1321 893 1417 947 τοῦ
1460 895 1700 966 Χριστοῦ
1723 896 1915 967 δούλην

331 980 631 1051 Βαρδάραν
662 982 717 1034 τί
758 983 1053 1054 φάρμακον
1076 984 1231 1039 ἔσται
1260 985 1453 1051 αὐταῖς
1481 988 1618 1058 πρὸς
1646 990 1915 1062 τοσαύτην

330 1069 534 1140 ὀδύνης
575 1072 765 1144 ἀκμὴν
815 1073 1106 1130 ἐλάνθανεν
1150 1075 1407 1147 οὐδαμῶς
1432 1096 1449 1112 ο
1479 1079 1566 1134 διὰ
1593 1081 1770 1135 ταῦτα
1818 1083 1916 1137 καὶ

330 1162 434 1232 τὴν
460 1163 519 1228 ἐξ
545 1161 715 1233 ὕψους
731 1164 896 1219 πάλιν
912 1167 1098 1221 ἐκάλει
1121 1167 1399 1239 βοήθειαν,
1421 1170 1541 1242 «Μὴ
1562 1172 1918 1246 ἀποστρέψῃς

338 1252 439 1321 ἀφ’
468 1253 650 1323 ἡμῶν,
688 1254 946 1324 λέγουσα,
976 1259 1038 1311 τὸ
1069 1259 1367 1328 πρόσωπόν
1399 1277 1514 1326 σου,
1545 1263 1753 1334 Χριστὲ
1773 1303 1788 1327 ,
1822 1265 1916 1318 καὶ

332 1344 397 1397 τδ
454 1347 744 1415 πανάγιόν
798 1365 895 1402 σου
934 1347 1163 1420 Πνεῦμα
1199 1351 1275 1422 μὴ
1320 1352 1640 1425 άντανέλῃς.
1690 1356 1916 1422 Ἀπόδος

333 1436 490 1503 ἡμῖν,
527 1437 729 1506 Κύριε,
761 1438 862 1508 τὴν
895 1440 1224 1507 ἀγαλλίασιν
1253 1443 1347 1497 τοῦ
1375 1443 1645 1516 σωτηρίου
1674 1460 1793 1514 σου,
1820 1449 1918 1503 καὶ

333 1527 619 1599 Πνεύματι
675 1530 994 1603 ἡγεμονικῷ
1044 1533 1299 1606 στήριζον
1332 1537 1484 1605 ἡμᾶς
1535 1539 1595 1590 ὲν
1644 1537 1725 1609 τῷ
1765 1540 1916 1612 φόϐῳ

334 1638 453 1675 σου.
494 1638 515 1673 ι
534 1622 625 1686 Ὠς
647 1623 704 1677 δὲ
731 1625 827 1678 καὶ
860 1625 997 1695 πρὸς
1016 1627 1225 1701 ταύτην
1255 1629 1356 1701 τὴν
1386 1630 1671 1700 τιμωρίαν
1682 1634 1780 1702 μία
1822 1634 1916 1687 καὶ

2017 534 2145 590 Seio
2176 551 2277 591 vos
2302 536 2370 592 ad
2399 538 2575 593 solum
2608 541 2980 610 perpessionis
3018 544 3271 599 auditum
3302 544 3589 616 ealigasse.
3632 592 3647 605 ι

2015 624 2156 694 Quid
2180 643 2309 697 ergo
2344 629 2669 685 eﬂ‘ecturum
2699 640 2819 687 erat
2849 642 2909 687 ut
2960 633 3065 689 hoc
3114 644 3456 705 paterentur.
3508 637 3595 691 ld-

2015 734 2124 787 que
2155 718 2387 783 feminaz,
2442 721 2550 776 nisi
2601 738 2756 776 amor
2800 741 2908 794 quo
2958 730 3310 791 tenebantur,
3360 728 3592 795 Christi,

2018 814 2265 885 inquam,
2320 830 2476 870 amor
2533 818 3007 890 inexpugnabilis?
3037 823 3142 878 Sed
3182 825 3330 878 enim
3384 824 3592 881 Chri5ti

2018 910 2273 965 ancillam
2311 911 2606 985 Barbarum
2639 913 2864 968 minime
2913 915 3137 979 latebat.
3180 918 3460 987 quodnam
3503 935 3593 974 es-

2017 1009 2103 1057 set
2163 1002 2246 1058 eis
2304 1003 2765 1061 medicamentum
2822 1006 3098 1075 fadversus
3156 1008 3415 1065 ‘dulorem
3483 1019 3594 1063 tam

2015 1095 2423 1151 vehementem.
2480 1097 2777 1167 Propterea
2815 1113 3008 1153 rursus
3048 1099 3341 1155 invocabat
3394 1116 3594 1170 super.-

2018 1203 2152 1242 num
2188 1189 2454 1244 auxilium
2487 1205 2501 1243 :
2541 1208 2560 1241 ι
2608 1188 2688 1244 Ne
2716 1192 2934 1243 a‘vertas
2976 1205 3006 1244 a
3046 1191 3225 1255 nobis,
3267 1189 3480 1248 dicens.
3513 1187 3597 1244 fa—

2017 1282 2158 1338 ciem
2204 1289 2375 1347 tuam,
2406 1280 2647 1345 Christe,
2682 1291 2735 1335 et
2766 1280 3031 1350 Spiritum
3060 1292 3310 1338 sanctum
3342 1291 3493 1336 tuum
3525 1295 3596 1336 ne

2017 1377 2235 1433 auferas
2251 1392 2279 1431 a
2297 1375 2475 1433 nobis.
2502 1376 2688 1433 Redde
2701 1379 2882 1443 nobis,
2903 1379 3154 1437 Domine.
3174 1377 3595 1439 exsultationem

2018 1470 2097 1527 tui
2125 1469 2402 1535 salutaris,
2432 1479 2489 1525 et
2519 1470 2728 1540 Spiritu
2772 1471 3062 1542 principali
3113 1470 3378 1526 conﬁrma
3408 1485 3510 1524 nos
3539 1469 3595 1524 in

2019 1568 2116 1615 tuo
2147 1560 2345 1617 timore
2366 1561 2408 1616 ⁸.
2441 1582 2461 1613 ι
2488 1560 2626 1617 Cum
2667 1572 2801 1618 vero
2844 1562 2913 1618 ad
2949 1568 3053 1617 hoc
3100 1561 3430 1632 supplicium
3482 1576 3598 1615 am-

2017 1650 2195 1707 babus
2224 1660 2369 1709 esset
2413 1670 2556 1709 unus
2587 1654 2826 1719 animus,
2862 1664 2917 1709 et
2950 1670 3053 1707 una
3103 1662 3160 1708 et
3214 1652 3407 1707 eadem
3458 1666 3596 1706 con-

332 1715 367 1783 η
402 1713 546 1785 αὐτὴ
585 1716 939 1787 ἀμφοτέραις
979 1718 1195 1789 ὑπῆρχε
1226 1721 1424 1792 γνώμη
1478 1721 1576 1775 καὶ
1621 1723 1910 1793 καρτερία,

332 1808 359 1834 ,ι
389 1805 620 1834 ,ιη-...κη
675 1809 989 1834 _-...'_.._-L_
1037 1829 1083 1834 __
1195 1812 1395 1834 -.ι-λς--.
1454 1831 1586 1834 -.-μή
1644 1816 1731 1834 ,μ’
1774 1832 1847 1834 -_.

2020 1746 2220 1801 stantia
2253 1761 2318 1801 ac
2365 1746 2678 1811 tolerantia,
2712 1713 2915 1817 praeses
2949 1747 3157 1817 aliquid
3201 1746 3478 1811 callidius,
3509 1744 3595 1801 vel

329 1808 360 1860 ό
389 1805 621 1877 ἡγεμὼν
671 1809 990 1881 σοφώτερόν
1035 1829 1088 1865 τι
1118 1852 1134 1878 ,
1192 1812 1396 1883 μᾶλλον
1453 1816 1913 1887 κακουργότερον,

331 1899 623 1968 ἐννοήσας,
653 1898 925 1973 διίστησιν
967 1903 1142 1969 αὐτὰς
1173 1905 1269 1958 ἀπ’
1299 1905 1552 1978 ἀλλήλων
1588 1921 1604 1937 ⁸
1648 1908 1744 1961 καὶ
1788 1907 1919 1961 Ἰου-

329 1990 539 2063 λιανὴνκ
578 1993 680 2063 μὲν
760 1998 831 2068 τῇ
878 1996 1071 2068 είρκτῇ
1143 2000 1562 2071 παραδοθῆναι,
1623 2002 1917 2074 Βαρσάραν

328 2085 389 2138 ει
417 2085 808 2155 γυμνωθεῖσαν
863 2087 1079 2143 κελεύει
1115 2091 1206 2145 διὰ
1244 2092 1427 2163 πάσης
1474 2093 1917 2164 θριαμϐευθῆναι

329 2175 435 2246 τῆς
464 2177 675 2248 χώρας,
728 2181 825 2235 καὶ
863 2181 1091 2252 προσέτι
1144 2182 1382 2251 πληγαῖς
1424 2183 1810 2254 μαστίζεσθαι.
1851 2186 1916 2239 Ἦ

332 2268 549 2338 μάρτυς
578 2269 691 2337 οὖν,
722 2273 789 2341 τῇ
825 2272 1097 2343 άσχήμονι
1124 2274 1297 2346 ταύτῃ
1332 2280 1656 2348 περιαγωγῇ
1699 2278 1919 2348 θεατρι-

331 2358 562 2431 ζομένη,
588 2363 656 2415 τά
686 2365 893 2434 συνήθη
955 2364 1123 2419 πάλιν
1156 2366 1353 2432 ἐποίει,
1389 2368 1483 2421 καὶ
1519 2370 1659 2439 πρὸς
1685 2368 1917 2441 οὐρανδν

328 2453 655 2520 ἀτενίσασα,
696 2453 756 2508 ⁸0
791 2455 883 2509 τὸν
942 2456 1196 2526 οὐρανὸν,
1237 2455 1383 2526 εἷπε,
1420 2460 1773 2531 περιδάλλων
1803 2465 1918 2528 τοῖς

330 2546 550 2614 νέφεσι,
583 2546 681 2599 καὶ
706 2546 807 2618 τὴν
846 2548 953 2619 γῆν
980 2551 1319 2620 σπαργανῶν
1365 2552 1565 2625 ὁμίχλῃ
1606 2554 1771 2618 αὐτὸς
1820 2555 1916 2608 καὶ

325 2636 617 2707 τὴνηὲμὴν
641 2639 931 2711 γύμνωσιν
963 2641 1267 2708 σκέπασον,
1300 2642 1552 2713 βασιλεῦ,
1582 2646 1677 2699 καὶ
1707 2644 1779 2697 τά
1806 2646 1916 2717 ἐμὰ

333 2733 500 2801 μέὶη,
560 2731 773 2786 ἀθέατα
818 2734 1078 2802 γενέσθαι
1121 2736 1423 2808 ὀφθαλμῶν
1461 2738 1675 2792 άσεδὼν
1734 2757 1917 2811 παρα·

327 2825 630 2889 σκεύασον,
664 2827 752 2880 ἵνα
791 2828 866 2897 μὴ
896 2829 931 2897 η
963 2828 1029 2899 σὴ
1059 2829 1246 2898 δούλη,
1276 2829 1505 2901 Χριπτὲ,
1535 2834 1916 2903 μυκτηρισμός

326 2928 387 2968 τε
440 2920 542 2972 καὶ
598 2920 916 2991 χλευασμὸς
992 2923 1243 2994 γένωμαι
1300 2927 1416 2989 τοῖς
1486 2925 1673 2995 κύκλῳ
1727 2925 1913 2996 ἡμῶν.

332 3009 611 3064 Ἤκουσεν
672 3015 737 3066 ἐκ
788 3014 921 3067 ναοῦ
977 3016 1136 3084 ἁγίου
1188 3017 1357 3070 αὐτοῦ
1392 3020 1420 3071 ὁ
1456 3018 1629 3088 ταχὺς
1658 3019 1792 3082 Θεὸς
1835 3019 1915 3079 εἰς

2020 1838 2203 1906 potius
2235 1837 2530 1909 malignius
2556 1839 2900 1908 exeogitans,
2931 1854 3025 1894 eas
3058 1838 3328 1909 disiungit
3355 1854 3384 1892 a
3416 1854 3474 1892 se
3511 1836 3599 1890 in-

2016 1928 2231 1994 vicem;
2265 1937 2323 1984 et
2373 1929 2646 1985 Julianam
2699 1930 2919 2000 quidem
2973 1930 3112 1985 tradi
3161 1932 3215 1985 in
3262 1928 3594 1992 custodiam,

2015 2018 2313 2075 Barbarum
2349 2030 2533 2075 autem
2565 2022 2717 2089 iubet
2745 2022 2950 2077 nudam
2987 2023 3202 2077 traduci
3257 2038 3357 2092 per
3412 2021 3596 2092 regio-

2017 2126 2166 2178 nem,
2220 2120 2277 2167 et
2318 2122 2581 2182 praeterea
2631 2112 2812 2183 ﬂagris
2870 2111 3029 2168 caedi.
3063 2112 3267 2184 Martyr
3303 2125 3435 2181 ergo
3486 2120 3595 2164 tam

2020 2206 2256 2274 turpiter
2288 2215 2343 2261 et
2375 2215 2483 2260 tant
2537 2206 2796 2261 indecore
2853 2206 3213 2268 circumacta,
3271 2220 3466 2258 rursus
3517 2202 3601 2256 fa-

2019 2294 2200 2350 ciebat
2245 2310 2308 2350 ea
2354 2309 2476 2365 quae
2521 2304 2907 2359 consueverat,
2937 2302 2994 2350 et
3053 2294 3110 2348 in
3146 2294 3346 2349 emtum
3403 2291 3599 2346 deﬁxis

2018 2387 2196 2442 oculis
2228 2405 2243 2441 :
2278 2387 2382 2454 Qui
2430 2388 2655 2455 caelum,
2706 2374 2925 2452 aiebat,
2965 2384 3279 2441 circumdas
3327 2383 3595 2449 nubibus,

2017 2488 2073 2536 et
2100 2488 2304 2535 terram
2336 2488 2594 2549 tanquam
2642 2478 2830 2533 fasciis
2876 2478 3128 2549 contegis
3195 2477 3449 2548 caligine,
3483 2476 3599 2546 ipse

2018 2585 2261 2641 quoque,
2316 2585 2350 2625 ο
2383 2586 2500 2633 rex,
2533 2585 2710 2624 meam
2736 2569 2890 2640 operi
2916 2569 3250 2633 nuditatem,
3275 2578 3325 2624 et
3356 2567 3509 2622 cnice
3543 2575 3602 2621 ut

2017 2677 2137 2716 mea
2176 2663 2420 2718 membra
2448 2678 2556 2716 non
2584 2671 2884 2717 cernantur
2931 2661 3001 2715 ab
3036 2661 3215 2716 oculis
3268 2659 3598 2725 infidelium;

2016 2769 2088 2810 ne
2118 2765 2208 2809 tua
2236 2755 2436 2810 ancilla
2473 2754 2789 2809 subsanner
2814 2764 2871 2809 et
2896 2755 3135 2809 irridear
3168 2756 3237 2808 ab
3268 2755 3339 2809 iis
3373 2752 3466 2822 qui
3501 2766 3601 2806 nos

2017 2847 2455 2905 circumsistunt.
2489 2847 2715 2903 Audivit
2741 2864 2808 2903 ex
2835 2848 3038 2918 templo
3065 2857 3259 2903 sancto
3293 2866 3394 2903 suo
3440 2850 3601 2904 velox

2018 2939 2163 2995 Deus
2226 2938 2293 2994 ad
2353 2940 2755 3004 defensionem,
2809 2949 2866 2996 et
2917 2941 3101 2997 statim
3163 2957 3455 3011 apparens,
3504 2955 3601 2995 cor

2017 3034 2240 3103 quidem
2273 3032 2392 3102 ejus
2430 3032 2623 3101 implet
2674 3033 2916 3104 gaudio:
2973 3049 3093 3103 qua:
3123 3032 3226 3089 sub
3275 3033 3451 3086 visum
3502 3046 3602 3085 au-

327 3102 646 3174 ὰντίληψιν,
703 3106 800 3158 καὶ
859 3106 1180 3177 παραυτίκα
1243 3111 1557 3180 ἐπιφανεὶς,
1603 3112 1777 3181 χαρᾶς
1813 3111 1913 3181 μὲν

2023 3102 2132 3181 tem
2163 3142 2272 3181 non
2307 3126 2559 3189 cadebat.
2589 3102 2710 3181 eam
2767 3127 2905 3182 stola
2954 3102 3180 3182 induit:
3229 3134 3285 3181 et
3345 3141 3472 3181 cum
3519 3125 3601 3180 sic

327 3193 505 3262 αὐτῆς
558 3195 766 3265 πληροῖ
826 3198 924 3269 τὴν
985 3199 1241 3269 καρδίαν,
1311 3203 1546 3271 ἀόρατον
1606 3203 1661 3256 δὲ
1715 3204 1911 3276 στολὴν

329 3286 467 3356 αὐτῇ
492 3288 831 3358 περιτίθησν
855 3291 945 3343 καὶ
976 3290 1121 3344 οὕτω
1146 3292 1247 3360 τὴν
1283 3297 1509 3364 πομπὴν
1539 3295 1911 3368 διανύσασαν,

329 3379 641 3452 Μαρκιανῷ
675 3381 774 3434 καὶ
816 3378 974 3445 αὖθις
1002 3385 1312 3455 παριστῶσι
1350 3388 1429 3457 τῷ
1465 3390 1672 3460 μιαρῷ.

399 3470 456 3529 l'.
525 3475 689 3528 Ἐπεὶ
728 3472 824 3530 οὖν
873 3480 1015 3547 ἔγνω
1049 3480 1256 3552 ταύτην
1299 3498 1359 3534 τε
1409 3486 1504 3537 καὶ
1555 3485 1656 3556 τὴν
1699 3484 1770 3542 τά
1825 3489 1916 3546 ίσα

328 3569 641 3637 φρονοῦσαν
679 3569 958 3635 πάγκαλον
979 3571 1283 3644 Ἰουλιανὴν
1319 3576 1455 3647 μήτε
1487 3577 1714 3642 ἀγαθῶν
1741 3582 1918 3650 ἐπαγ·

328 3659 540 3726 γελίαις
570 3662 711 3729 μήτε
743 3662 935 3715 κακῶν
968 3664 1237 3726 ἐπινοίαις
1272 3665 1409 3737 μηδὲ
1440 3667 1618 3739 βραχὺ
1649 3671 1915 3740 πειθομέ-

330 3768 467 3814 νας,
513 3752 578 3804 τὸ
634 3752 862 3808 πλείονα
908 3754 1009 3826 τὴν
1060 3758 1332 3829 αἰσχύνην
1380 3759 1570 3829 ὀφλειν
1631 3763 1915 3831 ἀδυνάτοις

330 3845 638 3915 ἑπιχειρῶν
677 3846 753 3909 ὡς
800 3852 1050 3918 φανεράν
1097 3851 1287 3905 ἄνοιαν
1337 3854 1765 3924 ἐκτρεπόμενος,
1814 3858 1916 3929 τὴν

331 3937 613 4006 ἀπόφασιν
641 3940 842 4006 ἐπάγει
863 3942 987 3995 κατ’
1018 3943 1349 4013 ἀμφοτέρων
1381 3944 1525 4014 ξίφει
1552 3947 1653 4012 τάς
1674 3952 1916 4018 κεφαλάς

329 4030 514 4084 αὐτῶν
571 4032 883 4102 ἐκκοπῆναι
924 4033 1218 4101 κελεύσας.
1281 4037 1484 4110 Παρὼν
1523 4038 1618 4095 οὖν
1660 4044 1690 4096 δ
1722 4045 1912 4098 παιδο-

331 4122 517 4186 κτόνος
571 4124 783 4195 ταύτης
834 4127 1042 4198 πατὴρ,
1106 4134 1201 4183 καὶ
1246 4131 1447 4202 θεατὴς
1481 4133 1749 4206 ὑπάρχων
1805 4137 1915 4190 τῶν

333 4217 748 4286 πραττομένων
801 4218 905 4271 οὐκ
960 4220 1223 4291 ἠγάπησε
1287 4222 1448 4277 τοῦτο
1520 4226 1687 4295 μόνον
1714 4268 1730 4293 ,
1789 4227 1914 4281 οὐδε

331 4308 579 4400 ηρκέσθη
622 4308 717 4400 τῷΔ
736 4310 962 4379 μεγέθει
1000 4312 1101 4382 τῆς
1134 4318 1453 4400 συμφορᾶς,
1499 4317 1577 4388 τῷ
1621 4322 1914 4391 πατρικοῖς

2018 3219 2322 3292 peregisset
2353 3220 2838 3286 transvectionem,
2868 3235 3064 3275 rursus
3088 3235 3210 3275 eam
3261 3218 3330 3273 ad
3362 3217 3601 3273 scelera-

2019 3322 2137 3369 tum
2169 3311 2455 3367 adducunt
2479 3307 2833 3365 Martianum.

2087 3494 2159 3552 Χ.
2191 3496 2490 3566 Postquam
2516 3510 2647 3565 ergo
2680 3490 2938 3563 cognovit
2966 3505 3111 3555 eam,
3163 3497 3221 3545 et
3272 3501 3394 3555 quae
3454 3485 3600 3541 idem

2018 3590 2314 3652 sentiebat,
2343 3587 2773 3658 pulcherrimam
2799 3584 3094 3651 Julianam,
3120 3599 3297 3653 neque
3329 3583 3600 3636 bonorum

2019 3680 2331 3753 promissis,
2370 3695 2472 3734 nec
2504 3679 2662 3734 malis
2692 3677 2977 3733 intentatis
3013 3677 3097 3731 vel
3162 3674 3437 3729 tantillum
3477 3688 3604 3741 per-

2018 3777 2264 3841 suaderi.
2298 3790 2500 3831 cavens
2548 3790 2617 3829 ne
2677 3772 2870 3842 majori
2929 3769 3242 3825 alliceretur
3306 3766 3599 3827 dedecore,

2018 3879 2079 3924 ut
2104 3867 2249 3939 quod
2280 3876 2428 3923 esset
2457 3876 2646 3936 aperte
2681 3864 2907 3920 stultum
2939 3879 3003 3917 ea
3034 3874 3270 3927 tentare,
3304 3876 3428 3931 qua:
3479 3858 3597 3913 ﬁeri

2017 3967 2410 4030 nonpossent,
2447 3958 2553 4013 fert
2615 3958 2668 4011 in
2730 3956 2921 4011 ambas
2978 3957 3335 4009 sententiam.
3378 3953 3598 4019 utrique

2011 4052 2214 4125 jubens
2255 4059 2421 4120 caput
2449 4047 2745 4119 amputari.
2779 4045 3031 4101 Praesens
3060 4052 3245 4098 autem
3281 4042 3407 4095 lilia:
3454 4039 3604 4094 occi-

2017 4157 2110 4197 sor
2136 4151 2312 4213 pater,
2349 4155 2475 4195 cum
2508 4147 2657 4193 esset
2685 4146 2965 4206 spectator
2992 4148 3185 4187 eorum
3219 4147 3341 4201 quae
3373 4129 3600 4192 fiebant,

2016 4250 2129 4290 non
2157 4234 2262 4288 hoc
2291 4233 2429 4287 satis
2473 4230 2690 4294 habuit,
2754 4243 2933 4298 neque
2982 4233 3280 4283 contentus
3331 4224 3436 4278 fuit
3487 4232 3597 4277 tam

2018 4340 2215 4396 magna
2258 4322 2596 4389 calamitate,
2629 4320 2777 4391 quod
2825 4318 3071 4390 paternis
3116 4316 3333 4372 scilicet
3390 4315 3604 4370 videret

332 4396 639 4467 ὀφθαλμοῖς
696 4396 981 4470 θυγατέρα
1040 4396 1365 4465 ἰδεῖν,’καὶ
1423 4404 1705 4479 θυγατέρα
1764 4407 1912 4464 οὕτω

2018 4419 2192 4474 oculis
2258 4417 2449 4481 tiliam,
2505 4428 2737 4484 eamque
2810 4421 2919 4467 tam
2979 4411 3286 4481 pulchram,
3348 4406 3604 4463 manibus

332 4490 523 4562 καλὴν,
556 4494 720 4561 χερσὶ
744 4492 959 4564 δημίων
989 4495 1425 4570 ἀναιρουμένην,
1451 4499 1568 4554 ἀλλ’
1609 4504 1659 4556 εί
1699 4502 1776 4572 μὴ
1815 4504 1913 4562 καὶ

330 4583 588 4655 αὐτόχειρ
639 4586 852 4650 ἐκεῖνος
895 4594 995 4658 τῆς
1057 4589 1273 4660 πληγῆς
1330 4593 1566 4661 γένοιτο,
1621 4596 1911 4652 ἀσθένειαν

329 4674 514 4746 ἔκρινε
548 4676 714 4730 τοῦτο
750 4679 849 4732 καὶ
899 4681 1176 4750 μαλακίαν
1229 4685 1431 4755 ψυχῆς,
1465 4685 1657 4758 ὥσπερ
1706 4689 1771 4742 τὸ
1834 4690 1912 4761 μὴ

330 4771 532 4833 καύτὸς
578 4771 819 4839 ὀφθῆναι
889 4774 1058 4839 κακὸς
1119 4776 1386 4850 αἰσχύνην
1442 4776 1582 4834 εἶναι
1667 4786 1913 4855 φανεράν

333 4861 716 4933 λογιζόμενος.
753 4865 854 4919 Διὰ
886 4867 1063 4921 ταῦτα
1112 4870 1246 4938 γοῦν
1287 4874 1380 4925 καὶ
1430 4871 1534 4941 τῆς
1579 4875 1914 4946 ἀποφάσεως

330 4950 429 5021 ἤδη
502 4950 917 5025 ὲξενεχθείσηο,
989 4958 1413 5030 παραλαμϐάνει
1468 4962 1568 5033 τὴν
1630 4965 1911 5038 μάρτυρα.

327 5045 518 5112 χερσὶν
569 5045 812 5108 οἰκείαις
861 5049 964 5119 τὴν
1011 5050 1231 5121 σφαγὴν
1262 5053 1660 5125 ἐργασόμενος.
1718 5059 1808 5113 Ἐν
1837 5058 1917 5131 τῷ

334 5132 451 5202 ὄρει
476 5135 665 5190 τοίνυν
699 5137 1028 5209 ἀπαγομένη
1050 5178 1065 5205 ,
1106 5143 1200 5196 καλ⁵
1231 5143 1536 5217 Ἰουλιανῆς
1567 5149 1741 5222 ταύτῃ
1784 5169 1918 5206 συν-

327 5225 633 5295 επομένης,
688 5229 724 5297 ἡ
783 5229 1050 5303 Βαρϐάρα
1095 5236 1192 5287 καὶ
1263 5235 1401 5306 πρὸς
1433 5237 1514 5308 τῷ
1545 5239 1692 5294 τέλει
1743 5237 1903 5306 οὖσα,

324 5317 426 5383 τῆς
465 5318 630 5388 φίλης
677 5324 965 5392 ἐφρόντισε
1007 5328 1345 5400 προσευχῆς,
1377 5333 1473 5384 καὶ
1497 5334 1582 5396 εἰς
1632 5334 1765 5402 γόνυ
1796 5335 1915 5387 κλι-

324 5407 509 5475 θεῖσα,
564 5412 836 5486 Ἀναρχε,
877 5415 1008 5487 ἔφη,
1052 5418 1177 5485 Θεὲ,
1235 5423 1264 5475 ό
1317 5422 1410 5474 τὸν
1454 5425 1685 5495 οὐρανὸν
1730 5428 1912 5491 τείνας

234 5534 243 5541 ο
322 5500 458 5554 ὡσεὶ
495 5506 783 5575 καμάραν,
815 5508 914 5580 τὴν
957 5511 1015 5564 δὲ
1062 5515 1168 5585 γῆν
1206 5514 1294 5584 ἐφ’
1338 5516 1546 5572 ὑδάτων
1575 5520 1829 5590 ἐδράσας,
1882 5523 1911 5576 ὁ

324 5592 581 5661 νεφέλαις
634 5594 755 5651 ὕειν
811 5602 1194 5672 προστάττων,
1253 5606 1410 5678 ἣλιον
1453 5625 1513 5663 τε
1568 5612 1909 5681 φωταγωγὺν

393 5769 415 5801 ³
454 5771 595 5827 Psal.
624 5790 673 5839 L,
716 5774 802 5841 13,
834 5776 917 5831 14.

2018 4511 2213 4583 perimi
2260 4511 2570 4566 lictorum:
2621 4507 2716 4561 sed
2758 4506 2867 4560 nisi
2928 4505 3047 4575 ipse
3095 4520 3193 4559 sua
3226 4519 3392 4558 manu
3428 4503 3598 4557 ictum

2020 4603 2273 4667 inferret,
2306 4604 2411 4657 hoc
2436 4600 2719 4674 judicabat
2745 4614 2867 4655 esse
2891 4597 3321 4652 imbecillitatem
3351 4604 3407 4651 et
3429 4592 3602 4649 animi

2021 4693 2331 4755 mollitiem,
2371 4689 2600 4759 perinde
2628 4704 2692 4743 ac
2734 4686 2839 4742 nisi
2876 4686 2968 4740 ille
3002 4700 3225 4755 quoque
3270 4691 3597 4739 cerneretur

2020 4785 2218 4849 malus,
2277 4783 2647 4838 arbitraretur
2713 4795 2838 4836 esse
2900 4778 3255 4833 manifestum
3334 4775 3601 4831 dedecus.

2019 4879 2320 4948 Propterea
2342 4892 2473 4946 ergo
2504 4876 2612 4947 jam
2648 4874 2856 4945 prolata
2881 4874 3172 4933 sententia,
3207 4868 3439 4925 assumit
3462 4883 3606 4923 mar-

2012 4985 2211 5043 tyrem,
2265 4969 2512 5024 facturus
2564 4966 2771 5023 caedem
2833 4964 3073 5036 propriis
3128 4961 3405 5017 manibus.
3463 4960 3601 5016 Cum

2014 5077 2147 5133 ergo
2178 5060 2551 5115 abduceretur
2590 5059 2644 5114 in
2677 5069 2947 5121 montem,
2979 5064 3037 5111 et
3074 5054 3249 5125 ipsam
3287 5068 3601 5122 conseque-

2015 5165 2171 5210 retur
2196 5153 2439 5216 Juliana,
2486 5152 2728 5207 Barbara
2756 5149 3009 5222 iamvitze
3040 5148 3249 5203 exitum
3281 5153 3601 5213 acceptura,

2016 5262 2202 5303 curam
2260 5246 2428 5316 gessit
2479 5244 2585 5299 sibi
2656 5244 2839 5299 charae
2900 5239 3191 5299 orationis,
3250 5246 3307 5292 et
3367 5235 3603 5308 genibus

2022 5337 2178 5393 ﬂexis
2211 5354 2225 5392 :
2256 5334 2519 5403 Principii
2568 5347 2786 5402 expers,
2822 5328 3027 5399 inquit,
3058 5326 3223 5391 Deus,
3260 5326 3354 5397 qui
3400 5326 3601 5380 caelum

2022 5428 2344 5491 ostendisti,
2383 5436 2642 5495 tanquam
2674 5423 2964 5484 fornicem,
3004 5431 3204 5475 terram
3237 5429 3420 5473 autem
3469 5416 3601 5472 fun-

2020 5520 2161 5577 dasti
2193 5534 2360 5588 super
2393 5532 2606 5586 aquas;
2634 5514 2729 5585 qui
2760 5512 3003 5567 nubibus
3053 5511 3218 5582 jubes
3266 5518 3328 5566 ut
3377 5508 3597 5579 pluant.

2021 5623 2073 5671 et
2109 5609 2414 5681 produxisti
2455 5608 2649 5672 solem,
2682 5614 2740 5660 ut
2770 5604 2951 5660 lucem
2985 5602 3258 5676 praeberet
3313 5598 3601 5670 erunibus,
