4072 6390
450 289 558 353 3ῑ5

452 495 680 550 etmalis
697 491 859 548 simul
884 488 1220 559 suppeditas,
1248 495 1304 541 tu
1339 500 1560 556 quoque
1593 499 1739 539 nunc
1771 498 1857 539 me
1891 498 2013 553 pre-

442 568 667 639 cantem
701 579 920 640 exaudi,
955 594 988 632 ο
1019 577 1152 642 Rex,
1187 589 1247 633 ut
1273 576 1368 647 qui
1398 576 1476 631 tui
1507 575 1752 630 nominis
1776 583 1833 629 et
1877 589 2012 628 mea:

452 671 803 726 meminerint
845 669 1256 732 decertationis,
1285 683 1355 722 ne
1384 668 1652 738 pestilens
1698 666 1926 721 morbus
1956 666 2012 720 in

449 764 568 833 ejus
597 762 817 816 domum
869 761 1106 832 ingruat,
1161 774 1365 829 .neque
1412 760 1582 814 ullum
1624 758 1773 814 aliud
1821 775 1888 814 ex
1950 759 2016 813 iis

452 868 575 923 quae
613 861 844 923 possunt
901 853 1224 923 corporibus
1258 852 1457 908 afferre
1497 851 1759 907 damnum
1791 859 1848 906 et
1898 865 2017 905 mo-

452 942 691 998 lcstiam.
726 942 844 999 Scis
902 945 1073 1008 enim,
1110 943 1361 1008 Domine,
1410 960 1513 999 nos
1538 959 1663 1000 esse
1716 959 1912 999 carnes
1961 952 2016 1000 et

453 1036 798 1104 sanguinem,
822 1051 986 1107 Opera
1008 1037 1452 1092 intemeratarum
1486 1046 1704 1093 tuarum
1733 1053 2015 1105 manuum,

459 1133 515 1178 et
549 1126 813 1180 honorata
861 1137 950 1182 tua
993 1128 1227 1198 imagine
1257 1137 1313 1182 et
1341 1129 1724 1184 similitudine.
1760 1129 1924 1195 Dixit,
1963 1137 2019 1186 et

453 1230 559 1270 vox
593 1217 661 1272 de
694 1218 848 1273 caelis
897 1219 1083 1275 audita
1136 1227 1221 1275 est
1248 1221 1667 1288 admirabiliter,
1716 1223 1785 1277 ad
1819 1223 2018 1278 ccelum

454 1321 657 1362 vocans
686 1306 856 1376 ipsam
890 1318 943 1364 et
965 1310 1237 1365 Julianam
1282 1312 1485 1366 sociam
1536 1312 1880 1373 certaminis.
1961 1320 2016 1368 et

457 1397 619 1452 simul
651 1400 915 1469 pollicens
947 1401 1219 1471 implenda
1264 1417 1349 1466 ea,
1400 1419 1522 1471 quae
1556 1404 1814 1472 petierat.
1867 1405 2019 1461 Hanc

451 1488 750 1558 jucundam
784 1506 970 1546 vocem
1004 1507 1128 1546 cum
1181 1493 1444 1547 autliisset
1472 1494 1730 1560 Barbara,
1781 1494 1887 1549 iter
1932 1495 2019 1548 in-

455 1579 607 1650 gredi
642 1581 901 1649 perrexit,
932 1581 1171 1637 etducta
1209 1592 1294 1639 est
1327 1583 1392 1638 ad
1415 1585 1595 1639 locum
1627 1585 1712 1640 sui
1738 1586 2018 1642 decessus.

524 1751 617 1806 XI.
647 1751 783 1807 Cum
814 1769 881 1808 eo
911 1763 1093 1815 autem
1125 1759 1482 1826 pervenisset,
1520 1760 1779 1817 inclinato
1806 1764 2005 1835 capite,
2045 1759 2087 1813 Β

456 1844 702 1912 paternis
742 1845 1015 1912 manibus,
1069 1858 1297 1916 paterno
1329 1866 1458 1905 ense
1518 1852 1719 1923 accipit
1766 1870 2022 1910 consum-

456 1936 792 2000 mationem,
840 1938 1018 1994 bonus
1082 1940 1292 1996 fructus
1342 1958 1410 1997 ex
1486 1945 1623 1997 mala
1687 1946 1886 2002 arbore
1930 1963 2023 2016 ap-

456 2043 655 2098 parens
683 2029 1007 2095 manifeste;
1044 2032 1257 2087 Juliana
1308 2049 1527 2105 quoque
1577 2036 1738 2092 simul
1788 2054 1913 2093 cum
1957 2055 2021 2095 ea

460 2118 660 2174 ibidem
689 2134 1058 2177 consummata
1090 2139 1120 2178 a
1151 2124 1383 2194 quodam
1412 2142 1478 2179 ex
1500 2126 1566 2181 iis
1589 2127 1682 2197 qui
1712 2128 1827 2184 illic
1865 2139 2024 2185 erant

461 2209 748 2265 militibus.
782 2210 841 2265 In
870 2227 937 2266 eo
984 2222 1167 2268 autem
1199 2215 1343 2279 loco,
1395 2216 1485 2271 ubi
1518 2217 1634 2272 haec
1688 2217 1830 2274 facta
1872 2230 2020 2284 sunt.

463 2301 689 2370 impium
715 2316 933 2371 quoque
965 2312 1175 2372 patrem
1203 2305 1386 2360 divina
1410 2308 1761 2377 persequitur
1785 2310 2021 2379 iustitia,

457 2407 583 2448 cum
613 2408 712 2445 nec
747 2393 1021 2471 modicum
1052 2395 1273 2465 quidem
1312 2396 1401 2451 hic
1443 2407 1814 2466 exspectasset
1864 2402 2025 2457 boni-

460 2493 565 2546 tas,
607 2494 830 2551 propter
888 2486 1103 2555 insigne
1159 2488 1378 2549 vitium,
1417 2490 1640 2557 etquod
1684 2492 1834 2547 nulla
1873 2505 2026 2550 esset

459 2587 588 2644 spes
615 2573 936 2631 curationis.
976 2577 1018 2630 E
1060 2585 1246 2632 monte
1295 2578 1444 2633 enim
1497 2590 1782 2637 revertens
1830 2583 2026 2641 feritur

460 2662 711 2722 fulmine.
741 2672 795 2719 et
829 2667 936 2721 vita
977 2670 1205 2724 omnino
1238 2670 1508 2738 privatur,
1545 2685 1657 2726 non
1697 2672 1801 2729 hac
1849 2677 2024 2732 solum

1669 273 1946 337 ΜΕΝὸῐὸ
1987 267 2349 336 DECEMBE
2359 262 2433 329 ﬂ.

450 413 508 460 et
538 400 903 460 communiter
930 398 1045 453 haec
1071 395 1311 467 etjustis
1352 402 1410 449 et
1457 392 1694 464 iniustis,
1742 401 1800 448 et
1851 389 2011 446 bonis

2126 392 2248 446 Itast
2302 406 2382 443 πα
2391 392 2638 463 ραστησά
2645 407 2808 463 μενος
2845 431 2859 455 ,

2114 481 2455 545 ἀπολαύσεις
2486 483 2722 547 δικαίοις
2772 500 2833 536 τε
2871 484 2969 537 καὶ
3008 483 3241 547 ἀδίκοις,
3304 480 3536 549 ἀγαθοῖς
3593 482 3709 549 ἃμα

3599 272 3702 339 316

2922 391 3018 446 καὶ
3078 391 3177 455 τὰς
3246 390 3437 444 κοινὰς
3495 390 3709 451 ταύτας

2116 578 2212 632 καὶ
2255 579 2516 646 πονηροῖς
2547 576 2826 647 χορηγῶν,
2877 575 3043 639 αὐτὸς
3088 575 3185 629 καὶ
3217 575 3316 627 νῦν
3349 572 3486 642 ἐμοῦ
3516 573 3708 641 δεομέυ

2117 684 2218 735 νης
2237 669 2585 731 εἰσάκουσον,
2623 665 2868 736 βασιλεῦ,
2900 665 2995 719 καὶ
3021 665 3081 728 ὃς
3103 664 3171 718 ἂν
3197 662 3292 717 τοῦ
3321 662 3417 716 σού
3442 662 3710 730 ὀνόματος

2119 759 2214 812 καὶ
2240 760 2336 829 τῆς
2363 759 2503 830 ἐμῆς
2533 757 2814 827 ἀθλήσεως
2855 756 2933 825 τῷ
2959 756 3095 827 οίκῳ
3135 754 3306 809 αὐτοῦ
3342 753 3699 822 ὲπισκήψειε,

2123 851 2200 920 μὴ
2230 850 2358 903 ἄλλο
2382 867 2436 904 τι
2466 849 2635 920 μηδὲν
2659 848 2772 902 τῶν
2790 846 3073 901 λωὸᾶσθαι
3107 845 3342 915 σώματα
3376 843 3477 897 καὶ
3516 844 3708 898 λυπεῖν

2120 942 2462 1013 δυναμένων.
2492 936 2657 1004 υῐδας
2694 940 2828 1011 γὰρ,
2861 940 3057 1009 Κύριε,
3087 939 3173 993 δτι
3198 939 3404 1008 σάρκες
3427 938 3589 1007 ἡμεῖς
3615 938 3708 990 καὶ

2119 1027 2285 1103 αἷμα,
2316 1035 2527 1104 ποίημα
2559 1033 2668 1086 τῶν
2700 1032 2813 1086 σῶν
2843 1031 3135 1102 ἀχράντων
3161 1030 3369 1102 χειρῶν
3406 1030 3501 1081 καὶ
3534 1029 3708 1080 εἰκόνι

2124 1124 2190 1191 σῇ
2218 1123 2313 1176 καὶ
2343 1122 2605 1193 ὁμοιώσει
2637 1123 3025 1193 τετιμημένοι.
3073 1121 3246 1189 Ἔφη,
3289 1120 3388 1175 καὶ
3422 1121 3575 1190 φωνή
3624 1136 3711 1180 τις

2122 1214 2421 1282 οὐρανόθεν
2451 1213 2776 1284 παραδόξως
2812 1211 3072 1282 ἠκούετο,
3121 1212 3298 1273 αὐτήν
3319 1229 3375 1263 τε
3419 1212 3517 1266 καὶ
3574 1210 3711 1262 Ἰου-

2121 1301 2317 1370 λιανὴν
2364 1301 2464 1371 τὴν
2524 1301 2794 1355 σύναθλον
2852 1299 3242 1368 ἐκκαλουμένη
3302 1298 3442 1368 πρὸς
3474 1298 3709 1368 οὐρανὸν

2123 1393 2218 1447 καὶ
2244 1392 2351 1447 τῶν
2378 1393 2711 1463 αίτηθέντων
2731 1393 2848 1461 ἅμα
2866 1390 2966 1461 τὴν
2988 1391 3344 1460 ἐκπλήρωσιν
3371 1390 3711 1458 ἐπαγγελλο-

2126 1486 2286 1557 μένη.
2317 1485 2536 1554 Ταύτης
2560 1485 2644 1555 ,δὴ
2680 1485 2780 1552 τῆς
2810 1484 3076 1552 γλυκείας
3115 1483 3301 1552 φωνῆς
3337 1483 3699 1537 ὲνωτισθεϊσα

2126 1578 2410 1649 Βαρϐάρα,
2439 1578 2562 1632 ὁδοῦ
2599 1595 2657 1631 τε
2693 1577 2877 1648 εἷχε-ιο
2909 1617 2926 1644 ,
2962 1577 3059 1630 καὶ
3089 1577 3230 1648 πρὸς
3257 1576 3351 1631 τδν
3381 1574 3478 1631 τοῦ
3515 1578 3712 1642 τέλους

2123 1671 2290 1724 τόπον
2328 1671 2602 1737 ἐπείγετο.

2183 1766 2286 1819 lA'.
2340 1765 2495 1819 Ἐπεὶ
2521 1764 2577 1817 δὲ
2616 1763 2712 1818 καὶ
2743 1763 3006 1832 φθάσασα
3054 1759 3145 1834 ἦν,
3182 1764 3283 1835 τὴν
3312 1761 3560 1832 κεφαλὴν
3590 1761 3714 1815 κλί-

2129 1875 2286 1920 νασα,
2346 1859 2649 1926 πατρικαῖς
2706 1859 2867 1928 χερσὶ
2927 1857 3007 1927 τῷ
3077 1856 3342 1926 πατρικῷ
3401 1857 3551 1924 ξίφει
3613 1856 3714 1923 τὴν

2127 1949 2413 2002 τελείωσιν
2481 1947 2735 2018 δέχεται,
2793 1949 3010 2018 καρπὸς
3059 1949 3270 2015 ἀγαθὸς
3350 1949 3415 2001 ὲκ
3468 1944 3712 2017 πονηροῦ

2127 2040 2350 2108 δένδρου
2410 2039 2737 2110 παραδόξως
2792 2040 3176 2110 ἀναφανεῖσα,
3246 2039 3346 2093 καὶ
3408 2038 3715 2107 Ἰουλιανῆς

2128 2131 2266 2201 αὐτῇ
2293 2131 2429 2200 πρός
2453 2149 2505 2185 τι
2538 2147 2599 2194 ος
2622 2131 2732 2185 τῶν
2760 2132 2938 2185 ἐκεῖσε
2968 2131 3324 2201 στρατιωτῶν
3362 2129 3584 2200 σύναμα
3617 2148 3715 2183 τε-

2129 2219 2470 2289 λειωθείσης.
2498 2220 2588 2272 Ἐν
2607 2213 2721 2287 ᾧδὲ
2746 2219 2920 2274 ταῦτα
2946 2220 3139 2287 γέγονε
3168 2220 3373 2275 καὶτὸν
3402 2219 3576 2286 ἁσεὸἧ
3602 2235 3714 2271 πα-

2128 2312 2262 2380 τέρα
2284 2314 2317 2381 η
2338 2310 2459 2365 θεία
2490 2311 2701 2381 μέτεισι
2726 2311 2874 2381 δίκη,
2901 2312 3036 2381 μηδὲ
3061 2310 3236 2381 βραχὺ
3257 2310 3357 2380 τῆς
3375 2309 3717 2379 ἁγαθότητος

2131 2403 2367 2457 ἐνταῦθα
2397 2405 2810 2475 περιμεινᾶσης
2840 2403 2931 2457 διὰ
2970 2403 3175 2467 κακίας
3216 2402 3439 2466 πάντως
3471 2401 3716 2471 ὑπερσο-

2132 2497 2231 2567 λὴν
2255 2494 2352 2549 καὶ
2379 2496 2577 2558 ἰάσεως
2602 2495 3009 2564 ἀπαγόρευσιν.
3028 2494 3303 2549 Ἐπανιὼν
3330 2496 3442 2565 γὰρ
3468 2495 3581 2548 ἀπὸ
3618 2494 3717 2548 τοῦ

2129 2588 2317 2659 ὅρους,
2370 2584 2620 2658 κεραυνῷ
2683 2572 2997 2656 βάλλεται,
3034 2587 3134 2640 καὶ
3212 2585 3315 2656 τῆς
3373 2586 3523 2657 ζωῆς
3574 2584 3717 2648 ὅλως

2132 2677 2483 2742 ἐκϐάλλεται,
2541 2678 2603 2730 οὗ
2633 2677 2737 2745 τῆς
2770 2677 3011 2747 ῥευστῆς
3049 2676 3238 2746 μόνον,
3293 2676 3435 2731 ἀλλὰ
3474 2676 3571 2730 καὶ
3611 2676 3714 2746 τῆς

459 2756 627 2818 fluxa,
667 2755 761 2809 sed
792 2770 857 2811 ea
902 2759 1090 2826 etiam,
1125 2775 1246 2831 quae
1296 2769 1500 2823 manet,
1544 2762 1636 2817 ille
1681 2779 1810 2820 vere
1858 2769 2022 2824 miser

2138 2770 2431 2841 μενούσης,
2464 2771 2491 2822 ὁ
2521 2769 2706 2830 ἄθλιος
2729 2768 2903 2830 ὅντως
2934 2768 3150 2830 ἐκεῖνος
3169 2806 3185 2829 .
3236 2768 3335 2822 καὶ
3379 2767 3716 2836 ἀμφοτέρων

457 2858 516 2907 et
555 2845 803 2916 utrisque
831 2849 1112 2924 indignus.
1147 2852 1367 2908 Transit
1403 2862 1587 2907 autem
1627 2854 1695 2909 ad
1735 2859 2022 2925 praesidem

2135 2861 2371 2926 ἀνάξιος.
2391 2858 2562 2929 Διέὃη
2593 2859 2650 2913 δὲ
2682 2861 2778 2913 καὶ
2804 2859 2886 2923 είς
2912 2858 3004 2911 τδν
3035 2858 3282 2929 ἡγεμόνα
3312 2858 3632 2930 Μαρκιανδν
3654 2857 3719 2910 τὸ

458 2955 682 3015 quoque
706 2940 1034 3000 Martianum
1083 2947 1244 3018 hujus
1291 2945 1557 3001 divinitus
1609 2947 1839 3005 immissi
1889 2951 2022 3022 ignis

2133 2952 2230 3005 τοῦ
2297 2951 2565 3022 θεηλάτου
2635 2950 2796 3005 τοῦδε
2847 2949 3025 3021 πυρὸς
3085 2950 3368 3020 ὅρμημα,
3423 2949 3718 3021 προοίμιον

458 3039 720 3107 impetus,
752 3036 912 3106 plane
971 3040 1187 3095 initium
1250 3048 1305 3093 et
1361 3047 1573 3092 certum
1624 3038 1840 3111 signum
1882 3042 2022 3100 illius

2134 3043 2306 3115 δήπου
2337 3044 2427 3097 καὶ
2455 3042 2731 3113 σύμϐολον
2749 3041 3089 3113 ἀψευδὲςτοῦ
3113 3042 3283 3096 ἀΰλου
3307 3043 3482 3111 πυρὸς
3505 3043 3717 3097 ἐκείνου

459 3128 603 3204 ignis
635 3126 1032 3197 immaterialis,
1082 3131 1176 3202 qui
1231 3130 1409 3200 ipsum
1464 3109 1730 3187 aeternum
1788 3142 1872 3188 est
1924 3150 2022 3206 pu-

2136 3109 2233 3191 καὶ
2264 3135 2504 3196 αίωνίως
2529 3109 2541 3113 -
2562 3134 2729 3188 αὑτὸν
2775 3109 3214 3205 τνιμωρήσοντος.
3269 3109 3636 3198 οὒαλεντῖνος
3661 3136 3719 3190 δέ

458 3223 703 3277 niturus.
737 3218 1096 3278 Valentianus
1123 3237 1259 3279 vero
1294 3223 1383 3277 vir
1408 3218 1631 3292 quidam
1676 3223 1799 3293 pius
1839 3235 1897 3281 et
1942 3244 2022 3284 re-

2135 3244 2223 3291 τις
2253 3226 2488 3296 εὐσεϐὴς
2520 3226 2668 3297 ἀνὴρ
2699 3224 3101 3295 καῖ’φιλόθεος,
3145 3224 3474 3295 ἀνελόμενος
3504 3226 3576 3279 τὰ
3603 3226 3716 3280 τῶν

460 3311 712 3385 ligiosus,
740 3326 863 3367 eum
896 3324 1194 3388 martyrum
1232 3329 1385 3371 sacra
1427 3314 1744 3370 sustulisset
1777 3332 2022 3387 corpora,

2133 3318 2429 3390 μαρτύρων
2485 3316 2607 3389 ἱερὰ
2666 3317 2896 3386 σώματα
2955 3318 3051 3371 καὶ
3107 3318 3276 3388 ἱεροῖς
3334 3318 3583 3390 ᾅσμασιν
3638 3319 3715 3381 ὡς

461 3417 519 3464 et
547 3403 741 3467 sacris,
775 3414 836 3459 ut
873 3409 1179 3476 oportebat,
1221 3398 1548 3461 honorasset
1581 3407 1828 3471 canticis,
1853 3423 1917 3464 ea
1946 3409 2022 3479 pie

2130 3411 2240 3465 ἔδει
2274 3411 2540 3481 τιμήσας,
2570 3411 2628 3463 ἑν
2659 3409 2849 3481 χωρίῳ
2894 3408 3174 3464 Γελασσδν
3220 3410 3572 3481 καλουμένῳ,
3613 3410 3720 3465 δὼ-

460 3506 518 3554 et
541 3494 845 3551 honoriﬁce
871 3496 1099 3566 deponit
1141 3501 1192 3553 in
1224 3497 1368 3561 loco,
1395 3493 1488 3565 qui
1520 3494 1723 3550 dicitur
1752 3495 2022 3564 Gelassns,

2129 3505 2262 3559 δεκα
2319 3503 2523 3573 μιλίοις
2572 3503 2856 3573 Εὐχαῖτων
2893 3500 3207 3573 ἀπέχοντι,
3251 3502 3472 3573 σεμνῶς
3516 3520 3575 3556 τε
3621 3505 3718 3556 καὶ

463 3585 559 3660 qui
630 3585 785 3641 abest
851 3587 1142 3645 duodecim
1197 3585 1530 3644 milliaribus
1596 3586 1664 3640 ab
1728 3587 2022 3653 Eucbaitis1

2137 3590 2405 3661 θεοφιλῶς
2438 3591 2790 3661 κατατίθησι,
2824 3591 2997 3646 νόσων
3023 3591 3187 3662 ῐαμα,
3224 3589 3418 3660 ψυχῶν
3458 3592 3721 3660 ἀγαλλία-

468 3677 789 3737 morborum
853 3682 1163 3749 medelam,
1221 3682 1529 3737 animarum
1588 3679 2022 3741 exsultationem,

2138 3699 2237 3754 μα,
2276 3681 2546 3751 φιλοθέων
2586 3681 2800 3754 ἀνδρῶν
2827 3681 3157 3753 ἐντρύφημα
3199 3681 3606 3753 πολυέραστον,
3639 3687 3720 3748 είς

465 3772 685 3845 piorum
713 3774 960 3829 virorum
1004 3775 1295 3831 amabilem
1332 3770 1780 3829 delectationem.
1808 3772 1887 3826 Ad
1920 3771 2022 3844 glo-

2133 3772 2296 3838 δόξαν
2328 3771 2699 3843 Χριστοῦ.τοῦ
2735 3771 2998 3843 ἀληθινοῦ
3044 3770 3183 3825 Θεοῦ
3229 3772 3393 3844 ἡμῶν
3435 3765 3479 3839 ᾧ
3517 3775 3721 3841 πρέπει

466 3867 604 3922 riam
635 3864 839 3922 Christi
872 3865 986 3921 veri
1026 3868 1119 3924 Dei
1160 3866 1353 3930 nostri,
1426 3878 1588 3934 quem
1646 3862 1802 3919 decet
1837 3863 2022 3921 honor,

2134 3863 2294 3936 τιμὴ,
2331 3863 2561 3936 κράτος,
2616 3864 2984 3935 μεγαλωσύνη
3024 3880 3085 3917 τε
3121 3864 3217 3917 καὶ
3269 3865 3722 3935 μεγαλοπρέπεια

468 3960 738 4031 potentia,
783 3959 1037 4029 majestas
1088 3968 1145 4016 et
1176 3955 1603 4030 magniﬁcentia,
1636 3969 1783 4010 nunc
1810 3963 1866 4010 et
1896 3969 2022 4011 sem-

2134 3953 2231 4011 νῦν
2287 3955 2382 4009 καὶ
2436 3956 2525 4009 ἀεὶ
2572 3956 2671 4010 καὶ
2734 3957 2815 4020 εἰς
2871 3955 3004 4021 τοὺς
3062 3957 3271 4018 αίῶνας
3320 3953 3432 4009 τῶν
3480 3954 3721 4015 αἰώνων.

471 4066 589 4124 per,
618 4060 673 4107 et
712 4053 771 4109 in
804 4051 1001 4109 saecula
1031 4053 1383 4110 saeculorum.
1414 4038 1610 4104 Amen.
2149 4048 2337 4117 Ἀμήν.
