4072 6390
418 336 528 402 317

1924 499 2356 510 -σ--ι

1310 651 1604 737 ΒΙΟΣ
1742 651 1970 740 ΚΑΙ

1720 337 1897 400 ΥΙΤΑ
1938 340 2002 400 S‘.
2044 343 2374 404 NICOLAI.

3565 355 3666 417 318

2100 620 2781 744 HOAITEIA

841 832 962 886 ΚΑΙ
994 833 1274 889 MEPIKH
1313 833 1706 890 ΘΔΥΜΑΤΩΝ
1747 837 2064 894 ΔῙΗῙἮΣΙΣ
2103 840 2242 898 ΤΟΥ
2277 843 2368 896 ΕΝ
2402 841 2708 896 ΘΑΥΜΛΣΙ
2750 839 3204 896 ΠΕΡΙΩΝΥΜΟΥ

1598 1006 2493 1146 ΝΙΚΟΛΑΟΥ

1185 1239 1756 1297 ΔΡΧΙΕΠΙΣΚΟΠΟΥ
1794 1243 2039 1299 ΜΥΡΩΝ
2067 1246 2202 1299 ΤΗΣ
2239 1247 2508 1302 ΛΥΚΙΩΝ
2542 1246 2915 1301 ΕΠΑΡΧΙΑΣ.

705 1748 808 1810 ΕΤ
852 1745 1321 1818 SINGULARIS
1368 1745 1957 1812 MIRACULORUM
2005 1750 2423 1814 NARRATIO
2463 1750 2898 1814 MIRACULIS
2933 1752 3384 1819 CLABISSIMI

1651 1942 2422 2100 NICOLAI

1192 2208 1712 2268 ARCHIEPISCOPI
1754 2209 1975 2266 ΜῩΒιΕ
2009 2214 2074 2270 1N
2117 2214 2461 2272 EPARCHIA
2504 2212 2881 2272 LYCIORUM.

1036 2376 1232 2439 (Latine
1257 2386 1333 2436 ap.
1364 2374 1564 2428 Surium
1587 2377 1645 2426 ad
1669 2377 1802 2428 diem
1835 2377 1866 2427 6
1886 2378 2030 2438 Dec.;
2053 2379 2222 2430 Grece
2257 2393 2320 2430 ex
2343 2380 2451 2431 eod.
2474 2393 2568 2430 ms.
2588 2378 2796 2431 Coislin.
2832 2394 2882 2430 ιι.
2914 2378 3046 2441 147.)

491 2689 894 2746 ΠΡΟΟΙΜΙΟΝ.
937 2723 1006 2733 -
1035 2692 1203 2761 Σοφόν
1225 2709 1275 2746 τι
1300 2693 1486 2765 χρῆμα
1515 2693 1822 2765 ζωγράφων
1847 2692 1987 2763 χεὶρ,

2165 2690 2544 2747 ΡῐὶίΕιῖΛΤῐΟ.
2575 2720 2646 2732 -
2675 2689 2820 2746 Scita
2879 2687 3132 2759 quadam
3201 2703 3288 2744 res
3318 2697 3402 2744 est
3465 2704 3660 2744 manus

410 2783 515 2837 καὶ
570 2782 718 2851 δεινὴ
770 2784 871 2853 μέν
917 2785 1261 2856 μιμήσασθαι
1290 2785 1388 2856 τὴν
1431 2787 1710 2857 ἀλήθειαν,
1743 2787 1889 2856 δεινὴ
1933 2785 1988 2839 δὲ

413 2875 528 2928 τῶν
565 2878 905 2944 πραγμάτων
947 2877 1151 2948 ἐναργῆ
1185 2878 1467 2949 προθεῖναι
1494 2879 1560 2932 τὰ
1593 2879 1864 2949 σύμϐολα,
1903 2895 1990 2930 σο-

416 2967 664 3038 φώτερον
699 2969 753 3022 δὲ
785 2971 892 3038 ἄρα
936 2970 1110 3038 λόγος,
1160 2973 1250 3023 καὶ
1282 2971 1460 3038 πολλῷ
1511 2975 1788 3042 γραφικῆς
1826 2974 1989 3038 ἐναρ·

413 3059 680 3128 γέστερον
727 3061 895 3125 δεῖξαί
950 3079 1010 3114 τε
1065 3061 1092 3114 ὃ
1141 3061 1417 3130 βούλεται,
1479 3066 1573 3115 καὶ
1601 3063 1899 3132 ὀφθαλμοῖς
1929 3063 1990 3114 τὸ

411 3155 649 3223 πρᾶγμα
695 3154 1030 3218 παραϐαλεῖν
1078 3156 1172 3206 καὶ
1215 3156 1454 3224 τοσούτῳ
1482 3155 1702 3224 μᾶλλον,
1750 3157 1859 3224 ὅσῳ
1893 3155 1987 3208 καὶ

414 3245 583 3298 πλέον
615 3245 880 3315 ἐρεθίζειν
910 3241 1016 3299 οἶδε
1047 3247 1142 3298 καὶ
1191 3247 1352 3314 ζήλου
1404 3263 1454 3298 τι
1499 3248 1722 3316 κέντρον
1766 3249 1986 3312 ἐνιέναι,

415 3341 515 3391 καὶ
544 3339 822 3408 διανιστᾷν
852 3337 988 3408 πρὸς
1023 3338 1123 3407 τὴν
1159 3340 1414 3409 μίμησιν.
1445 3340 1653 3391 Αὐτίκα
1677 3338 1809 3406 γοῦν
1830 3340 1858 3392 ὁ
1882 3339 1990 3394 τῶν

417 3433 561 3486 κατὰ
589 3432 722 3484 Θεὸν
754 3432 1228 3500 πολιτευσαμένων
1284 3432 1419 3500 βίος,
1485 3433 1563 3503 τῷ
1615 3432 1759 3500 λόγῳ
1809 3433 1989 3484 διατυ-

413 3519 707 3587 πούμενοκ,
741 3519 968 3582 πολλοὺς
1009 3520 1076 3572 ἂν
1123 3519 1486 3590 ἐφελκύσηται
1523 3522 1613 3572 καὶ
1652 3520 1986 3591 διαθερμάνῃ

415 3613 556 3681 πρὸς
596 3612 818 3681 ἀρετὴν,
851 3613 945 3663 καὶ
981 3610 1088 3680 ὅλῳ
1114 3610 1309 3672 αὐτοὺς
1343 3610 1476 3679 πρὸς
1499 3611 1589 3662 τὸν
1623 3611 1806 3679 ὅμοιον
1857 3611 1987 3662 ὐπο-

416 3703 570 3773 θήξει
601 3701 781 3771 ζῆλον,
813 3703 1002 3772 ὥσπερ
1033 3701 1096 3770 δὴ
1125 3701 1215 3754 καὶ
1263 3703 1289 3754 ὁ
1328 3700 1423 3753 τοῦ
1452 3702 1596 3754 θείου
1628 3702 1836 3771 [ἰατρὸς
1883 3702 1988 3754 Νι-

412 3793 640 3856 κολάου,
671 3794 764 3845 καὶ
803 3793 994 3846 τούτου
1031 3809 1093 3859 γε
1127 3791 1328 3862 μᾶλλον
1365 3794 1520 3862 εἴπερ
1552 3792 1716 3855 τινὸς,
1747 3794 1858 3862 ὅσῳ
1893 3796 1988 3845 καλ⁸

411 3882 582 3952 ἀκοὴν
617 3883 778 3936 πλέον
819 3883 1120 3953 ήδύνεικαὶ
1157 3883 1334 3953 ψυχὴν
1377 3884 1696 3953 εὐφραίνει,
1730 3885 1822 3936 καὶ
1855 3885 1987 3954 πρὸς

412 3978 515 4046 τὴν
548 3979 656 4030 τῶν
681 3977 862 4030 καλῶν
897 3977 1165 4048 ἐργασίαν
1229 3977 1496 4048 διανιστᾷ.
1527 3976 1608 4031 Τὰ
1637 3978 1846 4031 ἐκείνου
1879 3979 1987 4031 τοί-

411 4085 511 4122 νυν
537 4071 628 4120 καὶ
654 4067 941 4137 διηγητέον
987 4069 1141 4138 ἡμῖν,
1195 4073 1290 4121 καλ⁵
1323 4067 1400 4138 τῷ
1449 4069 1591 4138 λόγῳ
1625 4069 1986 4139 περιληπτέον

410 4161 492 4222 εἰς
525 4157 781 4221 δύναμιν,
838 4159 931 4211 καὶ
992 4159 1160 4213 πάλαι
1208 4160 1306 4228 μὲν
1359 4160 1560 4229 ἔκδηλα
1610 4163 1720 4224 τοῖς
1772 4160 1987 4222 πολλοῖς

407 4249 565 4315 ὄντα,
599 4251 693 4304 καὶ
727 4250 847 4302 οὐδὲ
897 4253 1026 4314 μιᾶς
1081 4251 1192 4304 οὐδ’
1247 4251 1386 4314 ὅλως
1440 4254 1682 4322 ἱστορίας
1730 4253 1982 4322 δεόμενα,

408 4340 550 4411 πλὴν
598 4341 713 4394 ἀλλ’
748 4343 872 4395 ὅσον
908 4343 1201 4396 ἀναλαϐεῖν
1243 4346 1382 4398 αὐτὰ
1415 4346 1509 4398 καλ⁸
1544 4349 1624 4409 είς
1650 4347 1871 4417 μνήμην
1895 4350 1987 4402 ἀν-

407 4437 656 4500 ενεγκεῖν
703 4436 963 4504 σήμερον,
997 4437 1089 4488 καὶ
1119 4438 1216 4498 τὰς
1240 4437 1350 4490 τῶν
1379 4437 1682 4507 φιλαρέτων
1713 4439 1868 4508 ὑμῶν
1892 4439 1984 4492 εὑο

407 4523 619 4591 φρᾶναι
678 4523 876 4592 ψυχάς.
927 4543 946 4574 ι
992 4525 1508 4597 Ἐγκωμιαζομένου
1568 4529 1696 4598 γὰρ,
1745 4545 1763 4579 ι
1825 4531 1982 4600 φησι,

414 4630 432 4662 ι
466 4613 678 4665 δικαίου
708 4615 1174 4684 εὐφρανθήσονται
1203 4617 1342 4672 λαοί.
1379 4639 1396 4670 ι

476 4709 558 4756 A'.
603 4703 693 4770 Τῷ
745 4708 965 4775 μεγαλῳ
1015 4707 1304 4779 τοιγαροῦν
1358 4727 1532 4777 τουτῳ
1566 4728 1660 4763 και
1702 4713 1983 4782 λαυμασίῳ

411 4794 594 4864 Πατρὶ
624 4796 846 4865 Πάταρα
877 4798 976 4865 μέν
1001 4799 1033 4868 ἠ
1067 4798 1282 4868 πατρὶς,
1332 4800 1486 4862 πόλις
1511 4801 1716 4866 Λυκίας
1748 4805 1843 4855 καὶ
1873 4803 1983 4855 τῶν

412 4886 694 4954 ἐπιφανῶν
721 4887 1004 4957 πρότερον.
1063 4891 1303 4960 Πατὲρες
1347 4891 1404 4944 δὲ
1445 4892 1512 4946 τὰ
1550 4894 1651 4962 μὲν
1689 4896 1768 4955 είς
1824 4894 1983 4962 γένος

409 4978 518 5029 τῶν
550 4975 613 5029 εὖ
649 4979 972 5044 γεγονότων,
1017 4981 1206 5033 οὐσίαν
1245 4983 1302 5034 δὲ
1328 4985 1598 5053 αὐτάρκη,
1652 4986 1744 5037 καὶ
1775 4987 1872 5056 ὅση
1909 4987 1982 5057 μὴ

411 5065 667 5136 περιττὴ,
703 5068 1069 5138 κεκτημένοι,
1117 5072 1373 5140 ἄγευστοι
1405 5076 1674 5144 κοσμικῆς
1701 5075 1860 5146 δόξης
1887 5077 1982 5129 καὶ

411 5157 640 5210 ἀπίστου
669 5163 1029 5230 περιφανείας
1050 5205 1062 5227 ,
1096 5166 1188 5218 καὶ
1213 5166 1288 5235 τῷ
1317 5166 1466 5221 παιδὶ
1501 5167 1664 5230 καλὸς
1693 5167 1862 5232 τύπος
1886 5169 1980 5221 τοῦ

413 5252 635 5318 μετρίου
689 5255 1093 5325 προσκείμενοι,
1148 5262 1276 5328 περὶ
1366 5260 1525 5328 μόνον
1580 5260 1860 5330 σχολάζειν
1919 5263 1980 5313 τὸ

2093 2784 2341 2854 pictoris,
2378 2793 2430 2837 et
2459 2798 2580 2851 qua:
2632 2782 2859 2852 pulchre
2903 2781 3122 2849 quidem
3171 2780 3273 2836 scit
3339 2780 3538 2833 imitari
3566 2794 3660 2834 ve-

2093 2878 2332 2941 ritatem,
2379 2885 2434 2929 et
2484 2889 2667 2928 rerum
2711 2872 2863 2942 signa
2912 2871 3204 2926 ostendere
3239 2871 3533 2927 evidentia.
3564 2870 3659 2924 sed

2092 2987 2181 3026 res
2204 2979 2287 3026 est
2319 2970 2489 3039 magis
2519 2971 2652 3022 scita
2695 2968 2894 3029 oratio,
2930 2974 2985 3020 et
3019 2966 3230 3034 pictura
3276 2947 3441 3032 longe
3475 2962 3658 3017 enica-

2092 3068 2226 3127 cior,
2260 3065 2326 3121 ad
2359 3065 2411 3121 id
2458 3065 2603 3134 quod
2637 3065 2751 3117 vult
2802 3060 3230 3120 ostendendum,
3277 3069 3332 3112 et
3373 3073 3486 3111 rem
3531 3073 3660 3112 ocu-

2090 3159 2160 3214 lis
2206 3154 2635 3226 subjiciendam:
2705 3170 2826 3223 quae
2858 3160 2913 3206 et
2964 3153 3132 3221 magis
3169 3150 3272 3204 scit
3309 3149 3540 3203 incitare
3588 3147 3656 3201 ad

2094 3251 2476 3313 imitationem,
2526 3257 2582 3302 et
2629 3247 2864 3316 aliquem
2903 3244 3185 3298 stimulum
3235 3241 3555 3296 imitatiouis
3605 3239 3660 3294 in

2089 3344 2299 3400 animas
2332 3341 2627 3395 immittere
2665 3346 2722 3392 et
2773 3336 2839 3391 ad
2878 3336 3029 3406 paria
3059 3335 3321 3389 excitare.
3353 3333 3470 3388 Jam
3505 3330 3654 3385 enim

2090 3437 2199 3490 vita
2261 3449 2450 3490 eorum
2492 3434 2584 3502 qui
2645 3447 2710 3486 ex
2764 3431 2876 3485 Deo
2937 3429 3104 3483 vitam
3162 3441 3344 3495 egere,
3399 3437 3656 3494 expressa

2090 3527 2356 3588 oratione,
2399 3525 2602 3579 multos
2643 3522 2711 3576 ad
2762 3522 3016 3575 virtutem
3065 3518 3348 3572 attraxerit
3394 3526 3449 3570 et
3495 3514 3660 3568 advo-

2090 3617 2318 3679 caverit,
2360 3626 2415 3671 et
2448 3615 2514 3669 ad
2568 3613 2798 3668 similem
2832 3613 3007 3666 zelum
3046 3611 3271 3666 omnino
3323 3609 3655 3664 accenderit.

2088 3710 2372 3778 Quomodo
2403 3709 2566 3764 etiam
2608 3707 2720 3760 vita
2771 3705 2938 3759 divini
2992 3705 3167 3758 Patris
3199 3702 3406 3758 Nicolai
3446 3711 3502 3756 et
3541 3703 3662 3772 ejus

2089 3803 2272 3872 potius
2340 3816 2502 3868 quam
2560 3798 2792 3868 alicujus
2866 3796 3120 3857 alterius,
3177 3811 3298 3864 quae
3375 3806 3431 3848 et
3499 3807 3660 3847 aures

2090 3896 2326 3950 delectat
2357 3903 2410 3948 et
2467 3894 2703 3947 animam
2754 3889 2917 3945 allicit
2954 3889 3141 3944 lzetitia
3165 3931 3179 3955 ,
3209 3898 3265 3944 et
3309 3889 3509 3941 excitat
3544 3887 3662 3939 ani.

2090 4001 2237 4039 mum
2287 3983 2352 4038 ad
2400 3984 2754 4037 honestarum
2808 3995 2992 4034 rerum
3045 3978 3442 4048 Operationem.
3516 3975 3657 4030 Sunt

2088 4091 2217 4145 ergo
2285 4089 2373 4128 res
2423 4075 2542 4143 ejus
2610 4071 2915 4134 narranda,
2974 4080 3030 4125 et
3099 4070 3346 4123 oratione
3405 4081 3657 4135 compre-

2089 4161 2391 4216 hendenda!
2447 4175 2544 4228 pro
2605 4161 2835 4220 viribus.
2905 4158 3120 4213 etiamsi
3194 4157 3306 4212 sint
3355 4158 3464 4224 jam
3527 4155 3658 4208 olim

2087 4253 2308 4323 quidem
2365 4252 2555 4306 multis
2595 4251 2845 4321 cognitae,
2877 4265 2996 4319 quae
3043 4250 3195 4303 nulla
3251 4248 3495 4318 indigent
3547 4249 3659 4303 his-

2087 4350 2248 4411 toria,
2329 4345 2433 4401 nisi
2506 4346 2700 4400 adeas
2768 4344 3091 4413 repetendas
3134 4345 3272 4398 etin
3335 4341 3656 4396 memoriam

2088 4439 2444 4503 revocandas,
2515 4448 2571 4492 et.
2630 4437 2696 4492 ad
2738 4446 2983 4492 vestrum
3047 4434 3267 4492 virtutis
3328 4433 3635 4488 amantium

2086 4528 2443 4586 lmtiiicandos
2472 4532 2706 4586 animos.

2158 4711 2198 4766 l.
2250 4711 2388 4765 lluic
2439 4725 2568 4780 ergo
2623 4723 2818 4779 magno
2877 4716 2934 4764 et
2984 4705 3305 4761 admirando
3354 4702 3503 4758 Patri
3564 4718 3661 4771 pa-

2088 4801 2192 4856 tria
2252 4800 2473 4870 quidem
2553 4810 2672 4854 erat
2734 4801 2948 4863 Patara,
3009 4799 3185 4869 Lyciae
3240 4796 3453 4858 civitas,
3508 4795 3660 4864 prius

2085 4893 2334 4962 insignis.
2388 4890 2648 4945 Parentes
2709 4900 2890 4946 autem
2952 4891 3187 4942 honesto
3255 4885 3476 4953 quidem
3538 4885 3657 4939 loco

2086 4985 2232 5040 nati:
2289 4999 2382 5038 eas
2438 4998 2568 5037 vero
2625 4981 2968 5050 possidentes
3015 4979 3303 5033 facultates
3356 4993 3477 5046 qua:
3507 4973 3655 5030 suill-

2085 5076 2304 5131 ciebant
2339 5084 2394 5128 ct
2425 5089 2532 5128 non
2565 5084 2726 5129 erant
2755 5072 3072 5142 superﬂua}:
3113 5070 3205 5138 qni
3245 5069 3464 5138 quidem
3493 5083 3654 5120 mun-

2083 5168 2278 5223 danam
2311 5167 2536 5238 gloriam
2573 5176 2626 5221 et
2672 5180 2925 5234 pompam
2978 5179 3044 5217 ne
3077 5173 3363 5232 gnstaverc
3407 5158 3650 5227 quidem,

2082 5275 2137 5317 et
2192 5262 2302 5315 tilio
2351 5260 2521 5314 futuri
2574 5266 2733 5313 erant
2781 5257 3069 5326 pulchrum
3100 5253 3380 5321 exemplar
3423 5249 3648 5311 adhoc,

407 5342 631 5409 ἀγαθὸν,
682 5347 775 5398 καὶ
800 5348 962 5400 τοῦτο
1012 5350 1075 5402 ἐκ
1125 5353 1330 5414 παντὸς
1373 5354 1574 5421 τρόπον
1619 5351 2015 5420 μεταδιώκειν(

2088 5364 2144 5407 ιιι
2195 5353 2244 5407 ei
2279 5360 2493 5422 gratum
2539 5358 2684 5404 esset
2736 5347 2810 5401 nil
2880 5344 3186 5416 possidere;
3246 5343 3294 5396 ei
3341 5342 3440 5396 soli
3503 5340 3649 5410 quod

411 5433 750 5502 βουλόμενοι.
805 5433 966 5492 υἶιτοι
1012 5441 1162 5510 παρὰ
1197 5443 1294 5504 τὰς
1335 5442 1597 5508 διεξόδους
1635 5444 1739 5494 τῶν
1771 5443 1981 5498 ὑδάτων

408 5526 508 5593 sic
558 5529 842 5592 εὐσεϐείας
898 5535 1326 5604 πεφυτευμέιυοι,
1365 5535 1500 5606 ὁμοῦ
1549 5554 1607 5588 τε
1665 5537 1880 5607 καρπὸν
1923 5538 1982 5590 ἐν

408 5619 588 5689 καιρῷ
611 5621 815 5676 διδοῦσι
858 5625 949 5678 τὸν
988 5627 1339 5700 ὡραιότατον.
1376 5628 1404 5682 ὀ
1434 5627 1576 5692 θεῖος
1610 5622 1764 5693 οὗτος
1817 5630 1979 5684 Νικό-

484 5733 499 5764 ’
530 5735 667 5791 Psal.
697 5755 731 5800 ι,
770 5741 819 5797 3,

2083 5446 2284 5500 bonum
2317 5451 2404 5498 est
2433 5452 2705 5505 vacantes,
2756 5448 2814 5494 et
2864 5438 2917 5492 id
2961 5436 3137 5492 modis
3178 5436 3432 5490 omnibus
3465 5447 3652 5502 perseo

2081 5548 2331 5608 quentes.
2380 5534 2443 5588 Hi
2481 5533 2703 5603 plantati
2739 5547 2896 5587 secus
2926 5533 3196 5586 decursus
3228 5542 3490 5598 aquarum
3533 5525 3649 5595 pic-

2082 5630 2212 5686 tatis
2244 5631 2259 5661 ¹
2291 5669 2306 5694 ,
2345 5627 2506 5684 simul
2541 5635 2704 5694 atque
2755 5623 2887 5680 dant
2910 5623 2964 5679 in
2998 5629 3240 5694 tempore
3291 5620 3527 5676 fructum
3570 5618 3656 5674 di-
