4072 6390
431 333 540 399 319

1658 324 1940 390 MENSIS
1975 325 2402 389 DECEMBER,
3593 333 3708 397 τρο.

432 450 621 504 viuum
657 447 961 512 Nicolaum,
1001 454 1177 501 mater
1227 454 1406 501 cessat
1436 460 1650 515 parere,
1707 445 1915 501 sterilis
1936 443 2004 499 ab

2112 437 2236 503 λαος
2279 435 2372 510 ἦν,
2425 439 2519 494 καὶ
2552 440 2688 510 όμοῦ
2726 441 2968 497 πεδεῖται
3023 444 3123 508 τάς
3168 442 3362 507 ὠδῖνας
3397 445 3429 515 ἡ
3480 445 3694 517 μήτηρ;

432 539 528 593 illo
575 547 819 606 tempore
850 552 1076 592 manens
1106 545 1162 592 et
1191 538 1374 592 nullos
1420 536 1728 606 produccns
1773 536 2001 601 liberos,

430 629 836 700 quodammodo
893 629 1188 699 profitente
1247 639 1471 684 ηοιιιιδοα
1494 643 1604 684 non
1668 643 1828 699 posse
1883 644 2004 684 eam

430 723 595 776 alium
647 722 915 791 proferre.
954 720 1060 776 Sed
1113 736 1239 776 cum
1279 737 1406 776 eum
1452 722 1690 791 primum
1739 723 1904 777 simul
1951 731 2007 778 et

431 814 706 874 ultimum,
759 829 1086 884 generosum
1115 830 1327 868 ramum
1380 823 1557 869 mater
1585 814 1641 868 in
1672 815 1852 870 lucem
1883 815 2004 870 edi-

430 904 622 967 disset.
681 906 1040 974 multiplicem
1092 907 1287 976 spiritu
1317 922 1440 961 cum
1486 908 1716 978 conjuge
1766 908 2003 964 fructum

429 995 633 1050 dedere
719 997 986 1050 virtutum
1056 997 1359 1062 cumulum,
1417 997 1522 1052 hac
1587 1002 1716 1054 ve‘re
1777 999 2006 1068 pulchra

426 1089 748 1159 locupletati
795 1090 1004 1152 sobole,
1058 1089 1303 1153 Nicolao.
1359 1093 1605 1160 inquam,
1663 1090 2002 1148 admirabili.

427 1179 506 1232 Ex
569 1178 655 1232 his
682 1187 842 1232 natus
894 1179 1128 1249 praebuit
1192 1180 1456 1235 indicium
1525 1198 1637 1238 sum
1686 1198 1810 1237 cum
1869 1184 2007 1255 Bap-

432 1270 560 1324 tista
611 1271 1036 1341 conjunctionis,
1088 1273 1207 1343 ejus
1255 1289 1375 1343 quae
1425 1274 1604 1344 ipsum
1645 1277 1860 1346 peperit
1895 1286 2007 1332 ste-

429 1362 718 1418 rilitatem:
754 1366 922 1435 quod
955 1366 1044 1420 ille
1095 1366 1316 1435 quidem
1357 1367 1411 1422 in
1439 1367 1622 1422 lucem
1658 1369 1841 1424 editus
1888 1371 2004 1425 sol-

429 1453 508 1508 vit
558 1455 745 1510 matris
817 1467 1071 1512 uterum:
1127 1457 1216 1512 hic
1274 1469 1456 1514 autem
1521 1469 1713 1515 contra
1772 1461 2001 1516 claudit.

429 1543 566 1599 Cum
627 1556 811 1600 autem
864 1556 1148 1617 oporteret
1205 1565 1331 1605 eum
1388 1551 1579 1606 lactari
1641 1560 1703 1606 ut
1739 1552 2004 1608 infantem

433 1645 490 1691 et
536 1638 798 1693 maternis
829 1639 1109 1694 admoveri
1141 1641 1424 1706 uberibus,
1459 1643 1551 1697 hic
1590 1659 1812 1714 quoque
1860 1645 2004 1700 Deus

435 1724 707 1793 signiﬁcat
761 1728 937 1796 qualis
969 1736 1115 1783 esset
1146 1729 1366 1786 futurus
1420 1731 1696 1798 Nicotaus,
1733 1747 1857 1787 cum
1910 1748 2005 1789 ve-

2116 533 2310 600 ἄγονος
2345 532 2407 597 ἐξ
2433 532 2646 586 ἐκείνου
2689 533 2941 601 μείνασα,
2995 535 3161 589 οἱονεὶ
3192 536 3293 606 τῆς
3333 537 3552 606 φύσεως
3583 537 3693 591 ἀπο

2115 623 2493 694 αγορευούσης
2534 625 2598 678 τὸ
2637 626 2712 696 μὴ
2740 626 2986 680 τοιοῦτον
3017 627 3179 682 ἄλλον
3211 634 3571 700 προενεγκεῖν
3601 633 3662 686 δύ
3681 661 3698 676 ο

2115 716 2332 772 νασθαι.
2353 717 2516 771 Ἀλλά
2549 717 2740 771 τοῦτον
2767 719 2831 790 δὴ
2858 721 3076 791 πρῶτον
3102 721 3220 791 ἅμα
3253 723 3349 775 καὶ
3383 724 3695 778 τελευταῖον

2113 807 2147 878 ἡ
2214 809 2400 880 μήτηρ
2433 809 2528 863 τὸν
2587 811 2784 882 εὐγενῆ
2832 813 3028 867 κλάδον
3079 816 3160 878 είς
3204 816 3320 882 φῶς
3371 818 3693 886 ἐνεγκοῦσα,

2114 900 2380 970 πολύχουν
2413 901 2562 970 ὅμως
2615 903 2712 956 σὺν
2757 903 2832 972 τῷ
2888 905 3108 975 συζύγῳ
3172 907 3250 975 τῷ
3305 908 3578 975 πνεύματι
3609 909 3694 962 δέ·

2111 991 2251 1046 δωκε
2279 992 2373 1045 τὸν
2413 993 2648 1062 καρπὸν,
2695 994 2788 1047 τὸν
2827 995 2935 1046 τῶν
2978 996 3188 1063 ἀρετῶν
3223 997 3419 1067 σωρὸν,
3449 998 3549 1068 τὴν
3583 999 3692 1052 τῶν

2113 1081 2336 1151 ἀγαθῶν
2369 1083 2670 1150 θάλασσαν,
2723 1085 2815 1138 τὸν
2862 1085 3177 1155 θαυμαστὸν
3210 1089 3268 1140 ἐν
3303 1092 3436 1142 πᾶσι
3491 1089 3693 1162 δηλαδὴ

2111 1175 2400 1230 Νικόλαον.
2435 1177 2530 1230 Ἐκ
2561 1177 2822 1230 τοιούτων
2841 1180 3002 1244 αὐτὸς
3029 1181 3427 1249 γεννηθελςμῖις
3458 1183 3694 1239 ἐοικέναι

2111 1266 2190 1337 τῷ
2219 1267 2496 1338 σπέρματι
2523 1269 2616 1321 τὸν
2651 1270 2886 1340 καρπὸν,
2928 1271 3128 1341 δεῖγμα
3173 1273 3275 1341 τῆς
3307 1274 3440 1342 πρὸς
3472 1275 3563 1327 τὸν
3591 1276 3694 1328 Βα-

2113 1357 2345 1427 πτιστὴν
2391 1358 2727 1430 οἰκειότητος
2783 1360 2883 1430 τὴν
2937 1361 3038 1430 τῆς
3076 1364 3492 1432 γεννησαμένης
3545 1382 3688 1435 παρ-

2113 1450 2231 1520 έχει
2261 1453 2574 1517 στείρωσιν.
2615 1453 2723 1504 Καὶ
2755 1453 2865 1522 γάρ
2898 1454 2926 1506 ὁ
2961 1455 3060 1524 μέν
3093 1457 3330 1526 μητέρος
3353 1456 3547 1520 ὠδῖνας
3579 1458 3696 1510 διι-

2112 1543 2230 1597 λύει
2257 1545 2470 1614 τεχθείς
2492 1561 2509 1578 ο
2539 1539 2696 1608 οὗτος
2721 1546 2777 1600 δὲ
2811 1546 2978 1600 κλείει
3011 1547 3235 1615 ταύτας,
3267 1549 3456 1622 ῶσπερ
3482 1554 3509 1604 ό
3537 1551 3694 1619 λόγος

2115 1631 2364 1704 ὕστερον.
2401 1634 2621 1705 Ἐπειδὴ
2645 1635 2702 1688 δὲ
2737 1637 2833 1690 καὶ
2861 1636 3120 1707 θηλάζειν
3145 1639 3310 1693 αὐτὸν
3333 1642 3472 1693 κατά
3498 1641 3693 1711 βρέφος

2115 1725 2307 1795 ἐχρῆν,
2341 1728 2436 1785 καὶ
2457 1725 2535 1797 τῷ
2574 1727 2816 1800 μητρῴῳ
2859 1730 3232 1800 παρακεῖσθαι
3267 1731 3458 1802 μαζῷ,
3495 1734 3691 1804 ἐπιση-

437 1817 605 1872 nisset
633 1822 700 1872 ad
735 1829 951 1875 aetatem
983 1839 1106 1891 qua:
1143 1834 1378 1894 saperet.
1419 1825 1554 1879 Nam
1607 1834 1718 1880 tota
1786 1826 2007 1896 quidem

2115 1816 2370 1885 μαίνεται
2417 1818 2698 1872 κάνταῦθα
2739 1820 2870 1884 Θεὸς
2910 1823 3093 1884 ὁποῖος
3128 1822 3281 1875 ἔσται
3309 1823 3574 1887 Νικόλαος
3595 1825 3696 1894 τὴν

433 1906 774 1964 bebdomada
826 1913 1063 1966 mamilla
1109 1915 1364 1968 utebatur
1390 1925 1448 1970 ut
1497 1916 1698 1985 infans,
1745 1933 1870 1972 cum
1917 1933 2011 1973 ve-

433 2001 606 2056 nisset
646 2012 827 2057 autem
867 2013 1095 2074 quartus
1121 2007 1238 2062 dies
1284 2017 1339 2063 et
1384 2009 1704 2075 Parasceve,
1743 2010 1914 2066 semel
1951 2010 2007 2065 in

434 2104 670 2165 utroque
721 2113 908 2152 eorum
965 2101 1050 2154 lac
1112 2103 1390 2157 sumebat:
1461 2103 1628 2173 idque
1689 2104 2008 2174 vespertino

437 2195 702 2256 tempore.
749 2191 851 2245 sub
880 2193 1123 2260 perfecta
1153 2195 1338 2264 regula
1372 2195 1638 2250 educatus
1683 2197 1847 2251 etiam
1879 2205 2008 2252 ante

439 2279 750 2347 pueritiam,
814 2292 870 2337 et
921 2284 1247 2339 familiarem
1295 2286 1401 2341 sibi
1451 2303 1572 2343 esse
1616 2288 2008 2344 abstinentiam

438 2372 734 2428 ostendens
783 2375 852 2429 ab
900 2375 1081 2432 initio.

504 2639 569 2694 ll.
622 2639 758 2696 Cum
803 2641 883 2698 sic
918 2659 1048 2715 ergo
1099 2647 1449 2717 educaretur,
1511 2663 1565 2709 et
1601 2651 1775 2710 bonos
1830 2671 2009 2712 mores

436 2732 630 2801 partim
688 2734 911 2804 quidem
963 2753 1028 2792 ex
1086 2738 1192 2794 illis
1272 2740 1404 2810 ipsis
1460 2747 1779 2812 parentibus
1829 2751 2010 2820 expri-

435 2832 627 2889 meret,
675 2826 876 2895 partim
925 2839 1108 2883 autem
1170 2830 1286 2901 ipse
1327 2848 1395 2888 ex
1455 2851 1512 2891 se
1569 2838 1897 2906 produceret
1953 2851 2010 2898 et

435 2920 662 2984 coleret,
717 2929 973 2990 tauquam
1012 2922 1152 2977 bona
1193 2925 1374 2995 aliqua
1421 2938 1478 2984 et
1527 2945 1790 2999 generosa
1838 2943 2006 3002 terra,

433 3020 490 3065 et
527 3012 639 3078 jam
690 3013 756 3066 ad
804 3014 1056 3068 idoneam
1095 3018 1433 3085 pervenisset
1476 3030 1714 3086 aetatem,
1773 3026 2010 3083 traditus

434 3101 536 3156 fuit
599 3105 974 3174 grammatico.
1013 3105 1061 3160 ls
1099 3123 1230 3161 vero
1271 3124 1394 3163 cum
1437 3113 1645 3180 optimo
1692 3125 1748 3169 et
1793 3121 2002 3173 acutis-
2035 3150 2080 3211 ο

435 3195 575 3250 simo
623 3198 842 3266 ingenio
891 3199 1154 3268 plurimas
1202 3201 1521 3274 disciplinas
1572 3207 1721 3263 brevi
1766 3220 2008 3282 tempore

435 3291 792 3359 percepisset,
855 3291 1017 3346 civile
1075 3295 1296 3363 quidem
1331 3308 1386 3351 et
1410 3297 1626 3354 forense
1668 3318 1843 3371 genus
1875 3305 2009 3360 doc-

439 3381 593 3436 trina:
622 3383 849 3452 respuit.
879 3384 1182 3442 lnsolentcs
1237 3397 1419 3444 autem
1474 3391 1791 3450 sodalitates
1834 3396 2008 3452 decli-

437 3488 576 3527 nans
641 3483 698 3528 et
753 3477 1183 3533 consuetudines
1259 3489 1312 3536 et
1391 3483 1788 3541 colloculioncs
1881 3505 2006 3544 cum

436 3565 781 3632 mulieribus,
841 3577 896 3621 et
943 3569 1026 3623 vel
1096 3571 1285 3625 oculos
1353 3572 1408 3628 in
1462 3591 1556 3630 eas
1616 3578 1843 3646 injicere
1902 3583 2008 3637 sibi

437 3656 796 3722 interdicens,
844 3675 1030 3716 curam
1105 3664 1332 3730 gerebat
1390 3665 1514 3721 vitae
1586 3673 2004 3740 temperantiae:

435 3756 492 3803 et
531 3750 736 3818 jubens
781 3752 965 3807 valere
1030 3764 1284 3811 externas
1333 3762 1806 3829 conversationes,
1868 3764 2012 3820 divi-

436 3839 523 3895 nis
568 3842 793 3896 omnino
853 3844 1083 3898 vacabat
1151 3845 1388 3910 aedibus,
1456 3859 1513 3904 et
1564 3851 1774 3908 malens
1833 3854 1885 3909 in
1926 3856 2009 3912 eis

436 3932 683 4005 abjectus
713 3950 833 3990 esse
865 3949 932 3991 ex
969 3937 1141 3991 divini
1173 3938 1396 3994 Davidis
1451 3943 1728 3998 sententia
1753 3947 1796 3999 '.
1851 3946 2010 4002 Post-

436 4042 599 4096 quam
659 4036 842 4083 autcm
888 4027 940 4083 in
999 4029 1312 4086 divinarum
1363 4031 1773 4104 Scripturarum
1835 4046 1892 4094 et
1945 4041 2011 4096 de

436 4118 548 4173 Deo
596 4118 911 4190 dogmatum
954 4123 1272 4192 cognitione
1323 4127 1458 4182 satis
1525 4127 1884 4198 elaborasset,
1953 4141 2012 4189 et

435 4214 665 4259 ornatus
745 4217 890 4262 esset
951 4210 1144 4278 gratiis
1226 4211 1750 4281 innumerabilibus,
1845 4234 2013 4276 accu-

439 4304 719 4364 ratamque
776 4308 832 4352 et
883 4310 1130 4356 exactam
1190 4304 1317 4360 vitae
1365 4305 1596 4362 formam
1665 4325 1789 4380 quae
1854 4312 2013 4368 decet

437 4387 754 4443 sacerdotes
783 4405 910 4444 vere
944 4392 1284 4456 observaret.
1339 4399 1472 4466 quin
1527 4399 1688 4454 etiam
1730 4403 1816 4457 vel
1883 4415 2010 4460 ante

2112 1909 2420 1979 φρονούσαν
2469 1910 2688 1978 ἡλικίαν
2721 1911 3146 1982 ἀπολαμϐάνων.
3181 1914 3352 1983 Ὀλης
3419 1915 3522 1984 μὶν
3583 1916 3694 1986 γὰρ

2111 1999 2410 2070 ἑϐδομάδος
2457 2002 2559 2055 ὅσα
2603 2004 2698 2055 καὶ
2741 2002 2942 2073 βρέφος
2972 2007 3038 2074 τῇ
3071 2003 3205 2074 θηλῇ
3238 2007 3437 2076 ἐχρῆτο
3459 2023 3471 2035 ·
3504 2007 3692 2076 ἐπειδὴ

2109 2091 2167 2146 δὲ
2207 2094 2240 2163 ἡ
2278 2093 2478 2164 τετρὰς
2525 2095 2636 2147 τῶν
2692 2097 2941 2165 ἡμερῶν,
2981 2095 3054 2159 ὡς
3088 2097 3268 2150 δὲκαὶ
3300 2100 3331 2168 ἡ
3361 2099 3693 2170 Παρασκευὴ

2113 2189 2318 2257 παρῆν,
2356 2185 2506 2252 ἅπαξ
2544 2189 2604 2241 ἐν
2649 2189 2888 2260 ἑκατέρᾳ
2917 2191 3125 2242 τούτων
3155 2193 3370 2260 μετεῖχε
3397 2190 3690 2258 γάλακτος,

2113 2279 2210 2332 καὶ
2241 2278 2414 2332 ταῦτα
2461 2279 2608 2332 κατὰ
2635 2281 2724 2332 τον
2766 2281 2867 2350 τῆς
2909 2282 3149 2349 ἑσπέρας
3183 2283 3396 2350 καιρὸν,
3450 2282 3553 2334 ὑπὸ
3587 2300 3691 2336 κα-

2109 2370 2222 2423 νόνι
2265 2371 2457 2441 τελείῳ
2519 2374 2617 2425 καὶ
2681 2374 2789 2444 πρὸ
2838 2374 2940 2444 τῆς
3000 2374 3262 2445 παιδικῆς
3308 2376 3694 2446 τιθηνούμενος

2109 2462 2350 2532 ἡλικίας,
2410 2467 2507 2517 καὶ
2560 2464 2620 2516 τδ
2673 2465 2812 2535 πρὸς
2891 2465 3223 2536 ἐγκράτειαν
3280 2463 3498 2528 οἰκείως
3548 2465 3694 2537 ἔχειν

2111 2559 2429 2628 ὑποφαίνων
2460 2559 2522 2612 ἐκ
2553 2560 2876 2630 προοιμίων.

2185 2653 2262 2706 B'.
2301 2652 2459 2706 Οὕτω
2489 2651 2779 2722 τοιγαροῦν
2816 2649 3174 2720 ἀναγόμενος,
3223 2649 3321 2704 καὶ
3355 2651 3425 2705 τὰ
3476 2652 3695 2722 χρηστά

2110 2747 2218 2800 τῶν
2279 2745 2427 2816 ⁴Ιζθῶν
2489 2747 2556 2798 τὰ
2603 2743 2704 2813 μὲν
2759 2743 2938 2796 αὐτῶν
2982 2742 3205 2795 ἐκείνων
3236 2745 3693 2814 ἀποματτόμενος

2109 2841 2217 2894 τῶν
2249 2839 2522 2910 πατέρων,
2555 2837 2622 2892 τὰ
2658 2837 2712 2889 δὲ
2744 2837 2894 2906 φύων
2923 2837 3017 2888 καὶ
3053 2838 3316 2906 γεωργῶν
3348 2837 3512 2900 αὐτὸς
3537 2839 3689 2892 οἴκο-

2112 2932 2225 2997 θεν,
2260 2931 2449 3001 ὥσπερ
2487 2949 2571 2993 τις
2601 2930 2780 3001 ἀγαθὴ
2815 2930 2884 2998 γῆ
2929 2929 3028 2982 κοιλ⁹
3069 2931 3318 2996 γενναία,
3373 2928 3590 2999 ἡλικίας
3623 2946 3682 2984 τε

2110 3021 2212 3092 ἤδη
2271 3021 2477 3090 ἥπτετο
2527 3021 2620 3072 καὶ
2680 3021 3078 3089 γραμματιστῇ
3131 3019 3473 3088 παρεδίδοτο.
3521 3019 3579 3072 Ὀ
3633 3021 3692 3072 δὲ

2115 3115 2336 3184 μεγέθει
2373 3131 2430 3166 τε
2463 3113 2676 3180 φύσεως
2709 3112 2803 3165 καὶ
2831 3111 3074 3174 διανοίας
3111 3110 3334 3178 ὀξύτητι
3382 3113 3580 3182 μικρὸν
3621 3107 3690 3182 ἦν

2111 3202 2402 3265 ἀκωλύτως
2425 3201 2494 3254 δι’
2521 3203 2684 3270 ἀέρος
2716 3200 2876 3264 θέων,
2910 3200 3137 3253 πλεῖστα
3165 3200 3271 3252 τῶν
3302 3201 3688 3269 παιδευμάτων

2110 3296 2168 3348 ἐν
2227 3293 2426 3365 βραχεῖ
2476 3293 2940 3363 καρπωσάμενος.
2992 3291 3064 3343 Τὸ
3119 3290 3219 3361 μὲν
3271 3287 3364 3344 οὗν
3394 3291 3698 3362 δημοτικὸν-

2112 3386 2271 3440 τοῦτο
2303 3387 2399 3440 καὶ
2428 3387 2688 3456 ἀγοραῖον
2727 3385 3038 3448 διέπτυσεν,
3084 3385 3329 3455 ἑταιρίας
3357 3385 3412 3438 δὲ
3445 3387 3686 3454 ἁκόσμος

2113 3473 2276 3542 φημὶ,
2303 3473 2402 3526 καὶ
2424 3472 2637 3544 ὁμιλίας
2668 3474 2901 3543 ἀμαθεῖς
2939 3473 3220 3540 ἐκκλίνας,
3270 3475 3364 3527 καὶ
3385 3475 3445 3526 τὸ
3467 3475 3682 3542 γυναιξὶ

2118 3566 2175 3619 δὲ
2207 3565 2512 3630 συλλαλεῖν,
2555 3567 2588 3636 ἢ
2637 3569 2731 3620 καὶ
2764 3567 2966 3618 διδόναι
3000 3566 3279 3636 ὀφθαλμόν
3309 3567 3446 3629 ὅλως
3477 3569 3688 3636 ἀπαγο-

2115 3658 2334 3728 ρεύσας,
2371 3659 2470 3728 τῆς
2498 3659 2732 3728 ἀληθοῦς
2777 3662 3078 3730 ἐπεμέλετο
3135 3662 3514 3728 σωφροσύνης,
3567 3657 3687 3712 εἶτα

2112 3750 2208 3803 καὶ
2261 3754 2380 3813 ταῖς
2419 3750 2523 3814 ἔξω
2561 3751 2868 3822 διατρ·.6αῖς
2910 3751 3056 3818 ἅπαξ
3099 3753 3310 3823 χαίρειν
3351 3751 3542 3818 εἰπὼν,
3577 3756 3692 3816 τοῖς

2113 3842 2282 3905 θείοις
2337 3843 2634 3911 ἐσχόλαζεν
2663 3844 2856 3908 οἴκοις,
2892 3841 3039 3898 οἶκον
3087 3846 3249 3908 αὐτὸς
3299 3847 3493 3899 ἐαυτὸν
3541 3845 3692 3912 ἄξιον

2111 3934 2189 4004 τῷ
2219 3935 2472 4006 Δεσπότῃ
2505 3936 2962 4001 κατασκευάζων.
3001 3938 3221 4008 Ἐπειδὴ
3252 3938 3310 3990 δὲ
3338 3939 3473 4006 πρός
3498 3956 3554 3990 τε
3586 3941 3689 4008 τὴν

2111 4027 2222 4082 τῶν
2255 4026 2416 4079 θείων
2454 4025 2688 4097 Γραφῶν
2734 4028 2938 4096 γνῶσιν
2989 4027 3086 4082 καὶ
3120 4028 3228 4081 τῶν
3261 4029 3390 4098 περὶ
3439 4028 3572 4081 Θεοῦ
3602 4028 3694 4081 δο-

2113 4120 2342 4190 γμάτων
2358 4119 2673 4191 ἀρκούντως
2703 4119 3093 4190 διαπεπόνητο,
3137 4120 3359 4190 μυρίαις
3387 4135 3444 4171 τε
3473 4119 3692 4188 χάρισιν

2111 4213 2436 4281 ἐκοσμεῖτο,
2476 4212 2573 4264 καὶ
2597 4212 2696 4281 τὴν
2720 4213 3106 4282 προσήκουσαν
3135 4210 3372 4280 ἱερεῦσιν
3401 4209 3692 4280 ἀκρίὸειαν

2114 4301 2355 4370 ἀτεχνῶς
2383 4300 2613 4367 ἔσωζεν,
2651 4301 2710 4354 οὑ
2743 4303 2851 4372 μὴν
2879 4302 3016 4355 ἀλλὰ
3057 4302 3151 4354 καὶ
3185 4302 3244 4354 τὸ
3268 4296 3402 4371 ἦθος
3430 4299 3583 4370 αὐτῷ
3609 4301 3691 4354 ἐτι

2113 4391 2359 4456 νεάζοντι
2389 4392 2653 4461 στάσιμόν
2680 4407 2740 4444 τε
2787 4391 2882 4444 καὶ
2927 4391 3296 4462 πρεσϐυτικὸν
3327 4387 3418 4462 ἦν,
3445 4390 3690 4458 πρεσϐύ-

437 4491 606 4532 canos
657 4488 842 4534 essent
883 4484 1002 4552 ejus
1072 4501 1254 4542 mores
1309 4499 1623 4546 constantes
1674 4503 1730 4549 et
1778 4497 2002 4561 seniles,

2112 4501 2267 4554 τερον
2292 4483 2455 4538 αὐτὸν
2505 4484 2692 4553 ἠξίουν
2741 4483 3094 4553 ψηφίζεσθαι.
3131 4483 3344 4553 Ὠσπερ
3373 4483 3481 4553 γάρ
3504 4482 3564 4535 τὸ
3591 4482 3691 4553 γῆο

440 4575 704 4644 rogabant
753 4576 927 4644 ipsum
967 4587 1028 4632 ut
1058 4577 1212 4633 ﬁeret
1242 4581 1550 4651 presbyter.
1600 4581 1828 4642 Hortatu
1883 4603 2012 4658 ergo

437 4668 557 4738 ejus
617 4668 818 4738 patrui,
863 4670 932 4723 ab
968 4670 1217 4726 antistite
1258 4672 1352 4740 qui
1403 4683 1536 4728 tunc
1611 4685 1733 4730 erat
1798 4678 2014 4750 Myren—

437 4760 603 4822 sium,
657 4760 942 4814 ordinatur
1007 4762 1329 4832 presbyter:
1391 4773 1448 4818 et
1505 4765 1616 4819 Deo
1673 4766 1766 4836 qui
1832 4769 2010 4838 ipsum

436 4852 686 4916 dederat,
731 4853 1002 4917 redditur,
1051 4858 1223 4925 utqui
1268 4857 1584 4926 parentibus
1626 4875 1819 4914 revera
1875 4861 2008 4916 fuis-

435 4955 518 5000 Set
572 4946 776 5000 donum
843 4949 1191 5018 precationis.
1255 4948 1354 5005 llic
1420 4959 1604 5006 autem
1675 4953 2007 5023 Myrensium

432 5033 676 5101 pontifex
723 5033 928 5089 donum
990 5037 1159 5091 divini
1213 5036 1450 5108 Spiritus
1509 5054 1864 5108 consecutus,
1927 5045 2011 5099 vi-

434 5121 572 5176 dens
613 5123 836 5193 juvenis
893 5124 1128 5180 animant
1197 5126 1483 5183 ﬂorentem
1518 5131 1836 5196 virtutibus.
1870 5150 2008 5200 pne-

433 5209 573 5263 dixit
627 5213 854 5281 gratiam
910 5229 1032 5284 quae
1080 5215 1134 5269 in
1200 5232 1268 5272 eo
1329 5227 1448 5272 erat
1511 5220 1879 5288 abundatura,
1929 5224 2011 5280 sic

433 5303 668 5360 dicens:
705 5304 905 5361 Eorum
959 5308 1181 5378 quidem
1241 5311 1334 5380 qui
1389 5313 1611 5369 tristitia
1672 5316 2006 5383 afficiuntur,

432 5398 539 5451 erit
591 5398 889 5469 benignum
941 5402 1237 5470 solatium;
1299 5404 1526 5474 pulchre
1585 5416 1768 5462 autem
1821 5417 2008 5478 pascet

433 5489 680 5552 animas,
717 5499 773 5546 et
819 5507 916 5547 eos
949 5493 1042 5562 qui
1079 5498 1387 5552 erraverint
1443 5499 1724 5553 revocabit
1769 5500 1836 5554 ad
1879 5515 2005 5570 pas-

433 5597 532 5638 cua
575 5583 823 5652 pietatis:
881 5593 936 5640 et
976 5589 1259 5656 apparebit
1305 5591 1645 5648 scrvatoriis
1677 5591 1769 5662 qui
1800 5591 2006 5648 fuerint

507 5767 529 5798 '
550 5765 690 5822 I'sal.
716 5781 938 5829 Lxxxltt.
967 5769 1053 5826 ll.

2115 4594 2215 4648 ρας
2251 4576 2425 4641 σῶζον
2462 4578 2562 4646 τὴν
2590 4577 2982 4647 προσήκουσαν
3014 4577 3374 4650 σωφροσύνην
3404 4578 3551 4629 ἐστιν
3601 4579 3692 4630 ὅτε

2111 4671 2206 4723 καὶ
2236 4669 2622 4740 διαϐάλλομεν,
2653 4669 2798 4723 οὓτω
2827 4671 2892 4740 δὴ
2947 4672 3040 4724 καὶ
3072 4671 3304 4740 νεότητα
3328 4673 3570 4742 κρείττω
3599 4686 3692 4737 γε-

2110 4763 2342 4834 νομένην
2366 4761 2476 4816 τῶν
2503 4763 2720 4816 οἰκείων
2746 4760 2954 4833 ὁρμῶν,
3012 4762 3106 4815 καὶ
3151 4764 3341 4832 γήρως
3385 4760 3692 4831 εὐκοσμίαν

2113 4857 2404 4925 συντηρεῖν
2433 4855 2746 4924 δυναμένην
2785 4853 3046 4923 ἀγάμεθά
3074 4871 3133 4906 τε
3165 4854 3557 4924 προσηκόντως
3591 4854 3689 4908 καί⁵

2113 4947 2329 5000 πολλῶν
2357 4947 2598 5000 ἐπαίνων
2633 4947 2792 5011 ἀξίαν
2835 4949 3116 5017 κρίνομεν.
3149 4945 3348 5017 Γνώμη
3375 4947 3560 5000 τοίνυν
3593 4945 3688 4999 τοῦ

2109 5041 2246 5112 πρὸς
2280 5040 2488 5113 πατρὸς
2541 5039 2708 5094 αὐτοῦ
2746 5039 2892 5093 θείου
2931 5039 3036 5092 ὑπὸ
3085 5037 3180 5092 τοῦ
3234 5037 3537 5108 τηνικαῦτα
3589 5039 3689 5107 τῆς

2109 5132 2345 5201 Μυρέων
2397 5131 2662 5202 προέδρου
2708 5131 3098 5202 χειροτονεῖται
3146 5127 3544 5198 πρεσϐύτερος,
3596 5128 3691 5180 καὶ

2114 5223 2194 5293 τῷ
2223 5223 2480 5276 δεδωκότι
2521 5222 2640 5293 Θεῷ
2685 5220 3028 5285 ἀντιδίδοται,
3053 5220 3082 5272 ό
3115 5219 3292 5291 δῶρον
3327 5219 3494 5282 ὅντως
3519 5219 3689 5289 εὐχῆς

2111 5314 2224 5374 τοῖς
2257 5315 2649 5378 γεγεννηκόσιν
2683 5309 2845 5362 αὑτὸν
2889 5309 3207 5379 γενόμενος.
3247 5308 3307 5361 Ὀ
3339 5309 3523 5378 μέντοι
3552 5309 3691 5378 ἀρχ-

2120 5404 2299 5472 ιερεὺς
2323 5403 2421 5472 τῆς
2438 5402 2672 5472 Μυρέων
2704 5397 2858 5466 οὗτος
2879 5401 3027 5455 θείου
3057 5400 3374 5471 Πνεύματος
3407 5400 3692 5470 εὐμοιρεῖν

2115 5493 2441 5564 ἠξιωμένος,
2469 5492 2567 5564 τὴν
2596 5492 2690 5546 τοῦ
2726 5493 2846 5546 νέου
2881 5491 3059 5564 ψυχὴν
3103 5492 3328 5564 ἀρεταῖς
3369 5490 3692 5561 κατάκομον

2119 5589 2390 5662 καθορῶν,
2434 5590 2587 5645 οὐδὲν
2617 5589 2932 5654 ἐπιδοιάσας
2976 5589 3068 5644 καὶ
3099 5589 3229 5660 περὶ
3257 5587 3357 5656 τῆς
3384 5585 3692 5658 μελλούσης
