4072 6390
321 329 426 390 321

1633 337 1807 399 ἨΤΑ
1851 340 1914 402 S.
1954 343 2287 406 NICOLAI.

3482 340 3587 401 332

323 443 478 514 αὐτῷ
502 445 796 498 πλεονάσαι
812 445 1056 517 χάριτος,
1081 450 1486 520 προηγόρευσεν
1516 449 1690 515 οὕτως
1713 452 1908 520 εἰπὼν,

2024 457 2072 510 in
2143 457 2424 528 periculis.
2498 458 2628 526 Quae
2685 475 2910 531 quoque
2965 470 3210 531 tempore
3267 467 3454 530 postea
3519 461 3584 513 ad

328 539 410 601 ὡς
477 539 633 591 ἐσται
696 539 795 609 μὲν
850 540 1078 610 εὐμενὲς
1119 541 1484 612 λυπουμένων
1533 545 1907 615 παραμύθιον,

331 634 599 698 ποιμανεῖ
629 633 684 685 δὲ
713 633 897 697 καλῶς
926 634 1133 705 ψυχὰς,
1183 636 1278 688 καὶ
1313 637 1768 708 πεπλανημένους
1810 640 1910 709 μὲν

2017 549 2275 604 cﬂectum
2321 552 2552 607 deducta
2581 553 2715 620 sint,
2749 554 3108 610 declarabunt
3159 570 3223 610 ea
3253 569 3375 625 qua:
3431 553 3592 608 dein-

2018 654 2146 710 ceps
2177 654 2636 710 consequuntur..

335 725 482 796 πρὸς
515 727 690 795 νομὰς
713 727 810 796 τῆς
841 729 1132 791 εὐσεϐείας
1161 729 1578 798 ἀνακαλέσεται,
1649 731 1833 802 σωτὴρ
1893 730 1950 784 δὲ
1989 734 2101 795 τοῖς
2151 734 2210 786 ἐν
2281 735 2546 797 κινδύνοις
2596 737 2762 791 πᾶσιν
2793 739 3188 806 ἀναφανεῖταιο
3232 737 3374 808 ἅπερ
3424 739 3474 790 εί
3515 736 3594 808 τῷ

326 823 510 888 χρόνῳ
539 818 771 888 ὕστερον
799 821 973 891 διέὅη,
1007 821 1076 874 τὰ
1109 823 1236 892 ἑξῆς
1262 825 1356 878 τοῦ
1382 827 1542 894 λόγου
1578 823 1833 893 δηλώσει.

407 916 483 970 Γ¹.
514 914 640 976 Πῶς
669 913 715 967 δ’
741 915 808 967 ἂν
840 917 918 976 είς
949 917 1149 984 γνῶσιν
1189 919 1331 972 ἔλθοι
1362 919 1543 982 καλῶς
1567 919 1740 988 ὁπόση
1773 917 1912 988 μετά

327 1009 432 1076 τὴν
468 1006 809 1078 χειροτονίαν
837 1007 986 1078 αὐτῷ
1039 1011 1174 1078 πρὸς
1208 1009 1306 1080 τὴν
1335 1010 1444 1063 τῶν
1499 1010 1711 1081 ἀρετῶν
1744 1011 1913 1079 ἔργα·

330 1099 456 1151 σίαν
485 1101 729 1162 ἐπίδοσις
759 1095 866 1169 ἦν;
902 1100 1236 1169 ἀγρυπνίαις
1276 1119 1336 1154 τε
1379 1102 1473 1155 καὶ
1505 1101 1783 1171 νηστείαις
1816 1101 1914 1154 καὶ

332 1195 678 1262 προσευχαῖς
716 1192 861 1255 οἵαις
907 1194 1104 1245 ἑαυτὸν
1139 1193 1426 1261 ἐδεδώκεις
1473 1193 1614 1247 ὥστε
1663 1193 1913 1262 καθαρὰν

335 1289 433 1337 καὶ
466 1285 741 1354 ἄχραντον
781 1284 1154 1338 διασώσασθαι
1215 1286 1312 1356 τὴν
1365 1287 1687 1357 ἱερωσύνην,
1725 1287 1784 1352 ἐξ
1837 1281 1913 1341 ὧν

331 1376 434 1446 τὴν
492 1378 602 1429 τῶν
658 1363 967 1446 ἁσωμᾶτων
1012 1378 1295 1448 διαγωγὴν
1346 1379 1407 1430 ἐν
1455 1379 1670 1448 σώματι
1729 1379 1913 1450 θνητῷ

333 1467 713 1534 κατορθώσειν
743 1466 1098 1535 ἐφιλονείκει,
1127 1470 1224 1522 καὶ
1272 1469 1422 1539 παρά
1476 1468 1636 1522 τοῦτο
1687 1469 1785 1523 καὶ¹
1843 1471 1911 1524 τά

341 1556 559 1624 μεγάλα
592 1558 722 1626 περὶ
758 1558 920 1610 αὐτοῦ
947 1559 1153 1611 οἴεσθαι
1186 1562 1297 1622 τοῖς
1343 1561 1554 1623 πολλοῖς
1587 1563 1781 1616 ἐδίδου.
1821 1561 1912 1626 Ὠς

336 1646 396 1698 δὲ
439 1647 533 1700 καὶ
574 1649 650 1710 ὡς
692 1649 827 1717 πρὸς
879 1653 1101 1719 μνήμην
1154 1651 1326 1703 ἐλθὼν
1372 1652 1472 1724 ήδη
1526 1653 1668 1717 θεῖος
1721 1654 1909 1721 αὐτοῦ,

338 1738 614 1802 Νικόλαος
659 1741 717 1792 δὲ
754 1743 847 1794 καὶ
884 1743 1037 1812 αὐτῷ
1088 1745 1119 1812 ὴ
1150 1743 1363 1815 κλῆσις,
1417 1746 1496 1806 είς
1520 1745 1680 1798 τοῦτο
1709 1746 1910 1818 ἀρετῆς

2082 914 2175 969 lll.
2240 912 2380 980 Quid
2413 924 2630 984 oportet
2661 925 2844 971 autem
2878 931 3061 971 uicere
3089 926 3291 985 quanta
3320 927 3442 987 post
3472 918 3594 988 ejus

2010 1004 2414 1061 ordinationem
2453 1005 2523 1059 ad
2574 1007 2840 1060 virtutum
2891 1008 3339 1062 exercitationem
3393 1009 3443 1062 ei
3500 1024 3595 1064 ac-

2010 1099 2188 1152 cessio
2248 1097 2389 1151 facta
2444 1097 2556 1151 sit?
2602 1097 2938 1167 vigiliisque,
2991 1099 3215 1169 jejuniis
3251 1107 3305 1151 et
3339 1099 3598 1167 precibus

2010 1187 2288 1256 quomodo
2347 1203 2404 1242 se
2468 1187 2726 1242 dederit?
2782 1189 2994 1255 Quibus
3058 1207 3122 1244 ex
3179 1193 3344 1244 rebus
3391 1190 3593 1244 factum

2021 1288 2112 1332 est
2165 1287 2226 1332 ut
2279 1278 2446 1332 vitam
2494 1279 2940 1348 incorporearum
2971 1281 3028 1334 in
3078 1281 3290 1334 mortali
3358 1295 3589 1349 corpore

2009 1386 2170 1442 agere
2203 1373 2580 1438 contenderet,
2631 1382 2685 1429 et
2706 1373 2831 1428 ideo
2881 1374 2949 1427 de
2979 1389 3047 1428 eo
3115 1375 3365 1443 quas-lam
3402 1387 3598 1443 magna

2009 1461 2168 1516 daret
2222 1462 2589 1534 conjicienda.
2641 1464 2933 1533 Postquam
2990 1479 3122 1518 vero
3200 1464 3320 1534 ejus
3371 1472 3601 1532 patruus

2010 1555 2170 1625 cujus
2200 1554 2356 1623 prius
2396 1555 2773 1620 meminimus,
2821 1558 3218 1611 nominabatur
3249 1568 3435 1610 autem
3481 1557 3600 1624 ipso

2010 1659 2229 1714 quoque
2252 1645 2528 1712 Nicolaus,
2548 1647 2685 1701 vidit
2714 1648 3140 1711 adulescentem,
3167 1662 3234 1702 eo
3258 1648 3597 1716 processisse

2008 1737 2247 1803 virtutis,
2283 1747 2340 1793 et
2378 1747 2528 1792 tanta
2576 1738 2860 1808 dignatum
2931 1754 3052 1793 esse
3101 1741 3296 1808 gratia,
3342 1739 3393 1793 ei
3439 1755 3601 1792 man-

338 1831 549 1898 ἥκοντα
578 1832 670 1883 τὸν
699 1832 814 1884 νέον
849 1833 1016 1903 ἑώρα,
1048 1836 1149 1904 τήν
1193 1853 1252 1886 τε
1295 1835 1389 1888 τοῦ
1427 1835 1573 1889 θείου
1617 1838 1746 1890 ναοῦ
1776 1855 1910 1908 προο

2024 1827 2104 1883 dat
2132 1828 2307 1884 divini
2358 1830 2543 1900 templi
2581 1846 2792 1896 curam,
2839 1833 2986 1901 quod
3037 1834 3127 1888 ille
3159 1834 3312 1902 prius
3337 1833 3580 1888 aedifica-

339 1921 590 1985 στασίαν,
623 1922 683 1975 δν
713 1925 982 1992 πρότερον
1030 1927 1116 1978 ἐπ’
1156 1927 1380 1996 ὀνόματι
1423 1931 1520 1997 τῆς
1568 1929 1730 1998 ἁγίας
1773 1929 1914 1984 Σιὼν

337 2016 549 2075 ἐκεῖνος
578 2014 835 2083 ἐδείματό
871 2032 929 2067 τε
975 2019 1069 2068 καὶ
1102 2020 1180 2080 εἰς
1234 2022 1601 2090 μοναστήριον
1649 2023 1914 2092 συνεστή-

337 2123 494 2169 σατ-ε,
539 2106 686 2176 αὐτῷ
716 2109 1034 2177 ἐγχειρίζει,
1083 2112 1175 2162 καὶ
1216 2114 1512 2181 συνεργοὺς
1544 2113 1621 2183 τῷ
1666 2115 1773 2185 νέῳ
1819 2114 1915 2168 τοῦ

336 2198 763 2266 ἐγχειρήματος,
826 2201 982 2262 ὅσους
1014 2203 1105 2253 καὶ
1136 2203 1234 2272 τῆς
1265 2205 1465 2273 ἀρετῆς
1501 2205 1618 2275 ᾔδει
1652 2211 1912 2274 ποιεῖται,

341 2289 486 2340 ὥστε
535 2291 629 2340 καὶ
671 2290 1051 2360 συνδιαφέρειν
1091 2294 1242 2361 αὐτῴ
1285 2301 1382 2356 τὰς
1432 2297 1900 2365 ἐκκλησιαστικάς

342 2381 662 2449 φροντίδας,
707 2384 801 2434 καὶ
827 2384 952 2452 ⁸τῶν
989 2384 1151 2454 ίερῶν
1194 2387 1599 2452 ἐπιμελέστατα
1646 2394 1916 2460 προνοεῖν.

343 2474 457 2524 Καὶ
493 2474 602 2540 μὴν
633 2473 698 2542 δή
746 2491 875 2525 ποτε
907 2477 1003 2527 καὶ
1033 2475 1126 2528 τοῦ
1169 2477 1485 2546 θαυμαστοῦ
1530 2481 1722 2533 τούτου
1754 2481 1921 2536 Νικο-

341 2563 485 2616 λάου
523 2567 602 2626 είς
639 2566 1002 2634 Παλαιστίνην
1028 2570 1364 2639 ἀπάραντος,
1399 2573 1485 2641 ἐφ’
1513 2569 1558 2640 ᾧ
1581 2575 1708 2636 τοὺς
1731 2576 1921 2641 ἁγίους

343 2658 631 2728 ἱστορῆσαι
666 2660 888 2721 τόπους,
933 2660 1126 2732 ὥσπερ
1160 2665 1189 2715 ὁ
1236 2665 1392 2733 λόγος
1431 2667 1570 2734 μετά
1620 2668 1794 2722 ταῦτα
1827 2670 1922 2740 δη-

343 2750 534 2812 λώσει,
573 2745 842 2804 οὗτοιτὺν
877 2754 1094 2806 ἐκείνου
1143 2756 1309 2810 τόπον
1367 2759 1663 2829 ἐπλήρουν,
1715 2765 1806 2814 καί
1853 2761 1920 2814 τὰ

342 2844 441 2896 τοῦ
477 2844 607 2897 ναοῦ
659 2847 757 2898 καὶ
803 2847 870 2898 τὰ
909 2848 1006 2917 τῆς
1057 2851 1384 2918 οίκονομίας’
1411 2850 1584 2914 οῦτως
1632 2853 1918 2921 ἐνήργουν,

342 2937 541 3007 ὥσπερ
574 2940 638 2991 ἃν
671 2940 718 2990 εί
751 2940 1014 3010 ἐτύγχανε
1047 2944 1252 3005 ἐκεῖνος
1285 2942 1497 3014 παρὼν.
1534 2942 1697 2998 Ἀλλὰ
1746 2943 1922 2998 ταῦτα

348 3035 450 3100 μὲν
483 3033 512 3085 ’ύ
523 3050 610 3084 στε
621 3050 733 3102 ρον.

420 3120 495 3177 Δ’.
537 3125 693 3193 Ἀρτι
721 3123 776 3175 δὲ
813 3125 922 3176 τῶν
964 3125 1218 3196 πατέρων
1249 3126 1413 3180 αὐτοῦ
1447 3126 1540 3180 τὸν
1572 3127 1685 3197 βίον
1729 3128 1922 3182 ἀπολι·
1949 3146 1993 3207 c

349 3216 586 3277 πόντων,
622 3216 957 3286 κληρονόμος
987 3217 1086 3286 τῆς
1122 3218 1310 3280 οὐσίας
1347 3213 1502 3283 οὗτος
1545 3225 1644 3290 τῆς
1695 3223 1921 3275 ἐκείνοιν

345 3309 753 3377 καταλειφθεὶς,
808 3312 904 3362 καὶ
946 3311 1047 3364 ὅσα
1080 3312 1224 3374 εἰκὸς
1257 3313 1372 3365 υἱὸν
1429 3314 1770 3385 φιλοπάτορα
1828 3315 1921 3368 ἐπὶ

347 3405 606 3470 πατέρων
630 3402 909 3472 ἀποδημία
944 3404 1276 3472 φιλοτέκνων
1295 3405 1559 3472 ἐπιδείξαι
1582 3407 1922 3475 διατελέσας,

347 3496 412 3546 οὐ
455 3496 590 3563 πρὸς
646 3496 739 3547 τὸν
773 3497 975 3564 κλῆρον
1005 3497 1222 3549 ἀπεῖδεν
1261 3496 1444 3566 εὐθὺς,
1481 3499 1672 3570 ὥσπερ
1719 3500 1785 3554 ἄν
1839 3517 1925 3566 τις

350 3587 487 3655 ἄλλη
520 3587 655 3655 πρὸς
690 3587 1130 3657 φιλοχρηματίαν
1161 3589 1345 3659 ὁρῶσα
1391 3592 1561 3661 ψυχὴ,
1606 3593 1719 3646 οὐδ’
1777 3595 1922 3656 ὅπως

353 3680 422 3732 ἂν
453 3679 717 3749 αὐξηθείη
742 3680 769 3730 ὁ
798 3679 1028 3744 πλοῦτος
1054 3683 1204 3748 αὐτῷ
1237 3685 1331 3735 καὶ
1348 3683 1616 3746 διαμείνοι
1645 3685 1783 3754 ρἐν
1813 3685 1922 3750 ἀεὶ,

353 3771 615 3838 φροντίδα
641 3769 772 3837 γοῦν
812 3787 936 3824 τινα
968 3772 1062 3824 καὶ
1093 3773 1340 3841 σμικρὰν
1383 3774 1556 3829 ἔθετο.
1603 3777 1779 3829 Πάλαι
1816 3778 1924 3845 γὰρ

353 3863 625 3930 κοσμικὰς
655 3864 1042 3932 ἀπαγορεύσας
1072 3864 1368 3935 ἐπιθυμίας
1409 3865 1670 3920 ἔσπευδεν
1719 3869 1926 3936 ἀδελφά

351 3953 524 4016 δεῖξαι
555 3953 634 4021 τῷ
687 3955 822 4022 μετά
851 3955 1024 4010 ταῦτα
1056 3957 1156 4027 βίῳ
1198 3957 1269 4009 τά
1325 3957 1418 4010 τοῦ
1466 3957 1584 4028 βίου
1639 3960 1920 4028 προοίμια,

356 4045 646 4114 σύμφωνον
675 4065 732 4101 τε
757 4051 823 4117 τῇ
859 4051 1001 4120 ἀρχῇ
1035 4052 1129 4102 καὶ
1152 4051 1213 4104 τὸ
1265 4050 1393 4120 ἑξῆς
1435 4050 1581 4104 ἅπαν
1630 4052 1922 4107 ἐπιθεῖναι.

359 4139 565 4190 Ἠκουε
595 4137 654 4189 δὲ
681 4137 772 4188 καὶ
801 4138 895 4190 τοῦ
928 4138 1073 4189 θείου
1099 4137 1286 4203 Δαυῒδ,
1316 4157 1334 4189 ι
1369 4141 1602 4202 Πλοῦτος
1629 4140 1724 4193 ἐάν
1750 4142 1870 4210 ῥέῃ,
1900 4159 1918 4191 ι

357 4229 636 4297 λέγοντος,
678 4249 697 4281 ι
733 4230 807 4300 μη
848 4230 1206 4298 προστίθεσθε
1243 4231 1464 4302 καρδίᾳ,
1498 4250 1516 4283 ι
1573 4235 1668 4284 καὶ
1703 4232 1796 4286 τοῦ
1832 4250 1924 4286 σο-

357 4320 459 4388 φοῦ
519 4320 902 4386 Σολομῶντος,
935 4337 954 4371 ι
997 4317 1393 4388 Ἑλεημοσύναι
1446 4319 1540 4373 καὶ⁸
1599 4320 1810 4382 πίστεις
1847 4320 1922 4392 μὴ

357 4408 762 4460 ἐκλειπέτωσάν
790 4424 870 4466 σε.
897 4410 988 4459 καὶ
1019 4408 1094 4476 μὴ
1145 4407 1361 4478 ἀπόσχῃ
1395 4403 1455 4459 εὖ
1493 4409 1666 4460 ποιεῖν
1701 4409 1876 4477 ἐνδεῆ,
1897 4426 1917 4461 ι

2013 1929 2169 1974 verat
2221 1920 2277 1973 in
2325 1923 2546 1975 nomine
2607 1932 2809 1977 sanctas
2870 1923 3022 1990 Sion,
3074 1932 3131 1978 et
3194 1933 3585 1978 construxerat

2015 2011 2429 2065 monasterium.
2460 2012 2528 2066 Et
2553 2013 2618 2066 ad
2653 2013 2840 2083 juveni
2884 2013 2984 2067 hac
3011 2014 3066 2068 in
3110 2030 3166 2068 re
3203 2029 3361 2084 Opem
3410 2014 3593 2068 feren-

2017 2101 2165 2168 dam,
2241 2103 2466 2157 adhibet
2530 2119 2890 2174 quoscunque
2945 2105 3154 2159 sciebat
3203 2121 3326 2160 esse
3376 2106 3600 2161 virtutis

2017 2197 2138 2266 ejus
2176 2196 2392 2262 socios;
2420 2207 2479 2250 ut
2507 2197 2668 2250 simul
2699 2211 2824 2249 cum
2869 2211 2937 2250 eo
2977 2197 3184 2251 ferrent
3219 2213 3380 2252 curas
3417 2198 3598 2252 θεειο-

2018 2287 2287 2350 siasticas,
2311 2296 2368 2340 et
2395 2287 2813 2356 diligentissime
2843 2288 3004 2340 rebus
3031 2288 3200 2342 sacris
3224 2289 3598 2356 providerent.

2019 2377 2200 2442 Atque
2233 2391 2356 2429 cum
2384 2377 2682 2445 aliquando
2719 2377 2939 2445 quidem
2970 2378 3252 2446 profectus
3286 2389 3434 2433 esset
3474 2379 3604 2434 Hie-

2020 2469 2297 2538 rosolyma
2324 2468 2681 2523 admirandus
2708 2469 2990 2533 Nicolaus,
3034 2482 3093 2523 ut
3121 2471 3397 2526 vivificum
3435 2472 3600 2527 Chri-

2021 2559 2090 2612 sti
2139 2560 2459 2628 sepulcrum
2508 2570 2564 2615 et
2626 2563 2865 2616 salutare
2924 2563 3130 2632 lignum
3181 2566 3360 2619 crucis
3423 2566 3476 2620 in
3538 2581 3602 2620 ea

2021 2651 2297 2715 adoraret,
2362 2652 2734 2721 impleverunt
2802 2655 2891 2708 isti
2945 2656 3126 2710 locum
3190 2657 3370 2724 illius,
3426 2667 3482 2712 et
3531 2673 3598 2714 ea

2021 2755 2143 2809 quae.
2186 2740 2251 2793 ad
2303 2743 2564 2810 templum
2612 2743 2838 2812 ejusque
2899 2742 3366 2810 dispensationem
3433 2746 3601 2814 perti-

2022 2829 2226 2883 nebant
2291 2830 2363 2883 ita
2420 2829 2880 2884 administrarunt
2931 2845 2996 2886 ac
3056 2831 3102 2886 si
3153 2832 3244 2886 ille
3297 2832 3589 2909 adfuisset.

2024 2919 2132 2976 Sed
2175 2922 2292 2976 haec
2319 2922 2540 2992 quidem
2586 2934 2797 2992 postea.

2095 3117 2185 3192 IV.
2219 3115 2353 3173 Cum
2387 3125 2571 3172 autem
2617 3119 2741 3188 ejus
2777 3129 3030 3189 parentes
3070 3119 3180 3190 jam
3213 3135 3243 3175 e
3273 3122 3380 3175 vita
3411 3136 3604 3176 exces-

2025 3221 2234 3278 serant,
2277 3212 2594 3266 facultatum
2631 3212 2806 3268 bazres
2853 3213 3102 3277 relictus,
3145 3223 3200 3268 et
3232 3228 3296 3268 ea
3334 3225 3604 3283 perpetuo

2027 3304 2238 3360 faciens
2269 3320 2390 3373 qua:
2421 3320 2520 3372 par
2551 3313 2636 3359 est
2663 3304 2832 3358 filiuni
2859 3304 2953 3374 qui
2986 3305 3164 3375 diligit
3187 3317 3464 3375 parentes,
3490 3321 3604 3360 non

2025 3400 2210 3453 Statim
2251 3401 2464 3467 aspexit
2497 3396 2562 3450 ad
2601 3396 2840 3461 divitias,
2917 3412 3096 3466 neque
3140 3397 3601 3466 quemadmodum

2028 3493 2460 3564 amplificaretur
2481 3505 2536 3548 et
2563 3494 2612 3548 ei
2643 3503 2991 3562 permaneret
3028 3493 3337 3557 liaereditas,
3365 3494 3449 3547 vel
3477 3509 3605 3564 par-

2027 3604 2150 3642 vam
2180 3588 2344 3641 ullam
2376 3602 2567 3640 curam
2595 3586 2836 3656 gerebat.
2863 3586 2997 3640 Nam
3029 3600 3153 3639 cum
3189 3587 3296 3654 jam
3324 3587 3452 3640 olim
3485 3601 3604 3640 orn-

2028 3681 2192 3735 nibus
2228 3679 2523 3733 mundanis
2546 3679 2927 3732 renuntiasset
2950 3679 3184 3744 deliciis,
3219 3694 3315 3747 per
3337 3694 3456 3733 eam
3483 3693 3604 3747 quae

2026 3781 2111 3826 est
2154 3771 2271 3824 h:ec
2318 3779 2612 3824 consecuta
2662 3769 2880 3824 vivendi
2933 3771 3197 3824 rationem
3239 3769 3608 3826 contendebat

2026 3865 2318 3920 ostendere
2361 3880 2490 3918 vera
2544 3864 2668 3918 vita:
2715 3864 3004 3934 prooemia,
3037 3873 3092 3917 et
3143 3862 3420 3932 principio
3467 3877 3604 3916 con-

2027 3959 2273 4012 sentiens
2323 3955 2552 4012 reddere
2588 3955 2640 4010 id
2675 3955 2822 4024 quod
2870 3955 3132 4024 deinceps
3180 3954 3495 4008 accesserit.
3538 3953 3607 4006 Et

2028 4049 2154 4104 ideo
2187 4047 2371 4102 omnia
2401 4061 2499 4101 sua
2529 4045 2638 4100 Deo
2682 4045 3006 4115 permittens
3034 4063 3048 4098 :
3088 4044 3286 4098 Notam
3332 4045 3416 4098 fac
3447 4043 3607 4110 mihi,

2029 4141 2279 4203 Domine,
2317 4138 2557 4200 dicebat,
2588 4137 2731 4190 viam
2769 4135 2824 4188 in
2859 4150 2967 4204 qua
3012 4133 3308 4198 ambulem,
3344 4133 3604 4202 quoniam

2029 4233 2096 4287 ad
2134 4221 2192 4285 'te
2230 4229 2428 4286 sustuli
2471 4229 2706 4282 animam
2743 4241 2919 4280 meam
2948 4227 2969 4258 ⁸
3002 4244 3015 4280 :
3054 4236 3104 4280 et
3136 4225 3270 4279 doce
3305 4239 3393 4279 me
3426 4225 3607 4281 facere

2030 4324 2366 4376 voluntatem
2394 4328 2564 4381 tuam,
2591 4317 2849 4386 quoniam
2877 4322 2932 4368 tu
2958 4329 3018 4369 es
3048 4315 3189 4369 Deus
3213 4327 3370 4368 meus
3391 4314 3433 4366 ⁸.
3461 4312 3609 4378 Quo-

2033 4417 2178 4470 niam
2209 4414 2263 4468 in
2295 4421 2346 4466 te
2372 4413 2652 4482 projectus
2677 4425 2796 4462 sum
2828 4408 2897 4462 ab
2931 4417 3110 4472 utero,
3137 4421 3167 4461 a
3194 4417 3386 4462 ventre
3417 4405 3612 4460 matris

359 4502 451 4552 καὶ
473 4500 563 4551 διὰ
584 4501 742 4550 τοῦτο
769 4502 866 4560 τας
911 4500 1105 4552 ἑαυτοῦ
1142 4503 1333 4570 χεῖρας
1365 4501 1426 4552 ού
1459 4500 1596 4570 πρὸς
1624 4502 1921 4570 χρημάτων

2033 4519 2166 4558 mea:
2204 4503 2350 4558 Deus
2398 4516 2551 4554 meus
2587 4514 2644 4553 es
2692 4509 2748 4552 tu
2783 4501 2824 4552 ⁸.
2873 4497 3072 4553 Audivi
3125 4508 3309 4552 autem
3360 4496 3607 4550 divinum

361 4594 590 4660 παρεῖχε
626 4592 984 4660 συναγωγῆς·
1037 4591 1150 4643 ἀλλ’
1205 4591 1366 4654 αὐτὸς
1429 4591 1634 4658 μᾶλλον
1685 4595 1807 4661 χεὶρ
1860 4587 1928 4664 ἦν

358 4684 548 4745 ἄνετος
577 4684 741 4734 παντὶ
763 4683 1024 4752 δεομένῳ,
1052 4683 1206 4753 κοινὴ
1232 4683 1524 4737 πανδαισία
1556 4687 1648 4737 καὶ
1680 4688 1929 4754 πιταμδς

360 4774 542 4844 πολλῷ
577 4775 713 4844 ῥέων
743 4775 836 4826 καὶ
867 4775 1058 4843 ἡσύχῳ
1087 4775 1163 4844 τῷ
1223 4775 1481 4846 ῥεύματι,
1520 4779 1695 4829 ἐκεῖνο
1716 4777 1803 4830 διὰ
1833 4779 1930 4846 τῆς

357 4868 610 4930 εὐποιίας
661 4867 723 4920 τὸ
783 4867 1026 4935 δαψιλὲς,
1069 4867 1226 4921 τοῦτο
1256 4868 1348 4920 διὰ
1401 4869 1461 4920 τὸ
1512 4867 1776 4921 λανθάνον
1831 4867 1931 4937 τῆς

363 4961 726 5030 μεταδόσεως.
782 4960 942 5012 Ἀλλά
988 4960 1098 5029 γὰρ
1154 4959 1304 5024 ἀξιον
1353 4961 1455 5030 ἤδη
1495 4962 1592 5014 καὶ
1635 4962 1744 5013 τῶν
1791 4961 1935 5014 κατὰ

363 5053 527 5122 μέρος
558 5051 985 5123 ἐπιμνησθῆναι,
1023 5052 1090 5106 ἶν’
1122 5055 1149 5105 ὁ
1181 5053 1410 5115 πλοῦτος
1462 5054 1629 5106 αὐτοῦ
1663 5053 1765 5124 τῆς
1792 5069 1933 5124 χρη-

363 5148 618 5216 στότητος
642 5147 1033 5216 ἀκριϐέστερον
1061 5147 1360 5216 γνωρισθῇ.

433 5325 508 5378 ιιι.
553 5325 718 5397 Ἀνήρ
766 5341 848 5387 τις
895 5323 1083 5388 ἄδοξος
1142 5321 1201 5388 ἐξ
1242 5323 1454 5391 ἐνδόξου
1487 5324 1584 5376 καὶ
1650 5324 1824 5394 πένης
1871 5325 1936 5376 ἐκ

362 5418 635 5469 πλουσίων
655 5418 971 5486 γενόμενος,
1021 5414 1109 5470 οία
1147 5417 1212 5486 δὴ
1245 5419 1306 5470 τὸ
1335 5418 1427 5469 τοῦ
1479 5417 1597 5487 βίου
1639 5417 1936 5487 περιπετὲς

365 5510 461 5559 καὶ
505 5507 797 5576 ἀνώμαλον
850 5510 1151 5580 σχεδιάζειν
1194 5507 1368 5573 οἶδεν,
1416 5509 1605 5578 ἐπειδὴ
1655 5511 1767 5570 τοῖς
1798 5509 1939 5571 ὅλοις

362 5601 642 5671 δαπτρὼν
683 5599 774 5673 ἦν,
824 5605 920 5656 καὶ
968 5603 1150 5656 αὐτῶν
1176 5603 1277 5674 ἥδη
1307 5603 1414 5656 τὼν
1464 5603 1781 5670 ἀναγκαίων
1816 5605 1939 5654 ἐπι-

439 5785 461 5816 ³
485 5786 623 5840 Psal.
653 5786 890 5850 cxan,8.
967 5787 987 5814 ‘
1009 5784 1152 5840 Psal.
1184 5798 1291 5848 xxi,
1326 5781 1412 5835 Η.
1489 5781 1509 5812 ⁵
1534 5781 1677 5834 Psal.
1714 5797 1820 5844 ixi,
1851 5780 1936 5835 ll.

2035 4608 2252 4664 quoque
2294 4591 2464 4646 David
2515 4591 2596 4645 sic
2629 4591 2906 4644 dicentem
2953 4607 2967 4646 :
3017 4589 3230 4643 Divitiae
3275 4589 3318 4642 si
3351 4588 3598 4654 afﬂuant,

2035 4687 2202 4741 nolite
2224 4700 2318 4738 cor
2340 4697 2616 4754 apponere
2634 4683 2675 4734 ‘.
2696 4681 2742 4736 Α
2766 4685 3014 4750 sapiente
3034 4696 3252 4751 quoque
3275 4681 3566 4734 Salomone
3591 4695 3608 4734 :

2041 4799 2059 4830 ι
2093 4778 2464 4846 Eleemosynae
2492 4784 2550 4829 et
2581 4773 2716 4827 ﬁdes
2754 4787 2822 4826 ne
2854 4783 2903 4827 te
2941 4772 3232 4838 deficiant;
3274 4789 3292 4821 ι
3323 4787 3431 4824 non
3463 4769 3612 4823 desi-

2036 4875 2214 4930 stebat
2263 4871 2586 4927 benefacere
2623 4887 2637 4925 :
2673 4869 2766 4923 sed
2808 4877 2928 4922 erat
2962 4881 3156 4920 manus
3202 4874 3390 4934 aperta
3440 4879 3607 4934 egen~

2036 4967 2204 5028 tibus,
2247 4971 2303 5018 et
2346 4961 2547 5016 ﬂuvius
2596 4959 2774 5015 ﬂuens
2831 4958 3004 5011 multo
3049 4964 3104 5009 et
3149 4955 3335 5024 quieto
3381 4953 3608 5014 ﬂuento.

2037 5057 2238 5111 Verum
2281 5052 2562 5106 enimvero
2591 5051 2702 5121 jam
2747 5061 2846 5117 par
2889 5053 2975 5100 est
3005 5044 3323 5099 meminisse
3366 5043 3610 5111 singulo-

2034 5161 2179 5208 rum,
2212 5154 2274 5199 ut
2303 5143 2507 5198 divitiae
2537 5143 2658 5212 ejus
2704 5136 2966 5194 bonitatis
2999 5143 3401 5205 cognoscantur
3443 5149 3609 5194 accu.

2035 5250 2233 5292 ratius.

2108 5328 2171 5384 γ.
2219 5327 2312 5380 Vir
2358 5323 2583 5395 quidam
2635 5322 2728 5392 qui
2784 5336 2851 5375 ex
2899 5319 3047 5374 claro
3102 5319 3392 5375 obscurus.
3441 5325 3494 5370 οι
3544 5330 3611 5375 ex

2043 5420 2212 5474 divite
2241 5417 2419 5473 fuerat
2447 5417 2626 5470 factus
2661 5427 2888 5483 pauper,
2918 5409 3180 5480 quoniam
3213 5408 3465 5464 redactus
3493 5416 3611 5464 erat

2045 5510 2110 5564 ad
2160 5522 2425 5563 summam
2473 5519 2656 5558 rerum
2701 5502 2948 5556 omnium
2994 5500 3275 5568 impiam,
3321 5512 3446 5553 cum
3500 5497 3612 5564 ipsa

2047 5601 2212 5655 etiam
2251 5599 2299 5652 ei
2341 5597 2672 5652 defecissent
2709 5591 3038 5660 necessaria,
3083 5591 3222 5662 proli
3250 5589 3441 5645 dolor!
3474 5602 3612 5659 (ιιιοη

2017 5782 2036 5810 ⁸
2059 5777 2227 5834 Eccli.
2262 5792 2358 5836 VII,
2383 5775 2469 5832 10.
