  <div class='ocr_page' id='page_1' title='image "/cluster/home/n/w/nwhite01/storage/ocr_20150623/116/hvd.32044073502221/167.png"; bbox 0 0 4072 6390; ppageno 0'>
   <div class='ocr_carea' id='block_1_1' title="bbox 437 333 543 396">
    <p class='ocr_par' dir='ltr' id='par_1_1' title="bbox 437 333 543 396">
     <span class='ocr_line' id='line_1_1' title="bbox 437 333 543 396; baseline -0.038 0"><span class='ocrx_word' id='word_1_1' title='bbox 437 333 543 396; x_wconf 78' lang='lat'>323</span> 
     </span>
    </p>
   </div>
   <div class='ocr_carea' id='block_1_2' title="bbox 1664 308 2435 376">
    <p class='ocr_par' dir='ltr' id='par_1_2' title="bbox 1664 308 2435 376">
     <span class='ocr_line' id='line_1_2' title="bbox 1664 308 2435 376; baseline -0.013 0"><span class='ocrx_word' id='word_1_2' title='bbox 1664 313 1952 376; x_wconf 82' lang='lat' dir='ltr'>MENSIS</span> <span class='ocrx_word' id='word_1_3' title='bbox 1996 308 2435 373; x_wconf 76' lang='lat' dir='ltr'>DECEMBER.</span> 
     </span>
    </p>
   </div>
   <div class='ocr_carea' id='block_1_3' title="bbox 3604 300 3709 368">
    <p class='ocr_par' dir='ltr' id='par_1_3' title="bbox 3604 300 3709 368">
     <span class='ocr_line' id='line_1_3' title="bbox 3604 300 3709 368; baseline -0.038 0"><span class='ocrx_word' id='word_1_4' title='bbox 3604 300 3709 368; x_wconf 64' lang='lat'>324</span> 
     </span>
    </p>
   </div>
   <div class='ocr_carea' id='block_1_4' title="bbox 438 406 2033 512">
    <p class='ocr_par' dir='ltr' id='par_1_4' title="bbox 438 425 2024 512">
     <span class='ocr_line' id='line_1_4' title="bbox 438 425 2024 512; baseline -0.013 -15"><span class='ocrx_word' id='word_1_5' title='bbox 438 454 616 512; x_wconf 79' lang='lat' dir='ltr'><strong>usque</strong></span> <span class='ocrx_word' id='word_1_6' title='bbox 659 435 1014 510; x_wconf 76' lang='lat' dir='ltr'>progreditur</span> <span class='ocrx_word' id='word_1_7' title='bbox 1069 429 1325 504; x_wconf 77' lang='lat' dir='ltr'>egestas?</span> <span class='ocrx_word' id='word_1_8' title='bbox 1376 434 1644 484; x_wconf 73' lang='lat' dir='ltr'><strong>statuerat</strong></span> <span class='ocrx_word' id='word_1_9' title='bbox 1707 425 1847 480; x_wconf 88' lang='lat' dir='ltr'><strong>tilias</strong></span> <span class='ocrx_word' id='word_1_10' title='bbox 1895 438 2024 478; x_wconf 90' lang='lat' dir='ltr'><strong>suas</strong></span> 
     </span>
    </p>
   </div>
   <div class='ocr_carea' id='block_1_5' title="bbox 2133 406 3712 512">
    <p class='ocr_par' dir='ltr' id='par_1_5' title="bbox 2133 406 3712 490">
     <span class='ocr_line' id='line_1_5' title="bbox 2133 406 3712 490; baseline -0.002 -15"><span class='ocrx_word' id='word_1_11' title='bbox 2133 421 2404 476; x_wconf 81' lang='grc' dir='ltr'>λιπόντων</span> <span class='ocrx_word' id='word_1_12' title='bbox 2453 417 2638 484; x_wconf 75' lang='grc' dir='ltr'>αὐτὸν,</span> <span class='ocrx_word' id='word_1_13' title='bbox 2697 416 2839 486; x_wconf 75' lang='grc' dir='ltr'>φεῦί</span> <span class='ocrx_word' id='word_1_14' title='bbox 2902 419 3069 490; x_wconf 82' lang='grc' dir='ltr'>μέχρι</span> <span class='ocrx_word' id='word_1_15' title='bbox 3133 416 3229 471; x_wconf 73' lang='grc' dir='ltr'>καὶ</span> <span class='ocrx_word' id='word_1_16' title='bbox 3265 415 3431 472; x_wconf 80' lang='grc' dir='ltr'>τίνων</span> <span class='ocrx_word' id='word_1_17' title='bbox 3460 406 3712 488; x_wconf 72' lang='grc' dir='ltr'>ήένδεια</span> 
     </span>
    </p>
   </div>
   <div class='ocr_carea' id='block_1_6' title="bbox 440 514 2020 604">
    <p class='ocr_par' dir='ltr' id='par_1_6' title="bbox 440 514 2020 604">
     <span class='ocr_line' id='line_1_6' title="bbox 440 514 2020 604; baseline -0.011 -17"><span class='ocrx_word' id='word_1_18' title='bbox 440 533 622 604; x_wconf 89' lang='lat' dir='ltr'><strong>(erant</strong></span> <span class='ocrx_word' id='word_1_19' title='bbox 650 538 832 585; x_wconf 88' lang='lat' dir='ltr'><strong>autem</strong></span> <span class='ocrx_word' id='word_1_20' title='bbox 864 534 978 580; x_wconf 90' lang='lat' dir='ltr'><strong>tres</strong></span> <span class='ocrx_word' id='word_1_21' title='bbox 1012 525 1187 580; x_wconf 82' lang='lat' dir='ltr'><strong>forma</strong></span> <span class='ocrx_word' id='word_1_22' title='bbox 1211 521 1476 592; x_wconf 78' lang='lat' dir='ltr'>insignes)</span> <span class='ocrx_word' id='word_1_23' title='bbox 1505 516 1761 573; x_wconf 88' lang='lat' dir='ltr'><strong>mercede</strong></span> <span class='ocrx_word' id='word_1_24' title='bbox 1790 515 1857 571; x_wconf 91' lang='lat' dir='ltr'>ad</span> <span class='ocrx_word' id='word_1_25' title='bbox 1892 514 2020 571; x_wconf 84' lang='lat' dir='ltr'><strong>libi-</strong></span> 
     </span>
    </p>
   </div>
   <div class='ocr_carea' id='block_1_7' title="bbox 439 614 2017 691">
    <p class='ocr_par' dir='ltr' id='par_1_7' title="bbox 439 614 2017 691">
     <span class='ocr_line' id='line_1_7' title="bbox 439 614 2017 691; baseline -0.011 -13"><span class='ocrx_word' id='word_1_26' title='bbox 439 623 623 678; x_wconf 87' lang='lat' dir='ltr'><strong>dinem</strong></span> <span class='ocrx_word' id='word_1_27' title='bbox 653 621 987 691; x_wconf 78' lang='lat' dir='ltr'><strong>prostituere</strong></span> <span class='ocrx_word' id='word_1_28' title='bbox 1010 614 1344 677; x_wconf 88' lang='lat' dir='ltr'><strong>volentibus,</strong></span> <span class='ocrx_word' id='word_1_29' title='bbox 1394 622 1449 667; x_wconf 90' lang='lat' dir='ltr'>et</span> <span class='ocrx_word' id='word_1_30' title='bbox 1475 627 1541 666; x_wconf 80' lang='lat' dir='ltr'><strong>ex</strong></span> <span class='ocrx_word' id='word_1_31' title='bbox 1568 625 1760 666; x_wconf 87' lang='lat' dir='ltr'><strong>earum</strong></span> <span class='ocrx_word' id='word_1_32' title='bbox 1798 618 2017 678; x_wconf 67' lang='lat' dir='ltr'><strong>qurestu</strong></span> 
     </span>
    </p>
   </div>
   <div class='ocr_carea' id='block_1_8' title="bbox 439 701 2020 771">
    <p class='ocr_par' dir='ltr' id='par_1_8' title="bbox 439 701 2020 771">
     <span class='ocr_line' id='line_1_8' title="bbox 439 701 2020 771; baseline -0.009 -3"><span class='ocrx_word' id='word_1_33' title='bbox 439 728 498 768; x_wconf 88' lang='lat' dir='ltr'>se</span> <span class='ocrx_word' id='word_1_34' title='bbox 530 721 583 765; x_wconf 82' lang='lat' dir='ltr'>et</span> <span class='ocrx_word' id='word_1_35' title='bbox 616 710 754 765; x_wconf 80' lang='lat' dir='ltr'><strong>tilias</strong></span> <span class='ocrx_word' id='word_1_36' title='bbox 784 711 949 765; x_wconf 91' lang='lat' dir='ltr'><strong>alere.</strong></span> <span class='ocrx_word' id='word_1_37' title='bbox 980 708 1087 763; x_wconf 89' lang='lat' dir='ltr'>Eas</span> <span class='ocrx_word' id='word_1_38' title='bbox 1118 709 1266 760; x_wconf 87' lang='lat' dir='ltr'><strong>enim</strong></span> <span class='ocrx_word' id='word_1_39' title='bbox 1300 701 1651 758; x_wconf 88' lang='lat' dir='ltr'><strong>matrimonio</strong></span> <span class='ocrx_word' id='word_1_40' title='bbox 1684 701 2020 771; x_wconf 76' lang='lat' dir='ltr'>conjungere</span> 
     </span>
    </p>
   </div>
   <div class='ocr_carea' id='block_1_9' title="bbox 437 796 2020 872">
    <p class='ocr_par' dir='ltr' id='par_1_9' title="bbox 437 796 2020 872">
     <span class='ocr_line' id='line_1_9' title="bbox 437 796 2020 872; baseline -0.009 -14"><span class='ocrx_word' id='word_1_41' title='bbox 437 820 548 857; x_wconf 87' lang='lat' dir='ltr'>non</span> <span class='ocrx_word' id='word_1_42' title='bbox 600 812 851 872; x_wconf 80' lang='lat' dir='ltr'><strong>poterat,</strong></span> <span class='ocrx_word' id='word_1_43' title='bbox 901 799 1030 870; x_wconf 84' lang='lat' dir='ltr'><strong>quia</strong></span> <span class='ocrx_word' id='word_1_44' title='bbox 1086 805 1314 868; x_wconf 84' lang='lat' dir='ltr'><strong>propter</strong></span> <span class='ocrx_word' id='word_1_45' title='bbox 1356 796 1582 848; x_wconf 85' lang='lat' dir='ltr'><strong>nimiam</strong></span> <span class='ocrx_word' id='word_1_46' title='bbox 1639 801 2020 862; x_wconf 82' lang='lat' dir='ltr'><strong>paupertatem</strong></span> 
     </span>
    </p>
   </div>
   <div class='ocr_carea' id='block_1_10' title="bbox 439 884 2022 963">
    <p class='ocr_par' dir='ltr' id='par_1_10' title="bbox 439 884 2022 963">
     <span class='ocr_line' id='line_1_10' title="bbox 439 884 2022 963; baseline -0.009 -12"><span class='ocrx_word' id='word_1_47' title='bbox 439 910 632 951; x_wconf 85' lang='lat' dir='ltr'><strong>omnes</strong></span> <span class='ocrx_word' id='word_1_48' title='bbox 663 910 758 949; x_wconf 90' lang='lat' dir='ltr'>eas</span> <span class='ocrx_word' id='word_1_49' title='bbox 801 892 1253 963; x_wconf 87' lang='lat' dir='ltr'><strong>dedignarentur.</strong></span> <span class='ocrx_word' id='word_1_50' title='bbox 1289 887 1340 942; x_wconf 90' lang='lat' dir='ltr'>ls</span> <span class='ocrx_word' id='word_1_51' title='bbox 1384 901 1516 956; x_wconf 87' lang='lat' dir='ltr'><strong>ergo</strong></span> <span class='ocrx_word' id='word_1_52' title='bbox 1559 886 1613 938; x_wconf 91' lang='lat' dir='ltr'>in</span> <span class='ocrx_word' id='word_1_53' title='bbox 1662 884 1750 938; x_wconf 88' lang='lat' dir='ltr'>bis</span> <span class='ocrx_word' id='word_1_54' title='bbox 1790 893 1931 948; x_wconf 85' lang='lat' dir='ltr'><strong>erat,</strong></span> <span class='ocrx_word' id='word_1_55' title='bbox 1965 892 2022 936; x_wconf 85' lang='lat' dir='ltr'>et</span> 
     </span>
    </p>
   </div>
   <div class='ocr_carea' id='block_1_11' title="bbox 440 976 2021 1055">
    <p class='ocr_par' dir='ltr' id='par_1_11' title="bbox 440 976 2021 1055">
     <span class='ocr_line' id='line_1_11' title="bbox 440 976 2021 1055; baseline -0.01 -12"><span class='ocrx_word' id='word_1_56' title='bbox 440 987 586 1043; x_wconf 88' lang='lat' dir='ltr'><strong>banc</strong></span> <span class='ocrx_word' id='word_1_57' title='bbox 630 986 936 1055; x_wconf 83' lang='lat' dir='ltr'><strong>improbam</strong></span> <span class='ocrx_word' id='word_1_58' title='bbox 984 983 1168 1036; x_wconf 90' lang='lat' dir='ltr'><strong>animo</strong></span> <span class='ocrx_word' id='word_1_59' title='bbox 1211 979 1465 1034; x_wconf 84' lang='lat' dir='ltr'><strong>versabat</strong></span> <span class='ocrx_word' id='word_1_60' title='bbox 1511 976 1923 1044; x_wconf 82' lang='lat' dir='ltr'><strong>cogitationem,</strong></span> <span class='ocrx_word' id='word_1_61' title='bbox 1964 981 2021 1028; x_wconf 86' lang='lat' dir='ltr'>et</span> 
     </span>
    </p>
   </div>
   <div class='ocr_carea' id='block_1_12' title="bbox 435 1066 2024 1151">
    <p class='ocr_par' dir='ltr' id='par_1_12' title="bbox 435 1066 2024 1151">
     <span class='ocr_line' id='line_1_12' title="bbox 435 1066 2024 1151; baseline -0.01 -17"><span class='ocrx_word' id='word_1_62' title='bbox 435 1080 546 1151; x_wconf 87' lang='lat' dir='ltr'><strong>jam</strong></span> <span class='ocrx_word' id='word_1_63' title='bbox 583 1079 649 1133; x_wconf 88' lang='lat' dir='ltr'>ad</span> <span class='ocrx_word' id='word_1_64' title='bbox 687 1075 1000 1132; x_wconf 84' lang='lat' dir='ltr'><strong>miserabile</strong></span> <span class='ocrx_word' id='word_1_65' title='bbox 1028 1089 1168 1142; x_wconf 82' lang='lat' dir='ltr'><strong>opus</strong></span> <span class='ocrx_word' id='word_1_66' title='bbox 1200 1069 1644 1142; x_wconf 81' lang='lat' dir='ltr'><strong>aggrediebatur.</strong></span> <span class='ocrx_word' id='word_1_67' title='bbox 1677 1066 1785 1122; x_wconf 86' lang='lat' dir='ltr'><strong>Sed</strong></span> <span class='ocrx_word' id='word_1_68' title='bbox 1810 1077 1892 1133; x_wconf 92' lang='lat' dir='ltr'>tu,</span> <span class='ocrx_word' id='word_1_69' title='bbox 1918 1066 2024 1119; x_wconf 88' lang='lat' dir='ltr'>Do-</span> 
     </span>
    </p>
   </div>
   <div class='ocr_carea' id='block_1_13' title="bbox 444 1156 2024 1237">
    <p class='ocr_par' dir='ltr' id='par_1_13' title="bbox 444 1156 2024 1237">
     <span class='ocr_line' id='line_1_13' title="bbox 444 1156 2024 1237; baseline -0.009 -14"><span class='ocrx_word' id='word_1_70' title='bbox 444 1169 616 1235; x_wconf 84' lang='lat' dir='ltr'><strong>mine,</strong></span> <span class='ocrx_word' id='word_1_71' title='bbox 647 1166 741 1237; x_wconf 86' lang='lat' dir='ltr'>qui</span> <span class='ocrx_word' id='word_1_72' title='bbox 771 1181 831 1220; x_wconf 89' lang='lat' dir='ltr'>es</span> <span class='ocrx_word' id='word_1_73' title='bbox 854 1174 1051 1218; x_wconf 82' lang='lat' dir='ltr'><strong>natura</strong></span> <span class='ocrx_word' id='word_1_74' title='bbox 1083 1162 1283 1225; x_wconf 91' lang='lat' dir='ltr'><strong>bonus,</strong></span> <span class='ocrx_word' id='word_1_75' title='bbox 1315 1169 1370 1214; x_wconf 91' lang='lat' dir='ltr'>et</span> <span class='ocrx_word' id='word_1_76' title='bbox 1385 1159 1565 1213; x_wconf 89' lang='lat' dir='ltr'><strong>omnis</strong></span> <span class='ocrx_word' id='word_1_77' title='bbox 1598 1156 1727 1211; x_wconf 88' lang='lat' dir='ltr'><strong>boni</strong></span> <span class='ocrx_word' id='word_1_78' title='bbox 1757 1170 1941 1217; x_wconf 88' lang='lat' dir='ltr'><strong>causa,</strong></span> <span class='ocrx_word' id='word_1_79' title='bbox 1966 1162 2024 1209; x_wconf 89' lang='lat' dir='ltr'>et</span> 
     </span>
    </p>
   </div>
   <div class='ocr_carea' id='block_1_14' title="bbox 439 1248 2025 1332">
    <p class='ocr_par' dir='ltr' id='par_1_14' title="bbox 439 1248 2025 1332">
     <span class='ocr_line' id='line_1_14' title="bbox 439 1248 2025 1332; baseline -0.008 -14"><span class='ocrx_word' id='word_1_80' title='bbox 439 1263 676 1332; x_wconf 80' lang='lat' dir='ltr'><strong>benigne</strong></span> <span class='ocrx_word' id='word_1_81' title='bbox 719 1258 1016 1315; x_wconf 82' lang='lat' dir='ltr'><strong>inﬂecteris</strong></span> <span class='ocrx_word' id='word_1_82' title='bbox 1052 1255 1258 1311; x_wconf 86' lang='lat' dir='ltr'><strong>nostris</strong></span> <span class='ocrx_word' id='word_1_83' title='bbox 1283 1251 1729 1318; x_wconf 87' lang='lat' dir='ltr'><strong>necessitatibus,</strong></span> <span class='ocrx_word' id='word_1_84' title='bbox 1761 1248 1932 1304; x_wconf 77' lang='lat' dir='ltr'><strong>cilicia</strong></span> <span class='ocrx_word' id='word_1_85' title='bbox 1964 1259 2025 1305; x_wconf 90' lang='lat' dir='ltr'>ut</span> 
     </span>
    </p>
   </div>
   <div class='ocr_carea' id='block_1_15' title="bbox 440 1343 2026 1411">
    <p class='ocr_par' dir='ltr' id='par_1_15' title="bbox 440 1343 2026 1411">
     <span class='ocr_line' id='line_1_15' title="bbox 440 1343 2026 1411; baseline -0.011 1"><span class='ocrx_word' id='word_1_86' title='bbox 440 1356 547 1411; x_wconf 88' lang='lat' dir='ltr'>hoc</span> <span class='ocrx_word' id='word_1_87' title='bbox 573 1354 759 1410; x_wconf 78' lang='lat' dir='ltr'><strong>veniat</strong></span> <span class='ocrx_word' id='word_1_88' title='bbox 782 1353 851 1408; x_wconf 90' lang='lat' dir='ltr'>ad</span> <span class='ocrx_word' id='word_1_89' title='bbox 880 1367 1043 1407; x_wconf 88' lang='lat' dir='ltr'><strong>aures</strong></span> <span class='ocrx_word' id='word_1_90' title='bbox 1062 1350 1274 1405; x_wconf 85' lang='lat' dir='ltr'><strong>Nicolai</strong></span> <span class='ocrx_word' id='word_1_91' title='bbox 1304 1367 1317 1403; x_wconf 89' lang='lat'><strong>:</strong></span> <span class='ocrx_word' id='word_1_92' title='bbox 1345 1358 1403 1403; x_wconf 88' lang='lat' dir='ltr'>et</span> <span class='ocrx_word' id='word_1_93' title='bbox 1436 1347 1642 1401; x_wconf 91' lang='lat' dir='ltr'><strong>bonum</strong></span> <span class='ocrx_word' id='word_1_94' title='bbox 1676 1343 1853 1398; x_wconf 88' lang='lat' dir='ltr'><strong>mittis</strong></span> <span class='ocrx_word' id='word_1_95' title='bbox 1882 1359 2026 1397; x_wconf 91' lang='lat' dir='ltr'><strong>nun-</strong></span> 
     </span>
    </p>
   </div>
   <div class='ocr_carea' id='block_1_16' title="bbox 437 1433 2025 1516">
    <p class='ocr_par' dir='ltr' id='par_1_16' title="bbox 437 1433 2025 1516">
     <span class='ocr_line' id='line_1_16' title="bbox 437 1433 2025 1516; baseline -0.01 -13"><span class='ocrx_word' id='word_1_96' title='bbox 437 1449 579 1504; x_wconf 84' lang='lat' dir='ltr'><strong>tium</strong></span> <span class='ocrx_word' id='word_1_97' title='bbox 618 1456 674 1503; x_wconf 87' lang='lat' dir='ltr'>et</span> <span class='ocrx_word' id='word_1_98' title='bbox 707 1456 1023 1516; x_wconf 88' lang='lat' dir='ltr'><strong>promptum</strong></span> <span class='ocrx_word' id='word_1_99' title='bbox 1053 1442 1443 1513; x_wconf 90' lang='lat' dir='ltr'><strong>opitulatorem</strong></span> <span class='ocrx_word' id='word_1_100' title='bbox 1485 1437 1554 1491; x_wconf 91' lang='lat' dir='ltr'>ad</span> <span class='ocrx_word' id='word_1_101' title='bbox 1599 1452 1729 1491; x_wconf 90' lang='lat' dir='ltr'>eum</span> <span class='ocrx_word' id='word_1_102' title='bbox 1771 1433 1864 1506; x_wconf 87' lang='lat' dir='ltr'>qui</span> <span class='ocrx_word' id='word_1_103' title='bbox 1910 1436 2025 1504; x_wconf 86' lang='lat' dir='ltr'><strong>jam</strong></span> 
     </span>
    </p>
   </div>
   <div class='ocr_carea' id='block_1_17' title="bbox 436 1526 2025 1605">
    <p class='ocr_par' dir='ltr' id='par_1_17' title="bbox 436 1526 2025 1605">
     <span class='ocr_line' id='line_1_17' title="bbox 436 1526 2025 1605; baseline -0.01 -9"><span class='ocrx_word' id='word_1_104' title='bbox 436 1540 697 1598; x_wconf 78' lang='lat' dir='ltr'><strong>veniebat</strong></span> <span class='ocrx_word' id='word_1_105' title='bbox 739 1539 794 1593; x_wconf 91' lang='lat' dir='ltr'>in</span> <span class='ocrx_word' id='word_1_106' title='bbox 837 1539 1033 1592; x_wconf 78' lang='lat' dir='ltr'><strong>anima:</strong></span> <span class='ocrx_word' id='word_1_107' title='bbox 1079 1533 1408 1605; x_wconf 85' lang='lat' dir='ltr'><strong>periculum,</strong></span> <span class='ocrx_word' id='word_1_108' title='bbox 1455 1530 1549 1601; x_wconf 88' lang='lat' dir='ltr'>qui</span> <span class='ocrx_word' id='word_1_109' title='bbox 1603 1529 1768 1585; x_wconf 84' lang='lat' dir='ltr'><strong>simul</strong></span> <span class='ocrx_word' id='word_1_110' title='bbox 1808 1536 1862 1583; x_wconf 92' lang='lat' dir='ltr'>et</span> <span class='ocrx_word' id='word_1_111' title='bbox 1901 1526 2025 1597; x_wconf 83' lang='lat' dir='ltr'><strong>ejus</strong></span> 
     </span>
    </p>
   </div>
   <div class='ocr_carea' id='block_1_18' title="bbox 437 1626 2026 1701">
    <p class='ocr_par' dir='ltr' id='par_1_18' title="bbox 437 1626 2026 1701">
     <span class='ocr_line' id='line_1_18' title="bbox 437 1626 2026 1701; baseline -0.011 -12"><span class='ocrx_word' id='word_1_112' title='bbox 437 1636 712 1690; x_wconf 83' lang='lat' dir='ltr'><strong>solaretur</strong></span> <span class='ocrx_word' id='word_1_113' title='bbox 752 1639 1157 1701; x_wconf 89' lang='lat' dir='ltr'><strong>paupertatem,</strong></span> <span class='ocrx_word' id='word_1_114' title='bbox 1187 1638 1245 1682; x_wconf 92' lang='lat' dir='ltr'>et</span> <span class='ocrx_word' id='word_1_115' title='bbox 1283 1627 1548 1681; x_wconf 88' lang='lat' dir='ltr'><strong>liberaret</strong></span> <span class='ocrx_word' id='word_1_116' title='bbox 1586 1638 1617 1677; x_wconf 89' lang='lat' dir='ltr'>a</span> <span class='ocrx_word' id='word_1_117' title='bbox 1659 1638 1718 1677; x_wconf 89' lang='lat' dir='ltr'>re</span> <span class='ocrx_word' id='word_1_118' title='bbox 1749 1636 1873 1691; x_wconf 67' lang='lat' dir='ltr'><strong>quae</strong></span> <span class='ocrx_word' id='word_1_119' title='bbox 1905 1626 2026 1677; x_wconf 87' lang='lat' dir='ltr'><strong>erat</strong></span> 
     </span>
    </p>
   </div>
   <div class='ocr_carea' id='block_1_19' title="bbox 438 1713 2025 1796">
    <p class='ocr_par' dir='ltr' id='par_1_19' title="bbox 438 1713 2025 1796">
     <span class='ocr_line' id='line_1_19' title="bbox 438 1713 2025 1796; baseline -0.011 -17"><span class='ocrx_word' id='word_1_120' title='bbox 438 1724 678 1796; x_wconf 87' lang='lat' dir='ltr'><strong>gravior,</strong></span> <span class='ocrx_word' id='word_1_121' title='bbox 720 1729 1067 1792; x_wconf 86' lang='lat' dir='ltr'><strong>paupertate.</strong></span> <span class='ocrx_word' id='word_1_122' title='bbox 1098 1716 1234 1773; x_wconf 83' lang='lat' dir='ltr'><strong>Vide</strong></span> <span class='ocrx_word' id='word_1_123' title='bbox 1265 1726 1450 1771; x_wconf 90' lang='lat' dir='ltr'><strong>autem</strong></span> <span class='ocrx_word' id='word_1_124' title='bbox 1500 1713 1635 1768; x_wconf 89' lang='lat' dir='ltr'><strong>mibi</strong></span> <span class='ocrx_word' id='word_1_125' title='bbox 1680 1713 1854 1767; x_wconf 88' lang='lat' dir='ltr'><strong>saneti</strong></span> <span class='ocrx_word' id='word_1_126' title='bbox 1899 1723 2025 1766; x_wconf 83' lang='lat' dir='ltr'>cum</span> 
     </span>
    </p>
   </div>
   <div class='ocr_carea' id='block_1_20' title="bbox 441 1787 2102 1888">
    <p class='ocr_par' dir='ltr' id='par_1_20' title="bbox 441 1787 2102 1888">
     <span class='ocr_line' id='line_1_20' title="bbox 441 1787 2102 1888; baseline -0.008 -17"><span class='ocrx_word' id='word_1_127' title='bbox 441 1816 733 1888; x_wconf 88' lang='lat' dir='ltr'><strong>prudentia</strong></span> <span class='ocrx_word' id='word_1_128' title='bbox 777 1811 1338 1869; x_wconf 84' lang='lat' dir='ltr'><strong>commiserationent.</strong></span> <span class='ocrx_word' id='word_1_129' title='bbox 1393 1809 1515 1864; x_wconf 86' lang='lat' dir='ltr'>Non</span> <span class='ocrx_word' id='word_1_130' title='bbox 1570 1807 1719 1862; x_wconf 88' lang='lat' dir='ltr'><strong>enim</strong></span> <span class='ocrx_word' id='word_1_131' title='bbox 1763 1787 2102 1860; x_wconf 78' lang='lat' dir='ltr'><strong>sustinuitB</strong></span> 
     </span>
    </p>
   </div>
   <div class='ocr_carea' id='block_1_21' title="bbox 440 1900 2029 1972">
    <p class='ocr_par' dir='ltr' id='par_1_21' title="bbox 440 1900 2029 1972">
     <span class='ocr_line' id='line_1_21' title="bbox 440 1900 2029 1972; baseline -0.007 -10"><span class='ocrx_word' id='word_1_132' title='bbox 440 1908 508 1964; x_wconf 91' lang='lat' dir='ltr'>ad</span> <span class='ocrx_word' id='word_1_133' title='bbox 538 1924 666 1963; x_wconf 85' lang='lat' dir='ltr'>eum</span> <span class='ocrx_word' id='word_1_134' title='bbox 702 1906 984 1969; x_wconf 89' lang='lat' dir='ltr'><strong>accedere,</strong></span> <span class='ocrx_word' id='word_1_135' title='bbox 1018 1913 1075 1959; x_wconf 90' lang='lat' dir='ltr'>et</span> <span class='ocrx_word' id='word_1_136' title='bbox 1102 1904 1169 1958; x_wconf 92' lang='lat' dir='ltr'>de</span> <span class='ocrx_word' id='word_1_137' title='bbox 1199 1917 1267 1959; x_wconf 90' lang='lat' dir='ltr'>eo</span> <span class='ocrx_word' id='word_1_138' title='bbox 1299 1901 1489 1972; x_wconf 86' lang='lat' dir='ltr'><strong>paucis</strong></span> <span class='ocrx_word' id='word_1_139' title='bbox 1519 1900 1815 1962; x_wconf 85' lang='lat' dir='ltr'><strong>disserere,</strong></span> <span class='ocrx_word' id='word_1_140' title='bbox 1848 1909 2029 1966; x_wconf 87' lang='lat' dir='ltr'><strong>neque</strong></span> 
     </span>
    </p>
   </div>
   <div class='ocr_carea' id='block_1_22' title="bbox 437 1991 2030 2065">
    <p class='ocr_par' dir='ltr' id='par_1_22' title="bbox 437 1991 2030 2065">
     <span class='ocr_line' id='line_1_22' title="bbox 437 1991 2030 2065; baseline -0.006 -10"><span class='ocrx_word' id='word_1_141' title='bbox 437 2000 492 2055; x_wconf 82' lang='lat' dir='ltr'>ei</span> <span class='ocrx_word' id='word_1_142' title='bbox 539 1998 835 2055; x_wconf 87' lang='lat' dir='ltr'><strong>ostendere</strong></span> <span class='ocrx_word' id='word_1_143' title='bbox 889 2011 1116 2051; x_wconf 89' lang='lat' dir='ltr'><strong>manum</strong></span> <span class='ocrx_word' id='word_1_144' title='bbox 1163 2010 1286 2065; x_wconf 68' lang='lat' dir='ltr'><strong>quae</strong></span> <span class='ocrx_word' id='word_1_145' title='bbox 1334 1995 1414 2048; x_wconf 89' lang='lat' dir='ltr'><strong>illi</strong></span> <span class='ocrx_word' id='word_1_146' title='bbox 1468 1991 1856 2056; x_wconf 82' lang='lat' dir='ltr'><strong>benefecisset,</strong></span> <span class='ocrx_word' id='word_1_147' title='bbox 1906 2005 2030 2059; x_wconf 64' lang='lat' dir='ltr'><strong>quae</strong></span> 
     </span>
    </p>
   </div>
   <div class='ocr_carea' id='block_1_23' title="bbox 439 2084 2031 2159">
    <p class='ocr_par' dir='ltr' id='par_1_23' title="bbox 439 2084 2031 2159">
     <span class='ocr_line' id='line_1_23' title="bbox 439 2084 2031 2159; baseline -0.006 -11"><span class='ocrx_word' id='word_1_148' title='bbox 439 2092 620 2148; x_wconf 85' lang='lat' dir='ltr'><strong>solent</strong></span> <span class='ocrx_word' id='word_1_149' title='bbox 666 2090 849 2145; x_wconf 83' lang='lat' dir='ltr'><strong>facere</strong></span> <span class='ocrx_word' id='word_1_150' title='bbox 882 2089 977 2159; x_wconf 88' lang='lat' dir='ltr'>qui</span> <span class='ocrx_word' id='word_1_151' title='bbox 1011 2097 1141 2143; x_wconf 92' lang='lat' dir='ltr'><strong>sunt</strong></span> <span class='ocrx_word' id='word_1_152' title='bbox 1170 2089 1235 2141; x_wconf 88' lang='lat' dir='ltr'>ad</span> <span class='ocrx_word' id='word_1_153' title='bbox 1269 2086 1707 2141; x_wconf 86' lang='lat' dir='ltr'><strong>misericordiam</strong></span> <span class='ocrx_word' id='word_1_154' title='bbox 1740 2084 1944 2153; x_wconf 88' lang='lat' dir='ltr'><strong>pusillo</strong></span> <span class='ocrx_word' id='word_1_155' title='bbox 1974 2092 2031 2139; x_wconf 84' lang='lat' dir='ltr'>et</span> 
     </span>
    </p>
   </div>
   <div class='ocr_carea' id='block_1_24' title="bbox 439 2177 2032 2254">
    <p class='ocr_par' dir='ltr' id='par_1_24' title="bbox 439 2177 2032 2254">
     <span class='ocr_line' id='line_1_24' title="bbox 439 2177 2032 2254; baseline -0.004 -17"><span class='ocrx_word' id='word_1_156' title='bbox 439 2184 654 2254; x_wconf 66' lang='lat' dir='ltr'><strong>abiecto</strong></span> <span class='ocrx_word' id='word_1_157' title='bbox 699 2182 929 2246; x_wconf 85' lang='lat' dir='ltr'><strong>animo;</strong></span> <span class='ocrx_word' id='word_1_158' title='bbox 970 2180 1184 2235; x_wconf 84' lang='lat' dir='ltr'><strong>sciebat</strong></span> <span class='ocrx_word' id='word_1_159' title='bbox 1230 2177 1377 2233; x_wconf 84' lang='lat' dir='ltr'><strong>enim</strong></span> <span class='ocrx_word' id='word_1_160' title='bbox 1430 2177 1545 2231; x_wconf 76' lang='lat' dir='ltr'><strong>lucc</strong></span> <span class='ocrx_word' id='word_1_161' title='bbox 1585 2192 1707 2233; x_wconf 84' lang='lat' dir='ltr'><strong>esse</strong></span> <span class='ocrx_word' id='word_1_162' title='bbox 1747 2179 1933 2246; x_wconf 89' lang='lat' dir='ltr'><strong>gravia</strong></span> <span class='ocrx_word' id='word_1_163' title='bbox 1964 2177 2032 2232; x_wconf 80' lang='lat' dir='ltr'>iis</span> 
     </span>
    </p>
   </div>
   <div class='ocr_carea' id='block_1_25' title="bbox 440 2265 2032 2342">
    <p class='ocr_par' dir='ltr' id='par_1_25' title="bbox 440 2265 2032 2342">
     <span class='ocr_line' id='line_1_25' title="bbox 440 2265 2032 2342; baseline -0.003 -16"><span class='ocrx_word' id='word_1_164' title='bbox 440 2274 536 2342; x_wconf 89' lang='lat' dir='ltr'>qui</span> <span class='ocrx_word' id='word_1_165' title='bbox 568 2272 635 2325; x_wconf 91' lang='lat' dir='ltr'>ab</span> <span class='ocrx_word' id='word_1_166' title='bbox 692 2271 895 2340; x_wconf 88' lang='lat' dir='ltr'><strong>opibus</strong></span> <span class='ocrx_word' id='word_1_167' title='bbox 924 2280 981 2323; x_wconf 90' lang='lat' dir='ltr'>et</span> <span class='ocrx_word' id='word_1_168' title='bbox 1007 2268 1183 2338; x_wconf 79' lang='lat' dir='ltr'><strong>gloria</strong></span> <span class='ocrx_word' id='word_1_169' title='bbox 1214 2266 1543 2322; x_wconf 81' lang='lat' dir='ltr'><strong>deciderunt</strong></span> <span class='ocrx_word' id='word_1_170' title='bbox 1568 2265 1637 2320; x_wconf 91' lang='lat' dir='ltr'>ad</span> <span class='ocrx_word' id='word_1_171' title='bbox 1671 2266 1937 2334; x_wconf 89' lang='lat' dir='ltr'><strong>inopiam.</strong></span> <span class='ocrx_word' id='word_1_172' title='bbox 1971 2276 2032 2321; x_wconf 90' lang='lat' dir='ltr'>ut</span> 
     </span>
    </p>
   </div>
   <div class='ocr_carea' id='block_1_26' title="bbox 441 2356 2029 2445">
    <p class='ocr_par' dir='ltr' id='par_1_26' title="bbox 441 2356 2029 2445">
     <span class='ocr_line' id='line_1_26' title="bbox 441 2356 2029 2445; baseline -0.003 -31"><span class='ocrx_word' id='word_1_173' title='bbox 441 2375 565 2430; x_wconf 70' lang='lat' dir='ltr'><strong>quae</strong></span> <span class='ocrx_word' id='word_1_174' title='bbox 599 2374 696 2414; x_wconf 90' lang='lat' dir='ltr'>eos</span> <span class='ocrx_word' id='word_1_175' title='bbox 742 2357 955 2428; x_wconf 90' lang='lat' dir='ltr'><strong>pudore</strong></span> <span class='ocrx_word' id='word_1_176' title='bbox 1003 2357 1263 2445; x_wconf 62' lang='lat' dir='ltr'><strong>aﬂiciant‘</strong></span> <span class='ocrx_word' id='word_1_177' title='bbox 1310 2368 1368 2413; x_wconf 90' lang='lat' dir='ltr'>et</span> <span class='ocrx_word' id='word_1_178' title='bbox 1415 2358 1657 2427; x_wconf 88' lang='lat' dir='ltr'><strong>priorem</strong></span> <span class='ocrx_word' id='word_1_179' title='bbox 1706 2356 2029 2411; x_wconf 79' lang='lat' dir='ltr'><strong>felicitatem</strong></span> 
     </span>
    </p>
   </div>
   <div class='ocr_carea' id='block_1_27' title="bbox 442 2448 2031 2519">
    <p class='ocr_par' dir='ltr' id='par_1_27' title="bbox 442 2448 2031 2519">
     <span class='ocr_line' id='line_1_27' title="bbox 442 2448 2031 2519; baseline -0.002 -14"><span class='ocrx_word' id='word_1_180' title='bbox 442 2459 705 2507; x_wconf 88' lang='lat' dir='ltr'><strong>revocent</strong></span> <span class='ocrx_word' id='word_1_181' title='bbox 746 2450 799 2504; x_wconf 94' lang='lat' dir='ltr'>in</span> <span class='ocrx_word' id='word_1_182' title='bbox 845 2449 1169 2504; x_wconf 87' lang='lat' dir='ltr'><strong>memoriam</strong></span> <span class='ocrx_word' id='word_1_183' title='bbox 1217 2449 1360 2504; x_wconf 90' lang='lat' dir='ltr'><strong>:sed</strong></span> <span class='ocrx_word' id='word_1_184' title='bbox 1389 2448 1617 2519; x_wconf 87' lang='lat' dir='ltr'><strong>perinde</strong></span> <span class='ocrx_word' id='word_1_185' title='bbox 1659 2463 1726 2504; x_wconf 84' lang='lat' dir='ltr'>ac</span> <span class='ocrx_word' id='word_1_186' title='bbox 1753 2448 2031 2518; x_wconf 88' lang='lat' dir='ltr'><strong>evangeli-</strong></span> 
     </span>
    </p>
   </div>
   <div class='ocr_carea' id='block_1_28' title="bbox 443 2540 2031 2614">
    <p class='ocr_par' dir='ltr' id='par_1_28' title="bbox 443 2540 2031 2614">
     <span class='ocr_line' id='line_1_28' title="bbox 443 2540 2031 2614; baseline -0.004 -14"><span class='ocrx_word' id='word_1_187' title='bbox 443 2560 568 2600; x_wconf 86' lang='lat' dir='ltr'>cum</span> <span class='ocrx_word' id='word_1_188' title='bbox 604 2554 935 2614; x_wconf 66' lang='lat' dir='ltr'><strong>prmceptum</strong></span> <span class='ocrx_word' id='word_1_189' title='bbox 967 2541 1313 2596; x_wconf 88' lang='lat' dir='ltr'><strong>contendens</strong></span> <span class='ocrx_word' id='word_1_190' title='bbox 1348 2556 1632 2611; x_wconf 88' lang='lat' dir='ltr'><strong>superare,</strong></span> <span class='ocrx_word' id='word_1_191' title='bbox 1666 2556 1776 2612; x_wconf 91' lang='lat' dir='ltr'>quo</span> <span class='ocrx_word' id='word_1_192' title='bbox 1804 2540 2031 2611; x_wconf 88' lang='lat' dir='ltr'><strong>jubetur</strong></span> 
     </span>
    </p>
   </div>
   <div class='ocr_carea' id='block_1_29' title="bbox 442 2632 2035 2706">
    <p class='ocr_par' dir='ltr' id='par_1_29' title="bbox 442 2632 2035 2706">
     <span class='ocr_line' id='line_1_29' title="bbox 442 2632 2035 2706; baseline -0.004 -15"><span class='ocrx_word' id='word_1_193' title='bbox 442 2651 514 2691; x_wconf 86' lang='lat' dir='ltr'>ne</span> <span class='ocrx_word' id='word_1_194' title='bbox 557 2637 609 2692; x_wconf 91' lang='lat' dir='ltr'>id</span> <span class='ocrx_word' id='word_1_195' title='bbox 644 2636 791 2706; x_wconf 89' lang='lat' dir='ltr'><strong>quod</strong></span> <span class='ocrx_word' id='word_1_196' title='bbox 823 2634 883 2690; x_wconf 82' lang='lat' dir='ltr'><strong>lit</strong></span> <span class='ocrx_word' id='word_1_197' title='bbox 909 2634 1149 2690; x_wconf 76' lang='lat' dir='ltr'><strong>dextera:</strong></span> <span class='ocrx_word' id='word_1_198' title='bbox 1199 2633 1325 2688; x_wconf 85' lang='lat' dir='ltr'><strong>ﬁdei</strong></span> <span class='ocrx_word' id='word_1_199' title='bbox 1361 2633 1623 2689; x_wconf 86' lang='lat' dir='ltr'><strong>credatur</strong></span> <span class='ocrx_word' id='word_1_200' title='bbox 1645 2634 1664 2665; x_wconf 88' lang='grc'><strong>⁷</strong></span> <span class='ocrx_word' id='word_1_201' title='bbox 1697 2651 1710 2688; x_wconf 87' lang='lat'><strong>:</strong></span> <span class='ocrx_word' id='word_1_202' title='bbox 1740 2648 1812 2687; x_wconf 90' lang='lat' dir='ltr'>ne</span> <span class='ocrx_word' id='word_1_203' title='bbox 1855 2632 2035 2700; x_wconf 88' lang='lat' dir='ltr'><strong>ipsum</strong></span> 
     </span>
    </p>
   </div>
   <div class='ocr_carea' id='block_1_30' title="bbox 440 2724 2035 2801">
    <p class='ocr_par' dir='ltr' id='par_1_30' title="bbox 440 2724 2035 2801">
     <span class='ocr_line' id='line_1_30' title="bbox 440 2724 2035 2801; baseline -0.005 -15"><span class='ocrx_word' id='word_1_204' title='bbox 440 2730 666 2801; x_wconf 82' lang='lat' dir='ltr'><strong>quidem</strong></span> <span class='ocrx_word' id='word_1_205' title='bbox 709 2729 806 2799; x_wconf 86' lang='lat' dir='ltr'>qui</span> <span class='ocrx_word' id='word_1_206' title='bbox 856 2726 1193 2783; x_wconf 70' lang='lat' dir='ltr'><strong>adiciebatur</strong></span> <span class='ocrx_word' id='word_1_207' title='bbox 1227 2726 1500 2781; x_wconf 73' lang='lat' dir='ltr'><strong>beneflcio</strong></span> <span class='ocrx_word' id='word_1_208' title='bbox 1542 2725 1720 2780; x_wconf 86' lang='lat' dir='ltr'><strong>voluit</strong></span> <span class='ocrx_word' id='word_1_209' title='bbox 1769 2724 2035 2779; x_wconf 87' lang='lat' dir='ltr'><strong>adbibere</strong></span> 
     </span>
    </p>
   </div>
   <div class='ocr_carea' id='block_1_31' title="bbox 2126 508 3710 584">
    <p class='ocr_par' dir='ltr' id='par_1_31' title="bbox 2126 508 3710 584">
     <span class='ocr_line' id='line_1_31' title="bbox 2126 508 3710 584; baseline -0.003 -18"><span class='ocrx_word' id='word_1_210' title='bbox 2126 513 2373 584; x_wconf 75' lang='grc' dir='ltr'>βιάζεται</span> <span class='ocrx_word' id='word_1_211' title='bbox 2412 512 2757 583; x_wconf 76' lang='grc' dir='ltr'>προχωρεῖνί</span> <span class='ocrx_word' id='word_1_212' title='bbox 2793 511 3024 583; x_wconf 79' lang='grc' dir='ltr'>γνώμην</span> <span class='ocrx_word' id='word_1_213' title='bbox 3075 509 3203 579; x_wconf 74' lang='grc' dir='ltr'>ἔσχε</span> <span class='ocrx_word' id='word_1_214' title='bbox 3251 510 3348 573; x_wconf 88' lang='grc' dir='ltr'>τάς</span> <span class='ocrx_word' id='word_1_215' title='bbox 3400 508 3710 577; x_wconf 80' lang='grc' dir='ltr'>θυγατέρας</span> 
     </span>
    </p>
   </div>
   <div class='ocr_carea' id='block_1_32' title="bbox 2126 600 3711 678">
    <p class='ocr_par' dir='ltr' id='par_1_32' title="bbox 2126 600 3711 678">
     <span class='ocr_line' id='line_1_32' title="bbox 2126 600 3711 678; baseline -0.003 -20"><span class='ocrx_word' id='word_1_216' title='bbox 2126 608 2301 678; x_wconf 80' lang='grc' dir='ltr'>(τρεῖς</span> <span class='ocrx_word' id='word_1_217' title='bbox 2363 606 2420 660; x_wconf 73' lang='grc' dir='ltr'>δὲ</span> <span class='ocrx_word' id='word_1_218' title='bbox 2468 600 2612 669; x_wconf 80' lang='grc' dir='ltr'>ἦσαν</span> <span class='ocrx_word' id='word_1_219' title='bbox 2671 604 2824 675; x_wconf 80' lang='grc' dir='ltr'>αὐτῷ</span> <span class='ocrx_word' id='word_1_220' title='bbox 2857 602 3133 672; x_wconf 76' lang='grc' dir='ltr'>πάγκαλοι</span> <span class='ocrx_word' id='word_1_221' title='bbox 3184 603 3283 657; x_wconf 72' lang='grc' dir='ltr'>καὶ</span> <span class='ocrx_word' id='word_1_222' title='bbox 3336 602 3711 673; x_wconf 79' lang='grc' dir='ltr'>διαφερόντως</span> 
     </span>
    </p>
   </div>
   <div class='ocr_carea' id='block_1_33' title="bbox 2125 692 3710 766">
    <p class='ocr_par' dir='ltr' id='par_1_33' title="bbox 2125 692 3710 766">
     <span class='ocr_line' id='line_1_33' title="bbox 2125 692 3710 766; baseline -0.003 -16"><span class='ocrx_word' id='word_1_223' title='bbox 2125 696 2334 766; x_wconf 75' lang='grc' dir='ltr'>ἀγαθαὶ</span> <span class='ocrx_word' id='word_1_224' title='bbox 2369 694 2466 766; x_wconf 80' lang='grc' dir='ltr'>τὴν</span> <span class='ocrx_word' id='word_1_225' title='bbox 2497 694 2642 764; x_wconf 73' lang='grc' dir='ltr'>ὄψιν)</span> <span class='ocrx_word' id='word_1_226' title='bbox 2685 693 2881 763; x_wconf 77' lang='grc' dir='ltr'>μισθοῦ</span> <span class='ocrx_word' id='word_1_227' title='bbox 2914 694 3051 766; x_wconf 83' lang='grc' dir='ltr'>πρὸς</span> <span class='ocrx_word' id='word_1_228' title='bbox 3102 692 3407 748; x_wconf 76' lang='grc' dir='ltr'>ἀκολασίαν</span> <span class='ocrx_word' id='word_1_229' title='bbox 3456 692 3710 746; x_wconf 77' lang='grc' dir='ltr'>ἐκδοῦναι</span> 
     </span>
    </p>
   </div>
   <div class='ocr_carea' id='block_1_34' title="bbox 2124 783 3710 859">
    <p class='ocr_par' dir='ltr' id='par_1_34' title="bbox 2124 783 3710 859">
     <span class='ocr_line' id='line_1_34' title="bbox 2124 783 3710 859; baseline -0.004 -16"><span class='ocrx_word' id='word_1_230' title='bbox 2124 791 2234 852; x_wconf 78' lang='grc' dir='ltr'>τοῖς</span> <span class='ocrx_word' id='word_1_231' title='bbox 2267 787 2642 859; x_wconf 83' lang='grc' dir='ltr'>βουλομένοις.</span> <span class='ocrx_word' id='word_1_232' title='bbox 2675 789 2774 841; x_wconf 78' lang='grc' dir='ltr'>καὶ</span> <span class='ocrx_word' id='word_1_233' title='bbox 2807 788 2867 839; x_wconf 84' lang='grc' dir='ltr'>τὸ</span> <span class='ocrx_word' id='word_1_234' title='bbox 2896 786 3154 840; x_wconf 73' lang='grc' dir='ltr'>ἐντεῦθεν</span> <span class='ocrx_word' id='word_1_235' title='bbox 3180 787 3375 848; x_wconf 70' lang='grc' dir='ltr'>αὐταῖς</span> <span class='ocrx_word' id='word_1_236' title='bbox 3407 783 3710 856; x_wconf 58' lang='grc' dir='ltr'>ποριζόμεη</span> 
     </span>
    </p>
   </div>
   <div class='ocr_carea' id='block_1_35' title="bbox 2124 876 3707 947">
    <p class='ocr_par' dir='ltr' id='par_1_35' title="bbox 2124 876 3707 947">
     <span class='ocr_line' id='line_1_35' title="bbox 2124 876 3707 947; baseline -0.006 -11"><span class='ocrx_word' id='word_1_237' title='bbox 2124 899 2215 936; x_wconf 89' lang='grc' dir='ltr'>νον</span> <span class='ocrx_word' id='word_1_238' title='bbox 2257 880 2454 936; x_wconf 79' lang='grc' dir='ltr'>ἑαυτοῦ</span> <span class='ocrx_word' id='word_1_239' title='bbox 2505 896 2565 934; x_wconf 85' lang='grc' dir='ltr'>τε</span> <span class='ocrx_word' id='word_1_240' title='bbox 2621 880 2718 933; x_wconf 81' lang='grc' dir='ltr'>καὶ</span> <span class='ocrx_word' id='word_1_241' title='bbox 2755 880 2866 933; x_wconf 87' lang='grc' dir='ltr'>τῶν</span> <span class='ocrx_word' id='word_1_242' title='bbox 2902 878 3113 932; x_wconf 83' lang='grc' dir='ltr'>παίδων</span> <span class='ocrx_word' id='word_1_243' title='bbox 3171 877 3448 931; x_wconf 90' lang='grc' dir='ltr'>ποιεῖσθαι</span> <span class='ocrx_word' id='word_1_244' title='bbox 3478 876 3707 947; x_wconf 71' lang='grc' dir='ltr'>τροφὴν,</span> 
     </span>
    </p>
   </div>
   <div class='ocr_carea' id='block_1_36' title="bbox 2124 969 3709 1046">
    <p class='ocr_par' dir='ltr' id='par_1_36' title="bbox 2124 969 3709 1046">
     <span class='ocr_line' id='line_1_36' title="bbox 2124 969 3709 1046; baseline -0.004 -19"><span class='ocrx_word' id='word_1_245' title='bbox 2124 974 2315 1046; x_wconf 82' lang='grc' dir='ltr'>ὥσπερ</span> <span class='ocrx_word' id='word_1_246' title='bbox 2350 976 2414 1027; x_wconf 82' lang='grc' dir='ltr'>ἐκ</span> <span class='ocrx_word' id='word_1_247' title='bbox 2443 973 2707 1045; x_wconf 78' lang='grc' dir='ltr'>βορϐόρου</span> <span class='ocrx_word' id='word_1_248' title='bbox 2739 977 2875 1041; x_wconf 80' lang='grc' dir='ltr'>φασὶ</span> <span class='ocrx_word' id='word_1_249' title='bbox 2921 971 3337 1042; x_wconf 85' lang='grc' dir='ltr'>βορϐορολογεῖν</span> <span class='ocrx_word' id='word_1_250' title='bbox 3362 969 3709 1039; x_wconf 74' lang='grc' dir='ltr'>βουλόμενος.</span> 
     </span>
    </p>
   </div>
   <div class='ocr_carea' id='block_1_37' title="bbox 2127 1061 3707 1137">
    <p class='ocr_par' dir='ltr' id='par_1_37' title="bbox 2127 1061 3707 1137">
     <span class='ocr_line' id='line_1_37' title="bbox 2127 1061 3707 1137; baseline -0.006 -16"><span class='ocrx_word' id='word_1_251' title='bbox 2127 1067 2223 1122; x_wconf 79' lang='grc' dir='ltr'>καὶ</span> <span class='ocrx_word' id='word_1_252' title='bbox 2279 1067 2447 1137; x_wconf 82' lang='grc' dir='ltr'>πόρον</span> <span class='ocrx_word' id='word_1_253' title='bbox 2499 1065 2680 1136; x_wconf 79' lang='grc' dir='ltr'>ἐαυτῷ</span> <span class='ocrx_word' id='word_1_254' title='bbox 2731 1064 3000 1135; x_wconf 79' lang='grc' dir='ltr'>πορίζειν,</span> <span class='ocrx_word' id='word_1_255' title='bbox 3032 1063 3192 1125; x_wconf 80' lang='grc' dir='ltr'>ποίας</span> <span class='ocrx_word' id='word_1_256' title='bbox 3239 1064 3350 1131; x_wconf 84' lang='grc' dir='ltr'>ἀρα</span> <span class='ocrx_word' id='word_1_257' title='bbox 3404 1062 3603 1123; x_wconf 84' lang='grc' dir='ltr'>πενίας</span> <span class='ocrx_word' id='word_1_258' title='bbox 3647 1061 3707 1113; x_wconf 88' lang='grc' dir='ltr'>ού</span> 
     </span>
    </p>
   </div>
   <div class='ocr_carea' id='block_1_38' title="bbox 2127 1154 3713 1232">
    <p class='ocr_par' dir='ltr' id='par_1_38' title="bbox 2127 1154 3713 1232">
     <span class='ocr_line' id='line_1_38' title="bbox 2127 1154 3713 1232; baseline -0.004 -18"><span class='ocrx_word' id='word_1_259' title='bbox 2127 1159 2550 1232; x_wconf 84' lang='grc' dir='ltr'>χαλεπώτερον;</span> <span class='ocrx_word' id='word_1_260' title='bbox 2588 1159 2662 1212; x_wconf 83' lang='grc' dir='ltr'>Τὸ</span> <span class='ocrx_word' id='word_1_261' title='bbox 2696 1160 2808 1230; x_wconf 86' lang='grc' dir='ltr'>γὰρ</span> <span class='ocrx_word' id='word_1_262' title='bbox 2830 1159 3094 1229; x_wconf 80' lang='grc' dir='ltr'>ἀνδράσιν</span> <span class='ocrx_word' id='word_1_263' title='bbox 3135 1157 3307 1219; x_wconf 76' lang='grc' dir='ltr'>αὐτὰς</span> <span class='ocrx_word' id='word_1_264' title='bbox 3338 1154 3557 1225; x_wconf 77' lang='grc' dir='ltr'>νομίμῳ</span> <span class='ocrx_word' id='word_1_265' title='bbox 3587 1170 3713 1208; x_wconf 85' lang='grc' dir='ltr'>συν-</span> 
     </span>
    </p>
   </div>
   <div class='ocr_carea' id='block_1_39' title="bbox 2128 1243 3709 1322">
    <p class='ocr_par' dir='ltr' id='par_1_39' title="bbox 2128 1243 3709 1322">
     <span class='ocr_line' id='line_1_39' title="bbox 2128 1243 3709 1322; baseline -0.008 -16"><span class='ocrx_word' id='word_1_266' title='bbox 2128 1252 2371 1321; x_wconf 83' lang='grc' dir='ltr'>αρμόσαι</span> <span class='ocrx_word' id='word_1_267' title='bbox 2405 1251 2571 1319; x_wconf 76' lang='grc' dir='ltr'>γάμῳ</span> <span class='ocrx_word' id='word_1_268' title='bbox 2598 1248 2862 1322; x_wconf 78' lang='grc' dir='ltr'>ἠϐούλετο</span> <span class='ocrx_word' id='word_1_269' title='bbox 2890 1249 3015 1318; x_wconf 82' lang='grc' dir='ltr'>μὲν,</span> <span class='ocrx_word' id='word_1_270' title='bbox 3051 1248 3153 1303; x_wconf 81' lang='grc' dir='ltr'>οὐκ</span> <span class='ocrx_word' id='word_1_271' title='bbox 3177 1247 3413 1318; x_wconf 77' lang='grc' dir='ltr'>ἠδύνατο</span> <span class='ocrx_word' id='word_1_272' title='bbox 3437 1246 3494 1299; x_wconf 83' lang='grc' dir='ltr'>δὲ</span> <span class='ocrx_word' id='word_1_273' title='bbox 3534 1246 3623 1299; x_wconf 83' lang='grc' dir='ltr'>διὰ</span> <span class='ocrx_word' id='word_1_274' title='bbox 3647 1243 3709 1295; x_wconf 76' lang='grc' dir='ltr'>τὸ</span> 
     </span>
    </p>
   </div>
   <div class='ocr_carea' id='block_1_40' title="bbox 2130 1338 3709 1414">
    <p class='ocr_par' dir='ltr' id='par_1_40' title="bbox 2130 1338 3709 1414">
     <span class='ocr_line' id='line_1_40' title="bbox 2130 1338 3709 1414; baseline -0.004 -18"><span class='ocrx_word' id='word_1_275' title='bbox 2130 1344 2267 1397; x_wconf 84' lang='grc' dir='ltr'>πολὺ</span> <span class='ocrx_word' id='word_1_276' title='bbox 2308 1345 2406 1414; x_wconf 80' lang='grc' dir='ltr'>τῆς</span> <span class='ocrx_word' id='word_1_277' title='bbox 2438 1342 2633 1406; x_wconf 73' lang='grc' dir='ltr'>πενίας</span> <span class='ocrx_word' id='word_1_278' title='bbox 2683 1340 2790 1396; x_wconf 72' lang='grc' dir='ltr'>ὑπὸ</span> <span class='ocrx_word' id='word_1_279' title='bbox 2820 1342 3040 1397; x_wconf 89' lang='grc' dir='ltr'>πάντων</span> <span class='ocrx_word' id='word_1_280' title='bbox 3073 1341 3235 1403; x_wconf 85' lang='grc' dir='ltr'>εὐθὺς</span> <span class='ocrx_word' id='word_1_281' title='bbox 3264 1338 3709 1407; x_wconf 76' lang='grc' dir='ltr'>ἀτιμαζομένας,</span> 
     </span>
    </p>
   </div>
   <div class='ocr_carea' id='block_1_41' title="bbox 2127 1432 3711 1507">
    <p class='ocr_par' dir='ltr' id='par_1_41' title="bbox 2127 1432 3711 1507">
     <span class='ocr_line' id='line_1_41' title="bbox 2127 1432 3711 1507; baseline -0.004 -16"><span class='ocrx_word' id='word_1_282' title='bbox 2127 1436 2222 1490; x_wconf 80' lang='grc' dir='ltr'>τοῦ</span> <span class='ocrx_word' id='word_1_283' title='bbox 2255 1437 2525 1507; x_wconf 88' lang='grc' dir='ltr'>σωμάτων</span> <span class='ocrx_word' id='word_1_284' title='bbox 2556 1436 2758 1507; x_wconf 82' lang='grc' dir='ltr'>ἔρωτος</span> <span class='ocrx_word' id='word_1_285' title='bbox 2782 1434 3020 1488; x_wconf 76' lang='grc' dir='ltr'>ἐνταῦθα</span> <span class='ocrx_word' id='word_1_286' title='bbox 3041 1436 3181 1504; x_wconf 59' lang='grc' dir='ltr'>πρδς</span> <span class='ocrx_word' id='word_1_287' title='bbox 3203 1449 3308 1503; x_wconf 84' lang='grc' dir='ltr'>χρη</span> <span class='ocrx_word' id='word_1_288' title='bbox 3319 1432 3509 1501; x_wconf 88' lang='grc' dir='ltr'>μάτων</span> <span class='ocrx_word' id='word_1_289' title='bbox 3533 1432 3711 1504; x_wconf 75' lang='grc' dir='ltr'>ἔρωτα</span> 
     </span>
    </p>
   </div>
   <div class='ocr_carea' id='block_1_42' title="bbox 2127 1521 3713 1598">
    <p class='ocr_par' dir='ltr' id='par_1_42' title="bbox 2127 1521 3713 1598">
     <span class='ocr_line' id='line_1_42' title="bbox 2127 1521 3713 1598; baseline -0.004 -16"><span class='ocrx_word' id='word_1_290' title='bbox 2127 1531 2236 1583; x_wconf 87' lang='grc' dir='ltr'>τῶν</span> <span class='ocrx_word' id='word_1_291' title='bbox 2267 1527 2598 1596; x_wconf 73' lang='grc' dir='ltr'>δευτερείων</span> <span class='ocrx_word' id='word_1_292' title='bbox 2630 1526 2981 1598; x_wconf 76' lang='grc' dir='ltr'>ἀξιουμένου.</span> <span class='ocrx_word' id='word_1_293' title='bbox 3024 1525 3082 1578; x_wconf 83' lang='grc' dir='ltr'>ὐ</span> <span class='ocrx_word' id='word_1_294' title='bbox 3115 1525 3216 1593; x_wconf 81' lang='grc' dir='ltr'>μὲν</span> <span class='ocrx_word' id='word_1_295' title='bbox 3250 1521 3345 1578; x_wconf 85' lang='grc' dir='ltr'>οὖν</span> <span class='ocrx_word' id='word_1_296' title='bbox 3386 1528 3445 1578; x_wconf 76' lang='grc' dir='ltr'>ἑν</span> <span class='ocrx_word' id='word_1_297' title='bbox 3494 1525 3713 1587; x_wconf 76' lang='grc' dir='ltr'>τούτοις</span> 
     </span>
    </p>
   </div>
   <div class='ocr_carea' id='block_1_43' title="bbox 2127 1617 3712 1695">
    <p class='ocr_par' dir='ltr' id='par_1_43' title="bbox 2127 1617 3712 1695">
     <span class='ocr_line' id='line_1_43' title="bbox 2127 1617 3712 1695; baseline -0.004 -18"><span class='ocrx_word' id='word_1_298' title='bbox 2127 1619 2218 1695; x_wconf 75' lang='grc' dir='ltr'>ἦν,</span> <span class='ocrx_word' id='word_1_299' title='bbox 2254 1622 2350 1679; x_wconf 80' lang='grc' dir='ltr'>καὶ</span> <span class='ocrx_word' id='word_1_300' title='bbox 2380 1622 2478 1695; x_wconf 83' lang='grc' dir='ltr'>τὴν</span> <span class='ocrx_word' id='word_1_301' title='bbox 2509 1623 2756 1693; x_wconf 72' lang='grc' dir='ltr'>πονηρὰν</span> <span class='ocrx_word' id='word_1_302' title='bbox 2787 1621 2996 1690; x_wconf 77' lang='grc' dir='ltr'>ταύτην</span> <span class='ocrx_word' id='word_1_303' title='bbox 3024 1618 3233 1673; x_wconf 79' lang='grc' dir='ltr'>ὠδίνων</span> <span class='ocrx_word' id='word_1_304' title='bbox 3262 1617 3475 1673; x_wconf 72' lang='grc' dir='ltr'>ἔννοιαν</span> <span class='ocrx_word' id='word_1_305' title='bbox 3495 1632 3512 1650; x_wconf 77' lang='grc' dir='ltr'><strong>ο</strong></span> <span class='ocrx_word' id='word_1_306' title='bbox 3572 1617 3712 1671; x_wconf 88' lang='grc' dir='ltr'>ἀλλά</span> 
     </span>
    </p>
   </div>
   <div class='ocr_carea' id='block_1_44' title="bbox 2130 1711 3713 1787">
    <p class='ocr_par' dir='ltr' id='par_1_44' title="bbox 2130 1711 3713 1787">
     <span class='ocr_line' id='line_1_44' title="bbox 2130 1711 3713 1787; baseline -0.003 -18"><span class='ocrx_word' id='word_1_307' title='bbox 2130 1719 2229 1771; x_wconf 73' lang='grc' dir='ltr'>καὶ</span> <span class='ocrx_word' id='word_1_308' title='bbox 2291 1718 2429 1785; x_wconf 72' lang='grc' dir='ltr'>πρὸς</span> <span class='ocrx_word' id='word_1_309' title='bbox 2483 1714 2644 1787; x_wconf 79' lang='grc' dir='ltr'>ἔργον</span> <span class='ocrx_word' id='word_1_310' title='bbox 2694 1715 2800 1785; x_wconf 71' lang='grc' dir='ltr'>ήδη</span> <span class='ocrx_word' id='word_1_311' title='bbox 2842 1715 3063 1783; x_wconf 75' lang='grc' dir='ltr'>ἐχώρει.</span> <span class='ocrx_word' id='word_1_312' title='bbox 3099 1712 3268 1766; x_wconf 73' lang='grc' dir='ltr'>Οὐδὲν</span> <span class='ocrx_word' id='word_1_313' title='bbox 3298 1712 3409 1782; x_wconf 83' lang='grc' dir='ltr'>γὰρ</span> <span class='ocrx_word' id='word_1_314' title='bbox 3465 1711 3713 1781; x_wconf 78' lang='grc' dir='ltr'>ἀνάγκης</span> 
     </span>
    </p>
   </div>
   <div class='ocr_carea' id='block_1_45' title="bbox 2131 1801 3713 1876">
    <p class='ocr_par' dir='ltr' id='par_1_45' title="bbox 2131 1801 3713 1876">
     <span class='ocr_line' id='line_1_45' title="bbox 2131 1801 3713 1876; baseline -0.004 -16"><span class='ocrx_word' id='word_1_315' title='bbox 2131 1807 2297 1876; x_wconf 76' lang='grc' dir='ltr'>φασὶν</span> <span class='ocrx_word' id='word_1_316' title='bbox 2364 1806 2736 1876; x_wconf 82' lang='grc' dir='ltr'>ισχυρότερον.</span> <span class='ocrx_word' id='word_1_317' title='bbox 2795 1802 2861 1856; x_wconf 88' lang='grc' dir='ltr'>Τί</span> <span class='ocrx_word' id='word_1_318' title='bbox 2911 1802 2968 1856; x_wconf 79' lang='grc' dir='ltr'>δὲ</span> <span class='ocrx_word' id='word_1_319' title='bbox 3023 1803 3112 1867; x_wconf 81' lang='grc' dir='ltr'>σύ,</span> <span class='ocrx_word' id='word_1_320' title='bbox 3169 1804 3198 1855; x_wconf 88' lang='grc' dir='ltr'>ό</span> <span class='ocrx_word' id='word_1_321' title='bbox 3230 1801 3638 1873; x_wconf 78' lang='grc' dir='ltr'>φιλάνθρωπος,</span> <span class='ocrx_word' id='word_1_322' title='bbox 3684 1802 3713 1853; x_wconf 86' lang='grc' dir='ltr'>ό</span> 
     </span>
    </p>
   </div>
   <div class='ocr_carea' id='block_1_46' title="bbox 2132 1894 3714 1967">
    <p class='ocr_par' dir='ltr' id='par_1_46' title="bbox 2132 1894 3714 1967">
     <span class='ocr_line' id='line_1_46' title="bbox 2132 1894 3714 1967; baseline -0.005 -14"><span class='ocrx_word' id='word_1_323' title='bbox 2132 1899 2336 1967; x_wconf 76' lang='grc' dir='ltr'>ἀγαθὸς</span> <span class='ocrx_word' id='word_1_324' title='bbox 2368 1899 2428 1951; x_wconf 82' lang='grc' dir='ltr'>ἒν</span> <span class='ocrx_word' id='word_1_325' title='bbox 2460 1901 2596 1951; x_wconf 84' lang='grc' dir='ltr'>πᾶσι</span> <span class='ocrx_word' id='word_1_326' title='bbox 2642 1897 2800 1963; x_wconf 75' lang='grc' dir='ltr'>Θεὸς,</span> <span class='ocrx_word' id='word_1_327' title='bbox 2850 1897 2879 1948; x_wconf 87' lang='grc' dir='ltr'>ό</span> <span class='ocrx_word' id='word_1_328' title='bbox 2935 1897 3058 1958; x_wconf 84' lang='grc' dir='ltr'>ταῖς</span> <span class='ocrx_word' id='word_1_329' title='bbox 3095 1894 3254 1965; x_wconf 75' lang='grc' dir='ltr'>ἡμῶν</span> <span class='ocrx_word' id='word_1_330' title='bbox 3287 1895 3557 1963; x_wconf 81' lang='grc' dir='ltr'>ἀνάγκαις</span> <span class='ocrx_word' id='word_1_331' title='bbox 3593 1894 3714 1962; x_wconf 73' lang='grc' dir='ltr'>φιλο</span> 
     </span>
    </p>
   </div>
   <div class='ocr_carea' id='block_1_47' title="bbox 2131 1985 3717 2063">
    <p class='ocr_par' dir='ltr' id='par_1_47' title="bbox 2131 1985 3717 2063">
     <span class='ocr_line' id='line_1_47' title="bbox 2131 1985 3717 2063; baseline -0.006 -17"><span class='ocrx_word' id='word_1_332' title='bbox 2131 1990 2435 2063; x_wconf 80' lang='grc' dir='ltr'>ανθρώπως</span> <span class='ocrx_word' id='word_1_333' title='bbox 2493 1988 3020 2059; x_wconf 77' lang='grc' dir='ltr'>ἑπικαμπτόμενος,</span> <span class='ocrx_word' id='word_1_334' title='bbox 3070 1988 3195 2040; x_wconf 85' lang='grc' dir='ltr'>τίνα</span> <span class='ocrx_word' id='word_1_335' title='bbox 3254 1985 3507 2056; x_wconf 79' lang='grc' dir='ltr'>μηχανὴν</span> <span class='ocrx_word' id='word_1_336' title='bbox 3563 1987 3717 2055; x_wconf 86' lang='grc' dir='ltr'>εὐρί-</span> 
     </span>
    </p>
   </div>
   <div class='ocr_carea' id='block_1_48' title="bbox 2133 2072 3713 2150">
    <p class='ocr_par' dir='ltr' id='par_1_48' title="bbox 2133 2072 3713 2150">
     <span class='ocr_line' id='line_1_48' title="bbox 2133 2072 3713 2150; baseline -0.007 -14"><span class='ocrx_word' id='word_1_337' title='bbox 2133 2098 2308 2145; x_wconf 83' lang='grc' dir='ltr'>σκεις,</span> <span class='ocrx_word' id='word_1_338' title='bbox 2342 2079 2441 2134; x_wconf 74' lang='grc' dir='ltr'>καὶ</span> <span class='ocrx_word' id='word_1_339' title='bbox 2483 2079 2605 2134; x_wconf 87' lang='grc' dir='ltr'>τίνα</span> <span class='ocrx_word' id='word_1_340' title='bbox 2652 2078 2719 2150; x_wconf 83' lang='grc' dir='ltr'>δὴ</span> <span class='ocrx_word' id='word_1_341' title='bbox 2776 2076 3081 2149; x_wconf 86' lang='grc' dir='ltr'>θεραπείαν</span> <span class='ocrx_word' id='word_1_342' title='bbox 3113 2074 3208 2128; x_wconf 80' lang='grc' dir='ltr'>τοῦ</span> <span class='ocrx_word' id='word_1_343' title='bbox 3245 2074 3461 2143; x_wconf 82' lang='grc' dir='ltr'>ἀμάχου</span> <span class='ocrx_word' id='word_1_344' title='bbox 3513 2072 3713 2125; x_wconf 81' lang='grc' dir='ltr'>τούτου</span> 
     </span>
    </p>
   </div>
   <div class='ocr_carea' id='block_1_49' title="bbox 2132 2165 3714 2241">
    <p class='ocr_par' dir='ltr' id='par_1_49' title="bbox 2132 2165 3714 2241">
     <span class='ocr_line' id='line_1_49' title="bbox 2132 2165 3714 2241; baseline -0.009 -10"><span class='ocrx_word' id='word_1_345' title='bbox 2132 2175 2347 2241; x_wconf 82' lang='grc' dir='ltr'>κακοῦ;</span> <span class='ocrx_word' id='word_1_346' title='bbox 2379 2175 2472 2238; x_wconf 88' lang='grc' dir='ltr'>Εἰς</span> <span class='ocrx_word' id='word_1_347' title='bbox 2504 2168 2621 2228; x_wconf 81' lang='grc' dir='ltr'>ὦτα</span> <span class='ocrx_word' id='word_1_348' title='bbox 2666 2173 2856 2226; x_wconf 79' lang='grc' dir='ltr'>πεσεῖν</span> <span class='ocrx_word' id='word_1_349' title='bbox 2885 2172 2946 2225; x_wconf 87' lang='grc' dir='ltr'>τδ</span> <span class='ocrx_word' id='word_1_350' title='bbox 2986 2170 3275 2239; x_wconf 84' lang='grc' dir='ltr'>γινόμενον</span> <span class='ocrx_word' id='word_1_351' title='bbox 3300 2167 3382 2238; x_wconf 69' lang='grc' dir='ltr'>τῷ</span> <span class='ocrx_word' id='word_1_352' title='bbox 3415 2165 3714 2237; x_wconf 76' lang='grc' dir='ltr'>θεράποντε</span> 
     </span>
    </p>
   </div>
   <div class='ocr_carea' id='block_1_50' title="bbox 2133 2258 3710 2337">
    <p class='ocr_par' dir='ltr' id='par_1_50' title="bbox 2133 2258 3710 2337">
     <span class='ocr_line' id='line_1_50' title="bbox 2133 2258 3710 2337; baseline -0.008 -17"><span class='ocrx_word' id='word_1_353' title='bbox 2133 2283 2230 2320; x_wconf 79' lang='grc' dir='ltr'>σου</span> <span class='ocrx_word' id='word_1_354' title='bbox 2258 2264 2728 2337; x_wconf 68' lang='grc' dir='ltr'>παρασκευάζεις,</span> <span class='ocrx_word' id='word_1_355' title='bbox 2776 2264 2873 2316; x_wconf 76' lang='grc' dir='ltr'>καὶ</span> <span class='ocrx_word' id='word_1_356' title='bbox 2898 2262 3130 2331; x_wconf 85' lang='grc' dir='ltr'>ἀγγελον</span> <span class='ocrx_word' id='word_1_357' title='bbox 3177 2260 3343 2314; x_wconf 78' lang='grc' dir='ltr'>αὐτὸν</span> <span class='ocrx_word' id='word_1_358' title='bbox 3375 2258 3584 2328; x_wconf 82' lang='grc' dir='ltr'>ἀγαθὸν</span> <span class='ocrx_word' id='word_1_359' title='bbox 3609 2258 3710 2310; x_wconf 84' lang='grc' dir='ltr'>ἀν·</span> 
     </span>
    </p>
   </div>
   <div class='ocr_carea' id='block_1_51' title="bbox 2132 2351 3783 2427">
    <p class='ocr_par' dir='ltr' id='par_1_51' title="bbox 2132 2351 3783 2427">
     <span class='ocr_line' id='line_1_51' title="bbox 2132 2351 3783 2427; baseline -0.006 -14"><span class='ocrx_word' id='word_1_360' title='bbox 2132 2360 2218 2426; x_wconf 75' lang='grc' dir='ltr'>δρὶ</span> <span class='ocrx_word' id='word_1_361' title='bbox 2250 2359 2346 2412; x_wconf 82' lang='grc' dir='ltr'>καὶ</span> <span class='ocrx_word' id='word_1_362' title='bbox 2376 2359 2519 2412; x_wconf 81' lang='grc' dir='ltr'>κατά</span> <span class='ocrx_word' id='word_1_363' title='bbox 2552 2357 2714 2427; x_wconf 89' lang='grc' dir='ltr'>σῶμα</span> <span class='ocrx_word' id='word_1_364' title='bbox 2746 2354 3058 2427; x_wconf 79' lang='grc' dir='ltr'>πιεζομένφ</span> <span class='ocrx_word' id='word_1_365' title='bbox 3095 2355 3191 2408; x_wconf 80' lang='grc' dir='ltr'>καὶ</span> <span class='ocrx_word' id='word_1_366' title='bbox 3241 2355 3370 2424; x_wconf 69' lang='grc' dir='ltr'>περὶ</span> <span class='ocrx_word' id='word_1_367' title='bbox 3396 2351 3576 2423; x_wconf 74' lang='grc' dir='ltr'>ψυχὴν</span> <span class='ocrx_word' id='word_1_368' title='bbox 3596 2367 3718 2404; x_wconf 83' lang='grc' dir='ltr'>κιν-</span> <span class='ocrx_word' id='word_1_369' title='bbox 3774 2389 3783 2393; x_wconf 70' lang='grc'>-</span> 
     </span>
    </p>
   </div>
   <div class='ocr_carea' id='block_1_52' title="bbox 2134 2444 3722 2519">
    <p class='ocr_par' dir='ltr' id='par_1_52' title="bbox 2134 2444 3722 2519">
     <span class='ocr_line' id='line_1_52' title="bbox 2134 2444 3722 2519; baseline -0.005 -15"><span class='ocrx_word' id='word_1_370' title='bbox 2134 2449 2415 2504; x_wconf 87' lang='grc' dir='ltr'>δυνεύοντι</span> <span class='ocrx_word' id='word_1_371' title='bbox 2463 2447 2797 2519; x_wconf 77' lang='grc' dir='ltr'>θαυμαστῶς</span> <span class='ocrx_word' id='word_1_372' title='bbox 2824 2446 3164 2518; x_wconf 80' lang='grc' dir='ltr'>ἐπιπέμπεις</span> <span class='ocrx_word' id='word_1_373' title='bbox 3184 2484 3200 2509; x_wconf 84' lang='grc'>,</span> <span class='ocrx_word' id='word_1_374' title='bbox 3232 2444 3371 2517; x_wconf 82' lang='grc' dir='ltr'>ὁμοῦ</span> <span class='ocrx_word' id='word_1_375' title='bbox 3400 2463 3461 2499; x_wconf 87' lang='grc' dir='ltr'>τε</span> <span class='ocrx_word' id='word_1_376' title='bbox 3491 2445 3592 2514; x_wconf 77' lang='grc' dir='ltr'>τὴν</span> <span class='ocrx_word' id='word_1_377' title='bbox 3620 2461 3722 2497; x_wconf 46' lang='grc' dir='ltr'>πεν-</span> 
     </span>
    </p>
   </div>
   <div class='ocr_carea' id='block_1_53' title="bbox 2134 2536 3719 2615">
    <p class='ocr_par' dir='ltr' id='par_1_53' title="bbox 2134 2536 3719 2615">
     <span class='ocr_line' id='line_1_53' title="bbox 2134 2536 3719 2615; baseline -0.008 -14"><span class='ocrx_word' id='word_1_378' title='bbox 2134 2544 2256 2601; x_wconf 87' lang='grc' dir='ltr'>νίαν</span> <span class='ocrx_word' id='word_1_379' title='bbox 2287 2541 2813 2615; x_wconf 81' lang='grc' dir='ltr'>παραμυθούμενον,</span> <span class='ocrx_word' id='word_1_380' title='bbox 2833 2541 2927 2595; x_wconf 72' lang='grc' dir='ltr'>καὶ</span> <span class='ocrx_word' id='word_1_381' title='bbox 2957 2542 3058 2612; x_wconf 81' lang='grc' dir='ltr'>τῆς</span> <span class='ocrx_word' id='word_1_382' title='bbox 3091 2540 3230 2611; x_wconf 69' lang='grc' dir='ltr'>πρὸς</span> <span class='ocrx_word' id='word_1_383' title='bbox 3250 2538 3531 2596; x_wconf 76' lang='grc' dir='ltr'>ἀπώλειαν</span> <span class='ocrx_word' id='word_1_384' title='bbox 3552 2536 3719 2592; x_wconf 80' lang='grc' dir='ltr'>αὐτὸν</span> 
     </span>
    </p>
   </div>
   <div class='ocr_carea' id='block_1_54' title="bbox 2136 2630 3723 2708">
    <p class='ocr_par' dir='ltr' id='par_1_54' title="bbox 2136 2630 3723 2708">
     <span class='ocr_line' id='line_1_54' title="bbox 2136 2630 3723 2708; baseline 0 -19"><span class='ocrx_word' id='word_1_385' title='bbox 2136 2636 2414 2708; x_wconf 83' lang='grc' dir='ltr'>φερούσης</span> <span class='ocrx_word' id='word_1_386' title='bbox 2466 2635 2773 2703; x_wconf 77' lang='grc' dir='ltr'>ἀπάγοντα.</span> <span class='ocrx_word' id='word_1_387' title='bbox 2823 2634 2971 2706; x_wconf 82' lang='grc' dir='ltr'>Πλὴν</span> <span class='ocrx_word' id='word_1_388' title='bbox 3031 2634 3133 2705; x_wconf 80' lang='grc' dir='ltr'>ὅρα</span> <span class='ocrx_word' id='word_1_389' title='bbox 3169 2650 3259 2704; x_wconf 90' lang='grc' dir='ltr'>μοι</span> <span class='ocrx_word' id='word_1_390' title='bbox 3292 2636 3388 2686; x_wconf 86' lang='grc' dir='ltr'>κα¹ι</span> <span class='ocrx_word' id='word_1_391' title='bbox 3414 2632 3574 2685; x_wconf 82' lang='grc' dir='ltr'>τοῦτο</span> <span class='ocrx_word' id='word_1_392' title='bbox 3620 2630 3723 2701; x_wconf 75' lang='grc' dir='ltr'>τῆς</span> 
     </span>
    </p>
   </div>
   <div class='ocr_carea' id='block_1_55' title="bbox 2140 2723 3721 2800">
    <p class='ocr_par' dir='ltr' id='par_1_55' title="bbox 2140 2723 3721 2800">
     <span class='ocr_line' id='line_1_55' title="bbox 2140 2723 3721 2800; baseline -0.006 -18"><span class='ocrx_word' id='word_1_393' title='bbox 2140 2729 2384 2800; x_wconf 83' lang='grc' dir='ltr'>μεγάλης</span> <span class='ocrx_word' id='word_1_394' title='bbox 2422 2728 2519 2782; x_wconf 83' lang='grc' dir='ltr'>τοῦ</span> <span class='ocrx_word' id='word_1_395' title='bbox 2552 2730 2711 2798; x_wconf 83' lang='grc' dir='ltr'>ἁγίου</span> <span class='ocrx_word' id='word_1_396' title='bbox 2741 2727 2921 2799; x_wconf 75' lang='grc' dir='ltr'>ψυχῆς</span> <span class='ocrx_word' id='word_1_397' title='bbox 2942 2767 2958 2792; x_wconf 88' lang='grc'>,</span> <span class='ocrx_word' id='word_1_398' title='bbox 2990 2726 3127 2790; x_wconf 82' lang='grc' dir='ltr'>’πῶς</span> <span class='ocrx_word' id='word_1_399' title='bbox 3161 2726 3426 2780; x_wconf 80' lang='grc' dir='ltr'>συνάπτει</span> <span class='ocrx_word' id='word_1_400' title='bbox 3456 2723 3721 2794; x_wconf 80' lang='grc' dir='ltr'>φρονήσει</span> 
     </span>
    </p>
   </div>
   <div class='ocr_carea' id='block_1_56' title="bbox 443 2816 2033 2893">
    <p class='ocr_par' dir='ltr' id='par_1_56' title="bbox 443 2816 2032 2893">
     <span class='ocr_line' id='line_1_56' title="bbox 443 2816 2032 2893; baseline -0.007 -13"><span class='ocrx_word' id='word_1_401' title='bbox 443 2832 641 2880; x_wconf 87' lang='lat' dir='ltr'><strong>testem</strong></span> <span class='ocrx_word' id='word_1_402' title='bbox 668 2823 788 2893; x_wconf 81' lang='lat' dir='ltr'><strong>ejus</strong></span> <span class='ocrx_word' id='word_1_403' title='bbox 820 2820 968 2890; x_wconf 82' lang='lat' dir='ltr'><strong>quod</strong></span> <span class='ocrx_word' id='word_1_404' title='bbox 1007 2820 1171 2875; x_wconf 82' lang='lat' dir='ltr'><strong>ﬁebat</strong></span> <span class='ocrx_word' id='word_1_405' title='bbox 1201 2836 1214 2871; x_wconf 90' lang='lat'><strong>:</strong></span> <span class='ocrx_word' id='word_1_406' title='bbox 1249 2826 1461 2874; x_wconf 86' lang='lat' dir='ltr'><strong>tantum</strong></span> <span class='ocrx_word' id='word_1_407' title='bbox 1497 2818 1690 2873; x_wconf 86' lang='lat' dir='ltr'><strong>aberat</strong></span> <span class='ocrx_word' id='word_1_408' title='bbox 1713 2826 1775 2873; x_wconf 90' lang='lat' dir='ltr'>ut</span> <span class='ocrx_word' id='word_1_409' title='bbox 1803 2816 2032 2887; x_wconf 79' lang='lat' dir='ltr'><strong>gloriam</strong></span> 
     </span>
    </p>
   </div>
   <div class='ocr_carea' id='block_1_57' title="bbox 2133 2816 3722 2893">
    <p class='ocr_par' dir='ltr' id='par_1_57' title="bbox 2139 2816 3722 2893">
     <span class='ocr_line' id='line_1_57' title="bbox 2139 2816 3722 2893; baseline -0.005 -18"><span class='ocrx_word' id='word_1_410' title='bbox 2139 2820 2202 2875; x_wconf 88' lang='grc' dir='ltr'>τδ</span> <span class='ocrx_word' id='word_1_411' title='bbox 2264 2819 2573 2893; x_wconf 84' lang='grc' dir='ltr'>συμπαθές.</span> <span class='ocrx_word' id='word_1_412' title='bbox 2630 2821 2704 2876; x_wconf 88' lang='grc' dir='ltr'>Οὐ</span> <span class='ocrx_word' id='word_1_413' title='bbox 2754 2823 2864 2891; x_wconf 78' lang='grc' dir='ltr'>γὰρ</span> <span class='ocrx_word' id='word_1_414' title='bbox 2917 2820 3182 2890; x_wconf 78' lang='grc' dir='ltr'>ὑπέμεινε</span> <span class='ocrx_word' id='word_1_415' title='bbox 3227 2818 3305 2889; x_wconf 83' lang='grc' dir='ltr'>τῷ</span> <span class='ocrx_word' id='word_1_416' title='bbox 3361 2816 3517 2883; x_wconf 79' lang='grc' dir='ltr'>ἀνδρὶ</span> <span class='ocrx_word' id='word_1_417' title='bbox 3552 2830 3722 2885; x_wconf 79' lang='grc' dir='ltr'>προσο</span> 
     </span>
    </p>
   </div>
   <div class='ocr_carea' id='block_1_58' title="bbox 443 2905 2033 2987">
    <p class='ocr_par' dir='ltr' id='par_1_58' title="bbox 443 2905 2033 2987">
     <span class='ocr_line' id='line_1_58' title="bbox 443 2905 2033 2987; baseline -0.006 -16"><span class='ocrx_word' id='word_1_418' title='bbox 443 2923 720 2987; x_wconf 69' lang='lat' dir='ltr'><strong>qurereret</strong></span> <span class='ocrx_word' id='word_1_419' title='bbox 749 2914 818 2969; x_wconf 89' lang='lat' dir='ltr'>ab</span> <span class='ocrx_word' id='word_1_420' title='bbox 846 2912 1187 2969; x_wconf 86' lang='lat' dir='ltr'><strong>hominibus.</strong></span> <span class='ocrx_word' id='word_1_421' title='bbox 1213 2910 1350 2966; x_wconf 87' lang='lat' dir='ltr'>Nam</span> <span class='ocrx_word' id='word_1_422' title='bbox 1388 2911 1507 2981; x_wconf 86' lang='lat' dir='ltr'><strong>ipse</strong></span> <span class='ocrx_word' id='word_1_423' title='bbox 1535 2910 1700 2965; x_wconf 87' lang='lat' dir='ltr'><strong>etiam</strong></span> <span class='ocrx_word' id='word_1_424' title='bbox 1734 2908 1868 2963; x_wconf 88' lang='lat' dir='ltr'><strong>boni</strong></span> <span class='ocrx_word' id='word_1_425' title='bbox 1897 2905 2033 2978; x_wconf 88' lang='lat' dir='ltr'><strong>quid</strong></span> 
     </span>
    </p>
   </div>
   <div class='ocr_carea' id='block_1_59' title="bbox 2133 2905 3718 2987">
    <p class='ocr_par' dir='ltr' id='par_1_59' title="bbox 2139 2906 3718 2984">
     <span class='ocr_line' id='line_1_59' title="bbox 2139 2906 3718 2984; baseline -0.006 -17"><span class='ocrx_word' id='word_1_426' title='bbox 2139 2912 2342 2979; x_wconf 87' lang='grc' dir='ltr'>ελθεῖν,</span> <span class='ocrx_word' id='word_1_427' title='bbox 2372 2913 2495 2968; x_wconf 74' lang='grc' dir='ltr'>οὐδὲ</span> <span class='ocrx_word' id='word_1_428' title='bbox 2526 2914 2656 2984; x_wconf 72' lang='grc' dir='ltr'>περὶ</span> <span class='ocrx_word' id='word_1_429' title='bbox 2682 2912 2874 2965; x_wconf 90' lang='grc' dir='ltr'>τούτου</span> <span class='ocrx_word' id='word_1_430' title='bbox 2912 2910 3010 2966; x_wconf 54' lang='grc' dir='ltr'>καί⁵</span> <span class='ocrx_word' id='word_1_431' title='bbox 3045 2910 3220 2982; x_wconf 80' lang='grc' dir='ltr'>βραχύ</span> <span class='ocrx_word' id='word_1_432' title='bbox 3255 2926 3306 2963; x_wconf 93' lang='grc' dir='ltr'>τι</span> <span class='ocrx_word' id='word_1_433' title='bbox 3339 2906 3718 2977; x_wconf 83' lang='grc' dir='ltr'>διαλεχθῆναι,</span> 
     </span>
    </p>
   </div>
   <div class='ocr_carea' id='block_1_60' title="bbox 443 2998 2033 3078">
    <p class='ocr_par' dir='ltr' id='par_1_60' title="bbox 443 2999 2033 3078">
     <span class='ocr_line' id='line_1_60' title="bbox 443 2999 2033 3078; baseline -0.006 -15"><span class='ocrx_word' id='word_1_434' title='bbox 443 3008 675 3071; x_wconf 75' lang='lat' dir='ltr'><strong>faciens,</strong></span> <span class='ocrx_word' id='word_1_435' title='bbox 716 3008 890 3078; x_wconf 90' lang='lat' dir='ltr'><strong>magis</strong></span> <span class='ocrx_word' id='word_1_436' title='bbox 927 3004 1188 3061; x_wconf 86' lang='lat' dir='ltr'><strong>studebat</strong></span> <span class='ocrx_word' id='word_1_437' title='bbox 1227 3004 1423 3069; x_wconf 88' lang='lat' dir='ltr'><strong>latere,</strong></span> <span class='ocrx_word' id='word_1_438' title='bbox 1471 3017 1637 3073; x_wconf 91' lang='lat' dir='ltr'><strong>quam</strong></span> <span class='ocrx_word' id='word_1_439' title='bbox 1683 3001 1721 3055; x_wconf 92' lang='lat' dir='ltr'>ii</span> <span class='ocrx_word' id='word_1_440' title='bbox 1756 3000 1852 3071; x_wconf 92' lang='lat' dir='ltr'>qui</span> <span class='ocrx_word' id='word_1_441' title='bbox 1893 2999 2033 3054; x_wconf 87' lang='lat' dir='ltr'><strong>mala</strong></span> 
     </span>
    </p>
   </div>
   <div class='ocr_carea' id='block_1_61' title="bbox 2133 2998 3722 3078">
    <p class='ocr_par' dir='ltr' id='par_1_61' title="bbox 2146 2998 3722 3075">
     <span class='ocr_line' id='line_1_61' title="bbox 2146 2998 3722 3075; baseline -0.004 -18"><span class='ocrx_word' id='word_1_442' title='bbox 2146 3005 2271 3058; x_wconf 78' lang='grc' dir='ltr'>οὐδὲ</span> <span class='ocrx_word' id='word_1_443' title='bbox 2327 3004 2429 3074; x_wconf 75' lang='grc' dir='ltr'>τὴν</span> <span class='ocrx_word' id='word_1_444' title='bbox 2484 3003 2804 3075; x_wconf 84' lang='grc' dir='ltr'>εὐεργέτιδα</span> <span class='ocrx_word' id='word_1_445' title='bbox 2835 3002 2987 3075; x_wconf 86' lang='grc' dir='ltr'>αὐτῷ</span> <span class='ocrx_word' id='word_1_446' title='bbox 3027 3004 3126 3057; x_wconf 74' lang='grc' dir='ltr'>καὶ</span> <span class='ocrx_word' id='word_1_447' title='bbox 3173 3002 3336 3072; x_wconf 88' lang='grc' dir='ltr'>μόνον</span> <span class='ocrx_word' id='word_1_448' title='bbox 3389 2998 3722 3071; x_wconf 75' lang='grc' dir='ltr'>παραδεῖξαι</span> 
     </span>
    </p>
   </div>
   <div class='ocr_carea' id='block_1_62' title="bbox 442 3089 2033 3186">
    <p class='ocr_par' dir='ltr' id='par_1_62' title="bbox 442 3089 2033 3163">
     <span class='ocr_line' id='line_1_62' title="bbox 442 3089 2033 3163; baseline -0.005 -11"><span class='ocrx_word' id='word_1_449' title='bbox 442 3097 673 3154; x_wconf 80' lang='lat' dir='ltr'><strong>faciunt.</strong></span> <span class='ocrx_word' id='word_1_450' title='bbox 726 3096 888 3152; x_wconf 89' lang='lat' dir='ltr'><strong>Certe</strong></span> <span class='ocrx_word' id='word_1_451' title='bbox 931 3110 1058 3151; x_wconf 89' lang='lat' dir='ltr'>cum</span> <span class='ocrx_word' id='word_1_452' title='bbox 1111 3092 1237 3148; x_wconf 88' lang='lat' dir='ltr'><strong>auri</strong></span> <span class='ocrx_word' id='word_1_453' title='bbox 1284 3093 1624 3163; x_wconf 89' lang='lat' dir='ltr'><strong>permultum</strong></span> <span class='ocrx_word' id='word_1_454' title='bbox 1664 3090 1830 3146; x_wconf 83' lang='lat' dir='ltr'><strong>simul</strong></span> <span class='ocrx_word' id='word_1_455' title='bbox 1880 3089 2033 3145; x_wconf 92' lang='lat' dir='ltr'><strong>colli-</strong></span> 
     </span>
    </p>
   </div>
   <div class='ocr_carea' id='block_1_63' title="bbox 2133 3089 3721 3186">
    <p class='ocr_par' dir='ltr' id='par_1_63' title="bbox 2144 3095 3721 3183">
     <span class='ocr_line' id='line_1_63' title="bbox 2144 3095 3721 3183; baseline -0.002 -34"><span class='ocrx_word' id='word_1_456' title='bbox 2144 3099 2330 3168; x_wconf 86' lang='grc' dir='ltr'>χεῖρα.</span> <span class='ocrx_word' id='word_1_457' title='bbox 2377 3095 2414 3150; x_wconf 80' lang='grc' dir='ltr'>ἀ</span> <span class='ocrx_word' id='word_1_458' title='bbox 2446 3096 2675 3161; x_wconf 83' lang='grc' dir='ltr'>σύνηθες</span> <span class='ocrx_word' id='word_1_459' title='bbox 2710 3096 2912 3183; x_wconf 74' lang='grc' dir='ltr'>μικροῦ</span> <span class='ocrx_word' id='word_1_460' title='bbox 2967 3096 3102 3150; x_wconf 79' lang='grc' dir='ltr'>πᾶσι</span> <span class='ocrx_word' id='word_1_461' title='bbox 3161 3096 3338 3149; x_wconf 79' lang='grc' dir='ltr'>ποιεῖν</span> <span class='ocrx_word' id='word_1_462' title='bbox 3367 3097 3480 3158; x_wconf 87' lang='grc' dir='ltr'>τοῖς</span> <span class='ocrx_word' id='word_1_463' title='bbox 3522 3109 3721 3164; x_wconf 79' lang='grc' dir='ltr'>μικρο-</span> 
     </span>
    </p>
   </div>
   <div class='ocr_carea' id='block_1_64' title="bbox 442 3172 2033 3259">
    <p class='ocr_par' dir='ltr' id='par_1_64' title="bbox 442 3180 2033 3259">
     <span class='ocr_line' id='line_1_64' title="bbox 442 3180 2033 3259; baseline -0.004 -15"><span class='ocrx_word' id='word_1_464' title='bbox 442 3200 645 3259; x_wconf 84' lang='lat' dir='ltr'><strong>gasset,</strong></span> <span class='ocrx_word' id='word_1_465' title='bbox 681 3188 1010 3256; x_wconf 88' lang='lat' dir='ltr'><strong>intempesta</strong></span> <span class='ocrx_word' id='word_1_466' title='bbox 1049 3194 1210 3240; x_wconf 91' lang='lat' dir='ltr'><strong>nocte</strong></span> <span class='ocrx_word' id='word_1_467' title='bbox 1253 3183 1409 3240; x_wconf 81' lang='lat' dir='ltr'><strong>venit</strong></span> <span class='ocrx_word' id='word_1_468' title='bbox 1448 3183 1515 3239; x_wconf 92' lang='lat' dir='ltr'>ad</span> <span class='ocrx_word' id='word_1_469' title='bbox 1559 3183 1678 3254; x_wconf 87' lang='lat' dir='ltr'><strong>ejus</strong></span> <span class='ocrx_word' id='word_1_470' title='bbox 1722 3180 1824 3236; x_wconf 82' lang='lat' dir='ltr'><strong>viri</strong></span> <span class='ocrx_word' id='word_1_471' title='bbox 1867 3181 2033 3247; x_wconf 69' lang='lat' dir='ltr'><strong>aedes,</strong></span> 
     </span>
    </p>
   </div>
   <div class='ocr_carea' id='block_1_65' title="bbox 2133 3172 3723 3259">
    <p class='ocr_par' dir='ltr' id='par_1_65' title="bbox 2145 3172 3723 3258">
     <span class='ocr_line' id='line_1_65' title="bbox 2145 3172 3723 3258; baseline -0.005 -17"><span class='ocrx_word' id='word_1_472' title='bbox 2145 3186 2340 3258; x_wconf 74' lang='grc' dir='ltr'>ψύχοις</span> <span class='ocrx_word' id='word_1_473' title='bbox 2368 3185 2460 3240; x_wconf 81' lang='grc' dir='ltr'>τὸν</span> <span class='ocrx_word' id='word_1_474' title='bbox 2491 3186 2662 3241; x_wconf 72' lang='grc' dir='ltr'>ἔλεον.</span> <span class='ocrx_word' id='word_1_475' title='bbox 2689 3172 2846 3258; x_wconf 81' lang='grc' dir='ltr'>ᾝδει</span> <span class='ocrx_word' id='word_1_476' title='bbox 2874 3186 2984 3255; x_wconf 81' lang='grc' dir='ltr'>γὰρ</span> <span class='ocrx_word' id='word_1_477' title='bbox 3017 3186 3101 3239; x_wconf 81' lang='grc' dir='ltr'>ὅτι</span> <span class='ocrx_word' id='word_1_478' title='bbox 3133 3182 3372 3255; x_wconf 84' lang='grc' dir='ltr'>φορτικά</span> <span class='ocrx_word' id='word_1_479' title='bbox 3406 3180 3580 3235; x_wconf 81' lang='grc' dir='ltr'>ταῦτα</span> <span class='ocrx_word' id='word_1_480' title='bbox 3610 3180 3723 3243; x_wconf 83' lang='grc' dir='ltr'>τοῖς</span> 
     </span>
    </p>
   </div>
   <div class='ocr_carea' id='block_1_66' title="bbox 443 3274 2033 3350">
    <p class='ocr_par' dir='ltr' id='par_1_66' title="bbox 443 3274 2033 3349">
     <span class='ocr_line' id='line_1_66' title="bbox 443 3274 2033 3349; baseline -0.003 -16"><span class='ocrx_word' id='word_1_481' title='bbox 443 3288 501 3334; x_wconf 91' lang='lat' dir='ltr'>et</span> <span class='ocrx_word' id='word_1_482' title='bbox 533 3296 658 3336; x_wconf 90' lang='lat' dir='ltr'>cum</span> <span class='ocrx_word' id='word_1_483' title='bbox 699 3279 752 3334; x_wconf 90' lang='lat' dir='ltr'>id</span> <span class='ocrx_word' id='word_1_484' title='bbox 788 3295 883 3349; x_wconf 88' lang='lat' dir='ltr'>per</span> <span class='ocrx_word' id='word_1_485' title='bbox 915 3276 1209 3346; x_wconf 85' lang='lat' dir='ltr'><strong>quamdam</strong></span> <span class='ocrx_word' id='word_1_486' title='bbox 1254 3276 1535 3348; x_wconf 87' lang='lat' dir='ltr'><strong>injecisset</strong></span> <span class='ocrx_word' id='word_1_487' title='bbox 1576 3274 1895 3334; x_wconf 83' lang='lat' dir='ltr'><strong>fenestram.</strong></span> <span class='ocrx_word' id='word_1_488' title='bbox 1933 3274 2033 3329; x_wconf 82' lang='lat' dir='ltr'><strong>do-</strong></span> 
     </span>
    </p>
   </div>
   <div class='ocr_carea' id='block_1_67' title="bbox 2133 3274 3724 3350">
    <p class='ocr_par' dir='ltr' id='par_1_67' title="bbox 2146 3279 3724 3350">
     <span class='ocr_line' id='line_1_67' title="bbox 2146 3279 3724 3350; baseline -0.005 -15"><span class='ocrx_word' id='word_1_489' title='bbox 2146 3282 2209 3336; x_wconf 75' lang='grc' dir='ltr'>ὲκ</span> <span class='ocrx_word' id='word_1_490' title='bbox 2234 3281 2469 3335; x_wconf 85' lang='grc' dir='ltr'>πλούτου</span> <span class='ocrx_word' id='word_1_491' title='bbox 2503 3281 2596 3336; x_wconf 80' lang='grc' dir='ltr'>καὶ</span> <span class='ocrx_word' id='word_1_492' title='bbox 2623 3280 2786 3350; x_wconf 75' lang='grc' dir='ltr'>δόξης</span> <span class='ocrx_word' id='word_1_493' title='bbox 2841 3284 2923 3344; x_wconf 72' lang='grc' dir='ltr'>εἰς</span> <span class='ocrx_word' id='word_1_494' title='bbox 2954 3279 3017 3334; x_wconf 85' lang='grc' dir='ltr'>τδ</span> <span class='ocrx_word' id='word_1_495' title='bbox 3049 3281 3277 3350; x_wconf 80' lang='grc' dir='ltr'>ἀπορεῖν</span> <span class='ocrx_word' id='word_1_496' title='bbox 3310 3290 3724 3346; x_wconf 84' lang='grc' dir='ltr'>κατενηνεγμε-</span> 
     </span>
    </p>
   </div>
   <div class='ocr_carea' id='block_1_68' title="bbox 446 3366 2033 3445">
    <p class='ocr_par' dir='ltr' id='par_1_68' title="bbox 446 3366 2033 3436">
     <span class='ocr_line' id='line_1_68' title="bbox 446 3366 2033 3436; baseline -0.003 -11"><span class='ocrx_word' id='word_1_497' title='bbox 446 3386 598 3426; x_wconf 87' lang='lat' dir='ltr'>mum</span> <span class='ocrx_word' id='word_1_498' title='bbox 643 3372 830 3428; x_wconf 84' lang='lat' dir='ltr'><strong>statim</strong></span> <span class='ocrx_word' id='word_1_499' title='bbox 878 3369 1210 3436; x_wconf 83' lang='lat' dir='ltr'><strong>revertitur,</strong></span> <span class='ocrx_word' id='word_1_500' title='bbox 1255 3368 1426 3425; x_wconf 88' lang='lat' dir='ltr'><strong>veluti</strong></span> <span class='ocrx_word' id='word_1_501' title='bbox 1471 3367 1809 3435; x_wconf 83' lang='lat' dir='ltr'><strong>erubescens</strong></span> <span class='ocrx_word' id='word_1_502' title='bbox 1855 3366 2033 3422; x_wconf 89' lang='lat' dir='ltr'><strong>videri</strong></span> 
     </span>
    </p>
   </div>
   <div class='ocr_carea' id='block_1_69' title="bbox 2133 3366 3725 3445">
    <p class='ocr_par' dir='ltr' id='par_1_69' title="bbox 2144 3368 3725 3445">
     <span class='ocr_line' id='line_1_69' title="bbox 2144 3368 3725 3445; baseline -0.006 -17"><span class='ocrx_word' id='word_1_503' title='bbox 2144 3390 2281 3439; x_wconf 88' lang='grc' dir='ltr'>νοις,</span> <span class='ocrx_word' id='word_1_504' title='bbox 2320 3373 2660 3445; x_wconf 72' lang='grc' dir='ltr'>ἑντρέποντά</span> <span class='ocrx_word' id='word_1_505' title='bbox 2707 3390 2770 3427; x_wconf 83' lang='grc' dir='ltr'>τε</span> <span class='ocrx_word' id='word_1_506' title='bbox 2819 3373 2921 3437; x_wconf 86' lang='grc' dir='ltr'>τὰς</span> <span class='ocrx_word' id='word_1_507' title='bbox 2972 3372 3201 3427; x_wconf 62' lang='grc' dir='ltr'>ἐκείνων</span> <span class='ocrx_word' id='word_1_508' title='bbox 3261 3369 3463 3441; x_wconf 73' lang='grc' dir='ltr'>ψυχὰς,</span> <span class='ocrx_word' id='word_1_509' title='bbox 3519 3368 3617 3422; x_wconf 74' lang='grc' dir='ltr'>καὶ</span> <span class='ocrx_word' id='word_1_510' title='bbox 3643 3368 3725 3430; x_wconf 86' lang='grc' dir='ltr'>είς</span> 
     </span>
    </p>
   </div>
   <div class='ocr_carea' id='block_1_70' title="bbox 445 3459 3716 3537">
    <p class='ocr_par' dir='ltr' id='par_1_70' title="bbox 445 3459 3716 3537">
     <span class='ocr_line' id='line_1_70' title="bbox 445 3459 3716 3537; baseline -0.002 -19"><span class='ocrx_word' id='word_1_511' title='bbox 445 3464 600 3519; x_wconf 88' lang='lat' dir='ltr'><strong>dare.</strong></span> <span class='ocrx_word' id='word_1_512' title='bbox 2150 3465 2375 3537; x_wconf 82' lang='grc' dir='ltr'>μνήμην</span> <span class='ocrx_word' id='word_1_513' title='bbox 2413 3464 2572 3528; x_wconf 73' lang='grc' dir='ltr'>αὖθις</span> <span class='ocrx_word' id='word_1_514' title='bbox 2614 3463 2959 3537; x_wconf 77' lang='grc' dir='ltr'>ἐμϐάλλοντα</span> <span class='ocrx_word' id='word_1_515' title='bbox 3014 3463 3117 3534; x_wconf 80' lang='grc' dir='ltr'>τῆς</span> <span class='ocrx_word' id='word_1_516' title='bbox 3177 3463 3453 3533; x_wconf 80' lang='grc' dir='ltr'>προτέρας</span> <span class='ocrx_word' id='word_1_517' title='bbox 3512 3459 3716 3528; x_wconf 73' lang='grc' dir='ltr'>εὐημέ-</span> 
     </span>
    </p>
   </div>
   <div class='ocr_carea' id='block_1_71' title="bbox 446 3553 3726 3628">
    <p class='ocr_par' dir='ltr' id='par_1_71' title="bbox 446 3553 3726 3628">
     <span class='ocr_line' id='line_1_71' title="bbox 446 3553 3726 3628; baseline -0.001 -19"><span class='ocrx_word' id='word_1_518' title='bbox 446 3557 594 3628; x_wconf 84' lang='grc' dir='ltr'>ρὶας.</span> <span class='ocrx_word' id='word_1_519' title='bbox 632 3555 779 3610; x_wconf 80' lang='grc' dir='ltr'>Ἀλλ’</span> <span class='ocrx_word' id='word_1_520' title='bbox 844 3556 1040 3628; x_wconf 83' lang='grc' dir='ltr'>ὥσπερ</span> <span class='ocrx_word' id='word_1_521' title='bbox 1092 3553 1503 3626; x_wconf 81' lang='grc' dir='ltr'>ὑπερϐαλέσθαι</span> <span class='ocrx_word' id='word_1_522' title='bbox 1568 3554 1897 3623; x_wconf 82' lang='grc' dir='ltr'>φιλονεικῶν</span> <span class='ocrx_word' id='word_1_523' title='bbox 1973 3556 2070 3609; x_wconf 75' lang='grc' dir='ltr'>καὶ</span> <span class='ocrx_word' id='word_1_524' title='bbox 2110 3556 2207 3626; x_wconf 81' lang='grc' dir='ltr'>τὴν</span> <span class='ocrx_word' id='word_1_525' title='bbox 2254 3557 2624 3628; x_wconf 78' lang='grc' dir='ltr'>εὐαγγελικὴν</span> <span class='ocrx_word' id='word_1_526' title='bbox 2675 3560 2889 3621; x_wconf 75' lang='grc' dir='ltr'>ἐκεῖνος</span> <span class='ocrx_word' id='word_1_527' title='bbox 2942 3554 3345 3627; x_wconf 83' lang='grc' dir='ltr'>παραγγελίαν,</span> <span class='ocrx_word' id='word_1_528' title='bbox 3394 3554 3457 3608; x_wconf 85' lang='grc' dir='ltr'>τδ</span> <span class='ocrx_word' id='word_1_529' title='bbox 3525 3555 3602 3626; x_wconf 80' lang='grc' dir='ltr'>μὴ</span> <span class='ocrx_word' id='word_1_530' title='bbox 3630 3568 3726 3605; x_wconf 69' lang='grc' dir='ltr'>πιο</span> 
     </span>
    </p>
   </div>
   <div class='ocr_carea' id='block_1_72' title="bbox 447 3646 3727 3722">
    <p class='ocr_par' dir='ltr' id='par_1_72' title="bbox 447 3646 3727 3722">
     <span class='ocr_line' id='line_1_72' title="bbox 447 3646 3727 3722; baseline -0.001 -20"><span class='ocrx_word' id='word_1_531' title='bbox 447 3648 749 3721; x_wconf 85' lang='grc' dir='ltr'>στευθῆναι</span> <span class='ocrx_word' id='word_1_532' title='bbox 777 3650 880 3721; x_wconf 80' lang='grc' dir='ltr'>τὴν</span> <span class='ocrx_word' id='word_1_533' title='bbox 912 3648 1216 3720; x_wconf 83' lang='grc' dir='ltr'>ἀριστεράν</span> <span class='ocrx_word' id='word_1_534' title='bbox 1257 3649 1318 3701; x_wconf 80' lang='grc' dir='ltr'>τὸ</span> <span class='ocrx_word' id='word_1_535' title='bbox 1352 3649 1680 3718; x_wconf 76' lang='grc' dir='ltr'>μυστήριον,</span> <span class='ocrx_word' id='word_1_536' title='bbox 1716 3647 1838 3702; x_wconf 77' lang='grc' dir='ltr'>οὐδὲ</span> <span class='ocrx_word' id='word_1_537' title='bbox 1873 3649 2037 3703; x_wconf 80' lang='grc' dir='ltr'>αὐτὸν</span> <span class='ocrx_word' id='word_1_538' title='bbox 2077 3649 2360 3722; x_wconf 68' lang='grc' dir='ltr'>ἠϐουλήθη</span> <span class='ocrx_word' id='word_1_539' title='bbox 2404 3650 2501 3704; x_wconf 63' lang='grc' dir='ltr'>τὸν</span> <span class='ocrx_word' id='word_1_540' title='bbox 2572 3646 2632 3704; x_wconf 83' lang='grc' dir='ltr'>εὖ</span> <span class='ocrx_word' id='word_1_541' title='bbox 2686 3649 2968 3719; x_wconf 81' lang='grc' dir='ltr'>πάσχοντα</span> <span class='ocrx_word' id='word_1_542' title='bbox 3002 3648 3265 3721; x_wconf 85' lang='grc' dir='ltr'>μάρτυρα</span> <span class='ocrx_word' id='word_1_543' title='bbox 3317 3647 3410 3700; x_wconf 80' lang='grc' dir='ltr'>τοῦ</span> <span class='ocrx_word' id='word_1_544' title='bbox 3481 3663 3727 3717; x_wconf 86' lang='grc' dir='ltr'>πραττο-</span> 
     </span>
    </p>
   </div>
   <div class='ocr_carea' id='block_1_73' title="bbox 446 3737 3717 3817">
    <p class='ocr_par' dir='ltr' id='par_1_73' title="bbox 446 3737 3717 3817">
     <span class='ocr_line' id='line_1_73' title="bbox 446 3737 3717 3817; baseline -0 -21"><span class='ocrx_word' id='word_1_545' title='bbox 446 3744 617 3817; x_wconf 80' lang='grc' dir='ltr'>μένου</span> <span class='ocrx_word' id='word_1_546' title='bbox 641 3741 983 3813; x_wconf 69' lang='grc' dir='ltr'>παραλειϐεῖν</span> <span class='ocrx_word' id='word_1_547' title='bbox 1012 3758 1029 3774; x_wconf 77' lang='grc' dir='ltr'><strong><em>ο</em></strong></span> <span class='ocrx_word' id='word_1_548' title='bbox 1067 3739 1214 3796; x_wconf 73' lang='grc' dir='ltr'>οὕτω</span> <span class='ocrx_word' id='word_1_549' title='bbox 1246 3741 1465 3810; x_wconf 68' lang='grc' dir='ltr'>μακρὰν</span> <span class='ocrx_word' id='word_1_550' title='bbox 1497 3739 1695 3809; x_wconf 82' lang='grc' dir='ltr'>ἀπεῖχε</span> <span class='ocrx_word' id='word_1_551' title='bbox 1727 3738 1825 3794; x_wconf 83' lang='grc' dir='ltr'>τοῦ</span> <span class='ocrx_word' id='word_1_552' title='bbox 1883 3740 2065 3810; x_wconf 72' lang='grc' dir='ltr'>ἧττων</span> <span class='ocrx_word' id='word_1_553' title='bbox 2105 3737 2250 3796; x_wconf 81' lang='grc' dir='ltr'>εἶναι</span> <span class='ocrx_word' id='word_1_554' title='bbox 2301 3742 2615 3812; x_wconf 79' lang='grc' dir='ltr'>φιλοδοξίας</span> <span class='ocrx_word' id='word_1_555' title='bbox 2656 3758 2670 3775; x_wconf 73' lang='grc' dir='ltr'><strong><em>ο</em></strong></span> <span class='ocrx_word' id='word_1_556' title='bbox 2710 3744 2834 3796; x_wconf 69' lang='grc' dir='ltr'>ἐπεὶ</span> <span class='ocrx_word' id='word_1_557' title='bbox 2865 3742 2962 3796; x_wconf 77' lang='grc' dir='ltr'>καὶ</span> <span class='ocrx_word' id='word_1_558' title='bbox 2998 3742 3202 3813; x_wconf 81' lang='grc' dir='ltr'>μᾶλλον</span> <span class='ocrx_word' id='word_1_559' title='bbox 3230 3741 3399 3807; x_wconf 68' lang='grc' dir='ltr'>αὐτὸς</span> <span class='ocrx_word' id='word_1_560' title='bbox 3426 3741 3635 3810; x_wconf 84' lang='grc' dir='ltr'>ἀγαθόν</span> <span class='ocrx_word' id='word_1_561' title='bbox 3663 3757 3717 3795; x_wconf 87' lang='grc' dir='ltr'>τι</span> 
     </span>
    </p>
   </div>
   <div class='ocr_carea' id='block_1_74' title="bbox 444 3829 3721 3906">
    <p class='ocr_par' dir='ltr' id='par_1_74' title="bbox 444 3829 3721 3906">
     <span class='ocr_line' id='line_1_74' title="bbox 444 3829 3721 3906; baseline 0 -18"><span class='ocrx_word' id='word_1_562' title='bbox 444 3834 669 3905; x_wconf 77' lang='grc' dir='ltr'>ποιῶνῆ</span> <span class='ocrx_word' id='word_1_563' title='bbox 697 3834 876 3906; x_wconf 69' lang='grc' dir='ltr'>ἕτεροι</span> <span class='ocrx_word' id='word_1_564' title='bbox 912 3831 1130 3904; x_wconf 69' lang='grc' dir='ltr'>πονηρὰ</span> <span class='ocrx_word' id='word_1_565' title='bbox 1150 3831 1392 3903; x_wconf 82' lang='grc' dir='ltr'>δρῶντες</span> <span class='ocrx_word' id='word_1_566' title='bbox 1417 3829 1480 3883; x_wconf 82' lang='grc' dir='ltr'>τὸ</span> <span class='ocrx_word' id='word_1_567' title='bbox 1548 3829 1735 3884; x_wconf 85' lang='grc' dir='ltr'>λαθεῖν</span> <span class='ocrx_word' id='word_1_568' title='bbox 1801 3830 2089 3889; x_wconf 75' lang='grc' dir='ltr'>ἔσπευδεν.</span> <span class='ocrx_word' id='word_1_569' title='bbox 2140 3832 2359 3904; x_wconf 80' lang='grc' dir='ltr'>Ἀμέλει</span> <span class='ocrx_word' id='word_1_570' title='bbox 2421 3835 2515 3888; x_wconf 58' lang='grc' dir='ltr'>καί⁵</span> <span class='ocrx_word' id='word_1_571' title='bbox 2564 3835 2728 3906; x_wconf 80' lang='grc' dir='ltr'>ἁδρὸν</span> <span class='ocrx_word' id='word_1_572' title='bbox 2780 3833 3092 3904; x_wconf 80' lang='grc' dir='ltr'>ἀπόδεσμον</span> <span class='ocrx_word' id='word_1_573' title='bbox 3152 3832 3399 3905; x_wconf 72' lang='grc' dir='ltr'>εἰληφὼς</span> <span class='ocrx_word' id='word_1_574' title='bbox 3467 3834 3721 3904; x_wconf 82' lang='grc' dir='ltr'>χρυσίου,</span> 
     </span>
    </p>
   </div>
   <div class='ocr_carea' id='block_1_75' title="bbox 446 3920 3724 3999">
    <p class='ocr_par' dir='ltr' id='par_1_75' title="bbox 446 3920 3724 3999">
     <span class='ocr_line' id='line_1_75' title="bbox 446 3920 3724 3999; baseline 0.001 -20"><span class='ocrx_word' id='word_1_575' title='bbox 446 3924 593 3995; x_wconf 75' lang='grc' dir='ltr'>ἀωρὶ</span> <span class='ocrx_word' id='word_1_576' title='bbox 631 3924 743 3977; x_wconf 85' lang='grc' dir='ltr'>τῶν</span> <span class='ocrx_word' id='word_1_577' title='bbox 778 3922 992 3977; x_wconf 84' lang='grc' dir='ltr'>νυκτῶν</span> <span class='ocrx_word' id='word_1_578' title='bbox 1021 3921 1217 3988; x_wconf 77' lang='grc' dir='ltr'>ἔξεισι,</span> <span class='ocrx_word' id='word_1_579' title='bbox 1271 3921 1367 3975; x_wconf 74' lang='grc' dir='ltr'>καὶ</span> <span class='ocrx_word' id='word_1_580' title='bbox 1414 3920 1551 3993; x_wconf 79' lang='grc' dir='ltr'>πρὸς</span> <span class='ocrx_word' id='word_1_581' title='bbox 1581 3921 1683 3993; x_wconf 81' lang='grc' dir='ltr'>τὴν</span> <span class='ocrx_word' id='word_1_582' title='bbox 1721 3921 1902 3977; x_wconf 84' lang='grc' dir='ltr'>οίκίαν</span> <span class='ocrx_word' id='word_1_583' title='bbox 1973 3923 2070 3977; x_wconf 82' lang='grc' dir='ltr'>τοῦ</span> <span class='ocrx_word' id='word_1_584' title='bbox 2111 3924 2307 3997; x_wconf 76' lang='grc' dir='ltr'>ἀνδρὸς</span> <span class='ocrx_word' id='word_1_585' title='bbox 2338 3924 2595 3993; x_wconf 66' lang='grc' dir='ltr'>ἐπιστὰς,</span> <span class='ocrx_word' id='word_1_586' title='bbox 2667 3926 2731 3980; x_wconf 85' lang='grc' dir='ltr'>τὸ</span> <span class='ocrx_word' id='word_1_587' title='bbox 2780 3927 2882 3998; x_wconf 81' lang='grc' dir='ltr'>μὲν</span> <span class='ocrx_word' id='word_1_588' title='bbox 2915 3926 3138 3999; x_wconf 84' lang='grc' dir='ltr'>χρυσίον</span> <span class='ocrx_word' id='word_1_589' title='bbox 3165 3926 3231 3981; x_wconf 68' lang='lat' dir='ltr'>lx</span> <span class='ocrx_word' id='word_1_590' title='bbox 3259 3943 3406 3990; x_wconf 88' lang='grc' dir='ltr'>τινος</span> <span class='ocrx_word' id='word_1_591' title='bbox 3437 3927 3545 3980; x_wconf 83' lang='grc' dir='ltr'>τῶν</span> <span class='ocrx_word' id='word_1_592' title='bbox 3571 3926 3724 3997; x_wconf 82' lang='grc' dir='ltr'>θυρί-</span> 
     </span>
    </p>
   </div>
   <div class='ocr_carea' id='block_1_76' title="bbox 445 4008 3725 4091">
    <p class='ocr_par' dir='ltr' id='par_1_76' title="bbox 445 4008 3725 4091">
     <span class='ocr_line' id='line_1_76' title="bbox 445 4008 3725 4091; baseline 0.001 -18"><span class='ocrx_word' id='word_1_593' title='bbox 445 4021 556 4075; x_wconf 87' lang='grc' dir='ltr'>δων</span> <span class='ocrx_word' id='word_1_594' title='bbox 588 4017 725 4072; x_wconf 80' lang='grc' dir='ltr'>εῐσω</span> <span class='ocrx_word' id='word_1_595' title='bbox 757 4016 1038 4087; x_wconf 78' lang='grc' dir='ltr'>καθίησιν,</span> <span class='ocrx_word' id='word_1_596' title='bbox 1080 4014 1246 4080; x_wconf 79' lang='grc' dir='ltr'>αὐτὸς</span> <span class='ocrx_word' id='word_1_597' title='bbox 1289 4015 1347 4069; x_wconf 74' lang='grc' dir='ltr'>δὲ</span> <span class='ocrx_word' id='word_1_598' title='bbox 1393 4009 1428 4089; x_wconf 75' lang='grc' dir='ltr'>ᾖ</span> <span class='ocrx_word' id='word_1_599' title='bbox 1473 4014 1653 4069; x_wconf 81' lang='grc' dir='ltr'>ποδῶν</span> <span class='ocrx_word' id='word_1_600' title='bbox 1717 4008 1867 4086; x_wconf 76' lang='grc' dir='ltr'>εῖχεν</span> <span class='ocrx_word' id='word_1_601' title='bbox 1937 4015 2105 4081; x_wconf 84' lang='grc' dir='ltr'>εὐθὺς</span> <span class='ocrx_word' id='word_1_602' title='bbox 2173 4018 2479 4085; x_wconf 75' lang='grc' dir='ltr'>ἐπάνεισιν,</span> <span class='ocrx_word' id='word_1_603' title='bbox 2545 4018 2737 4075; x_wconf 74' lang='grc' dir='ltr'>ὥσπερ</span> <span class='ocrx_word' id='word_1_604' title='bbox 2794 4021 3191 4091; x_wconf 80' lang='grc' dir='ltr'>αἰσχυνόμενος</span> <span class='ocrx_word' id='word_1_605' title='bbox 3258 4018 3496 4090; x_wconf 79' lang='grc' dir='ltr'>ὀφθῆναι</span> <span class='ocrx_word' id='word_1_606' title='bbox 3549 4036 3725 4090; x_wconf 83' lang='grc' dir='ltr'>μετα-</span> 
     </span>
    </p>
   </div>
   <div class='ocr_carea' id='block_1_77' title="bbox 447 4110 649 4175">
    <p class='ocr_par' dir='ltr' id='par_1_77' title="bbox 447 4110 649 4175">
     <span class='ocr_line' id='line_1_77' title="bbox 447 4110 649 4175; baseline 0 -10"><span class='ocrx_word' id='word_1_607' title='bbox 447 4110 649 4175; x_wconf 87' lang='grc' dir='ltr'>διδούς.</span> 
     </span>
    </p>
   </div>
   <div class='ocr_carea' id='block_1_78' title="bbox 520 4195 2033 4270">
    <p class='ocr_par' dir='ltr' id='par_1_78' title="bbox 520 4196 2033 4270">
     <span class='ocr_line' id='line_1_78' title="bbox 520 4196 2033 4270; baseline 0.001 -15"><span class='ocrx_word' id='word_1_608' title='bbox 520 4200 607 4255; x_wconf 83' lang='lat' dir='ltr'>Vl.</span> <span class='ocrx_word' id='word_1_609' title='bbox 644 4199 801 4255; x_wconf 83' lang='lat' dir='ltr'><strong>Mane</strong></span> <span class='ocrx_word' id='word_1_610' title='bbox 835 4213 970 4270; x_wconf 87' lang='lat' dir='ltr'><strong>ergo</strong></span> <span class='ocrx_word' id='word_1_611' title='bbox 997 4212 1123 4255; x_wconf 87' lang='lat' dir='ltr'>eum</span> <span class='ocrx_word' id='word_1_612' title='bbox 1155 4196 1245 4253; x_wconf 89' lang='lat' dir='ltr'>vir</span> <span class='ocrx_word' id='word_1_613' title='bbox 1270 4196 1362 4253; x_wconf 92' lang='lat' dir='ltr'><strong>ille</strong></span> <span class='ocrx_word' id='word_1_614' title='bbox 1391 4200 1728 4256; x_wconf 79' lang='lat' dir='ltr'><strong>surrexisset</strong></span> <span class='ocrx_word' id='word_1_615' title='bbox 1753 4209 1812 4257; x_wconf 90' lang='lat' dir='ltr'>et</span> <span class='ocrx_word' id='word_1_616' title='bbox 1840 4215 2033 4257; x_wconf 87' lang='lat' dir='ltr'><strong>aurum</strong></span> 
     </span>
    </p>
   </div>
   <div class='ocr_carea' id='block_1_79' title="bbox 2133 4195 3725 4270">
    <p class='ocr_par' dir='ltr' id='par_1_79' title="bbox 2221 4195 3725 4269">
     <span class='ocr_line' id='line_1_79' title="bbox 2221 4195 3725 4269; baseline -0.004 -14"><span class='ocrx_word' id='word_1_617' title='bbox 2221 4198 2314 4268; x_wconf 72' lang='grc' dir='ltr'>ς’.</span> <span class='ocrx_word' id='word_1_618' title='bbox 2345 4197 2557 4253; x_wconf 84' lang='grc' dir='ltr'>Ἔωθεν</span> <span class='ocrx_word' id='word_1_619' title='bbox 2601 4196 2696 4252; x_wconf 79' lang='grc' dir='ltr'>οὖν</span> <span class='ocrx_word' id='word_1_620' title='bbox 2738 4197 2767 4250; x_wconf 88' lang='grc' dir='ltr'>ό</span> <span class='ocrx_word' id='word_1_621' title='bbox 2817 4195 2958 4269; x_wconf 78' lang='grc' dir='ltr'>ἀνὴρ</span> <span class='ocrx_word' id='word_1_622' title='bbox 2988 4195 3254 4262; x_wconf 76' lang='grc' dir='ltr'>ἀναστάς,</span> <span class='ocrx_word' id='word_1_623' title='bbox 3285 4196 3380 4252; x_wconf 81' lang='grc' dir='ltr'>καὶ</span> <span class='ocrx_word' id='word_1_624' title='bbox 3406 4201 3467 4250; x_wconf 84' lang='grc' dir='ltr'>τό</span> <span class='ocrx_word' id='word_1_625' title='bbox 3502 4195 3725 4267; x_wconf 81' lang='grc' dir='ltr'>χρυσίον</span> 
     </span>
    </p>
   </div>
   <div class='ocr_carea' id='block_1_80' title="bbox 449 4284 2033 4362">
    <p class='ocr_par' dir='ltr' id='par_1_80' title="bbox 449 4288 2033 4358">
     <span class='ocr_line' id='line_1_80' title="bbox 449 4288 2033 4358; baseline -0.001 -10"><span class='ocrx_word' id='word_1_626' title='bbox 449 4291 773 4357; x_wconf 85' lang='lat' dir='ltr'><strong>invenisset,</strong></span> <span class='ocrx_word' id='word_1_627' title='bbox 794 4299 853 4345; x_wconf 92' lang='lat' dir='ltr'>et</span> <span class='ocrx_word' id='word_1_628' title='bbox 873 4288 1077 4345; x_wconf 89' lang='lat' dir='ltr'><strong>deinde</strong></span> <span class='ocrx_word' id='word_1_629' title='bbox 1099 4289 1385 4344; x_wconf 89' lang='lat' dir='ltr'><strong>vinculum</strong></span> <span class='ocrx_word' id='word_1_630' title='bbox 1413 4289 1691 4358; x_wconf 85' lang='lat' dir='ltr'><strong>solvisset,</strong></span> <span class='ocrx_word' id='word_1_631' title='bbox 1716 4291 1823 4346; x_wconf 79' lang='lat' dir='ltr'><strong>fuit</strong></span> <span class='ocrx_word' id='word_1_632' title='bbox 1844 4292 2033 4347; x_wconf 89' lang='lat' dir='ltr'><strong>obstu-</strong></span> 
     </span>
    </p>
   </div>
   <div class='ocr_carea' id='block_1_81' title="bbox 2133 4284 3725 4362">
    <p class='ocr_par' dir='ltr' id='par_1_81' title="bbox 2139 4288 3725 4362">
     <span class='ocr_line' id='line_1_81' title="bbox 2139 4288 3725 4362; baseline -0.005 -14"><span class='ocrx_word' id='word_1_633' title='bbox 2139 4292 2305 4357; x_wconf 77' lang='grc' dir='ltr'>εὐθὺς</span> <span class='ocrx_word' id='word_1_634' title='bbox 2338 4289 2610 4362; x_wconf 76' lang='grc' dir='ltr'>ἑφευρὼν,</span> <span class='ocrx_word' id='word_1_635' title='bbox 2635 4291 2825 4345; x_wconf 75' lang='grc' dir='ltr'>ἔπειτα</span> <span class='ocrx_word' id='word_1_636' title='bbox 2853 4290 2947 4344; x_wconf 84' lang='grc' dir='ltr'>τὸν</span> <span class='ocrx_word' id='word_1_637' title='bbox 2975 4288 3177 4360; x_wconf 77' lang='grc' dir='ltr'>δεσμὸν</span> <span class='ocrx_word' id='word_1_638' title='bbox 3207 4288 3725 4361; x_wconf 77' lang='grc' dir='ltr'>λύσας,εκπληκτος</span> 
     </span>
    </p>
   </div>
   <div class='ocr_carea' id='block_1_82' title="bbox 450 4380 2033 4458">
    <p class='ocr_par' dir='ltr' id='par_1_82' title="bbox 450 4380 2033 4454">
     <span class='ocr_line' id='line_1_82' title="bbox 450 4380 2033 4454; baseline 0.001 -16"><span class='ocrx_word' id='word_1_639' title='bbox 450 4382 716 4454; x_wconf 79' lang='lat' dir='ltr'><strong>pefactus,</strong></span> <span class='ocrx_word' id='word_1_640' title='bbox 745 4391 802 4437; x_wconf 92' lang='lat' dir='ltr'>et</span> <span class='ocrx_word' id='word_1_641' title='bbox 828 4396 888 4437; x_wconf 85' lang='lat' dir='ltr'>se</span> <span class='ocrx_word' id='word_1_642' title='bbox 919 4380 1118 4436; x_wconf 78' lang='lat' dir='ltr'><strong>falsum</strong></span> <span class='ocrx_word' id='word_1_643' title='bbox 1147 4396 1269 4437; x_wconf 87' lang='lat' dir='ltr'><strong>esse</strong></span> <span class='ocrx_word' id='word_1_644' title='bbox 1298 4383 1550 4452; x_wconf 87' lang='lat' dir='ltr'><strong>putabat,</strong></span> <span class='ocrx_word' id='word_1_645' title='bbox 1587 4383 1791 4439; x_wconf 86' lang='lat' dir='ltr'><strong>timens</strong></span> <span class='ocrx_word' id='word_1_646' title='bbox 1821 4399 1891 4440; x_wconf 91' lang='lat' dir='ltr'>ne</span> <span class='ocrx_word' id='word_1_647' title='bbox 1924 4398 2033 4440; x_wconf 90' lang='lat' dir='ltr'>non</span> 
     </span>
    </p>
   </div>
   <div class='ocr_carea' id='block_1_83' title="bbox 2133 4380 3725 4458">
    <p class='ocr_par' dir='ltr' id='par_1_83' title="bbox 2137 4380 3725 4458">
     <span class='ocr_line' id='line_1_83' title="bbox 2137 4380 3725 4458; baseline -0.001 -22"><span class='ocrx_word' id='word_1_648' title='bbox 2137 4382 2230 4458; x_wconf 79' lang='grc' dir='ltr'>ἦν,</span> <span class='ocrx_word' id='word_1_649' title='bbox 2278 4384 2376 4439; x_wconf 76' lang='grc' dir='ltr'>καὶ</span> <span class='ocrx_word' id='word_1_650' title='bbox 2429 4384 2623 4439; x_wconf 72' lang='grc' dir='ltr'>ἑαυτὸν</span> <span class='ocrx_word' id='word_1_651' title='bbox 2681 4383 2884 4454; x_wconf 79' lang='grc' dir='ltr'>μᾶλλον</span> <span class='ocrx_word' id='word_1_652' title='bbox 2912 4382 3294 4454; x_wconf 70' lang='grc' dir='ltr'>ιξηπατῆσθαι</span> <span class='ocrx_word' id='word_1_653' title='bbox 3324 4381 3484 4453; x_wconf 75' lang='grc' dir='ltr'>ᾤετο,</span> <span class='ocrx_word' id='word_1_654' title='bbox 3539 4380 3725 4444; x_wconf 87' lang='grc' dir='ltr'>δεδιὼς</span> 
     </span>
    </p>
   </div>
   <div class='ocr_carea' id='block_1_84' title="bbox 450 4468 2033 4548">
    <p class='ocr_par' dir='ltr' id='par_1_84' title="bbox 450 4472 2033 4544">
     <span class='ocr_line' id='line_1_84' title="bbox 450 4472 2033 4544; baseline 0 -13"><span class='ocrx_word' id='word_1_655' title='bbox 450 4483 601 4531; x_wconf 84' lang='lat' dir='ltr'><strong>esset</strong></span> <span class='ocrx_word' id='word_1_656' title='bbox 631 4488 828 4528; x_wconf 87' lang='lat' dir='ltr'><strong>aurum</strong></span> <span class='ocrx_word' id='word_1_657' title='bbox 864 4472 919 4527; x_wconf 91' lang='lat' dir='ltr'>id</span> <span class='ocrx_word' id='word_1_658' title='bbox 950 4474 1099 4544; x_wconf 90' lang='lat' dir='ltr'><strong>quod</strong></span> <span class='ocrx_word' id='word_1_659' title='bbox 1146 4475 1502 4530; x_wconf 87' lang='lat' dir='ltr'><strong>cernebatur.</strong></span> <span class='ocrx_word' id='word_1_660' title='bbox 1558 4475 1842 4532; x_wconf 84' lang='lat' dir='ltr'><strong>Uudenant</strong></span> <span class='ocrx_word' id='word_1_661' title='bbox 1885 4476 2033 4532; x_wconf 92' lang='lat' dir='ltr'><strong>enim</strong></span> 
     </span>
    </p>
   </div>
   <div class='ocr_carea' id='block_1_85' title="bbox 2133 4468 3726 4548">
    <p class='ocr_par' dir='ltr' id='par_1_85' title="bbox 2142 4468 3726 4548">
     <span class='ocr_line' id='line_1_85' title="bbox 2142 4468 3726 4548; baseline -0.001 -20"><span class='ocrx_word' id='word_1_662' title='bbox 2142 4476 2218 4548; x_wconf 84' lang='grc' dir='ltr'>μὴ</span> <span class='ocrx_word' id='word_1_663' title='bbox 2240 4474 2363 4546; x_wconf 79' lang='grc' dir='ltr'>οὐχὶ</span> <span class='ocrx_word' id='word_1_664' title='bbox 2404 4474 2603 4545; x_wconf 77' lang='grc' dir='ltr'>χρυσὸς</span> <span class='ocrx_word' id='word_1_665' title='bbox 2720 4474 2782 4528; x_wconf 81' lang='grc' dir='ltr'>τὸ</span> <span class='ocrx_word' id='word_1_666' title='bbox 2820 4473 3118 4545; x_wconf 82' lang='grc' dir='ltr'>ὁρώμενον,</span> <span class='ocrx_word' id='word_1_667' title='bbox 3155 4473 3274 4528; x_wconf 86' lang='grc' dir='ltr'>ἀλλ’</span> <span class='ocrx_word' id='word_1_668' title='bbox 3306 4474 3517 4545; x_wconf 83' lang='grc' dir='ltr'>ἀπάτη.</span> <span class='ocrx_word' id='word_1_669' title='bbox 3556 4472 3726 4527; x_wconf 83' lang='grc' dir='ltr'>Πόθεν</span> 
     </span>
    </p>
   </div>
   <div class='ocr_carea' id='block_1_86' title="bbox 422 4563 2033 4638">
    <p class='ocr_par' dir='ltr' id='par_1_86' title="bbox 422 4565 2033 4637">
     <span class='ocr_line' id='line_1_86' title="bbox 422 4565 2033 4637; baseline 0 -15"><span class='ocrx_word' id='word_1_670' title='bbox 422 4626 425 4635; x_wconf 34' lang='grc' dir='ltr'>π</span> <span class='ocrx_word' id='word_1_671' title='bbox 456 4568 564 4623; x_wconf 74' lang='lat' dir='ltr'><strong>tale</strong></span> <span class='ocrx_word' id='word_1_672' title='bbox 587 4565 721 4637; x_wconf 91' lang='lat' dir='ltr'><strong>quid</strong></span> <span class='ocrx_word' id='word_1_673' title='bbox 760 4565 958 4622; x_wconf 78' lang='lat' dir='ltr'><strong>fuisset</strong></span> <span class='ocrx_word' id='word_1_674' title='bbox 991 4565 1328 4636; x_wconf 88' lang='lat' dir='ltr'><strong>suspicatus,</strong></span> <span class='ocrx_word' id='word_1_675' title='bbox 1359 4566 1599 4623; x_wconf 85' lang='lat' dir='ltr'><strong>noluisse</strong></span> <span class='ocrx_word' id='word_1_676' title='bbox 1631 4567 2033 4624; x_wconf 77' lang='lat' dir='ltr'><strong>benefactorem</strong></span> 
     </span>
    </p>
   </div>
   <div class='ocr_carea' id='block_1_87' title="bbox 2133 4563 3729 4638">
    <p class='ocr_par' dir='ltr' id='par_1_87' title="bbox 2138 4563 3729 4638">
     <span class='ocr_line' id='line_1_87' title="bbox 2138 4563 3729 4638; baseline -0.003 -17"><span class='ocrx_word' id='word_1_677' title='bbox 2138 4567 2247 4637; x_wconf 81' lang='grc' dir='ltr'>γάρ</span> <span class='ocrx_word' id='word_1_678' title='bbox 2276 4567 2344 4620; x_wconf 83' lang='grc' dir='ltr'>ἂν</span> <span class='ocrx_word' id='word_1_679' title='bbox 2377 4567 2471 4619; x_wconf 81' lang='grc' dir='ltr'>καὶ</span> <span class='ocrx_word' id='word_1_680' title='bbox 2516 4565 2804 4636; x_wconf 76' lang='grc' dir='ltr'>ὑπειλήφει</span> <span class='ocrx_word' id='word_1_681' title='bbox 2847 4564 3113 4632; x_wconf 80' lang='grc' dir='ltr'>τοιοῦτον,</span> <span class='ocrx_word' id='word_1_682' title='bbox 3144 4567 3207 4620; x_wconf 70' lang='grc' dir='ltr'>τὸ</span> <span class='ocrx_word' id='word_1_683' title='bbox 3236 4565 3311 4638; x_wconf 78' lang='grc' dir='ltr'>μὴ</span> <span class='ocrx_word' id='word_1_684' title='bbox 3367 4565 3596 4635; x_wconf 79' lang='grc' dir='ltr'>θελῆσαι</span> <span class='ocrx_word' id='word_1_685' title='bbox 3630 4563 3729 4617; x_wconf 74' lang='grc' dir='ltr'>τὸν</span> 
     </span>
    </p>
   </div>
   <div class='ocr_carea' id='block_1_88' title="bbox 457 4656 2041 4723">
    <p class='ocr_par' dir='ltr' id='par_1_88' title="bbox 457 4656 2041 4723">
     <span class='ocr_line' id='line_1_88' title="bbox 457 4656 2041 4723; baseline -0.001 -10"><span class='ocrx_word' id='word_1_686' title='bbox 457 4671 584 4713; x_wconf 88' lang='lat' dir='ltr'>eum</span> <span class='ocrx_word' id='word_1_687' title='bbox 626 4656 833 4713; x_wconf 84' lang='lat' dir='ltr'><strong>habere</strong></span> <span class='ocrx_word' id='word_1_688' title='bbox 880 4657 1163 4713; x_wconf 87' lang='lat' dir='ltr'><strong>conscium</strong></span> <span class='ocrx_word' id='word_1_689' title='bbox 1218 4656 1473 4712; x_wconf 81' lang='lat' dir='ltr'><strong>beneﬁcii</strong></span> <span class='ocrx_word' id='word_1_690' title='bbox 1509 4658 1598 4712; x_wconf 91' lang='lat' dir='ltr'>cui</span> <span class='ocrx_word' id='word_1_691' title='bbox 1647 4658 2041 4723; x_wconf 82' lang='lat' dir='ltr'><strong>benct‘ecerat?</strong></span> 
     </span>
    </p>
   </div>
   <div class='ocr_carea' id='block_1_89' title="bbox 457 4748 2040 4819">
    <p class='ocr_par' dir='ltr' id='par_1_89' title="bbox 457 4748 2040 4819">
     <span class='ocr_line' id='line_1_89' title="bbox 457 4748 2040 4819; baseline -0.001 -13"><span class='ocrx_word' id='word_1_692' title='bbox 457 4749 729 4817; x_wconf 76' lang='lat' dir='ltr'><strong>Quocirca</strong></span> <span class='ocrx_word' id='word_1_693' title='bbox 774 4748 1005 4804; x_wconf 87' lang='lat' dir='ltr'><strong>summis</strong></span> <span class='ocrx_word' id='word_1_694' title='bbox 1045 4749 1097 4803; x_wconf 84' lang='lat' dir='ltr'>id</span> <span class='ocrx_word' id='word_1_695' title='bbox 1135 4758 1383 4806; x_wconf 84' lang='lat' dir='ltr'><strong>atterens</strong></span> <span class='ocrx_word' id='word_1_696' title='bbox 1433 4748 1625 4819; x_wconf 85' lang='lat' dir='ltr'><strong>digitis</strong></span> <span class='ocrx_word' id='word_1_697' title='bbox 1662 4757 1720 4804; x_wconf 89' lang='lat' dir='ltr'>et</span> <span class='ocrx_word' id='word_1_698' title='bbox 1764 4749 2040 4805; x_wconf 90' lang='lat' dir='ltr'><strong>curiosius</strong></span> 
     </span>
    </p>
   </div>
   <div class='ocr_carea' id='block_1_90' title="bbox 457 4839 2042 4910">
    <p class='ocr_par' dir='ltr' id='par_1_90' title="bbox 457 4839 2042 4910">
     <span class='ocr_line' id='line_1_90' title="bbox 457 4839 2042 4910; baseline -0.001 -12"><span class='ocrx_word' id='word_1_699' title='bbox 457 4842 702 4907; x_wconf 89' lang='lat' dir='ltr'><strong>intuens,</strong></span> <span class='ocrx_word' id='word_1_700' title='bbox 754 4839 850 4896; x_wconf 89' lang='lat' dir='ltr'>ubi</span> <span class='ocrx_word' id='word_1_701' title='bbox 899 4839 1157 4910; x_wconf 81' lang='lat' dir='ltr'><strong>cognovit</strong></span> <span class='ocrx_word' id='word_1_702' title='bbox 1196 4840 1253 4897; x_wconf 90' lang='lat' dir='ltr'>id</span> <span class='ocrx_word' id='word_1_703' title='bbox 1301 4855 1431 4897; x_wconf 81' lang='lat' dir='ltr'><strong>vere</strong></span> <span class='ocrx_word' id='word_1_704' title='bbox 1463 4855 1587 4897; x_wconf 84' lang='lat' dir='ltr'><strong>esse</strong></span> <span class='ocrx_word' id='word_1_705' title='bbox 1639 4857 1859 4908; x_wconf 88' lang='lat' dir='ltr'><strong>aurum,</strong></span> <span class='ocrx_word' id='word_1_706' title='bbox 1892 4842 2042 4897; x_wconf 74' lang='lat' dir='ltr'><strong>laeta-</strong></span> 
     </span>
    </p>
   </div>
   <div class='ocr_carea' id='block_1_91' title="bbox 457 4932 2041 5006">
    <p class='ocr_par' dir='ltr' id='par_1_91' title="bbox 457 4932 2041 5006">
     <span class='ocr_line' id='line_1_91' title="bbox 457 4932 2041 5006; baseline 0.001 -17"><span class='ocrx_word' id='word_1_707' title='bbox 457 4933 641 5001; x_wconf 84' lang='lat' dir='ltr'><strong>batur,</strong></span> <span class='ocrx_word' id='word_1_708' title='bbox 688 4932 1019 5000; x_wconf 86' lang='lat' dir='ltr'><strong>mirabatur,</strong></span> <span class='ocrx_word' id='word_1_709' title='bbox 1060 4933 1266 4991; x_wconf 88' lang='lat' dir='ltr'><strong>dubius</strong></span> <span class='ocrx_word' id='word_1_710' title='bbox 1306 4943 1431 4990; x_wconf 86' lang='lat' dir='ltr'><strong>erat</strong></span> <span class='ocrx_word' id='word_1_711' title='bbox 1457 4934 1651 5000; x_wconf 88' lang='lat' dir='ltr'><strong>animi,</strong></span> <span class='ocrx_word' id='word_1_712' title='bbox 1696 4948 1809 5006; x_wconf 65' lang='lat' dir='ltr'><strong>prae</strong></span> <span class='ocrx_word' id='word_1_713' title='bbox 1838 4933 2041 5005; x_wconf 81' lang='lat' dir='ltr'><strong>gaudio</strong></span> 
     </span>
    </p>
   </div>
   <div class='ocr_carea' id='block_1_92' title="bbox 457 5025 2043 5098">
    <p class='ocr_par' dir='ltr' id='par_1_92' title="bbox 457 5025 2043 5098">
     <span class='ocr_line' id='line_1_92' title="bbox 457 5025 2043 5098; baseline 0.001 -16"><span class='ocrx_word' id='word_1_714' title='bbox 457 5026 667 5082; x_wconf 87' lang='lat' dir='ltr'><strong>calidas</strong></span> <span class='ocrx_word' id='word_1_715' title='bbox 685 5025 1004 5083; x_wconf 70' lang='lat' dir='ltr'><strong>edundebat</strong></span> <span class='ocrx_word' id='word_1_716' title='bbox 1022 5026 1323 5098; x_wconf 86' lang='lat' dir='ltr'><strong>lacrymas.</strong></span> <span class='ocrx_word' id='word_1_717' title='bbox 1346 5027 1640 5096; x_wconf 89' lang='lat' dir='ltr'><strong>Postquam</strong></span> <span class='ocrx_word' id='word_1_718' title='bbox 1660 5036 1846 5083; x_wconf 87' lang='lat' dir='ltr'><strong>autem</strong></span> <span class='ocrx_word' id='word_1_719' title='bbox 1871 5026 2043 5083; x_wconf 82' lang='lat' dir='ltr'><strong>multa</strong></span> 
     </span>
    </p>
   </div>
   <div class='ocr_carea' id='block_1_93' title="bbox 458 5118 2043 5190">
    <p class='ocr_par' dir='ltr' id='par_1_93' title="bbox 458 5118 2043 5190">
     <span class='ocr_line' id='line_1_93' title="bbox 458 5118 2043 5190; baseline 0.001 -17"><span class='ocrx_word' id='word_1_720' title='bbox 458 5118 603 5189; x_wconf 89' lang='lat' dir='ltr'><strong>apud</strong></span> <span class='ocrx_word' id='word_1_721' title='bbox 650 5133 711 5174; x_wconf 90' lang='lat' dir='ltr'>se</span> <span class='ocrx_word' id='word_1_722' title='bbox 757 5134 986 5175; x_wconf 87' lang='lat' dir='ltr'><strong>versans</strong></span> <span class='ocrx_word' id='word_1_723' title='bbox 1042 5120 1321 5175; x_wconf 88' lang='lat' dir='ltr'><strong>neminem</strong></span> <span class='ocrx_word' id='word_1_724' title='bbox 1385 5118 1624 5175; x_wconf 83' lang='lat' dir='ltr'><strong>habebat</strong></span> <span class='ocrx_word' id='word_1_725' title='bbox 1663 5135 1857 5175; x_wconf 89' lang='lat' dir='ltr'><strong>eorum</strong></span> <span class='ocrx_word' id='word_1_726' title='bbox 1903 5134 2043 5190; x_wconf 88' lang='lat' dir='ltr'><strong>quos</strong></span> 
     </span>
    </p>
   </div>
   <div class='ocr_carea' id='block_1_94' title="bbox 458 5209 2041 5281">
    <p class='ocr_par' dir='ltr' id='par_1_94' title="bbox 458 5209 2041 5281">
     <span class='ocr_line' id='line_1_94' title="bbox 458 5209 2041 5281; baseline 0.001 -16"><span class='ocrx_word' id='word_1_727' title='bbox 458 5209 828 5279; x_wconf 87' lang='lat' dir='ltr'><strong>cognoscebat</strong></span> <span class='ocrx_word' id='word_1_728' title='bbox 866 5210 956 5265; x_wconf 89' lang='lat' dir='ltr'>cui</span> <span class='ocrx_word' id='word_1_729' title='bbox 989 5210 1292 5267; x_wconf 85' lang='lat' dir='ltr'><strong>ascriberet</strong></span> <span class='ocrx_word' id='word_1_730' title='bbox 1330 5210 1385 5265; x_wconf 89' lang='lat' dir='ltr'>id</span> <span class='ocrx_word' id='word_1_731' title='bbox 1420 5210 1567 5281; x_wconf 88' lang='lat' dir='ltr'><strong>quod</strong></span> <span class='ocrx_word' id='word_1_732' title='bbox 1612 5209 1817 5266; x_wconf 80' lang='lat' dir='ltr'><strong>factum</strong></span> <span class='ocrx_word' id='word_1_733' title='bbox 1844 5214 2041 5277; x_wconf 79' lang='lat' dir='ltr'><strong>fuerat,</strong></span> 
     </span>
    </p>
   </div>
   <div class='ocr_carea' id='block_1_95' title="bbox 461 5301 2045 5374">
    <p class='ocr_par' dir='ltr' id='par_1_95' title="bbox 461 5301 2045 5374">
     <span class='ocr_line' id='line_1_95' title="bbox 461 5301 2045 5374; baseline 0.001 -18"><span class='ocrx_word' id='word_1_734' title='bbox 461 5301 568 5356; x_wconf 86' lang='lat' dir='ltr'>hoc</span> <span class='ocrx_word' id='word_1_735' title='bbox 591 5302 701 5357; x_wconf 91' lang='lat' dir='ltr'><strong>Deo</strong></span> <span class='ocrx_word' id='word_1_736' title='bbox 722 5315 1008 5374; x_wconf 87' lang='lat' dir='ltr'><strong>acceptum</strong></span> <span class='ocrx_word' id='word_1_737' title='bbox 1038 5302 1273 5368; x_wconf 75' lang='lat' dir='ltr'><strong>ferebat,</strong></span> <span class='ocrx_word' id='word_1_738' title='bbox 1297 5311 1353 5357; x_wconf 90' lang='lat' dir='ltr'>et</span> <span class='ocrx_word' id='word_1_739' title='bbox 1376 5301 1636 5374; x_wconf 85' lang='lat' dir='ltr'><strong>lacrymis</strong></span> <span class='ocrx_word' id='word_1_740' title='bbox 1660 5319 1770 5358; x_wconf 88' lang='lat' dir='ltr'>non</span> <span class='ocrx_word' id='word_1_741' title='bbox 1794 5305 2045 5358; x_wconf 87' lang='lat' dir='ltr'><strong>cessabat</strong></span> 
     </span>
    </p>
   </div>
   <div class='ocr_carea' id='block_1_96' title="bbox 461 5391 2045 5466">
    <p class='ocr_par' dir='ltr' id='par_1_96' title="bbox 461 5391 2045 5466">
     <span class='ocr_line' id='line_1_96' title="bbox 461 5391 2045 5466; baseline 0 -18"><span class='ocrx_word' id='word_1_742' title='bbox 461 5391 514 5448; x_wconf 86' lang='lat' dir='ltr'>ei</span> <span class='ocrx_word' id='word_1_743' title='bbox 542 5394 744 5465; x_wconf 85' lang='lat' dir='ltr'><strong>gratias</strong></span> <span class='ocrx_word' id='word_1_744' title='bbox 773 5409 959 5465; x_wconf 85' lang='lat' dir='ltr'><strong>agerc,</strong></span> <span class='ocrx_word' id='word_1_745' title='bbox 988 5396 1074 5450; x_wconf 87' lang='lat' dir='ltr'>sui</span> <span class='ocrx_word' id='word_1_746' title='bbox 1112 5409 1337 5466; x_wconf 82' lang='lat' dir='ltr'><strong>quoque</strong></span> <span class='ocrx_word' id='word_1_747' title='bbox 1378 5394 1434 5449; x_wconf 86' lang='lat' dir='ltr'>in</span> <span class='ocrx_word' id='word_1_748' title='bbox 1468 5394 1642 5450; x_wconf 87' lang='lat' dir='ltr'><strong>Deum</strong></span> <span class='ocrx_word' id='word_1_749' title='bbox 1682 5394 1893 5464; x_wconf 87' lang='lat' dir='ltr'><strong>peccati</strong></span> <span class='ocrx_word' id='word_1_750' title='bbox 1922 5394 2045 5448; x_wconf 86' lang='lat' dir='ltr'><strong>cul-</strong></span> 
     </span>
    </p>
   </div>
   <div class='ocr_carea' id='block_1_97' title="bbox 464 5486 2047 5553">
    <p class='ocr_par' dir='ltr' id='par_1_97' title="bbox 464 5486 2047 5553">
     <span class='ocr_line' id='line_1_97' title="bbox 464 5486 2047 5553; baseline 0.003 -16"><span class='ocrx_word' id='word_1_751' title='bbox 464 5498 589 5552; x_wconf 83' lang='lat' dir='ltr'>pam</span> <span class='ocrx_word' id='word_1_752' title='bbox 616 5486 987 5542; x_wconf 86' lang='lat' dir='ltr'><strong>contendebat</strong></span> <span class='ocrx_word' id='word_1_753' title='bbox 1010 5488 1228 5544; x_wconf 87' lang='lat' dir='ltr'><strong>solvere</strong></span> <span class='ocrx_word' id='word_1_754' title='bbox 1251 5498 1380 5544; x_wconf 87' lang='lat' dir='ltr'><strong>ante</strong></span> <span class='ocrx_word' id='word_1_755' title='bbox 1405 5487 1540 5553; x_wconf 88' lang='lat' dir='ltr'><strong>alia;</strong></span> <span class='ocrx_word' id='word_1_756' title='bbox 1569 5495 1626 5541; x_wconf 93' lang='lat' dir='ltr'>et</span> <span class='ocrx_word' id='word_1_757' title='bbox 1653 5502 1817 5542; x_wconf 83' lang='lat' dir='ltr'><strong>uuam</strong></span> <span class='ocrx_word' id='word_1_758' title='bbox 1842 5502 1907 5541; x_wconf 76' lang='lat' dir='ltr'><strong>ex</strong></span> <span class='ocrx_word' id='word_1_759' title='bbox 1930 5486 2047 5541; x_wconf 89' lang='lat' dir='ltr'><strong>suis</strong></span> 
     </span>
    </p>
   </div>
   <div class='ocr_carea' id='block_1_98' title="bbox 465 5574 2045 5651">
    <p class='ocr_par' dir='ltr' id='par_1_98' title="bbox 465 5574 2045 5651">
     <span class='ocr_line' id='line_1_98' title="bbox 465 5574 2045 5651; baseline 0.006 -23"><span class='ocrx_word' id='word_1_760' title='bbox 465 5574 684 5631; x_wconf 81' lang='lat' dir='ltr'><strong>ﬁliabus</strong></span> <span class='ocrx_word' id='word_1_761' title='bbox 748 5593 946 5635; x_wconf 79' lang='lat' dir='ltr'><strong>neniae</strong></span> <span class='ocrx_word' id='word_1_762' title='bbox 984 5580 1240 5649; x_wconf 86' lang='lat' dir='ltr'><strong>primam,</strong></span> <span class='ocrx_word' id='word_1_763' title='bbox 1288 5579 1405 5636; x_wconf 85' lang='lat' dir='ltr'><strong>viro</strong></span> <span class='ocrx_word' id='word_1_764' title='bbox 1435 5579 1720 5651; x_wconf 86' lang='lat' dir='ltr'><strong>conjungit</strong></span> <span class='ocrx_word' id='word_1_765' title='bbox 1760 5579 2045 5637; x_wconf 85' lang='lat' dir='ltr'><strong>matrimo-</strong></span> 
     </span>
    </p>
   </div>
   <div class='ocr_carea' id='block_1_99' title="bbox 537 5738 978 5806">
    <p class='ocr_par' dir='ltr' id='par_1_99' title="bbox 537 5738 978 5806">
     <span class='ocr_line' id='line_1_99' title="bbox 537 5738 978 5806; baseline 0.002 -13"><span class='ocrx_word' id='word_1_766' title='bbox 537 5740 555 5772; x_wconf 84' lang='grc'><strong>⁷</strong></span> <span class='ocrx_word' id='word_1_767' title='bbox 591 5738 783 5795; x_wconf 81' lang='lat' dir='ltr'><strong>Matth.</strong></span> <span class='ocrx_word' id='word_1_768' title='bbox 815 5755 889 5806; x_wconf 77' lang='lat' dir='ltr'>vr,</span> <span class='ocrx_word' id='word_1_769' title='bbox 922 5738 978 5794; x_wconf 79' lang='lat'>5.</span> 
     </span>
    </p>
   </div>
   <div class='ocr_carea' id='block_1_100' title="bbox 2140 4656 3725 4731">
    <p class='ocr_par' dir='ltr' id='par_1_100' title="bbox 2140 4656 3725 4731">
     <span class='ocr_line' id='line_1_100' title="bbox 2140 4656 3725 4731; baseline -0.003 -18"><span class='ocrx_word' id='word_1_770' title='bbox 2140 4659 2556 4731; x_wconf 85' lang='grc' dir='ltr'>εὐηργετηκότα</span> <span class='ocrx_word' id='word_1_771' title='bbox 2618 4658 2756 4728; x_wconf 67' lang='grc' dir='ltr'>μηδὲ</span> <span class='ocrx_word' id='word_1_772' title='bbox 2815 4659 3108 4728; x_wconf 82' lang='grc' dir='ltr'>συνίστορα</span> <span class='ocrx_word' id='word_1_773' title='bbox 3142 4656 3237 4711; x_wconf 75' lang='grc' dir='ltr'>τὸν</span> <span class='ocrx_word' id='word_1_774' title='bbox 3264 4657 3327 4712; x_wconf 78' lang='grc' dir='ltr'>εὖ</span> <span class='ocrx_word' id='word_1_775' title='bbox 3354 4657 3593 4711; x_wconf 87' lang='grc' dir='ltr'>παθόντα</span> <span class='ocrx_word' id='word_1_776' title='bbox 3625 4657 3725 4726; x_wconf 76' lang='grc' dir='ltr'>τῆς</span> 
     </span>
    </p>
   </div>
   <div class='ocr_carea' id='block_1_101' title="bbox 2141 4746 3727 4821">
    <p class='ocr_par' dir='ltr' id='par_1_101' title="bbox 2141 4746 3727 4821">
     <span class='ocr_line' id='line_1_101' title="bbox 2141 4746 3727 4821; baseline -0.003 -16"><span class='ocrx_word' id='word_1_777' title='bbox 2141 4753 2463 4821; x_wconf 79' lang='grc' dir='ltr'>εὐεργεσίας</span> <span class='ocrx_word' id='word_1_778' title='bbox 2515 4749 2896 4821; x_wconf 87' lang='grc' dir='ltr'>παραλαϐεῖν;</span> <span class='ocrx_word' id='word_1_779' title='bbox 2955 4750 3119 4805; x_wconf 85' lang='grc' dir='ltr'>Ὅθεν</span> <span class='ocrx_word' id='word_1_780' title='bbox 3181 4752 3373 4821; x_wconf 82' lang='grc' dir='ltr'>ἄκροις</span> <span class='ocrx_word' id='word_1_781' title='bbox 3430 4746 3727 4820; x_wconf 66' lang='grc' dir='ltr'>ἐπιτρίϐων</span> 
     </span>
    </p>
   </div>
   <div class='ocr_carea' id='block_1_102' title="bbox 2142 4838 3725 4917">
    <p class='ocr_par' dir='ltr' id='par_1_102' title="bbox 2142 4838 3725 4917">
     <span class='ocr_line' id='line_1_102' title="bbox 2142 4838 3725 4917; baseline -0.003 -21"><span class='ocrx_word' id='word_1_782' title='bbox 2142 4844 2277 4917; x_wconf 68' lang='grc' dir='ltr'>αὐτό</span> <span class='ocrx_word' id='word_1_783' title='bbox 2325 4840 2635 4907; x_wconf 79' lang='grc' dir='ltr'>δακτύλοις,</span> <span class='ocrx_word' id='word_1_784' title='bbox 2693 4843 2791 4896; x_wconf 74' lang='grc' dir='ltr'>καὶ</span> <span class='ocrx_word' id='word_1_785' title='bbox 2845 4843 3271 4914; x_wconf 83' lang='grc' dir='ltr'>περιεργότερον</span> <span class='ocrx_word' id='word_1_786' title='bbox 3323 4838 3725 4911; x_wconf 60' lang='grc' dir='ltr'>ἐπαφώμενος,</span> 
     </span>
    </p>
   </div>
   <div class='ocr_carea' id='block_1_103' title="bbox 2143 4930 3725 5006">
    <p class='ocr_par' dir='ltr' id='par_1_103' title="bbox 2143 4930 3725 5006">
     <span class='ocr_line' id='line_1_103' title="bbox 2143 4930 3725 5006; baseline -0.005 -17"><span class='ocrx_word' id='word_1_787' title='bbox 2143 4935 2270 4989; x_wconf 72' lang='grc' dir='ltr'>ἐπεὶ</span> <span class='ocrx_word' id='word_1_788' title='bbox 2298 4934 2442 5004; x_wconf 67' lang='grc' dir='ltr'>ἔγνω</span> <span class='ocrx_word' id='word_1_789' title='bbox 2469 4935 2672 5006; x_wconf 80' lang='grc' dir='ltr'>χρυσὸν</span> <span class='ocrx_word' id='word_1_790' title='bbox 2702 4934 2919 5005; x_wconf 83' lang='grc' dir='ltr'>άληθῶς</span> <span class='ocrx_word' id='word_1_791' title='bbox 2947 4930 3092 4990; x_wconf 82' lang='grc' dir='ltr'>εἶναι</span> <span class='ocrx_word' id='word_1_792' title='bbox 3110 4974 3128 5001; x_wconf 86' lang='grc'>,</span> <span class='ocrx_word' id='word_1_793' title='bbox 3177 4934 3360 5006; x_wconf 73' lang='grc' dir='ltr'>ἥδετο,</span> <span class='ocrx_word' id='word_1_794' title='bbox 3395 4931 3725 5004; x_wconf 66' lang='grc' dir='ltr'>ἐθαύμαζεν,</span> 
     </span>
    </p>
   </div>
   <div class='ocr_carea' id='block_1_104' title="bbox 2143 5022 3728 5105">
    <p class='ocr_par' dir='ltr' id='par_1_104' title="bbox 2143 5022 3728 5105">
     <span class='ocr_line' id='line_1_104' title="bbox 2143 5022 3728 5105; baseline -0.004 -24"><span class='ocrx_word' id='word_1_795' title='bbox 2143 5028 2428 5099; x_wconf 77' lang='grc' dir='ltr'>ἠπορεῖτο,</span> <span class='ocrx_word' id='word_1_796' title='bbox 2467 5027 2674 5099; x_wconf 78' lang='grc' dir='ltr'>θερμὸν</span> <span class='ocrx_word' id='word_1_797' title='bbox 2701 5026 2793 5105; x_wconf 56' lang='lat' dir='ltr'><strong>fit?“</strong></span> <span class='ocrx_word' id='word_1_798' title='bbox 2825 5027 3021 5099; x_wconf 78' lang='grc' dir='ltr'>ἡδονῆς</span> <span class='ocrx_word' id='word_1_799' title='bbox 3045 5025 3322 5091; x_wconf 78' lang='grc' dir='ltr'>ἀπέσταζε</span> <span class='ocrx_word' id='word_1_800' title='bbox 3352 5025 3609 5097; x_wconf 81' lang='grc' dir='ltr'>δάκρυον,</span> <span class='ocrx_word' id='word_1_801' title='bbox 3627 5022 3728 5075; x_wconf 85' lang='grc' dir='ltr'>οὐκ</span> 
     </span>
    </p>
   </div>
   <div class='ocr_carea' id='block_1_105' title="bbox 2144 5114 3728 5192">
    <p class='ocr_par' dir='ltr' id='par_1_105' title="bbox 2144 5114 3728 5192">
     <span class='ocr_line' id='line_1_105' title="bbox 2144 5114 3728 5192; baseline -0.004 -18"><span class='ocrx_word' id='word_1_802' title='bbox 2144 5117 2291 5192; x_wconf 71' lang='grc' dir='ltr'>εἶχεν</span> <span class='ocrx_word' id='word_1_803' title='bbox 2319 5121 2348 5175; x_wconf 85' lang='grc' dir='ltr'><strong>ὅ</strong></span> <span class='ocrx_word' id='word_1_804' title='bbox 2374 5138 2428 5174; x_wconf 92' lang='grc' dir='ltr'>τι</span> <span class='ocrx_word' id='word_1_805' title='bbox 2459 5121 2554 5175; x_wconf 78' lang='grc' dir='ltr'>καὶ</span> <span class='ocrx_word' id='word_1_806' title='bbox 2583 5123 2813 5189; x_wconf 83' lang='grc' dir='ltr'>γένοιτο.</span> <span class='ocrx_word' id='word_1_807' title='bbox 2862 5121 2954 5184; x_wconf 82' lang='grc' dir='ltr'>Ὠς</span> <span class='ocrx_word' id='word_1_808' title='bbox 3004 5121 3063 5175; x_wconf 77' lang='grc' dir='ltr'>δὲ</span> <span class='ocrx_word' id='word_1_809' title='bbox 3108 5120 3280 5174; x_wconf 84' lang='grc' dir='ltr'>πολλά</span> <span class='ocrx_word' id='word_1_810' title='bbox 3324 5119 3574 5191; x_wconf 79' lang='grc' dir='ltr'>στρέφων</span> <span class='ocrx_word' id='word_1_811' title='bbox 3607 5114 3728 5168; x_wconf 81' lang='grc' dir='ltr'>καθ’</span> 
     </span>
    </p>
   </div>
   <div class='ocr_carea' id='block_1_106' title="bbox 2145 5206 3730 5285">
    <p class='ocr_par' dir='ltr' id='par_1_106' title="bbox 2145 5206 3730 5285">
     <span class='ocr_line' id='line_1_106' title="bbox 2145 5206 3730 5285; baseline -0.003 -19"><span class='ocrx_word' id='word_1_812' title='bbox 2145 5213 2361 5279; x_wconf 78' lang='grc' dir='ltr'>ἑαυτὸν,</span> <span class='ocrx_word' id='word_1_813' title='bbox 2386 5213 2576 5268; x_wconf 79' lang='grc' dir='ltr'>οὐδένα</span> <span class='ocrx_word' id='word_1_814' title='bbox 2605 5210 2718 5284; x_wconf 75' lang='grc' dir='ltr'>εἶχε</span> <span class='ocrx_word' id='word_1_815' title='bbox 2750 5213 2861 5268; x_wconf 89' lang='grc' dir='ltr'>τῶν</span> <span class='ocrx_word' id='word_1_816' title='bbox 2897 5214 3324 5285; x_wconf 81' lang='grc' dir='ltr'>γινωσκομένων</span> <span class='ocrx_word' id='word_1_817' title='bbox 3355 5206 3400 5282; x_wconf 80' lang='grc' dir='ltr'>ᾧ</span> <span class='ocrx_word' id='word_1_818' title='bbox 3431 5208 3730 5282; x_wconf 57' lang='grc' dir='ltr'>ἐπιγράφει</span> 
     </span>
    </p>
   </div>
   <div class='ocr_carea' id='block_1_107' title="bbox 2144 5302 3732 5375">
    <p class='ocr_par' dir='ltr' id='par_1_107' title="bbox 2144 5302 3732 5375">
     <span class='ocr_line' id='line_1_107' title="bbox 2144 5302 3732 5375; baseline -0.006 -18"><span class='ocrx_word' id='word_1_819' title='bbox 2144 5304 2208 5357; x_wconf 83' lang='grc' dir='ltr'>τὸ</span> <span class='ocrx_word' id='word_1_820' title='bbox 2236 5306 2485 5373; x_wconf 81' lang='grc' dir='ltr'>γεγονὸς,</span> <span class='ocrx_word' id='word_1_821' title='bbox 2519 5307 2612 5359; x_wconf 69' lang='grc' dir='ltr'>επὶ</span> <span class='ocrx_word' id='word_1_822' title='bbox 2660 5305 2816 5358; x_wconf 70' lang='grc' dir='ltr'>Θεὸν</span> <span class='ocrx_word' id='word_1_823' title='bbox 2838 5305 3074 5375; x_wconf 76' lang='grc' dir='ltr'>ἀνέφερε</span> <span class='ocrx_word' id='word_1_824' title='bbox 3117 5302 3302 5370; x_wconf 82' lang='grc' dir='ltr'>τοῦτο,</span> <span class='ocrx_word' id='word_1_825' title='bbox 3341 5303 3434 5356; x_wconf 69' lang='grc' dir='ltr'>καὶ</span> <span class='ocrx_word' id='word_1_826' title='bbox 3465 5302 3732 5369; x_wconf 84' lang='grc' dir='ltr'>δάκρυσιν</span> 
     </span>
    </p>
   </div>
   <div class='ocr_carea' id='block_1_108' title="bbox 2146 5389 3731 5469">
    <p class='ocr_par' dir='ltr' id='par_1_108' title="bbox 2146 5389 3731 5469">
     <span class='ocr_line' id='line_1_108' title="bbox 2146 5389 3731 5469; baseline -0.006 -19"><span class='ocrx_word' id='word_1_827' title='bbox 2146 5397 2491 5469; x_wconf 76' lang='grc' dir='ltr'>εὐχαριστῶν</span> <span class='ocrx_word' id='word_1_828' title='bbox 2551 5398 2653 5451; x_wconf 79' lang='grc' dir='ltr'>οὐκ</span> <span class='ocrx_word' id='word_1_829' title='bbox 2691 5397 2855 5452; x_wconf 83' lang='grc' dir='ltr'>ἀνίει.</span> <span class='ocrx_word' id='word_1_830' title='bbox 2928 5397 3022 5450; x_wconf 82' lang='grc' dir='ltr'>Διὸ</span> <span class='ocrx_word' id='word_1_831' title='bbox 3096 5399 3192 5450; x_wconf 72' lang='grc' dir='ltr'>καὶ</span> <span class='ocrx_word' id='word_1_832' title='bbox 3245 5393 3341 5448; x_wconf 80' lang='grc' dir='ltr'>τοῦ</span> <span class='ocrx_word' id='word_1_833' title='bbox 3405 5391 3541 5464; x_wconf 74' lang='grc' dir='ltr'>πρὸς</span> <span class='ocrx_word' id='word_1_834' title='bbox 3597 5389 3731 5443; x_wconf 80' lang='grc' dir='ltr'>Θεύν</span> 
     </span>
    </p>
   </div>
   <div class='ocr_carea' id='block_1_109' title="bbox 2146 5480 3731 5561">
    <p class='ocr_par' dir='ltr' id='par_1_109' title="bbox 2146 5480 3731 5561">
     <span class='ocr_line' id='line_1_109' title="bbox 2146 5480 3731 5561; baseline -0.006 -17"><span class='ocrx_word' id='word_1_835' title='bbox 2146 5489 2549 5561; x_wconf 80' lang='grc' dir='ltr'>ἁμαρτήματος</span> <span class='ocrx_word' id='word_1_836' title='bbox 2582 5489 2679 5561; x_wconf 74' lang='grc' dir='ltr'>τὴν</span> <span class='ocrx_word' id='word_1_837' title='bbox 2738 5489 2916 5543; x_wconf 83' lang='grc' dir='ltr'>αἰτίαν</span> <span class='ocrx_word' id='word_1_838' title='bbox 2972 5488 3236 5557; x_wconf 74' lang='grc' dir='ltr'>ἠπείγετο</span> <span class='ocrx_word' id='word_1_839' title='bbox 3283 5486 3392 5557; x_wconf 79' lang='grc' dir='ltr'>πρὸ</span> <span class='ocrx_word' id='word_1_840' title='bbox 3420 5485 3527 5537; x_wconf 82' lang='grc' dir='ltr'>τῶν</span> <span class='ocrx_word' id='word_1_841' title='bbox 3555 5480 3731 5536; x_wconf 78' lang='grc' dir='ltr'>ἄλλων</span> 
     </span>
    </p>
   </div>
   <div class='ocr_carea' id='block_1_110' title="bbox 2149 5570 3729 5654">
    <p class='ocr_par' dir='ltr' id='par_1_110' title="bbox 2149 5570 3729 5654">
     <span class='ocr_line' id='line_1_110' title="bbox 2149 5570 3729 5654; baseline -0.004 -20"><span class='ocrx_word' id='word_1_842' title='bbox 2149 5581 2326 5647; x_wconf 86' lang='grc' dir='ltr'>λύειν,</span> <span class='ocrx_word' id='word_1_843' title='bbox 2361 5583 2457 5636; x_wconf 76' lang='grc' dir='ltr'>καὶ</span> <span class='ocrx_word' id='word_1_844' title='bbox 2506 5582 2635 5652; x_wconf 85' lang='grc' dir='ltr'>μίαν</span> <span class='ocrx_word' id='word_1_845' title='bbox 2663 5580 2773 5635; x_wconf 85' lang='grc' dir='ltr'>τῶν</span> <span class='ocrx_word' id='word_1_846' title='bbox 2804 5579 3145 5654; x_wconf 80' lang='grc' dir='ltr'>θυγατέρων,</span> <span class='ocrx_word' id='word_1_847' title='bbox 3200 5582 3234 5652; x_wconf 84' lang='grc' dir='ltr'><strong>ή</strong></span> <span class='ocrx_word' id='word_1_848' title='bbox 3292 5580 3493 5654; x_wconf 85' lang='grc' dir='ltr'>πρώτη</span> <span class='ocrx_word' id='word_1_849' title='bbox 3554 5577 3612 5633; x_wconf 74' lang='grc' dir='ltr'>δὲ</span> <span class='ocrx_word' id='word_1_850' title='bbox 3658 5570 3729 5645; x_wconf 72' lang='grc' dir='ltr'>ἦν</span> 
     </span>
    </p>
   </div>
  </div>
