  <div class='ocr_page' id='page_1' title='image "/cluster/home/n/w/nwhite01/storage/ocr_20150623/116/hvd.32044073502221/168.png"; bbox 0 0 4080 6374; ppageno 0'>
   <div class='ocr_carea' id='block_1_1' title="bbox 341 329 453 390">
    <p class='ocr_par' dir='ltr' id='par_1_1' title="bbox 341 329 453 390">
     <span class='ocr_line' id='line_1_1' title="bbox 341 329 453 390; baseline -0.018 0"><span class='ocrx_word' id='word_1_1' title='bbox 341 329 453 390; x_wconf 74' lang='grc'>325</span> 
     </span>
    </p>
   </div>
   <div class='ocr_carea' id='block_1_2' title="bbox 1657 324 2320 388">
    <p class='ocr_par' dir='ltr' id='par_1_2' title="bbox 1657 324 2320 388">
     <span class='ocr_line' id='line_1_2' title="bbox 1657 324 2320 388; baseline 0.005 -4"><span class='ocrx_word' id='word_1_2' title='bbox 1657 325 1834 384; x_wconf 75' lang='lat' dir='ltr'><strong>Vf&#39;l‘A</strong></span> <span class='ocrx_word' id='word_1_3' title='bbox 1877 326 1933 383; x_wconf 78' lang='grc'>5.</span> <span class='ocrx_word' id='word_1_4' title='bbox 1983 324 2320 388; x_wconf 76' lang='lat' dir='ltr'><strong>NICOLAI.</strong></span> 
     </span>
    </p>
   </div>
   <div class='ocr_carea' id='block_1_3' title="bbox 3519 325 3626 389">
    <p class='ocr_par' dir='ltr' id='par_1_3' title="bbox 3519 325 3626 389">
     <span class='ocr_line' id='line_1_3' title="bbox 3519 325 3626 389; baseline 0.037 -3"><span class='ocrx_word' id='word_1_5' title='bbox 3519 325 3626 389; x_wconf 68' lang='lat'><strong>{=26</strong></span> 
     </span>
    </p>
   </div>
   <div class='ocr_carea' id='block_1_4' title="bbox 343 441 1922 513">
    <p class='ocr_par' dir='ltr' id='par_1_4' title="bbox 343 441 1922 512">
     <span class='ocr_line' id='line_1_4' title="bbox 343 441 1922 512; baseline -0.001 -16"><span class='ocrx_word' id='word_1_6' title='bbox 343 444 507 512; x_wconf 78' lang='grc' dir='ltr'>αὕτη,</span> <span class='ocrx_word' id='word_1_7' title='bbox 563 443 699 510; x_wconf 70' lang='grc' dir='ltr'>πρὸς</span> <span class='ocrx_word' id='word_1_8' title='bbox 726 441 904 512; x_wconf 85' lang='grc' dir='ltr'>γάμον</span> <span class='ocrx_word' id='word_1_9' title='bbox 930 443 1086 509; x_wconf 72' lang='grc' dir='ltr'>ἀνδρὶ</span> <span class='ocrx_word' id='word_1_10' title='bbox 1133 443 1421 506; x_wconf 74' lang='grc' dir='ltr'><strong>συνάπτει,</strong></span> <span class='ocrx_word' id='word_1_11' title='bbox 1482 442 1578 496; x_wconf 86' lang='grc' dir='ltr'><strong>τοῦ</strong></span> <span class='ocrx_word' id='word_1_12' title='bbox 1611 441 1922 512; x_wconf 72' lang='grc' dir='ltr'><strong>αὐτομάτως</strong></span> 
     </span>
    </p>
   </div>
   <div class='ocr_carea' id='block_1_5' title="bbox 2027 441 3625 513">
    <p class='ocr_par' dir='ltr' id='par_1_5' title="bbox 2037 441 3625 513">
     <span class='ocr_line' id='line_1_5' title="bbox 2037 441 3625 513; baseline -0.001 -18"><span class='ocrx_word' id='word_1_13' title='bbox 2037 442 2152 507; x_wconf 83' lang='grc' dir='ltr'>ιιίο,</span> <span class='ocrx_word' id='word_1_14' title='bbox 2202 457 2302 511; x_wconf 87' lang='lat' dir='ltr'><strong>pro</strong></span> <span class='ocrx_word' id='word_1_15' title='bbox 2333 447 2461 499; x_wconf 90' lang='lat' dir='ltr'><strong>dote</strong></span> <span class='ocrx_word' id='word_1_16' title='bbox 2505 444 2557 500; x_wconf 91' lang='lat' dir='ltr'><strong>ei</strong></span> <span class='ocrx_word' id='word_1_17' title='bbox 2603 443 2785 500; x_wconf 90' lang='lat' dir='ltr'><strong>soluto</strong></span> <span class='ocrx_word' id='word_1_18' title='bbox 2830 459 2966 498; x_wconf 85' lang='lat' dir='ltr'><strong>auro</strong></span> <span class='ocrx_word' id='word_1_19' title='bbox 2999 442 3146 513; x_wconf 86' lang='lat' dir='ltr'><strong>quod</strong></span> <span class='ocrx_word' id='word_1_20' title='bbox 3191 441 3409 498; x_wconf 90' lang='lat' dir='ltr'><strong>abunde</strong></span> <span class='ocrx_word' id='word_1_21' title='bbox 3449 442 3625 498; x_wconf 98' lang='lat' dir='ltr'><strong>fuerat</strong></span> 
     </span>
    </p>
   </div>
   <div class='ocr_carea' id='block_1_6' title="bbox 344 535 1938 608">
    <p class='ocr_par' dir='ltr' id='par_1_6' title="bbox 344 535 1938 608">
     <span class='ocr_line' id='line_1_6' title="bbox 344 535 1938 608; baseline -0.001 -19"><span class='ocrx_word' id='word_1_22' title='bbox 344 536 538 607; x_wconf 83' lang='grc' dir='ltr'>ὥσπερ</span> <span class='ocrx_word' id='word_1_23' title='bbox 587 535 810 605; x_wconf 77' lang='grc' dir='ltr'><strong>ῥυέντος</strong></span> <span class='ocrx_word' id='word_1_24' title='bbox 866 537 1070 608; x_wconf 81' lang='grc' dir='ltr'><strong>χρυσοῦ</strong></span> <span class='ocrx_word' id='word_1_25' title='bbox 1128 537 1160 606; x_wconf 79' lang='grc' dir='ltr'>ἦ</span> <span class='ocrx_word' id='word_1_26' title='bbox 1213 535 1588 607; x_wconf 84' lang='grc' dir='ltr'>θεοπέμπτου,</span> <span class='ocrx_word' id='word_1_27' title='bbox 1631 537 1834 606; x_wconf 85' lang='grc' dir='ltr'>μᾶλλον</span> <span class='ocrx_word' id='word_1_28' title='bbox 1860 539 1938 589; x_wconf 80' lang='grc' dir='ltr'>εἰ-</span> 
     </span>
    </p>
   </div>
   <div class='ocr_carea' id='block_1_7' title="bbox 346 629 1936 701">
    <p class='ocr_par' dir='ltr' id='par_1_7' title="bbox 346 629 1936 701">
     <span class='ocr_line' id='line_1_7' title="bbox 346 629 1936 701; baseline 0 -19"><span class='ocrx_word' id='word_1_29' title='bbox 346 632 493 692; x_wconf 78' lang='grc' dir='ltr'>πεῖν,</span> <span class='ocrx_word' id='word_1_30' title='bbox 524 629 729 694; x_wconf 86' lang='grc' dir='ltr'>ίκανῶς</span> <span class='ocrx_word' id='word_1_31' title='bbox 760 633 838 692; x_wconf 85' lang='grc' dir='ltr'><strong>εἰς</strong></span> <span class='ocrx_word' id='word_1_32' title='bbox 868 633 1068 699; x_wconf 83' lang='grc' dir='ltr'>προῖκα</span> <span class='ocrx_word' id='word_1_33' title='bbox 1098 629 1563 701; x_wconf 77' lang='grc' dir='ltr'>καταϐληθέντος.</span> <span class='ocrx_word' id='word_1_34' title='bbox 1608 629 1789 701; x_wconf 81' lang='grc' dir='ltr'>Ὅπερ</span> <span class='ocrx_word' id='word_1_35' title='bbox 1812 631 1936 682; x_wconf 69' lang='grc' dir='ltr'>ἐπεὶ</span> 
     </span>
    </p>
   </div>
   <div class='ocr_carea' id='block_1_8' title="bbox 347 719 1936 795">
    <p class='ocr_par' dir='ltr' id='par_1_8' title="bbox 347 719 1936 795">
     <span class='ocr_line' id='line_1_8' title="bbox 347 719 1936 795; baseline 0 -20"><span class='ocrx_word' id='word_1_36' title='bbox 347 723 487 793; x_wconf 77' lang='grc' dir='ltr'>πρὸς</span> <span class='ocrx_word' id='word_1_37' title='bbox 515 723 722 791; x_wconf 84' lang='grc' dir='ltr'>γνῶσιν</span> <span class='ocrx_word' id='word_1_38' title='bbox 746 719 878 795; x_wconf 82' lang='grc' dir='ltr'>ἦλθε</span> <span class='ocrx_word' id='word_1_39' title='bbox 906 723 984 792; x_wconf 86' lang='grc' dir='ltr'><strong>τῷ</strong></span> <span class='ocrx_word' id='word_1_40' title='bbox 1019 722 1334 793; x_wconf 73' lang='grc' dir='ltr'><strong>θαυμασίῳ,</strong></span> <span class='ocrx_word' id='word_1_41' title='bbox 1365 725 1458 777; x_wconf 77' lang='grc' dir='ltr'>καὶ</span> <span class='ocrx_word' id='word_1_42' title='bbox 1495 723 1638 791; x_wconf 75' lang='grc' dir='ltr'>ἔγνω</span> <span class='ocrx_word' id='word_1_43' title='bbox 1669 725 1809 776; x_wconf 80' lang='grc' dir='ltr'><strong>κατὰ</strong></span> <span class='ocrx_word' id='word_1_44' title='bbox 1837 723 1936 794; x_wconf 83' lang='grc' dir='ltr'><strong>τήν</strong></span> 
     </span>
    </p>
   </div>
   <div class='ocr_carea' id='block_1_9' title="bbox 344 815 1936 887">
    <p class='ocr_par' dir='ltr' id='par_1_9' title="bbox 344 815 1936 887">
     <span class='ocr_line' id='line_1_9' title="bbox 344 815 1936 887; baseline 0 -19"><span class='ocrx_word' id='word_1_45' title='bbox 344 816 576 884; x_wconf 84' lang='grc' dir='ltr'>γνώμην</span> <span class='ocrx_word' id='word_1_46' title='bbox 612 817 763 886; x_wconf 86' lang='grc' dir='ltr'>αὐτῷ</span> <span class='ocrx_word' id='word_1_47' title='bbox 790 816 1080 887; x_wconf 78' lang='grc' dir='ltr'>πράξαντα</span> <span class='ocrx_word' id='word_1_48' title='bbox 1136 816 1228 868; x_wconf 77' lang='grc' dir='ltr'><strong>τὸν</strong></span> <span class='ocrx_word' id='word_1_49' title='bbox 1278 815 1471 887; x_wconf 75' lang='grc' dir='ltr'>ἄνδρα,</span> <span class='ocrx_word' id='word_1_50' title='bbox 1503 816 1666 870; x_wconf 86' lang='grc' dir='ltr'><strong>τοῦτο</strong></span> <span class='ocrx_word' id='word_1_51' title='bbox 1695 816 1804 886; x_wconf 77' lang='grc' dir='ltr'>γὰρ</span> <span class='ocrx_word' id='word_1_52' title='bbox 1839 817 1936 868; x_wconf 77' lang='grc' dir='ltr'><strong>καὶ</strong></span> 
     </span>
    </p>
   </div>
   <div class='ocr_carea' id='block_1_10' title="bbox 347 905 1938 978">
    <p class='ocr_par' dir='ltr' id='par_1_10' title="bbox 347 905 1938 978">
     <span class='ocr_line' id='line_1_10' title="bbox 347 905 1938 978; baseline -0.001 -18"><span class='ocrx_word' id='word_1_53' title='bbox 347 907 512 971; x_wconf 77' lang='grc' dir='ltr'>αὐτὸς</span> <span class='ocrx_word' id='word_1_54' title='bbox 540 907 793 970; x_wconf 76' lang='grc' dir='ltr'><strong>ἔσπευδε,</strong></span> <span class='ocrx_word' id='word_1_55' title='bbox 845 907 907 959; x_wconf 77' lang='grc' dir='ltr'>τὸ</span> <span class='ocrx_word' id='word_1_56' title='bbox 941 906 1096 959; x_wconf 87' lang='grc' dir='ltr'>λῦσαι</span> <span class='ocrx_word' id='word_1_57' title='bbox 1123 906 1211 960; x_wconf 67' lang='grc' dir='ltr'>διὰ</span> <span class='ocrx_word' id='word_1_58' title='bbox 1246 907 1340 959; x_wconf 90' lang='grc' dir='ltr'><strong>τοῦ</strong></span> <span class='ocrx_word' id='word_1_59' title='bbox 1370 908 1551 977; x_wconf 83' lang='grc' dir='ltr'>γάμου</span> <span class='ocrx_word' id='word_1_60' title='bbox 1584 907 1684 978; x_wconf 81' lang='grc' dir='ltr'><strong>τὴν</strong></span> <span class='ocrx_word' id='word_1_61' title='bbox 1715 905 1805 960; x_wconf 87' lang='grc' dir='ltr'><strong>τοῦ</strong></span> <span class='ocrx_word' id='word_1_62' title='bbox 1839 923 1938 958; x_wconf 85' lang='grc' dir='ltr'><strong>κα·-</strong></span> 
     </span>
    </p>
   </div>
   <div class='ocr_carea' id='block_1_11' title="bbox 351 993 1935 1069">
    <p class='ocr_par' dir='ltr' id='par_1_11' title="bbox 351 993 1935 1069">
     <span class='ocr_line' id='line_1_11' title="bbox 351 993 1935 1069; baseline 0.001 -20"><span class='ocrx_word' id='word_1_63' title='bbox 351 996 450 1050; x_wconf 84' lang='grc' dir='ltr'>κοῦ</span> <span class='ocrx_word' id='word_1_64' title='bbox 500 997 802 1066; x_wconf 77' lang='grc' dir='ltr'>πρόφασιν,</span> <span class='ocrx_word' id='word_1_65' title='bbox 841 997 1112 1066; x_wconf 82' lang='grc' dir='ltr'>εὐτρεπὴς</span> <span class='ocrx_word' id='word_1_66' title='bbox 1145 993 1212 1066; x_wconf 83' lang='grc' dir='ltr'><strong>ἦν</strong></span> <span class='ocrx_word' id='word_1_67' title='bbox 1241 999 1308 1050; x_wconf 83' lang='grc' dir='ltr'>τὰ</span> <span class='ocrx_word' id='word_1_68' title='bbox 1343 999 1504 1068; x_wconf 78' lang='grc' dir='ltr'>ὅμοια</span> <span class='ocrx_word' id='word_1_69' title='bbox 1538 998 1633 1051; x_wconf 74' lang='grc' dir='ltr'><strong>καὶ</strong></span> <span class='ocrx_word' id='word_1_70' title='bbox 1661 999 1799 1069; x_wconf 81' lang='grc' dir='ltr'>πρὸς</span> <span class='ocrx_word' id='word_1_71' title='bbox 1837 997 1935 1068; x_wconf 76' lang='grc' dir='ltr'><strong>τὴν</strong></span> 
     </span>
    </p>
   </div>
   <div class='ocr_carea' id='block_1_12' title="bbox 347 1089 1936 1162">
    <p class='ocr_par' dir='ltr' id='par_1_12' title="bbox 347 1089 1936 1162">
     <span class='ocr_line' id='line_1_12' title="bbox 347 1089 1936 1162; baseline 0.002 -21"><span class='ocrx_word' id='word_1_72' title='bbox 347 1089 614 1160; x_wconf 77' lang='grc' dir='ltr'>δευτέραν</span> <span class='ocrx_word' id='word_1_73' title='bbox 644 1090 866 1159; x_wconf 76' lang='grc' dir='ltr'>δρᾶσαι.</span> <span class='ocrx_word' id='word_1_74' title='bbox 905 1091 1016 1142; x_wconf 74' lang='grc' dir='ltr'><strong>Καὶ</strong></span> <span class='ocrx_word' id='word_1_75' title='bbox 1045 1090 1110 1160; x_wconf 81' lang='grc' dir='ltr'><strong>δὴ</strong></span> <span class='ocrx_word' id='word_1_76' title='bbox 1140 1091 1234 1143; x_wconf 79' lang='grc' dir='ltr'><strong>καὶ</strong></span> <span class='ocrx_word' id='word_1_77' title='bbox 1277 1089 1436 1144; x_wconf 77' lang='grc' dir='ltr'>ἄλλον</span> <span class='ocrx_word' id='word_1_78' title='bbox 1465 1092 1772 1161; x_wconf 79' lang='grc' dir='ltr'><strong>ἀπόδεσμον</strong></span> <span class='ocrx_word' id='word_1_79' title='bbox 1801 1108 1936 1162; x_wconf 85' lang='grc' dir='ltr'>χρυ-</span> 
     </span>
    </p>
   </div>
   <div class='ocr_carea' id='block_1_13' title="bbox 356 1179 1935 1254">
    <p class='ocr_par' dir='ltr' id='par_1_13' title="bbox 356 1179 1935 1254">
     <span class='ocr_line' id='line_1_13' title="bbox 356 1179 1935 1254; baseline 0.003 -22"><span class='ocrx_word' id='word_1_80' title='bbox 356 1179 473 1243; x_wconf 81' lang='grc' dir='ltr'>σοῦ,</span> <span class='ocrx_word' id='word_1_81' title='bbox 509 1181 858 1235; x_wconf 79' lang='grc' dir='ltr'>ίσοταλαντον</span> <span class='ocrx_word' id='word_1_82' title='bbox 890 1182 968 1253; x_wconf 81' lang='grc' dir='ltr'>τῷ</span> <span class='ocrx_word' id='word_1_83' title='bbox 1003 1181 1285 1254; x_wconf 80' lang='grc' dir='ltr'><strong>προτέρῳ,</strong></span> <span class='ocrx_word' id='word_1_84' title='bbox 1312 1183 1506 1246; x_wconf 83' lang='grc' dir='ltr'>νυκτὸς</span> <span class='ocrx_word' id='word_1_85' title='bbox 1553 1184 1804 1250; x_wconf 80' lang='grc' dir='ltr'>ἐπιστάς,</span> <span class='ocrx_word' id='word_1_86' title='bbox 1838 1183 1935 1237; x_wconf 61' lang='grc' dir='ltr'><strong>καὶ⁹</strong></span> 
     </span>
    </p>
   </div>
   <div class='ocr_carea' id='block_1_14' title="bbox 348 1272 1934 1347">
    <p class='ocr_par' dir='ltr' id='par_1_14' title="bbox 348 1272 1934 1347">
     <span class='ocr_line' id='line_1_14' title="bbox 348 1272 1934 1347; baseline 0.003 -23"><span class='ocrx_word' id='word_1_87' title='bbox 348 1272 526 1325; x_wconf 75' lang='grc' dir='ltr'>οὐδενὶ</span> <span class='ocrx_word' id='word_1_88' title='bbox 557 1273 811 1342; x_wconf 74' lang='grc' dir='ltr'>αἴσθησιν</span> <span class='ocrx_word' id='word_1_89' title='bbox 861 1275 1004 1338; x_wconf 79' lang='grc' dir='ltr'><strong>δούς,</strong></span> <span class='ocrx_word' id='word_1_90' title='bbox 1046 1276 1198 1346; x_wconf 82' lang='grc' dir='ltr'><strong>αὐτῷ</strong></span> <span class='ocrx_word' id='word_1_91' title='bbox 1243 1274 1567 1344; x_wconf 75' lang='grc' dir='ltr'>ἐπιπέμπει.</span> <span class='ocrx_word' id='word_1_92' title='bbox 1602 1275 1839 1347; x_wconf 86' lang='grc' dir='ltr'>Ὀρθρου</span> <span class='ocrx_word' id='word_1_93' title='bbox 1878 1275 1934 1328; x_wconf 82' lang='grc' dir='ltr'><strong>δὲ</strong></span> 
     </span>
    </p>
   </div>
   <div class='ocr_carea' id='block_1_15' title="bbox 350 1369 1934 1443">
    <p class='ocr_par' dir='ltr' id='par_1_15' title="bbox 350 1369 1934 1443">
     <span class='ocr_line' id='line_1_15' title="bbox 350 1369 1934 1443; baseline 0.003 -23"><span class='ocrx_word' id='word_1_94' title='bbox 350 1369 642 1433; x_wconf 78' lang='grc' dir='ltr'>διαναστὰς</span> <span class='ocrx_word' id='word_1_95' title='bbox 699 1372 728 1422; x_wconf 99' lang='lat'><strong>6</strong></span> <span class='ocrx_word' id='word_1_96' title='bbox 792 1371 929 1441; x_wconf 81' lang='grc' dir='ltr'>ἀνὴρ</span> <span class='ocrx_word' id='word_1_97' title='bbox 958 1373 1050 1424; x_wconf 71' lang='grc' dir='ltr'>καὶ</span> <span class='ocrx_word' id='word_1_98' title='bbox 1084 1373 1143 1424; x_wconf 78' lang='grc' dir='ltr'>τὸ</span> <span class='ocrx_word' id='word_1_99' title='bbox 1170 1374 1394 1442; x_wconf 84' lang='grc' dir='ltr'>χρυσίον</span> <span class='ocrx_word' id='word_1_100' title='bbox 1453 1373 1649 1443; x_wconf 75' lang='grc' dir='ltr'>ἐπίσης</span> <span class='ocrx_word' id='word_1_101' title='bbox 1684 1371 1934 1442; x_wconf 82' lang='grc' dir='ltr'>εὑρηκὼς</span> 
     </span>
    </p>
   </div>
   <div class='ocr_carea' id='block_1_16' title="bbox 347 1461 1932 1534">
    <p class='ocr_par' dir='ltr' id='par_1_16' title="bbox 347 1461 1932 1534">
     <span class='ocr_line' id='line_1_16' title="bbox 347 1461 1932 1534; baseline 0.003 -20"><span class='ocrx_word' id='word_1_102' title='bbox 347 1461 624 1532; x_wconf 84' lang='grc' dir='ltr'>κείμενον,</span> <span class='ocrx_word' id='word_1_103' title='bbox 689 1465 782 1514; x_wconf 76' lang='grc' dir='ltr'>καὶ</span> <span class='ocrx_word' id='word_1_104' title='bbox 839 1461 963 1515; x_wconf 84' lang='grc' dir='ltr'>ίδὼν</span> <span class='ocrx_word' id='word_1_105' title='bbox 987 1464 1135 1527; x_wconf 82' lang='grc' dir='ltr'>ὅπως</span> <span class='ocrx_word' id='word_1_106' title='bbox 1165 1467 1192 1517; x_wconf 87' lang='lat'><strong>6</strong></span> <span class='ocrx_word' id='word_1_107' title='bbox 1223 1465 1357 1526; x_wconf 82' lang='grc' dir='ltr'>Θεὸς</span> <span class='ocrx_word' id='word_1_108' title='bbox 1384 1466 1602 1527; x_wconf 76' lang='grc' dir='ltr'>ἀπόνως</span> <span class='ocrx_word' id='word_1_109' title='bbox 1661 1464 1812 1534; x_wconf 83' lang='grc' dir='ltr'>αὐτῷ</span> <span class='ocrx_word' id='word_1_110' title='bbox 1849 1463 1932 1518; x_wconf 81' lang='grc' dir='ltr'>ὕει</span> 
     </span>
    </p>
   </div>
   <div class='ocr_carea' id='block_1_17' title="bbox 343 1553 1935 1629">
    <p class='ocr_par' dir='ltr' id='par_1_17' title="bbox 343 1553 1935 1629">
     <span class='ocr_line' id='line_1_17' title="bbox 343 1553 1935 1629; baseline 0.004 -26"><span class='ocrx_word' id='word_1_111' title='bbox 343 1554 437 1606; x_wconf 80' lang='grc' dir='ltr'><strong>τὸν</strong></span> <span class='ocrx_word' id='word_1_112' title='bbox 491 1553 746 1619; x_wconf 84' lang='grc' dir='ltr'>πλοῦτον,</span> <span class='ocrx_word' id='word_1_113' title='bbox 789 1555 902 1624; x_wconf 84' lang='grc' dir='ltr'>βίον</span> <span class='ocrx_word' id='word_1_114' title='bbox 951 1574 1006 1609; x_wconf 88' lang='grc' dir='ltr'><strong>τε</strong></span> <span class='ocrx_word' id='word_1_115' title='bbox 1042 1558 1275 1622; x_wconf 85' lang='grc' dir='ltr'>δίδωσιν,</span> <span class='ocrx_word' id='word_1_116' title='bbox 1311 1558 1501 1629; x_wconf 75' lang='grc' dir='ltr'>ὥσπερ</span> <span class='ocrx_word' id='word_1_117' title='bbox 1534 1561 1561 1611; x_wconf 98' lang='lat'><strong>6</strong></span> <span class='ocrx_word' id='word_1_118' title='bbox 1590 1558 1769 1626; x_wconf 80' lang='grc' dir='ltr'><strong>λόγος,</strong></span> <span class='ocrx_word' id='word_1_119' title='bbox 1799 1558 1935 1628; x_wconf 85' lang='grc' dir='ltr'>ἀλη-</span> 
     </span>
    </p>
   </div>
   <div class='ocr_carea' id='block_1_18' title="bbox 345 1647 1932 1722">
    <p class='ocr_par' dir='ltr' id='par_1_18' title="bbox 345 1647 1932 1722">
     <span class='ocr_line' id='line_1_18' title="bbox 345 1647 1932 1722; baseline -0.008 -7"><span class='ocrx_word' id='word_1_120' title='bbox 345 1647 631 1714; x_wconf 69' lang='grc' dir='ltr'><strong>λεσμένον,</strong></span> <span class='ocrx_word' id='word_1_121' title='bbox 691 1650 756 1716; x_wconf 70' lang='grc' dir='ltr'><strong>τῇ</strong></span> <span class='ocrx_word' id='word_1_122' title='bbox 812 1649 976 1718; x_wconf 76' lang='grc' dir='ltr'>ὁμοίᾳ</span> <span class='ocrx_word' id='word_1_123' title='bbox 1042 1648 1218 1720; x_wconf 80' lang='grc' dir='ltr'>εἴχετο</span> <span class='ocrx_word' id='word_1_124' title='bbox 1281 1652 1375 1705; x_wconf 78' lang='grc' dir='ltr'><strong>καὶ</strong></span> <span class='ocrx_word' id='word_1_125' title='bbox 1429 1649 1589 1714; x_wconf 75' lang='grc' dir='ltr'>αὖθις</span> <span class='ocrx_word' id='word_1_126' title='bbox 1644 1650 1932 1722; x_wconf 78' lang='grc' dir='ltr'>ἐκπλήξει.</span> 
     </span>
    </p>
   </div>
   <div class='ocr_carea' id='block_1_19' title="bbox 349 1739 1934 1814">
    <p class='ocr_par' dir='ltr' id='par_1_19' title="bbox 349 1739 1934 1814">
     <span class='ocr_line' id='line_1_19' title="bbox 349 1739 1934 1814; baseline 0.002 -21"><span class='ocrx_word' id='word_1_127' title='bbox 349 1739 535 1809; x_wconf 75' lang='grc' dir='ltr'>Ταύτῃ</span> <span class='ocrx_word' id='word_1_128' title='bbox 595 1757 676 1792; x_wconf 87' lang='grc' dir='ltr'>τοι</span> <span class='ocrx_word' id='word_1_129' title='bbox 711 1742 805 1792; x_wconf 74' lang='grc' dir='ltr'>καὶ</span> <span class='ocrx_word' id='word_1_130' title='bbox 835 1744 916 1804; x_wconf 84' lang='grc' dir='ltr'><strong>εἰς</strong></span> <span class='ocrx_word' id='word_1_131' title='bbox 970 1744 1077 1812; x_wconf 83' lang='grc' dir='ltr'>γῆν</span> <span class='ocrx_word' id='word_1_132' title='bbox 1135 1745 1340 1809; x_wconf 86' lang='grc' dir='ltr'>πεσὼν,</span> <span class='ocrx_word' id='word_1_133' title='bbox 1399 1745 1494 1797; x_wconf 74' lang='grc' dir='ltr'>καὶ</span> <span class='ocrx_word' id='word_1_134' title='bbox 1523 1745 1600 1814; x_wconf 80' lang='grc' dir='ltr'>τῷ</span> <span class='ocrx_word' id='word_1_135' title='bbox 1628 1745 1817 1812; x_wconf 82' lang='grc' dir='ltr'>ἐδάφει</span> <span class='ocrx_word' id='word_1_136' title='bbox 1873 1743 1934 1796; x_wconf 73' lang='grc' dir='ltr'>τὸ</span> 
     </span>
    </p>
   </div>
   <div class='ocr_carea' id='block_1_20' title="bbox 2038 534 3623 604">
    <p class='ocr_par' dir='ltr' id='par_1_20' title="bbox 2038 534 3623 604">
     <span class='ocr_line' id='line_1_20' title="bbox 2038 534 3623 604; baseline 0.003 -18"><span class='ocrx_word' id='word_1_137' title='bbox 2038 534 2474 603; x_wconf 70' lang='lat' dir='ltr'><strong>suppeditatum.</strong></span> <span class='ocrx_word' id='word_1_138' title='bbox 2523 534 2678 602; x_wconf 86' lang='lat' dir='ltr'><strong>Quod</strong></span> <span class='ocrx_word' id='word_1_139' title='bbox 2735 534 2960 604; x_wconf 91' lang='lat' dir='ltr'><strong>quidem</strong></span> <span class='ocrx_word' id='word_1_140' title='bbox 3016 544 3305 604; x_wconf 85' lang='lat' dir='ltr'><strong>postquam</strong></span> <span class='ocrx_word' id='word_1_141' title='bbox 3355 535 3507 588; x_wconf 89' lang='lat' dir='ltr'><strong>venit</strong></span> <span class='ocrx_word' id='word_1_142' title='bbox 3553 535 3623 590; x_wconf 83' lang='lat' dir='ltr'><strong>ad</strong></span> 
     </span>
    </p>
   </div>
   <div class='ocr_carea' id='block_1_21' title="bbox 2037 626 3625 696">
    <p class='ocr_par' dir='ltr' id='par_1_21' title="bbox 2037 626 3625 696">
     <span class='ocr_line' id='line_1_21' title="bbox 2037 626 3625 696; baseline 0.002 -18"><span class='ocrx_word' id='word_1_143' title='bbox 2037 626 2287 679; x_wconf 79' lang='lat' dir='ltr'><strong>notitiam</strong></span> <span class='ocrx_word' id='word_1_144' title='bbox 2323 627 2531 681; x_wconf 86' lang='lat' dir='ltr'><strong>Nicolai</strong></span> <span class='ocrx_word' id='word_1_145' title='bbox 2567 626 2932 689; x_wconf 84' lang='lat' dir='ltr'><strong>admirabilis,</strong></span> <span class='ocrx_word' id='word_1_146' title='bbox 2965 635 3018 679; x_wconf 91' lang='lat' dir='ltr'><strong>et</strong></span> <span class='ocrx_word' id='word_1_147' title='bbox 3052 626 3329 680; x_wconf 83' lang='lat' dir='ltr'><strong>hominem</strong></span> <span class='ocrx_word' id='word_1_148' title='bbox 3364 627 3625 696; x_wconf 75' lang='lat' dir='ltr'><strong>cognovit</strong></span> 
     </span>
    </p>
   </div>
   <div class='ocr_carea' id='block_1_22' title="bbox 2037 713 3622 788">
    <p class='ocr_par' dir='ltr' id='par_1_22' title="bbox 2037 713 3622 788">
     <span class='ocr_line' id='line_1_22' title="bbox 2037 713 3622 788; baseline 0.003 -22"><span class='ocrx_word' id='word_1_149' title='bbox 2037 713 2233 769; x_wconf 83' lang='lat' dir='ltr'><strong>fecisse</strong></span> <span class='ocrx_word' id='word_1_150' title='bbox 2277 730 2344 770; x_wconf 86' lang='lat' dir='ltr'><strong>ex</strong></span> <span class='ocrx_word' id='word_1_151' title='bbox 2383 717 2504 786; x_wconf 85' lang='lat' dir='ltr'><strong>ejus</strong></span> <span class='ocrx_word' id='word_1_152' title='bbox 2537 716 2706 770; x_wconf 89' lang='lat' dir='ltr'><strong>animi</strong></span> <span class='ocrx_word' id='word_1_153' title='bbox 2747 716 3020 771; x_wconf 86' lang='lat' dir='ltr'><strong>sententia</strong></span> <span class='ocrx_word' id='word_1_154' title='bbox 3067 717 3195 788; x_wconf 85' lang='lat' dir='ltr'><strong>(hoc</strong></span> <span class='ocrx_word' id='word_1_155' title='bbox 3237 717 3384 771; x_wconf 90' lang='lat' dir='ltr'><strong>enim</strong></span> <span class='ocrx_word' id='word_1_156' title='bbox 3419 728 3538 771; x_wconf 87' lang='lat' dir='ltr'><strong>erat</strong></span> <span class='ocrx_word' id='word_1_157' title='bbox 3569 716 3622 771; x_wconf 90' lang='lat' dir='ltr'><strong>ei</strong></span> 
     </span>
    </p>
   </div>
   <div class='ocr_carea' id='block_1_23' title="bbox 2036 807 3623 878">
    <p class='ocr_par' dir='ltr' id='par_1_23' title="bbox 2036 807 3623 878">
     <span class='ocr_line' id='line_1_23' title="bbox 2036 807 3623 878; baseline 0.003 -18"><span class='ocrx_word' id='word_1_158' title='bbox 2036 807 2221 861; x_wconf 91' lang='lat' dir='ltr'><strong>studio</strong></span> <span class='ocrx_word' id='word_1_159' title='bbox 2265 822 2364 876; x_wconf 89' lang='lat' dir='ltr'><strong>per</strong></span> <span class='ocrx_word' id='word_1_160' title='bbox 2401 807 2620 876; x_wconf 85' lang='lat' dir='ltr'><strong>nuptias</strong></span> <span class='ocrx_word' id='word_1_161' title='bbox 2643 807 2861 862; x_wconf 88' lang='lat' dir='ltr'><strong>auferre</strong></span> <span class='ocrx_word' id='word_1_162' title='bbox 2904 808 3031 862; x_wconf 89' lang='lat' dir='ltr'><strong>mali</strong></span> <span class='ocrx_word' id='word_1_163' title='bbox 3083 810 3486 875; x_wconf 87' lang='lat' dir='ltr'><strong>occasionem),</strong></span> <span class='ocrx_word' id='word_1_164' title='bbox 3523 825 3623 878; x_wconf 81' lang='lat' dir='ltr'><strong>pa-</strong></span> 
     </span>
    </p>
   </div>
   <div class='ocr_carea' id='block_1_24' title="bbox 2037 899 3624 968">
    <p class='ocr_par' dir='ltr' id='par_1_24' title="bbox 2037 899 3624 968">
     <span class='ocr_line' id='line_1_24' title="bbox 2037 899 3624 968; baseline 0.001 -17"><span class='ocrx_word' id='word_1_165' title='bbox 2037 906 2190 953; x_wconf 90' lang='lat' dir='ltr'><strong>ratus</strong></span> <span class='ocrx_word' id='word_1_166' title='bbox 2221 907 2340 953; x_wconf 88' lang='lat' dir='ltr'><strong>erat</strong></span> <span class='ocrx_word' id='word_1_167' title='bbox 2385 899 2583 953; x_wconf 87' lang='lat' dir='ltr'><strong>similia</strong></span> <span class='ocrx_word' id='word_1_168' title='bbox 2626 915 2846 968; x_wconf 89' lang='lat' dir='ltr'><strong>quoque</strong></span> <span class='ocrx_word' id='word_1_169' title='bbox 2895 899 3077 954; x_wconf 88' lang='lat' dir='ltr'><strong>facere</strong></span> <span class='ocrx_word' id='word_1_170' title='bbox 3110 901 3166 954; x_wconf 91' lang='lat' dir='ltr'><strong>in</strong></span> <span class='ocrx_word' id='word_1_171' title='bbox 3209 902 3508 954; x_wconf 87' lang='lat' dir='ltr'><strong>secundam</strong></span> <span class='ocrx_word' id='word_1_172' title='bbox 3557 899 3624 952; x_wconf 88' lang='lat' dir='ltr'><strong>fi-</strong></span> 
     </span>
    </p>
   </div>
   <div class='ocr_carea' id='block_1_25' title="bbox 2036 990 3621 1060">
    <p class='ocr_par' dir='ltr' id='par_1_25' title="bbox 2036 990 3621 1060">
     <span class='ocr_line' id='line_1_25' title="bbox 2036 990 3621 1060; baseline -0.001 -16"><span class='ocrx_word' id='word_1_173' title='bbox 2036 990 2164 1044; x_wconf 89' lang='lat' dir='ltr'><strong>liam</strong></span> <span class='ocrx_word' id='word_1_174' title='bbox 2189 1008 2203 1044; x_wconf 90' lang='lat'><strong>:</strong></span> <span class='ocrx_word' id='word_1_175' title='bbox 2235 1001 2398 1059; x_wconf 90' lang='lat' dir='ltr'><strong>atque</strong></span> <span class='ocrx_word' id='word_1_176' title='bbox 2421 990 2558 1044; x_wconf 79' lang='lat' dir='ltr'><strong>adeo</strong></span> <span class='ocrx_word' id='word_1_177' title='bbox 2583 992 2921 1046; x_wconf 88' lang='lat' dir='ltr'><strong>tantumdem</strong></span> <span class='ocrx_word' id='word_1_178' title='bbox 2951 991 3072 1045; x_wconf 87' lang='lat' dir='ltr'><strong>auri</strong></span> <span class='ocrx_word' id='word_1_179' title='bbox 3101 991 3318 1060; x_wconf 90' lang='lat' dir='ltr'><strong>pondus</strong></span> <span class='ocrx_word' id='word_1_180' title='bbox 3341 992 3621 1060; x_wconf 71' lang='lat' dir='ltr'><strong>alligatum</strong></span> 
     </span>
    </p>
   </div>
   <div class='ocr_carea' id='block_1_26' title="bbox 2037 1082 3624 1151">
    <p class='ocr_par' dir='ltr' id='par_1_26' title="bbox 2037 1082 3624 1151">
     <span class='ocr_line' id='line_1_26' title="bbox 2037 1082 3624 1151; baseline 0 -15"><span class='ocrx_word' id='word_1_181' title='bbox 2037 1082 2206 1136; x_wconf 88' lang='lat' dir='ltr'><strong>mittit</strong></span> <span class='ocrx_word' id='word_1_182' title='bbox 2243 1099 2341 1151; x_wconf 92' lang='lat' dir='ltr'><strong>per</strong></span> <span class='ocrx_word' id='word_1_183' title='bbox 2372 1083 2621 1137; x_wconf 86' lang='lat' dir='ltr'><strong>eamdem</strong></span> <span class='ocrx_word' id='word_1_184' title='bbox 2665 1083 2962 1138; x_wconf 89' lang='lat' dir='ltr'><strong>fenestram</strong></span> <span class='ocrx_word' id='word_1_185' title='bbox 3005 1093 3205 1146; x_wconf 88' lang='lat' dir='ltr'><strong>noctu,</strong></span> <span class='ocrx_word' id='word_1_186' title='bbox 3250 1083 3505 1136; x_wconf 87' lang='lat' dir='ltr'><strong>omnibus</strong></span> <span class='ocrx_word' id='word_1_187' title='bbox 3539 1083 3624 1136; x_wconf 85' lang='lat' dir='ltr'><strong>in-</strong></span> 
     </span>
    </p>
   </div>
   <div class='ocr_carea' id='block_1_27' title="bbox 2035 1173 3622 1232">
    <p class='ocr_par' dir='ltr' id='par_1_27' title="bbox 2035 1173 3622 1232">
     <span class='ocr_line' id='line_1_27' title="bbox 2035 1173 3622 1232; baseline -0.002 -3"><span class='ocrx_word' id='word_1_188' title='bbox 2035 1174 2362 1229; x_wconf 82' lang='lat' dir='ltr'><strong>scientibus.</strong></span> <span class='ocrx_word' id='word_1_189' title='bbox 2396 1173 2534 1228; x_wconf 88' lang='lat' dir='ltr'><strong>Cum</strong></span> <span class='ocrx_word' id='word_1_190' title='bbox 2569 1190 2700 1229; x_wconf 88' lang='lat' dir='ltr'><strong>vero</strong></span> <span class='ocrx_word' id='word_1_191' title='bbox 2733 1175 2819 1228; x_wconf 90' lang='lat' dir='ltr'><strong>vir</strong></span> <span class='ocrx_word' id='word_1_192' title='bbox 2853 1189 3012 1228; x_wconf 89' lang='lat' dir='ltr'><strong>mane</strong></span> <span class='ocrx_word' id='word_1_193' title='bbox 3046 1176 3397 1232; x_wconf 79' lang='lat' dir='ltr'><strong>surrexisset.</strong></span> <span class='ocrx_word' id='word_1_194' title='bbox 3433 1183 3488 1222; x_wconf 81' lang='lat' dir='ltr'><strong>et</strong></span> <span class='ocrx_word' id='word_1_195' title='bbox 3520 1188 3622 1226; x_wconf 75' lang='lat' dir='ltr'><strong>au-</strong></span> 
     </span>
    </p>
   </div>
   <div class='ocr_carea' id='block_1_28' title="bbox 2036 1265 3626 1332">
    <p class='ocr_par' dir='ltr' id='par_1_28' title="bbox 2036 1265 3626 1332">
     <span class='ocr_line' id='line_1_28' title="bbox 2036 1265 3626 1332; baseline 0 -12"><span class='ocrx_word' id='word_1_196' title='bbox 2036 1283 2160 1320; x_wconf 92' lang='lat' dir='ltr'><strong>rum</strong></span> <span class='ocrx_word' id='word_1_197' title='bbox 2195 1266 2450 1322; x_wconf 81' lang='lat' dir='ltr'><strong>similiter</strong></span> <span class='ocrx_word' id='word_1_198' title='bbox 2493 1267 2816 1332; x_wconf 77' lang='lat' dir='ltr'><strong>invenisset,</strong></span> <span class='ocrx_word' id='word_1_199' title='bbox 2865 1266 3059 1321; x_wconf 90' lang='lat' dir='ltr'><strong>eodem</strong></span> <span class='ocrx_word' id='word_1_200' title='bbox 3094 1266 3257 1320; x_wconf 88' lang='lat' dir='ltr'><strong>modo</strong></span> <span class='ocrx_word' id='word_1_201' title='bbox 3295 1279 3488 1320; x_wconf 88' lang='lat' dir='ltr'><strong>rursus</strong></span> <span class='ocrx_word' id='word_1_202' title='bbox 3523 1265 3626 1320; x_wconf 85' lang='lat' dir='ltr'><strong>fuit</strong></span> 
     </span>
    </p>
   </div>
   <div class='ocr_carea' id='block_1_29' title="bbox 2037 1357 3626 1428">
    <p class='ocr_par' dir='ltr' id='par_1_29' title="bbox 2037 1357 3626 1428">
     <span class='ocr_line' id='line_1_29' title="bbox 2037 1357 3626 1428; baseline 0.001 -16"><span class='ocrx_word' id='word_1_203' title='bbox 2037 1357 2474 1428; x_wconf 82' lang='lat' dir='ltr'><strong>obstupefactus,</strong></span> <span class='ocrx_word' id='word_1_204' title='bbox 2522 1358 2788 1428; x_wconf 89' lang='lat' dir='ltr'><strong>humique</strong></span> <span class='ocrx_word' id='word_1_205' title='bbox 2835 1367 3144 1428; x_wconf 88' lang='lat' dir='ltr'><strong>prostratus</strong></span> <span class='ocrx_word' id='word_1_206' title='bbox 3199 1358 3378 1413; x_wconf 89' lang='lat' dir='ltr'><strong>solum</strong></span> <span class='ocrx_word' id='word_1_207' title='bbox 3431 1358 3626 1414; x_wconf 88' lang='lat' dir='ltr'><strong>calidis</strong></span> 
     </span>
    </p>
   </div>
   <div class='ocr_carea' id='block_1_30' title="bbox 2038 1449 3624 1524">
    <p class='ocr_par' dir='ltr' id='par_1_30' title="bbox 2038 1449 3624 1524">
     <span class='ocr_line' id='line_1_30' title="bbox 2038 1449 3624 1524; baseline 0.001 -20"><span class='ocrx_word' id='word_1_208' title='bbox 2038 1449 2302 1520; x_wconf 77' lang='lat' dir='ltr'><strong>irrigabat</strong></span> <span class='ocrx_word' id='word_1_209' title='bbox 2338 1452 2617 1524; x_wconf 85' lang='lat' dir='ltr'><strong>lacrymis,</strong></span> <span class='ocrx_word' id='word_1_210' title='bbox 2702 1451 2866 1515; x_wconf 88' lang='lat' dir='ltr'><strong>Deus,</strong></span> <span class='ocrx_word' id='word_1_211' title='bbox 2899 1452 3108 1515; x_wconf 90' lang='lat' dir='ltr'><strong>dicens,</strong></span> <span class='ocrx_word' id='word_1_212' title='bbox 3151 1452 3245 1521; x_wconf 92' lang='lat' dir='ltr'><strong>qui</strong></span> <span class='ocrx_word' id='word_1_213' title='bbox 3291 1452 3371 1506; x_wconf 85' lang='lat' dir='ltr'><strong>vis</strong></span> <span class='ocrx_word' id='word_1_214' title='bbox 3409 1452 3624 1506; x_wconf 89' lang='lat' dir='ltr'><strong>miseri-</strong></span> 
     </span>
    </p>
   </div>
   <div class='ocr_carea' id='block_1_31' title="bbox 2037 1542 3622 1611">
    <p class='ocr_par' dir='ltr' id='par_1_31' title="bbox 2037 1542 3622 1611">
     <span class='ocr_line' id='line_1_31' title="bbox 2037 1542 3622 1611; baseline -0.001 -15"><span class='ocrx_word' id='word_1_215' title='bbox 2037 1542 2319 1608; x_wconf 88' lang='lat' dir='ltr'><strong>cordiam,</strong></span> <span class='ocrx_word' id='word_1_216' title='bbox 2367 1542 2717 1611; x_wconf 87' lang='lat' dir='ltr'><strong>dispensator</strong></span> <span class='ocrx_word' id='word_1_217' title='bbox 2768 1551 2968 1596; x_wconf 78' lang='lat' dir='ltr'><strong>nostra:</strong></span> <span class='ocrx_word' id='word_1_218' title='bbox 3029 1542 3259 1605; x_wconf 88' lang='lat' dir='ltr'><strong>salutis,</strong></span> <span class='ocrx_word' id='word_1_219' title='bbox 3308 1543 3403 1610; x_wconf 91' lang='lat' dir='ltr'><strong>qui</strong></span> <span class='ocrx_word' id='word_1_220' title='bbox 3457 1543 3622 1596; x_wconf 89' lang='lat' dir='ltr'><strong>etiam</strong></span> 
     </span>
    </p>
   </div>
   <div class='ocr_carea' id='block_1_32' title="bbox 2035 1632 3622 1705">
    <p class='ocr_par' dir='ltr' id='par_1_32' title="bbox 2035 1632 3622 1705">
     <span class='ocr_line' id='line_1_32' title="bbox 2035 1632 3622 1705; baseline 0 -18"><span class='ocrx_word' id='word_1_221' title='bbox 2035 1633 2191 1704; x_wconf 90' lang='lat' dir='ltr'><strong>prius</strong></span> <span class='ocrx_word' id='word_1_222' title='bbox 2216 1645 2442 1705; x_wconf 86' lang='lat' dir='ltr'><strong>propter</strong></span> <span class='ocrx_word' id='word_1_223' title='bbox 2467 1650 2640 1689; x_wconf 87' lang='lat' dir='ltr'><strong>meam</strong></span> <span class='ocrx_word' id='word_1_224' title='bbox 2670 1635 2834 1688; x_wconf 88' lang='lat' dir='ltr'><strong>homo</strong></span> <span class='ocrx_word' id='word_1_225' title='bbox 2857 1632 3042 1688; x_wconf 83' lang='lat' dir='ltr'><strong>factus</strong></span> <span class='ocrx_word' id='word_1_226' title='bbox 3063 1649 3122 1688; x_wconf 90' lang='lat' dir='ltr'><strong>es</strong></span> <span class='ocrx_word' id='word_1_227' title='bbox 3149 1633 3578 1690; x_wconf 71' lang='lat' dir='ltr'><strong>inobedtentiam</strong></span> <span class='ocrx_word' id='word_1_228' title='bbox 3606 1675 3622 1700; x_wconf 89' lang='lat'><strong>,</strong></span> 
     </span>
    </p>
   </div>
   <div class='ocr_carea' id='block_1_33' title="bbox 2036 1725 3612 1794">
    <p class='ocr_par' dir='ltr' id='par_1_33' title="bbox 2036 1725 3612 1794">
     <span class='ocr_line' id='line_1_33' title="bbox 2036 1725 3612 1794; baseline -0.003 -13"><span class='ocrx_word' id='word_1_229' title='bbox 2036 1737 2092 1781; x_wconf 84' lang='lat' dir='ltr'><strong>et</strong></span> <span class='ocrx_word' id='word_1_230' title='bbox 2120 1741 2266 1779; x_wconf 89' lang='lat' dir='ltr'><strong>nunc</strong></span> <span class='ocrx_word' id='word_1_231' title='bbox 2299 1741 2385 1780; x_wconf 88' lang='lat' dir='ltr'><strong>me</strong></span> <span class='ocrx_word' id='word_1_232' title='bbox 2417 1741 2540 1780; x_wconf 92' lang='lat' dir='ltr'><strong>cum</strong></span> <span class='ocrx_word' id='word_1_233' title='bbox 2570 1727 2783 1780; x_wconf 85' lang='lat' dir='ltr'><strong>filiabus</strong></span> <span class='ocrx_word' id='word_1_234' title='bbox 2812 1727 3016 1780; x_wconf 88' lang='lat' dir='ltr'><strong>liberas</strong></span> <span class='ocrx_word' id='word_1_235' title='bbox 3057 1741 3088 1779; x_wconf 89' lang='lat' dir='ltr'><strong>a</strong></span> <span class='ocrx_word' id='word_1_236' title='bbox 3134 1725 3334 1794; x_wconf 89' lang='lat' dir='ltr'><strong>laqueo</strong></span> <span class='ocrx_word' id='word_1_237' title='bbox 3375 1725 3612 1789; x_wconf 79' lang='lat' dir='ltr'><strong>inimici,</strong></span> 
     </span>
    </p>
   </div>
   <div class='ocr_carea' id='block_1_34' title="bbox 353 1816 1922 1907">
    <p class='ocr_par' dir='ltr' id='par_1_34' title="bbox 353 1833 1922 1907">
     <span class='ocr_line' id='line_1_34' title="bbox 353 1833 1922 1907; baseline 0.005 -25"><span class='ocrx_word' id='word_1_238' title='bbox 353 1833 610 1900; x_wconf 83' lang='grc' dir='ltr'>μέτωπον</span> <span class='ocrx_word' id='word_1_239' title='bbox 645 1833 1033 1904; x_wconf 81' lang='grc' dir='ltr'>προσερείσας,</span> <span class='ocrx_word' id='word_1_240' title='bbox 1065 1837 1422 1907; x_wconf 86' lang='grc' dir='ltr'>θερμοτέροις</span> <span class='ocrx_word' id='word_1_241' title='bbox 1478 1835 1629 1905; x_wconf 89' lang='grc' dir='ltr'>αὐτῷ</span> <span class='ocrx_word' id='word_1_242' title='bbox 1675 1838 1788 1899; x_wconf 84' lang='grc' dir='ltr'>τοῖς</span> <span class='ocrx_word' id='word_1_243' title='bbox 1837 1834 1922 1887; x_wconf 78' lang='grc' dir='ltr'><strong>δά-</strong></span> 
     </span>
    </p>
   </div>
   <div class='ocr_carea' id='block_1_35' title="bbox 2027 1816 3621 1907">
    <p class='ocr_par' dir='ltr' id='par_1_35' title="bbox 2033 1816 3621 1891">
     <span class='ocr_line' id='line_1_35' title="bbox 2033 1816 3621 1891; baseline -0.004 -17"><span class='ocrx_word' id='word_1_244' title='bbox 2033 1821 2150 1891; x_wconf 90' lang='lat' dir='ltr'><strong>ipse</strong></span> <span class='ocrx_word' id='word_1_245' title='bbox 2183 1819 2318 1873; x_wconf 87' lang='lat' dir='ltr'><strong>mihi</strong></span> <span class='ocrx_word' id='word_1_246' title='bbox 2352 1835 2480 1873; x_wconf 89' lang='lat' dir='ltr'><strong>eum</strong></span> <span class='ocrx_word' id='word_1_247' title='bbox 2514 1819 2742 1874; x_wconf 89' lang='lat' dir='ltr'><strong>ostende</strong></span> <span class='ocrx_word' id='word_1_248' title='bbox 2771 1820 2865 1889; x_wconf 88' lang='lat' dir='ltr'><strong>qui</strong></span> <span class='ocrx_word' id='word_1_249' title='bbox 2900 1827 3009 1872; x_wconf 79' lang='lat' dir='ltr'><strong>tua:</strong></span> <span class='ocrx_word' id='word_1_250' title='bbox 3045 1818 3293 1872; x_wconf 74' lang='lat' dir='ltr'><strong>deservit</strong></span> <span class='ocrx_word' id='word_1_251' title='bbox 3327 1816 3621 1881; x_wconf 83' lang='lat' dir='ltr'><strong>voluntati,</strong></span> 
     </span>
    </p>
   </div>
   <div class='ocr_carea' id='block_1_36' title="bbox 344 1922 1930 1999">
    <p class='ocr_par' dir='ltr' id='par_1_36' title="bbox 344 1922 1930 1999">
     <span class='ocr_line' id='line_1_36' title="bbox 344 1922 1930 1999; baseline 0.004 -25"><span class='ocrx_word' id='word_1_252' title='bbox 344 1939 541 1990; x_wconf 81' lang='grc' dir='ltr'>κρυσιν</span> <span class='ocrx_word' id='word_1_253' title='bbox 573 1922 788 1988; x_wconf 71' lang='grc' dir='ltr'>ἔεαλλε,</span> <span class='ocrx_word' id='word_1_254' title='bbox 818 1924 942 1989; x_wconf 83' lang='grc' dir='ltr'>Θεὲ,</span> <span class='ocrx_word' id='word_1_255' title='bbox 975 1927 1170 1993; x_wconf 85' lang='grc' dir='ltr'>λέγων,</span> <span class='ocrx_word' id='word_1_256' title='bbox 1200 1928 1395 1997; x_wconf 84' lang='grc' dir='ltr'>ἀγαθὲ,</span> <span class='ocrx_word' id='word_1_257' title='bbox 1434 1927 1536 1980; x_wconf 82' lang='grc' dir='ltr'><strong>Θεὲ</strong></span> <span class='ocrx_word' id='word_1_258' title='bbox 1569 1929 1790 1982; x_wconf 74' lang='grc' dir='ltr'>πάντων</span> <span class='ocrx_word' id='word_1_259' title='bbox 1826 1945 1930 1999; x_wconf 87' lang='grc' dir='ltr'>κη-</span> 
     </span>
    </p>
   </div>
   <div class='ocr_carea' id='block_1_37' title="bbox 342 2015 1929 2094">
    <p class='ocr_par' dir='ltr' id='par_1_37' title="bbox 342 2015 1929 2094">
     <span class='ocr_line' id='line_1_37' title="bbox 342 2015 1929 2094; baseline 0.006 -28"><span class='ocrx_word' id='word_1_260' title='bbox 342 2015 530 2083; x_wconf 81' lang='grc' dir='ltr'>δεμὼν</span> <span class='ocrx_word' id='word_1_261' title='bbox 563 2017 658 2068; x_wconf 77' lang='grc' dir='ltr'><strong>καὶ</strong></span> <span class='ocrx_word' id='word_1_262' title='bbox 686 2018 894 2086; x_wconf 85' lang='grc' dir='ltr'>ἀγαθοῦ</span> <span class='ocrx_word' id='word_1_263' title='bbox 924 2020 1121 2084; x_wconf 81' lang='grc' dir='ltr'>παντὸς</span> <span class='ocrx_word' id='word_1_264' title='bbox 1171 2021 1336 2088; x_wconf 85' lang='grc' dir='ltr'>αῐτιε,</span> <span class='ocrx_word' id='word_1_265' title='bbox 1363 2023 1615 2093; x_wconf 83' lang='grc' dir='ltr'>οίκονόμε</span> <span class='ocrx_word' id='word_1_266' title='bbox 1643 2023 1744 2093; x_wconf 82' lang='grc' dir='ltr'>τῆς</span> <span class='ocrx_word' id='word_1_267' title='bbox 1771 2021 1929 2094; x_wconf 82' lang='grc' dir='ltr'>ἡμῶν</span> 
     </span>
    </p>
   </div>
   <div class='ocr_carea' id='block_1_38' title="bbox 346 2111 1934 2187">
    <p class='ocr_par' dir='ltr' id='par_1_38' title="bbox 346 2111 1934 2187">
     <span class='ocr_line' id='line_1_38' title="bbox 346 2111 1934 2187; baseline 0.005 -27"><span class='ocrx_word' id='word_1_268' title='bbox 346 2111 651 2179; x_wconf 78' lang='grc' dir='ltr'><strong>σωτηρίας,</strong></span> <span class='ocrx_word' id='word_1_269' title='bbox 678 2114 706 2164; x_wconf 91' lang='lat'><strong>6</strong></span> <span class='ocrx_word' id='word_1_270' title='bbox 733 2114 825 2165; x_wconf 82' lang='grc' dir='ltr'><strong>καὶ</strong></span> <span class='ocrx_word' id='word_1_271' title='bbox 868 2115 1132 2184; x_wconf 86' lang='grc' dir='ltr'>πρότερον</span> <span class='ocrx_word' id='word_1_272' title='bbox 1161 2115 1250 2168; x_wconf 83' lang='grc' dir='ltr'>διὰ</span> <span class='ocrx_word' id='word_1_273' title='bbox 1279 2117 1375 2186; x_wconf 83' lang='grc' dir='ltr'><strong>τὴν</strong></span> <span class='ocrx_word' id='word_1_274' title='bbox 1403 2117 1544 2187; x_wconf 71' lang='grc' dir='ltr'>ἐμὴν</span> <span class='ocrx_word' id='word_1_275' title='bbox 1574 2115 1934 2187; x_wconf 81' lang='grc' dir='ltr'>ὲνανθρωπή-</span> 
     </span>
    </p>
   </div>
   <div class='ocr_carea' id='block_1_39' title="bbox 347 2203 1932 2279">
    <p class='ocr_par' dir='ltr' id='par_1_39' title="bbox 347 2203 1932 2279">
     <span class='ocr_line' id='line_1_39' title="bbox 347 2203 1932 2279; baseline 0.006 -28"><span class='ocrx_word' id='word_1_276' title='bbox 347 2217 447 2263; x_wconf 81' lang='grc' dir='ltr'><strong>σας</strong></span> <span class='ocrx_word' id='word_1_277' title='bbox 487 2203 828 2272; x_wconf 78' lang='grc' dir='ltr'>παράϐασιν,</span> <span class='ocrx_word' id='word_1_278' title='bbox 887 2208 978 2259; x_wconf 73' lang='grc' dir='ltr'>καὶ</span> <span class='ocrx_word' id='word_1_279' title='bbox 1010 2205 1105 2260; x_wconf 89' lang='grc' dir='ltr'><strong>νῦν</strong></span> <span class='ocrx_word' id='word_1_280' title='bbox 1131 2207 1248 2277; x_wconf 79' lang='grc' dir='ltr'><strong>ἅμα</strong></span> <span class='ocrx_word' id='word_1_281' title='bbox 1283 2209 1442 2261; x_wconf 67' lang='grc' dir='ltr'>παισὶ</span> <span class='ocrx_word' id='word_1_282' title='bbox 1493 2210 1590 2279; x_wconf 82' lang='grc' dir='ltr'>τῆς</span> <span class='ocrx_word' id='word_1_283' title='bbox 1621 2208 1932 2277; x_wconf 78' lang='grc' dir='ltr'>ἀναγκαίας</span> 
     </span>
    </p>
   </div>
   <div class='ocr_carea' id='block_1_40' title="bbox 341 2292 1926 2368">
    <p class='ocr_par' dir='ltr' id='par_1_40' title="bbox 341 2292 1926 2368">
     <span class='ocr_line' id='line_1_40' title="bbox 341 2292 1926 2368; baseline 0.014 -27"><span class='ocrx_word' id='word_1_284' title='bbox 341 2309 413 2358; x_wconf 83' lang='grc' dir='ltr'><strong>με</strong></span> <span class='ocrx_word' id='word_1_285' title='bbox 443 2292 651 2360; x_wconf 80' lang='grc' dir='ltr'>ταύτης</span> <span class='ocrx_word' id='word_1_286' title='bbox 682 2295 917 2363; x_wconf 85' lang='grc' dir='ltr'><strong>παγίδος</strong></span> <span class='ocrx_word' id='word_1_287' title='bbox 943 2295 1036 2350; x_wconf 84' lang='grc' dir='ltr'><strong>τοῦ</strong></span> <span class='ocrx_word' id='word_1_288' title='bbox 1075 2297 1276 2368; x_wconf 77' lang='grc' dir='ltr'><strong>ἐχθροῦ</strong></span> <span class='ocrx_word' id='word_1_289' title='bbox 1302 2299 1588 2368; x_wconf 77' lang='grc' dir='ltr'><strong>ῥυόμενος,</strong></span> <span class='ocrx_word' id='word_1_290' title='bbox 1627 2298 1793 2361; x_wconf 76' lang='grc' dir='ltr'>αὐτός</span> <span class='ocrx_word' id='word_1_291' title='bbox 1833 2313 1926 2367; x_wconf 86' lang='grc' dir='ltr'>μοι</span> 
     </span>
    </p>
   </div>
   <div class='ocr_carea' id='block_1_41' title="bbox 336 2383 1922 2460">
    <p class='ocr_par' dir='ltr' id='par_1_41' title="bbox 336 2383 1922 2460">
     <span class='ocr_line' id='line_1_41' title="bbox 336 2383 1922 2460; baseline 0.007 -27"><span class='ocrx_word' id='word_1_292' title='bbox 336 2383 432 2434; x_wconf 72' lang='grc' dir='ltr'><strong>τὸν</strong></span> <span class='ocrx_word' id='word_1_293' title='bbox 458 2385 552 2438; x_wconf 86' lang='grc' dir='ltr'><strong>τοῦ</strong></span> <span class='ocrx_word' id='word_1_294' title='bbox 586 2387 679 2438; x_wconf 85' lang='grc' dir='ltr'>σοῦ</span> <span class='ocrx_word' id='word_1_295' title='bbox 715 2386 1021 2458; x_wconf 78' lang='grc' dir='ltr'><strong>θελήματος</strong></span> <span class='ocrx_word' id='word_1_296' title='bbox 1052 2389 1352 2460; x_wconf 77' lang='grc' dir='ltr'><strong>ὑπουργὸν,</strong></span> <span class='ocrx_word' id='word_1_297' title='bbox 1411 2390 1502 2443; x_wconf 82' lang='grc' dir='ltr'>τὸν</span> <span class='ocrx_word' id='word_1_298' title='bbox 1537 2390 1631 2442; x_wconf 74' lang='grc' dir='ltr'><strong>σὸν</strong></span> <span class='ocrx_word' id='word_1_299' title='bbox 1656 2389 1922 2460; x_wconf 82' lang='grc' dir='ltr'>μιμητὴν,</span> 
     </span>
    </p>
   </div>
   <div class='ocr_carea' id='block_1_42' title="bbox 337 2478 1924 2553">
    <p class='ocr_par' dir='ltr' id='par_1_42' title="bbox 337 2478 1924 2553">
     <span class='ocr_line' id='line_1_42' title="bbox 337 2478 1924 2553; baseline 0.002 -22"><span class='ocrx_word' id='word_1_300' title='bbox 337 2478 429 2531; x_wconf 78' lang='grc' dir='ltr'><strong>τὸν</strong></span> <span class='ocrx_word' id='word_1_301' title='bbox 452 2480 510 2530; x_wconf 78' lang='grc' dir='ltr'><strong>ὲν</strong></span> <span class='ocrx_word' id='word_1_302' title='bbox 553 2479 866 2548; x_wconf 82' lang='grc' dir='ltr'>ἀνθρώποις</span> <span class='ocrx_word' id='word_1_303' title='bbox 896 2483 1152 2551; x_wconf 84' lang='grc' dir='ltr'>ἄγγελον,</span> <span class='ocrx_word' id='word_1_304' title='bbox 1206 2484 1265 2548; x_wconf 79' lang='grc' dir='ltr'>ὃς</span> <span class='ocrx_word' id='word_1_305' title='bbox 1309 2482 1454 2536; x_wconf 83' lang='grc' dir='ltr'>οὕτω</span> <span class='ocrx_word' id='word_1_306' title='bbox 1487 2481 1555 2553; x_wconf 82' lang='grc' dir='ltr'><strong>με</strong></span> <span class='ocrx_word' id='word_1_307' title='bbox 1587 2483 1924 2537; x_wconf 81' lang='grc' dir='ltr'><strong>ἀναπλάττει</strong></span> 
     </span>
    </p>
   </div>
   <div class='ocr_carea' id='block_1_43' title="bbox 336 2571 1922 2648">
    <p class='ocr_par' dir='ltr' id='par_1_43' title="bbox 336 2571 1922 2648">
     <span class='ocr_line' id='line_1_43' title="bbox 336 2571 1922 2648; baseline 0.003 -27"><span class='ocrx_word' id='word_1_308' title='bbox 336 2571 525 2638; x_wconf 79' lang='grc' dir='ltr'>πάλιν,</span> <span class='ocrx_word' id='word_1_309' title='bbox 573 2571 748 2637; x_wconf 71' lang='grc' dir='ltr'>οὕτως</span> <span class='ocrx_word' id='word_1_310' title='bbox 799 2575 1100 2645; x_wconf 78' lang='grc' dir='ltr'>ὲγκαινίζει</span> <span class='ocrx_word' id='word_1_311' title='bbox 1129 2593 1222 2645; x_wconf 87' lang='grc' dir='ltr'><strong>μοι</strong></span> <span class='ocrx_word' id='word_1_312' title='bbox 1261 2579 1360 2648; x_wconf 80' lang='grc' dir='ltr'>τὴν</span> <span class='ocrx_word' id='word_1_313' title='bbox 1386 2576 1714 2646; x_wconf 73' lang='grc' dir='ltr'>εὐημερίαν,</span> <span class='ocrx_word' id='word_1_314' title='bbox 1749 2574 1922 2637; x_wconf 75' lang='grc' dir='ltr'>οὕτως</span> 
     </span>
    </p>
   </div>
   <div class='ocr_carea' id='block_1_44' title="bbox 2030 1907 3625 1980">
    <p class='ocr_par' dir='ltr' id='par_1_44' title="bbox 2030 1907 3625 1980">
     <span class='ocr_line' id='line_1_44' title="bbox 2030 1907 3625 1980; baseline -0.003 -16"><span class='ocrx_word' id='word_1_315' title='bbox 2030 1911 2123 1980; x_wconf 89' lang='lat' dir='ltr'><strong>qui</strong></span> <span class='ocrx_word' id='word_1_316' title='bbox 2181 1911 2326 1964; x_wconf 86' lang='lat' dir='ltr'><strong>inter</strong></span> <span class='ocrx_word' id='word_1_317' title='bbox 2383 1910 2632 1964; x_wconf 88' lang='lat' dir='ltr'><strong>homines</strong></span> <span class='ocrx_word' id='word_1_318' title='bbox 2681 1919 2768 1964; x_wconf 86' lang='lat' dir='ltr'><strong>est</strong></span> <span class='ocrx_word' id='word_1_319' title='bbox 2821 1909 3048 1978; x_wconf 75' lang='lat' dir='ltr'><strong>angelus</strong></span> <span class='ocrx_word' id='word_1_320' title='bbox 3103 1916 3159 1961; x_wconf 91' lang='lat' dir='ltr'><strong>et</strong></span> <span class='ocrx_word' id='word_1_321' title='bbox 3212 1907 3458 1962; x_wconf 88' lang='lat' dir='ltr'><strong>imitator</strong></span> <span class='ocrx_word' id='word_1_322' title='bbox 3515 1916 3625 1960; x_wconf 64' lang='lat' dir='ltr'><strong>tua</strong></span> 
     </span>
    </p>
   </div>
   <div class='ocr_carea' id='block_1_45' title="bbox 2029 1999 3623 2072">
    <p class='ocr_par' dir='ltr' id='par_1_45' title="bbox 2029 1999 3623 2072">
     <span class='ocr_line' id='line_1_45' title="bbox 2029 1999 3623 2072; baseline -0.004 -14"><span class='ocrx_word' id='word_1_323' title='bbox 2029 2002 2422 2072; x_wconf 75' lang='lat' dir='ltr'><strong>benignitatis;</strong></span> <span class='ocrx_word' id='word_1_324' title='bbox 2459 2003 2585 2072; x_wconf 90' lang='lat' dir='ltr'><strong>quis</strong></span> <span class='ocrx_word' id='word_1_325' title='bbox 2616 2002 2704 2054; x_wconf 91' lang='lat' dir='ltr'><strong>hic</strong></span> <span class='ocrx_word' id='word_1_326' title='bbox 2749 2011 2854 2066; x_wconf 80' lang='lat' dir='ltr'><strong>est,</strong></span> <span class='ocrx_word' id='word_1_327' title='bbox 2893 2000 2986 2069; x_wconf 91' lang='lat' dir='ltr'><strong>qui</strong></span> <span class='ocrx_word' id='word_1_328' title='bbox 3034 2015 3135 2053; x_wconf 89' lang='lat' dir='ltr'><strong>nos</strong></span> <span class='ocrx_word' id='word_1_329' title='bbox 3176 1999 3384 2066; x_wconf 87' lang='lat' dir='ltr'><strong>eripuit</strong></span> <span class='ocrx_word' id='word_1_330' title='bbox 3417 2014 3447 2052; x_wconf 90' lang='lat' dir='ltr'><strong>a</strong></span> <span class='ocrx_word' id='word_1_331' title='bbox 3479 2014 3623 2067; x_wconf 83' lang='lat' dir='ltr'><strong>pau-</strong></span> 
     </span>
    </p>
   </div>
   <div class='ocr_carea' id='block_1_46' title="bbox 2029 2090 3622 2164">
    <p class='ocr_par' dir='ltr' id='par_1_46' title="bbox 2029 2090 3622 2164">
     <span class='ocr_line' id='line_1_46' title="bbox 2029 2090 3622 2164; baseline -0.004 -16"><span class='ocrx_word' id='word_1_332' title='bbox 2029 2103 2242 2164; x_wconf 86' lang='lat' dir='ltr'><strong>pertate</strong></span> <span class='ocrx_word' id='word_1_333' title='bbox 2273 2108 2395 2163; x_wconf 74' lang='lat' dir='ltr'><strong>qua:</strong></span> <span class='ocrx_word' id='word_1_334' title='bbox 2435 2108 2537 2146; x_wconf 91' lang='lat' dir='ltr'><strong>nos</strong></span> <span class='ocrx_word' id='word_1_335' title='bbox 2569 2092 2874 2162; x_wconf 78' lang='lat' dir='ltr'><strong>premebat,</strong></span> <span class='ocrx_word' id='word_1_336' title='bbox 2918 2100 2974 2146; x_wconf 89' lang='lat' dir='ltr'><strong>et</strong></span> <span class='ocrx_word' id='word_1_337' title='bbox 3016 2106 3047 2144; x_wconf 89' lang='lat' dir='ltr'><strong>a</strong></span> <span class='ocrx_word' id='word_1_338' title='bbox 3091 2091 3248 2144; x_wconf 87' lang='lat' dir='ltr'><strong>tetris</strong></span> <span class='ocrx_word' id='word_1_339' title='bbox 3279 2090 3443 2144; x_wconf 79' lang='lat' dir='ltr'><strong>solvit</strong></span> <span class='ocrx_word' id='word_1_340' title='bbox 3473 2090 3622 2159; x_wconf 77' lang='lat' dir='ltr'><strong>cogi-</strong></span> 
     </span>
    </p>
   </div>
   <div class='ocr_carea' id='block_1_47' title="bbox 2033 2180 3618 2239">
    <p class='ocr_par' dir='ltr' id='par_1_47' title="bbox 2033 2180 3618 2239">
     <span class='ocr_line' id='line_1_47' title="bbox 2033 2180 3618 2239; baseline -0.002 0"><span class='ocrx_word' id='word_1_341' title='bbox 2033 2183 2354 2239; x_wconf 87' lang='lat' dir='ltr'><strong>tationibus.</strong></span> <span class='ocrx_word' id='word_1_342' title='bbox 2393 2185 2534 2238; x_wconf 89' lang='lat' dir='ltr'><strong>Ecce</strong></span> <span class='ocrx_word' id='word_1_343' title='bbox 2565 2183 2712 2238; x_wconf 91' lang='lat' dir='ltr'><strong>enim</strong></span> <span class='ocrx_word' id='word_1_344' title='bbox 2753 2193 2844 2236; x_wconf 86' lang='lat' dir='ltr'><strong>tua</strong></span> <span class='ocrx_word' id='word_1_345' title='bbox 2892 2180 3270 2236; x_wconf 87' lang='lat' dir='ltr'><strong>misericordia</strong></span> <span class='ocrx_word' id='word_1_346' title='bbox 3317 2180 3618 2236; x_wconf 90' lang='lat' dir='ltr'><strong>secundam</strong></span> 
     </span>
    </p>
   </div>
   <div class='ocr_carea' id='block_1_48' title="bbox 2034 2272 3620 2346">
    <p class='ocr_par' dir='ltr' id='par_1_48' title="bbox 2034 2272 3620 2346">
     <span class='ocr_line' id='line_1_48' title="bbox 2034 2272 3620 2346; baseline -0.004 -14"><span class='ocrx_word' id='word_1_347' title='bbox 2034 2277 2200 2332; x_wconf 88' lang='lat' dir='ltr'><strong>filiam</strong></span> <span class='ocrx_word' id='word_1_348' title='bbox 2249 2276 2406 2331; x_wconf 88' lang='lat' dir='ltr'><strong>trado</strong></span> <span class='ocrx_word' id='word_1_349' title='bbox 2451 2278 2570 2330; x_wconf 81' lang='lat' dir='ltr'><strong>viro</strong></span> <span class='ocrx_word' id='word_1_350' title='bbox 2615 2273 3051 2346; x_wconf 83' lang='lat' dir='ltr'><strong>conjungendam</strong></span> <span class='ocrx_word' id='word_1_351' title='bbox 3091 2272 3444 2327; x_wconf 84' lang='lat' dir='ltr'><strong>matrimonio</strong></span> <span class='ocrx_word' id='word_1_352' title='bbox 3482 2273 3620 2342; x_wconf 77' lang='lat' dir='ltr'><strong>legi-</strong></span> 
     </span>
    </p>
   </div>
   <div class='ocr_carea' id='block_1_49' title="bbox 2039 2363 3619 2438">
    <p class='ocr_par' dir='ltr' id='par_1_49' title="bbox 2039 2363 3619 2438">
     <span class='ocr_line' id='line_1_49' title="bbox 2039 2363 3619 2438; baseline -0.003 -15"><span class='ocrx_word' id='word_1_353' title='bbox 2039 2369 2195 2431; x_wconf 86' lang='lat' dir='ltr'><strong>timo,</strong></span> <span class='ocrx_word' id='word_1_354' title='bbox 2229 2384 2350 2438; x_wconf 66' lang='lat' dir='ltr'><strong>quae</strong></span> <span class='ocrx_word' id='word_1_355' title='bbox 2384 2368 2496 2438; x_wconf 85' lang='lat' dir='ltr'><strong>jam</strong></span> <span class='ocrx_word' id='word_1_356' title='bbox 2527 2366 2722 2421; x_wconf 88' lang='lat' dir='ltr'><strong>vitavit</strong></span> <span class='ocrx_word' id='word_1_357' title='bbox 2751 2383 2819 2419; x_wconf 91' lang='lat' dir='ltr'><strong>ne</strong></span> <span class='ocrx_word' id='word_1_358' title='bbox 2863 2366 2935 2420; x_wconf 86' lang='lat' dir='ltr'><strong>sit</strong></span> <span class='ocrx_word' id='word_1_359' title='bbox 2963 2363 3152 2434; x_wconf 61' lang='lat' dir='ltr'><strong>praeda</strong></span> <span class='ocrx_word' id='word_1_360' title='bbox 3186 2363 3414 2429; x_wconf 90' lang='lat' dir='ltr'><strong>diaboli,</strong></span> <span class='ocrx_word' id='word_1_361' title='bbox 3450 2375 3508 2419; x_wconf 90' lang='lat' dir='ltr'><strong>et</strong></span> <span class='ocrx_word' id='word_1_362' title='bbox 3550 2379 3619 2418; x_wconf 81' lang='lat' dir='ltr'><strong>ne</strong></span> 
     </span>
    </p>
   </div>
   <div class='ocr_carea' id='block_1_50' title="bbox 2033 2453 3620 2524">
    <p class='ocr_par' dir='ltr' id='par_1_50' title="bbox 2033 2453 3620 2524">
     <span class='ocr_line' id='line_1_50' title="bbox 2033 2453 3620 2524; baseline -0.001 -15"><span class='ocrx_word' id='word_1_363' title='bbox 2033 2455 2170 2509; x_wconf 88' lang='lat' dir='ltr'><strong>mihi</strong></span> <span class='ocrx_word' id='word_1_364' title='bbox 2205 2466 2478 2524; x_wconf 58' lang='lat' dir='ltr'><strong>questum</strong></span> <span class='ocrx_word' id='word_1_365' title='bbox 2516 2453 2708 2509; x_wconf 66' lang='lat' dir='ltr'><strong>afferat</strong></span> <span class='ocrx_word' id='word_1_366' title='bbox 2782 2454 2980 2524; x_wconf 89' lang='lat' dir='ltr'><strong>quovis</strong></span> <span class='ocrx_word' id='word_1_367' title='bbox 3021 2453 3247 2520; x_wconf 87' lang='lat' dir='ltr'><strong>damno,</strong></span> <span class='ocrx_word' id='word_1_368' title='bbox 3290 2453 3427 2524; x_wconf 86' lang='lat' dir='ltr'><strong>prob</strong></span> <span class='ocrx_word' id='word_1_369' title='bbox 3459 2453 3620 2508; x_wconf 88' lang='lat' dir='ltr'><strong>dolor</strong></span> 
     </span>
    </p>
   </div>
   <div class='ocr_carea' id='block_1_51' title="bbox 2033 2547 2369 2617">
    <p class='ocr_par' dir='ltr' id='par_1_51' title="bbox 2033 2547 2369 2617">
     <span class='ocr_line' id='line_1_51' title="bbox 2033 2547 2369 2617; baseline 0.003 -17"><span class='ocrx_word' id='word_1_370' title='bbox 2033 2547 2369 2617; x_wconf 77' lang='lat' dir='ltr'><strong>graviorem.</strong></span> 
     </span>
    </p>
   </div>
   <div class='ocr_carea' id='block_1_52' title="bbox 337 2661 3621 2738">
    <p class='ocr_par' dir='ltr' id='par_1_52' title="bbox 337 2661 3621 2738">
     <span class='ocr_line' id='line_1_52' title="bbox 337 2661 3621 2738; baseline -0.002 -22"><span class='ocrx_word' id='word_1_371' title='bbox 337 2661 589 2734; x_wconf 74' lang='grc' dir='ltr'><strong>ὀλεθρίου</strong></span> <span class='ocrx_word' id='word_1_372' title='bbox 614 2666 732 2719; x_wconf 88' lang='grc' dir='ltr'>λύει</span> <span class='ocrx_word' id='word_1_373' title='bbox 770 2665 1164 2737; x_wconf 75' lang='grc' dir='ltr'>βουλεύματος,</span> <span class='ocrx_word' id='word_1_374' title='bbox 1215 2669 1382 2731; x_wconf 88' lang='grc' dir='ltr'>αὐτός</span> <span class='ocrx_word' id='word_1_375' title='bbox 1421 2686 1512 2738; x_wconf 91' lang='grc' dir='ltr'>μοι</span> <span class='ocrx_word' id='word_1_376' title='bbox 1541 2667 1735 2720; x_wconf 88' lang='grc' dir='ltr'>τοῦτον</span> <span class='ocrx_word' id='word_1_377' title='bbox 1775 2666 1925 2726; x_wconf 77' lang='grc' dir='ltr'>ὅστις</span> <span class='ocrx_word' id='word_1_378' title='bbox 1965 2665 2084 2716; x_wconf 72' lang='grc' dir='ltr'>ἐστὶ</span> <span class='ocrx_word' id='word_1_379' title='bbox 2155 2665 2445 2732; x_wconf 80' lang='grc' dir='ltr'>γνώρισον.</span> <span class='ocrx_word' id='word_1_380' title='bbox 2494 2661 2626 2714; x_wconf 77' lang='grc' dir='ltr'><strong>Ἰδοὺ</strong></span> <span class='ocrx_word' id='word_1_381' title='bbox 2661 2661 2766 2732; x_wconf 73' lang='grc' dir='ltr'><strong>γὰρ</strong></span> <span class='ocrx_word' id='word_1_382' title='bbox 2799 2661 2878 2731; x_wconf 82' lang='grc' dir='ltr'>τῷ</span> <span class='ocrx_word' id='word_1_383' title='bbox 2948 2661 3090 2714; x_wconf 76' lang='grc' dir='ltr'>ἐλέει</span> <span class='ocrx_word' id='word_1_384' title='bbox 3120 2661 3198 2732; x_wconf 80' lang='grc' dir='ltr'><strong>τῷ</strong></span> <span class='ocrx_word' id='word_1_385' title='bbox 3246 2662 3344 2732; x_wconf 77' lang='grc' dir='ltr'>σῷ,</span> <span class='ocrx_word' id='word_1_386' title='bbox 3377 2664 3471 2714; x_wconf 67' lang='grc' dir='ltr'><strong>καὶ</strong></span> <span class='ocrx_word' id='word_1_387' title='bbox 3522 2661 3621 2728; x_wconf 62' lang='grc' dir='ltr'><strong>τὴν</strong></span> 
     </span>
    </p>
   </div>
   <div class='ocr_carea' id='block_1_53' title="bbox 339 2762 2070 2834">
    <p class='ocr_par' dir='ltr' id='par_1_53' title="bbox 339 2762 2070 2834">
     <span class='ocr_line' id='line_1_53' title="bbox 339 2762 2070 2834; baseline -0.003 -16"><span class='ocrx_word' id='word_1_388' title='bbox 339 2766 605 2833; x_wconf 82' lang='grc' dir='ltr'><strong>δευτέραν</strong></span> <span class='ocrx_word' id='word_1_389' title='bbox 634 2763 744 2816; x_wconf 84' lang='grc' dir='ltr'>τῶν</span> <span class='ocrx_word' id='word_1_390' title='bbox 778 2764 1095 2833; x_wconf 75' lang='grc' dir='ltr'>θυγατέρων</span> <span class='ocrx_word' id='word_1_391' title='bbox 1143 2764 1300 2834; x_wconf 82' lang='grc' dir='ltr'>ἀνδρὶ</span> <span class='ocrx_word' id='word_1_392' title='bbox 1363 2763 1507 2818; x_wconf 79' lang='grc' dir='ltr'>κατὰ</span> <span class='ocrx_word' id='word_1_393' title='bbox 1564 2763 1728 2833; x_wconf 87' lang='grc' dir='ltr'>νόμον</span> <span class='ocrx_word' id='word_1_394' title='bbox 1785 2762 2070 2831; x_wconf 81' lang='grc' dir='ltr'>ὲκδίδωμι,</span> 
     </span>
    </p>
   </div>
   <div class='ocr_carea' id='block_1_54' title="bbox 2155 2757 3618 2836">
    <p class='ocr_par' dir='ltr' id='par_1_54' title="bbox 2155 2757 3618 2836">
     <span class='ocr_line' id='line_1_54' title="bbox 2155 2757 3618 2836; baseline 0.001 -26"><span class='ocrx_word' id='word_1_395' title='bbox 2155 2757 2438 2828; x_wconf 81' lang='grc' dir='ltr'>φυγοῦσαν</span> <span class='ocrx_word' id='word_1_396' title='bbox 2473 2757 2575 2830; x_wconf 76' lang='grc' dir='ltr'>ήδη</span> <span class='ocrx_word' id='word_1_397' title='bbox 2644 2757 2704 2809; x_wconf 82' lang='grc' dir='ltr'>τὸ</span> <span class='ocrx_word' id='word_1_398' title='bbox 2760 2757 3164 2829; x_wconf 79' lang='grc' dir='ltr'>μνηστευθῆναι</span> <span class='ocrx_word' id='word_1_399' title='bbox 3231 2758 3308 2828; x_wconf 80' lang='grc' dir='ltr'>τῷ</span> <span class='ocrx_word' id='word_1_400' title='bbox 3362 2759 3618 2836; x_wconf 63' lang='grc' dir='ltr'>διαῦόλῳ,</span> 
     </span>
    </p>
   </div>
   <div class='ocr_carea' id='block_1_55' title="bbox 339 2852 2252 2928">
    <p class='ocr_par' dir='ltr' id='par_1_55' title="bbox 339 2852 2252 2928">
     <span class='ocr_line' id='line_1_55' title="bbox 339 2852 2252 2928; baseline -0.003 -18"><span class='ocrx_word' id='word_1_401' title='bbox 339 2858 436 2910; x_wconf 83' lang='grc' dir='ltr'>καί</span> <span class='ocrx_word' id='word_1_402' title='bbox 473 2856 666 2925; x_wconf 80' lang='grc' dir='ltr'><strong>κέρδος</strong></span> <span class='ocrx_word' id='word_1_403' title='bbox 694 2855 819 2925; x_wconf 75' lang='grc' dir='ltr'>ἐμοὶ</span> <span class='ocrx_word' id='word_1_404' title='bbox 848 2857 1203 2926; x_wconf 84' lang='grc' dir='ltr'>προσφέρειν,</span> <span class='ocrx_word' id='word_1_405' title='bbox 1237 2857 1442 2928; x_wconf 80' lang='grc' dir='ltr'><strong>ζημίας</strong></span> <span class='ocrx_word' id='word_1_406' title='bbox 1474 2855 1644 2920; x_wconf 79' lang='grc' dir='ltr'>ὅντως</span> <span class='ocrx_word' id='word_1_407' title='bbox 1675 2855 1919 2926; x_wconf 79' lang='grc' dir='ltr'><strong>ψυχικῆς</strong></span> <span class='ocrx_word' id='word_1_408' title='bbox 1967 2852 2252 2923; x_wconf 74' lang='grc' dir='ltr'>πρόξενον.</span> 
     </span>
    </p>
   </div>
   <div class='ocr_carea' id='block_1_56' title="bbox 414 2946 1919 3020">
    <p class='ocr_par' dir='ltr' id='par_1_56' title="bbox 414 2946 1919 3020">
     <span class='ocr_line' id='line_1_56' title="bbox 414 2946 1919 3020; baseline 0.001 -21"><span class='ocrx_word' id='word_1_409' title='bbox 414 2948 487 3000; x_wconf 84' lang='lat' dir='ltr'><strong>Z&#39;.</strong></span> <span class='ocrx_word' id='word_1_410' title='bbox 524 2946 717 3000; x_wconf 86' lang='grc' dir='ltr'>Ταῦτά</span> <span class='ocrx_word' id='word_1_411' title='bbox 765 2963 824 2998; x_wconf 90' lang='grc' dir='ltr'>τε</span> <span class='ocrx_word' id='word_1_412' title='bbox 881 2947 1055 3017; x_wconf 78' lang='grc' dir='ltr'>ἔλεγε,</span> <span class='ocrx_word' id='word_1_413' title='bbox 1115 2949 1209 3001; x_wconf 73' lang='grc' dir='ltr'><strong>καὶ</strong></span> <span class='ocrx_word' id='word_1_414' title='bbox 1259 2952 1324 3019; x_wconf 76' lang='grc' dir='ltr'>τῇ</span> <span class='ocrx_word' id='word_1_415' title='bbox 1367 2949 1520 3002; x_wconf 80' lang='grc' dir='ltr'>παιδὶ</span> <span class='ocrx_word' id='word_1_416' title='bbox 1570 2951 1919 3020; x_wconf 75' lang='grc' dir='ltr'>παραχρῆμα</span> 
     </span>
    </p>
   </div>
   <div class='ocr_carea' id='block_1_57' title="bbox 2103 2942 3618 3009">
    <p class='ocr_par' dir='ltr' id='par_1_57' title="bbox 2103 2942 3618 3009">
     <span class='ocr_line' id='line_1_57' title="bbox 2103 2942 3618 3009; baseline 0.003 -10"><span class='ocrx_word' id='word_1_417' title='bbox 2103 2943 2217 2999; x_wconf 74' lang='lat' dir='ltr'><strong>V’ll.</strong></span> <span class='ocrx_word' id='word_1_418' title='bbox 2272 2942 2395 2998; x_wconf 67' lang='lat' dir='ltr'><strong>llaec</strong></span> <span class='ocrx_word' id='word_1_419' title='bbox 2463 2942 2646 3009; x_wconf 89' lang='lat' dir='ltr'><strong>dixit,</strong></span> <span class='ocrx_word' id='word_1_420' title='bbox 2691 2953 2749 2999; x_wconf 88' lang='lat' dir='ltr'><strong>et</strong></span> <span class='ocrx_word' id='word_1_421' title='bbox 2791 2942 3048 2998; x_wconf 65' lang='lat' dir='ltr'><strong>secundm</strong></span> <span class='ocrx_word' id='word_1_422' title='bbox 3088 2942 3210 2998; x_wconf 67' lang='lat' dir='ltr'><strong>filia:</strong></span> <span class='ocrx_word' id='word_1_423' title='bbox 3255 2945 3440 2999; x_wconf 90' lang='lat' dir='ltr'><strong>statim</strong></span> <span class='ocrx_word' id='word_1_424' title='bbox 3475 2948 3618 3003; x_wconf 90' lang='lat' dir='ltr'><strong>cele-</strong></span> 
     </span>
    </p>
   </div>
   <div class='ocr_carea' id='block_1_58' title="bbox 338 3033 1922 3115">
    <p class='ocr_par' dir='ltr' id='par_1_58' title="bbox 338 3038 1922 3112">
     <span class='ocr_line' id='line_1_58' title="bbox 338 3038 1922 3112; baseline 0.001 -19"><span class='ocrx_word' id='word_1_425' title='bbox 338 3040 516 3093; x_wconf 71' lang='grc' dir='ltr'>ἐτέλει</span> <span class='ocrx_word' id='word_1_426' title='bbox 546 3040 674 3102; x_wconf 82' lang='grc' dir='ltr'><strong>τούς</strong></span> <span class='ocrx_word' id='word_1_427' title='bbox 742 3041 988 3108; x_wconf 81' lang='grc' dir='ltr'>γάμους,</span> <span class='ocrx_word' id='word_1_428' title='bbox 1036 3040 1314 3111; x_wconf 82' lang='grc' dir='ltr'>μετέωρον</span> <span class='ocrx_word' id='word_1_429' title='bbox 1353 3038 1544 3112; x_wconf 82' lang='grc' dir='ltr'>ὥσπερ</span> <span class='ocrx_word' id='word_1_430' title='bbox 1595 3043 1695 3112; x_wconf 79' lang='grc' dir='ltr'><strong>τὴν</strong></span> <span class='ocrx_word' id='word_1_431' title='bbox 1744 3040 1922 3111; x_wconf 78' lang='grc' dir='ltr'>ψυχὴν</span> 
     </span>
    </p>
   </div>
   <div class='ocr_carea' id='block_1_59' title="bbox 2027 3033 3618 3115">
    <p class='ocr_par' dir='ltr' id='par_1_59' title="bbox 2033 3033 3618 3110">
     <span class='ocr_line' id='line_1_59' title="bbox 2033 3033 3618 3110; baseline 0.005 -22"><span class='ocrx_word' id='word_1_432' title='bbox 2033 3033 2212 3088; x_wconf 88' lang='lat' dir='ltr'><strong>bravit</strong></span> <span class='ocrx_word' id='word_1_433' title='bbox 2247 3036 2485 3101; x_wconf 89' lang='lat' dir='ltr'><strong>nuptias,</strong></span> <span class='ocrx_word' id='word_1_434' title='bbox 2526 3046 2711 3090; x_wconf 90' lang='lat' dir='ltr'><strong>erecto</strong></span> <span class='ocrx_word' id='word_1_435' title='bbox 2741 3035 2850 3106; x_wconf 85' lang='lat' dir='ltr'><strong>jam</strong></span> <span class='ocrx_word' id='word_1_436' title='bbox 2896 3035 3082 3089; x_wconf 90' lang='lat' dir='ltr'><strong>animo</strong></span> <span class='ocrx_word' id='word_1_437' title='bbox 3111 3046 3166 3091; x_wconf 87' lang='lat' dir='ltr'><strong>et</strong></span> <span class='ocrx_word' id='word_1_438' title='bbox 3198 3037 3341 3092; x_wconf 90' lang='lat' dir='ltr'><strong>bona</strong></span> <span class='ocrx_word' id='word_1_439' title='bbox 3387 3054 3484 3110; x_wconf 87' lang='lat' dir='ltr'><strong>spe</strong></span> <span class='ocrx_word' id='word_1_440' title='bbox 3514 3041 3618 3096; x_wconf 90' lang='lat' dir='ltr'><strong>du-</strong></span> 
     </span>
    </p>
   </div>
   <div class='ocr_carea' id='block_1_60' title="bbox 335 3133 1924 3209">
    <p class='ocr_par' dir='ltr' id='par_1_60' title="bbox 335 3133 1924 3209">
     <span class='ocr_line' id='line_1_60' title="bbox 335 3133 1924 3209; baseline 0.001 -23"><span class='ocrx_word' id='word_1_441' title='bbox 335 3135 502 3204; x_wconf 79' lang='grc' dir='ltr'>Εχων,</span> <span class='ocrx_word' id='word_1_442' title='bbox 542 3134 637 3187; x_wconf 75' lang='grc' dir='ltr'><strong>ὶπὶ</strong></span> <span class='ocrx_word' id='word_1_443' title='bbox 679 3134 932 3205; x_wconf 84' lang='grc' dir='ltr'>χρηστῶν</span> <span class='ocrx_word' id='word_1_444' title='bbox 971 3151 1027 3185; x_wconf 89' lang='grc' dir='ltr'>τε</span> <span class='ocrx_word' id='word_1_445' title='bbox 1060 3133 1296 3188; x_wconf 75' lang='grc' dir='ltr'><strong>ἐλπίδων</strong></span> <span class='ocrx_word' id='word_1_446' title='bbox 1339 3133 1658 3209; x_wconf 78' lang='grc' dir='ltr'>ὀχούμενος,</span> <span class='ocrx_word' id='word_1_447' title='bbox 1704 3134 1776 3198; x_wconf 87' lang='grc' dir='ltr'>ὡς</span> <span class='ocrx_word' id='word_1_448' title='bbox 1813 3135 1924 3188; x_wconf 84' lang='grc' dir='ltr'>οὐδ’</span> 
     </span>
    </p>
   </div>
   <div class='ocr_carea' id='block_1_61' title="bbox 335 3225 1922 3298">
    <p class='ocr_par' dir='ltr' id='par_1_61' title="bbox 335 3225 1922 3298">
     <span class='ocr_line' id='line_1_61' title="bbox 335 3225 1922 3298; baseline 0.001 -20"><span class='ocrx_word' id='word_1_449' title='bbox 335 3227 433 3278; x_wconf 75' lang='grc' dir='ltr'><strong>ἐπὶ</strong></span> <span class='ocrx_word' id='word_1_450' title='bbox 463 3227 562 3294; x_wconf 84' lang='grc' dir='ltr'><strong>τῆς</strong></span> <span class='ocrx_word' id='word_1_451' title='bbox 589 3227 779 3294; x_wconf 84' lang='grc' dir='ltr'>τρίτης</span> <span class='ocrx_word' id='word_1_452' title='bbox 806 3225 872 3278; x_wconf 82' lang='grc' dir='ltr'><strong>ἂν</strong></span> <span class='ocrx_word' id='word_1_453' title='bbox 902 3228 981 3287; x_wconf 79' lang='grc' dir='ltr'><strong>εἰς</strong></span> <span class='ocrx_word' id='word_1_454' title='bbox 1005 3225 1215 3296; x_wconf 79' lang='grc' dir='ltr'>μακρὸν</span> <span class='ocrx_word' id='word_1_455' title='bbox 1239 3226 1507 3298; x_wconf 81' lang='grc' dir='ltr'>ἀπορήσοι</span> <span class='ocrx_word' id='word_1_456' title='bbox 1538 3227 1632 3280; x_wconf 84' lang='grc' dir='ltr'>τοῦ</span> <span class='ocrx_word' id='word_1_457' title='bbox 1665 3226 1922 3297; x_wconf 86' lang='grc' dir='ltr'>συνοική-</span> 
     </span>
    </p>
   </div>
   <div class='ocr_carea' id='block_1_62' title="bbox 337 3317 1922 3391">
    <p class='ocr_par' dir='ltr' id='par_1_62' title="bbox 337 3317 1922 3391">
     <span class='ocr_line' id='line_1_62' title="bbox 337 3317 1922 3391; baseline 0.003 -23"><span class='ocrx_word' id='word_1_458' title='bbox 337 3333 550 3380; x_wconf 79' lang='grc' dir='ltr'>σοντος.</span> <span class='ocrx_word' id='word_1_459' title='bbox 584 3317 699 3384; x_wconf 76' lang='grc' dir='ltr'><strong>Τὴν</strong></span> <span class='ocrx_word' id='word_1_460' title='bbox 727 3320 930 3386; x_wconf 80' lang='grc' dir='ltr'>προῖκα</span> <span class='ocrx_word' id='word_1_461' title='bbox 977 3319 1084 3388; x_wconf 83' lang='grc' dir='ltr'>γὰρ</span> <span class='ocrx_word' id='word_1_462' title='bbox 1123 3319 1226 3390; x_wconf 80' lang='grc' dir='ltr'><strong>ήδη</strong></span> <span class='ocrx_word' id='word_1_463' title='bbox 1274 3320 1370 3372; x_wconf 79' lang='grc' dir='ltr'><strong>καὶ</strong></span> <span class='ocrx_word' id='word_1_464' title='bbox 1417 3320 1504 3374; x_wconf 79' lang='grc' dir='ltr'>διὰ</span> <span class='ocrx_word' id='word_1_465' title='bbox 1546 3320 1729 3391; x_wconf 84' lang='grc' dir='ltr'>χειρὸς</span> <span class='ocrx_word' id='word_1_466' title='bbox 1775 3321 1922 3390; x_wconf 82' lang='grc' dir='ltr'>ἒχειν</span> 
     </span>
    </p>
   </div>
   <div class='ocr_carea' id='block_1_63' title="bbox 338 3404 1922 3481">
    <p class='ocr_par' dir='ltr' id='par_1_63' title="bbox 338 3404 1922 3481">
     <span class='ocr_line' id='line_1_63' title="bbox 338 3404 1922 3481; baseline 0.006 -28"><span class='ocrx_word' id='word_1_467' title='bbox 338 3404 504 3475; x_wconf 70' lang='grc' dir='ltr'>ᾤετο,</span> <span class='ocrx_word' id='word_1_468' title='bbox 534 3406 777 3476; x_wconf 74' lang='grc' dir='ltr'>θαρρῶν,</span> <span class='ocrx_word' id='word_1_469' title='bbox 810 3407 886 3469; x_wconf 84' lang='grc' dir='ltr'><strong>ὡς</strong></span> <span class='ocrx_word' id='word_1_470' title='bbox 911 3409 1079 3470; x_wconf 82' lang='grc' dir='ltr'>εἰκὸς,</span> <span class='ocrx_word' id='word_1_471' title='bbox 1111 3409 1218 3462; x_wconf 83' lang='grc' dir='ltr'>άπὸ</span> <span class='ocrx_word' id='word_1_472' title='bbox 1242 3409 1352 3462; x_wconf 84' lang='grc' dir='ltr'>τῶν</span> <span class='ocrx_word' id='word_1_473' title='bbox 1385 3411 1692 3481; x_wconf 78' lang='grc' dir='ltr'>προτέρων.</span> <span class='ocrx_word' id='word_1_474' title='bbox 1727 3407 1922 3462; x_wconf 71' lang='grc' dir='ltr'>Ἔνθεν</span> 
     </span>
    </p>
   </div>
   <div class='ocr_carea' id='block_1_64' title="bbox 335 3496 1924 3572">
    <p class='ocr_par' dir='ltr' id='par_1_64' title="bbox 335 3496 1924 3572">
     <span class='ocr_line' id='line_1_64' title="bbox 335 3496 1924 3572; baseline 0.003 -22"><span class='ocrx_word' id='word_1_475' title='bbox 335 3515 423 3551; x_wconf 87' lang='grc' dir='ltr'>τοι</span> <span class='ocrx_word' id='word_1_476' title='bbox 471 3502 568 3553; x_wconf 73' lang='grc' dir='ltr'><strong>καὶ</strong></span> <span class='ocrx_word' id='word_1_477' title='bbox 604 3500 966 3568; x_wconf 76' lang='grc' dir='ltr'>προσεκτικὸς</span> <span class='ocrx_word' id='word_1_478' title='bbox 1016 3496 1106 3570; x_wconf 78' lang='grc' dir='ltr'>ἦν,</span> <span class='ocrx_word' id='word_1_479' title='bbox 1163 3501 1255 3554; x_wconf 76' lang='grc' dir='ltr'>καὶ</span> <span class='ocrx_word' id='word_1_480' title='bbox 1305 3501 1402 3571; x_wconf 82' lang='grc' dir='ltr'>τὴν</span> <span class='ocrx_word' id='word_1_481' title='bbox 1444 3501 1624 3572; x_wconf 77' lang='grc' dir='ltr'>ψυχήν</span> <span class='ocrx_word' id='word_1_482' title='bbox 1671 3501 1924 3572; x_wconf 74' lang='grc' dir='ltr'>ἐμπαρά-</span> 
     </span>
    </p>
   </div>
   <div class='ocr_carea' id='block_1_65' title="bbox 335 3591 1924 3664">
    <p class='ocr_par' dir='ltr' id='par_1_65' title="bbox 335 3591 1924 3664">
     <span class='ocr_line' id='line_1_65' title="bbox 335 3591 1924 3664; baseline 0.004 -23"><span class='ocrx_word' id='word_1_483' title='bbox 335 3607 553 3653; x_wconf 76' lang='grc' dir='ltr'>σκευος,</span> <span class='ocrx_word' id='word_1_484' title='bbox 595 3591 785 3660; x_wconf 77' lang='grc' dir='ltr'>μήκαὶ</span> <span class='ocrx_word' id='word_1_485' title='bbox 816 3592 954 3663; x_wconf 86' lang='grc' dir='ltr'>λάθῃ</span> <span class='ocrx_word' id='word_1_486' title='bbox 979 3594 1242 3663; x_wconf 77' lang='grc' dir='ltr'>φοιτήσας</span> <span class='ocrx_word' id='word_1_487' title='bbox 1273 3594 1300 3646; x_wconf 91' lang='lat'><strong>6</strong></span> <span class='ocrx_word' id='word_1_488' title='bbox 1328 3593 1645 3664; x_wconf 82' lang='grc' dir='ltr'>εὐεργέτης,</span> <span class='ocrx_word' id='word_1_489' title='bbox 1681 3595 1774 3647; x_wconf 76' lang='grc' dir='ltr'><strong>καὶ</strong></span> <span class='ocrx_word' id='word_1_490' title='bbox 1813 3612 1924 3648; x_wconf 75' lang='grc' dir='ltr'><strong>πα-</strong></span> 
     </span>
    </p>
   </div>
   <div class='ocr_carea' id='block_1_66' title="bbox 337 3682 1920 3758">
    <p class='ocr_par' dir='ltr' id='par_1_66' title="bbox 337 3682 1920 3758">
     <span class='ocr_line' id='line_1_66' title="bbox 337 3682 1920 3758; baseline 0.003 -24"><span class='ocrx_word' id='word_1_491' title='bbox 337 3682 557 3752; x_wconf 72' lang='grc' dir='ltr'>ρασχὼν</span> <span class='ocrx_word' id='word_1_492' title='bbox 618 3683 716 3750; x_wconf 75' lang='grc' dir='ltr'>μὲν</span> <span class='ocrx_word' id='word_1_493' title='bbox 778 3683 1046 3755; x_wconf 70' lang='grc' dir='ltr'>εὐφράνῃ,</span> <span class='ocrx_word' id='word_1_494' title='bbox 1085 3685 1308 3758; x_wconf 79' lang='grc' dir='ltr'>λυπήσῃ</span> <span class='ocrx_word' id='word_1_495' title='bbox 1359 3685 1414 3738; x_wconf 82' lang='grc' dir='ltr'><strong>δὲ</strong></span> <span class='ocrx_word' id='word_1_496' title='bbox 1463 3685 1542 3755; x_wconf 86' lang='grc' dir='ltr'><strong>τῷ</strong></span> <span class='ocrx_word' id='word_1_497' title='bbox 1587 3685 1724 3755; x_wconf 81' lang='grc' dir='ltr'>μηδὲ</span> <span class='ocrx_word' id='word_1_498' title='bbox 1769 3685 1920 3757; x_wconf 87' lang='grc' dir='ltr'>αὐτῷ</span> 
     </span>
    </p>
   </div>
   <div class='ocr_carea' id='block_1_67' title="bbox 329 3773 1919 3849">
    <p class='ocr_par' dir='ltr' id='par_1_67' title="bbox 329 3773 1919 3849">
     <span class='ocr_line' id='line_1_67' title="bbox 329 3773 1919 3849; baseline 0.004 -23"><span class='ocrx_word' id='word_1_499' title='bbox 329 3775 495 3843; x_wconf 74' lang='grc' dir='ltr'>δῆλος</span> <span class='ocrx_word' id='word_1_500' title='bbox 563 3775 818 3834; x_wconf 82' lang='grc' dir='ltr'>γενέσθαι</span> <span class='ocrx_word' id='word_1_501' title='bbox 866 3779 942 3844; x_wconf 82' lang='grc' dir='ltr'>τῷ</span> <span class='ocrx_word' id='word_1_502' title='bbox 969 3773 1027 3829; x_wconf 79' lang='grc' dir='ltr'><strong>εὐ</strong></span> <span class='ocrx_word' id='word_1_503' title='bbox 1061 3777 1347 3847; x_wconf 77' lang='grc' dir='ltr'>πάτχοντι,</span> <span class='ocrx_word' id='word_1_504' title='bbox 1387 3778 1526 3848; x_wconf 82' lang='grc' dir='ltr'>μηδὲ</span> <span class='ocrx_word' id='word_1_505' title='bbox 1573 3779 1730 3834; x_wconf 86' lang='grc' dir='ltr'>τοῦτο</span> <span class='ocrx_word' id='word_1_506' title='bbox 1757 3779 1919 3849; x_wconf 86' lang='grc' dir='ltr'>μόνον</span> 
     </span>
    </p>
   </div>
   <div class='ocr_carea' id='block_1_68' title="bbox 337 3866 1915 3941">
    <p class='ocr_par' dir='ltr' id='par_1_68' title="bbox 337 3866 1915 3941">
     <span class='ocr_line' id='line_1_68' title="bbox 337 3866 1915 3941; baseline 0.006 -23"><span class='ocrx_word' id='word_1_507' title='bbox 337 3866 666 3920; x_wconf 79' lang='grc' dir='ltr'>ἀντιλαϐεῖν</span> <span class='ocrx_word' id='word_1_508' title='bbox 698 3867 948 3936; x_wconf 80' lang='grc' dir='ltr'>θελῆσαι,</span> <span class='ocrx_word' id='word_1_509' title='bbox 978 3871 1076 3939; x_wconf 75' lang='grc' dir='ltr'>τὴν</span> <span class='ocrx_word' id='word_1_510' title='bbox 1107 3869 1400 3939; x_wconf 79' lang='grc' dir='ltr'>ὁμολογίαν</span> <span class='ocrx_word' id='word_1_511' title='bbox 1437 3871 1538 3939; x_wconf 83' lang='grc' dir='ltr'><strong>τῆς</strong></span> <span class='ocrx_word' id='word_1_512' title='bbox 1561 3872 1802 3941; x_wconf 88' lang='grc' dir='ltr'>χάριτος.</span> <span class='ocrx_word' id='word_1_513' title='bbox 1857 3873 1915 3927; x_wconf 86' lang='grc' dir='ltr'><strong>Ὀ</strong></span> 
     </span>
    </p>
   </div>
   <div class='ocr_carea' id='block_1_69' title="bbox 332 3958 1911 4034">
    <p class='ocr_par' dir='ltr' id='par_1_69' title="bbox 332 3958 1911 4034">
     <span class='ocr_line' id='line_1_69' title="bbox 332 3958 1911 4034; baseline 0.006 -25"><span class='ocrx_word' id='word_1_514' title='bbox 332 3959 434 4026; x_wconf 82' lang='grc' dir='ltr'>μὲν</span> <span class='ocrx_word' id='word_1_515' title='bbox 460 3958 525 4028; x_wconf 78' lang='grc' dir='ltr'><strong>δὴ</strong></span> <span class='ocrx_word' id='word_1_516' title='bbox 560 3958 704 4011; x_wconf 76' lang='grc' dir='ltr'>οὕτω</span> <span class='ocrx_word' id='word_1_517' title='bbox 741 3961 877 4029; x_wconf 72' lang='grc' dir='ltr'>πρὸς</span> <span class='ocrx_word' id='word_1_518' title='bbox 925 3961 1025 4030; x_wconf 84' lang='grc' dir='ltr'><strong>τὴν</strong></span> <span class='ocrx_word' id='word_1_519' title='bbox 1065 3962 1278 4014; x_wconf 72' lang='grc' dir='ltr'>ἐκείνου</span> <span class='ocrx_word' id='word_1_520' title='bbox 1311 3962 1523 4016; x_wconf 81' lang='grc' dir='ltr'>ἓλευσιν</span> <span class='ocrx_word' id='word_1_521' title='bbox 1554 3965 1876 4034; x_wconf 80' lang='grc' dir='ltr'>διηγρύπνει</span> <span class='ocrx_word' id='word_1_522' title='bbox 1898 3981 1911 3995; x_wconf 73' lang='grc' dir='ltr'><strong>ο</strong></span> 
     </span>
    </p>
   </div>
   <div class='ocr_carea' id='block_1_70' title="bbox 327 4051 1917 4125">
    <p class='ocr_par' dir='ltr' id='par_1_70' title="bbox 327 4051 1917 4125">
     <span class='ocr_line' id='line_1_70' title="bbox 327 4051 1917 4125; baseline 0.006 -25"><span class='ocrx_word' id='word_1_523' title='bbox 327 4052 632 4119; x_wconf 58' lang='grc' dir='ltr'>ἐφίσταται</span> <span class='ocrx_word' id='word_1_524' title='bbox 664 4051 720 4104; x_wconf 80' lang='grc' dir='ltr'>δὲ</span> <span class='ocrx_word' id='word_1_525' title='bbox 751 4055 810 4104; x_wconf 79' lang='grc' dir='ltr'>τὸ</span> <span class='ocrx_word' id='word_1_526' title='bbox 840 4055 1020 4124; x_wconf 86' lang='grc' dir='ltr'>τρίτον</span> <span class='ocrx_word' id='word_1_527' title='bbox 1063 4055 1090 4105; x_wconf 92' lang='lat'><strong>6</strong></span> <span class='ocrx_word' id='word_1_528' title='bbox 1134 4053 1432 4125; x_wconf 80' lang='grc' dir='ltr'>εὐεργέτης</span> <span class='ocrx_word' id='word_1_529' title='bbox 1467 4055 1686 4124; x_wconf 78' lang='grc' dir='ltr'>βαθείας</span> <span class='ocrx_word' id='word_1_530' title='bbox 1721 4058 1917 4122; x_wconf 77' lang='grc' dir='ltr'>νυκτὸς</span> 
     </span>
    </p>
   </div>
   <div class='ocr_carea' id='block_1_71' title="bbox 327 4142 1916 4215">
    <p class='ocr_par' dir='ltr' id='par_1_71' title="bbox 327 4142 1916 4215">
     <span class='ocr_line' id='line_1_71' title="bbox 327 4142 1916 4215; baseline 0.003 -22"><span class='ocrx_word' id='word_1_531' title='bbox 327 4142 526 4210; x_wconf 48' lang='grc' dir='ltr'>ἀ-ᾴὸιρῳ</span> <span class='ocrx_word' id='word_1_532' title='bbox 555 4142 826 4206; x_wconf 62' lang='grc' dir='ltr'>ποῶ,κκα⁹ι</span> <span class='ocrx_word' id='word_1_533' title='bbox 858 4145 1007 4215; x_wconf 67' lang='grc' dir='ltr'>παρὰ</span> <span class='ocrx_word' id='word_1_534' title='bbox 1049 4144 1129 4214; x_wconf 85' lang='grc' dir='ltr'>τῷ</span> <span class='ocrx_word' id='word_1_535' title='bbox 1171 4142 1393 4214; x_wconf 76' lang='grc' dir='ltr'>συνήθει</span> <span class='ocrx_word' id='word_1_536' title='bbox 1445 4145 1594 4213; x_wconf 82' lang='grc' dir='ltr'>τόπῳ</span> <span class='ocrx_word' id='word_1_537' title='bbox 1625 4143 1916 4215; x_wconf 84' lang='grc' dir='ltr'>γενόμενος</span> 
     </span>
    </p>
   </div>
   <div class='ocr_carea' id='block_1_72' title="bbox 327 4233 1919 4307">
    <p class='ocr_par' dir='ltr' id='par_1_72' title="bbox 327 4233 1919 4307">
     <span class='ocr_line' id='line_1_72' title="bbox 327 4233 1919 4307; baseline 0.003 -22"><span class='ocrx_word' id='word_1_538' title='bbox 327 4235 445 4285; x_wconf 64' lang='lat' dir='ltr'><strong>[sev</strong></span> <span class='ocrx_word' id='word_1_539' title='bbox 478 4234 686 4304; x_wconf 80' lang='grc' dir='ltr'>χρυσοῦ</span> <span class='ocrx_word' id='word_1_540' title='bbox 719 4237 813 4287; x_wconf 80' lang='grc' dir='ltr'><strong>καὶ</strong></span> <span class='ocrx_word' id='word_1_541' title='bbox 845 4235 999 4299; x_wconf 77' lang='grc' dir='ltr'>αὐθις</span> <span class='ocrx_word' id='word_1_542' title='bbox 1023 4233 1330 4305; x_wconf 81' lang='grc' dir='ltr'>ἀπόδεσμον</span> <span class='ocrx_word' id='word_1_543' title='bbox 1361 4235 1448 4288; x_wconf 79' lang='grc' dir='ltr'><strong>διὰ</strong></span> <span class='ocrx_word' id='word_1_544' title='bbox 1475 4236 1572 4303; x_wconf 81' lang='grc' dir='ltr'>τῆς</span> <span class='ocrx_word' id='word_1_545' title='bbox 1609 4237 1782 4307; x_wconf 83' lang='grc' dir='ltr'>αὐτῆς</span> <span class='ocrx_word' id='word_1_546' title='bbox 1811 4237 1919 4290; x_wconf 82' lang='grc' dir='ltr'>είσ·</span> 
     </span>
    </p>
   </div>
   <div class='ocr_carea' id='block_1_73' title="bbox 327 4321 1912 4397">
    <p class='ocr_par' dir='ltr' id='par_1_73' title="bbox 327 4321 1912 4397">
     <span class='ocr_line' id='line_1_73' title="bbox 327 4321 1912 4397; baseline 0.004 -26"><span class='ocrx_word' id='word_1_547' title='bbox 327 4321 545 4388; x_wconf 81' lang='grc' dir='ltr'>πέμπει</span> <span class='ocrx_word' id='word_1_548' title='bbox 593 4321 834 4392; x_wconf 80' lang='grc' dir='ltr'>θυρίδος,</span> <span class='ocrx_word' id='word_1_549' title='bbox 891 4326 982 4378; x_wconf 75' lang='grc' dir='ltr'><strong>καὶ</strong></span> <span class='ocrx_word' id='word_1_550' title='bbox 1051 4325 1400 4396; x_wconf 80' lang='grc' dir='ltr'>παραχρῆμα</span> <span class='ocrx_word' id='word_1_551' title='bbox 1458 4324 1599 4378; x_wconf 82' lang='grc' dir='ltr'>θέων</span> <span class='ocrx_word' id='word_1_552' title='bbox 1663 4326 1912 4397; x_wconf 71' lang='grc' dir='ltr'>ἐπανῄει.</span> 
     </span>
    </p>
   </div>
   <div class='ocr_carea' id='block_1_74' title="bbox 2033 3124 3617 3195">
    <p class='ocr_par' dir='ltr' id='par_1_74' title="bbox 2033 3124 3617 3195">
     <span class='ocr_line' id='line_1_74' title="bbox 2033 3124 3617 3195; baseline 0.004 -15"><span class='ocrx_word' id='word_1_553' title='bbox 2033 3135 2152 3180; x_wconf 85' lang='lat' dir='ltr'><strong>ctus</strong></span> <span class='ocrx_word' id='word_1_554' title='bbox 2193 3124 2311 3178; x_wconf 91' lang='lat' dir='ltr'><strong>fore</strong></span> <span class='ocrx_word' id='word_1_555' title='bbox 2346 3133 2404 3178; x_wconf 92' lang='lat' dir='ltr'><strong>ut</strong></span> <span class='ocrx_word' id='word_1_556' title='bbox 2441 3140 2542 3180; x_wconf 90' lang='lat' dir='ltr'><strong>nec</strong></span> <span class='ocrx_word' id='word_1_557' title='bbox 2579 3125 2632 3178; x_wconf 92' lang='lat' dir='ltr'><strong>in</strong></span> <span class='ocrx_word' id='word_1_558' title='bbox 2671 3125 2830 3179; x_wconf 88' lang='lat' dir='ltr'><strong>tertia</strong></span> <span class='ocrx_word' id='word_1_559' title='bbox 2873 3125 3095 3195; x_wconf 88' lang='lat' dir='ltr'><strong>quidem</strong></span> <span class='ocrx_word' id='word_1_560' title='bbox 3131 3128 3182 3182; x_wconf 92' lang='lat' dir='ltr'><strong>ei</strong></span> <span class='ocrx_word' id='word_1_561' title='bbox 3219 3129 3290 3182; x_wconf 87' lang='lat' dir='ltr'><strong>sit</strong></span> <span class='ocrx_word' id='word_1_562' title='bbox 3323 3129 3617 3187; x_wconf 88' lang='lat' dir='ltr'><strong>defuturus</strong></span> 
     </span>
    </p>
   </div>
   <div class='ocr_carea' id='block_1_75' title="bbox 2030 3217 3612 3291">
    <p class='ocr_par' dir='ltr' id='par_1_75' title="bbox 2030 3217 3612 3291">
     <span class='ocr_line' id='line_1_75' title="bbox 2030 3217 3612 3291; baseline 0.004 -21"><span class='ocrx_word' id='word_1_563' title='bbox 2030 3217 2126 3286; x_wconf 82' lang='lat' dir='ltr'><strong>qui</strong></span> <span class='ocrx_word' id='word_1_564' title='bbox 2179 3231 2300 3271; x_wconf 89' lang='lat' dir='ltr'><strong>eam</strong></span> <span class='ocrx_word' id='word_1_565' title='bbox 2386 3217 2620 3280; x_wconf 85' lang='lat' dir='ltr'><strong>accipiat</strong></span> <span class='ocrx_word' id='word_1_566' title='bbox 2679 3218 2990 3288; x_wconf 81' lang='lat' dir='ltr'><strong>eonjugem.</strong></span> <span class='ocrx_word' id='word_1_567' title='bbox 3054 3217 3123 3273; x_wconf 89' lang='lat' dir='ltr'><strong>Se</strong></span> <span class='ocrx_word' id='word_1_568' title='bbox 3179 3221 3328 3274; x_wconf 89' lang='lat' dir='ltr'><strong>enim</strong></span> <span class='ocrx_word' id='word_1_569' title='bbox 3387 3222 3501 3291; x_wconf 89' lang='lat' dir='ltr'><strong>jam</strong></span> <span class='ocrx_word' id='word_1_570' title='bbox 3561 3224 3612 3277; x_wconf 89' lang='lat' dir='ltr'><strong>in</strong></span> 
     </span>
    </p>
   </div>
   <div class='ocr_carea' id='block_1_76' title="bbox 2029 3309 3614 3383">
    <p class='ocr_par' dir='ltr' id='par_1_76' title="bbox 2029 3309 3614 3383">
     <span class='ocr_line' id='line_1_76' title="bbox 2029 3309 3614 3383; baseline 0.004 -19"><span class='ocrx_word' id='word_1_571' title='bbox 2029 3320 2287 3382; x_wconf 75' lang='lat' dir='ltr'><strong>promptu</strong></span> <span class='ocrx_word' id='word_1_572' title='bbox 2338 3309 2566 3379; x_wconf 85' lang='lat' dir='ltr'><strong>putabat</strong></span> <span class='ocrx_word' id='word_1_573' title='bbox 2617 3309 2819 3364; x_wconf 86' lang='lat' dir='ltr'><strong>habere</strong></span> <span class='ocrx_word' id='word_1_574' title='bbox 2856 3309 3066 3372; x_wconf 91' lang='lat' dir='ltr'><strong>dotem,</strong></span> <span class='ocrx_word' id='word_1_575' title='bbox 3116 3327 3183 3366; x_wconf 91' lang='lat' dir='ltr'><strong>ex</strong></span> <span class='ocrx_word' id='word_1_576' title='bbox 3235 3313 3514 3383; x_wconf 87' lang='lat' dir='ltr'><strong>prioribus</strong></span> <span class='ocrx_word' id='word_1_577' title='bbox 3545 3316 3614 3371; x_wconf 85' lang='lat' dir='ltr'><strong>de</strong></span> 
     </span>
    </p>
   </div>
   <div class='ocr_carea' id='block_1_77' title="bbox 2026 3403 3614 3473">
    <p class='ocr_par' dir='ltr' id='par_1_77' title="bbox 2026 3403 3614 3473">
     <span class='ocr_line' id='line_1_77' title="bbox 2026 3403 3614 3473; baseline 0.004 -16"><span class='ocrx_word' id='word_1_578' title='bbox 2026 3417 2090 3457; x_wconf 88' lang='lat' dir='ltr'><strong>ea</strong></span> <span class='ocrx_word' id='word_1_579' title='bbox 2121 3417 2361 3473; x_wconf 89' lang='lat' dir='ltr'><strong>quoque,</strong></span> <span class='ocrx_word' id='word_1_580' title='bbox 2394 3411 2452 3455; x_wconf 92' lang='lat' dir='ltr'><strong>ut</strong></span> <span class='ocrx_word' id='word_1_581' title='bbox 2482 3417 2580 3471; x_wconf 90' lang='lat' dir='ltr'><strong>par</strong></span> <span class='ocrx_word' id='word_1_582' title='bbox 2609 3411 2748 3462; x_wconf 90' lang='lat' dir='ltr'><strong>erat,</strong></span> <span class='ocrx_word' id='word_1_583' title='bbox 2783 3403 3106 3473; x_wconf 84' lang='lat' dir='ltr'><strong>concipiens</strong></span> <span class='ocrx_word' id='word_1_584' title='bbox 3149 3404 3431 3462; x_wconf 85' lang='lat' dir='ltr'><strong>fiduciam.</strong></span> <span class='ocrx_word' id='word_1_585' title='bbox 3480 3408 3614 3463; x_wconf 88' lang='lat' dir='ltr'><strong>Erat</strong></span> 
     </span>
    </p>
   </div>
   <div class='ocr_carea' id='block_1_78' title="bbox 2028 3494 3610 3572">
    <p class='ocr_par' dir='ltr' id='par_1_78' title="bbox 2028 3494 3610 3572">
     <span class='ocr_line' id='line_1_78' title="bbox 2028 3494 3610 3572; baseline 0.004 -23"><span class='ocrx_word' id='word_1_586' title='bbox 2028 3496 2214 3564; x_wconf 90' lang='lat' dir='ltr'><strong>itaque</strong></span> <span class='ocrx_word' id='word_1_587' title='bbox 2251 3505 2500 3550; x_wconf 89' lang='lat' dir='ltr'><strong>attentus</strong></span> <span class='ocrx_word' id='word_1_588' title='bbox 2535 3503 2588 3549; x_wconf 88' lang='lat' dir='ltr'><strong>et</strong></span> <span class='ocrx_word' id='word_1_589' title='bbox 2623 3494 2915 3561; x_wconf 84' lang='lat' dir='ltr'><strong>sollicitus,</strong></span> <span class='ocrx_word' id='word_1_590' title='bbox 2949 3506 3006 3551; x_wconf 92' lang='lat' dir='ltr'><strong>et</strong></span> <span class='ocrx_word' id='word_1_591' title='bbox 3058 3507 3201 3553; x_wconf 88' lang='lat' dir='ltr'><strong>totas</strong></span> <span class='ocrx_word' id='word_1_592' title='bbox 3251 3510 3444 3556; x_wconf 88' lang='lat' dir='ltr'><strong>noctes</strong></span> <span class='ocrx_word' id='word_1_593' title='bbox 3473 3503 3610 3572; x_wconf 76' lang='lat' dir='ltr'><strong>vigi-</strong></span> 
     </span>
    </p>
   </div>
   <div class='ocr_carea' id='block_1_79' title="bbox 2024 3585 3614 3664">
    <p class='ocr_par' dir='ltr' id='par_1_79' title="bbox 2024 3585 3614 3664">
     <span class='ocr_line' id='line_1_79' title="bbox 2024 3585 3614 3664; baseline 0.004 -24"><span class='ocrx_word' id='word_1_594' title='bbox 2024 3586 2171 3642; x_wconf 88' lang='lat' dir='ltr'><strong>labat</strong></span> <span class='ocrx_word' id='word_1_595' title='bbox 2213 3585 2453 3652; x_wconf 89' lang='lat' dir='ltr'><strong>assidue,</strong></span> <span class='ocrx_word' id='word_1_596' title='bbox 2494 3601 2564 3641; x_wconf 88' lang='lat' dir='ltr'><strong>ne</strong></span> <span class='ocrx_word' id='word_1_597' title='bbox 2603 3601 2668 3642; x_wconf 92' lang='lat' dir='ltr'><strong>eo</strong></span> <span class='ocrx_word' id='word_1_598' title='bbox 2716 3587 2985 3642; x_wconf 85' lang='lat' dir='ltr'><strong>insciente</strong></span> <span class='ocrx_word' id='word_1_599' title='bbox 3024 3589 3314 3645; x_wconf 86' lang='lat' dir='ltr'><strong>accederet</strong></span> <span class='ocrx_word' id='word_1_600' title='bbox 3359 3593 3614 3664; x_wconf 76' lang='lat' dir='ltr'><strong>egregius</strong></span> 
     </span>
    </p>
   </div>
   <div class='ocr_carea' id='block_1_80' title="bbox 2024 3678 3610 3749">
    <p class='ocr_par' dir='ltr' id='par_1_80' title="bbox 2024 3678 3610 3749">
     <span class='ocr_line' id='line_1_80' title="bbox 2024 3678 3610 3749; baseline 0.004 -17"><span class='ocrx_word' id='word_1_601' title='bbox 2024 3679 2115 3732; x_wconf 89' lang='lat' dir='ltr'><strong>ille</strong></span> <span class='ocrx_word' id='word_1_602' title='bbox 2161 3678 2542 3748; x_wconf 88' lang='lat' dir='ltr'><strong>suppeditator</strong></span> <span class='ocrx_word' id='word_1_603' title='bbox 2597 3679 2845 3749; x_wconf 65' lang='lat' dir='ltr'><strong>pecuniae</strong></span> <span class='ocrx_word' id='word_1_604' title='bbox 2898 3697 2911 3732; x_wconf 90' lang='lat'><strong>:</strong></span> <span class='ocrx_word' id='word_1_605' title='bbox 2967 3679 3065 3735; x_wconf 89' lang='lat' dir='ltr'><strong>sed</strong></span> <span class='ocrx_word' id='word_1_606' title='bbox 3115 3681 3160 3736; x_wconf 93' lang='lat' dir='ltr'><strong>si</strong></span> <span class='ocrx_word' id='word_1_607' title='bbox 3208 3683 3423 3739; x_wconf 79' lang='lat' dir='ltr'><strong>veniret</strong></span> <span class='ocrx_word' id='word_1_608' title='bbox 3480 3701 3610 3739; x_wconf 86' lang='lat' dir='ltr'><strong>eum</strong></span> 
     </span>
    </p>
   </div>
   <div class='ocr_carea' id='block_1_81' title="bbox 2023 3768 3612 3839">
    <p class='ocr_par' dir='ltr' id='par_1_81' title="bbox 2023 3768 3612 3839">
     <span class='ocr_line' id='line_1_81' title="bbox 2023 3768 3612 3839; baseline 0.005 -15"><span class='ocrx_word' id='word_1_609' title='bbox 2023 3769 2292 3824; x_wconf 87' lang='lat' dir='ltr'><strong>ambabus</strong></span> <span class='ocrx_word' id='word_1_610' title='bbox 2336 3768 2592 3824; x_wconf 90' lang='lat' dir='ltr'><strong>manibus</strong></span> <span class='ocrx_word' id='word_1_611' title='bbox 2629 3770 3091 3839; x_wconf 76' lang='lat' dir='ltr'><strong>apprehenderet,</strong></span> <span class='ocrx_word' id='word_1_612' title='bbox 3134 3783 3189 3827; x_wconf 90' lang='lat' dir='ltr'><strong>et</strong></span> <span class='ocrx_word' id='word_1_613' title='bbox 3221 3788 3287 3827; x_wconf 83' lang='lat' dir='ltr'><strong>ex</strong></span> <span class='ocrx_word' id='word_1_614' title='bbox 3333 3789 3399 3828; x_wconf 94' lang='lat' dir='ltr'><strong>eo</strong></span> <span class='ocrx_word' id='word_1_615' title='bbox 3445 3777 3612 3832; x_wconf 84' lang='lat' dir='ltr'><strong>sciret</strong></span> 
     </span>
    </p>
   </div>
   <div class='ocr_carea' id='block_1_82' title="bbox 2022 3861 3603 3932">
    <p class='ocr_par' dir='ltr' id='par_1_82' title="bbox 2022 3861 3603 3932">
     <span class='ocr_line' id='line_1_82' title="bbox 2022 3861 3603 3932; baseline 0.005 -18"><span class='ocrx_word' id='word_1_616' title='bbox 2022 3862 2272 3932; x_wconf 90' lang='lat' dir='ltr'><strong>quisnam</strong></span> <span class='ocrx_word' id='word_1_617' title='bbox 2296 3871 2462 3925; x_wconf 88' lang='lat' dir='ltr'><strong>esset,</strong></span> <span class='ocrx_word' id='word_1_618' title='bbox 2487 3877 2542 3916; x_wconf 88' lang='lat' dir='ltr'><strong>et</strong></span> <span class='ocrx_word' id='word_1_619' title='bbox 2564 3861 2837 3916; x_wconf 88' lang='lat' dir='ltr'><strong>undenam</strong></span> <span class='ocrx_word' id='word_1_620' title='bbox 2869 3877 3066 3916; x_wconf 85' lang='lat' dir='ltr'><strong>aurum</strong></span> <span class='ocrx_word' id='word_1_621' title='bbox 3089 3863 3156 3918; x_wconf 88' lang='lat' dir='ltr'><strong>ad</strong></span> <span class='ocrx_word' id='word_1_622' title='bbox 3183 3879 3309 3917; x_wconf 91' lang='lat' dir='ltr'><strong>eum</strong></span> <span class='ocrx_word' id='word_1_623' title='bbox 3335 3866 3603 3922; x_wconf 81' lang='lat' dir='ltr'><strong>afﬂueret.</strong></span> 
     </span>
    </p>
   </div>
   <div class='ocr_carea' id='block_1_83' title="bbox 2019 3952 3610 4029">
    <p class='ocr_par' dir='ltr' id='par_1_83' title="bbox 2019 3952 3610 4029">
     <span class='ocr_line' id='line_1_83' title="bbox 2019 3952 3610 4029; baseline 0.004 -24"><span class='ocrx_word' id='word_1_624' title='bbox 2019 3955 2199 4022; x_wconf 82' lang='lat' dir='ltr'><strong>Atque</strong></span> <span class='ocrx_word' id='word_1_625' title='bbox 2255 3952 2348 4008; x_wconf 89' lang='lat' dir='ltr'><strong>ille</strong></span> <span class='ocrx_word' id='word_1_626' title='bbox 2395 3952 2616 4022; x_wconf 90' lang='lat' dir='ltr'><strong>quidem</strong></span> <span class='ocrx_word' id='word_1_627' title='bbox 2667 3953 2749 4007; x_wconf 90' lang='lat' dir='ltr'><strong>sie</strong></span> <span class='ocrx_word' id='word_1_628' title='bbox 2806 3953 3069 4022; x_wconf 78' lang='lat' dir='ltr'><strong>vigilabat</strong></span> <span class='ocrx_word' id='word_1_629' title='bbox 3132 3955 3429 4010; x_wconf 89' lang='lat' dir='ltr'><strong>adventum</strong></span> <span class='ocrx_word' id='word_1_630' title='bbox 3486 3961 3610 4029; x_wconf 88' lang='lat' dir='ltr'><strong>ejus</strong></span> 
     </span>
    </p>
   </div>
   <div class='ocr_carea' id='block_1_84' title="bbox 2021 4045 3601 4116">
    <p class='ocr_par' dir='ltr' id='par_1_84' title="bbox 2021 4045 3601 4116">
     <span class='ocr_line' id='line_1_84' title="bbox 2021 4045 3601 4116; baseline 0.006 -18"><span class='ocrx_word' id='word_1_631' title='bbox 2021 4045 2363 4116; x_wconf 66' lang='lat' dir='ltr'><strong>praestolans.</strong></span> <span class='ocrx_word' id='word_1_632' title='bbox 2411 4046 2600 4100; x_wconf 85' lang='lat' dir='ltr'><strong>Tertio</strong></span> <span class='ocrx_word' id='word_1_633' title='bbox 2643 4056 2826 4100; x_wconf 84' lang='lat' dir='ltr'><strong>autem</strong></span> <span class='ocrx_word' id='word_1_634' title='bbox 2879 4049 3215 4116; x_wconf 84' lang='lat' dir='ltr'><strong>pedetentim</strong></span> <span class='ocrx_word' id='word_1_635' title='bbox 3251 4051 3466 4105; x_wconf 86' lang='lat' dir='ltr'><strong>accedit</strong></span> <span class='ocrx_word' id='word_1_636' title='bbox 3504 4051 3601 4107; x_wconf 78' lang='lat' dir='ltr'><strong>Dei</strong></span> 
     </span>
    </p>
   </div>
   <div class='ocr_carea' id='block_1_85' title="bbox 2021 4137 3606 4211">
    <p class='ocr_par' dir='ltr' id='par_1_85' title="bbox 2021 4137 3606 4211">
     <span class='ocr_line' id='line_1_85' title="bbox 2021 4137 3606 4211; baseline 0.003 -18"><span class='ocrx_word' id='word_1_637' title='bbox 2021 4153 2215 4193; x_wconf 87' lang='lat' dir='ltr'><strong>servus</strong></span> <span class='ocrx_word' id='word_1_638' title='bbox 2265 4137 2522 4193; x_wconf 83' lang='lat' dir='ltr'><strong>Nicolaus</strong></span> <span class='ocrx_word' id='word_1_639' title='bbox 2567 4153 2694 4192; x_wconf 88' lang='lat' dir='ltr'><strong>cum</strong></span> <span class='ocrx_word' id='word_1_640' title='bbox 2739 4149 2886 4194; x_wconf 90' lang='lat' dir='ltr'><strong>esset</strong></span> <span class='ocrx_word' id='word_1_641' title='bbox 2930 4156 3039 4195; x_wconf 80' lang='lat' dir='ltr'><strong>nox</strong></span> <span class='ocrx_word' id='word_1_642' title='bbox 3097 4140 3370 4211; x_wconf 82' lang='lat' dir='ltr'><strong>profunda</strong></span> <span class='ocrx_word' id='word_1_643' title='bbox 3418 4161 3431 4196; x_wconf 90' lang='lat'><strong>:</strong></span> <span class='ocrx_word' id='word_1_644' title='bbox 3481 4160 3606 4198; x_wconf 88' lang='lat' dir='ltr'><strong>cum</strong></span> 
     </span>
    </p>
   </div>
   <div class='ocr_carea' id='block_1_86' title="bbox 2020 4229 3609 4296">
    <p class='ocr_par' dir='ltr' id='par_1_86' title="bbox 2020 4229 3609 4296">
     <span class='ocr_line' id='line_1_86' title="bbox 2020 4229 3609 4296; baseline 0.003 -11"><span class='ocrx_word' id='word_1_645' title='bbox 2020 4231 2264 4286; x_wconf 82' lang='lat' dir='ltr'><strong>venisset</strong></span> <span class='ocrx_word' id='word_1_646' title='bbox 2306 4229 2374 4283; x_wconf 90' lang='lat' dir='ltr'><strong>ad</strong></span> <span class='ocrx_word' id='word_1_647' title='bbox 2429 4229 2606 4283; x_wconf 88' lang='lat' dir='ltr'><strong>locum</strong></span> <span class='ocrx_word' id='word_1_648' title='bbox 2661 4240 3028 4296; x_wconf 86' lang='lat' dir='ltr'><strong>consuetum,</strong></span> <span class='ocrx_word' id='word_1_649' title='bbox 3087 4231 3427 4287; x_wconf 86' lang='lat' dir='ltr'><strong>tantumdem</strong></span> <span class='ocrx_word' id='word_1_650' title='bbox 3486 4234 3609 4289; x_wconf 83' lang='lat' dir='ltr'><strong>auri</strong></span> 
     </span>
    </p>
   </div>
   <div class='ocr_carea' id='block_1_87' title="bbox 2021 4322 3604 4394">
    <p class='ocr_par' dir='ltr' id='par_1_87' title="bbox 2021 4322 3604 4394">
     <span class='ocr_line' id='line_1_87' title="bbox 2021 4322 3604 4394; baseline 0.003 -18"><span class='ocrx_word' id='word_1_651' title='bbox 2021 4339 2215 4378; x_wconf 89' lang='lat' dir='ltr'><strong>rursus</strong></span> <span class='ocrx_word' id='word_1_652' title='bbox 2249 4323 2530 4394; x_wconf 78' lang='lat' dir='ltr'><strong>alligatum</strong></span> <span class='ocrx_word' id='word_1_653' title='bbox 2570 4322 2817 4377; x_wconf 86' lang='lat' dir='ltr'><strong>immittit</strong></span> <span class='ocrx_word' id='word_1_654' title='bbox 2854 4340 2951 4394; x_wconf 88' lang='lat' dir='ltr'><strong>per</strong></span> <span class='ocrx_word' id='word_1_655' title='bbox 2983 4325 3237 4380; x_wconf 86' lang='lat' dir='ltr'><strong>eamdem</strong></span> <span class='ocrx_word' id='word_1_656' title='bbox 3283 4325 3604 4381; x_wconf 62' lang='lat' dir='ltr'><strong>fenestram.</strong></span> 
     </span>
    </p>
   </div>
   <div class='ocr_carea' id='block_1_88' title="bbox 322 4414 1922 4488">
    <p class='ocr_par' dir='ltr' id='par_1_88' title="bbox 322 4414 1910 4488">
     <span class='ocr_line' id='line_1_88' title="bbox 322 4414 1910 4488; baseline 0.003 -23"><span class='ocrx_word' id='word_1_657' title='bbox 322 4414 506 4477; x_wconf 78' lang='grc' dir='ltr'>Αὐτὸς</span> <span class='ocrx_word' id='word_1_658' title='bbox 534 4415 587 4467; x_wconf 76' lang='grc' dir='ltr'><strong>δὲ</strong></span> <span class='ocrx_word' id='word_1_659' title='bbox 612 4417 640 4468; x_wconf 90' lang='lat'><strong>6</strong></span> <span class='ocrx_word' id='word_1_660' title='bbox 677 4416 776 4479; x_wconf 77' lang='grc' dir='ltr'>τὰς</span> <span class='ocrx_word' id='word_1_661' title='bbox 799 4417 1120 4488; x_wconf 82' lang='grc' dir='ltr'>εὐεργεσίας</span> <span class='ocrx_word' id='word_1_662' title='bbox 1161 4418 1409 4487; x_wconf 85' lang='grc' dir='ltr'>συνήθως</span> <span class='ocrx_word' id='word_1_663' title='bbox 1456 4417 1765 4487; x_wconf 83' lang='grc' dir='ltr'>δεχόμενος,</span> <span class='ocrx_word' id='word_1_664' title='bbox 1815 4416 1910 4470; x_wconf 88' lang='grc' dir='ltr'><strong>τοῦ</strong></span> 
     </span>
    </p>
   </div>
   <div class='ocr_carea' id='block_1_89' title="bbox 2027 4414 3605 4488">
    <p class='ocr_par' dir='ltr' id='par_1_89' title="bbox 2027 4415 3605 4484">
     <span class='ocr_line' id='line_1_89' title="bbox 2027 4415 3605 4484; baseline 0.001 -15"><span class='ocrx_word' id='word_1_665' title='bbox 2027 4415 2180 4470; x_wconf 80' lang='lat' dir='ltr'><strong>Pater</strong></span> <span class='ocrx_word' id='word_1_666' title='bbox 2206 4429 2338 4470; x_wconf 90' lang='lat' dir='ltr'><strong>vero</strong></span> <span class='ocrx_word' id='word_1_667' title='bbox 2369 4415 2672 4484; x_wconf 87' lang='lat' dir='ltr'><strong>puellarum</strong></span> <span class='ocrx_word' id='word_1_668' title='bbox 2700 4430 2825 4468; x_wconf 90' lang='lat' dir='ltr'><strong>cum</strong></span> <span class='ocrx_word' id='word_1_669' title='bbox 2863 4417 3126 4470; x_wconf 87' lang='lat' dir='ltr'><strong>sensisset</strong></span> <span class='ocrx_word' id='word_1_670' title='bbox 3155 4417 3447 4484; x_wconf 87' lang='lat' dir='ltr'><strong>strepitum</strong></span> <span class='ocrx_word' id='word_1_671' title='bbox 3480 4419 3605 4471; x_wconf 87' lang='lat' dir='ltr'><strong>auri</strong></span> 
     </span>
    </p>
   </div>
   <div class='ocr_carea' id='block_1_90' title="bbox 319 4507 1912 4578">
    <p class='ocr_par' dir='ltr' id='par_1_90' title="bbox 319 4507 1912 4578">
     <span class='ocr_line' id='line_1_90' title="bbox 319 4507 1912 4578; baseline 0.004 -22"><span class='ocrx_word' id='word_1_672' title='bbox 319 4507 683 4570; x_wconf 75' lang='grc' dir='ltr'>εἰτπεσόντος</span> <span class='ocrx_word' id='word_1_673' title='bbox 728 4509 930 4578; x_wconf 78' lang='grc' dir='ltr'>χρυσοῦ</span> <span class='ocrx_word' id='word_1_674' title='bbox 990 4509 1100 4562; x_wconf 82' lang='grc' dir='ltr'><strong>τῶν</strong></span> <span class='ocrx_word' id='word_1_675' title='bbox 1149 4508 1340 4578; x_wconf 73' lang='grc' dir='ltr'>ψόφων</span> <span class='ocrx_word' id='word_1_676' title='bbox 1406 4508 1752 4578; x_wconf 75' lang='grc' dir='ltr'>αἰσθόμενος,</span> <span class='ocrx_word' id='word_1_677' title='bbox 1817 4511 1912 4563; x_wconf 77' lang='grc' dir='ltr'>καὶ</span> 
     </span>
    </p>
   </div>
   <div class='ocr_carea' id='block_1_91' title="bbox 316 4597 1912 4676">
    <p class='ocr_par' dir='ltr' id='par_1_91' title="bbox 316 4597 1912 4676">
     <span class='ocr_line' id='line_1_91' title="bbox 316 4597 1912 4676; baseline 0.005 -28"><span class='ocrx_word' id='word_1_678' title='bbox 316 4597 506 4668; x_wconf 83' lang='grc' dir='ltr'>τούτῳ</span> <span class='ocrx_word' id='word_1_679' title='bbox 537 4602 793 4667; x_wconf 86' lang='grc' dir='ltr'>παρεῖναι</span> <span class='ocrx_word' id='word_1_680' title='bbox 832 4600 996 4653; x_wconf 73' lang='grc' dir='ltr'>πάλιν</span> <span class='ocrx_word' id='word_1_681' title='bbox 1022 4601 1114 4653; x_wconf 71' lang='grc' dir='ltr'><strong>τὸν</strong></span> <span class='ocrx_word' id='word_1_682' title='bbox 1161 4599 1370 4668; x_wconf 86' lang='grc' dir='ltr'>συνήθη</span> <span class='ocrx_word' id='word_1_683' title='bbox 1412 4601 1782 4675; x_wconf 86' lang='grc' dir='ltr'>πλουτοδότην</span> <span class='ocrx_word' id='word_1_684' title='bbox 1836 4604 1912 4676; x_wconf 75' lang='grc' dir='ltr'><strong>μή</strong></span> 
     </span>
    </p>
   </div>
   <div class='ocr_carea' id='block_1_92' title="bbox 316 4687 1908 4764">
    <p class='ocr_par' dir='ltr' id='par_1_92' title="bbox 316 4687 1908 4764">
     <span class='ocr_line' id='line_1_92' title="bbox 316 4687 1908 4764; baseline 0.003 -20"><span class='ocrx_word' id='word_1_685' title='bbox 316 4693 628 4761; x_wconf 67' lang='grc' dir='ltr'>ἀγνοήσας,</span> <span class='ocrx_word' id='word_1_686' title='bbox 663 4687 917 4764; x_wconf 76' lang='grc' dir='ltr'>ᾖτάχους</span> <span class='ocrx_word' id='word_1_687' title='bbox 952 4689 1092 4762; x_wconf 72' lang='grc' dir='ltr'>εἶχεν</span> <span class='ocrx_word' id='word_1_688' title='bbox 1133 4695 1298 4757; x_wconf 81' lang='grc' dir='ltr'>εὐθὺς</span> <span class='ocrx_word' id='word_1_689' title='bbox 1338 4697 1529 4748; x_wconf 81' lang='grc' dir='ltr'>ἐδίωκε</span> <span class='ocrx_word' id='word_1_690' title='bbox 1555 4713 1569 4727; x_wconf 86' lang='grc'><strong>·</strong></span> <span class='ocrx_word' id='word_1_691' title='bbox 1605 4697 1700 4748; x_wconf 77' lang='grc' dir='ltr'>καὶ</span> <span class='ocrx_word' id='word_1_692' title='bbox 1735 4713 1908 4749; x_wconf 87' lang='grc' dir='ltr'>κατα-</span> 
     </span>
    </p>
   </div>
   <div class='ocr_carea' id='block_1_93' title="bbox 316 4782 1912 4859">
    <p class='ocr_par' dir='ltr' id='par_1_93' title="bbox 316 4782 1912 4859">
     <span class='ocr_line' id='line_1_93' title="bbox 316 4782 1912 4859; baseline 0.004 -26"><span class='ocrx_word' id='word_1_693' title='bbox 316 4782 508 4833; x_wconf 56' lang='grc' dir='ltr'>λαϐὼν</span> <span class='ocrx_word' id='word_1_694' title='bbox 538 4784 632 4836; x_wconf 75' lang='grc' dir='ltr'>καὶ</span> <span class='ocrx_word' id='word_1_695' title='bbox 661 4784 823 4850; x_wconf 67' lang='grc' dir='ltr'>γνοὺς</span> <span class='ocrx_word' id='word_1_696' title='bbox 867 4784 1014 4845; x_wconf 78' lang='grc' dir='ltr'>ὅστις</span> <span class='ocrx_word' id='word_1_697' title='bbox 1061 4785 1168 4854; x_wconf 75' lang='grc' dir='ltr'>εἴη,</span> <span class='ocrx_word' id='word_1_698' title='bbox 1208 4785 1326 4838; x_wconf 81' lang='grc' dir='ltr'>οὐδὲ</span> <span class='ocrx_word' id='word_1_699' title='bbox 1371 4787 1479 4857; x_wconf 81' lang='grc' dir='ltr'><strong>γὰρ</strong></span> <span class='ocrx_word' id='word_1_700' title='bbox 1524 4785 1633 4839; x_wconf 84' lang='grc' dir='ltr'><strong>τῶν</strong></span> <span class='ocrx_word' id='word_1_701' title='bbox 1679 4789 1912 4859; x_wconf 85' lang='grc' dir='ltr'>ἀσήμων</span> 
     </span>
    </p>
   </div>
   <div class='ocr_carea' id='block_1_94' title="bbox 312 4871 1910 4946">
    <p class='ocr_par' dir='ltr' id='par_1_94' title="bbox 312 4871 1910 4946">
     <span class='ocr_line' id='line_1_94' title="bbox 312 4871 1910 4946; baseline 0.004 -21"><span class='ocrx_word' id='word_1_702' title='bbox 312 4871 486 4934; x_wconf 65' lang='grc' dir='ltr'>οἱτος</span> <span class='ocrx_word' id='word_1_703' title='bbox 539 4876 618 4932; x_wconf 81' lang='grc' dir='ltr'><strong>εἰς</strong></span> <span class='ocrx_word' id='word_1_704' title='bbox 661 4874 887 4941; x_wconf 74' lang='grc' dir='ltr'>ἀρετὴν,</span> <span class='ocrx_word' id='word_1_705' title='bbox 939 4876 1039 4925; x_wconf 86' lang='grc' dir='ltr'><strong>οὐκ</strong></span> <span class='ocrx_word' id='word_1_706' title='bbox 1092 4871 1238 4942; x_wconf 76' lang='grc' dir='ltr'>εἶχεν</span> <span class='ocrx_word' id='word_1_707' title='bbox 1284 4877 1350 4928; x_wconf 84' lang='grc' dir='ltr'>ἐκ</span> <span class='ocrx_word' id='word_1_708' title='bbox 1406 4881 1768 4946; x_wconf 58' lang='grc' dir='ltr'>περιχαρεῖας</span> <span class='ocrx_word' id='word_1_709' title='bbox 1804 4881 1910 4932; x_wconf 82' lang='grc' dir='ltr'>ὅτι</span> 
     </span>
    </p>
   </div>
   <div class='ocr_carea' id='block_1_95' title="bbox 311 4966 1911 5039">
    <p class='ocr_par' dir='ltr' id='par_1_95' title="bbox 311 4966 1911 5039">
     <span class='ocr_line' id='line_1_95' title="bbox 311 4966 1911 5039; baseline 0.004 -21"><span class='ocrx_word' id='word_1_710' title='bbox 311 4969 416 5018; x_wconf 67' lang='lat' dir='ltr'><strong>xxi</strong></span> <span class='ocrx_word' id='word_1_711' title='bbox 449 4966 688 5030; x_wconf 80' lang='grc' dir='ltr'>γένοιτο,</span> <span class='ocrx_word' id='word_1_712' title='bbox 712 4966 988 5036; x_wconf 75' lang='grc' dir='ltr'>ἐγκρατὴς</span> <span class='ocrx_word' id='word_1_713' title='bbox 1030 4967 1130 5038; x_wconf 72' lang='grc' dir='ltr'>ἤδη</span> <span class='ocrx_word' id='word_1_714' title='bbox 1162 4966 1254 5018; x_wconf 87' lang='grc' dir='ltr'><strong>τοῦ</strong></span> <span class='ocrx_word' id='word_1_715' title='bbox 1304 4968 1623 5039; x_wconf 84' lang='grc' dir='ltr'>θηράματος</span> <span class='ocrx_word' id='word_1_716' title='bbox 1663 4969 1759 5037; x_wconf 76' lang='grc' dir='ltr'>ὢν,</span> <span class='ocrx_word' id='word_1_717' title='bbox 1816 4975 1911 5026; x_wconf 69' lang='grc' dir='ltr'><strong>καὶ</strong></span> 
     </span>
    </p>
   </div>
   <div class='ocr_carea' id='block_1_96' title="bbox 308 5059 1911 5132">
    <p class='ocr_par' dir='ltr' id='par_1_96' title="bbox 308 5059 1911 5132">
     <span class='ocr_line' id='line_1_96' title="bbox 308 5059 1911 5132; baseline 0.004 -22"><span class='ocrx_word' id='word_1_718' title='bbox 308 5063 414 5110; x_wconf 59' lang='grc' dir='ltr'>τὶν</span> <span class='ocrx_word' id='word_1_719' title='bbox 456 5059 756 5128; x_wconf 61' lang='grc' dir='ltr'>εὐεργέτην</span> <span class='ocrx_word' id='word_1_720' title='bbox 803 5061 862 5109; x_wconf 80' lang='grc' dir='ltr'><strong>έν</strong></span> <span class='ocrx_word' id='word_1_721' title='bbox 908 5060 1094 5128; x_wconf 79' lang='grc' dir='ltr'>χερσὶν</span> <span class='ocrx_word' id='word_1_722' title='bbox 1147 5060 1307 5129; x_wconf 82' lang='grc' dir='ltr'>ἔχων.</span> <span class='ocrx_word' id='word_1_723' title='bbox 1370 5061 1727 5131; x_wconf 76' lang='grc' dir='ltr'>Λαμϐάνεται</span> <span class='ocrx_word' id='word_1_724' title='bbox 1781 5064 1911 5132; x_wconf 90' lang='grc' dir='ltr'>γοῦν</span> 
     </span>
    </p>
   </div>
   <div class='ocr_carea' id='block_1_97' title="bbox 309 5145 1910 5220">
    <p class='ocr_par' dir='ltr' id='par_1_97' title="bbox 309 5145 1910 5220">
     <span class='ocr_line' id='line_1_97' title="bbox 309 5145 1910 5220; baseline 0.006 -24"><span class='ocrx_word' id='word_1_725' title='bbox 309 5145 500 5213; x_wconf 67' lang='grc' dir='ltr'>ἡδέως</span> <span class='ocrx_word' id='word_1_726' title='bbox 526 5145 635 5196; x_wconf 78' lang='grc' dir='ltr'><strong>τῶν</strong></span> <span class='ocrx_word' id='word_1_727' title='bbox 666 5145 882 5197; x_wconf 78' lang='grc' dir='ltr'>ἐκείνου</span> <span class='ocrx_word' id='word_1_728' title='bbox 912 5146 1112 5211; x_wconf 81' lang='grc' dir='ltr'>ποδῶν,</span> <span class='ocrx_word' id='word_1_729' title='bbox 1144 5151 1239 5199; x_wconf 77' lang='grc' dir='ltr'><strong>καὶ</strong></span> <span class='ocrx_word' id='word_1_730' title='bbox 1291 5149 1573 5220; x_wconf 74' lang='grc' dir='ltr'>λυτρωτὴν</span> <span class='ocrx_word' id='word_1_731' title='bbox 1608 5152 1772 5204; x_wconf 86' lang='grc' dir='ltr'>αὐτὸν</span> <span class='ocrx_word' id='word_1_732' title='bbox 1816 5156 1910 5206; x_wconf 77' lang='grc' dir='ltr'><strong>καὶ</strong></span> 
     </span>
    </p>
   </div>
   <div class='ocr_carea' id='block_1_98' title="bbox 307 5237 1905 5313">
    <p class='ocr_par' dir='ltr' id='par_1_98' title="bbox 307 5237 1905 5313">
     <span class='ocr_line' id='line_1_98' title="bbox 307 5237 1905 5313; baseline 0.009 -27"><span class='ocrx_word' id='word_1_733' title='bbox 307 5237 529 5306; x_wconf 64' lang='grc' dir='ltr'>βοηθὸν</span> <span class='ocrx_word' id='word_1_734' title='bbox 569 5239 665 5290; x_wconf 66' lang='grc' dir='ltr'>καὶ</span> <span class='ocrx_word' id='word_1_735' title='bbox 701 5241 931 5309; x_wconf 77' lang='grc' dir='ltr'>σωτῆρα</span> <span class='ocrx_word' id='word_1_736' title='bbox 989 5240 1179 5308; x_wconf 69' lang='grc' dir='ltr'>ψυχῶν</span> <span class='ocrx_word' id='word_1_737' title='bbox 1228 5243 1310 5303; x_wconf 85' lang='grc' dir='ltr'><strong>είς</strong></span> <span class='ocrx_word' id='word_1_738' title='bbox 1353 5243 1582 5313; x_wconf 78' lang='grc' dir='ltr'>ἔσχατον</span> <span class='ocrx_word' id='word_1_739' title='bbox 1624 5245 1905 5309; x_wconf 81' lang='grc' dir='ltr'>ἀπωλείας</span> 
     </span>
    </p>
   </div>
   <div class='ocr_carea' id='block_1_99' title="bbox 305 5325 1907 5407">
    <p class='ocr_par' dir='ltr' id='par_1_99' title="bbox 305 5325 1907 5407">
     <span class='ocr_line' id='line_1_99' title="bbox 305 5325 1907 5407; baseline 0.006 -25"><span class='ocrx_word' id='word_1_740' title='bbox 305 5325 642 5400; x_wconf 54' lang='grc' dir='ltr'>ἐρχομένων</span> <span class='ocrx_word' id='word_1_741' title='bbox 702 5330 908 5384; x_wconf 77' lang='grc' dir='ltr'>ἐκάλει.</span> <span class='ocrx_word' id='word_1_742' title='bbox 945 5331 1005 5383; x_wconf 86' lang='lat' dir='ltr'><strong>Ei</strong></span> <span class='ocrx_word' id='word_1_743' title='bbox 1039 5335 1114 5402; x_wconf 81' lang='grc' dir='ltr'>μὴ</span> <span class='ocrx_word' id='word_1_744' title='bbox 1145 5334 1254 5401; x_wconf 80' lang='grc' dir='ltr'>γὰρ</span> <span class='ocrx_word' id='word_1_745' title='bbox 1309 5335 1434 5397; x_wconf 74' lang='grc' dir='ltr'><strong>τούς</strong></span> <span class='ocrx_word' id='word_1_746' title='bbox 1477 5338 1628 5400; x_wconf 86' lang='grc' dir='ltr'><strong>σούς,</strong></span> <span class='ocrx_word' id='word_1_747' title='bbox 1699 5339 1907 5407; x_wconf 78' lang='grc' dir='ltr'>ἔλεγεν,</span> 
     </span>
    </p>
   </div>
   <div class='ocr_carea' id='block_1_100' title="bbox 305 5423 1910 5498">
    <p class='ocr_par' dir='ltr' id='par_1_100' title="bbox 305 5423 1910 5498">
     <span class='ocr_line' id='line_1_100' title="bbox 305 5423 1910 5498; baseline 0.005 -22"><span class='ocrx_word' id='word_1_748' title='bbox 305 5424 650 5491; x_wconf 58' lang='grc' dir='ltr'>οἰκζιρμούς</span> <span class='ocrx_word' id='word_1_749' title='bbox 683 5423 712 5473; x_wconf 87' lang='lat'><strong>6</strong></span> <span class='ocrx_word' id='word_1_750' title='bbox 741 5424 914 5490; x_wconf 83' lang='grc' dir='ltr'>μέγας</span> <span class='ocrx_word' id='word_1_751' title='bbox 940 5423 1080 5476; x_wconf 84' lang='grc' dir='ltr'>ὲλέει</span> <span class='ocrx_word' id='word_1_752' title='bbox 1110 5425 1431 5495; x_wconf 83' lang='grc' dir='ltr'>διανέστησε</span> <span class='ocrx_word' id='word_1_753' title='bbox 1473 5429 1702 5498; x_wconf 81' lang='grc' dir='ltr'>Κύριος,</span> <span class='ocrx_word' id='word_1_754' title='bbox 1741 5429 1910 5484; x_wconf 86' lang='grc' dir='ltr'>πάλαι</span> 
     </span>
    </p>
   </div>
   <div class='ocr_carea' id='block_1_101' title="bbox 304 5515 1909 5590">
    <p class='ocr_par' dir='ltr' id='par_1_101' title="bbox 304 5515 1909 5590">
     <span class='ocr_line' id='line_1_101' title="bbox 304 5515 1909 5590; baseline 0.004 -20"><span class='ocrx_word' id='word_1_755' title='bbox 304 5523 384 5570; x_wconf 75' lang='grc' dir='ltr'>ἂν</span> <span class='ocrx_word' id='word_1_756' title='bbox 426 5515 774 5580; x_wconf 79' lang='grc' dir='ltr'>ἀπωλώλειν,</span> <span class='ocrx_word' id='word_1_757' title='bbox 812 5518 993 5585; x_wconf 75' lang='grc' dir='ltr'>πατὴρ</span> <span class='ocrx_word' id='word_1_758' title='bbox 1022 5517 1227 5580; x_wconf 77' lang='grc' dir='ltr'>ἄθλιος,</span> <span class='ocrx_word' id='word_1_759' title='bbox 1264 5520 1406 5590; x_wconf 73' lang='grc' dir='ltr'>μετὰ</span> <span class='ocrx_word' id='word_1_760' title='bbox 1441 5520 1758 5588; x_wconf 80' lang='grc' dir='ltr'>θυγατέρων</span> <span class='ocrx_word' id='word_1_761' title='bbox 1781 5562 1795 5585; x_wconf 88' lang='grc'><strong>,</strong></span> <span class='ocrx_word' id='word_1_762' title='bbox 1828 5526 1909 5576; x_wconf 75' lang='grc' dir='ltr'><strong>οἵ·</strong></span> 
     </span>
    </p>
   </div>
   <div class='ocr_carea' id='block_1_102' title="bbox 306 5606 1910 5682">
    <p class='ocr_par' dir='ltr' id='par_1_102' title="bbox 306 5606 1910 5682">
     <span class='ocr_line' id='line_1_102' title="bbox 306 5606 1910 5682; baseline 0.006 -23"><span class='ocrx_word' id='word_1_763' title='bbox 306 5625 416 5677; x_wconf 82' lang='grc' dir='ltr'><strong>μοι</strong></span> <span class='ocrx_word' id='word_1_764' title='bbox 445 5609 459 5658; x_wconf 82' lang='lat'>!</span> <span class='ocrx_word' id='word_1_765' title='bbox 491 5607 682 5676; x_wconf 82' lang='grc' dir='ltr'>τριῶν.</span> <span class='ocrx_word' id='word_1_766' title='bbox 733 5606 896 5660; x_wconf 72' lang='grc' dir='ltr'>Ἀλλὰ</span> <span class='ocrx_word' id='word_1_767' title='bbox 944 5607 1040 5660; x_wconf 87' lang='grc' dir='ltr'><strong>νῦν</strong></span> <span class='ocrx_word' id='word_1_768' title='bbox 1073 5608 1318 5663; x_wconf 82' lang='grc' dir='ltr'>σέσωκεν</span> <span class='ocrx_word' id='word_1_769' title='bbox 1342 5612 1489 5681; x_wconf 78' lang='grc' dir='ltr'>ἡμᾶς</span> <span class='ocrx_word' id='word_1_770' title='bbox 1537 5612 1626 5666; x_wconf 78' lang='grc' dir='ltr'>διά</span> <span class='ocrx_word' id='word_1_771' title='bbox 1672 5615 1790 5682; x_wconf 73' lang='grc' dir='ltr'>σοῦ,</span> <span class='ocrx_word' id='word_1_772' title='bbox 1817 5618 1910 5668; x_wconf 74' lang='grc' dir='ltr'>καὶ</span> 
     </span>
    </p>
   </div>
   <div class='ocr_carea' id='block_1_103' title="bbox 303 5697 1904 5776">
    <p class='ocr_par' dir='ltr' id='par_1_103' title="bbox 303 5697 1904 5776">
     <span class='ocr_line' id='line_1_103' title="bbox 303 5697 1904 5776; baseline 0.019 -34"><span class='ocrx_word' id='word_1_773' title='bbox 303 5700 415 5756; x_wconf 69' lang='grc' dir='ltr'><strong>τοῦ</strong></span> <span class='ocrx_word' id='word_1_774' title='bbox 472 5697 673 5765; x_wconf 81' lang='grc' dir='ltr'>πικροῦ</span> <span class='ocrx_word' id='word_1_775' title='bbox 727 5697 827 5767; x_wconf 77' lang='grc' dir='ltr'>τῆς</span> <span class='ocrx_word' id='word_1_776' title='bbox 892 5701 1196 5773; x_wconf 75' lang='grc' dir='ltr'>ἁμαρτίας.</span> <span class='ocrx_word' id='word_1_777' title='bbox 1234 5703 1504 5772; x_wconf 70' lang='grc' dir='ltr'><strong>ὲρῤύσατο</strong></span> <span class='ocrx_word' id='word_1_778' title='bbox 1587 5709 1904 5776; x_wconf 74' lang='grc' dir='ltr'><strong>πτώματος,</strong></span> 
     </span>
    </p>
   </div>
   <div class='ocr_carea' id='block_1_104' title="bbox 388 5811 850 5880">
    <p class='ocr_par' dir='ltr' id='par_1_104' title="bbox 388 5811 850 5880">
     <span class='ocr_line' id='line_1_104' title="bbox 388 5811 850 5880; baseline 0.002 -13"><span class='ocrx_word' id='word_1_779' title='bbox 388 5814 415 5844; x_wconf 76' lang='grc'><strong>⁸</strong></span> <span class='ocrx_word' id='word_1_780' title='bbox 441 5811 585 5867; x_wconf 80' lang='lat' dir='ltr'><strong>Psal.</strong></span> <span class='ocrx_word' id='word_1_781' title='bbox 630 5826 766 5880; x_wconf 73' lang='grc' dir='ltr'>ειη,</span> <span class='ocrx_word' id='word_1_782' title='bbox 797 5812 850 5868; x_wconf 86' lang='lat'><strong>7.</strong></span> 
     </span>
    </p>
   </div>
   <div class='ocr_carea' id='block_1_105' title="bbox 2021 4505 3604 4577">
    <p class='ocr_par' dir='ltr' id='par_1_105' title="bbox 2021 4505 3604 4577">
     <span class='ocr_line' id='line_1_105' title="bbox 2021 4505 3604 4577; baseline 0.004 -17"><span class='ocrx_word' id='word_1_783' title='bbox 2021 4508 2166 4577; x_wconf 88' lang='lat' dir='ltr'><strong>quod</strong></span> <span class='ocrx_word' id='word_1_784' title='bbox 2186 4505 2481 4572; x_wconf 87' lang='lat' dir='ltr'><strong>ceciderat,</strong></span> <span class='ocrx_word' id='word_1_785' title='bbox 2498 4517 2551 4560; x_wconf 75' lang='lat' dir='ltr'><strong>et</strong></span> <span class='ocrx_word' id='word_1_786' title='bbox 2571 4506 3049 4561; x_wconf 85' lang='lat' dir='ltr'><strong>animadvertisset</strong></span> <span class='ocrx_word' id='word_1_787' title='bbox 3071 4508 3262 4564; x_wconf 82' lang='lat' dir='ltr'><strong>adesse</strong></span> <span class='ocrx_word' id='word_1_788' title='bbox 3282 4521 3604 4566; x_wconf 87' lang='lat' dir='ltr'><strong>consuetum</strong></span> 
     </span>
    </p>
   </div>
   <div class='ocr_carea' id='block_1_106' title="bbox 2021 4601 3604 4674">
    <p class='ocr_par' dir='ltr' id='par_1_106' title="bbox 2021 4601 3604 4674">
     <span class='ocr_line' id='line_1_106' title="bbox 2021 4601 3604 4674; baseline 0.004 -21"><span class='ocrx_word' id='word_1_789' title='bbox 2021 4617 2187 4670; x_wconf 89' lang='lat' dir='ltr'><strong>opum</strong></span> <span class='ocrx_word' id='word_1_790' title='bbox 2230 4603 2722 4670; x_wconf 82' lang='lat' dir='ltr'><strong>suppeditatorem,</strong></span> <span class='ocrx_word' id='word_1_791' title='bbox 2755 4616 2922 4670; x_wconf 90' lang='lat' dir='ltr'><strong>quam</strong></span> <span class='ocrx_word' id='word_1_792' title='bbox 2966 4601 3230 4658; x_wconf 86' lang='lat' dir='ltr'><strong>citissime</strong></span> <span class='ocrx_word' id='word_1_793' title='bbox 3264 4606 3441 4674; x_wconf 84' lang='lat' dir='ltr'><strong>potuit</strong></span> <span class='ocrx_word' id='word_1_794' title='bbox 3479 4622 3604 4661; x_wconf 86' lang='lat' dir='ltr'><strong>eum</strong></span> 
     </span>
    </p>
   </div>
   <div class='ocr_carea' id='block_1_107' title="bbox 2021 4697 3608 4766">
    <p class='ocr_par' dir='ltr' id='par_1_107' title="bbox 2021 4697 3608 4766">
     <span class='ocr_line' id='line_1_107' title="bbox 2021 4697 3608 4766; baseline 0.004 -19"><span class='ocrx_word' id='word_1_795' title='bbox 2021 4703 2101 4747; x_wconf 88' lang='lat' dir='ltr'><strong>est</strong></span> <span class='ocrx_word' id='word_1_796' title='bbox 2135 4703 2457 4762; x_wconf 85' lang='lat' dir='ltr'><strong>persecutus</strong></span> <span class='ocrx_word' id='word_1_797' title='bbox 2488 4712 2500 4746; x_wconf 84' lang='lat'><strong>;</strong></span> <span class='ocrx_word' id='word_1_798' title='bbox 2530 4708 2768 4762; x_wconf 88' lang='lat' dir='ltr'><strong>cumque</strong></span> <span class='ocrx_word' id='word_1_799' title='bbox 2813 4708 2941 4747; x_wconf 90' lang='lat' dir='ltr'><strong>eum</strong></span> <span class='ocrx_word' id='word_1_800' title='bbox 2985 4697 3520 4766; x_wconf 76' lang='lat' dir='ltr'><strong>comprehendisset,</strong></span> <span class='ocrx_word' id='word_1_801' title='bbox 3554 4710 3608 4755; x_wconf 85' lang='lat' dir='ltr'><strong>et</strong></span> 
     </span>
    </p>
   </div>
   <div class='ocr_carea' id='block_1_108' title="bbox 2021 4784 3606 4859">
    <p class='ocr_par' dir='ltr' id='par_1_108' title="bbox 2021 4784 3606 4859">
     <span class='ocr_line' id='line_1_108' title="bbox 2021 4784 3606 4859; baseline 0.004 -21"><span class='ocrx_word' id='word_1_802' title='bbox 2021 4785 2366 4854; x_wconf 85' lang='lat' dir='ltr'><strong>cognovisset</strong></span> <span class='ocrx_word' id='word_1_803' title='bbox 2401 4784 2651 4852; x_wconf 88' lang='lat' dir='ltr'><strong>quisnam</strong></span> <span class='ocrx_word' id='word_1_804' title='bbox 2694 4793 2861 4850; x_wconf 91' lang='lat' dir='ltr'><strong>esset,</strong></span> <span class='ocrx_word' id='word_1_805' title='bbox 2893 4799 3073 4854; x_wconf 88' lang='lat' dir='ltr'><strong>neque</strong></span> <span class='ocrx_word' id='word_1_806' title='bbox 3117 4788 3265 4840; x_wconf 87' lang='lat' dir='ltr'><strong>enim</strong></span> <span class='ocrx_word' id='word_1_807' title='bbox 3308 4789 3355 4843; x_wconf 91' lang='lat' dir='ltr'><strong>is</strong></span> <span class='ocrx_word' id='word_1_808' title='bbox 3381 4799 3606 4859; x_wconf 76' lang='lat' dir='ltr'><strong>propter</strong></span> 
     </span>
    </p>
   </div>
   <div class='ocr_carea' id='block_1_109' title="bbox 2022 4875 3603 4946">
    <p class='ocr_par' dir='ltr' id='par_1_109' title="bbox 2022 4875 3603 4946">
     <span class='ocr_line' id='line_1_109' title="bbox 2022 4875 3603 4946; baseline 0.004 -17"><span class='ocrx_word' id='word_1_809' title='bbox 2022 4878 2280 4930; x_wconf 84' lang='lat' dir='ltr'><strong>virtutem</strong></span> <span class='ocrx_word' id='word_1_810' title='bbox 2328 4885 2384 4929; x_wconf 92' lang='lat' dir='ltr'><strong>et</strong></span> <span class='ocrx_word' id='word_1_811' title='bbox 2441 4875 2790 4944; x_wconf 77' lang='lat' dir='ltr'><strong>splendorem</strong></span> <span class='ocrx_word' id='word_1_812' title='bbox 2853 4879 3073 4946; x_wconf 76' lang='lat' dir='ltr'><strong>generis</strong></span> <span class='ocrx_word' id='word_1_813' title='bbox 3133 4887 3254 4932; x_wconf 90' lang='lat' dir='ltr'><strong>erat</strong></span> <span class='ocrx_word' id='word_1_814' title='bbox 3311 4881 3603 4945; x_wconf 89' lang='lat' dir='ltr'><strong>obscurus,</strong></span> 
     </span>
    </p>
   </div>
   <div class='ocr_carea' id='block_1_110' title="bbox 2021 4966 3607 5038">
    <p class='ocr_par' dir='ltr' id='par_1_110' title="bbox 2021 4966 3607 5038">
     <span class='ocr_line' id='line_1_110' title="bbox 2021 4966 3607 5038; baseline 0.001 -18"><span class='ocrx_word' id='word_1_815' title='bbox 2021 4967 2259 5035; x_wconf 89' lang='lat' dir='ltr'><strong>procidit</strong></span> <span class='ocrx_word' id='word_1_816' title='bbox 2293 4967 2360 5020; x_wconf 87' lang='lat' dir='ltr'><strong>ad</strong></span> <span class='ocrx_word' id='word_1_817' title='bbox 2393 4966 2517 5036; x_wconf 88' lang='lat' dir='ltr'><strong>ejus</strong></span> <span class='ocrx_word' id='word_1_818' title='bbox 2550 4966 2738 5036; x_wconf 76' lang='lat' dir='ltr'><strong>pedes,</strong></span> <span class='ocrx_word' id='word_1_819' title='bbox 2782 4977 2836 5021; x_wconf 91' lang='lat' dir='ltr'><strong>et</strong></span> <span class='ocrx_word' id='word_1_820' title='bbox 2879 4967 3032 5021; x_wconf 89' lang='lat' dir='ltr'><strong>illum</strong></span> <span class='ocrx_word' id='word_1_821' title='bbox 3076 4968 3480 5038; x_wconf 87' lang='lat' dir='ltr'><strong>redemptorem</strong></span> <span class='ocrx_word' id='word_1_822' title='bbox 3512 4987 3607 5024; x_wconf 54' lang='lat' dir='ltr'><strong>vo~</strong></span> 
     </span>
    </p>
   </div>
   <div class='ocr_carea' id='block_1_111' title="bbox 2021 5056 3606 5130">
    <p class='ocr_par' dir='ltr' id='par_1_111' title="bbox 2021 5056 3606 5130">
     <span class='ocr_line' id='line_1_111' title="bbox 2021 5056 3606 5130; baseline 0.002 -19"><span class='ocrx_word' id='word_1_823' title='bbox 2021 5063 2200 5120; x_wconf 80' lang='lat' dir='ltr'><strong>cabat,</strong></span> <span class='ocrx_word' id='word_1_824' title='bbox 2230 5066 2287 5112; x_wconf 91' lang='lat' dir='ltr'><strong>et</strong></span> <span class='ocrx_word' id='word_1_825' title='bbox 2319 5056 2652 5126; x_wconf 86' lang='lat' dir='ltr'><strong>adjutorcm,</strong></span> <span class='ocrx_word' id='word_1_826' title='bbox 2678 5065 2733 5110; x_wconf 92' lang='lat' dir='ltr'><strong>et</strong></span> <span class='ocrx_word' id='word_1_827' title='bbox 2766 5067 3103 5112; x_wconf 87' lang='lat' dir='ltr'><strong>servatorem</strong></span> <span class='ocrx_word' id='word_1_828' title='bbox 3143 5058 3451 5113; x_wconf 88' lang='lat' dir='ltr'><strong>animarum</strong></span> <span class='ocrx_word' id='word_1_829' title='bbox 3483 5075 3606 5130; x_wconf 77' lang='lat' dir='ltr'><strong>quae</strong></span> 
     </span>
    </p>
   </div>
   <div class='ocr_carea' id='block_1_112' title="bbox 2016 5149 3604 5220">
    <p class='ocr_par' dir='ltr' id='par_1_112' title="bbox 2016 5149 3604 5220">
     <span class='ocr_line' id='line_1_112' title="bbox 2016 5149 3604 5220; baseline 0.002 -16"><span class='ocrx_word' id='word_1_830' title='bbox 2016 5151 2126 5220; x_wconf 90' lang='lat' dir='ltr'><strong>jam</strong></span> <span class='ocrx_word' id='word_1_831' title='bbox 2168 5149 2236 5204; x_wconf 88' lang='lat' dir='ltr'><strong>ad</strong></span> <span class='ocrx_word' id='word_1_832' title='bbox 2279 5159 2584 5204; x_wconf 82' lang='lat' dir='ltr'><strong>extremum</strong></span> <span class='ocrx_word' id='word_1_833' title='bbox 2637 5149 3057 5202; x_wconf 90' lang='lat' dir='ltr'><strong>adducebantur</strong></span> <span class='ocrx_word' id='word_1_834' title='bbox 3109 5149 3440 5218; x_wconf 88' lang='lat' dir='ltr'><strong>periculum.</strong></span> <span class='ocrx_word' id='word_1_835' title='bbox 3487 5153 3604 5207; x_wconf 74' lang='lat' dir='ltr'><strong>Nisi</strong></span> 
     </span>
    </p>
   </div>
   <div class='ocr_carea' id='block_1_113' title="bbox 2020 5241 3603 5310">
    <p class='ocr_par' dir='ltr' id='par_1_113' title="bbox 2020 5241 3603 5310">
     <span class='ocr_line' id='line_1_113' title="bbox 2020 5241 3603 5310; baseline 0.001 -12"><span class='ocrx_word' id='word_1_836' title='bbox 2020 5245 2189 5307; x_wconf 89' lang='lat' dir='ltr'><strong>enim,</strong></span> <span class='ocrx_word' id='word_1_837' title='bbox 2234 5241 2487 5304; x_wconf 87' lang='lat' dir='ltr'><strong>dicebat,</strong></span> <span class='ocrx_word' id='word_1_838' title='bbox 2537 5251 2658 5294; x_wconf 85' lang='lat' dir='ltr'><strong>tuas</strong></span> <span class='ocrx_word' id='word_1_839' title='bbox 2701 5255 2931 5310; x_wconf 81' lang='lat' dir='ltr'><strong>magnus</strong></span> <span class='ocrx_word' id='word_1_840' title='bbox 2979 5241 3069 5296; x_wconf 88' lang='lat' dir='ltr'><strong>ille</strong></span> <span class='ocrx_word' id='word_1_841' title='bbox 3122 5241 3176 5295; x_wconf 92' lang='lat' dir='ltr'><strong>in</strong></span> <span class='ocrx_word' id='word_1_842' title='bbox 3223 5242 3603 5300; x_wconf 82' lang='lat' dir='ltr'><strong>misericordia</strong></span> 
     </span>
    </p>
   </div>
   <div class='ocr_carea' id='block_1_114' title="bbox 2020 5333 3606 5406">
    <p class='ocr_par' dir='ltr' id='par_1_114' title="bbox 2020 5333 3606 5406">
     <span class='ocr_line' id='line_1_114' title="bbox 2020 5333 3606 5406; baseline 0 -14"><span class='ocrx_word' id='word_1_843' title='bbox 2020 5336 2282 5392; x_wconf 90' lang='lat' dir='ltr'><strong>Dominus</strong></span> <span class='ocrx_word' id='word_1_844' title='bbox 2314 5335 2606 5388; x_wconf 81' lang='lat' dir='ltr'><strong>excitasset</strong></span> <span class='ocrx_word' id='word_1_845' title='bbox 2641 5333 3046 5397; x_wconf 88' lang='lat' dir='ltr'><strong>miserationes,</strong></span> <span class='ocrx_word' id='word_1_846' title='bbox 3077 5334 3192 5403; x_wconf 88' lang='lat' dir='ltr'><strong>jam</strong></span> <span class='ocrx_word' id='word_1_847' title='bbox 3238 5335 3369 5389; x_wconf 92' lang='lat' dir='ltr'><strong>olim</strong></span> <span class='ocrx_word' id='word_1_848' title='bbox 3409 5336 3606 5406; x_wconf 84' lang='lat' dir='ltr'><strong>periis-</strong></span> 
     </span>
    </p>
   </div>
   <div class='ocr_carea' id='block_1_115' title="bbox 2020 5422 3600 5492">
    <p class='ocr_par' dir='ltr' id='par_1_115' title="bbox 2020 5422 3600 5492">
     <span class='ocr_line' id='line_1_115' title="bbox 2020 5422 3600 5492; baseline 0.001 -8"><span class='ocrx_word' id='word_1_849' title='bbox 2020 5445 2134 5484; x_wconf 90' lang='lat' dir='ltr'><strong>sem</strong></span> <span class='ocrx_word' id='word_1_850' title='bbox 2179 5426 2364 5481; x_wconf 85' lang='lat' dir='ltr'><strong>infelix</strong></span> <span class='ocrx_word' id='word_1_851' title='bbox 2403 5431 2557 5492; x_wconf 87' lang='lat' dir='ltr'><strong>patcr</strong></span> <span class='ocrx_word' id='word_1_852' title='bbox 2602 5439 2726 5477; x_wconf 91' lang='lat' dir='ltr'><strong>cum</strong></span> <span class='ocrx_word' id='word_1_853' title='bbox 2775 5422 2975 5488; x_wconf 87' lang='lat' dir='ltr'><strong>tribus,</strong></span> <span class='ocrx_word' id='word_1_854' title='bbox 3014 5425 3121 5481; x_wconf 85' lang='lat' dir='ltr'><strong>heu</strong></span> <span class='ocrx_word' id='word_1_855' title='bbox 3164 5425 3320 5490; x_wconf 85' lang='lat' dir='ltr'><strong>mihi,</strong></span> <span class='ocrx_word' id='word_1_856' title='bbox 3363 5427 3600 5486; x_wconf 82' lang='lat' dir='ltr'><strong>filiabus.</strong></span> 
     </span>
    </p>
   </div>
   <div class='ocr_carea' id='block_1_116' title="bbox 2021 5513 3602 5585">
    <p class='ocr_par' dir='ltr' id='par_1_116' title="bbox 2021 5513 3602 5585">
     <span class='ocr_line' id='line_1_116' title="bbox 2021 5513 3602 5585; baseline 0.002 -12"><span class='ocrx_word' id='word_1_857' title='bbox 2021 5519 2127 5574; x_wconf 74' lang='lat' dir='ltr'><strong>Sed</strong></span> <span class='ocrx_word' id='word_1_858' title='bbox 2159 5532 2306 5572; x_wconf 90' lang='lat' dir='ltr'><strong>nunc</strong></span> <span class='ocrx_word' id='word_1_859' title='bbox 2336 5517 2494 5570; x_wconf 86' lang='lat' dir='ltr'><strong>nobis</strong></span> <span class='ocrx_word' id='word_1_860' title='bbox 2530 5529 2628 5585; x_wconf 86' lang='lat' dir='ltr'><strong>per</strong></span> <span class='ocrx_word' id='word_1_861' title='bbox 2657 5523 2708 5568; x_wconf 91' lang='lat' dir='ltr'><strong>te</strong></span> <span class='ocrx_word' id='word_1_862' title='bbox 2742 5513 2894 5569; x_wconf 85' lang='lat' dir='ltr'><strong>dedit</strong></span> <span class='ocrx_word' id='word_1_863' title='bbox 2931 5516 3185 5582; x_wconf 79' lang='lat' dir='ltr'><strong>salutem,</strong></span> <span class='ocrx_word' id='word_1_864' title='bbox 3217 5529 3268 5573; x_wconf 90' lang='lat' dir='ltr'><strong>et</strong></span> <span class='ocrx_word' id='word_1_865' title='bbox 3297 5519 3366 5574; x_wconf 89' lang='lat' dir='ltr'><strong>ab</strong></span> <span class='ocrx_word' id='word_1_866' title='bbox 3398 5521 3602 5576; x_wconf 88' lang='lat' dir='ltr'><strong>acerbo</strong></span> 
     </span>
    </p>
   </div>
   <div class='ocr_carea' id='block_1_117' title="bbox 2020 5607 3602 5679">
    <p class='ocr_par' dir='ltr' id='par_1_117' title="bbox 2020 5607 3602 5679">
     <span class='ocr_line' id='line_1_117' title="bbox 2020 5607 3602 5679; baseline 0.001 -12"><span class='ocrx_word' id='word_1_867' title='bbox 2020 5626 2149 5668; x_wconf 89' lang='lat' dir='ltr'><strong>casu</strong></span> <span class='ocrx_word' id='word_1_868' title='bbox 2185 5608 2394 5679; x_wconf 81' lang='lat' dir='ltr'><strong>peccati</strong></span> <span class='ocrx_word' id='word_1_869' title='bbox 2432 5607 2688 5660; x_wconf 85' lang='lat' dir='ltr'><strong>liberavit</strong></span> <span class='ocrx_word' id='word_1_870' title='bbox 2734 5624 2747 5662; x_wconf 87' lang='lat'><strong>:</strong></span> <span class='ocrx_word' id='word_1_871' title='bbox 2790 5619 2846 5663; x_wconf 85' lang='lat' dir='ltr'><strong>et</strong></span> <span class='ocrx_word' id='word_1_872' title='bbox 2871 5608 3048 5663; x_wconf 81' lang='lat' dir='ltr'><strong>erexit</strong></span> <span class='ocrx_word' id='word_1_873' title='bbox 3080 5611 3364 5667; x_wconf 90' lang='lat' dir='ltr'><strong>mendicos</strong></span> <span class='ocrx_word' id='word_1_874' title='bbox 3398 5629 3428 5668; x_wconf 92' lang='lat' dir='ltr'><strong>e</strong></span> <span class='ocrx_word' id='word_1_875' title='bbox 3463 5623 3602 5668; x_wconf 91' lang='lat' dir='ltr'><strong>ster-</strong></span> 
     </span>
    </p>
   </div>
   <div class='ocr_carea' id='block_1_118' title="bbox 2018 5699 3601 5774">
    <p class='ocr_par' dir='ltr' id='par_1_118' title="bbox 2018 5699 3601 5774">
     <span class='ocr_line' id='line_1_118' title="bbox 2018 5699 3601 5774; baseline 0.001 -19"><span class='ocrx_word' id='word_1_876' title='bbox 2018 5701 2272 5774; x_wconf 83' lang='lat' dir='ltr'><strong>quilinio,</strong></span> <span class='ocrx_word' id='word_1_877' title='bbox 2308 5709 2363 5754; x_wconf 88' lang='lat' dir='ltr'><strong>et</strong></span> <span class='ocrx_word' id='word_1_878' title='bbox 2397 5713 2425 5751; x_wconf 91' lang='lat' dir='ltr'><strong>e</strong></span> <span class='ocrx_word' id='word_1_879' title='bbox 2465 5707 2608 5751; x_wconf 87' lang='lat' dir='ltr'><strong>terra</strong></span> <span class='ocrx_word' id='word_1_880' title='bbox 2648 5712 2871 5769; x_wconf 80' lang='lat' dir='ltr'><strong>surgere</strong></span> <span class='ocrx_word' id='word_1_881' title='bbox 2915 5699 3044 5755; x_wconf 87' lang='lat' dir='ltr'><strong>fecit</strong></span> <span class='ocrx_word' id='word_1_882' title='bbox 3091 5716 3361 5772; x_wconf 81' lang='lat' dir='ltr'><strong>pauperes</strong></span> <span class='ocrx_word' id='word_1_883' title='bbox 3386 5702 3430 5756; x_wconf 83' lang='grc'>⁸.</span> <span class='ocrx_word' id='word_1_884' title='bbox 3476 5702 3601 5758; x_wconf 70' lang='grc' dir='ltr'>ιιωο</span> 
     </span>
    </p>
   </div>
  </div>
