4080 6374
469 340 571 404 327

1697 341 1987 403 MENSIS
2019 339 2453 403 DECEMBEB.

3611 335 3721 400 328

466 455 559 513 ille
587 455 808 528 quidem
843 470 969 511 cum
1015 457 1271 528 lacrynns
1315 455 1520 512 laetitiae
1550 463 1607 512 et
1637 455 1817 512 calido
1844 455 2037 527 spiritu

2150 453 2342 523 ἤγειρὲ
2375 470 2433 507 τε
2460 452 2569 507 ἀπὸ
2611 453 2848 523 κοπρίας
2878 452 3154 524 πτωχοὺς,
3181 453 3276 507 καὶ
3303 452 3415 507 ἀπὸ
3454 453 3556 524 γῆς
3599 455 3724 510 avg-

466 547 597 604 ﬁdei
629 549 680 603 ei
711 547 952 612 dicebat,
1009 556 1066 603 et
1112 547 1180 602 ad
1212 548 1405 605 beatos
1444 546 1568 603 illos
1599 547 1769 619 pedes
1797 546 2046 602 adhaere-

465 639 671 695 scebat.
702 638 794 692 llle
825 646 1009 691 autem
1052 648 1340 709 postquam
1383 639 1663 709 cognovit,
1689 653 1749 694 se
1787 638 1901 709 jam
1946 636 2047 692 lio-

463 730 598 786 mini
636 730 876 785 evasisse
917 730 1289 796 manifestum,
1339 745 1465 785 eum
1515 730 1648 786 facit
1696 744 1947 801 surgere,
1987 736 2045 785 et

464 832 812 875 sacramento
846 821 994 875 illius
1028 822 1283 891 astringit
1329 824 1568 877 animam
1603 836 1674 876 ne
1717 821 1862 891 apud
1906 820 2044 877 alios

465 913 703 982 proferat
735 929 856 982 quae
890 914 1029 967 facta
1056 914 1277 968 fuerant
1307 924 1420 969 toto
1451 924 1698 985 tempore
1723 914 1850 969 vita
1903 929 2042 977 suae,

463 988 644 1076 neque
683 1006 928 1076 publicet
961 1007 1423 1063 misereordiam.
1467 1008 1582 1063 Hoc
1610 1016 1698 1062 est
1737 1007 1904 1078 hujus
1936 1006 2043 1062 viri

463 1113 658 1162 unum,
681 1098 828 1167 quod
852 1107 938 1154 est
961 1108 1016 1153 et
1044 1100 1367 1165 maximum,
1392 1108 1449 1155 et
1475 1100 1710 1154 maxime
1738 1100 2041 1169 cognitum.

466 1186 596 1258 Ejus
630 1204 760 1243 vero
788 1206 910 1260 qua:
941 1192 1188 1261 quotidie
1213 1191 1419 1247 ﬁebant
1448 1194 1505 1247 in
1537 1209 1742 1263 egenos
1773 1192 2045 1248 distribuu-

465 1281 666 1341 tiones.
696 1288 753 1335 et
779 1283 935 1351 panis
974 1284 1240 1339 mendicis
1282 1286 1783 1356 suppeditationem
1814 1302 1955 1356 quos
1984 1286 2043 1342 in

464 1370 605 1426 fame
632 1372 831 1436 alebat,
860 1386 917 1429 et
958 1374 1118 1429 bonis
1164 1377 1423 1446 implebat
1465 1379 1678 1435 animas
1708 1378 2040 1444 esurientes,

464 1460 531 1514 ad
574 1461 690 1517 haec
758 1479 829 1518 ne
892 1464 1250 1520 mediocriter
1305 1468 1529 1537 quidem
1591 1468 1827 1525 dicenda
1877 1469 2044 1525 suile-

464 1553 602 1607 cerit
638 1553 858 1624 aliquis.

531 1820 667 1877 Vill.
716 1820 986 1888 Quoniam
1037 1834 1222 1881 autem
1271 1826 1438 1883 etiam
1497 1827 1764 1885 virtutum
1825 1833 2042 1890 amabat

460 1913 846 1982 perfectior-em
865 1924 921 1969 et
944 1917 1206 1984 majorem
1229 1919 1373 1989 apud
1399 1920 1569 1976 Deum
1589 1922 2041 1991 conjunctionem

460 2008 678 2075 assequi
720 2017 776 2062 et
820 2007 1274 2073 familiaritatem,
1314 2012 1534 2082 capitur
1579 2015 1803 2085 quidem
1848 2034 2040 2077 amore

457 2091 695 2156 Silentii,
742 2096 930 2151 animo
983 2114 1114 2153 vero
1165 2102 1408 2171 concipit
1455 2104 1755 2161 abscedere
1848 2119 2039 2180 utpote

458 2184 608 2251 quod
657 2200 764 2239 non
806 2200 992 2255 posset
1024 2190 1185 2245 aliter
1217 2194 1436 2263 assequi
1468 2196 1614 2264 quod
1661 2197 2036 2261 desiderabat.

463 2290 484 2323 ι
514 2273 711 2330 Vacate
733 2277 906 2342 enim,
930 2279 1129 2348 inquit,
1152 2290 1209 2334 et
1230 2285 1585 2352 cognoscite’.
1621 2304 1640 2338 ι
1669 2287 2036 2353 Quamobrem

457 2368 652 2419 Statuit
699 2384 759 2421 se
804 2369 965 2440 longe
1006 2388 1313 2437 removere,
1357 2386 1412 2431 et
1458 2381 1856 2438 convenienter
1898 2385 2038 2440 Pro-

456 2458 635 2527 pheta:
676 2461 926 2517 habitare
967 2464 1022 2519 in
1062 2466 1361 2522 solitudine
1389 2469 1463 2534 ³⁰;
1497 2480 1553 2526 et
1582 2486 1708 2528 cum
1738 2474 2038 2546 aliquando

454 2551 507 2606 ei
553 2553 731 2607 visum
776 2566 922 2611 esset
967 2559 1157 2613 venire
1205 2560 1546 2617 Palaestinam
1594 2574 1653 2621 ut
1695 2577 1884 2625 sancta
1916 2570 2038 2631 loca

455 2641 691 2708 videret,
742 2644 795 2698 in
847 2646 1048 2715 quibus
1094 2650 1189 2720 qui
1240 2667 1339 2721 pro
1389 2653 1549 2710 nobis
1581 2672 1775 2726 passus
1809 2670 1894 2718 est
1927 2662 2038 2718 Do-

456 2734 640 2790 minus
688 2736 744 2791 in
797 2740 1004 2795 mundo
1053 2751 1139 2796 est
1188 2754 1472 2811 versatus,
1526 2764 1651 2805 cum
1697 2754 2038 2811 ascendisset

455 2841 652 2880 navem
681 2843 803 2897 qua:
834 2839 964 2886 tunc
995 2844 1222 2890 venerat
1247 2851 1313 2890 ex
1337 2836 1598 2910 Egypto,
1635 2844 1811 2900 tendit
1844 2862 2037 2904 versus

454 2917 797 2975 Palzestinam
826 2924 992 2978 simul
1023 2927 1246 2996 quidem
1277 2946 1530 2999 quaerens
1550 2948 1671 2989 eam
1702 2952 1865 3007 quam
1893 2940 2039 2996 desi—

456 3009 686 3067 derabat
710 3014 1088 3085 Solitudinem,
1115 3028 1171 3073 et
1194 3024 1551 3090 proﬁciscens
1573 3028 1641 3083 ad
1667 3032 1894 3088 visenda
1917 3035 2037 3093 loca

455 3111 665 3159 sancta.
700 3104 807 3160 Sed
838 3110 907 3160 de
939 3106 1028 3162 his
1055 3111 1281 3181 quidem
1311 3115 1496 3174 dicere
1525 3120 1867 3181 diﬂ'eramus.
1898 3127 2038 3185 Pau-

455 3192 625 3249 lulqu
678 3208 862 3252 autem
915 3200 1273 3260 immorentur
1319 3208 1377 3262 in
1430 3213 1801 3283 navigatione.
1857 3218 2035 3291 Atque

454 3287 747 3357 navigabat
788 3291 1011 3358 quidem
1056 3306 1205 3351 recta
1242 3297 1298 3352 in
1326 3299 1640 3373 Egyptum.
1678 3305 1814 3362 Cum
1851 3287 2035 3369 autem

453 3376 593 3430 nihil
640 3380 952 3436 futurorum
1003 3400 1034 3440 a
1079 3388 1263 3443 nautis
1296 3394 1713 3466 przevideretur,
1751 3401 1797 3456 is
1828 3410 2038 3473 tempe.

453 3474 652 3521 statem
688 3472 983 3527 maximam
1024 3486 1080 3531 et
1127 3493 1301 3535 saevos
1347 3494 1638 3541 ventorum
1677 3489 1918 3561 impetus
1944 3472 2038 3551 eis

450 3560 808 3626 praenuntiat.
863 3563 1092 3622 Dicebat
1149 3571 1296 3624 enim
1357 3589 1416 3628 se
1475 3576 1679 3636 vidisse
1736 3560 2034 3653 malignum

452 3662 648 3702 navem
713 3652 1142 3722 ascendentem,
1205 3661 1422 3732 velique
1469 3675 1525 3722 et
1577 3668 1714 3724 clavi
1774 3652 2037 3733 rudentes

451 3735 635 3806 gladio
662 3740 1054 3813 dissecantem,
1098 3755 1153 3802 et
1188 3759 1354 3807 totam
1390 3770 1585 3812 navem
1621 3759 1951 3818 retinentem
1980 3777 2037 3820 et

451 3826 932 3902 circumagi-intem,
981 3847 1038 3894 et
1080 3842 1355 3901 volentem
1398 3861 1519 3901 eam
1562 3866 1689 3905 cum
1735 3853 1870 3909 viris
1901 3855 2036 3926 ipsis

450 3921 830 3994 submergere.
885 3925 976 3983 Sic
1024 3930 1227 4002 inquit,
1295 3947 1351 3992 et
1397 3939 1584 3994 statim
1644 3943 1815 3997 veluti
1877 3921 2035 4017 signo

450 4014 600 4082 dato,
623 4018 922 4075 vehemens
943 4030 1189 4092 quaedam
1220 4031 1460 4097 procella
1481 4033 1700 4110 spirans
1717 4051 1747 4090 e
1768 4038 2032 4109 nubibus,

448 4109 676 4179 pelagus
719 4113 862 4168 tollit
908 4115 963 4169 in
1008 4115 1205 4174 [luctus
1247 4125 1535 4189 maximos,
1579 4137 1637 4182 et
1675 4130 1938 4205 quicum
1966 4148 2034 4190 eo

446 4202 799 4272 navigabant,
826 4223 936 4262 non
966 4211 1149 4266 minus
1172 4212 1511 4273 fluctuabant
1533 4222 1755 4288 animis,
1774 4202 1837 4281 et
1861 4242 2033 4299 prope

449 4304 705 4359 magnum
741 4305 951 4352 stantes
989 4301 1305 4369 Nicolaum,
1365 4308 1538 4364 Deum
1582 4315 1801 4382 quidem
1842 4333 2031 4386 preca-

447 4378 671 4446 bantur,
722 4385 901 4453 ipsum
950 4406 1082 4446 vero
1130 4396 1395 4464 rogabant
1439 4410 1500 4457 ut
1545 4378 1706 4472 opem
1753 4378 1926 4464 ferret
1972 4409 2029 4465 in

2148 563 2322 618 στησε
2356 545 2617 616 πένητας.
2642 545 2832 599 Ταῦτα
2869 546 3075 611 ἐκεῖνος
3108 546 3207 601 σὺν
3233 545 3499 618 δάκρυσιν
3526 547 3717 618 εὐφρο-

2149 639 2320 706 σύνης
2355 638 2454 691 καὶ
2505 638 2694 710 θερμῷ
2742 640 2983 707 πίστεως
3025 639 3297 709 πνεύματι
3324 643 3529 709 ἔφασκε
3584 640 3721 709 πρὸς

2145 730 2330 796 αὑτὸν,
2364 732 2458 783 καὶ
2485 730 2656 794 πολὺς
2682 724 2773 801 ἦν,
2817 732 2929 793 τοῖς
2980 730 3277 801 μακαρίοις
3317 728 3532 781 ἐκείνου
3592 727 3726 782 ποσὶ

2146 822 2566 894 προσκείμενος.
2606 822 2666 876 ’0
2688 821 2767 885 δέ,
2794 820 2984 892 ἐπειδὴ
3035 821 3176 887 ἔγνω
3223 818 3456 889 φανερὸς
3497 817 3598 889 ήδη
3643 818 3720 887 τῷ

2144 915 2422 985 ἀνθρώπῳ
2454 915 2767 984 γενόμενος,
2795 912 3099 984 διανίστησί
3128 928 3188 968 τε
3215 911 3311 963 καὶ
3334 911 3515 981 ὅρκοις
3554 906 3721 967 αὐτού

2144 1006 2245 1078 τὴν
2289 1006 2472 1078 ψυχὴν
2519 1004 2801 1076 μεγίστοις
2862 1000 3299 1075 καταλαμϐάνει,
3361 1000 3436 1072 μὴ
3477 1000 3542 1054 ἂν
3586 999 3757 1069 πρὸς

2146 1096 2369 1168 ἐτέρους
2424 1095 2555 1168 παρ’
2606 1095 2728 1149 ὅλον
2771 1093 2939 1150 αὑτοῦ
2990 1093 3082 1146 τὸν
3134 1093 3250 1164 βίον
3299 1092 3608 1161 ἐξενεγκεῖν
3650 1090 3722 1144 τά

2145 1188 2517 1258 γεγενημένα,
2552 1187 2689 1258 μηδέ
2716 1184 3079 1257 δημοσιεῦσαι
3112 1188 3204 1240 τὸν
3252 1185 3421 1238 ἔλεον.
3478 1184 3573 1239 ’Ἑν
3619 1182 3720 1255 μὲν

2143 1280 2209 1352 δὴ
2236 1278 2331 1333 τοῦ
2364 1278 2557 1349 ἀνδρὸς
2582 1278 2762 1342 τοῦτο,
2796 1278 2891 1330 καὶ
2923 1277 3067 1331 οὕτω
3089 1277 3347 1347 μέγιστόν
3372 1294 3430 1330 τε
3457 1278 3550 1329 καὶ
3578 1293 3716 1344 γνω-

2148 1372 2462 1448 ριμώτατον
2491 1386 2509 1407 ο
2545 1372 2645 1436 τὰς
2675 1371 2733 1425 δὲ
2763 1369 2887 1426 καθ’
2924 1372 3158 1427 ἕκαστον
3178 1369 3313 1440 πρὸς
3341 1370 3466 1433 τοὺς
3486 1369 3544 1421 ἐν
3564 1368 3724 1439 χρεία

2143 1467 2407 1534 διανομὰς
2437 1467 2535 1520 καὶ
2562 1465 2626 1519 τὸ
2657 1465 2948 1537 χορτάζειν
3006 1463 3258 1534 πτωχοὺς
3295 1463 3353 1516 ἐν
3399 1461 3570 1532 ἄρτῳ,
3624 1462 3721 1515 καὶ

2143 1560 2459 1631 διατρέφειν
2507 1560 2708 1620 αὐτοὺς
2748 1560 2807 1613 ἐν
2860 1558 3006 1631 λιμῷ
3067 1559 3163 1611 καὶ
3209 1558 3391 1629 ψυχὰς
3445 1556 3720 1618 πεινῶσας

2144 1650 2367 1721 ἀγαθῶν
2419 1652 2725 1722 ἐμπιπλᾷν,
2777 1649 2916 1705 ἀλλὰ
2962 1648 3137 1704 ταῦτά
3192 1664 3256 1717 γε
3306 1645 3430 1700 οὐδὲ
3482 1645 3721 1717 μετρίως

2140 1745 2212 1803 ἄν
2240 1761 2323 1808 τις
2352 1745 2527 1797 εἰπεῖν
2558 1742 2849 1815 ἐξαρκέσοι

2074 1805 2118 1861 Β
2216 1805 2317 1889 Ηί
2344 1833 2564 1904 Ἐπειδὴ
2587 1805 2789 1888 δὲ’καὶ
2825 1831 3164 1902 τελεωτέρας
3188 1830 3396 1903 ἀρετῆς
3435 1830 3567 1902 ἦρα,
3618 1825 3719 1881 καὶ

2148 1926 2398 1996 μείζονος
2447 1925 2755 1981 ἀπολαῦσαι
2817 1925 2919 1995 τῆς
2970 1926 3121 1993 παρὰ
3173 1922 3294 1991 Θεῷ
3367 1920 3717 1980 οἰκειῶσεως,

2145 2019 2416 2091 λαμϐάνει
2442 2020 2544 2089 μὲν
2594 2018 2758 2072 αύτδν
2815 2018 3048 2089 ἡσυχίας
3102 2014 3487 2110 ἐρωςὶὼδξνει
3530 2011 3587 2110 δέ
3618 2011 3718 2110 τὴν

2144 2110 2456 2182 ἀποδημίαν
2481 2108 2624 2165 οὕτω
2653 2108 2895 2181 θερμῶς,
2919 2108 2994 2171 ὡς
3025 2106 3098 2178 μὴ
3128 2107 3187 2161 ὃν
3214 2106 3388 2169 ἄλλως
3427 2101 3576 2173 αύτῷ
3622 2101 3719 2155 τοῦ

2147 2204 2487 2275 ποθουμένου
2531 2201 2838 2270 τεύξεσθαι.
2908 2220 2927 2254 ι
2965 2200 3277 2272 Σχολάσατε
3326 2199 3460 2269 γὰρ.
3493 2214 3513 2247 ι
3561 2193 3721 2264 φησὶν

2150 2317 2170 2352 ι
2213 2303 2308 2353 καὶ
2337 2301 2535 2367 γνῶτε.
2577 2317 2596 2349 ι
2635 2303 2727 2351 Διὸ
2756 2298 2851 2351 καὶ
2877 2298 3096 2368 μακρὰν
3123 2296 3298 2348 ποιεῖν
3328 2291 3522 2345 ἑαυτὸν
3556 2288 3720 2354 ἔγνω,

2146 2393 2243 2446 καὶ
2299 2391 2440 2445 κατὰ
2493 2391 2586 2447 τὸν
2644 2392 2941 2463 Προφήτην
2982 2394 3063 2453 είς
3119 2392 3329 2461 ἔρημον
3376 2386 3718 2453 αὐλισθῆναι.

2157 2483 2396 2555 Ἐρημία
2431 2483 2533 2554 μὲν
2570 2484 2678 2555 γὰρ
2713 2486 2898 2554 μήτηρ
2929 2485 3182 2554 ἡσυχίας,
3216 2482 3417 2553 ἡσυχία
3462 2479 3518 2532 δέ
3558 2477 3719 2530 θείων

2144 2576 2366 2630 ἐννο.ῶν
2390 2575 2485 2631 καὶ
2518 2575 2775 2646 θεωρίας,
2824 2576 3134 2630 οικειότατα
3168 2573 3287 2644 Θεῷ
3321 2569 3718 2638 συναπτούσης.

2145 2667 2257 2721 Καί
2288 2684 2421 2720 ποτε
2452 2667 2613 2732 δόξαν
2645 2666 2795 2737 αὐτῷ
2831 2668 2933 2736 τὴν
2965 2664 3335 2735 Παλαιστίνην
3386 2663 3534 2728 ἰδεῖν,
3576 2660 3717 2714 ὥστε

2143 2762 2260 2825 τοῖς
2330 2760 2510 2828 ἁγίοις
2568 2760 2814 2829 ἐντυχεῖν
2864 2761 3073 2822 τόποις,
3103 2762 3160 2813 ἐν
3194 2753 3276 2820 οἷς
3305 2759 3333 2810 ό
3378 2757 3518 2827 ὑπὲρ
3558 2754 3718 2825 ἡμῶν

2147 2850 2338 2906 παθὼν
2390 2851 2596 2923 Κύριος
2641 2855 2742 2916 τὰς
2788 2852 2847 2904 ἐν
2908 2854 3101 2924 κόσμῳ
3148 2849 3431 2922 διατριϐὰς
3455 2850 3712 2913 ἐποιεῖτο,

2146 2944 2337 2996 πλοίου
2374 2943 2574 3006 mea;
2605 2941 2665 3008 ἐξ
2720 2942 2999 3011 Αἰγύπτου
3031 2943 3125 2997 νῦν
3162 2942 3492 3013 ἀναχθέντος
3536 2943 3717 2999 ἐκεῖσε

2146 3037 2422 3104 καταίρει,
2483 3036 2620 3106 ὁμοῦ
2670 3036 2770 3106 μὲν
2815 3035 2913 3108 τὴν
2961 3036 3123 3107 φίλην
3162 3035 3333 3106 διψῶν
3355 3036 3615 3106 ἐρημίαν,
3659 3035 3721 3088 ό,

2064 3170 2106 3229 C
2149 3132 2248 3200 μού
2277 3130 2335 3191 δὲ
2364 3134 2459 3183 καὶ
2487 3132 2567 3193 είς
2598 3129 2746 3193 θέαν,
2773 3129 2849 3193 ὠς
2878 3129 2982 3201 ἢδη
3006 3129 3239 3199 ἔφημεν,
3263 3128 3382 3229 ’τῶν
3402 3128 3712 3229 άγίωνᾼτόο

2141 3244 2260 3280 πων
2287 3225 2611 3296 φερόμενος.
2656 3225 2799 3282 Ἀλλ’
2830 3226 2857 3279 ὁ
2889 3224 2987 3296 μὲν
3021 3225 3149 3298 περὶ
3182 3223 3378 3279 τούτου
3401 3224 3560 3292 λόγος
3583 3226 3716 3278 ἀνα-

2141 3317 2387 3386 μεινάτω
2415 3329 2428 3344 ’
2460 3316 2619 3387 ἡμεῖς
2649 3314 2806 3387 δὲτῷ
2838 3314 2956 3385 πλῷ
3005 3313 3178 3385 βραχύ
3211 3331 3264 3367 τι
3291 3311 3718 3385 προσδιατρίψος

2140 3421 2262 3477 μιν.
2311 3406 2505 3463 Ἔπλει
2556 3405 2656 3476 μὲν
2687 3400 2781 3459 οὖν
2838 3406 2970 3488 εὐθὺ
3010 3406 3107 3474 τῆς
3156 3403 3459 3474 Αἰγύπτου.
3509 3403 3633 3467 Τοῖς
3656 3403 3715 3463 δέ

2137 3496 2363 3560 ναύταις
2388 3497 2539 3554 οὐδὲν
2564 3495 2656 3550 τοῦ
2690 3496 2979 3568 μέλλοντος
3007 3494 3385 3566 προγνωσθέν,
3411 3511 3572 3564 τρικυ
3582 3495 3715 3563 μίαν

2137 3585 2293 3651 οὗτος
2320 3590 2503 3655 αὐτοῖς
2535 3590 2631 3643 καὶ
2687 3589 3016 3656 πνευμάτων
3073 3589 3431 3660 ἁγριωτέρων
3474 3587 3716 3657 ἐμϐολὰς

2138 3678 2526 3748 προαγγέλλει.
2578 3679 2751 3733 Αὑτὸν
2812 3680 2922 3750 γὰρ
2983 3677 3089 3750 ἔφη
3144 3679 3235 3731 τὸν
3297 3677 3531 3748 πονηρὸν
3583 3677 3714 3731 ἰδεῖν

2137 3771 2405 3824 ἐπιϐάντα
2434 3771 2535 3840 μὲν
2558 3772 2657 3842 τῆς
2683 3773 2842 3836 νεὼς,
2878 3771 2945 3826 τὰ
2975 3771 3030 3833 δὲ
3060 3771 3153 3825 τοῦ
3193 3771 3340 3825 ίστοῢ
3376 3772 3471 3825 καὶ
3499 3770 3568 3824 τὰ
3600 3769 3712 3824 τῶν

2136 3860 2415 3932 πηδαλίων
2439 3861 2556 3932 ἅμα
2580 3862 2818 3919 καλώδια
2863 3864 3109 3935 μαχαίρᾳ
3141 3863 3488 3933 διατεμόντα,
3507 3862 3633 3934 ὃλην
3651 3879 3713 3917 τε

2137 3953 2469 4025 περισχόντα
2514 3954 2614 4029 τὴν
2652 3953 2786 4009 ναῦν
2837 3957 2932 4008 καὶ
2970 3955 3416 4026 περιδινήσαντα,
3496 3956 3587 4006 καὶ
3631 3954 3715 4023 τῷ

2137 4046 2286 4117 βυθῴ
2327 4047 2673 4119 πειρώμενον
2707 4046 3006 4120 αὗτανδρον
3052 4050 3321 4109 καθεῖναι.
3364 4049 3550 4112 Ούτως
3582 4049 3711 4119 ἔφη,

2137 4140 2231 4198 καὶ
2262 4141 2605 4211 παραχρῆμα
2641 4140 2833 4213 ὥσπερ
2859 4141 2922 4194 ἐκ
2952 4158 3096 4205 τινος
3133 4142 3383 4197 ἀπόπτου
3426 4142 3714 4211 συνθήμα-

2132 4247 2224 4294 τος
2252 4234 2461 4304 σφοδρά
2487 4250 2573 4297 τις
2601 4232 2827 4304 λαῖλαψ,
2848 4216 2970 4286 ’τῶν
2995 4234 3174 4307 νεφῶν
3222 4232 3715 4299 διαπνεύσασα,εξς

2134 4322 2385 4376 κλύδωνα
2430 4325 2691 4393 μέγιστον
2738 4324 2800 4378 τὸ
2861 4325 3101 4392 πέλαγος
3154 4326 3322 4396 αἴρει,
3387 4325 3540 4381 αὐτοί
3574 4328 3628 4377 τέ
3662 4327 3714 4378 oi

2137 4414 2511 4482 συμπλέοντες
2549 4416 2704 4469 οὐδὲν
2756 4411 2921 4488 ἦττον
2961 4419 3324 4488 ἐκυμαίνοντο
3373 4419 3472 4481 τὰς
3508 4417 3710 4488 ψυχάς.

444 4475 828 4541 gravissimum
856 4480 1109 4537 adductis
1139 4487 1469 4556 periculum,
1494 4502 1549 4547 et
1572 4496 1779 4552 nullam
1805 4515 2030 4568 sperati.

447 4559 591 4587 ut“...
621 4565 743 4587 --ηιξ
774 4568 934 4587 --1--.ξ
1472 4580 1483 4587 .
1516 4581 1527 4587 -

2137 4475 2227 4560 καῖ
2275 4507 2427 4577 παρὰ
2474 4475 2552 4578 τῷ
2599 4475 2822 4580 μεγάλω
2875 4475 3121 4575 στάντες,
3178 4510 3411 4582 ηὔχοντο
3476 4475 3713 4583 μεν..τῷ

447 4559 594 4614 tibus
620 4565 745 4617 mali
771 4568 1127 4638 solutionem,
1155 4590 1223 4629 ex
1247 4592 1314 4631 eo
1338 4580 1485 4648 quod
1513 4581 1629 4652 ipse
1658 4559 2026 4655 praedixisset,

440 4662 729 4719 sperantes
767 4672 893 4712 eum
929 4675 1091 4729 posse
1127 4666 1292 4720 etiam
1323 4683 1482 4738 Opem
1511 4672 1676 4730 ferre.
1712 4677 1810 4734 Ille
1839 4691 2027 4739 autem

441 4761 539 4801 eos
573 4747 736 4817 jussit
777 4750 924 4809 bono
953 4770 1072 4810 esse
1098 4757 1307 4823 animo,
1345 4769 1404 4816 et
1440 4764 1722 4833 pollicitus
1758 4779 1843 4825 est
1875 4772 2027 4830 brevi

439 4838 682 4896 futuram
718 4860 750 4898 a
777 4846 921 4902 malo
947 4847 1359 4909 liberationem.
1389 4853 1584 4914 Omnia
1618 4870 1769 4918 certe
1797 4878 1918 4934 qua:
1946 4867 2049 4923 eis'

438 4934 667 4991 molesta
710 4950 870 4995 erant
912 4941 1027 4997 cito
1078 4953 1208 5000 sunt
1255 4946 1436 5005 ablata
1483 4967 1500 5007 :
1545 4967 1807 5025 mareque
1851 4963 2027 5016 evasit

437 5026 737 5096 placidum,
766 5040 821 5087 et
852 5031 906 5089 in
938 5033 1237 5107 perlectam
1275 5050 1543 5099 mutatum
1588 5054 1672 5100 est
1719 5051 2025 5119 tranquilli-

2131 4595 2281 4666 Θεῷ,
2323 4596 2535 4654 ἐδέοντο
2576 4597 2633 4651 δὲ
2680 4598 2874 4665 αὐτοῦ,
2920 4600 3198 4670 ἐπαμῦναι
3251 4601 3463 4673 πικρῶς
3529 4600 3716 4655 κινδυ-

2128 4688 2369 4757 νεύουσι,
2402 4690 2497 4743 καὶ
2531 4690 2805 4761 μηδεμίαν
2838 4690 3123 4757 ἐλπίζουσι
3170 4692 3264 4749 τοῦ
3309 4693 3479 4747 κακοῦ
3528 4691 3714 4761 λύσιν,

2125 4779 2316 4851 ὥσπερ
2357 4780 2466 4834 ἀπὸ
2519 4780 2613 4835 τοῦ
2646 4784 2931 4851 προειπεῖν
2990 4782 3156 4838 αὑτὸν
3199 4782 3293 4836 καὶ
3336 4783 3395 4836 τὸ
3442 4780 3719 4839 δύνασθαι

2127 4870 2341 4942 βοηθεῖν
2373 4871 2716 4936 ἐλπίσαντες.
2759 4873 2820 4927 '0
2863 4872 2919 4927 δὲ
2960 4872 3188 4950 θαρρεῖν
3229 4891 3289 4929 τε
3345 4874 3565 4928 ἐκέλευε
3611 4864 3719 4929 καὶ

2128 4967 2353 5037 ταχεῖαν
2376 4964 2561 5029 αὐτοῖς
2590 4967 2810 5022 ἔσεσθαι
2862 4968 2960 5041 τὴν
3005 4967 3333 5041 ἀπαλλαγὴν
3387 4967 3483 5022 τού
3529 4968 3716 5026 κακοῦ

2129 5057 2435 5126 προεςξώνει
2468 5072 2483 5088 ·
2518 5056 2599 5115 διδ
2632 5060 2727 5112 καὶ
2787 5061 2997 5131 συνῳδὰ
3029 5063 3140 5125 τοῖς
3179 5062 3394 5133 ῥηθεῖσι
3443 5063 3515 5116 τὰ
3558 5063 3716 5133 πρά-

439 5122 606 5174 tatem
648 5136 662 5174 :
696 5130 752 5176 et
788 5121 892 5191 ipsi
934 5126 1091 5182 obliti
1130 5129 1617 5200 latnentationum,
1661 5138 1728 5192 ad
1769 5140 2017 5199 laetitiam

2137 5121 2317 5217 γματα
2361 5149 2667 5218 ἠκολούθει,
2729 5152 2830 5210 καὶ
2868 5153 2937 5207 τά
2978 5152 3252 5207 λυποῦντα
3302 5153 3482 5209 πάντα
3534 5154 3715 5221 ὀξέως

439 5210 607 5267 animi
654 5223 785 5268 sunt
822 5218 1097 5283 conversi,
1137 5220 1251 5276 Deo
1292 5234 1349 5279 et
1386 5225 1506 5297 ejus
1548 5226 1753 5283 famulo
1791 5242 2017 5300 agentes

2137 5210 2331 5295 ἐλύετο.
2369 5210 2445 5295 ’ῘΗ
2472 5260 2531 5296 τε
2555 5210 2665 5314 γὰρ
2699 5244 2948 5299 θάλασσα
2976 5245 3275 5317 ἡμεροῦτο,
3324 5246 3420 5299 καὶ
3472 5249 3552 5310 είς
3595 5264 3712 5315 7a.-

438 5304 667 5374 gratias,
723 5317 781 5362 et
828 5310 1121 5376 dupliciter
1172 5327 1299 5383 eum
1352 5314 1721 5386 admirantes,
1765 5329 1821 5376 et
1867 5323 2016 5394 quod

2137 5333 2291 5402 ιήνην
2318 5333 2523 5405 άκριὸἧ
2565 5304 2960 5405 μετεϐάλλετο,
2995 5304 3106 5392 καὶ.
3134 5304 3291 5395 αὐτοὶ
3337 5338 3449 5394 τῶν
3485 5304 3710 5413 θρήνων

436 5396 779 5466 praedixisset
809 5400 1010 5467 tristia,
1039 5416 1096 5458 et
1124 5405 1271 5476 quod
1307 5410 1646 5466 removisset.

2137 5396 2286 5485 ίύθυς
2309 5396 2688 5492 ἐκλαθόμενοι,
2724 5427 2861 5499 πρὸς
2887 5396 3154 5500 εύνθυμίαν
3204 5396 3533 5502 ἐτράποντο.⁸
3580 5396 3712 5484 ζΕνς

436 5486 631 5542 τευθεν
669 5488 795 5560 Θεῴ
831 5492 931 5560 μὲν
959 5497 1055 5547 καὶ
1086 5495 1165 5565 τῷ
1194 5497 1364 5552 αὑτοῦ
1401 5499 1697 5570 θερᾷποντι
1736 5504 1836 5577 τὴν
1898 5507 2060 5579 χάριν
2096 5486 2526 5584 διωμολόγουνί
2572 5486 2747 5590 Aona
2771 5486 2857 5572 ’δέ
2878 5486 3069 5574 τοῦτον
3118 5486 3492 5593 θαυμάζοντες
3536 5519 3708 5597 ἦσαν,

435 5577 511 5648 τῷ
537 5596 593 5632 τε
618 5588 899 5653 προειπεῖν
941 5587 1060 5656 ἅμα
1090 5589 1188 5659 τὴν
1242 5591 1350 5645 τῶν
1398 5596 1744 5665 σκυθρωπῶν
1790 5577 2001 5675 ἔφοδον,
2044 5604 2142 5659 καὶ
2176 5604 2253 5685 τῷ
2280 5606 2443 5664 λῦσαι
2476 5610 2681 5687 ῥᾳδίως
2710 5614 2781 5669 τι
2809 5612 3138 5690 σκυθρωπά.

505 5760 527 5793 ⁹
549 5757 692 5816 Psal.
731 5779 851 5829 ην,
882 5766 968 5821 li.
1050 5772 1094 5804 ¹⁶
1128 5772 1271 5828 Psal.
1309 5793 1417 5845 Liv,
1440 5780 1494 5835 8.
