4072 6390
332 428 446 491 3Ξιι

409 541 491 593 θ’.
538 536 703 592 Ἀλλᾶ
734 537 940 592 τούτων
963 538 1138 603 οὕτως
1168 538 1397 610 ἐχόντων
1427 542 1539 595 τῶν
1592 543 1803 597 ναυτῶν
1830 537 1907 605 εἷς
1939 552 1986 605 Α,

331 628 524 699 (πάλιν
551 627 663 699 γάρ
698 629 727 682 6
757 627 1031 701 βάσκανος
1081 631 1149 683 τά
1207 634 1424 701 χρηστὰ
1476 630 1650 685 ταῦτα
1691 631 1910 702 πληγὰς

334 720 534 775 ἑαυτοῦ
582 720 964 791 λογιζόμενος,
1014 723 1332 776 ἀντιλυπεῖν
1367 724 1683 795 ἐπειρᾶτο),
1721 725 1815 778 ἐπὶ
1849 725 1911 777 τὸ

332 813 640 883 ἀκρότατον
685 814 785 883 τῆς
836 813 1010 883 μέσης
1068 813 1310 868 ἀνελθὼν
1360 818 1611 886 κεραίας,
1658 816 1743 886 ἐφ’
1789 811 1910 885 ᾧτι

331 906 445 957 τῶν
471 905 572 973 τῆς
600 903 736 966 νεὼς
762 904 943 958 ὅπλων
972 904 1031 959 εὖ
1066 906 1355 970 διαθεῖναι,
1389 907 1462 970 ὠς
1492 908 1594 981 ἤδη
1623 909 1912 963 κατελθεῖν

330 994 587 1063 ἔμελλεν,
619 993 933 1063 ὀλισθήσεις,
961 993 1057 1047 ἐπὶ
1079 996 1252 1065 μέσην
1271 996 1374 1066 τὴν
1403 994 1536 1049 ναῦν
1557 999 1910 1062 καταπίπτει,

332 1088 433 1143 καὶ
458 1087 665 1148 ἄπνους
696 1085 897 1149 ἔκειτο,
924 1091 1021 1140 καὶ
1077 1087 1271 1157 νεκρὸς
1319 1088 1582 1159 ἄντικρυς
1619 1083 1709 1160 ἦν.
1763 1090 1824 1142 ’0
1854 1090 1909 1143 δὲ

332 1178 435 1248 τὴν
464 1176 730 1250 ταχίστην
782 1180 1099 1249 ἐπικουρεῖν
1146 1177 1356 1242 εἰωθὼς
1404 1184 1683 1253 προσευχῇ
1722 1180 1912 1234 τοῦτον

332 1272 466 1343 ῥᾷον
510 1270 543 1340 ἢ
578 1270 670 1323 τὸν
707 1270 980 1323 ύπνοῦντα
1034 1271 1304 1341 διανιστᾷ,
1370 1272 1469 1325 καὶ
1510 1271 1692 1337 ζῶντα
1745 1274 1910 1327 πάλιν

331 1364 500 1417 αὐτὸν
527 1365 644 1426 τοῖς
679 1363 996 1433 πλωτῆρσιν
1067 1364 1434 1437 ἁποκαθιστᾷ.
1488 1366 1723 1420 Ἔπειτα
1766 1366 1910 1420 ἱστία

330 1457 515 1508 πάντα
540 1456 896 1519 πετάσαντες,
930 1455 1027 1508 καὶ
1054 1455 1122 1507 δι’
1153 1455 1329 1525 αὔρας
1355 1455 1562 1526 λεπτῆς
1592 1460 1685 1511 καὶ
1719 1458 1909 1529 ἡδείας

328 1549 395 1600 τὸ
424 1548 559 1617 ἑξῆς
582 1548 677 1600 τοῦ
709 1546 844 1599 πλοῦ
873 1544 1254 1611 διανύσαντες,
1276 1549 1351 1611 ὡς
1377 1548 1479 1620 ήδη
1505 1552 1569 1620 τῇ
1602 1545 1673 1623 γῇ
1705 1551 1908 1621 προσὲ-

332 1656 489 1708 σχον,
538 1638 710 1691 πολλά
750 1638 861 1690 τῶν
912 1636 1233 1707 παραδόξων
1278 1639 1440 1702 εὐθὺς
1497 1640 1763 1707 ἐτελεῖτο,
1815 1642 1909 1695 καὶ

332 1729 661 1800 θαυμασίων
707 1746 791 1784 τι;
845 1731 1141 1800 ἀνεκέχυτο
1171 1731 1439 1787 Θάλασσα.
1494 1731 1557 1784 Ei
1591 1733 1700 1802 γὰρ
1750 1750 1908 1786 συνε-

327 1824 494 1876 λόντα
527 1838 593 1893 με
626 1823 708 1875 δεῖ
757 1822 946 1891 φάναι,
976 1821 1151 1891 οὐδεὶς
1203 1819 1270 1895 ἦν
1317 1826 1346 1877 6
1387 1822 1491 1877 ὑπὸ
1511 1823 1605 1876 τοῦ
1636 1823 1841 1887 πάθους
1872 1823 1901 1893 ἦ

1524 446 1527 447 ⁷
1592 448 1598 453 ·
1639 431 1817 493 VlTA
1859 432 1918 493 S.
1960 430 2288 493 NICOL.’J.

2082 543 2172 598 lX.
2219 544 2326 600 Sed
2372 558 2494 598 cum
2541 544 2656 598 lucc
2698 544 2771 598 ita
2817 558 2875 600 se
2915 542 3201 610 haberent,
3251 541 3473 614 quidam
3518 561 3587 604 ex

2012 636 2194 690 nautis
2222 650 2346 690 cum
2376 634 2433 689 in
2466 650 2740 690 summum
2770 635 2962 691 mediae
3016 642 3269 693 antennae
3303 636 3588 693 ascendis-

2012 733 2115 789 set,
2152 733 2213 777 ut
2245 725 2401 778 navis
2434 733 2897 779 armamentorum
2940 735 3087 781 recte
3117 727 3325 797 aliquid
3365 743 3589 803 campo.

2011 824 2189 880 nerct,
2232 831 2355 869 cum
2399 816 2509 887 jam
2560 815 2712 871 illinc
2753 826 2897 872 esset
2933 816 3323 884 descensurus,
3364 836 3429 880 ex
3474 821 3586 875 aito

2011 906 2200 975 lapsus
2241 907 2387 962 cadit
2436 908 2491 961 in
2544 907 2780 962 mediam
2834 922 3029 961 navem
3079 918 3181 963 :et
3226 909 3316 964 ilie
3361 912 3585 983 quidem

2005 1000 2221 1070 jaeehat
2274 1001 2408 1054 nihil
2460 1001 2674 1070 spirans
2726 1009 2782 1056 et
2827 1001 3119 1056 videbatur
3166 1012 3437 1059 mortuus.
3489 1004 3586 1066 ille.

2012 1107 2143 1147 vero
2168 1094 2235 1147 ad
2263 1108 2421 1163 opem
2459 1093 2737 1148 ferendam
2771 1095 2935 1157 etiam
2975 1105 3266 1164 antequam
3294 1106 3588 1161 νοωτριυι-

2012 1183 2415 1253 paratissimus,
2441 1184 2692 1238 oratione
2725 1200 2848 1239 cum
2889 1184 3102 1239 facilius
3130 1200 3291 1254 quam
3319 1182 3362 1237 si
3394 1201 3529 1239 somn
3554 1201 3586 1242 ο

2011 1275 2349 1330 deliueretur
2381 1275 2584 1330 excitat
2622 1294 2634 1330 :
2669 1284 2723 1330 ct
2771 1276 2953 1331 vivum
3004 1293 3198 1331 rursus
3242 1278 3426 1331 nautis
3458 1278 3550 1331 red

2011 1368 2172 1422 didit.
2224 1367 2432 1422 Deinde
2483 1383 2607 1423 cum
2662 1370 2780 1424 vela
2838 1370 3021 1423 omnia
3076 1368 3485 1438 expandissent,
3529 1382 3588 1424 et

2010 1475 2142 1514 aura
2170 1459 2279 1521 leni
2307 1469 2361 1513 et
2387 1459 2540 1513 suavi
2568 1458 2937 1514 confecissent
2966 1469 3289 1529 sequentem
3320 1459 3585 1528 deinceps

2012 1551 2435 1621 navigationem,
2469 1568 2592 1607 cum
2630 1553 2740 1622 jam
2788 1561 2948 1607 terrae
2991 1551 3350 1623 appulissent.
3387 1551 3585 1605 turritas

2010 1643 2274 1698 Dominus
2330 1657 2429 1713 per
2472 1643 2759 1698 Nicolaum
2804 1641 2933 1698 fecit
2980 1626 3314 1699 curationes.
3350 1643 3484 1703 Nam
3528 1650 3585 1697 et

2008 1735 2138 1789 «mei
2173 1737 2354 1789 statim
2386 1736 2609 1790 charam
2640 1736 2818 1792 lucem
2864 1736 3203 1806 aspiciebant
3233 1754 3247 1791 :
3280 1745 3335 1791 et
3364 1736 3453 1789 alii
3488 1736 3581 1805 qui

2009 1823 2746 1892 laborabant,.liberabantur
2775 1826 2844 1879 ab
2874 1825 2938 1880 iis
2962 1841 3083 1895 qua:
3100 1824 3378 1880 habebant
3400 1823 3579 1883 malis.

328 1887 644 1985 νοσήματος
684 1887 1026 1985 πιεζόμενος,
1078 1887 1300 1987 ἢίλύπῃ
1356 1917 1465 1969 τινὶ
1514 1887 1899 1986 βαρυνόμεως,

2010 1917 2075 1971 Et
2115 1923 2174 1971 ut
2212 1887 2378 1973 semel
2424 1918 2627 1982 dicam,
2660 1918 2843 1973 nullus
2871 1887 2995 1972 erat
3036 1918 3127 1988 qui
3173 1918 3242 1973 ab
3289 1919 3400 1974 ullo
3439 1919 3581 1974 deti-

326 2007 389 2069 6;
424 2010 520 2060 ἐπὶ
550 2008 806 2076 Νικολάῳ
838 2007 1154 2078 προσέλθοι,
1189 2008 1266 2077 μὴ
1296 2009 1455 2070 εὐθὺς
1510 2009 1651 2072 ἰᾶτο,
1702 2008 1797 2060 καὶ
1843 2008 1905 2061 τὸ

325 2098 539 2152 λυποῦν
592 2098 950 2153 ἀπεσάλλετο.
1001 2098 1186 2162 Οὕτως
1237 2097 1332 2153 οὖν
1364 2101 1425 2152 οὑ
1475 2100 1673 2173 ῥᾳδίως
1720 2100 1901 2169 μόνον,

326 2191 471 2245 ἀλλά
513 2192 609 2246 καὶ
658 2191 892 2262 ἄμισθον
947 2194 1047 2262 τῆς
1098 2191 1296 2255 ίάσεως
1339 2191 1657 2261 γινομένης,
1703 2191 1903 2255 πόσους

330 2282 438 2351 μὲν
465 2279 611 2334 εἶναι
635 2281 763 2344 τοὺς
792 2281 1083 2352 ίωμένους,
1118 2282 1293 2351 πόσην
1322 2281 1381 2334 δὲ
1425 2283 1560 2354 πρὸς
1594 2281 1729 2333 Θεὸν
1757 2281 1905 2351 γίνε-

328 2370 459 2425 σθαι
488 2369 589 2439 τὴν
621 2370 999 2439 εὐχαριστίαν,
1031 2372 1126 2423 καὶ
1174 2373 1349 2442 πόσην
1397 2371 1504 2441 ἀρα
1538 2370 1649 2423 τῶν
1697 2369 1904 2435 δοξολο-

326 2462 572 2533 γούντων
601 2460 952 2531 ἀθροίζεσθαι
969 2464 1068 2531 τὴν
1088 2463 1425 2534 πανήγυριν,
1455 2461 1669 2515 δίδωσιν
1696 2465 1725 2515 6
1746 2462 1904 2532 λόγος

327 2556 449 2625 ἃμα
483 2556 729 2607 σκοπεῖν.
750 2554 821 2607 T6
854 2552 962 2624 γάρ
989 2553 1201 2608 ἕκαστα
1226 2552 1431 2606 τούτων
1461 2553 1667 2608 διδόναι
1708 2556 1899 2629 γραφῇ

328 2647 637 2718 παρόμοιον
668 2647 721 2699 εί
747 2664 827 2707 τις
860 2648 955 2699 καὶ
986 2645 1262 2717 Θαλάττης
1284 2646 1515 2717 ψάμμον
1541 2647 1635 2701 καὶ
1656 2647 1903 2721 ἀστέρων

324 2738 536 2811 πλῆθος
565 2736 818 2809 ἀριθμεῖν
847 2736 1112 2814 βούλοιτο.

398 3012 458 3064 I’.
511 3009 757 3063 Ἐκεῖθεν
782 3008 1004 3079 ἀπάρας
1037 3008 1171 3081 πρὸς
1198 3008 1293 3063 τὸν
1316 3007 1410 3062 τοῦ
1439 3009 1676 3080 Χριστοῦ
1698 3011 1890 3081 τάφον,

325 3105 425 3158 καὶ
460 3104 610 3171 παρὰ
646 3102 735 3154 τὸν
797 3102 1095 3171 σεϐάσμιον
1132 3100 1289 3165 αὖθις
1342 3101 1614 3171 Γολγοθᾶν
1656 3103 1898 3174 ἔρχεται,

2007 2008 2240 2062 uehatur
2291 2009 2485 2063 morbo
2541 2018 2637 2063 aut
2690 2008 3041 2078 aegritudine,
3098 2017 3193 2063 aut
3254 2008 3362 2065 ulla
3410 2009 3576 2064 etiam

2005 2099 2421 2169 opprimebatur
2473 2100 2743 2164 molestia,
2790 2099 2883 2175 qui
2936 2099 2980 2153 si
3034 2099 3100 2153 ad
3148 2100 3430 2153 Nicolaum
3479 2115 3575 2154 ac-

2004 2193 2294 2258 cessisset,
2347 2207 2458 2247 non
2504 2192 2691 2253 statim
2734 2201 3044 2259 curaretur,
3089 2200 3145 2245 et
3189 2191 3465 2246 levaretur
3509 2207 3578 2246 eu

2004 2285 2150 2354 quod
2198 2285 2275 2339 illi
2315 2284 2580 2340 afferebat
2628 2283 2953 2341 molestiam.
2991 2282 3127 2343 Cum
3175 2284 3254 2338 sic
3299 2299 3430 2355 ergo
3466 2298 3575 2343 non

2003 2377 2181 2431 solum
2218 2375 2415 2441 facilis,
2449 2375 2544 2430 sed
2575 2373 2739 2430 etiam
2772 2376 3008 2445 gratuita
3050 2374 3190 2428 facta
3232 2376 3302 2429 sit
3337 2374 3574 2437 curatio.

2003 2469 2092 2538 qui
2133 2468 2299 2524 fuerit
2331 2478 2649 2525 curatorum
2696 2481 2981 2532 numerus,
3008 2483 3169 2538 quam
3200 2465 3419 2526 fervida:
3451 2483 3575 2540 gia—

2006 2564 2203 2617 tiarum
2241 2563 2508 2631 actiones,
2558 2563 2648 2631 qui
2680 2565 2844 2623 ardor
2880 2563 3105 2639 gloriam
3145 2562 3389 2624 divinam
3432 2569 3580 2621 ee'e«

2006 2656 2304 2721 brautium,
2328 2656 2549 2710 difficile
2583 2672 2693 2717 non
2729 2664 2813 2710 est
2842 2655 3113 2727 judicare.
3149 2655 3253 2722 Qui
3296 2658 3442 2713 enim
3476 2657 3577 2715 ltu-

2006 2765 2126 2807 rum
2167 2749 2380 2818 singula
2413 2748 2612 2804 litteris
2651 2749 2909 2803 mandare
2947 2751 3371 2820 pra'sumpserit,
3407 2754 3577 2806 maris

2002 2854 2269 2907 arenam,
2323 2840 2601 2895 stellarum
2670 2854 2958 2894 numerum
3026 2855 3312 2896 recensere
3392 2845 3576 2899 volueg

2006 2933 2093 2985 tit.

2074 3023 2140 3081 Χ.
2174 3024 2309 3080 Cum
2349 3024 2499 3079 illinc
2542 3032 2724 3080 autem
2765 3023 3045 3095 profertus
3068 3032 3236 3094 esset,
3263 3024 3329 3080 ad
3369 3024 3572 3089 Christi

2002 3117 2315 3187 sepulcrum
2373 3131 2568 3173 rursus
2631 3118 2798 3173 etiam
2860 3119 3011 3180 venit
3066 3118 3134 3174 ad
3200 3122 3573 3183 venerandum

322 3192 386 3249 οὗ
412 3211 479 3263 γε
506 3196 654 3247 καὶὸ
681 3193 947 3263 σωτήριος
998 3191 1142 3263 ὑπὲρ
1194 3193 1356 3264 ἡμῶν
1404 3194 1588 3264 ἐπάγη
1644 3197 1894 3266 σταυρός.

2001 3208 2290 3283 Golgotha,
2325 3210 2415 3266 ubi
2456 3209 2622 3265 etiam
2662 3226 2762 3279 pro
2807 3211 2966 3268 nobis
3003 3213 3104 3268 fixa
3138 3220 3221 3268 est
3263 3228 3397 3267 crux
3427 3213 3575 3271 salu-

326 3289 562 3341 Ἔπειτα
578 3291 673 3339 καὶ
702 3286 779 3356 τῷ
805 3286 899 3338 τοῦ
925 3285 1070 3338 θείου
1102 3286 1337 3354 σταυροῦ
1357 3285 1499 3357 ξύλῳ
1512 3288 1708 3351 νυκτὸς
1732 3288 1899 3359 πρόσ-

323 3398 451 3443 εισι,
485 3382 583 3433 καὶ
609 3380 889 3451 προσιόντι
934 3378 1235 3449 αὐτόματοι
1266 3380 1322 3433 αἱ
1358 3377 1452 3433 τοῦ
1505 3379 1650 3451 ίεροῦ
1695 3378 1897 3434 διανοί-

322 3490 512 3541 γονται
537 3471 727 3533 πύλαι,
753 3471 962 3542 θερμὴν
982 3471 1041 3524 δὲ
1068 3471 1165 3542 τὴν
1194 3472 1505 3543 προσευχὴν
1536 3472 1633 3526 καὶ
1676 3478 1887 3545 συχνὴν

321 3567 504 3622 ἐκεῖσε
538 3564 926 3635 προσενεγκὼν
949 3566 1049 3633 τὴν
1080 3565 1479 3636 προσκύνησιν,
1509 3565 1896 3636 ἀφθονωτέραν

323 3656 638 3730 καρποῦται
687 3658 781 3711 τοῦ
832 3656 1039 3727 ἀγαθοῦ
1073 3657 1388 3728 Ῑινεύματος
1432 3662 1532 3727 τὴν
1577 3659 1892 3729 ἐνέργειαν.

333 3751 486 3805 Ἐπεὶ
514 3749 575 3803 δὲ
602 3750 803 3813 ἱκανῶς
833 3746 947 3820 εἶχε
993 3750 1098 3819 τῆς
1129 3752 1188 3803 ὲν
1219 3749 1551 3821 Παλαιστίνῃ
1587 3749 1892 3821 διατριϐῆς,

321 3844 628 3914 ῦιαποντίῳ
655 3841 788 3913 πρὸς
833 3843 933 3913 την
978 3842 1314 3911 ἐνεγκοῦσαν
1362 3840 1519 3907 αὖθις
1576 3848 1775 3917 χρῆται
1827 3847 1893 3916 τῇ

324 3935 595 4005 ἐπανόδῳ,
634 3934 811 4003 ιψεως
850 3934 1003 4005 αύτῷ
1061 3934 1215 3996 θείας
1271 3932 1431 3986 τοῦτο
1481 3935 1892 4005 ἐντειλαμένη·,

323 4027 465 4082 ὥστε
498 4026 577 4098 μὴ
618 4027 711 4080 ἐπὶ
738 4026 900 4079 πλέον
935 4024 1230 4096 στέρεσθαι
1257 4026 1357 4096 τῆς
1387 4025 1643 4094 γλυκείας
1684 4027 1895 4082 ἐκείνου
1922 4089 1927 4093 _

324 4122 510 4192 φωνῆς
539 4121 607 4174 τά
633 4120 796 4173 αὐτοῦ
830 4120 1106 4191 πρόϐατα.
1151 4119 1417 4175 Ἐνταῦθα
1444 4121 1535 4172 καὶ
1565 4119 1662 4172 τοῦ
1705 4120 1893 4172 πλοίου

323 4214 577 4266 ἐπιϐάντι
601 4212 680 4281 τῷ
726 4211 1020 4282 θαυμασίῳ
1048 4210 1083 4285 ἦ
1111 4226 1170 4263 τε
1218 4213 1330 4272 τῶν
1381 4210 1688 4282 πλωτήρων
1735 4212 1893 4279 ὲλέγ-

324 4322 475 4374 χεται
521 4304 861 4373 κακουργία,
921 4308 1016 4356 καὶ
1067 4307 1101 4374 ή
1146 4303 1242 4356 τοῦ
1295 4304 1440 4357 θείου
1488 4303 1802 4374 Πνεύματος
1835 4307 1893 4358 ἐν

325 4397 468 4466 αὐτῷ
500 4396 1006 4467 θαυματουργεῖται
1044 4395 1301 4466 δύναμις.
1345 4397 1403 4448 '0
1446 4396 1545 4466 μὲν
1593 4400 1702 4466 γάρ
1754 4396 1891 4467 πρὸς

323 4493 419 4554 τὴν
448 4486 687 4557 πατρίδα
717 4488 871 4540 πλεῖν
898 4487 1117 4557 ἔμελλε,
1158 4489 1253 4540 καὶ
1279 4486 1441 4540 τοῦτο
1479 4489 1747 4558 πρότερον
1773 4488 1888 4550 τοῖς

324 4581 381 4632 οὐ
406 4579 598 4642 καλοῖς
648 4577 875 4641 ναύταις
928 4579 1281 4653 συνθέμενος,
1329 4577 1472 4632 οὕτω
1505 4579 1571 4650 δὴ
1626 4582 1723 4650 τῆς
1755 4578 1889 4643 νεὼς

326 4670 503 4741 ἐπέδη
536 4686 552 4701 -
586 4671 637 4723 οῖ
672 4672 719 4723 δ’
742 4670 932 4741 ἐπειδὴ
961 4671 1237 4723 ἀνείλοντο
1277 4670 1377 4734 τὰς
1426 4670 1698 4743 ἀγκύρας,
1739 4672 1890 4733 οίκου

323 4764 657 4835 ἐμέμνηντο.
686 4762 793 4816 Τοῦ
824 4747 1045 4832 λιμένος
1065 4762 1159 4816 οῦν
1198 4762 1626 4835 ἐξορμήσαντες,
1668 4765 1761 4821 καὶ
1792 4764 1890 4841 τὴν

323 4854 514 4927 ὀθόνην
545 4857 665 4925 ἃμα
695 4854 1150 4920 διαπετάσαντες,
1208 4855 1302 4909 τοῦ
1349 4857 1659 4927 πνεύματος
1706 4856 1892 4919 αὐτοῖς

322 4948 591 5018 ὲπιφόρου
648 4948 922 5014 πνέοντος,
981 4947 1116 5017 πρὸς
1176 4948 1275 5019 τὴν
1332 4948 1539 5004 οἰκείαν
1591 4949 1888 5005 ἀπέπλεον.

332 5040 552 5110 Ἦμέλει
600 5038 657 5092 δὲ
685 5039 936 5109 οὐδαμῶς
969 5041 1003 5111 ἡ
1049 5040 1195 5110 δίκη,
1231 5039 1366 5094 ἀλλά
1393 5041 1545 5111 παρά
1589 5041 1755 5105 πόδας
1793 5044 1891 5096 αὖ·

321 5133 433 5194 τοῖς
460 5133 647 5206 ἐπῄει,
685 5133 784 5203 τὴν
823 5133 1163 5203 κακουργίαν
1209 5133 1535 5197 κολάζουσα,
1574 5135 1669 5186 καὶ
1717 5134 1889 5207 βίαιόν

319 5242 371 5277 τι
428 5226 689 5292 καταιγὶς
738 5225 900 5287 εὐθὺς
948 5225 1387 5291 ἀντιπνεύσασα,
1427 5226 1553 5287 τοὺς
1596 5224 1789 5288 οἴακας
1828 5243 1888 5285 τε

316 5317 635 5388 διέστρεψε,
670 5318 765 5368 καὶ
809 5316 879 5369 τά
917 5316 1156 5387 πηδάλια
1189 5318 1531 5389 παρήνεγκε,
1568 5318 1661 5369 καὶ
1702 5318 1889 5379 αὐτοῖς

322 5411 421 5482 μὲν
458 5412 517 5463 ὲν
555 5411 752 5481 βραχεῖ
802 5409 1050 5463 κίνδυνον
1098 5409 1338 5479 ἠπείλει,
1380 5410 1473 5467 τὸν
1512 5409 1568 5469 δὲ
1612 5411 1727 5472 τοῖς
1787 5408 1889 5485 τῆς

317 5504 578 5576 πατρίδος
642 5503 897 5557 ἀπεδίδου
973 5502 1182 5574 λιμέσι.
1237 5501 1303 5556 Τί
1357 5498 1451 5557 οὖν
1509 5504 1542 5577 ἡ
1597 5502 1887 5575 συμπαθὴς

315 5599 501 5670 ἐκείνη
533 5598 630 5651 καὶ
665 5597 1035 5667 μεγαλόφρων
1063 5596 1253 5669 dum;
1305 5596 1442 5651 usae
1482 5596 1711 5667 πικρίας
1766 5597 1887 5649 οὐδὲ

322 5691 484 5758 λόγου
514 5690 659 5752 ’τινὸς
698 5689 994 5757 στύφοντος
1036 5688 1232 5760 ἐδεήθη
1283 5687 1431 5759 πρὸς
1480 5688 1679 5751 αὐτούς
1718 5705 1731 5718 ’
1770 5689 1887 5741 ἀλλ’

316 5783 452 5851 ἐμοῦ
486 5798 543 5835 τε
595 5781 1074 5852 μεταμελομένους
1121 5776 1253 5845 εἶδε,
1303 5783 1399 5835 καὶ
1448 5782 1612 5843 αὐτὸς
1671 5782 1767 5852 τῆς
1809 5784 1887 5835 οἱ·

319 5877 473 5940 κείας
514 5876 724 5947 ἡττήθη
766 5874 1160 5945 χρηστότητος,
1214 5874 1309 5928 καὶ
1357 5873 1521 5929 πάλιν
1576 5873 1775 5938 αὐτοὺς
1817 5874 1883 5927 δι’

595 5970 871 6028 ιἈτιιυι..
903 5969 1017 6028 Us.
1059 5967 1295 6048 CXVI.‘

2003 3303 2154 3358 tat-is.
2190 3304 2393 3359 Deinde
2428 3303 2593 3360 etiam
2629 3315 2796 3361 noctu
2838 3305 3053 3360 accedit
3081 3305 3325 3360 divinum
3355 3305 3569 3376 signum

1999 3394 2195 3449 crucis.
2232 3395 2297 3449 Et
2334 3394 2384 3450 ei
2422 3394 2644 3471 quidem
2678 3411 2775 3450 sua
2806 3404 3003 3468 sponte
3034 3398 3363 3467 aperiuntur
3391 3412 3573 3452 saero-

1998 3487 2169 3541 sancti
2212 3485 2314 3541 loci
2346 3498 2536 3557 portas
2579 3486 2715 3543 Cum
2759 3487 3036 3544 ferventes
3074 3500 3258 3545 autem
3294 3505 3488 3564 preces
3515 3502 3573 3555 et

1999 3578 2224 3639 inuitam
2269 3579 2563 3633 obtulisset
2611 3579 2723 3635 illic
2767 3578 3170 3646 adorationem,
3213 3583 3572 3651 consequitur

1997 3669 2160 3731 etiam
2203 3671 2462 3740 majorem
2516 3669 2640 3725 boni
2696 3669 2921 3741 spiritus
2965 3671 3365 3740 Operatiouem.
3413 3672 3574 3728 POEl-r

1997 3776 2161 3831 quam
2194 3775 2324 3814 vero
2355 3760 2489 3814 satis
2532 3769 2782 3815 versatus
2814 3759 2916 3814 fuit
2956 3761 3007 3813 iu
3043 3761 3349 3827 Palaestina,
3381 3777 3573 3821 rursus

1999 3868 2096 3921 per
2132 3867 2279 3906 mare
2322 3838 2616 3906 revertitur
2663 3852 2720 3905 in
2760 3851 3016 3921 patriam,
3069 3868 3194 3906 eum
3241 3854 3343 3908 hoc
3386 3853 3573 3919 divina

1996 3946 2045 3999 ei
2090 3944 2345 4015 jussisset
2383 3944 2543 4007 visio,
2589 3958 2657 3997 ne
2699 3944 2855 3997 suavi
2906 3943 3053 3998 illius
3097 3959 3232 3998 voce
3276 3946 3397 4016 ejus
3438 3960 3571 4002 oves

1996 4034 2233 4104 amplius
2274 4034 2647 4103 privarentur.
2694 4031 2792 4087 Hic
2836 4047 2960 4087 cum
3003 4048 3198 4088 navem
3231 4034 3571 4100 ascendisset

1997 4125 2087 4179 ille
2125 4123 2488 4185 admirabilis,
2522 4131 2577 4176 et
2613 4131 2903 4177 nautarum
2950 4122 3201 4192 arguitur
3244 4122 3572 4201 improbitas

1994 4226 2051 4273 et
2091 4215 2262 4270 divini
2300 4215 2528 4286 spiritus
2559 4214 2737 4268 virtus
2769 4213 2824 4271 in
2860 4228 2927 4268 eo
2967 4213 3201 4271 habetur
3234 4214 3287 4277 in
3328 4216 3571 4272 admit-aq

1997 4307 2162 4363 tione.
2202 4307 2336 4362 Nam
2395 4307 2484 4361 ille
2533 4305 2755 4383 quidem
2798 4314 2915 4359 erat
2961 4306 3319 4376 navigaturus
3366 4311 3421 4363 in
3475 4326 3571 4380 pa-

1997 4402 2154 4456 triam
2189 4417 2204 4460 ;
2234 4410 2290 4459 et
2318 4415 2442 4453 cum
2494 4398 2598 4452 hoc
2632 4398 2787 4470 prius
2830 4408 3024 4468 pactus
3066 4408 3213 4454 esset
3252 4416 3375 4455 cum
3408 4402 3571 4465 bouis

1997 4493 2103 4547 illis
2134 4493 2339 4559 nautis,
2375 4492 2447 4545 ita
2480 4506 2671 4545 navem
2704 4488 2974 4545 ascendit.
3007 4489 3087 4544 Illi
3119 4506 3248 4546 vero
3280 4501 3567 4574 postquam

1996 4588 2347 4642 sustulissent
2394 4586 2663 4641 anchoras
2714 4584 2937 4641 domum
2996 4601 3190 4641 versus
3251 4566 3590 4649 tendebant:

1994 4678 2129 4735 Cum
2165 4695 2196 4734 e
2230 4686 2390 4749 portu
2422 4693 2553 4749 ergo
2588 4679 2791 4749 egressi
2824 4689 3032 4743 essent,
3073 4687 3129 4733 et
3158 4680 3337 4735 velum
3377 4692 3571 4747 exteri.

1993 4771 2224 4835 disseut,
2269 4769 2512 4827 secundo
2555 4772 2678 4825 velo
2725 4780 2964 4837 utentes,
3010 4771 3340 4841 navigabant
3388 4771 3440 4826 in
3476 4789 3572 4842 pa-

1996 4866 2153 4920 triam
2205 4880 2380 4919 suam.
2434 4861 2785 4937 Nequaquam
2835 4874 3020 4921 autem
3074 4863 3179 4917 hoc
3226 4865 3587 4948 contemptuil

1995 4958 2182 5011 habuit
2210 4954 2424 5026 justitia
2458 4974 2471 5008 :
2505 4953 2599 5008 sed
2640 4968 2671 5008 e
2715 4952 2945 5025 vestigio
2987 4968 3085 5007 eos
3123 4964 3209 5008 est
3256 4963 3566 5022 persecuta,

1991 5058 2046 5102 et
2094 5047 2334 5103 violenta
2390 5046 2638 5122 qua-dam
2698 5055 2925 5115 repente
2979 5052 3169 5107 exorta
3233 5054 3585 5115 tempestas,‘

1991 5140 2202 5199 clavum
2252 5138 2471 5203 avulsit,
2518 5148 2575 5193 et
2605 5137 2840 5200 detraxit
2884 5135 3279 5205 gubernacula,
3329 5146 3386 5190 et
3430 5138 3568 5208 ipsis

1990 5231 2212 5305 quidem
2280 5232 2531 5286 ultimum
2592 5228 2909 5285 minabatur
2973 5226 3279 5296 periculum
3333 5244 3347 5285 ;
3410 5228 3583 5299 illum.

1990 5332 2171 5379 autem
2222 5321 2449 5393 appellit
2493 5321 2550 5375 in
2595 5328 2815 5397 portum
2861 5318 3070 5391 patriae.
3105 5317 3245 5385 Quid
3295 5334 3426 5390 ergo
3473 5320 3566 5375 ille

1991 5427 2219 5491 magnus
2246 5420 2303 5466 et
2334 5409 2651 5471 misericors
2691 5405 2949 5463 animus?
2994 5406 3074 5463 Ne
3104 5407 3301 5463 acerba
3340 5409 3562 5478 quidem

1990 5502 2044 5558 in
2092 5514 2190 5556 eos
2234 5515 2367 5555 usus
2406 5510 2491 5554 est
2533 5497 2803 5576 oratione.
2854 5495 2958 5551 Sed
3005 5511 3131 5552 cum
3181 5498 3418 5566 primum
3464 5513 3565 5563 eos

1990 5593 2127 5647 vidit
2151 5601 2393 5647 mutatos
2414 5603 2470 5646 et
2493 5589 2688 5646 acerba
2703 5598 2880 5643 motos
2904 5587 3257 5660 pmnitentia,
3284 5604 3313 5643 a
3340 5592 3563 5661 propria

1988 5699 2208 5756 quoque
2237 5683 2415 5739 victus
2441 5693 2526 5739 est
2554 5680 2803 5737 bonitate
2828 5697 2843 5735 :
2868 5691 2923 5736 et
2946 5680 3187 5737 secunda
3214 5681 3562 5751 navigatione

1986 5794 2084 5836 eos
2120 5792 2308 5834 rursus
2352 5776 2569 5833 remisit
2612 5775 2667 5831 iu
2713 5774 2966 5846 patriam.
3014 5773 3136 5844 Ipse
3180 5789 3314 5829 vero
3360 5783 3563 5842 saneta;

1990 5876 2119 5931 Sion
2150 5873 2260 5945 jam
2288 5869 2535 5927 redditus
2566 5868 2922 5936 monasterio,
2950 5868 3094 5939 quod
3123 5867 3191 5921 ab
3221 5865 3343 5934 eius
3368 5877 3565 5935 [atruo

3175 5957 3242 6017 11

3480 431 3585 493 σεο
3667 428 3673 434 ’
