  <div class='ocr_page' id='page_1' title='image "/cluster/home/n/w/nwhite01/storage/ocr_20150623/116/hvd.32044073502221/171.png"; bbox 0 0 4072 6390; ppageno 0'>
   <div class='ocr_carea' id='block_1_1' title="bbox 472 386 3739 468">
    <p class='ocr_par' dir='ltr' id='par_1_1' title="bbox 472 386 3739 468">
     <span class='ocr_line' id='line_1_1' title="bbox 472 386 3739 468; baseline -0.006 -3"><span class='ocrx_word' id='word_1_1' title='bbox 472 404 572 468; x_wconf 58' lang='grc'><strong>321</strong></span> <span class='ocrx_word' id='word_1_2' title='bbox 1700 397 1984 458; x_wconf 69' lang='grc' dir='ltr'><strong>ΜΕΝὸίὲ</strong></span> <span class='ocrx_word' id='word_1_3' title='bbox 2026 396 2272 456; x_wconf 68' lang='grc' dir='ltr'><strong>ΒΕΕΕΜ</strong></span> <span class='ocrx_word' id='word_1_4' title='bbox 2286 393 2456 454; x_wconf 73' lang='lat' dir='ltr'><strong>BER.</strong></span> <span class='ocrx_word' id='word_1_5' title='bbox 3629 386 3739 447; x_wconf 58' lang='lat'><strong>31);).</strong></span> 
     </span>
    </p>
   </div>
   <div class='ocr_carea' id='block_1_2' title="bbox 474 495 2059 586">
    <p class='ocr_par' dir='ltr' id='par_1_2' title="bbox 474 506 2058 586">
     <span class='ocr_line' id='line_1_2' title="bbox 474 506 2058 586; baseline -0.006 -17"><span class='ocrx_word' id='word_1_6' title='bbox 474 519 606 570; x_wconf 84' lang='lat' dir='ltr'><strong>olim</strong></span> <span class='ocrx_word' id='word_1_7' title='bbox 639 513 870 586; x_wconf 84' lang='lat' dir='ltr'><strong>pulchre</strong></span> <span class='ocrx_word' id='word_1_8' title='bbox 902 511 1080 567; x_wconf 72' lang='lat' dir='ltr'><strong>fuerat</strong></span> <span class='ocrx_word' id='word_1_9' title='bbox 1108 510 1464 577; x_wconf 64' lang='lat' dir='ltr'><strong>mdillcatum,</strong></span> <span class='ocrx_word' id='word_1_10' title='bbox 1495 518 1556 565; x_wconf 92' lang='lat' dir='ltr'><strong>ut</strong></span> <span class='ocrx_word' id='word_1_11' title='bbox 1580 510 1690 582; x_wconf 90' lang='lat' dir='ltr'><strong>jam</strong></span> <span class='ocrx_word' id='word_1_12' title='bbox 1721 517 1848 564; x_wconf 88' lang='lat' dir='ltr'><strong>ante</strong></span> <span class='ocrx_word' id='word_1_13' title='bbox 1876 506 2058 563; x_wconf 85' lang='lat' dir='ltr'><strong>decla-</strong></span> 
     </span>
    </p>
   </div>
   <div class='ocr_carea' id='block_1_3' title="bbox 2162 495 3735 586">
    <p class='ocr_par' dir='ltr' id='par_1_3' title="bbox 2162 495 3735 573">
     <span class='ocr_line' id='line_1_3' title="bbox 2162 495 3735 573; baseline -0.007 -13"><span class='ocrx_word' id='word_1_14' title='bbox 2162 507 2423 569; x_wconf 80' lang='grc' dir='ltr'>εὐπλοίας</span> <span class='ocrx_word' id='word_1_15' title='bbox 2453 507 2533 568; x_wconf 85' lang='grc' dir='ltr'><strong>εἰς</strong></span> <span class='ocrx_word' id='word_1_16' title='bbox 2566 504 2664 573; x_wconf 69' lang='grc' dir='ltr'>τὴν</span> <span class='ocrx_word' id='word_1_17' title='bbox 2698 500 2907 556; x_wconf 82' lang='grc' dir='ltr'>οίκείαν</span> <span class='ocrx_word' id='word_1_18' title='bbox 2940 499 3301 569; x_wconf 74' lang='grc' dir='ltr'><strong>ἀπέπεμπεν.</strong></span> <span class='ocrx_word' id='word_1_19' title='bbox 3340 495 3516 560; x_wconf 78' lang='grc' dir='ltr'>Δῦτδς</span> <span class='ocrx_word' id='word_1_20' title='bbox 3548 496 3735 568; x_wconf 76' lang='grc' dir='ltr'>μέντοι</span> 
     </span>
    </p>
   </div>
   <div class='ocr_carea' id='block_1_4' title="bbox 464 588 2059 676">
    <p class='ocr_par' dir='ltr' id='par_1_4' title="bbox 464 602 2058 676">
     <span class='ocr_line' id='line_1_4' title="bbox 464 602 2058 676; baseline -0.004 -15"><span class='ocrx_word' id='word_1_21' title='bbox 464 608 621 661; x_wconf 74' lang='lat' dir='ltr'><strong>ravit</strong></span> <span class='ocrx_word' id='word_1_22' title='bbox 644 605 843 671; x_wconf 85' lang='lat' dir='ltr'><strong>oratiu,</strong></span> <span class='ocrx_word' id='word_1_23' title='bbox 867 605 1113 676; x_wconf 86' lang='lat' dir='ltr'><strong>jucunde</strong></span> <span class='ocrx_word' id='word_1_24' title='bbox 1144 605 1213 660; x_wconf 88' lang='lat' dir='ltr'><strong>ab</strong></span> <span class='ocrx_word' id='word_1_25' title='bbox 1246 605 1329 660; x_wconf 91' lang='lat' dir='ltr'><strong>eis</strong></span> <span class='ocrx_word' id='word_1_26' title='bbox 1361 612 1446 658; x_wconf 91' lang='lat' dir='ltr'><strong>est</strong></span> <span class='ocrx_word' id='word_1_27' title='bbox 1485 618 1640 669; x_wconf 92' lang='lat' dir='ltr'><strong>usus,</strong></span> <span class='ocrx_word' id='word_1_28' title='bbox 1662 611 1719 657; x_wconf 84' lang='lat' dir='ltr'><strong>et</strong></span> <span class='ocrx_word' id='word_1_29' title='bbox 1748 617 1942 658; x_wconf 87' lang='lat' dir='ltr'><strong>omnes</strong></span> <span class='ocrx_word' id='word_1_30' title='bbox 1966 602 2058 671; x_wconf 89' lang='lat' dir='ltr'><strong>qui</strong></span> 
     </span>
    </p>
   </div>
   <div class='ocr_carea' id='block_1_5' title="bbox 2162 588 3734 676">
    <p class='ocr_par' dir='ltr' id='par_1_5' title="bbox 2162 588 3734 668">
     <span class='ocr_line' id='line_1_5' title="bbox 2162 588 3734 668; baseline -0.007 -15"><span class='ocrx_word' id='word_1_31' title='bbox 2162 600 2294 664; x_wconf 79' lang='grc' dir='ltr'>πρὸς</span> <span class='ocrx_word' id='word_1_32' title='bbox 2335 597 2433 666; x_wconf 79' lang='grc' dir='ltr'>τὴν</span> <span class='ocrx_word' id='word_1_33' title='bbox 2460 599 2558 668; x_wconf 85' lang='grc' dir='ltr'>τῆς</span> <span class='ocrx_word' id='word_1_34' title='bbox 2591 595 2754 663; x_wconf 83' lang='grc' dir='ltr'>ἁγίας</span> <span class='ocrx_word' id='word_1_35' title='bbox 2785 591 2927 645; x_wconf 82' lang='grc' dir='ltr'>Σιὼν</span> <span class='ocrx_word' id='word_1_36' title='bbox 2960 592 3117 664; x_wconf 69' lang='grc' dir='ltr'>ἱερὰν</span> <span class='ocrx_word' id='word_1_37' title='bbox 3150 592 3345 661; x_wconf 83' lang='grc' dir='ltr'>μονὴν,</span> <span class='ocrx_word' id='word_1_38' title='bbox 3372 591 3439 660; x_wconf 70' lang='grc' dir='ltr'>ἢν</span> <span class='ocrx_word' id='word_1_39' title='bbox 3478 588 3583 642; x_wconf 77' lang='grc' dir='ltr'><strong>ὑπὸ</strong></span> <span class='ocrx_word' id='word_1_40' title='bbox 3637 589 3734 643; x_wconf 80' lang='grc' dir='ltr'>τοῦ</span> 
     </span>
    </p>
   </div>
   <div class='ocr_carea' id='block_1_6' title="bbox 478 678 2059 767">
    <p class='ocr_par' dir='ltr' id='par_1_6' title="bbox 478 694 2059 767">
     <span class='ocr_line' id='line_1_6' title="bbox 478 694 2059 767; baseline -0.004 -15"><span class='ocrx_word' id='word_1_41' title='bbox 478 698 534 752; x_wconf 89' lang='lat' dir='ltr'><strong>in</strong></span> <span class='ocrx_word' id='word_1_42' title='bbox 582 697 702 767; x_wconf 91' lang='lat' dir='ltr'><strong>ipso</strong></span> <span class='ocrx_word' id='word_1_43' title='bbox 744 706 901 752; x_wconf 86' lang='lat' dir='ltr'><strong>erant</strong></span> <span class='ocrx_word' id='word_1_44' title='bbox 954 697 1188 767; x_wconf 73' lang='lat' dir='ltr'><strong>replevit</strong></span> <span class='ocrx_word' id='word_1_45' title='bbox 1240 696 1539 765; x_wconf 87' lang='lat' dir='ltr'><strong>voluptate.</strong></span> <span class='ocrx_word' id='word_1_46' title='bbox 1588 711 1794 766; x_wconf 88' lang='lat' dir='ltr'><strong>eosque</strong></span> <span class='ocrx_word' id='word_1_47' title='bbox 1844 694 2059 764; x_wconf 77' lang='lat' dir='ltr'><strong>excepit</strong></span> 
     </span>
    </p>
   </div>
   <div class='ocr_carea' id='block_1_7' title="bbox 2162 678 3735 767">
    <p class='ocr_par' dir='ltr' id='par_1_7' title="bbox 2162 678 3735 757">
     <span class='ocr_line' id='line_1_7' title="bbox 2162 678 3735 757; baseline -0.006 -17"><span class='ocrx_word' id='word_1_48' title='bbox 2162 687 2308 742; x_wconf 86' lang='grc' dir='ltr'>θείου</span> <span class='ocrx_word' id='word_1_49' title='bbox 2333 685 2501 743; x_wconf 73' lang='grc' dir='ltr'>αὐτοῦ</span> <span class='ocrx_word' id='word_1_50' title='bbox 2547 686 2648 757; x_wconf 73' lang='grc' dir='ltr'>ἠδη</span> <span class='ocrx_word' id='word_1_51' title='bbox 2708 682 3009 752; x_wconf 67' lang='grc' dir='ltr'>παγκάλως</span> <span class='ocrx_word' id='word_1_52' title='bbox 3058 679 3451 753; x_wconf 77' lang='grc' dir='ltr'><strong>ᾠκοδομῆσθαι</strong></span> <span class='ocrx_word' id='word_1_53' title='bbox 3502 678 3536 731; x_wconf 87' lang='grc' dir='ltr'><strong>ό</strong></span> <span class='ocrx_word' id='word_1_54' title='bbox 3574 678 3735 745; x_wconf 85' lang='grc' dir='ltr'>λόγος</span> 
     </span>
    </p>
   </div>
   <div class='ocr_carea' id='block_1_8' title="bbox 470 769 2059 857">
    <p class='ocr_par' dir='ltr' id='par_1_8' title="bbox 470 785 2059 857">
     <span class='ocr_line' id='line_1_8' title="bbox 470 785 2059 857; baseline -0.001 -17"><span class='ocrx_word' id='word_1_55' title='bbox 470 785 690 840; x_wconf 79' lang='lat' dir='ltr'><strong>liberali</strong></span> <span class='ocrx_word' id='word_1_56' title='bbox 736 795 794 841; x_wconf 88' lang='lat' dir='ltr'><strong>et</strong></span> <span class='ocrx_word' id='word_1_57' title='bbox 838 788 1097 840; x_wconf 87' lang='lat' dir='ltr'><strong>munilica</strong></span> <span class='ocrx_word' id='word_1_58' title='bbox 1155 788 1351 857; x_wconf 86' lang='lat' dir='ltr'><strong>gratia.</strong></span> <span class='ocrx_word' id='word_1_59' title='bbox 1398 786 1689 857; x_wconf 74' lang='lat' dir='ltr'><strong>Sapienter</strong></span> <span class='ocrx_word' id='word_1_60' title='bbox 1739 795 1922 840; x_wconf 89' lang='lat' dir='ltr'><strong>autem</strong></span> <span class='ocrx_word' id='word_1_61' title='bbox 1972 799 2059 839; x_wconf 86' lang='lat' dir='ltr'><strong>res</strong></span> 
     </span>
    </p>
   </div>
   <div class='ocr_carea' id='block_1_9' title="bbox 2162 769 3733 857">
    <p class='ocr_par' dir='ltr' id='par_1_9' title="bbox 2162 769 3733 850">
     <span class='ocr_line' id='line_1_9' title="bbox 2162 769 3733 850; baseline -0.007 -17"><span class='ocrx_word' id='word_1_62' title='bbox 2162 781 2450 850; x_wconf 74' lang='grc' dir='ltr'>ἐδήλωσεν,</span> <span class='ocrx_word' id='word_1_63' title='bbox 2478 776 2858 847; x_wconf 68' lang='grc' dir='ltr'>ἀναστρέψας,</span> <span class='ocrx_word' id='word_1_64' title='bbox 2898 773 3174 836; x_wconf 77' lang='grc' dir='ltr'>ἀσπάσιός</span> <span class='ocrx_word' id='word_1_65' title='bbox 3220 789 3280 826; x_wconf 77' lang='grc' dir='ltr'>τι</span> <span class='ocrx_word' id='word_1_66' title='bbox 3316 773 3505 834; x_wconf 79' lang='grc' dir='ltr'>αὐτοῖς</span> <span class='ocrx_word' id='word_1_67' title='bbox 3549 769 3733 843; x_wconf 73' lang='grc' dir='ltr'>ὤφθη,</span> 
     </span>
    </p>
   </div>
   <div class='ocr_carea' id='block_1_10' title="bbox 475 864 2059 947">
    <p class='ocr_par' dir='ltr' id='par_1_10' title="bbox 475 876 2058 947">
     <span class='ocr_line' id='line_1_10' title="bbox 475 876 2058 947; baseline 0 -19"><span class='ocrx_word' id='word_1_68' title='bbox 475 876 597 947; x_wconf 84' lang='lat' dir='ltr'><strong>ejus</strong></span> <span class='ocrx_word' id='word_1_69' title='bbox 624 890 862 945; x_wconf 87' lang='lat' dir='ltr'><strong>superna</strong></span> <span class='ocrx_word' id='word_1_70' title='bbox 902 876 1255 945; x_wconf 85' lang='lat' dir='ltr'><strong>dispensabat</strong></span> <span class='ocrx_word' id='word_1_71' title='bbox 1301 876 1674 940; x_wconf 66' lang='lat' dir='ltr'><strong>Providentia,</strong></span> <span class='ocrx_word' id='word_1_72' title='bbox 1714 886 1770 929; x_wconf 92' lang='lat' dir='ltr'><strong>et</strong></span> <span class='ocrx_word' id='word_1_73' title='bbox 1808 889 2058 945; x_wconf 87' lang='lat' dir='ltr'><strong>magnam</strong></span> 
     </span>
    </p>
   </div>
   <div class='ocr_carea' id='block_1_11' title="bbox 2162 864 3732 947">
    <p class='ocr_par' dir='ltr' id='par_1_11' title="bbox 2162 864 3732 939">
     <span class='ocr_line' id='line_1_11' title="bbox 2162 864 3732 939; baseline -0.004 -16"><span class='ocrx_word' id='word_1_74' title='bbox 2162 872 2257 924; x_wconf 72' lang='grc' dir='ltr'>καὶ</span> <span class='ocrx_word' id='word_1_75' title='bbox 2285 870 2477 939; x_wconf 76' lang='grc' dir='ltr'>ήδονῆς</span> <span class='ocrx_word' id='word_1_76' title='bbox 2528 870 2648 933; x_wconf 78' lang='grc' dir='ltr'>οἵας</span> <span class='ocrx_word' id='word_1_77' title='bbox 2699 866 2826 930; x_wconf 80' lang='grc' dir='ltr'>τοὺς</span> <span class='ocrx_word' id='word_1_78' title='bbox 2882 867 2941 919; x_wconf 75' lang='grc' dir='ltr'><strong>ἐν</strong></span> <span class='ocrx_word' id='word_1_79' title='bbox 2991 866 3131 935; x_wconf 71' lang='grc' dir='ltr'>αὐτῇ</span> <span class='ocrx_word' id='word_1_80' title='bbox 3193 865 3406 927; x_wconf 74' lang='grc' dir='ltr'>πάντας</span> <span class='ocrx_word' id='word_1_81' title='bbox 3460 864 3732 932; x_wconf 76' lang='grc' dir='ltr'>ἐπλήρου.</span> 
     </span>
    </p>
   </div>
   <div class='ocr_carea' id='block_1_12' title="bbox 476 949 2059 1039">
    <p class='ocr_par' dir='ltr' id='par_1_12' title="bbox 476 967 2056 1039">
     <span class='ocr_line' id='line_1_12' title="bbox 476 967 2056 1039; baseline -0.001 -17"><span class='ocrx_word' id='word_1_82' title='bbox 476 967 620 1023; x_wconf 79' lang='lat' dir='ltr'><strong>hanc</strong></span> <span class='ocrx_word' id='word_1_83' title='bbox 662 967 840 1023; x_wconf 87' lang='lat' dir='ltr'><strong>lucem</strong></span> <span class='ocrx_word' id='word_1_84' title='bbox 874 979 996 1024; x_wconf 89' lang='lat' dir='ltr'><strong>erat</strong></span> <span class='ocrx_word' id='word_1_85' title='bbox 1029 983 1225 1039; x_wconf 83' lang='lat' dir='ltr'><strong>magno</strong></span> <span class='ocrx_word' id='word_1_86' title='bbox 1265 968 1591 1038; x_wconf 76' lang='lat' dir='ltr'><strong>impositura</strong></span> <span class='ocrx_word' id='word_1_87' title='bbox 1620 967 1970 1030; x_wconf 86' lang='lat' dir='ltr'><strong>candelabro,</strong></span> <span class='ocrx_word' id='word_1_88' title='bbox 2002 975 2056 1021; x_wconf 83' lang='lat' dir='ltr'><strong>et</strong></span> 
     </span>
    </p>
   </div>
   <div class='ocr_carea' id='block_1_13' title="bbox 2162 949 3734 1039">
    <p class='ocr_par' dir='ltr' id='par_1_13' title="bbox 2162 949 3734 1026">
     <span class='ocr_line' id='line_1_13' title="bbox 2162 949 3734 1026; baseline -0.009 -12"><span class='ocrx_word' id='word_1_89' title='bbox 2162 957 2270 1014; x_wconf 53' lang='lat'><strong>016&#39;</strong></span> <span class='ocrx_word' id='word_1_90' title='bbox 2315 961 2398 1012; x_wconf 82' lang='grc' dir='ltr'>ὅτι</span> <span class='ocrx_word' id='word_1_91' title='bbox 2447 958 2610 1021; x_wconf 87' lang='grc' dir='ltr'>πόθος</span> <span class='ocrx_word' id='word_1_92' title='bbox 2656 956 2803 1026; x_wconf 80' lang='grc' dir='ltr'>ὑμᾶς</span> <span class='ocrx_word' id='word_1_93' title='bbox 2862 956 3084 1024; x_wconf 79' lang='grc' dir='ltr'><strong>κατέχει</strong></span> <span class='ocrx_word' id='word_1_94' title='bbox 3126 951 3351 1022; x_wconf 76' lang='grc' dir='ltr'>θερμὸς,</span> <span class='ocrx_word' id='word_1_95' title='bbox 3406 953 3502 1005; x_wconf 79' lang='grc' dir='ltr'><strong>καὶ</strong></span> <span class='ocrx_word' id='word_1_96' title='bbox 3541 949 3734 1021; x_wconf 76' lang='grc' dir='ltr'>διψᾶτε</span> 
     </span>
    </p>
   </div>
   <div class='ocr_carea' id='block_1_14' title="bbox 476 1055 2051 1124">
    <p class='ocr_par' dir='ltr' id='par_1_14' title="bbox 476 1055 2051 1124">
     <span class='ocr_line' id='line_1_14' title="bbox 476 1055 2051 1124; baseline -0.003 -12"><span class='ocrx_word' id='word_1_97' title='bbox 476 1057 604 1113; x_wconf 84' lang='lat' dir='ltr'><strong>ideo</strong></span> <span class='ocrx_word' id='word_1_98' title='bbox 629 1072 755 1113; x_wconf 88' lang='lat' dir='ltr'><strong>eum</strong></span> <span class='ocrx_word' id='word_1_99' title='bbox 788 1074 983 1113; x_wconf 85' lang='lat' dir='ltr'><strong>rursus</strong></span> <span class='ocrx_word' id='word_1_100' title='bbox 1011 1058 1236 1113; x_wconf 75' lang='lat' dir='ltr'><strong>deduxit</strong></span> <span class='ocrx_word' id='word_1_101' title='bbox 1257 1056 1325 1112; x_wconf 83' lang='lat' dir='ltr'><strong>ad</strong></span> <span class='ocrx_word' id='word_1_102' title='bbox 1347 1058 1649 1124; x_wconf 88' lang='lat' dir='ltr'><strong>civitatem,</strong></span> <span class='ocrx_word' id='word_1_103' title='bbox 1669 1056 1919 1111; x_wconf 87' lang='lat' dir='ltr'><strong>divinutn</strong></span> <span class='ocrx_word' id='word_1_104' title='bbox 1947 1055 2051 1109; x_wconf 82' lang='lat' dir='ltr'><strong>tt.el</strong></span> 
     </span>
    </p>
   </div>
   <div class='ocr_carea' id='block_1_15' title="bbox 472 1150 1400 1220">
    <p class='ocr_par' dir='ltr' id='par_1_15' title="bbox 472 1150 1400 1220">
     <span class='ocr_line' id='line_1_15' title="bbox 472 1150 1400 1220; baseline 0.004 -18"><span class='ocrx_word' id='word_1_105' title='bbox 472 1150 701 1205; x_wconf 80' lang='lat' dir='ltr'><strong>virtutis</strong></span> <span class='ocrx_word' id='word_1_106' title='bbox 729 1150 1025 1220; x_wconf 83' lang='lat' dir='ltr'><strong>diligenter</strong></span> <span class='ocrx_word' id='word_1_107' title='bbox 1051 1159 1400 1220; x_wconf 87' lang='lat' dir='ltr'><strong>operantem.</strong></span> 
     </span>
    </p>
   </div>
   <div class='ocr_carea' id='block_1_16' title="bbox 2166 1040 3735 1123">
    <p class='ocr_par' dir='ltr' id='par_1_16' title="bbox 2166 1040 3735 1123">
     <span class='ocr_line' id='line_1_16' title="bbox 2166 1040 3735 1123; baseline -0.008 -19"><span class='ocrx_word' id='word_1_108' title='bbox 2166 1051 2388 1123; x_wconf 81' lang='grc' dir='ltr'>μαθεῖν,</span> <span class='ocrx_word' id='word_1_109' title='bbox 2423 1050 2539 1113; x_wconf 82' lang='grc' dir='ltr'>πῶς</span> <span class='ocrx_word' id='word_1_110' title='bbox 2568 1067 2628 1103; x_wconf 81' lang='grc' dir='ltr'><strong>τε</strong></span> <span class='ocrx_word' id='word_1_111' title='bbox 2663 1049 2835 1118; x_wconf 70' lang='grc' dir='ltr'>ἐπέϐη</span> <span class='ocrx_word' id='word_1_112' title='bbox 2859 1047 2952 1100; x_wconf 83' lang='grc' dir='ltr'>τοῦ</span> <span class='ocrx_word' id='word_1_113' title='bbox 2984 1046 3202 1114; x_wconf 79' lang='grc' dir='ltr'>θρόνου,</span> <span class='ocrx_word' id='word_1_114' title='bbox 3233 1045 3327 1098; x_wconf 80' lang='grc' dir='ltr'><strong>καὶ</strong></span> <span class='ocrx_word' id='word_1_115' title='bbox 3358 1042 3475 1105; x_wconf 82' lang='grc' dir='ltr'><strong>πῶς</strong></span> <span class='ocrx_word' id='word_1_116' title='bbox 3498 1040 3569 1096; x_wconf 81' lang='grc' dir='ltr'>τὰ</span> <span class='ocrx_word' id='word_1_117' title='bbox 3595 1041 3735 1110; x_wconf 69' lang='grc' dir='ltr'>μετὰ</span> 
     </span>
    </p>
   </div>
   <div class='ocr_carea' id='block_1_17' title="bbox 2159 1132 3734 1214">
    <p class='ocr_par' dir='ltr' id='par_1_17' title="bbox 2159 1132 3734 1214">
     <span class='ocr_line' id='line_1_17' title="bbox 2159 1132 3734 1214; baseline -0.008 -19"><span class='ocrx_word' id='word_1_118' title='bbox 2159 1144 2260 1214; x_wconf 74' lang='grc' dir='ltr'>τὴν</span> <span class='ocrx_word' id='word_1_119' title='bbox 2312 1140 2610 1212; x_wconf 71' lang='grc' dir='ltr'>προεδρίαν</span> <span class='ocrx_word' id='word_1_120' title='bbox 2666 1139 2817 1210; x_wconf 75' lang='grc' dir='ltr'>αὐτῷ</span> <span class='ocrx_word' id='word_1_121' title='bbox 2863 1138 3171 1206; x_wconf 60' lang='grc' dir='ltr'>διζνυσται.</span> <span class='ocrx_word' id='word_1_122' title='bbox 3226 1136 3415 1188; x_wconf 75' lang='grc' dir='ltr'>Ταῦτα</span> <span class='ocrx_word' id='word_1_123' title='bbox 3466 1132 3598 1200; x_wconf 75' lang='grc' dir='ltr'>γοῦν</span> <span class='ocrx_word' id='word_1_124' title='bbox 3640 1132 3734 1185; x_wconf 76' lang='grc' dir='ltr'><strong>καὶ</strong></span> 
     </span>
    </p>
   </div>
   <div class='ocr_carea' id='block_1_18' title="bbox 475 1223 3735 1309">
    <p class='ocr_par' dir='ltr' id='par_1_18' title="bbox 475 1223 3735 1309">
     <span class='ocr_line' id='line_1_18' title="bbox 475 1223 3735 1309; baseline -0.005 -17"><span class='ocrx_word' id='word_1_125' title='bbox 475 1240 736 1309; x_wconf 65' lang='grc' dir='ltr'>δηλώσων</span> <span class='ocrx_word' id='word_1_126' title='bbox 764 1242 792 1292; x_wconf 84' lang='grc' dir='ltr'><strong>ὁ</strong></span> <span class='ocrx_word' id='word_1_127' title='bbox 825 1240 983 1307; x_wconf 87' lang='grc' dir='ltr'>λόγος</span> <span class='ocrx_word' id='word_1_128' title='bbox 1022 1240 1265 1309; x_wconf 77' lang='grc' dir='ltr'>ἔρχεται.</span> <span class='ocrx_word' id='word_1_129' title='bbox 1311 1240 1465 1292; x_wconf 76' lang='grc' dir='ltr'>Ἐπεὶ</span> <span class='ocrx_word' id='word_1_130' title='bbox 1492 1237 1601 1308; x_wconf 74' lang='grc' dir='ltr'><strong>γὰρ</strong></span> <span class='ocrx_word' id='word_1_131' title='bbox 1638 1236 1816 1305; x_wconf 68' lang='grc' dir='ltr'>σοφῶς</span> <span class='ocrx_word' id='word_1_132' title='bbox 1845 1235 2055 1288; x_wconf 77' lang='grc' dir='ltr'>ἄνωθεν</span> <span class='ocrx_word' id='word_1_133' title='bbox 2096 1236 2130 1305; x_wconf 83' lang='grc' dir='ltr'><strong>ή</strong></span> <span class='ocrx_word' id='word_1_134' title='bbox 2191 1234 2425 1304; x_wconf 81' lang='grc' dir='ltr'>Πρόνοια</span> <span class='ocrx_word' id='word_1_135' title='bbox 2454 1233 2522 1285; x_wconf 84' lang='grc' dir='ltr'>τὰ</span> <span class='ocrx_word' id='word_1_136' title='bbox 2586 1229 2708 1285; x_wconf 83' lang='grc' dir='ltr'>κατ’</span> <span class='ocrx_word' id='word_1_137' title='bbox 2739 1231 2901 1285; x_wconf 77' lang='grc' dir='ltr'>αὑτὸν</span> <span class='ocrx_word' id='word_1_138' title='bbox 2927 1229 3169 1294; x_wconf 75' lang='grc' dir='ltr'><strong>διετίθει,</strong></span> <span class='ocrx_word' id='word_1_139' title='bbox 3199 1228 3295 1281; x_wconf 66' lang='grc' dir='ltr'><strong>καλ⁵</strong></span> <span class='ocrx_word' id='word_1_140' title='bbox 3314 1226 3375 1279; x_wconf 83' lang='grc' dir='ltr'>τὸ</span> <span class='ocrx_word' id='word_1_141' title='bbox 3403 1226 3546 1296; x_wconf 75' lang='grc' dir='ltr'>μέγα</span> <span class='ocrx_word' id='word_1_142' title='bbox 3575 1223 3735 1277; x_wconf 77' lang='grc' dir='ltr'>τοῦτο</span> 
     </span>
    </p>
   </div>
   <div class='ocr_carea' id='block_1_19' title="bbox 478 1318 3735 1406">
    <p class='ocr_par' dir='ltr' id='par_1_19' title="bbox 478 1318 3735 1406">
     <span class='ocr_line' id='line_1_19' title="bbox 478 1318 3735 1406; baseline -0.006 -16"><span class='ocrx_word' id='word_1_143' title='bbox 478 1338 594 1406; x_wconf 80' lang='grc' dir='ltr'>φῶς</span> <span class='ocrx_word' id='word_1_144' title='bbox 628 1338 721 1390; x_wconf 72' lang='grc' dir='ltr'>ἐπὶ</span> <span class='ocrx_word' id='word_1_145' title='bbox 746 1336 992 1405; x_wconf 82' lang='grc' dir='ltr'><strong>μεγάλην</strong></span> <span class='ocrx_word' id='word_1_146' title='bbox 1025 1335 1218 1404; x_wconf 78' lang='grc' dir='ltr'>ἔμελλε</span> <span class='ocrx_word' id='word_1_147' title='bbox 1245 1333 1508 1405; x_wconf 84' lang='grc' dir='ltr'><strong>θήσεσθαι</strong></span> <span class='ocrx_word' id='word_1_148' title='bbox 1538 1332 1905 1403; x_wconf 28' lang='grc' dir='ltr'>τὴνυλυχνίαν,</span> <span class='ocrx_word' id='word_1_149' title='bbox 1978 1330 2141 1383; x_wconf 78' lang='grc' dir='ltr'>πάλιν</span> <span class='ocrx_word' id='word_1_150' title='bbox 2208 1331 2370 1383; x_wconf 69' lang='grc' dir='ltr'>αὑτὸν</span> <span class='ocrx_word' id='word_1_151' title='bbox 2433 1329 2528 1381; x_wconf 69' lang='grc' dir='ltr'>ἐπὶ</span> <span class='ocrx_word' id='word_1_152' title='bbox 2560 1326 2658 1397; x_wconf 79' lang='grc' dir='ltr'>τὴν</span> <span class='ocrx_word' id='word_1_153' title='bbox 2723 1326 2880 1380; x_wconf 86' lang='grc' dir='ltr'>πόλιν</span> <span class='ocrx_word' id='word_1_154' title='bbox 2910 1327 3138 1395; x_wconf 75' lang='grc' dir='ltr'>κατῆγε,</span> <span class='ocrx_word' id='word_1_155' title='bbox 3170 1322 3473 1392; x_wconf 71' lang='grc' dir='ltr'>φιλοπόνως</span> <span class='ocrx_word' id='word_1_156' title='bbox 3503 1320 3566 1372; x_wconf 83' lang='grc' dir='ltr'>τδ</span> <span class='ocrx_word' id='word_1_157' title='bbox 3590 1318 3735 1372; x_wconf 70' lang='grc' dir='ltr'>θεῖον</span> 
     </span>
    </p>
   </div>
   <div class='ocr_carea' id='block_1_20' title="bbox 484 1430 1400 1502">
    <p class='ocr_par' dir='ltr' id='par_1_20' title="bbox 484 1430 1400 1502">
     <span class='ocr_line' id='line_1_20' title="bbox 484 1430 1400 1502; baseline -0.002 -17"><span class='ocrx_word' id='word_1_158' title='bbox 484 1433 612 1501; x_wconf 82' lang='grc' dir='ltr'>μέλι</span> <span class='ocrx_word' id='word_1_159' title='bbox 643 1432 739 1501; x_wconf 79' lang='grc' dir='ltr'>τῆς</span> <span class='ocrx_word' id='word_1_160' title='bbox 769 1430 975 1502; x_wconf 74' lang='grc' dir='ltr'>ἀρετῆς</span> <span class='ocrx_word' id='word_1_161' title='bbox 1007 1430 1400 1501; x_wconf 79' lang='grc' dir='ltr'>ἐργαζόμενον.</span> 
     </span>
    </p>
   </div>
   <div class='ocr_carea' id='block_1_21' title="bbox 550 1506 2059 1595">
    <p class='ocr_par' dir='ltr' id='par_1_21' title="bbox 550 1522 2059 1595">
     <span class='ocr_line' id='line_1_21' title="bbox 550 1522 2059 1595; baseline -0.003 -16"><span class='ocrx_word' id='word_1_162' title='bbox 550 1525 641 1580; x_wconf 80' lang='lat' dir='ltr'><strong>XI.</strong></span> <span class='ocrx_word' id='word_1_163' title='bbox 690 1526 828 1580; x_wconf 89' lang='lat' dir='ltr'><strong>Cum</strong></span> <span class='ocrx_word' id='word_1_164' title='bbox 880 1524 960 1579; x_wconf 88' lang='lat' dir='ltr'><strong>sic</strong></span> <span class='ocrx_word' id='word_1_165' title='bbox 1007 1535 1189 1579; x_wconf 90' lang='lat' dir='ltr'><strong>autem</strong></span> <span class='ocrx_word' id='word_1_166' title='bbox 1238 1524 1403 1577; x_wconf 90' lang='lat' dir='ltr'><strong>vitam</strong></span> <span class='ocrx_word' id='word_1_167' title='bbox 1454 1532 1643 1595; x_wconf 78' lang='lat' dir='ltr'><strong>ageret</strong></span> <span class='ocrx_word' id='word_1_168' title='bbox 1690 1531 1748 1578; x_wconf 92' lang='lat' dir='ltr'><strong>ut</strong></span> <span class='ocrx_word' id='word_1_169' title='bbox 1790 1522 2059 1577; x_wconf 84' lang='lat' dir='ltr'><strong>humanos</strong></span> 
     </span>
    </p>
   </div>
   <div class='ocr_carea' id='block_1_22' title="bbox 2162 1506 3737 1595">
    <p class='ocr_par' dir='ltr' id='par_1_22' title="bbox 2236 1506 3737 1585">
     <span class='ocr_line' id='line_1_22' title="bbox 2236 1506 3737 1585; baseline -0.008 -13"><span class='ocrx_word' id='word_1_170' title='bbox 2236 1514 2338 1573; x_wconf 67' lang='grc' dir='ltr'>ω’.</span> <span class='ocrx_word' id='word_1_171' title='bbox 2392 1515 2548 1569; x_wconf 73' lang='grc' dir='ltr'>Οὕτω</span> <span class='ocrx_word' id='word_1_172' title='bbox 2599 1513 2656 1568; x_wconf 69' lang='grc' dir='ltr'><strong>δὲ</strong></span> <span class='ocrx_word' id='word_1_173' title='bbox 2709 1512 2908 1585; x_wconf 78' lang='grc' dir='ltr'>μετιὼν</span> <span class='ocrx_word' id='word_1_174' title='bbox 2956 1511 3100 1566; x_wconf 71' lang='grc' dir='ltr'>ὥστε</span> <span class='ocrx_word' id='word_1_175' title='bbox 3147 1511 3366 1565; x_wconf 83' lang='grc' dir='ltr'>πάντων</span> <span class='ocrx_word' id='word_1_176' title='bbox 3420 1506 3737 1577; x_wconf 62' lang='grc' dir='ltr'>διαᾳεόγειν</span> 
     </span>
    </p>
   </div>
   <div class='ocr_carea' id='block_1_23' title="bbox 480 1614 2057 1684">
    <p class='ocr_par' dir='ltr' id='par_1_23' title="bbox 480 1614 2057 1684">
     <span class='ocr_line' id='line_1_23' title="bbox 480 1614 2057 1684; baseline -0.003 -14"><span class='ocrx_word' id='word_1_177' title='bbox 480 1630 675 1670; x_wconf 90' lang='lat' dir='ltr'><strong>omnes</strong></span> <span class='ocrx_word' id='word_1_178' title='bbox 708 1615 905 1668; x_wconf 86' lang='lat' dir='ltr'><strong>lateret</strong></span> <span class='ocrx_word' id='word_1_179' title='bbox 928 1614 1142 1679; x_wconf 89' lang='lat' dir='ltr'><strong>oculos,</strong></span> <span class='ocrx_word' id='word_1_180' title='bbox 1174 1630 1232 1669; x_wconf 91' lang='lat' dir='ltr'><strong>se</strong></span> <span class='ocrx_word' id='word_1_181' title='bbox 1266 1615 1437 1684; x_wconf 81' lang='lat' dir='ltr'><strong>magis</strong></span> <span class='ocrx_word' id='word_1_182' title='bbox 1464 1614 1749 1684; x_wconf 87' lang='lat' dir='ltr'><strong>aperiebat</strong></span> <span class='ocrx_word' id='word_1_183' title='bbox 1779 1624 1836 1669; x_wconf 91' lang='lat' dir='ltr'><strong>et</strong></span> <span class='ocrx_word' id='word_1_184' title='bbox 1874 1622 2057 1667; x_wconf 65' lang='lat' dir='ltr'><strong>osten»</strong></span> 
     </span>
    </p>
   </div>
   <div class='ocr_carea' id='block_1_24' title="bbox 478 1703 2057 1760">
    <p class='ocr_par' dir='ltr' id='par_1_24' title="bbox 478 1703 2057 1760">
     <span class='ocr_line' id='line_1_24' title="bbox 478 1703 2057 1760; baseline -0.002 -1"><span class='ocrx_word' id='word_1_185' title='bbox 478 1706 646 1760; x_wconf 84' lang='lat' dir='ltr'><strong>debat</strong></span> <span class='ocrx_word' id='word_1_186' title='bbox 681 1719 803 1759; x_wconf 89' lang='lat' dir='ltr'><strong>esse</strong></span> <span class='ocrx_word' id='word_1_187' title='bbox 839 1704 1062 1759; x_wconf 83' lang='lat' dir='ltr'><strong>maximi</strong></span> <span class='ocrx_word' id='word_1_188' title='bbox 1111 1703 1447 1758; x_wconf 82' lang='lat' dir='ltr'><strong>faciendum.</strong></span> <span class='ocrx_word' id='word_1_189' title='bbox 1488 1705 1609 1759; x_wconf 86' lang='lat' dir='ltr'><strong>Non</strong></span> <span class='ocrx_word' id='word_1_190' title='bbox 1652 1705 1800 1759; x_wconf 91' lang='lat' dir='ltr'><strong>enim</strong></span> <span class='ocrx_word' id='word_1_191' title='bbox 1844 1703 2057 1759; x_wconf 82' lang='lat' dir='ltr'><strong>celabat</strong></span> 
     </span>
    </p>
   </div>
   <div class='ocr_carea' id='block_1_25' title="bbox 477 1795 2057 1865">
    <p class='ocr_par' dir='ltr' id='par_1_25' title="bbox 477 1795 2057 1865">
     <span class='ocr_line' id='line_1_25' title="bbox 477 1795 2057 1865; baseline -0.002 -16"><span class='ocrx_word' id='word_1_192' title='bbox 477 1799 657 1850; x_wconf 84' lang='lat' dir='ltr'><strong>virtus</strong></span> <span class='ocrx_word' id='word_1_193' title='bbox 693 1797 1003 1865; x_wconf 80' lang='lat' dir='ltr'><strong>operarium</strong></span> <span class='ocrx_word' id='word_1_194' title='bbox 1047 1812 1060 1847; x_wconf 89' lang='lat'><strong>:</strong></span> <span class='ocrx_word' id='word_1_195' title='bbox 1092 1812 1199 1849; x_wconf 83' lang='lat' dir='ltr'><strong>nun</strong></span> <span class='ocrx_word' id='word_1_196' title='bbox 1239 1796 1410 1865; x_wconf 85' lang='lat' dir='ltr'><strong>magis</strong></span> <span class='ocrx_word' id='word_1_197' title='bbox 1437 1811 1601 1864; x_wconf 86' lang='lat' dir='ltr'><strong>quam</strong></span> <span class='ocrx_word' id='word_1_198' title='bbox 1638 1796 1684 1849; x_wconf 88' lang='lat' dir='ltr'><strong>si</strong></span> <span class='ocrx_word' id='word_1_199' title='bbox 1714 1797 1805 1849; x_wconf 80' lang='lat' dir='ltr'><strong>lux</strong></span> <span class='ocrx_word' id='word_1_200' title='bbox 1836 1810 1932 1850; x_wconf 90' lang='lat' dir='ltr'><strong>eos</strong></span> <span class='ocrx_word' id='word_1_201' title='bbox 1961 1795 2057 1863; x_wconf 90' lang='lat' dir='ltr'><strong>qui</strong></span> 
     </span>
    </p>
   </div>
   <div class='ocr_carea' id='block_1_26' title="bbox 479 1886 2057 1960">
    <p class='ocr_par' dir='ltr' id='par_1_26' title="bbox 479 1886 2057 1960">
     <span class='ocr_line' id='line_1_26' title="bbox 479 1886 2057 1960; baseline -0.003 -17"><span class='ocrx_word' id='word_1_202' title='bbox 479 1905 580 1960; x_wconf 86' lang='lat' dir='ltr'><strong>per</strong></span> <span class='ocrx_word' id='word_1_203' title='bbox 620 1889 773 1942; x_wconf 85' lang='lat' dir='ltr'><strong>illum</strong></span> <span class='ocrx_word' id='word_1_204' title='bbox 816 1887 1121 1943; x_wconf 84' lang='lat' dir='ltr'><strong>ambulant.</strong></span> <span class='ocrx_word' id='word_1_205' title='bbox 1170 1888 1313 1953; x_wconf 76' lang='lat' dir='ltr'><strong>Quin</strong></span> <span class='ocrx_word' id='word_1_206' title='bbox 1359 1889 1526 1943; x_wconf 83' lang='lat' dir='ltr'><strong>etiam</strong></span> <span class='ocrx_word' id='word_1_207' title='bbox 1575 1886 1787 1942; x_wconf 83' lang='lat' dir='ltr'><strong>fructus</strong></span> <span class='ocrx_word' id='word_1_208' title='bbox 1808 1886 2057 1941; x_wconf 83' lang='lat' dir='ltr'><strong>laborum</strong></span> 
     </span>
    </p>
   </div>
   <div class='ocr_carea' id='block_1_27' title="bbox 479 1976 2059 2047">
    <p class='ocr_par' dir='ltr' id='par_1_27' title="bbox 479 1976 2059 2047">
     <span class='ocr_line' id='line_1_27' title="bbox 479 1976 2059 2047; baseline -0.001 -16"><span class='ocrx_word' id='word_1_209' title='bbox 479 1979 628 2032; x_wconf 83' lang='lat' dir='ltr'><strong>illius</strong></span> <span class='ocrx_word' id='word_1_210' title='bbox 664 1979 783 2031; x_wconf 85' lang='lat' dir='ltr'><strong>cito</strong></span> <span class='ocrx_word' id='word_1_211' title='bbox 826 1977 1085 2031; x_wconf 85' lang='lat' dir='ltr'><strong>arborem</strong></span> <span class='ocrx_word' id='word_1_212' title='bbox 1137 1976 1441 2031; x_wconf 85' lang='lat' dir='ltr'><strong>iudicabat.</strong></span> <span class='ocrx_word' id='word_1_213' title='bbox 1491 1976 1600 2031; x_wconf 86' lang='lat' dir='ltr'><strong>Sed</strong></span> <span class='ocrx_word' id='word_1_214' title='bbox 1646 1977 1791 2030; x_wconf 90' lang='lat' dir='ltr'><strong>Deus</strong></span> <span class='ocrx_word' id='word_1_215' title='bbox 1836 1988 2059 2047; x_wconf 87' lang='lat' dir='ltr'><strong>quoque</strong></span> 
     </span>
    </p>
   </div>
   <div class='ocr_carea' id='block_1_28' title="bbox 477 2067 2058 2138">
    <p class='ocr_par' dir='ltr' id='par_1_28' title="bbox 477 2067 2058 2138">
     <span class='ocr_line' id='line_1_28' title="bbox 477 2067 2058 2138; baseline -0.001 -17"><span class='ocrx_word' id='word_1_216' title='bbox 477 2069 572 2138; x_wconf 88' lang='lat' dir='ltr'><strong>qui</strong></span> <span class='ocrx_word' id='word_1_217' title='bbox 621 2077 853 2123; x_wconf 84' lang='lat' dir='ltr'><strong>noverat</strong></span> <span class='ocrx_word' id='word_1_218' title='bbox 897 2068 1113 2122; x_wconf 89' lang='lat' dir='ltr'><strong>occulta</strong></span> <span class='ocrx_word' id='word_1_219' title='bbox 1161 2068 1344 2121; x_wconf 83' lang='lat' dir='ltr'><strong>cordis</strong></span> <span class='ocrx_word' id='word_1_220' title='bbox 1394 2067 1570 2129; x_wconf 84' lang='lat' dir='ltr'><strong>illius,</strong></span> <span class='ocrx_word' id='word_1_221' title='bbox 1620 2083 1734 2123; x_wconf 90' lang='lat' dir='ltr'><strong>non</strong></span> <span class='ocrx_word' id='word_1_222' title='bbox 1782 2068 2058 2122; x_wconf 86' lang='lat' dir='ltr'><strong>sustinens</strong></span> 
     </span>
    </p>
   </div>
   <div class='ocr_carea' id='block_1_29' title="bbox 476 2159 2062 2230">
    <p class='ocr_par' dir='ltr' id='par_1_29' title="bbox 476 2159 2062 2230">
     <span class='ocr_line' id='line_1_29' title="bbox 476 2159 2062 2230; baseline -0.002 -15"><span class='ocrx_word' id='word_1_223' title='bbox 476 2161 747 2215; x_wconf 86' lang='lat' dir='ltr'><strong>cultorem</strong></span> <span class='ocrx_word' id='word_1_224' title='bbox 782 2176 941 2215; x_wconf 90' lang='lat' dir='ltr'><strong>suum</strong></span> <span class='ocrx_word' id='word_1_225' title='bbox 978 2160 1212 2230; x_wconf 88' lang='lat' dir='ltr'><strong>amplius</strong></span> <span class='ocrx_word' id='word_1_226' title='bbox 1242 2159 1433 2226; x_wconf 81' lang='lat' dir='ltr'><strong>latere,</strong></span> <span class='ocrx_word' id='word_1_227' title='bbox 1465 2163 1641 2215; x_wconf 83' lang='lat' dir='ltr'><strong>virum</strong></span> <span class='ocrx_word' id='word_1_228' title='bbox 1676 2160 1857 2214; x_wconf 85' lang='lat' dir='ltr'><strong>reddit</strong></span> <span class='ocrx_word' id='word_1_229' title='bbox 1885 2161 2062 2214; x_wconf 84' lang='lat' dir='ltr'><strong>matti-</strong></span> 
     </span>
    </p>
   </div>
   <div class='ocr_carea' id='block_1_30' title="bbox 475 2251 2060 2317">
    <p class='ocr_par' dir='ltr' id='par_1_30' title="bbox 475 2251 2060 2317">
     <span class='ocr_line' id='line_1_30' title="bbox 475 2251 2060 2317; baseline 0 -11"><span class='ocrx_word' id='word_1_230' title='bbox 475 2251 701 2307; x_wconf 81' lang='lat' dir='ltr'><strong>festum.</strong></span> <span class='ocrx_word' id='word_1_231' title='bbox 734 2252 1207 2317; x_wconf 86' lang='lat' dir='ltr'><strong>Quemadmodum</strong></span> <span class='ocrx_word' id='word_1_232' title='bbox 1254 2262 1435 2306; x_wconf 87' lang='lat' dir='ltr'><strong>autem</strong></span> <span class='ocrx_word' id='word_1_233' title='bbox 1471 2253 1577 2307; x_wconf 92' lang='lat' dir='ltr'><strong>hoc</strong></span> <span class='ocrx_word' id='word_1_234' title='bbox 1617 2252 1823 2307; x_wconf 82' lang='lat' dir='ltr'><strong>factum</strong></span> <span class='ocrx_word' id='word_1_235' title='bbox 1868 2254 1939 2306; x_wconf 88' lang='lat' dir='ltr'><strong>sit</strong></span> <span class='ocrx_word' id='word_1_236' title='bbox 1978 2265 2060 2306; x_wconf 89' lang='lat' dir='ltr'><strong>at-</strong></span> 
     </span>
    </p>
   </div>
   <div class='ocr_carea' id='block_1_31' title="bbox 478 2343 2058 2414">
    <p class='ocr_par' dir='ltr' id='par_1_31' title="bbox 478 2343 2058 2414">
     <span class='ocr_line' id='line_1_31' title="bbox 478 2343 2058 2414; baseline -0.001 -16"><span class='ocrx_word' id='word_1_237' title='bbox 478 2344 754 2399; x_wconf 87' lang='lat' dir='ltr'><strong>tendenda</strong></span> <span class='ocrx_word' id='word_1_238' title='bbox 776 2353 860 2398; x_wconf 89' lang='lat' dir='ltr'><strong>est</strong></span> <span class='ocrx_word' id='word_1_239' title='bbox 886 2344 1151 2397; x_wconf 86' lang='lat' dir='ltr'><strong>narratio.</strong></span> <span class='ocrx_word' id='word_1_240' title='bbox 1175 2344 1310 2396; x_wconf 77' lang='lat' dir='ltr'><strong>Cum</strong></span> <span class='ocrx_word' id='word_1_241' title='bbox 1337 2343 1431 2396; x_wconf 89' lang='lat' dir='ltr'><strong>illo</strong></span> <span class='ocrx_word' id='word_1_242' title='bbox 1455 2352 1702 2414; x_wconf 90' lang='lat' dir='ltr'><strong>tempore</strong></span> <span class='ocrx_word' id='word_1_243' title='bbox 1727 2344 2058 2414; x_wconf 77' lang='lat' dir='ltr'><strong>Myrensium</strong></span> 
     </span>
    </p>
   </div>
   <div class='ocr_carea' id='block_1_32' title="bbox 477 2434 2059 2504">
    <p class='ocr_par' dir='ltr' id='par_1_32' title="bbox 477 2434 2059 2504">
     <span class='ocr_line' id='line_1_32' title="bbox 477 2434 2059 2504; baseline 0 -15"><span class='ocrx_word' id='word_1_244' title='bbox 477 2445 709 2490; x_wconf 55' lang='lat' dir='ltr'><strong>anttsws</strong></span> <span class='ocrx_word' id='word_1_245' title='bbox 734 2444 789 2489; x_wconf 90' lang='lat' dir='ltr'><strong>et</strong></span> <span class='ocrx_word' id='word_1_246' title='bbox 828 2438 1014 2488; x_wconf 88' lang='lat' dir='ltr'><strong>sedem</strong></span> <span class='ocrx_word' id='word_1_247' title='bbox 1052 2444 1103 2487; x_wconf 79' lang='lat' dir='ltr'><strong>et</strong></span> <span class='ocrx_word' id='word_1_248' title='bbox 1133 2434 1297 2487; x_wconf 78' lang='lat' dir='ltr'><strong>vitam</strong></span> <span class='ocrx_word' id='word_1_249' title='bbox 1324 2434 1485 2488; x_wconf 83' lang='lat' dir='ltr'><strong>simul</strong></span> <span class='ocrx_word' id='word_1_250' title='bbox 1514 2436 1851 2504; x_wconf 87' lang='lat' dir='ltr'><strong>reliquisset,</strong></span> <span class='ocrx_word' id='word_1_251' title='bbox 1872 2444 1926 2490; x_wconf 89' lang='lat' dir='ltr'><strong>et</strong></span> <span class='ocrx_word' id='word_1_252' title='bbox 1956 2435 2059 2489; x_wconf 87' lang='lat' dir='ltr'><strong>iter</strong></span> 
     </span>
    </p>
   </div>
   <div class='ocr_carea' id='block_1_33' title="bbox 476 2526 2061 2596">
    <p class='ocr_par' dir='ltr' id='par_1_33' title="bbox 476 2526 2061 2596">
     <span class='ocr_line' id='line_1_33' title="bbox 476 2526 2061 2596; baseline -0.001 -15"><span class='ocrx_word' id='word_1_253' title='bbox 476 2527 546 2581; x_wconf 76' lang='lat' dir='ltr'><strong>ad</strong></span> <span class='ocrx_word' id='word_1_254' title='bbox 595 2527 766 2581; x_wconf 85' lang='lat' dir='ltr'><strong>Deum</strong></span> <span class='ocrx_word' id='word_1_255' title='bbox 810 2535 958 2582; x_wconf 80' lang='lat' dir='ltr'><strong>esset</strong></span> <span class='ocrx_word' id='word_1_256' title='bbox 989 2526 1284 2596; x_wconf 83' lang='lat' dir='ltr'><strong>ingressus.</strong></span> <span class='ocrx_word' id='word_1_257' title='bbox 1336 2526 1519 2580; x_wconf 88' lang='lat' dir='ltr'><strong>divina</strong></span> <span class='ocrx_word' id='word_1_258' title='bbox 1574 2526 1743 2580; x_wconf 91' lang='lat' dir='ltr'><strong>subiit</strong></span> <span class='ocrx_word' id='word_1_259' title='bbox 1784 2527 2061 2583; x_wconf 60' lang='lat' dir='ltr'><strong>amulatio</strong></span> 
     </span>
    </p>
   </div>
   <div class='ocr_carea' id='block_1_34' title="bbox 478 2615 2062 2685">
    <p class='ocr_par' dir='ltr' id='par_1_34' title="bbox 478 2615 2062 2685">
     <span class='ocr_line' id='line_1_34' title="bbox 478 2615 2062 2685; baseline -0.001 -14"><span class='ocrx_word' id='word_1_260' title='bbox 478 2617 758 2684; x_wconf 69' lang='lat' dir='ltr'><strong>subjectos</strong></span> <span class='ocrx_word' id='word_1_261' title='bbox 800 2620 851 2669; x_wconf 89' lang='lat' dir='ltr'><strong>el</strong></span> <span class='ocrx_word' id='word_1_262' title='bbox 885 2615 1177 2685; x_wconf 88' lang='lat' dir='ltr'><strong>episcopos</strong></span> <span class='ocrx_word' id='word_1_263' title='bbox 1206 2626 1262 2669; x_wconf 91' lang='lat' dir='ltr'><strong>et</strong></span> <span class='ocrx_word' id='word_1_264' title='bbox 1303 2630 1334 2670; x_wconf 92' lang='lat' dir='ltr'><strong>e</strong></span> <span class='ocrx_word' id='word_1_265' title='bbox 1375 2615 1527 2669; x_wconf 89' lang='lat' dir='ltr'><strong>clero</strong></span> <span class='ocrx_word' id='word_1_266' title='bbox 1573 2616 1827 2682; x_wconf 76' lang='lat' dir='ltr'><strong>eximios,</strong></span> <span class='ocrx_word' id='word_1_267' title='bbox 1876 2628 1936 2671; x_wconf 91' lang='lat' dir='ltr'><strong>ut</strong></span> <span class='ocrx_word' id='word_1_268' title='bbox 1975 2615 2062 2670; x_wconf 88' lang='lat' dir='ltr'><strong>vir</strong></span> 
     </span>
    </p>
   </div>
   <div class='ocr_carea' id='block_1_35' title="bbox 475 2707 2060 2779">
    <p class='ocr_par' dir='ltr' id='par_1_35' title="bbox 475 2707 2060 2779">
     <span class='ocr_line' id='line_1_35' title="bbox 475 2707 2060 2779; baseline 0.001 -18"><span class='ocrx_word' id='word_1_269' title='bbox 475 2709 678 2779; x_wconf 84' lang='lat' dir='ltr'><strong>dignus</strong></span> <span class='ocrx_word' id='word_1_270' title='bbox 726 2708 780 2762; x_wconf 93' lang='lat' dir='ltr'><strong>iu</strong></span> <span class='ocrx_word' id='word_1_271' title='bbox 837 2707 969 2762; x_wconf 90' lang='lat' dir='ltr'><strong>sede</strong></span> <span class='ocrx_word' id='word_1_272' title='bbox 1013 2715 1397 2777; x_wconf 85' lang='lat' dir='ltr'><strong>reponeretur,</strong></span> <span class='ocrx_word' id='word_1_273' title='bbox 1447 2716 1505 2761; x_wconf 91' lang='lat' dir='ltr'><strong>et</strong></span> <span class='ocrx_word' id='word_1_274' title='bbox 1550 2722 1675 2762; x_wconf 89' lang='lat' dir='ltr'><strong>cum</strong></span> <span class='ocrx_word' id='word_1_275' title='bbox 1722 2717 1908 2763; x_wconf 79' lang='lat' dir='ltr'><strong>essent</strong></span> <span class='ocrx_word' id='word_1_276' title='bbox 1958 2709 2060 2762; x_wconf 87' lang='lat' dir='ltr'><strong>ali-</strong></span> 
     </span>
    </p>
   </div>
   <div class='ocr_carea' id='block_1_36' title="bbox 478 2796 2063 2868">
    <p class='ocr_par' dir='ltr' id='par_1_36' title="bbox 478 2796 2063 2868">
     <span class='ocr_line' id='line_1_36' title="bbox 478 2796 2063 2868; baseline 0.002 -17"><span class='ocrx_word' id='word_1_277' title='bbox 478 2798 700 2868; x_wconf 82' lang='lat' dir='ltr'><strong>quando</strong></span> <span class='ocrx_word' id='word_1_278' title='bbox 750 2812 944 2851; x_wconf 88' lang='lat' dir='ltr'><strong>omnes</strong></span> <span class='ocrx_word' id='word_1_279' title='bbox 996 2796 1310 2867; x_wconf 77' lang='lat' dir='ltr'><strong>congregati</strong></span> <span class='ocrx_word' id='word_1_280' title='bbox 1366 2796 1421 2849; x_wconf 91' lang='lat' dir='ltr'><strong>in</strong></span> <span class='ocrx_word' id='word_1_281' title='bbox 1476 2797 1733 2864; x_wconf 80' lang='lat' dir='ltr'><strong>ectlesia,</strong></span> <span class='ocrx_word' id='word_1_282' title='bbox 1783 2798 2063 2854; x_wconf 88' lang='lat' dir='ltr'><strong>consuluit</strong></span> 
     </span>
    </p>
   </div>
   <div class='ocr_carea' id='block_1_37' title="bbox 2157 1597 3736 1675">
    <p class='ocr_par' dir='ltr' id='par_1_37' title="bbox 2157 1597 3736 1675">
     <span class='ocr_line' id='line_1_37' title="bbox 2157 1597 3736 1675; baseline -0.008 -13"><span class='ocrx_word' id='word_1_283' title='bbox 2157 1608 2289 1670; x_wconf 73' lang='grc' dir='ltr'>τοὺς</span> <span class='ocrx_word' id='word_1_284' title='bbox 2354 1604 2708 1675; x_wconf 67' lang='grc' dir='ltr'>ὀφθαλμοὺς,</span> <span class='ocrx_word' id='word_1_285' title='bbox 2761 1602 2925 1655; x_wconf 85' lang='grc' dir='ltr'>πλέον</span> <span class='ocrx_word' id='word_1_286' title='bbox 2968 1601 3164 1655; x_wconf 65' lang='grc' dir='ltr'>ἑαυτὸν</span> <span class='ocrx_word' id='word_1_287' title='bbox 3212 1598 3373 1669; x_wconf 71' lang='grc' dir='ltr'>δῆλον</span> <span class='ocrx_word' id='word_1_288' title='bbox 3421 1598 3594 1651; x_wconf 84' lang='grc' dir='ltr'>ἐποίει</span> <span class='ocrx_word' id='word_1_289' title='bbox 3638 1597 3736 1650; x_wconf 75' lang='grc' dir='ltr'><strong>καὶ</strong></span> 
     </span>
    </p>
   </div>
   <div class='ocr_carea' id='block_1_38' title="bbox 2157 1690 3735 1767">
    <p class='ocr_par' dir='ltr' id='par_1_38' title="bbox 2157 1690 3735 1767">
     <span class='ocr_line' id='line_1_38' title="bbox 2157 1690 3735 1767; baseline -0.008 -14"><span class='ocrx_word' id='word_1_290' title='bbox 2157 1700 2252 1753; x_wconf 76' lang='grc' dir='ltr'>τοῦ</span> <span class='ocrx_word' id='word_1_291' title='bbox 2284 1699 2484 1761; x_wconf 76' lang='grc' dir='ltr'>παντὸς</span> <span class='ocrx_word' id='word_1_292' title='bbox 2511 1696 2682 1762; x_wconf 80' lang='grc' dir='ltr'>ἆξον.</span> <span class='ocrx_word' id='word_1_293' title='bbox 2733 1697 2807 1750; x_wconf 80' lang='grc' dir='ltr'><strong>Οὐ</strong></span> <span class='ocrx_word' id='word_1_294' title='bbox 2841 1695 2949 1767; x_wconf 80' lang='grc' dir='ltr'>γὰρ</span> <span class='ocrx_word' id='word_1_295' title='bbox 2988 1694 3229 1764; x_wconf 75' lang='grc' dir='ltr'><strong>ἔκρυπτε</strong></span> <span class='ocrx_word' id='word_1_296' title='bbox 3280 1691 3375 1745; x_wconf 81' lang='grc' dir='ltr'>τὸν</span> <span class='ocrx_word' id='word_1_297' title='bbox 3413 1690 3650 1762; x_wconf 75' lang='grc' dir='ltr'>ἐργάτην</span> <span class='ocrx_word' id='word_1_298' title='bbox 3701 1693 3735 1759; x_wconf 81' lang='grc' dir='ltr'><strong>ή</strong></span> 
     </span>
    </p>
   </div>
   <div class='ocr_carea' id='block_1_39' title="bbox 2157 1782 3736 1858">
    <p class='ocr_par' dir='ltr' id='par_1_39' title="bbox 2157 1782 3736 1858">
     <span class='ocr_line' id='line_1_39' title="bbox 2157 1782 3736 1858; baseline -0.005 -16"><span class='ocrx_word' id='word_1_299' title='bbox 2157 1789 2353 1858; x_wconf 81' lang='grc' dir='ltr'>ἀρετὴ.</span> <span class='ocrx_word' id='word_1_300' title='bbox 2388 1788 2486 1856; x_wconf 74' lang='grc' dir='ltr'><strong>οὐχ</strong></span> <span class='ocrx_word' id='word_1_301' title='bbox 2515 1782 2677 1857; x_wconf 82' lang='grc' dir='ltr'>ἦττον</span> <span class='ocrx_word' id='word_1_302' title='bbox 2704 1786 2737 1857; x_wconf 84' lang='grc' dir='ltr'>ἢ</span> <span class='ocrx_word' id='word_1_303' title='bbox 2771 1786 2832 1838; x_wconf 79' lang='grc' dir='ltr'>τὸ</span> <span class='ocrx_word' id='word_1_304' title='bbox 2862 1785 2974 1855; x_wconf 72' lang='grc' dir='ltr'>φῶς</span> <span class='ocrx_word' id='word_1_305' title='bbox 3011 1786 3137 1846; x_wconf 73' lang='grc' dir='ltr'>τοὺς</span> <span class='ocrx_word' id='word_1_306' title='bbox 3173 1783 3262 1835; x_wconf 79' lang='grc' dir='ltr'><strong>ὑπ’</strong></span> <span class='ocrx_word' id='word_1_307' title='bbox 3291 1783 3485 1852; x_wconf 80' lang='grc' dir='ltr'>ἐκείνῳ</span> <span class='ocrx_word' id='word_1_308' title='bbox 3515 1798 3736 1852; x_wconf 79' lang='grc' dir='ltr'><strong>πορευο⁶</strong></span> 
     </span>
    </p>
   </div>
   <div class='ocr_carea' id='block_1_40' title="bbox 2162 1874 3733 1950">
    <p class='ocr_par' dir='ltr' id='par_1_40' title="bbox 2162 1874 3733 1950">
     <span class='ocr_line' id='line_1_40' title="bbox 2162 1874 3733 1950; baseline -0.003 -18"><span class='ocrx_word' id='word_1_309' title='bbox 2162 1883 2357 1950; x_wconf 82' lang='grc' dir='ltr'>μένους</span> <span class='ocrx_word' id='word_1_310' title='bbox 2390 1895 2405 1911; x_wconf 77' lang='grc' dir='ltr'><strong>ο</strong></span> <span class='ocrx_word' id='word_1_311' title='bbox 2434 1883 2529 1932; x_wconf 83' lang='grc' dir='ltr'><strong>καὶ</strong></span> <span class='ocrx_word' id='word_1_312' title='bbox 2557 1879 2609 1929; x_wconf 90' lang='grc' dir='ltr'>οἱ</span> <span class='ocrx_word' id='word_1_313' title='bbox 2638 1878 2746 1931; x_wconf 84' lang='grc' dir='ltr'><strong>τῶν</strong></span> <span class='ocrx_word' id='word_1_314' title='bbox 2777 1878 2944 1931; x_wconf 77' lang='grc' dir='ltr'>αὑτοῦ</span> <span class='ocrx_word' id='word_1_315' title='bbox 2994 1877 3051 1929; x_wconf 87' lang='grc' dir='ltr'><strong>δέ</strong></span> <span class='ocrx_word' id='word_1_316' title='bbox 3100 1877 3279 1930; x_wconf 87' lang='grc' dir='ltr'>πόνων</span> <span class='ocrx_word' id='word_1_317' title='bbox 3336 1874 3545 1945; x_wconf 80' lang='grc' dir='ltr'>καρποὶ</span> <span class='ocrx_word' id='word_1_318' title='bbox 3595 1874 3733 1944; x_wconf 76' lang='grc' dir='ltr'>ταχὺ</span> 
     </span>
    </p>
   </div>
   <div class='ocr_carea' id='block_1_41' title="bbox 2158 1966 3736 2040">
    <p class='ocr_par' dir='ltr' id='par_1_41' title="bbox 2158 1966 3736 2040">
     <span class='ocr_line' id='line_1_41' title="bbox 2158 1966 3736 2040; baseline -0.003 -18"><span class='ocrx_word' id='word_1_319' title='bbox 2158 1970 2253 2023; x_wconf 83' lang='grc' dir='ltr'>τοῦ</span> <span class='ocrx_word' id='word_1_320' title='bbox 2313 1969 2531 2040; x_wconf 77' lang='grc' dir='ltr'>δένδρου</span> <span class='ocrx_word' id='word_1_321' title='bbox 2590 1968 2652 2021; x_wconf 83' lang='grc' dir='ltr'>τὸ</span> <span class='ocrx_word' id='word_1_322' title='bbox 2716 1969 2935 2037; x_wconf 80' lang='grc' dir='ltr'>εὐγενὲς</span> <span class='ocrx_word' id='word_1_323' title='bbox 2981 1968 3352 2037; x_wconf 82' lang='grc' dir='ltr'>κατεμήνυον.</span> <span class='ocrx_word' id='word_1_324' title='bbox 3430 1966 3593 2019; x_wconf 77' lang='grc' dir='ltr'><strong>Ἀλλὰ</strong></span> <span class='ocrx_word' id='word_1_325' title='bbox 3640 1968 3736 2019; x_wconf 78' lang='grc' dir='ltr'><strong>καὶ</strong></span> 
     </span>
    </p>
   </div>
   <div class='ocr_carea' id='block_1_42' title="bbox 2158 2059 3737 2130">
    <p class='ocr_par' dir='ltr' id='par_1_42' title="bbox 2158 2059 3737 2130">
     <span class='ocr_line' id='line_1_42' title="bbox 2158 2059 3737 2130; baseline -0.001 -16"><span class='ocrx_word' id='word_1_326' title='bbox 2158 2061 2432 2130; x_wconf 56' lang='grc' dir='ltr'>ὀςθαλμοὶ</span> <span class='ocrx_word' id='word_1_327' title='bbox 2462 2059 2599 2113; x_wconf 81' lang='grc' dir='ltr'>Θεοῦ</span> <span class='ocrx_word' id='word_1_328' title='bbox 2626 2061 2736 2114; x_wconf 83' lang='grc' dir='ltr'><strong>τῶν</strong></span> <span class='ocrx_word' id='word_1_329' title='bbox 2765 2060 2989 2128; x_wconf 77' lang='grc' dir='ltr'>ἀφανῶν</span> <span class='ocrx_word' id='word_1_330' title='bbox 3018 2060 3172 2123; x_wconf 79' lang='grc' dir='ltr'>ὄντες</span> <span class='ocrx_word' id='word_1_331' title='bbox 3218 2061 3476 2123; x_wconf 86' lang='grc' dir='ltr'>ἐπόπται,</span> <span class='ocrx_word' id='word_1_332' title='bbox 3531 2059 3737 2130; x_wconf 69' lang='grc' dir='ltr'>ἥκιστα</span> 
     </span>
    </p>
   </div>
   <div class='ocr_carea' id='block_1_43' title="bbox 2160 2151 3735 2224">
    <p class='ocr_par' dir='ltr' id='par_1_43' title="bbox 2160 2151 3735 2224">
     <span class='ocr_line' id='line_1_43' title="bbox 2160 2151 3735 2224; baseline -0.002 -17"><span class='ocrx_word' id='word_1_333' title='bbox 2160 2156 2259 2207; x_wconf 67' lang='grc' dir='ltr'>καὶ</span> <span class='ocrx_word' id='word_1_334' title='bbox 2284 2154 2366 2207; x_wconf 76' lang='grc' dir='ltr'>ἔτι</span> <span class='ocrx_word' id='word_1_335' title='bbox 2405 2154 2694 2208; x_wconf 83' lang='grc' dir='ltr'>λανθάνειν</span> <span class='ocrx_word' id='word_1_336' title='bbox 2728 2154 2893 2206; x_wconf 73' lang='grc' dir='ltr'>αὐτὸν</span> <span class='ocrx_word' id='word_1_337' title='bbox 2926 2154 3225 2224; x_wconf 71' lang='grc' dir='ltr'>ἠνείχοντο.</span> <span class='ocrx_word' id='word_1_338' title='bbox 3270 2152 3493 2221; x_wconf 77' lang='grc' dir='ltr'>’Δμέλει</span> <span class='ocrx_word' id='word_1_339' title='bbox 3521 2156 3613 2205; x_wconf 74' lang='grc' dir='ltr'>καὶ</span> <span class='ocrx_word' id='word_1_340' title='bbox 3637 2151 3735 2220; x_wconf 77' lang='grc' dir='ltr'><strong>δῆ-</strong></span> 
     </span>
    </p>
   </div>
   <div class='ocr_carea' id='block_1_44' title="bbox 2159 2243 3735 2315">
    <p class='ocr_par' dir='ltr' id='par_1_44' title="bbox 2159 2243 3735 2315">
     <span class='ocr_line' id='line_1_44' title="bbox 2159 2243 3735 2315; baseline 0.001 -19"><span class='ocrx_word' id='word_1_341' title='bbox 2159 2243 2249 2307; x_wconf 89' lang='grc' dir='ltr'><strong>λος</strong></span> <span class='ocrx_word' id='word_1_342' title='bbox 2278 2250 2487 2312; x_wconf 82' lang='grc' dir='ltr'>γίνεται</span> <span class='ocrx_word' id='word_1_343' title='bbox 2519 2248 2612 2299; x_wconf 70' lang='grc' dir='ltr'>καὶ</span> <span class='ocrx_word' id='word_1_344' title='bbox 2645 2246 2673 2297; x_wconf 90' lang='grc' dir='ltr'><strong>ό</strong></span> <span class='ocrx_word' id='word_1_345' title='bbox 2714 2246 2905 2315; x_wconf 82' lang='grc' dir='ltr'>Πατὴρ</span> <span class='ocrx_word' id='word_1_346' title='bbox 2941 2248 2969 2297; x_wconf 84' lang='grc' dir='ltr'><strong>ό</strong></span> <span class='ocrx_word' id='word_1_347' title='bbox 3005 2244 3222 2315; x_wconf 78' lang='grc' dir='ltr'>βλέπων</span> <span class='ocrx_word' id='word_1_348' title='bbox 3251 2245 3309 2296; x_wconf 81' lang='grc' dir='ltr'><strong>ἐν</strong></span> <span class='ocrx_word' id='word_1_349' title='bbox 3360 2243 3438 2313; x_wconf 83' lang='grc' dir='ltr'>τῷ</span> <span class='ocrx_word' id='word_1_350' title='bbox 3484 2243 3735 2313; x_wconf 83' lang='grc' dir='ltr'>κρυπτῷ,</span> 
     </span>
    </p>
   </div>
   <div class='ocr_carea' id='block_1_45' title="bbox 2160 2334 3737 2407">
    <p class='ocr_par' dir='ltr' id='par_1_45' title="bbox 2160 2334 3737 2407">
     <span class='ocr_line' id='line_1_45' title="bbox 2160 2334 3737 2407; baseline -0.002 -18"><span class='ocrx_word' id='word_1_351' title='bbox 2160 2334 2444 2396; x_wconf 73' lang='grc' dir='ltr'>ἀποδιδοὺς</span> <span class='ocrx_word' id='word_1_352' title='bbox 2477 2338 2676 2404; x_wconf 83' lang='grc' dir='ltr'>ἐκείνῳ</span> <span class='ocrx_word' id='word_1_353' title='bbox 2727 2340 2869 2389; x_wconf 76' lang='grc' dir='ltr'>κατὰ</span> <span class='ocrx_word' id='word_1_354' title='bbox 2910 2336 2971 2389; x_wconf 77' lang='grc' dir='ltr'><strong>τὸ</strong></span> <span class='ocrx_word' id='word_1_355' title='bbox 3021 2337 3256 2407; x_wconf 72' lang='grc' dir='ltr'>φανερὸν</span> <span class='ocrx_word' id='word_1_356' title='bbox 3303 2336 3600 2399; x_wconf 83' lang='grc' dir='ltr'>δείκνυται,</span> <span class='ocrx_word' id='word_1_357' title='bbox 3645 2337 3737 2387; x_wconf 73' lang='grc' dir='ltr'><strong>καὶ</strong></span> 
     </span>
    </p>
   </div>
   <div class='ocr_carea' id='block_1_46' title="bbox 2164 2422 3735 2497">
    <p class='ocr_par' dir='ltr' id='par_1_46' title="bbox 2164 2422 3735 2497">
     <span class='ocr_line' id='line_1_46' title="bbox 2164 2422 3735 2497; baseline -0.002 -18"><span class='ocrx_word' id='word_1_358' title='bbox 2164 2427 2334 2490; x_wconf 79' lang='grc' dir='ltr'>ὅπως,</span> <span class='ocrx_word' id='word_1_359' title='bbox 2380 2431 2712 2497; x_wconf 76' lang='grc' dir='ltr'>προσεκτέον</span> <span class='ocrx_word' id='word_1_360' title='bbox 2756 2428 2834 2492; x_wconf 86' lang='grc' dir='ltr'>τῷ</span> <span class='ocrx_word' id='word_1_361' title='bbox 2873 2427 3199 2496; x_wconf 76' lang='grc' dir='ltr'>διηγήματι.</span> <span class='ocrx_word' id='word_1_362' title='bbox 3257 2426 3421 2495; x_wconf 80' lang='grc' dir='ltr'>’Δρτι</span> <span class='ocrx_word' id='word_1_363' title='bbox 3470 2424 3565 2478; x_wconf 80' lang='grc' dir='ltr'>τοῦ</span> <span class='ocrx_word' id='word_1_364' title='bbox 3614 2422 3735 2478; x_wconf 84' lang='grc' dir='ltr'>κατ’</span> 
     </span>
    </p>
   </div>
   <div class='ocr_carea' id='block_1_47' title="bbox 2162 2516 3738 2590">
    <p class='ocr_par' dir='ltr' id='par_1_47' title="bbox 2162 2516 3738 2590">
     <span class='ocr_line' id='line_1_47' title="bbox 2162 2516 3738 2590; baseline -0.004 -19"><span class='ocrx_word' id='word_1_365' title='bbox 2162 2518 2342 2571; x_wconf 72' lang='grc' dir='ltr'>ἐκεῖνο</span> <span class='ocrx_word' id='word_1_366' title='bbox 2401 2519 2599 2588; x_wconf 79' lang='grc' dir='ltr'>καιροῦ</span> <span class='ocrx_word' id='word_1_367' title='bbox 2646 2520 2745 2590; x_wconf 79' lang='grc' dir='ltr'>τῆς</span> <span class='ocrx_word' id='word_1_368' title='bbox 2793 2519 3028 2589; x_wconf 81' lang='grc' dir='ltr'>Μυρέων</span> <span class='ocrx_word' id='word_1_369' title='bbox 3088 2518 3359 2589; x_wconf 73' lang='grc' dir='ltr'>προέδρου</span> <span class='ocrx_word' id='word_1_370' title='bbox 3404 2518 3495 2569; x_wconf 72' lang='grc' dir='ltr'>τὸν</span> <span class='ocrx_word' id='word_1_371' title='bbox 3546 2516 3738 2585; x_wconf 81' lang='grc' dir='ltr'>θρόνον</span> 
     </span>
    </p>
   </div>
   <div class='ocr_carea' id='block_1_48' title="bbox 2162 2605 3737 2680">
    <p class='ocr_par' dir='ltr' id='par_1_48' title="bbox 2162 2605 3737 2680">
     <span class='ocr_line' id='line_1_48' title="bbox 2162 2605 3737 2680; baseline -0.003 -17"><span class='ocrx_word' id='word_1_372' title='bbox 2162 2609 2333 2679; x_wconf 69' lang='grc' dir='ltr'>ἄμφω</span> <span class='ocrx_word' id='word_1_373' title='bbox 2359 2611 2453 2662; x_wconf 70' lang='grc' dir='ltr'><strong>καὶ</strong></span> <span class='ocrx_word' id='word_1_374' title='bbox 2479 2612 2572 2661; x_wconf 72' lang='grc' dir='ltr'>τὸν</span> <span class='ocrx_word' id='word_1_375' title='bbox 2607 2608 2723 2680; x_wconf 81' lang='grc' dir='ltr'>βίον</span> <span class='ocrx_word' id='word_1_376' title='bbox 2753 2610 3138 2676; x_wconf 74' lang='grc' dir='ltr'>ἀπολιπόντος,</span> <span class='ocrx_word' id='word_1_377' title='bbox 3170 2607 3331 2678; x_wconf 78' lang='grc' dir='ltr'>ζῆλος</span> <span class='ocrx_word' id='word_1_378' title='bbox 3357 2607 3577 2677; x_wconf 79' lang='grc' dir='ltr'>εἰσῆλθε</span> <span class='ocrx_word' id='word_1_379' title='bbox 3596 2605 3737 2668; x_wconf 81' lang='grc' dir='ltr'>θεῖος</span> 
     </span>
    </p>
   </div>
   <div class='ocr_carea' id='block_1_49' title="bbox 2162 2697 3739 2767">
    <p class='ocr_par' dir='ltr' id='par_1_49' title="bbox 2162 2697 3739 2767">
     <span class='ocr_line' id='line_1_49' title="bbox 2162 2697 3739 2767; baseline -0.003 -13"><span class='ocrx_word' id='word_1_380' title='bbox 2162 2701 2290 2764; x_wconf 82' lang='grc' dir='ltr'>τούς</span> <span class='ocrx_word' id='word_1_381' title='bbox 2320 2718 2377 2753; x_wconf 89' lang='grc' dir='ltr'><strong>τε</strong></span> <span class='ocrx_word' id='word_1_382' title='bbox 2408 2700 2500 2754; x_wconf 80' lang='grc' dir='ltr'><strong>ὑπ’</strong></span> <span class='ocrx_word' id='word_1_383' title='bbox 2537 2701 2699 2754; x_wconf 83' lang='grc' dir='ltr'>αὑτὸν</span> <span class='ocrx_word' id='word_1_384' title='bbox 2731 2703 3065 2765; x_wconf 75' lang='grc' dir='ltr'>ἐπισκόπους</span> <span class='ocrx_word' id='word_1_385' title='bbox 3095 2704 3191 2755; x_wconf 82' lang='grc' dir='ltr'><strong>καὶ</strong></span> <span class='ocrx_word' id='word_1_386' title='bbox 3220 2702 3344 2764; x_wconf 75' lang='grc' dir='ltr'>τοὺς</span> <span class='ocrx_word' id='word_1_387' title='bbox 3375 2701 3608 2767; x_wconf 75' lang='grc' dir='ltr'>λογάδας</span> <span class='ocrx_word' id='word_1_388' title='bbox 3640 2697 3739 2751; x_wconf 71' lang='grc' dir='ltr'>τοῦ</span> 
     </span>
    </p>
   </div>
   <div class='ocr_carea' id='block_1_50' title="bbox 2167 2791 3737 2865">
    <p class='ocr_par' dir='ltr' id='par_1_50' title="bbox 2167 2791 3737 2865">
     <span class='ocr_line' id='line_1_50' title="bbox 2167 2791 3737 2865; baseline 0.001 -22"><span class='ocrx_word' id='word_1_389' title='bbox 2167 2791 2370 2862; x_wconf 86' lang='grc' dir='ltr'>κλήρου</span> <span class='ocrx_word' id='word_1_390' title='bbox 2422 2793 2515 2847; x_wconf 78' lang='grc' dir='ltr'>τὸν</span> <span class='ocrx_word' id='word_1_391' title='bbox 2564 2793 2715 2857; x_wconf 70' lang='grc' dir='ltr'>ἄξιον</span> <span class='ocrx_word' id='word_1_392' title='bbox 2754 2794 3051 2848; x_wconf 76' lang='grc' dir='ltr'>ἀποδοῦναι</span> <span class='ocrx_word' id='word_1_393' title='bbox 3106 2795 3185 2865; x_wconf 82' lang='grc' dir='ltr'><strong>τῷ</strong></span> <span class='ocrx_word' id='word_1_394' title='bbox 3233 2795 3411 2863; x_wconf 83' lang='grc' dir='ltr'>θρόνῳ</span> <span class='ocrx_word' id='word_1_395' title='bbox 3465 2808 3478 2821; x_wconf 90' lang='grc'><strong>·</strong></span> <span class='ocrx_word' id='word_1_396' title='bbox 3532 2794 3626 2845; x_wconf 77' lang='grc' dir='ltr'>καὶ</span> <span class='ocrx_word' id='word_1_397' title='bbox 3667 2791 3737 2859; x_wconf 80' lang='grc' dir='ltr'>δή</span> 
     </span>
    </p>
   </div>
   <div class='ocr_carea' id='block_1_51' title="bbox 477 2872 2059 2960">
    <p class='ocr_par' dir='ltr' id='par_1_51' title="bbox 477 2889 2057 2960">
     <span class='ocr_line' id='line_1_51' title="bbox 477 2889 2057 2960; baseline -0.001 -16"><span class='ocrx_word' id='word_1_398' title='bbox 477 2889 704 2960; x_wconf 87' lang='lat' dir='ltr'><strong>quidam</strong></span> <span class='ocrx_word' id='word_1_399' title='bbox 732 2906 798 2945; x_wconf 81' lang='lat' dir='ltr'><strong>ex</strong></span> <span class='ocrx_word' id='word_1_400' title='bbox 820 2890 925 2956; x_wconf 90' lang='lat' dir='ltr'><strong>cis,</strong></span> <span class='ocrx_word' id='word_1_401' title='bbox 961 2889 1053 2943; x_wconf 87' lang='lat' dir='ltr'><strong>Dei</strong></span> <span class='ocrx_word' id='word_1_402' title='bbox 1081 2899 1136 2945; x_wconf 90' lang='lat' dir='ltr'><strong>et</strong></span> <span class='ocrx_word' id='word_1_403' title='bbox 1170 2890 1453 2958; x_wconf 73' lang='lat' dir='ltr'><strong>sapientia:</strong></span> <span class='ocrx_word' id='word_1_404' title='bbox 1483 2889 1637 2943; x_wconf 77' lang='lat' dir='ltr'><strong>illius</strong></span> <span class='ocrx_word' id='word_1_405' title='bbox 1661 2890 2057 2959; x_wconf 84' lang='lat' dir='ltr'><strong>dispensationi</strong></span> 
     </span>
    </p>
   </div>
   <div class='ocr_carea' id='block_1_52' title="bbox 2162 2872 3736 2960">
    <p class='ocr_par' dir='ltr' id='par_1_52' title="bbox 2163 2885 3736 2958">
     <span class='ocr_line' id='line_1_52' title="bbox 2163 2885 3736 2958; baseline -0.001 -22"><span class='ocrx_word' id='word_1_406' title='bbox 2163 2901 2294 2937; x_wconf 82' lang='grc' dir='ltr'>ποτε</span> <span class='ocrx_word' id='word_1_407' title='bbox 2360 2886 2579 2939; x_wconf 80' lang='grc' dir='ltr'>πάντων</span> <span class='ocrx_word' id='word_1_408' title='bbox 2628 2887 3187 2958; x_wconf 79' lang='grc' dir='ltr'>ἐκκλησιασαμένων,</span> <span class='ocrx_word' id='word_1_409' title='bbox 3250 2885 3609 2938; x_wconf 76' lang='grc' dir='ltr'>συνεϐούλευέ</span> <span class='ocrx_word' id='word_1_410' title='bbox 3653 2900 3736 2944; x_wconf 78' lang='grc' dir='ltr'><strong>τις</strong></span> 
     </span>
    </p>
   </div>
   <div class='ocr_carea' id='block_1_53' title="bbox 479 2981 2060 3051">
    <p class='ocr_par' dir='ltr' id='par_1_53' title="bbox 479 2981 2060 3051">
     <span class='ocr_line' id='line_1_53' title="bbox 479 2981 2060 3051; baseline -0.001 -13"><span class='ocrx_word' id='word_1_411' title='bbox 479 2983 623 3038; x_wconf 87' lang='lat' dir='ltr'><strong>hanc</strong></span> <span class='ocrx_word' id='word_1_412' title='bbox 666 2995 779 3037; x_wconf 89' lang='lat' dir='ltr'><strong>rem</strong></span> <span class='ocrx_word' id='word_1_413' title='bbox 828 2981 1087 3051; x_wconf 85' lang='lat' dir='ltr'><strong>precibus</strong></span> <span class='ocrx_word' id='word_1_414' title='bbox 1130 2982 1499 3035; x_wconf 88' lang='lat' dir='ltr'><strong>committere.</strong></span> <span class='ocrx_word' id='word_1_415' title='bbox 1545 2981 1660 3036; x_wconf 83' lang='lat' dir='ltr'><strong>[loc</strong></span> <span class='ocrx_word' id='word_1_416' title='bbox 1698 2997 1824 3036; x_wconf 92' lang='lat' dir='ltr'><strong>cum</strong></span> <span class='ocrx_word' id='word_1_417' title='bbox 1874 2997 2060 3046; x_wconf 89' lang='lat' dir='ltr'><strong>omne,</strong></span> 
     </span>
    </p>
   </div>
   <div class='ocr_carea' id='block_1_54' title="bbox 479 3073 2059 3146">
    <p class='ocr_par' dir='ltr' id='par_1_54' title="bbox 479 3073 2059 3146">
     <span class='ocr_line' id='line_1_54' title="bbox 479 3073 2059 3146; baseline -0.001 -16"><span class='ocrx_word' id='word_1_418' title='bbox 479 3086 741 3146; x_wconf 83' lang='lat' dir='ltr'><strong>tanquam</strong></span> <span class='ocrx_word' id='word_1_419' title='bbox 786 3073 1169 3144; x_wconf 86' lang='lat' dir='ltr'><strong>unusquisque</strong></span> <span class='ocrx_word' id='word_1_420' title='bbox 1211 3089 1366 3128; x_wconf 87' lang='lat' dir='ltr'><strong>suam</strong></span> <span class='ocrx_word' id='word_1_421' title='bbox 1411 3073 1665 3144; x_wconf 74' lang='lat' dir='ltr'><strong>elegisset</strong></span> <span class='ocrx_word' id='word_1_422' title='bbox 1707 3076 2059 3139; x_wconf 86' lang='lat' dir='ltr'><strong>sententiam,</strong></span> 
     </span>
    </p>
   </div>
   <div class='ocr_carea' id='block_1_55' title="bbox 477 3163 2061 3237">
    <p class='ocr_par' dir='ltr' id='par_1_55' title="bbox 477 3163 2061 3237">
     <span class='ocr_line' id='line_1_55' title="bbox 477 3163 2061 3237; baseline -0.003 -14"><span class='ocrx_word' id='word_1_423' title='bbox 477 3165 626 3223; x_wconf 90' lang='lat' dir='ltr'><strong>Deus</strong></span> <span class='ocrx_word' id='word_1_424' title='bbox 684 3166 779 3237; x_wconf 87' lang='lat' dir='ltr'><strong>qui</strong></span> <span class='ocrx_word' id='word_1_425' title='bbox 834 3163 966 3219; x_wconf 82' lang='lat' dir='ltr'><strong>facit</strong></span> <span class='ocrx_word' id='word_1_426' title='bbox 1028 3165 1370 3220; x_wconf 80' lang='lat' dir='ltr'><strong>voluntatem</strong></span> <span class='ocrx_word' id='word_1_427' title='bbox 1432 3167 1747 3219; x_wconf 89' lang='lat' dir='ltr'><strong>timentium</strong></span> <span class='ocrx_word' id='word_1_428' title='bbox 1804 3179 1952 3230; x_wconf 90' lang='lat' dir='ltr'><strong>eum,</strong></span> <span class='ocrx_word' id='word_1_429' title='bbox 2005 3173 2061 3219; x_wconf 91' lang='lat' dir='ltr'><strong>et</strong></span> 
     </span>
    </p>
   </div>
   <div class='ocr_carea' id='block_1_56' title="bbox 479 3256 2056 3328">
    <p class='ocr_par' dir='ltr' id='par_1_56' title="bbox 479 3256 2056 3328">
     <span class='ocr_line' id='line_1_56' title="bbox 479 3256 2056 3328; baseline -0.003 -14"><span class='ocrx_word' id='word_1_430' title='bbox 479 3259 701 3314; x_wconf 73' lang='lat' dir='ltr'><strong>exaudit</strong></span> <span class='ocrx_word' id='word_1_431' title='bbox 754 3272 943 3328; x_wconf 78' lang='lat' dir='ltr'><strong>preces</strong></span> <span class='ocrx_word' id='word_1_432' title='bbox 995 3256 1238 3322; x_wconf 89' lang='lat' dir='ltr'><strong>illorum,</strong></span> <span class='ocrx_word' id='word_1_433' title='bbox 1288 3256 1380 3310; x_wconf 89' lang='lat' dir='ltr'><strong>ttni</strong></span> <span class='ocrx_word' id='word_1_434' title='bbox 1432 3271 1626 3311; x_wconf 89' lang='lat' dir='ltr'><strong>eorum</strong></span> <span class='ocrx_word' id='word_1_435' title='bbox 1674 3257 1885 3311; x_wconf 83' lang='lat' dir='ltr'><strong>revelat</strong></span> <span class='ocrx_word' id='word_1_436' title='bbox 1930 3271 2056 3311; x_wconf 88' lang='lat' dir='ltr'><strong>eum</strong></span> 
     </span>
    </p>
   </div>
   <div class='ocr_carea' id='block_1_57' title="bbox 479 3347 2064 3418">
    <p class='ocr_par' dir='ltr' id='par_1_57' title="bbox 479 3347 2064 3418">
     <span class='ocr_line' id='line_1_57' title="bbox 479 3347 2064 3418; baseline -0.001 -16"><span class='ocrx_word' id='word_1_437' title='bbox 479 3352 575 3416; x_wconf 80' lang='lat' dir='ltr'><strong>qui</strong></span> <span class='ocrx_word' id='word_1_438' title='bbox 612 3360 732 3404; x_wconf 85' lang='lat' dir='ltr'><strong>erat</strong></span> <span class='ocrx_word' id='word_1_439' title='bbox 765 3348 1103 3418; x_wconf 63' lang='lat' dir='ltr'><strong>prmiuturus</strong></span> <span class='ocrx_word' id='word_1_440' title='bbox 1133 3347 1403 3412; x_wconf 72' lang='lat' dir='ltr'><strong>ecclesiae,</strong></span> <span class='ocrx_word' id='word_1_441' title='bbox 1429 3357 1487 3402; x_wconf 89' lang='lat' dir='ltr'><strong>et</strong></span> <span class='ocrx_word' id='word_1_442' title='bbox 1514 3347 1581 3401; x_wconf 91' lang='lat' dir='ltr'><strong>ad</strong></span> <span class='ocrx_word' id='word_1_443' title='bbox 1608 3362 1736 3401; x_wconf 89' lang='lat' dir='ltr'><strong>eum</strong></span> <span class='ocrx_word' id='word_1_444' title='bbox 1768 3347 2064 3417; x_wconf 87' lang='lat' dir='ltr'><strong>aliquando</strong></span> 
     </span>
    </p>
   </div>
   <div class='ocr_carea' id='block_1_58' title="bbox 480 3436 2066 3510">
    <p class='ocr_par' dir='ltr' id='par_1_58' title="bbox 480 3436 2066 3510">
     <span class='ocr_line' id='line_1_58' title="bbox 480 3436 2066 3510; baseline -0.001 -16"><span class='ocrx_word' id='word_1_445' title='bbox 480 3440 667 3494; x_wconf 77' lang='lat' dir='ltr'><strong>divina</strong></span> <span class='ocrx_word' id='word_1_446' title='bbox 696 3455 970 3510; x_wconf 86' lang='lat' dir='ltr'><strong>apparens</strong></span> <span class='ocrx_word' id='word_1_447' title='bbox 995 3438 1155 3500; x_wconf 83' lang='lat' dir='ltr'><strong>visio,</strong></span> <span class='ocrx_word' id='word_1_448' title='bbox 1188 3436 1301 3492; x_wconf 84' lang='lat' dir='ltr'><strong>visa</strong></span> <span class='ocrx_word' id='word_1_449' title='bbox 1326 3448 1412 3493; x_wconf 89' lang='lat' dir='ltr'><strong>est</strong></span> <span class='ocrx_word' id='word_1_450' title='bbox 1437 3438 1485 3492; x_wconf 90' lang='lat' dir='ltr'><strong>ei</strong></span> <span class='ocrx_word' id='word_1_451' title='bbox 1510 3438 1731 3509; x_wconf 81' lang='lat' dir='ltr'><strong>jubere,</strong></span> <span class='ocrx_word' id='word_1_452' title='bbox 1758 3449 1817 3493; x_wconf 92' lang='lat' dir='ltr'><strong>ut</strong></span> <span class='ocrx_word' id='word_1_453' title='bbox 1839 3439 2066 3493; x_wconf 82' lang='lat' dir='ltr'><strong>veniens</strong></span> 
     </span>
    </p>
   </div>
   <div class='ocr_carea' id='block_1_59' title="bbox 482 3529 2068 3601">
    <p class='ocr_par' dir='ltr' id='par_1_59' title="bbox 482 3529 2068 3601">
     <span class='ocr_line' id='line_1_59' title="bbox 482 3529 2068 3601; baseline -0.001 -16"><span class='ocrx_word' id='word_1_454' title='bbox 482 3530 551 3585; x_wconf 82' lang='lat' dir='ltr'><strong>ad</strong></span> <span class='ocrx_word' id='word_1_455' title='bbox 584 3530 769 3600; x_wconf 88' lang='lat' dir='ltr'><strong>templi</strong></span> <span class='ocrx_word' id='word_1_456' title='bbox 802 3530 1009 3584; x_wconf 89' lang='lat' dir='ltr'><strong>aditum</strong></span> <span class='ocrx_word' id='word_1_457' title='bbox 1035 3529 1145 3584; x_wconf 88' lang='lat' dir='ltr'><strong>illic</strong></span> <span class='ocrx_word' id='word_1_458' title='bbox 1168 3536 1338 3583; x_wconf 90' lang='lat' dir='ltr'><strong>staret</strong></span> <span class='ocrx_word' id='word_1_459' title='bbox 1376 3537 1431 3583; x_wconf 89' lang='lat' dir='ltr'><strong>et</strong></span> <span class='ocrx_word' id='word_1_460' title='bbox 1455 3530 1638 3584; x_wconf 88' lang='lat' dir='ltr'><strong>dicere</strong></span> <span class='ocrx_word' id='word_1_461' title='bbox 1664 3545 1677 3581; x_wconf 87' lang='lat'><strong>:</strong></span> <span class='ocrx_word' id='word_1_462' title='bbox 1708 3530 1809 3596; x_wconf 89' lang='lat' dir='ltr'><strong>Qui</strong></span> <span class='ocrx_word' id='word_1_463' title='bbox 1854 3531 2068 3601; x_wconf 88' lang='lat' dir='ltr'><strong>primus</strong></span> 
     </span>
    </p>
   </div>
   <div class='ocr_carea' id='block_1_60' title="bbox 484 3618 2066 3690">
    <p class='ocr_par' dir='ltr' id='par_1_60' title="bbox 484 3618 2066 3690">
     <span class='ocr_line' id='line_1_60' title="bbox 484 3618 2066 3690; baseline -0.003 -13"><span class='ocrx_word' id='word_1_464' title='bbox 484 3621 552 3677; x_wconf 80' lang='lat' dir='ltr'><strong>ad</strong></span> <span class='ocrx_word' id='word_1_465' title='bbox 599 3620 860 3690; x_wconf 87' lang='lat' dir='ltr'><strong>templum</strong></span> <span class='ocrx_word' id='word_1_466' title='bbox 897 3620 1132 3685; x_wconf 86' lang='lat' dir='ltr'><strong>venerit,</strong></span> <span class='ocrx_word' id='word_1_467' title='bbox 1175 3618 1222 3673; x_wconf 93' lang='lat' dir='ltr'><strong>is</strong></span> <span class='ocrx_word' id='word_1_468' title='bbox 1249 3626 1334 3674; x_wconf 89' lang='lat' dir='ltr'><strong>est</strong></span> <span class='ocrx_word' id='word_1_469' title='bbox 1368 3619 1460 3687; x_wconf 93' lang='lat' dir='ltr'><strong>qni</strong></span> <span class='ocrx_word' id='word_1_470' title='bbox 1500 3633 1621 3673; x_wconf 90' lang='lat' dir='ltr'><strong>meo</strong></span> <span class='ocrx_word' id='word_1_471' title='bbox 1664 3630 1920 3675; x_wconf 85' lang='lat' dir='ltr'><strong>movetur</strong></span> <span class='ocrx_word' id='word_1_472' title='bbox 1948 3619 2066 3689; x_wconf 87' lang='lat' dir='ltr'><strong>spi-</strong></span> 
     </span>
    </p>
   </div>
   <div class='ocr_carea' id='block_1_61' title="bbox 481 3709 2066 3780">
    <p class='ocr_par' dir='ltr' id='par_1_61' title="bbox 481 3709 2066 3780">
     <span class='ocr_line' id='line_1_61' title="bbox 481 3709 2066 3780; baseline -0.001 -13"><span class='ocrx_word' id='word_1_473' title='bbox 481 3712 620 3775; x_wconf 86' lang='lat' dir='ltr'><strong>ritu,</strong></span> <span class='ocrx_word' id='word_1_474' title='bbox 664 3719 719 3766; x_wconf 90' lang='lat' dir='ltr'><strong>et</strong></span> <span class='ocrx_word' id='word_1_475' title='bbox 757 3726 880 3765; x_wconf 85' lang='lat' dir='ltr'><strong>eum</strong></span> <span class='ocrx_word' id='word_1_476' title='bbox 922 3710 1278 3780; x_wconf 87' lang='lat' dir='ltr'><strong>accipientes,</strong></span> <span class='ocrx_word' id='word_1_477' title='bbox 1307 3719 1391 3765; x_wconf 91' lang='lat' dir='ltr'><strong>est</strong></span> <span class='ocrx_word' id='word_1_478' title='bbox 1428 3718 1613 3764; x_wconf 90' lang='lat' dir='ltr'><strong>autem</strong></span> <span class='ocrx_word' id='word_1_479' title='bbox 1642 3709 1693 3765; x_wconf 93' lang='lat' dir='ltr'><strong>ei</strong></span> <span class='ocrx_word' id='word_1_480' title='bbox 1734 3725 1936 3764; x_wconf 88' lang='lat' dir='ltr'><strong>nomen</strong></span> <span class='ocrx_word' id='word_1_481' title='bbox 1967 3709 2066 3765; x_wconf 85' lang='lat' dir='ltr'><strong>Ni-</strong></span> 
     </span>
    </p>
   </div>
   <div class='ocr_carea' id='block_1_62' title="bbox 480 3800 2056 3871">
    <p class='ocr_par' dir='ltr' id='par_1_62' title="bbox 480 3800 2056 3871">
     <span class='ocr_line' id='line_1_62' title="bbox 480 3800 2056 3871; baseline -0.003 -13"><span class='ocrx_word' id='word_1_482' title='bbox 480 3801 700 3864; x_wconf 80' lang='lat' dir='ltr'><strong>colaus.</strong></span> <span class='ocrx_word' id='word_1_483' title='bbox 747 3816 872 3856; x_wconf 88' lang='lat' dir='ltr'><strong>eum</strong></span> <span class='ocrx_word' id='word_1_484' title='bbox 924 3810 1105 3856; x_wconf 87' lang='lat' dir='ltr'><strong>create</strong></span> <span class='ocrx_word' id='word_1_485' title='bbox 1147 3803 1467 3871; x_wconf 86' lang='lat' dir='ltr'><strong>episcopum</strong></span> <span class='ocrx_word' id='word_1_486' title='bbox 1502 3800 1649 3855; x_wconf 87' lang='lat' dir='ltr'><strong>:ltoc</strong></span> <span class='ocrx_word' id='word_1_487' title='bbox 1693 3800 1841 3855; x_wconf 83' lang='lat' dir='ltr'><strong>enim</strong></span> <span class='ocrx_word' id='word_1_488' title='bbox 1890 3812 1973 3857; x_wconf 89' lang='lat' dir='ltr'><strong>est</strong></span> <span class='ocrx_word' id='word_1_489' title='bbox 2005 3800 2056 3855; x_wconf 90' lang='lat' dir='ltr'><strong>ei</strong></span> 
     </span>
    </p>
   </div>
   <div class='ocr_carea' id='block_1_63' title="bbox 478 3891 955 3961">
    <p class='ocr_par' dir='ltr' id='par_1_63' title="bbox 478 3891 955 3961">
     <span class='ocr_line' id='line_1_63' title="bbox 478 3891 955 3961; baseline -0.004 -15"><span class='ocrx_word' id='word_1_490' title='bbox 478 3891 955 3961; x_wconf 68' lang='lat' dir='ltr'><strong>pmdestittatutu.</strong></span> 
     </span>
    </p>
   </div>
   <div class='ocr_carea' id='block_1_64' title="bbox 2160 2975 3743 3048">
    <p class='ocr_par' dir='ltr' id='par_1_64' title="bbox 2160 2975 3743 3048">
     <span class='ocr_line' id='line_1_64' title="bbox 2160 2975 3743 3048; baseline -0.002 -19"><span class='ocrx_word' id='word_1_491' title='bbox 2160 2977 2363 3038; x_wconf 80' lang='grc' dir='ltr'>αὐτῶν,</span> <span class='ocrx_word' id='word_1_492' title='bbox 2396 2975 2529 3029; x_wconf 87' lang='grc' dir='ltr'><strong>Θεοῦ</strong></span> <span class='ocrx_word' id='word_1_493' title='bbox 2579 2977 2637 3030; x_wconf 77' lang='grc' dir='ltr'><strong>δὲ</strong></span> <span class='ocrx_word' id='word_1_494' title='bbox 2696 2978 2857 3030; x_wconf 77' lang='grc' dir='ltr'>τοῦτο</span> <span class='ocrx_word' id='word_1_495' title='bbox 2915 2979 3138 3048; x_wconf 73' lang='grc' dir='ltr'>καὶτῆς</span> <span class='ocrx_word' id='word_1_496' title='bbox 3182 2978 3401 3030; x_wconf 78' lang='grc' dir='ltr'>ἐκείνου</span> <span class='ocrx_word' id='word_1_497' title='bbox 3434 2978 3628 3045; x_wconf 45' lang='lat' dir='ltr'><strong>copia;</strong></span> <span class='ocrx_word' id='word_1_498' title='bbox 3659 2979 3743 3029; x_wconf 78' lang='lat' dir='ltr'><strong>oi-</strong></span> 
     </span>
    </p>
   </div>
   <div class='ocr_carea' id='block_1_65' title="bbox 2157 3070 3738 3142">
    <p class='ocr_par' dir='ltr' id='par_1_65' title="bbox 2157 3070 3738 3142">
     <span class='ocr_line' id='line_1_65' title="bbox 2157 3070 3738 3142; baseline 0.001 -22"><span class='ocrx_word' id='word_1_499' title='bbox 2157 3070 2411 3139; x_wconf 86' lang='grc' dir='ltr'>κονομία,</span> <span class='ocrx_word' id='word_1_500' title='bbox 2457 3070 2591 3140; x_wconf 78' lang='grc' dir='ltr'>εὐχῇ</span> <span class='ocrx_word' id='word_1_501' title='bbox 2648 3072 2716 3124; x_wconf 78' lang='grc' dir='ltr'>τὰ</span> <span class='ocrx_word' id='word_1_502' title='bbox 2755 3070 2850 3124; x_wconf 82' lang='grc' dir='ltr'>τοῦ</span> <span class='ocrx_word' id='word_1_503' title='bbox 2900 3078 3230 3141; x_wconf 76' lang='grc' dir='ltr'>πράγματος</span> <span class='ocrx_word' id='word_1_504' title='bbox 3280 3072 3597 3142; x_wconf 64' lang='grc' dir='ltr'>ἐπιτρίψαι,</span> <span class='ocrx_word' id='word_1_505' title='bbox 3641 3071 3738 3123; x_wconf 72' lang='grc' dir='ltr'><strong>καὶ</strong></span> 
     </span>
    </p>
   </div>
   <div class='ocr_carea' id='block_1_66' title="bbox 2156 3162 3738 3235">
    <p class='ocr_par' dir='ltr' id='par_1_66' title="bbox 2156 3162 3738 3235">
     <span class='ocr_line' id='line_1_66' title="bbox 2156 3162 3738 3235; baseline 0.003 -22"><span class='ocrx_word' id='word_1_506' title='bbox 2156 3162 2254 3229; x_wconf 83' lang='grc' dir='ltr'>τὴν</span> <span class='ocrx_word' id='word_1_507' title='bbox 2282 3162 2494 3215; x_wconf 84' lang='grc' dir='ltr'>ἐκείνου</span> <span class='ocrx_word' id='word_1_508' title='bbox 2521 3167 2861 3232; x_wconf 82' lang='grc' dir='ltr'>χε.ροτονίαν</span> <span class='ocrx_word' id='word_1_509' title='bbox 2888 3167 2953 3235; x_wconf 77' lang='grc' dir='ltr'><strong>τῇ</strong></span> <span class='ocrx_word' id='word_1_510' title='bbox 2984 3164 3193 3218; x_wconf 77' lang='grc' dir='ltr'>ἀνωθεν</span> <span class='ocrx_word' id='word_1_511' title='bbox 3210 3166 3519 3235; x_wconf 82' lang='grc' dir='ltr'>ἐγχειρίσαι</span> <span class='ocrx_word' id='word_1_512' title='bbox 3548 3164 3738 3233; x_wconf 73' lang='grc' dir='ltr'>ψήφῳ.</span> 
     </span>
    </p>
   </div>
   <div class='ocr_carea' id='block_1_67' title="bbox 2155 3252 3740 3327">
    <p class='ocr_par' dir='ltr' id='par_1_67' title="bbox 2155 3252 3740 3327">
     <span class='ocr_line' id='line_1_67' title="bbox 2155 3252 3740 3327; baseline 0.003 -22"><span class='ocrx_word' id='word_1_513' title='bbox 2155 3253 2345 3317; x_wconf 80' lang='grc' dir='ltr'>Οὖτως</span> <span class='ocrx_word' id='word_1_514' title='bbox 2394 3252 2487 3306; x_wconf 80' lang='grc' dir='ltr'>οὖν</span> <span class='ocrx_word' id='word_1_515' title='bbox 2535 3254 2714 3308; x_wconf 78' lang='grc' dir='ltr'>αὐτῶν</span> <span class='ocrx_word' id='word_1_516' title='bbox 2760 3258 2827 3326; x_wconf 74' lang='grc' dir='ltr'>τῇ</span> <span class='ocrx_word' id='word_1_517' title='bbox 2871 3258 3004 3326; x_wconf 74' lang='grc' dir='ltr'>εὐχῇ</span> <span class='ocrx_word' id='word_1_518' title='bbox 3062 3260 3386 3327; x_wconf 76' lang='grc' dir='ltr'>χρωμένων,</span> <span class='ocrx_word' id='word_1_519' title='bbox 3432 3257 3597 3327; x_wconf 76' lang='grc' dir='ltr'>ήρεσε</span> <span class='ocrx_word' id='word_1_520' title='bbox 3629 3256 3740 3326; x_wconf 77' lang='grc' dir='ltr'><strong>γὰρ</strong></span> 
     </span>
    </p>
   </div>
   <div class='ocr_carea' id='block_1_68' title="bbox 2158 3348 3736 3422">
    <p class='ocr_par' dir='ltr' id='par_1_68' title="bbox 2158 3348 3736 3422">
     <span class='ocr_line' id='line_1_68' title="bbox 2158 3348 3736 3422; baseline 0.002 -23"><span class='ocrx_word' id='word_1_521' title='bbox 2158 3348 2187 3400; x_wconf 89' lang='grc' dir='ltr'><strong>ό</strong></span> <span class='ocrx_word' id='word_1_522' title='bbox 2246 3348 2424 3416; x_wconf 83' lang='grc' dir='ltr'>λόγος,</span> <span class='ocrx_word' id='word_1_523' title='bbox 2492 3349 2522 3401; x_wconf 84' lang='grc' dir='ltr'><strong>ό</strong></span> <span class='ocrx_word' id='word_1_524' title='bbox 2584 3351 2646 3402; x_wconf 80' lang='grc' dir='ltr'>τὸ</span> <span class='ocrx_word' id='word_1_525' title='bbox 2704 3349 2916 3421; x_wconf 79' lang='grc' dir='ltr'>θέλημα</span> <span class='ocrx_word' id='word_1_526' title='bbox 2979 3353 3088 3405; x_wconf 81' lang='grc' dir='ltr'>τῶν</span> <span class='ocrx_word' id='word_1_527' title='bbox 3150 3352 3504 3422; x_wconf 68' lang='grc' dir='ltr'>φοὸιυμένων</span> <span class='ocrx_word' id='word_1_528' title='bbox 3570 3352 3736 3404; x_wconf 69' lang='grc' dir='ltr'>αὐτὸν</span> 
     </span>
    </p>
   </div>
   <div class='ocr_carea' id='block_1_69' title="bbox 2158 3438 3739 3514">
    <p class='ocr_par' dir='ltr' id='par_1_69' title="bbox 2158 3438 3739 3514">
     <span class='ocr_line' id='line_1_69' title="bbox 2158 3438 3739 3514; baseline 0.004 -24"><span class='ocrx_word' id='word_1_529' title='bbox 2158 3438 2332 3491; x_wconf 83' lang='grc' dir='ltr'>ποιῶν</span> <span class='ocrx_word' id='word_1_530' title='bbox 2362 3440 2590 3508; x_wconf 79' lang='grc' dir='ltr'>Κύριος,</span> <span class='ocrx_word' id='word_1_531' title='bbox 2628 3441 2710 3494; x_wconf 80' lang='grc' dir='ltr'>ἐνὶ</span> <span class='ocrx_word' id='word_1_532' title='bbox 2743 3444 2949 3496; x_wconf 81' lang='grc' dir='ltr'>τούτων</span> <span class='ocrx_word' id='word_1_533' title='bbox 2998 3445 3094 3496; x_wconf 79' lang='grc' dir='ltr'>τὸν</span> <span class='ocrx_word' id='word_1_534' title='bbox 3134 3443 3587 3514; x_wconf 79' lang='grc' dir='ltr'>προστησόμενον</span> <span class='ocrx_word' id='word_1_535' title='bbox 3638 3444 3739 3513; x_wconf 84' lang='grc' dir='ltr'>τῆς</span> 
     </span>
    </p>
   </div>
   <div class='ocr_carea' id='block_1_70' title="bbox 2174 3530 3737 3605">
    <p class='ocr_par' dir='ltr' id='par_1_70' title="bbox 2174 3530 3737 3605">
     <span class='ocr_line' id='line_1_70' title="bbox 2174 3530 3737 3605; baseline 0.003 -22"><span class='ocrx_word' id='word_1_536' title='bbox 2174 3530 2504 3600; x_wconf 80' lang='grc' dir='ltr'>Ἐκκλησῐας</span> <span class='ocrx_word' id='word_1_537' title='bbox 2537 3536 2680 3586; x_wconf 86' lang='grc' dir='ltr'>ποιεῖ</span> <span class='ocrx_word' id='word_1_538' title='bbox 2706 3534 3006 3605; x_wconf 82' lang='grc' dir='ltr'>γνώριμον.</span> <span class='ocrx_word' id='word_1_539' title='bbox 3043 3537 3193 3589; x_wconf 85' lang='grc' dir='ltr'>Ποιεί</span> <span class='ocrx_word' id='word_1_540' title='bbox 3217 3537 3274 3589; x_wconf 81' lang='grc' dir='ltr'><strong>δὲ</strong></span> <span class='ocrx_word' id='word_1_541' title='bbox 3302 3535 3476 3598; x_wconf 76' lang='grc' dir='ltr'>οὕτως</span> <span class='ocrx_word' id='word_1_542' title='bbox 3518 3550 3533 3564; x_wconf 91' lang='grc'><strong>·</strong></span> <span class='ocrx_word' id='word_1_543' title='bbox 3566 3535 3737 3604; x_wconf 55' lang='lat' dir='ltr'><strong>Euxe-</strong></span> 
     </span>
    </p>
   </div>
   <div class='ocr_carea' id='block_1_71' title="bbox 2164 3622 3738 3698">
    <p class='ocr_par' dir='ltr' id='par_1_71' title="bbox 2164 3622 3738 3698">
     <span class='ocr_line' id='line_1_71' title="bbox 2164 3622 3738 3698; baseline -0.002 -19"><span class='ocrx_word' id='word_1_544' title='bbox 2164 3622 2310 3691; x_wconf 84' lang='grc' dir='ltr'>μένῳ</span> <span class='ocrx_word' id='word_1_545' title='bbox 2337 3622 2417 3694; x_wconf 80' lang='grc' dir='ltr'>τῷ</span> <span class='ocrx_word' id='word_1_546' title='bbox 2446 3624 2601 3694; x_wconf 72' lang='grc' dir='ltr'>ἀνδρὶ</span> <span class='ocrx_word' id='word_1_547' title='bbox 2625 3624 2761 3695; x_wconf 78' lang='grc' dir='ltr'>τῷδε</span> <span class='ocrx_word' id='word_1_548' title='bbox 2794 3627 2917 3678; x_wconf 81' lang='grc' dir='ltr'>θεία</span> <span class='ocrx_word' id='word_1_549' title='bbox 2956 3643 3041 3690; x_wconf 90' lang='grc' dir='ltr'><strong>τις</strong></span> <span class='ocrx_word' id='word_1_550' title='bbox 3100 3628 3375 3680; x_wconf 75' lang='grc' dir='ltr'>ἐπιστᾶσα</span> <span class='ocrx_word' id='word_1_551' title='bbox 3425 3625 3570 3698; x_wconf 70' lang='grc' dir='ltr'>ὄψις,</span> <span class='ocrx_word' id='word_1_552' title='bbox 3616 3627 3738 3677; x_wconf 83' lang='grc' dir='ltr'>ἐπι-</span> 
     </span>
    </p>
   </div>
   <div class='ocr_carea' id='block_1_72' title="bbox 2159 3712 3738 3786">
    <p class='ocr_par' dir='ltr' id='par_1_72' title="bbox 2159 3712 3738 3786">
     <span class='ocr_line' id='line_1_72' title="bbox 2159 3712 3738 3786; baseline 0.001 -21"><span class='ocrx_word' id='word_1_553' title='bbox 2159 3712 2378 3767; x_wconf 82' lang='grc' dir='ltr'>τάττειν</span> <span class='ocrx_word' id='word_1_554' title='bbox 2408 3714 2584 3767; x_wconf 81' lang='grc' dir='ltr'>ἐδόκει</span> <span class='ocrx_word' id='word_1_555' title='bbox 2626 3717 2774 3786; x_wconf 73' lang='grc' dir='ltr'>παρὰ</span> <span class='ocrx_word' id='word_1_556' title='bbox 2799 3718 2898 3782; x_wconf 83' lang='grc' dir='ltr'>τὰς</span> <span class='ocrx_word' id='word_1_557' title='bbox 2931 3717 3027 3771; x_wconf 83' lang='grc' dir='ltr'>τοῦ</span> <span class='ocrx_word' id='word_1_558' title='bbox 3056 3717 3185 3771; x_wconf 82' lang='grc' dir='ltr'>ναοῦ</span> <span class='ocrx_word' id='word_1_559' title='bbox 3240 3717 3478 3780; x_wconf 72' lang='grc' dir='ltr'>εἰσόδους</span> <span class='ocrx_word' id='word_1_560' title='bbox 3528 3715 3738 3768; x_wconf 79' lang='grc' dir='ltr'>ἐλθόντι</span> 
     </span>
    </p>
   </div>
   <div class='ocr_carea' id='block_1_73' title="bbox 2162 3806 3740 3881">
    <p class='ocr_par' dir='ltr' id='par_1_73' title="bbox 2162 3806 3740 3881">
     <span class='ocr_line' id='line_1_73' title="bbox 2162 3806 3740 3881; baseline 0.004 -26"><span class='ocrx_word' id='word_1_561' title='bbox 2162 3806 2377 3873; x_wconf 77' lang='grc' dir='ltr'>στῆναι,</span> <span class='ocrx_word' id='word_1_562' title='bbox 2402 3809 2518 3871; x_wconf 70' lang='grc' dir='ltr'>καὶ,</span> <span class='ocrx_word' id='word_1_563' title='bbox 2564 3809 2876 3880; x_wconf 79' lang='grc' dir='ltr'>Ὄσπερᾶν,</span> <span class='ocrx_word' id='word_1_564' title='bbox 2904 3812 3089 3878; x_wconf 69' lang='grc' dir='ltr'>φάναι,</span> <span class='ocrx_word' id='word_1_565' title='bbox 3121 3810 3340 3881; x_wconf 80' lang='grc' dir='ltr'>Πρῶτος</span> <span class='ocrx_word' id='word_1_566' title='bbox 3371 3812 3458 3862; x_wconf 64' lang='grc' dir='ltr'>τὸν</span> <span class='ocrx_word' id='word_1_567' title='bbox 3479 3811 3604 3862; x_wconf 65' lang='grc' dir='ltr'>ναὸν</span> <span class='ocrx_word' id='word_1_568' title='bbox 3625 3813 3740 3861; x_wconf 79' lang='grc' dir='ltr'>εἱσ-</span> 
     </span>
    </p>
   </div>
   <div class='ocr_carea' id='block_1_74' title="bbox 2165 3897 3739 3973">
    <p class='ocr_par' dir='ltr' id='par_1_74' title="bbox 2165 3897 3739 3973">
     <span class='ocr_line' id='line_1_74' title="bbox 2165 3897 3739 3973; baseline 0.003 -24"><span class='ocrx_word' id='word_1_569' title='bbox 2165 3897 2333 3959; x_wconf 83' lang='grc' dir='ltr'>ἐλθοι,</span> <span class='ocrx_word' id='word_1_570' title='bbox 2396 3900 2588 3954; x_wconf 82' lang='grc' dir='ltr'>τοῦτον</span> <span class='ocrx_word' id='word_1_571' title='bbox 2621 3898 2876 3955; x_wconf 78' lang='grc' dir='ltr'>εἶναιτὸν</span> <span class='ocrx_word' id='word_1_572' title='bbox 2916 3902 2996 3973; x_wconf 79' lang='grc' dir='ltr'>τῷ</span> <span class='ocrx_word' id='word_1_573' title='bbox 3025 3902 3146 3972; x_wconf 82' lang='grc' dir='ltr'><strong>ἐμῷ</strong></span> <span class='ocrx_word' id='word_1_574' title='bbox 3195 3903 3515 3971; x_wconf 81' lang='grc' dir='ltr'>κινούμενον</span> <span class='ocrx_word' id='word_1_575' title='bbox 3567 3902 3739 3956; x_wconf 80' lang='grc' dir='ltr'>Πνεῦ-</span> 
     </span>
    </p>
   </div>
   <div class='ocr_carea' id='block_1_75' title="bbox 484 3976 3738 4063">
    <p class='ocr_par' dir='ltr' id='par_1_75' title="bbox 484 3976 3738 4063">
     <span class='ocr_line' id='line_1_75' title="bbox 484 3976 3738 4063; baseline 0 -29"><span class='ocrx_word' id='word_1_576' title='bbox 484 3999 639 4051; x_wconf 89' lang='grc' dir='ltr'>ματι.</span> <span class='ocrx_word' id='word_1_577' title='bbox 673 3983 943 4048; x_wconf 77' lang='grc' dir='ltr'>Νικόλαος</span> <span class='ocrx_word' id='word_1_578' title='bbox 976 3982 1150 4052; x_wconf 76' lang='grc' dir='ltr'>ὄνομα</span> <span class='ocrx_word' id='word_1_579' title='bbox 1179 3982 1257 4053; x_wconf 82' lang='grc' dir='ltr'>τῷ</span> <span class='ocrx_word' id='word_1_580' title='bbox 1303 3983 1463 4053; x_wconf 76' lang='grc' dir='ltr'>ἀνδρὶ</span> <span class='ocrx_word' id='word_1_581' title='bbox 1489 3976 1533 4051; x_wconf 76' lang='grc' dir='ltr'><strong>ᾧ</strong></span> <span class='ocrx_word' id='word_1_582' title='bbox 1556 3981 1653 4035; x_wconf 60' lang='grc' dir='ltr'><strong>καὶ¹</strong></span> <span class='ocrx_word' id='word_1_583' title='bbox 1701 3982 1801 4053; x_wconf 74' lang='grc' dir='ltr'>τὴν</span> <span class='ocrx_word' id='word_1_584' title='bbox 1873 3982 2184 4054; x_wconf 69' lang='grc' dir='ltr'>ἐπισκοπὴν</span> <span class='ocrx_word' id='word_1_585' title='bbox 2245 3989 2342 4041; x_wconf 86' lang='grc' dir='ltr'>καὶ</span> <span class='ocrx_word' id='word_1_586' title='bbox 2388 3987 2487 4062; x_wconf 81' lang='grc' dir='ltr'>τὴν</span> <span class='ocrx_word' id='word_1_587' title='bbox 2512 3992 2631 4063; x_wconf 43' lang='grc' dir='ltr'>,τῆς</span> <span class='ocrx_word' id='word_1_588' title='bbox 2676 3991 3004 4063; x_wconf 84' lang='grc' dir='ltr'>Ἐκκλησίας</span> <span class='ocrx_word' id='word_1_589' title='bbox 3074 3995 3414 4062; x_wconf 70' lang='grc' dir='ltr'>προστασίαν</span> <span class='ocrx_word' id='word_1_590' title='bbox 3495 3995 3738 4063; x_wconf 68' lang='grc' dir='ltr'>ἐγχειρι.</span> 
     </span>
    </p>
   </div>
   <div class='ocr_carea' id='block_1_76' title="bbox 484 4078 1692 4150">
    <p class='ocr_par' dir='ltr' id='par_1_76' title="bbox 484 4078 1692 4150">
     <span class='ocr_line' id='line_1_76' title="bbox 484 4078 1692 4150; baseline -0.001 -16"><span class='ocrx_word' id='word_1_591' title='bbox 484 4080 658 4134; x_wconf 76' lang='grc' dir='ltr'>στέον.</span> <span class='ocrx_word' id='word_1_592' title='bbox 692 4078 866 4133; x_wconf 73' lang='grc' dir='ltr'>Τοῦτο</span> <span class='ocrx_word' id='word_1_593' title='bbox 896 4081 1005 4149; x_wconf 80' lang='grc' dir='ltr'><strong>γὰρ</strong></span> <span class='ocrx_word' id='word_1_594' title='bbox 1034 4078 1184 4150; x_wconf 73' lang='grc' dir='ltr'>αὐτῷ</span> <span class='ocrx_word' id='word_1_595' title='bbox 1210 4080 1304 4132; x_wconf 72' lang='grc' dir='ltr'>καὶ</span> <span class='ocrx_word' id='word_1_596' title='bbox 1334 4079 1692 4150; x_wconf 84' lang='grc' dir='ltr'>προώρισται.</span> 
     </span>
    </p>
   </div>
   <div class='ocr_carea' id='block_1_77' title="bbox 551 4172 2054 4245">
    <p class='ocr_par' dir='ltr' id='par_1_77' title="bbox 551 4172 2054 4245">
     <span class='ocr_line' id='line_1_77' title="bbox 551 4172 2054 4245; baseline -0.002 -14"><span class='ocrx_word' id='word_1_597' title='bbox 551 4172 669 4231; x_wconf 62' lang='grc' dir='ltr'>ιιι.</span> <span class='ocrx_word' id='word_1_598' title='bbox 700 4172 834 4229; x_wconf 88' lang='lat' dir='ltr'><strong>Cum</strong></span> <span class='ocrx_word' id='word_1_599' title='bbox 880 4173 985 4229; x_wconf 86' lang='lat' dir='ltr'><strong>hoc</strong></span> <span class='ocrx_word' id='word_1_600' title='bbox 1024 4174 1111 4227; x_wconf 87' lang='lat' dir='ltr'><strong>vir</strong></span> <span class='ocrx_word' id='word_1_601' title='bbox 1145 4174 1236 4228; x_wconf 86' lang='lat' dir='ltr'><strong>ille</strong></span> <span class='ocrx_word' id='word_1_602' title='bbox 1271 4172 1490 4229; x_wconf 83' lang='lat' dir='ltr'><strong>divinus</strong></span> <span class='ocrx_word' id='word_1_603' title='bbox 1523 4172 1825 4243; x_wconf 88' lang='lat' dir='ltr'><strong>accepisset</strong></span> <span class='ocrx_word' id='word_1_604' title='bbox 1854 4181 2054 4245; x_wconf 80' lang='lat' dir='ltr'><strong>myste-</strong></span> 
     </span>
    </p>
   </div>
   <div class='ocr_carea' id='block_1_78' title="bbox 478 4262 2061 4337">
    <p class='ocr_par' dir='ltr' id='par_1_78' title="bbox 478 4262 2061 4337">
     <span class='ocr_line' id='line_1_78' title="bbox 478 4262 2061 4337; baseline -0.001 -18"><span class='ocrx_word' id='word_1_605' title='bbox 478 4262 651 4332; x_wconf 86' lang='lat' dir='ltr'><strong>rium,</strong></span> <span class='ocrx_word' id='word_1_606' title='bbox 695 4265 812 4320; x_wconf 76' lang='lat' dir='ltr'><strong>luec</strong></span> <span class='ocrx_word' id='word_1_607' title='bbox 852 4266 1064 4337; x_wconf 78' lang='lat' dir='ltr'><strong>synodo</strong></span> <span class='ocrx_word' id='word_1_608' title='bbox 1110 4273 1168 4319; x_wconf 89' lang='lat' dir='ltr'><strong>et</strong></span> <span class='ocrx_word' id='word_1_609' title='bbox 1206 4264 1357 4319; x_wconf 91' lang='lat' dir='ltr'><strong>clero</strong></span> <span class='ocrx_word' id='word_1_610' title='bbox 1404 4266 1799 4331; x_wconf 85' lang='lat' dir='ltr'><strong>communicat,</strong></span> <span class='ocrx_word' id='word_1_611' title='bbox 1839 4273 1897 4319; x_wconf 92' lang='lat' dir='ltr'><strong>et</strong></span> <span class='ocrx_word' id='word_1_612' title='bbox 1939 4279 2061 4318; x_wconf 61' lang='lat' dir='ltr'><strong>om.</strong></span> 
     </span>
    </p>
   </div>
   <div class='ocr_carea' id='block_1_79' title="bbox 2237 4175 3737 4248">
    <p class='ocr_par' dir='ltr' id='par_1_79' title="bbox 2237 4175 3737 4248">
     <span class='ocr_line' id='line_1_79' title="bbox 2237 4175 3737 4248; baseline -0.001 -17"><span class='ocrx_word' id='word_1_613' title='bbox 2237 4176 2339 4233; x_wconf 75' lang='lat' dir='ltr'><strong>lB’.</strong></span> <span class='ocrx_word' id='word_1_614' title='bbox 2392 4175 2582 4238; x_wconf 72' lang='grc' dir='ltr'>Οὕτως</span> <span class='ocrx_word' id='word_1_615' title='bbox 2612 4178 2639 4230; x_wconf 89' lang='grc' dir='ltr'><strong>ό</strong></span> <span class='ocrx_word' id='word_1_616' title='bbox 2684 4176 2825 4239; x_wconf 79' lang='grc' dir='ltr'>θεῖος</span> <span class='ocrx_word' id='word_1_617' title='bbox 2882 4177 3091 4239; x_wconf 75' lang='grc' dir='ltr'>ἐκεῖνος</span> <span class='ocrx_word' id='word_1_618' title='bbox 3134 4177 3275 4247; x_wconf 76' lang='grc' dir='ltr'>ἀνὴρ</span> <span class='ocrx_word' id='word_1_619' title='bbox 3315 4176 3574 4248; x_wconf 75' lang='grc' dir='ltr'>μυηθεὶς,</span> <span class='ocrx_word' id='word_1_620' title='bbox 3634 4177 3737 4230; x_wconf 75' lang='grc' dir='ltr'>οὐκ</span> 
     </span>
    </p>
   </div>
   <div class='ocr_carea' id='block_1_80' title="bbox 2168 4266 3736 4339">
    <p class='ocr_par' dir='ltr' id='par_1_80' title="bbox 2168 4266 3736 4339">
     <span class='ocr_line' id='line_1_80' title="bbox 2168 4266 3736 4339; baseline -0.003 -16"><span class='ocrx_word' id='word_1_621' title='bbox 2168 4268 2459 4339; x_wconf 74' lang='grc' dir='ltr'>ἀπόρῤητα</span> <span class='ocrx_word' id='word_1_622' title='bbox 2494 4267 2625 4338; x_wconf 84' lang='grc' dir='ltr'>παρ’</span> <span class='ocrx_word' id='word_1_623' title='bbox 2671 4266 2850 4338; x_wconf 75' lang='grc' dir='ltr'>ἐαυτῷ</span> <span class='ocrx_word' id='word_1_624' title='bbox 2906 4267 3128 4338; x_wconf 80' lang='grc' dir='ltr'>κατέχει</span> <span class='ocrx_word' id='word_1_625' title='bbox 3157 4270 3226 4320; x_wconf 79' lang='grc' dir='ltr'>τὰ</span> <span class='ocrx_word' id='word_1_626' title='bbox 3255 4268 3553 4337; x_wconf 71' lang='grc' dir='ltr'>μυηθέντα,</span> <span class='ocrx_word' id='word_1_627' title='bbox 3598 4266 3736 4323; x_wconf 66' lang='grc' dir='ltr'>ἀλλὰ</span> 
     </span>
    </p>
   </div>
   <div class='ocr_carea' id='block_1_81' title="bbox 452 4347 2059 4430">
    <p class='ocr_par' dir='ltr' id='par_1_81' title="bbox 452 4349 2059 4428">
     <span class='ocr_line' id='line_1_81' title="bbox 452 4349 2059 4428; baseline -0.002 -17"><span class='ocrx_word' id='word_1_628' title='bbox 452 4358 650 4412; x_wconf 79' lang='lat' dir='ltr'><strong>&#39;nibus</strong></span> <span class='ocrx_word' id='word_1_629' title='bbox 695 4357 1012 4428; x_wconf 85' lang='lat' dir='ltr'><strong>diligentius</strong></span> <span class='ocrx_word' id='word_1_630' title='bbox 1062 4356 1390 4410; x_wconf 86' lang='lat' dir='ltr'><strong>vacantibus</strong></span> <span class='ocrx_word' id='word_1_631' title='bbox 1432 4354 1693 4420; x_wconf 88' lang='lat' dir='ltr'><strong>orationi,</strong></span> <span class='ocrx_word' id='word_1_632' title='bbox 1744 4349 1926 4409; x_wconf 57' lang='lat' dir='ltr'><strong>is&#39;cui</strong></span> <span class='ocrx_word' id='word_1_633' title='bbox 1972 4355 2059 4410; x_wconf 87' lang='lat' dir='ltr'><strong>ille</strong></span> 
     </span>
    </p>
   </div>
   <div class='ocr_carea' id='block_1_82' title="bbox 2162 4347 3736 4430">
    <p class='ocr_par' dir='ltr' id='par_1_82' title="bbox 2172 4358 3736 4430">
     <span class='ocr_line' id='line_1_82' title="bbox 2172 4358 3736 4430; baseline -0.001 -18"><span class='ocrx_word' id='word_1_634' title='bbox 2172 4363 2266 4413; x_wconf 72' lang='lat' dir='ltr'><strong>xui</strong></span> <span class='ocrx_word' id='word_1_635' title='bbox 2292 4362 2358 4429; x_wconf 73' lang='grc' dir='ltr'><strong>τῇ</strong></span> <span class='ocrx_word' id='word_1_636' title='bbox 2392 4358 2597 4429; x_wconf 74' lang='grc' dir='ltr'>συνόδῳ</span> <span class='ocrx_word' id='word_1_637' title='bbox 2622 4358 2797 4411; x_wconf 82' lang='grc' dir='ltr'>ταῦτα</span> <span class='ocrx_word' id='word_1_638' title='bbox 2826 4362 2923 4412; x_wconf 77' lang='grc' dir='ltr'>καὶ</span> <span class='ocrx_word' id='word_1_639' title='bbox 2950 4358 3027 4430; x_wconf 80' lang='grc' dir='ltr'>τῷ</span> <span class='ocrx_word' id='word_1_640' title='bbox 3055 4360 3244 4430; x_wconf 80' lang='grc' dir='ltr'>κλήρῳ</span> <span class='ocrx_word' id='word_1_641' title='bbox 3273 4360 3404 4430; x_wconf 78' lang='grc' dir='ltr'>δῆλα</span> <span class='ocrx_word' id='word_1_642' title='bbox 3434 4362 3597 4413; x_wconf 77' lang='grc' dir='ltr'>ποιεῖ.</span> <span class='ocrx_word' id='word_1_643' title='bbox 3624 4360 3736 4412; x_wconf 75' lang='grc' dir='ltr'><strong>Καὶ</strong></span> 
     </span>
    </p>
   </div>
   <div class='ocr_carea' id='block_1_83' title="bbox 476 4447 2059 4520">
    <p class='ocr_par' dir='ltr' id='par_1_83' title="bbox 476 4447 2059 4520">
     <span class='ocr_line' id='line_1_83' title="bbox 476 4447 2059 4520; baseline 0 -16"><span class='ocrx_word' id='word_1_644' title='bbox 476 4463 712 4520; x_wconf 84' lang='lat' dir='ltr'><strong>magnus</strong></span> <span class='ocrx_word' id='word_1_645' title='bbox 757 4448 937 4502; x_wconf 76' lang='lat' dir='ltr'><strong>fuerat</strong></span> <span class='ocrx_word' id='word_1_646' title='bbox 970 4447 1271 4511; x_wconf 87' lang='lat' dir='ltr'><strong>revelatus,</strong></span> <span class='ocrx_word' id='word_1_647' title='bbox 1310 4447 1463 4501; x_wconf 90' lang='lat' dir='ltr'><strong>venit</strong></span> <span class='ocrx_word' id='word_1_648' title='bbox 1510 4448 1566 4501; x_wconf 90' lang='lat' dir='ltr'><strong>in</strong></span> <span class='ocrx_word' id='word_1_649' title='bbox 1611 4462 1740 4502; x_wconf 88' lang='lat' dir='ltr'><strong>eum</strong></span> <span class='ocrx_word' id='word_1_650' title='bbox 1776 4448 1957 4503; x_wconf 89' lang='lat' dir='ltr'><strong>locum</strong></span> <span class='ocrx_word' id='word_1_651' title='bbox 1989 4449 2059 4504; x_wconf 89' lang='lat' dir='ltr'><strong>ad</strong></span> 
     </span>
    </p>
   </div>
   <div class='ocr_carea' id='block_1_84' title="bbox 478 4536 2058 4609">
    <p class='ocr_par' dir='ltr' id='par_1_84' title="bbox 478 4536 2058 4609">
     <span class='ocr_line' id='line_1_84' title="bbox 478 4536 2058 4609; baseline 0 -17"><span class='ocrx_word' id='word_1_652' title='bbox 478 4552 643 4609; x_wconf 78' lang='lat' dir='ltr'><strong>quem</strong></span> <span class='ocrx_word' id='word_1_653' title='bbox 688 4537 868 4591; x_wconf 77' lang='lat' dir='ltr'><strong>fuerat</strong></span> <span class='ocrx_word' id='word_1_654' title='bbox 895 4539 1101 4609; x_wconf 76' lang='lat' dir='ltr'><strong>jussus.</strong></span> <span class='ocrx_word' id='word_1_655' title='bbox 1149 4536 1271 4592; x_wconf 82' lang='lat' dir='ltr'><strong>.lam</strong></span> <span class='ocrx_word' id='word_1_656' title='bbox 1304 4546 1489 4593; x_wconf 88' lang='lat' dir='ltr'><strong>autem</strong></span> <span class='ocrx_word' id='word_1_657' title='bbox 1537 4538 1685 4593; x_wconf 90' lang='lat' dir='ltr'><strong>circa</strong></span> <span class='ocrx_word' id='word_1_658' title='bbox 1728 4538 2058 4592; x_wconf 85' lang='lat' dir='ltr'><strong>matutinum</strong></span> 
     </span>
    </p>
   </div>
   <div class='ocr_carea' id='block_1_85' title="bbox 478 4627 2061 4697">
    <p class='ocr_par' dir='ltr' id='par_1_85' title="bbox 478 4627 2061 4697">
     <span class='ocr_line' id='line_1_85' title="bbox 478 4627 2061 4697; baseline 0 -14"><span class='ocrx_word' id='word_1_659' title='bbox 478 4629 667 4683; x_wconf 81' lang='lat' dir='ltr'><strong>divino</strong></span> <span class='ocrx_word' id='word_1_660' title='bbox 711 4628 909 4697; x_wconf 88' lang='lat' dir='ltr'><strong>spiritu</strong></span> <span class='ocrx_word' id='word_1_661' title='bbox 942 4636 1127 4682; x_wconf 84' lang='lat' dir='ltr'><strong>motus</strong></span> <span class='ocrx_word' id='word_1_662' title='bbox 1167 4641 1398 4697; x_wconf 85' lang='lat' dir='ltr'><strong>magnus</strong></span> <span class='ocrx_word' id='word_1_663' title='bbox 1444 4627 1535 4683; x_wconf 89' lang='lat' dir='ltr'><strong>ille</strong></span> <span class='ocrx_word' id='word_1_664' title='bbox 1571 4628 1831 4685; x_wconf 86' lang='lat' dir='ltr'><strong>Nicolaus</strong></span> <span class='ocrx_word' id='word_1_665' title='bbox 1862 4647 1876 4684; x_wconf 88' lang='lat'><strong>:</strong></span> <span class='ocrx_word' id='word_1_666' title='bbox 1914 4635 2061 4685; x_wconf 80' lang='lat' dir='ltr'><strong>venit</strong></span> 
     </span>
    </p>
   </div>
   <div class='ocr_carea' id='block_1_86' title="bbox 478 4720 2058 4780">
    <p class='ocr_par' dir='ltr' id='par_1_86' title="bbox 478 4720 2058 4780">
     <span class='ocr_line' id='line_1_86' title="bbox 478 4720 2058 4780; baseline 0.001 -2"><span class='ocrx_word' id='word_1_667' title='bbox 478 4724 538 4778; x_wconf 85' lang='lat' dir='ltr'><strong>iu</strong></span> <span class='ocrx_word' id='word_1_668' title='bbox 570 4722 883 4779; x_wconf 86' lang='lat' dir='ltr'><strong>ecclesiam.</strong></span> <span class='ocrx_word' id='word_1_669' title='bbox 914 4720 1053 4778; x_wconf 83' lang='lat' dir='ltr'><strong>Cum</strong></span> <span class='ocrx_word' id='word_1_670' title='bbox 1095 4737 1229 4777; x_wconf 88' lang='lat' dir='ltr'><strong>vero</strong></span> <span class='ocrx_word' id='word_1_671' title='bbox 1263 4721 1458 4778; x_wconf 75' lang='lat' dir='ltr'><strong>fuisset</strong></span> <span class='ocrx_word' id='word_1_672' title='bbox 1493 4724 1548 4778; x_wconf 91' lang='lat' dir='ltr'><strong>in</strong></span> <span class='ocrx_word' id='word_1_673' title='bbox 1576 4725 1852 4780; x_wconf 89' lang='lat' dir='ltr'><strong>vestibulo</strong></span> <span class='ocrx_word' id='word_1_674' title='bbox 1884 4742 1899 4779; x_wconf 92' lang='lat'><strong>:</strong></span> <span class='ocrx_word' id='word_1_675' title='bbox 1933 4740 2058 4779; x_wconf 91' lang='lat' dir='ltr'><strong>eum</strong></span> 
     </span>
    </p>
   </div>
   <div class='ocr_carea' id='block_1_87' title="bbox 477 4813 2061 4886">
    <p class='ocr_par' dir='ltr' id='par_1_87' title="bbox 477 4813 2061 4886">
     <span class='ocr_line' id='line_1_87' title="bbox 477 4813 2061 4886; baseline 0.002 -16"><span class='ocrx_word' id='word_1_676' title='bbox 477 4816 759 4885; x_wconf 84' lang='lat' dir='ltr'><strong>accipiens</strong></span> <span class='ocrx_word' id='word_1_677' title='bbox 800 4814 849 4869; x_wconf 90' lang='lat' dir='ltr'><strong>is</strong></span> <span class='ocrx_word' id='word_1_678' title='bbox 877 4815 972 4884; x_wconf 86' lang='lat' dir='ltr'><strong>qui</strong></span> <span class='ocrx_word' id='word_1_679' title='bbox 1014 4814 1105 4868; x_wconf 89' lang='lat' dir='ltr'><strong>illa</strong></span> <span class='ocrx_word' id='word_1_680' title='bbox 1146 4813 1325 4869; x_wconf 79' lang='lat' dir='ltr'><strong>fuerat</strong></span> <span class='ocrx_word' id='word_1_681' title='bbox 1357 4813 1615 4886; x_wconf 78' lang='lat' dir='ltr'><strong>dignatus</strong></span> <span class='ocrx_word' id='word_1_682' title='bbox 1649 4816 1883 4883; x_wconf 89' lang='lat' dir='ltr'><strong>visione,</strong></span> <span class='ocrx_word' id='word_1_683' title='bbox 1914 4816 2061 4885; x_wconf 88' lang='lat' dir='ltr'><strong>Quo-</strong></span> 
     </span>
    </p>
   </div>
   <div class='ocr_carea' id='block_1_88' title="bbox 476 4904 2058 4978">
    <p class='ocr_par' dir='ltr' id='par_1_88' title="bbox 476 4904 2058 4978">
     <span class='ocr_line' id='line_1_88' title="bbox 476 4904 2058 4978; baseline 0.001 -16"><span class='ocrx_word' id='word_1_684' title='bbox 476 4908 643 4962; x_wconf 85' lang='lat' dir='ltr'><strong>modo</strong></span> <span class='ocrx_word' id='word_1_685' title='bbox 688 4906 923 4971; x_wconf 80' lang='lat' dir='ltr'><strong>vocaris,</strong></span> <span class='ocrx_word' id='word_1_686' title='bbox 955 4919 989 4959; x_wconf 94' lang='lat' dir='ltr'><strong>o</strong></span> <span class='ocrx_word' id='word_1_687' title='bbox 1023 4904 1121 4971; x_wconf 88' lang='lat' dir='ltr'><strong>lili,</strong></span> <span class='ocrx_word' id='word_1_688' title='bbox 1154 4905 1451 4977; x_wconf 75' lang='lat' dir='ltr'><strong>diligenter</strong></span> <span class='ocrx_word' id='word_1_689' title='bbox 1482 4907 1716 4978; x_wconf 78' lang='lat' dir='ltr'><strong>rogavit.</strong></span> <span class='ocrx_word' id='word_1_690' title='bbox 1751 4907 1845 4963; x_wconf 89' lang='lat' dir='ltr'><strong>Ille</strong></span> <span class='ocrx_word' id='word_1_691' title='bbox 1875 4920 2058 4965; x_wconf 90' lang='lat' dir='ltr'><strong>autent</strong></span> 
     </span>
    </p>
   </div>
   <div class='ocr_carea' id='block_1_89' title="bbox 476 4996 2057 5076">
    <p class='ocr_par' dir='ltr' id='par_1_89' title="bbox 476 4996 2057 5076">
     <span class='ocr_line' id='line_1_89' title="bbox 476 4996 2057 5076; baseline 0.001 -22"><span class='ocrx_word' id='word_1_692' title='bbox 476 4996 710 5054; x_wconf 84' lang='lat' dir='ltr'><strong>comiter</strong></span> <span class='ocrx_word' id='word_1_693' title='bbox 741 5005 797 5053; x_wconf 88' lang='lat' dir='ltr'><strong>et</strong></span> <span class='ocrx_word' id='word_1_694' title='bbox 834 4996 1161 5067; x_wconf 86' lang='lat' dir='ltr'><strong>simpliciter</strong></span> <span class='ocrx_word' id='word_1_695' title='bbox 1201 5014 1215 5051; x_wconf 91' lang='lat'><strong>:</strong></span> <span class='ocrx_word' id='word_1_696' title='bbox 1244 4996 1505 5052; x_wconf 82' lang='lat' dir='ltr'><strong>Nicolaus</strong></span> <span class='ocrx_word' id='word_1_697' title='bbox 1549 5009 1828 5069; x_wconf 87' lang='lat' dir='ltr'><strong>peccator,</strong></span> <span class='ocrx_word' id='word_1_698' title='bbox 1858 4999 2057 5076; x_wconf 82' lang='lat' dir='ltr'><strong>inquit,</strong></span> 
     </span>
    </p>
   </div>
   <div class='ocr_carea' id='block_1_90' title="bbox 477 5088 2061 5153">
    <p class='ocr_par' dir='ltr' id='par_1_90' title="bbox 477 5088 2061 5153">
     <span class='ocr_line' id='line_1_90' title="bbox 477 5088 2061 5153; baseline 0.002 -8"><span class='ocrx_word' id='word_1_699' title='bbox 477 5089 733 5153; x_wconf 83' lang='lat' dir='ltr'><strong>Domine,</strong></span> <span class='ocrx_word' id='word_1_700' title='bbox 757 5101 949 5143; x_wconf 83' lang='lat' dir='ltr'><strong>servus</strong></span> <span class='ocrx_word' id='word_1_701' title='bbox 973 5097 1079 5142; x_wconf 68' lang='lat' dir='ltr'><strong>tua:</strong></span> <span class='ocrx_word' id='word_1_702' title='bbox 1103 5088 1431 5143; x_wconf 84' lang='lat' dir='ltr'><strong>sanctitatis.</strong></span> <span class='ocrx_word' id='word_1_703' title='bbox 1457 5088 1552 5144; x_wconf 86' lang='lat' dir='ltr'><strong>llle</strong></span> <span class='ocrx_word' id='word_1_704' title='bbox 1576 5105 1708 5145; x_wconf 88' lang='lat' dir='ltr'><strong>vero</strong></span> <span class='ocrx_word' id='word_1_705' title='bbox 1733 5092 1817 5144; x_wconf 87' lang='lat' dir='ltr'><strong>vir</strong></span> <span class='ocrx_word' id='word_1_706' title='bbox 1838 5090 2061 5148; x_wconf 87' lang='lat' dir='ltr'><strong>divinus</strong></span> 
     </span>
    </p>
   </div>
   <div class='ocr_carea' id='block_1_91' title="bbox 476 5180 2058 5253">
    <p class='ocr_par' dir='ltr' id='par_1_91' title="bbox 476 5180 2058 5253">
     <span class='ocr_line' id='line_1_91' title="bbox 476 5180 2058 5253; baseline 0.001 -19"><span class='ocrx_word' id='word_1_707' title='bbox 476 5190 766 5251; x_wconf 82' lang='lat' dir='ltr'><strong>postquam</strong></span> <span class='ocrx_word' id='word_1_708' title='bbox 804 5180 921 5235; x_wconf 74' lang='lat' dir='ltr'><strong>lucc</strong></span> <span class='ocrx_word' id='word_1_709' title='bbox 960 5180 1242 5235; x_wconf 86' lang='lat' dir='ltr'><strong>moderata</strong></span> <span class='ocrx_word' id='word_1_710' title='bbox 1271 5190 1328 5235; x_wconf 89' lang='lat' dir='ltr'><strong>et</strong></span> <span class='ocrx_word' id='word_1_711' title='bbox 1363 5180 1591 5236; x_wconf 86' lang='lat' dir='ltr'><strong>humilia</strong></span> <span class='ocrx_word' id='word_1_712' title='bbox 1628 5181 1843 5236; x_wconf 89' lang='lat' dir='ltr'><strong>audivit</strong></span> <span class='ocrx_word' id='word_1_713' title='bbox 1878 5182 2058 5253; x_wconf 74' lang='lat' dir='ltr'><strong>Magni</strong></span> 
     </span>
    </p>
   </div>
   <div class='ocr_carea' id='block_1_92' title="bbox 473 5275 2059 5349">
    <p class='ocr_par' dir='ltr' id='par_1_92' title="bbox 473 5275 2059 5349">
     <span class='ocr_line' id='line_1_92' title="bbox 473 5275 2059 5349; baseline 0.004 -22"><span class='ocrx_word' id='word_1_714' title='bbox 473 5277 667 5337; x_wconf 71' lang='lat' dir='ltr'><strong>verba,</strong></span> <span class='ocrx_word' id='word_1_715' title='bbox 707 5276 906 5347; x_wconf 88' lang='lat' dir='ltr'><strong>partim</strong></span> <span class='ocrx_word' id='word_1_716' title='bbox 938 5275 1161 5349; x_wconf 90' lang='lat' dir='ltr'><strong>quidem</strong></span> <span class='ocrx_word' id='word_1_717' title='bbox 1213 5292 1280 5331; x_wconf 84' lang='lat' dir='ltr'><strong>ex</strong></span> <span class='ocrx_word' id='word_1_718' title='bbox 1317 5276 1542 5333; x_wconf 89' lang='lat' dir='ltr'><strong>nomine</strong></span> <span class='ocrx_word' id='word_1_719' title='bbox 1576 5277 1787 5333; x_wconf 75' lang='lat' dir='ltr'><strong>Nicolai</strong></span> <span class='ocrx_word' id='word_1_720' title='bbox 1829 5278 1977 5349; x_wconf 90' lang='lat' dir='ltr'><strong>quod</strong></span> <span class='ocrx_word' id='word_1_721' title='bbox 2006 5277 2059 5333; x_wconf 89' lang='lat' dir='ltr'><strong>ei</strong></span> 
     </span>
    </p>
   </div>
   <div class='ocr_carea' id='block_1_93' title="bbox 475 5368 2061 5441">
    <p class='ocr_par' dir='ltr' id='par_1_93' title="bbox 475 5368 2061 5441">
     <span class='ocr_line' id='line_1_93' title="bbox 475 5368 2061 5441; baseline 0.002 -20"><span class='ocrx_word' id='word_1_722' title='bbox 475 5370 804 5439; x_wconf 68' lang='lat' dir='ltr'><strong>prtethxcrat</strong></span> <span class='ocrx_word' id='word_1_723' title='bbox 840 5368 980 5424; x_wconf 90' lang='lat' dir='ltr'><strong>visio</strong></span> <span class='ocrx_word' id='word_1_724' title='bbox 1004 5386 1126 5441; x_wconf 70' lang='lat' dir='ltr'><strong>qua:</strong></span> <span class='ocrx_word' id='word_1_725' title='bbox 1160 5382 1512 5440; x_wconf 84' lang='lat' dir='ltr'><strong>apparuerat,</strong></span> <span class='ocrx_word' id='word_1_726' title='bbox 1543 5370 1744 5440; x_wconf 89' lang='lat' dir='ltr'><strong>partim</strong></span> <span class='ocrx_word' id='word_1_727' title='bbox 1777 5380 1961 5426; x_wconf 85' lang='lat' dir='ltr'><strong>autem</strong></span> <span class='ocrx_word' id='word_1_728' title='bbox 1991 5386 2061 5425; x_wconf 77' lang='lat' dir='ltr'><strong>ex</strong></span> 
     </span>
    </p>
   </div>
   <div class='ocr_carea' id='block_1_94' title="bbox 474 5458 2057 5533">
    <p class='ocr_par' dir='ltr' id='par_1_94' title="bbox 474 5458 2057 5533">
     <span class='ocr_line' id='line_1_94' title="bbox 474 5458 2057 5533; baseline 0.003 -21"><span class='ocrx_word' id='word_1_729' title='bbox 474 5474 688 5512; x_wconf 82' lang='lat' dir='ltr'><strong>summa</strong></span> <span class='ocrx_word' id='word_1_730' title='bbox 710 5458 978 5513; x_wconf 87' lang='lat' dir='ltr'><strong>modestia</strong></span> <span class='ocrx_word' id='word_1_731' title='bbox 1000 5459 1019 5519; x_wconf 82' lang='grc' dir='ltr'><strong>ί</strong></span> <span class='ocrx_word' id='word_1_732' title='bbox 1026 5476 1129 5514; x_wconf 87' lang='lat' dir='ltr'><strong>non</strong></span> <span class='ocrx_word' id='word_1_733' title='bbox 1156 5459 1444 5531; x_wconf 81' lang='lat' dir='ltr'><strong>ignorabat</strong></span> <span class='ocrx_word' id='word_1_734' title='bbox 1465 5458 1632 5527; x_wconf 88' lang='lat' dir='ltr'><strong>enim,</strong></span> <span class='ocrx_word' id='word_1_735' title='bbox 1665 5458 1873 5532; x_wconf 69' lang='lat' dir='ltr'><strong>«Super</strong></span> <span class='ocrx_word' id='word_1_736' title='bbox 1893 5477 2057 5533; x_wconf 87' lang='lat' dir='ltr'><strong>quem</strong></span> 
     </span>
    </p>
   </div>
   <div class='ocr_carea' id='block_1_95' title="bbox 470 5550 2057 5627">
    <p class='ocr_par' dir='ltr' id='par_1_95' title="bbox 470 5550 2057 5627">
     <span class='ocr_line' id='line_1_95' title="bbox 470 5550 2057 5627; baseline -0.001 -20"><span class='ocrx_word' id='word_1_737' title='bbox 470 5550 619 5607; x_wconf 81' lang='lat' dir='ltr'><strong>Deus</strong></span> <span class='ocrx_word' id='word_1_738' title='bbox 658 5552 883 5619; x_wconf 87' lang='lat' dir='ltr'><strong>respicit</strong></span> <span class='ocrx_word' id='word_1_739' title='bbox 918 5552 1024 5606; x_wconf 90' lang='lat' dir='ltr'><strong>nisi</strong></span> <span class='ocrx_word' id='word_1_740' title='bbox 1076 5568 1240 5623; x_wconf 88' lang='lat' dir='ltr'><strong>supra</strong></span> <span class='ocrx_word' id='word_1_741' title='bbox 1287 5557 1471 5609; x_wconf 89' lang='lat' dir='ltr'><strong>mitem</strong></span> <span class='ocrx_word' id='word_1_742' title='bbox 1526 5564 1583 5609; x_wconf 89' lang='lat' dir='ltr'><strong>et</strong></span> <span class='ocrx_word' id='word_1_743' title='bbox 1636 5556 2057 5627; x_wconf 73' lang='lat' dir='ltr'><strong>quietum“h)</strong></span> 
     </span>
    </p>
   </div>
   <div class='ocr_carea' id='block_1_96' title="bbox 470 5643 2052 5718">
    <p class='ocr_par' dir='ltr' id='par_1_96' title="bbox 470 5643 2052 5718">
     <span class='ocr_line' id='line_1_96' title="bbox 470 5643 2052 5718; baseline 0.003 -22"><span class='ocrx_word' id='word_1_744' title='bbox 470 5656 810 5711; x_wconf 70' lang='lat' dir='ltr'><strong>cognoscens</strong></span> <span class='ocrx_word' id='word_1_745' title='bbox 837 5643 989 5696; x_wconf 89' lang='lat' dir='ltr'><strong>illum</strong></span> <span class='ocrx_word' id='word_1_746' title='bbox 1018 5643 1164 5697; x_wconf 84' lang='lat' dir='ltr'><strong>hunc</strong></span> <span class='ocrx_word' id='word_1_747' title='bbox 1186 5661 1305 5702; x_wconf 85' lang='lat' dir='ltr'><strong>csse</strong></span> <span class='ocrx_word' id='word_1_748' title='bbox 1330 5659 1493 5716; x_wconf 86' lang='lat' dir='ltr'><strong>quem</strong></span> <span class='ocrx_word' id='word_1_749' title='bbox 1518 5644 1664 5705; x_wconf 85' lang='lat' dir='ltr'><strong>Deus</strong></span> <span class='ocrx_word' id='word_1_750' title='bbox 1686 5644 2052 5718; x_wconf 79' lang='lat' dir='ltr'><strong>signiﬁcabat,</strong></span> 
     </span>
    </p>
   </div>
   <div class='ocr_carea' id='block_1_97' title="bbox 547 5829 994 5897">
    <p class='ocr_par' dir='ltr' id='par_1_97' title="bbox 547 5829 994 5897">
     <span class='ocr_line' id='line_1_97' title="bbox 547 5829 994 5897; baseline 0.011 -15"><span class='ocrx_word' id='word_1_751' title='bbox 547 5832 588 5863; x_wconf 79' lang='lat'>“</span> <span class='ocrx_word' id='word_1_752' title='bbox 626 5829 725 5883; x_wconf 81' lang='lat' dir='ltr'><strong>lsa.</strong></span> <span class='ocrx_word' id='word_1_753' title='bbox 761 5847 903 5897; x_wconf 71' lang='lat' dir='ltr'><strong>LXVI,</strong></span> <span class='ocrx_word' id='word_1_754' title='bbox 939 5832 994 5888; x_wconf 79' lang='lat'><strong>‘2.</strong></span> 
     </span>
    </p>
   </div>
   <div class='ocr_carea' id='block_1_98' title="bbox 2169 4450 3739 4522">
    <p class='ocr_par' dir='ltr' id='par_1_98' title="bbox 2169 4450 3739 4522">
     <span class='ocr_line' id='line_1_98' title="bbox 2169 4450 3739 4522; baseline 0.001 -18"><span class='ocrx_word' id='word_1_755' title='bbox 2169 4450 2235 4522; x_wconf 79' lang='grc' dir='ltr'><strong>δὴ</strong></span> <span class='ocrx_word' id='word_1_756' title='bbox 2269 4450 2708 4520; x_wconf 83' lang='grc' dir='ltr'>φιλοπονώτερον</span> <span class='ocrx_word' id='word_1_757' title='bbox 2739 4451 2960 4504; x_wconf 73' lang='grc' dir='ltr'>πάντων</span> <span class='ocrx_word' id='word_1_758' title='bbox 2994 4451 3094 4522; x_wconf 80' lang='grc' dir='ltr'>τῆς</span> <span class='ocrx_word' id='word_1_759' title='bbox 3138 4452 3304 4522; x_wconf 77' lang='grc' dir='ltr'>εὐχῆς</span> <span class='ocrx_word' id='word_1_760' title='bbox 3352 4454 3655 4522; x_wconf 73' lang='grc' dir='ltr'>ἐχομένων,</span> <span class='ocrx_word' id='word_1_761' title='bbox 3705 4452 3739 4505; x_wconf 79' lang='grc' dir='ltr'><strong>ό</strong></span> 
     </span>
    </p>
   </div>
   <div class='ocr_carea' id='block_1_99' title="bbox 2166 4540 3737 4614">
    <p class='ocr_par' dir='ltr' id='par_1_99' title="bbox 2166 4540 3737 4614">
     <span class='ocr_line' id='line_1_99' title="bbox 2166 4540 3737 4614; baseline 0.002 -20"><span class='ocrx_word' id='word_1_762' title='bbox 2166 4545 2258 4595; x_wconf 84' lang='grc' dir='ltr'>τὸν</span> <span class='ocrx_word' id='word_1_763' title='bbox 2292 4541 2470 4611; x_wconf 85' lang='grc' dir='ltr'>μέγαν</span> <span class='ocrx_word' id='word_1_764' title='bbox 2500 4540 2883 4611; x_wconf 76' lang='grc' dir='ltr'>ἐκκαλυφθιὶς,</span> <span class='ocrx_word' id='word_1_765' title='bbox 2914 4541 3046 4596; x_wconf 65' lang='grc' dir='ltr'>ἔνθα</span> <span class='ocrx_word' id='word_1_766' title='bbox 3075 4542 3142 4614; x_wconf 73' lang='grc' dir='ltr'><strong>δὴ</strong></span> <span class='ocrx_word' id='word_1_767' title='bbox 3166 4544 3260 4597; x_wconf 79' lang='grc' dir='ltr'>καὶ</span> <span class='ocrx_word' id='word_1_768' title='bbox 3285 4545 3318 4612; x_wconf 84' lang='grc' dir='ltr'><strong>ή</strong></span> <span class='ocrx_word' id='word_1_769' title='bbox 3352 4545 3589 4611; x_wconf 82' lang='grc' dir='ltr'>φανεί.α</span> <span class='ocrx_word' id='word_1_770' title='bbox 3614 4544 3737 4613; x_wconf 73' lang='grc' dir='ltr'>όψις</span> 
     </span>
    </p>
   </div>
   <div class='ocr_carea' id='block_1_100' title="bbox 2167 4630 3736 4707">
    <p class='ocr_par' dir='ltr' id='par_1_100' title="bbox 2167 4630 3736 4707">
     <span class='ocr_line' id='line_1_100' title="bbox 2167 4630 3736 4707; baseline 0.003 -24"><span class='ocrx_word' id='word_1_771' title='bbox 2167 4630 2444 4696; x_wconf 77' lang='grc' dir='ltr'>ἐκέλευεν,</span> <span class='ocrx_word' id='word_1_772' title='bbox 2505 4632 2843 4700; x_wconf 78' lang='grc' dir='ltr'>ἀφικνεῖται.</span> <span class='ocrx_word' id='word_1_773' title='bbox 2904 4632 3048 4703; x_wconf 81' lang='grc' dir='ltr'><strong>Ἤδη</strong></span> <span class='ocrx_word' id='word_1_774' title='bbox 3095 4634 3152 4686; x_wconf 79' lang='grc' dir='ltr'><strong>δὲ</strong></span> <span class='ocrx_word' id='word_1_775' title='bbox 3202 4637 3328 4705; x_wconf 84' lang='grc' dir='ltr'>περὶ</span> <span class='ocrx_word' id='word_1_776' title='bbox 3386 4635 3479 4689; x_wconf 84' lang='grc' dir='ltr'><strong>τόν</strong></span> <span class='ocrx_word' id='word_1_777' title='bbox 3538 4635 3736 4707; x_wconf 77' lang='grc' dir='ltr'>δρθρον</span> 
     </span>
    </p>
   </div>
   <div class='ocr_carea' id='block_1_101' title="bbox 2166 4720 3737 4799">
    <p class='ocr_par' dir='ltr' id='par_1_101' title="bbox 2166 4720 3737 4799">
     <span class='ocr_line' id='line_1_101' title="bbox 2166 4720 3737 4799; baseline 0.001 -23"><span class='ocrx_word' id='word_1_778' title='bbox 2166 4723 2450 4791; x_wconf 82' lang='grc' dir='ltr'>Πνεύματι</span> <span class='ocrx_word' id='word_1_779' title='bbox 2476 4720 2607 4793; x_wconf 73' lang='grc' dir='ltr'>θείῳ</span> <span class='ocrx_word' id='word_1_780' title='bbox 2637 4721 2883 4793; x_wconf 79' lang='grc' dir='ltr'>κινηθεὶς</span> <span class='ocrx_word' id='word_1_781' title='bbox 2908 4725 2935 4777; x_wconf 88' lang='grc' dir='ltr'><strong>ό</strong></span> <span class='ocrx_word' id='word_1_782' title='bbox 2976 4726 3149 4794; x_wconf 80' lang='grc' dir='ltr'>μέγας</span> <span class='ocrx_word' id='word_1_783' title='bbox 3182 4724 3476 4790; x_wconf 85' lang='grc' dir='ltr'>Νικόλαος,</span> <span class='ocrx_word' id='word_1_784' title='bbox 3526 4729 3605 4789; x_wconf 81' lang='grc' dir='ltr'>εἰς</span> <span class='ocrx_word' id='word_1_785' title='bbox 3636 4725 3737 4799; x_wconf 76' lang='grc' dir='ltr'><strong>τήν</strong></span> 
     </span>
    </p>
   </div>
   <div class='ocr_carea' id='block_1_102' title="bbox 2165 4814 3734 4888">
    <p class='ocr_par' dir='ltr' id='par_1_102' title="bbox 2165 4814 3734 4888">
     <span class='ocr_line' id='line_1_102' title="bbox 2165 4814 3734 4888; baseline 0.001 -20"><span class='ocrx_word' id='word_1_786' title='bbox 2165 4815 2467 4884; x_wconf 84' lang='grc' dir='ltr'>ἐκκλησίαν</span> <span class='ocrx_word' id='word_1_787' title='bbox 2498 4816 2591 4867; x_wconf 74' lang='grc' dir='ltr'><strong>καὶ</strong></span> <span class='ocrx_word' id='word_1_788' title='bbox 2624 4814 2789 4877; x_wconf 77' lang='grc' dir='ltr'>αὐτὸς</span> <span class='ocrx_word' id='word_1_789' title='bbox 2827 4814 3067 4884; x_wconf 83' lang='grc' dir='ltr'>ἀπήντα.</span> <span class='ocrx_word' id='word_1_790' title='bbox 3121 4814 3275 4868; x_wconf 76' lang='grc' dir='ltr'>Ἐπεὶ</span> <span class='ocrx_word' id='word_1_791' title='bbox 3304 4817 3362 4871; x_wconf 73' lang='grc' dir='ltr'><strong>δέ</strong></span> <span class='ocrx_word' id='word_1_792' title='bbox 3389 4819 3448 4870; x_wconf 78' lang='grc' dir='ltr'><strong>ἐν</strong></span> <span class='ocrx_word' id='word_1_793' title='bbox 3482 4815 3562 4888; x_wconf 82' lang='grc' dir='ltr'>τῷ</span> <span class='ocrx_word' id='word_1_794' title='bbox 3602 4835 3734 4888; x_wconf 84' lang='grc' dir='ltr'>προ·</span> 
     </span>
    </p>
   </div>
   <div class='ocr_carea' id='block_1_103' title="bbox 2166 4904 3733 4980">
    <p class='ocr_par' dir='ltr' id='par_1_103' title="bbox 2166 4904 3733 4980">
     <span class='ocr_line' id='line_1_103' title="bbox 2166 4904 3733 4980; baseline 0.001 -18"><span class='ocrx_word' id='word_1_795' title='bbox 2166 4906 2281 4978; x_wconf 84' lang='grc' dir='ltr'><strong>ναῷ</strong></span> <span class='ocrx_word' id='word_1_796' title='bbox 2338 4906 2572 4975; x_wconf 72' lang='grc' dir='ltr'>γίνοιτο,</span> <span class='ocrx_word' id='word_1_797' title='bbox 2626 4904 2863 4976; x_wconf 84' lang='grc' dir='ltr'>ἐντυχὼν</span> <span class='ocrx_word' id='word_1_798' title='bbox 2907 4906 3058 4978; x_wconf 63' lang='grc' dir='ltr'><strong>αᾷτῷ</strong></span> <span class='ocrx_word' id='word_1_799' title='bbox 3100 4909 3129 4960; x_wconf 88' lang='grc' dir='ltr'><strong>ό</strong></span> <span class='ocrx_word' id='word_1_800' title='bbox 3176 4909 3274 4977; x_wconf 78' lang='grc' dir='ltr'>τῆς</span> <span class='ocrx_word' id='word_1_801' title='bbox 3335 4910 3483 4973; x_wconf 82' lang='grc' dir='ltr'>θείας</span> <span class='ocrx_word' id='word_1_802' title='bbox 3554 4909 3733 4980; x_wconf 64' lang='grc' dir='ltr'>ὅψεως</span> 
     </span>
    </p>
   </div>
   <div class='ocr_carea' id='block_1_104' title="bbox 2165 4995 3737 5072">
    <p class='ocr_par' dir='ltr' id='par_1_104' title="bbox 2165 4995 3737 5072">
     <span class='ocr_line' id='line_1_104' title="bbox 2165 4995 3737 5072; baseline 0.001 -20"><span class='ocrx_word' id='word_1_803' title='bbox 2165 5000 2383 5069; x_wconf 84' lang='grc' dir='ltr'>ἐκείνης</span> <span class='ocrx_word' id='word_1_804' title='bbox 2405 4998 2703 5069; x_wconf 74' lang='grc' dir='ltr'>ἠξιωμένος</span> <span class='ocrx_word' id='word_1_805' title='bbox 2727 5015 2742 5030; x_wconf 87' lang='grc'><strong>·</strong></span> <span class='ocrx_word' id='word_1_806' title='bbox 2762 4998 2885 5063; x_wconf 82' lang='grc' dir='ltr'><strong>Πῶς</strong></span> <span class='ocrx_word' id='word_1_807' title='bbox 2915 5000 3043 5070; x_wconf 74' lang='grc' dir='ltr'>ἄρα,</span> <span class='ocrx_word' id='word_1_808' title='bbox 3074 4995 3120 5055; x_wconf 78' lang='grc' dir='ltr'><strong>ὦ</strong></span> <span class='ocrx_word' id='word_1_809' title='bbox 3146 5003 3353 5064; x_wconf 74' lang='grc' dir='ltr'>τέκνον,</span> <span class='ocrx_word' id='word_1_810' title='bbox 3372 5002 3551 5072; x_wconf 67' lang='grc' dir='ltr'>καλῇς</span> <span class='ocrx_word' id='word_1_811' title='bbox 3575 5003 3737 5065; x_wconf 76' lang='grc' dir='ltr'>εὐθὺς</span> 
     </span>
    </p>
   </div>
   <div class='ocr_carea' id='block_1_105' title="bbox 2167 5092 3737 5165">
    <p class='ocr_par' dir='ltr' id='par_1_105' title="bbox 2167 5092 3737 5165">
     <span class='ocr_line' id='line_1_105' title="bbox 2167 5092 3737 5165; baseline 0.001 -22"><span class='ocrx_word' id='word_1_812' title='bbox 2167 5092 2353 5164; x_wconf 65' lang='grc' dir='ltr'>ἤρετο.</span> <span class='ocrx_word' id='word_1_813' title='bbox 2419 5093 2480 5144; x_wconf 88' lang='grc' dir='ltr'><strong>Ὀ</strong></span> <span class='ocrx_word' id='word_1_814' title='bbox 2505 5092 2561 5144; x_wconf 77' lang='grc' dir='ltr'><strong>δὲ</strong></span> <span class='ocrx_word' id='word_1_815' title='bbox 2594 5093 2784 5163; x_wconf 81' lang='grc' dir='ltr'>πράως</span> <span class='ocrx_word' id='word_1_816' title='bbox 2837 5093 2988 5147; x_wconf 75' lang='grc' dir='ltr'>οὕτω</span> <span class='ocrx_word' id='word_1_817' title='bbox 3042 5096 3136 5147; x_wconf 83' lang='grc' dir='ltr'><strong>καὶ</strong></span> <span class='ocrx_word' id='word_1_818' title='bbox 3186 5095 3398 5165; x_wconf 80' lang='grc' dir='ltr'>ἀφελῶς</span> <span class='ocrx_word' id='word_1_819' title='bbox 3424 5110 3439 5123; x_wconf 90' lang='grc'><strong>·</strong></span> <span class='ocrx_word' id='word_1_820' title='bbox 3471 5094 3737 5158; x_wconf 76' lang='grc' dir='ltr'>Νικόλαος</span> 
     </span>
    </p>
   </div>
   <div class='ocr_carea' id='block_1_106' title="bbox 2167 5182 3738 5258">
    <p class='ocr_par' dir='ltr' id='par_1_106' title="bbox 2167 5182 3738 5258">
     <span class='ocr_line' id='line_1_106' title="bbox 2167 5182 3738 5258; baseline 0.007 -22"><span class='ocrx_word' id='word_1_821' title='bbox 2167 5182 2515 5254; x_wconf 78' lang='grc' dir='ltr'>ἁμαρτωλὸς,</span> <span class='ocrx_word' id='word_1_822' title='bbox 2541 5184 2797 5248; x_wconf 77' lang='grc' dir='ltr'>δέσποτα,</span> <span class='ocrx_word' id='word_1_823' title='bbox 2828 5186 2955 5256; x_wconf 74' lang='grc' dir='ltr'>ἔφη,</span> <span class='ocrx_word' id='word_1_824' title='bbox 2987 5184 3089 5255; x_wconf 79' lang='grc' dir='ltr'>τῆς</span> <span class='ocrx_word' id='word_1_825' title='bbox 3117 5186 3399 5258; x_wconf 80' lang='grc' dir='ltr'>ἁγιότητος</span> <span class='ocrx_word' id='word_1_826' title='bbox 3424 5183 3603 5245; x_wconf 75' lang='grc' dir='ltr'>δοῦλο,</span> <span class='ocrx_word' id='word_1_827' title='bbox 3635 5185 3738 5252; x_wconf 78' lang='grc' dir='ltr'><strong>τῆς</strong></span> 
     </span>
    </p>
   </div>
   <div class='ocr_carea' id='block_1_107' title="bbox 2168 5270 3734 5346">
    <p class='ocr_par' dir='ltr' id='par_1_107' title="bbox 2168 5270 3734 5346">
     <span class='ocr_line' id='line_1_107' title="bbox 2168 5270 3734 5346; baseline 0.001 -22"><span class='ocrx_word' id='word_1_828' title='bbox 2168 5273 2291 5344; x_wconf 80' lang='grc' dir='ltr'>σῆς.</span> <span class='ocrx_word' id='word_1_829' title='bbox 2342 5274 2429 5336; x_wconf 85' lang='grc' dir='ltr'>ὀς</span> <span class='ocrx_word' id='word_1_830' title='bbox 2459 5270 2554 5327; x_wconf 83' lang='grc' dir='ltr'>οὖν</span> <span class='ocrx_word' id='word_1_831' title='bbox 2583 5274 2613 5326; x_wconf 88' lang='grc' dir='ltr'><strong>ό</strong></span> <span class='ocrx_word' id='word_1_832' title='bbox 2636 5273 2779 5337; x_wconf 78' lang='grc' dir='ltr'>θεῖος</span> <span class='ocrx_word' id='word_1_833' title='bbox 2804 5278 3011 5339; x_wconf 76' lang='grc' dir='ltr'>ἐκεῖνος</span> <span class='ocrx_word' id='word_1_834' title='bbox 3048 5276 3189 5346; x_wconf 79' lang='grc' dir='ltr'>ἀνὴρ</span> <span class='ocrx_word' id='word_1_835' title='bbox 3215 5276 3286 5328; x_wconf 84' lang='grc' dir='ltr'>τὰ</span> <span class='ocrx_word' id='word_1_836' title='bbox 3314 5277 3517 5346; x_wconf 78' lang='grc' dir='ltr'>μέτρια</span> <span class='ocrx_word' id='word_1_837' title='bbox 3557 5275 3734 5328; x_wconf 84' lang='grc' dir='ltr'>ταῦτα</span> 
     </span>
    </p>
   </div>
   <div class='ocr_carea' id='block_1_108' title="bbox 2170 5364 3733 5437">
    <p class='ocr_par' dir='ltr' id='par_1_108' title="bbox 2170 5364 3733 5437">
     <span class='ocr_line' id='line_1_108' title="bbox 2170 5364 3733 5437; baseline 0.003 -21"><span class='ocrx_word' id='word_1_838' title='bbox 2170 5365 2263 5416; x_wconf 75' lang='grc' dir='ltr'>καὶ</span> <span class='ocrx_word' id='word_1_839' title='bbox 2292 5365 2532 5417; x_wconf 80' lang='grc' dir='ltr'>ταπεινὰ</span> <span class='ocrx_word' id='word_1_840' title='bbox 2560 5365 2695 5437; x_wconf 64' lang='grc' dir='ltr'>πρὸς</span> <span class='ocrx_word' id='word_1_841' title='bbox 2730 5364 2824 5418; x_wconf 83' lang='grc' dir='ltr'>τοῦ</span> <span class='ocrx_word' id='word_1_842' title='bbox 2855 5365 3096 5435; x_wconf 77' lang='grc' dir='ltr'>μεγάλου</span> <span class='ocrx_word' id='word_1_843' title='bbox 3127 5366 3436 5429; x_wconf 69' lang='grc' dir='ltr'>ἀκούσειεν,</span> <span class='ocrx_word' id='word_1_844' title='bbox 3465 5364 3584 5436; x_wconf 70' lang='grc' dir='ltr'>ἅμα</span> <span class='ocrx_word' id='word_1_845' title='bbox 3632 5367 3733 5435; x_wconf 79' lang='grc' dir='ltr'>μὲν</span> 
     </span>
    </p>
   </div>
   <div class='ocr_carea' id='block_1_109' title="bbox 2168 5456 3737 5531">
    <p class='ocr_par' dir='ltr' id='par_1_109' title="bbox 2168 5456 3737 5531">
     <span class='ocr_line' id='line_1_109' title="bbox 2168 5456 3737 5531; baseline 0.001 -23"><span class='ocrx_word' id='word_1_846' title='bbox 2168 5456 2277 5508; x_wconf 79' lang='grc' dir='ltr'><strong>ἀπὸ</strong></span> <span class='ocrx_word' id='word_1_847' title='bbox 2301 5456 2401 5526; x_wconf 78' lang='grc' dir='ltr'>τῆς</span> <span class='ocrx_word' id='word_1_848' title='bbox 2431 5456 2525 5508; x_wconf 82' lang='grc' dir='ltr'>τοῦ</span> <span class='ocrx_word' id='word_1_849' title='bbox 2554 5457 2825 5512; x_wconf 82' lang='grc' dir='ltr'>Νικολάου</span> <span class='ocrx_word' id='word_1_850' title='bbox 2850 5458 3122 5531; x_wconf 67' lang='grc' dir='ltr'>κλήσεως,</span> <span class='ocrx_word' id='word_1_851' title='bbox 3158 5459 3228 5531; x_wconf 80' lang='grc' dir='ltr'>ἣν</span> <span class='ocrx_word' id='word_1_852' title='bbox 3260 5461 3351 5512; x_wconf 79' lang='grc' dir='ltr'>καὶ</span> <span class='ocrx_word' id='word_1_853' title='bbox 3378 5461 3412 5528; x_wconf 84' lang='grc' dir='ltr'><strong>ή</strong></span> <span class='ocrx_word' id='word_1_854' title='bbox 3465 5459 3584 5512; x_wconf 87' lang='grc' dir='ltr'>θεία</span> <span class='ocrx_word' id='word_1_855' title='bbox 3610 5458 3737 5528; x_wconf 67' lang='grc' dir='ltr'>όψις</span> 
     </span>
    </p>
   </div>
   <div class='ocr_carea' id='block_1_110' title="bbox 2169 5546 3736 5624">
    <p class='ocr_par' dir='ltr' id='par_1_110' title="bbox 2169 5546 3736 5624">
     <span class='ocr_line' id='line_1_110' title="bbox 2169 5546 3736 5624; baseline 0.002 -23"><span class='ocrx_word' id='word_1_856' title='bbox 2169 5546 2323 5621; x_wconf 77' lang='grc' dir='ltr'><strong>αὑτῷ</strong></span> <span class='ocrx_word' id='word_1_857' title='bbox 2366 5552 2713 5619; x_wconf 72' lang='grc' dir='ltr'>προειρήκει,</span> <span class='ocrx_word' id='word_1_858' title='bbox 2763 5550 2884 5622; x_wconf 73' lang='grc' dir='ltr'><strong>ἅμα</strong></span> <span class='ocrx_word' id='word_1_859' title='bbox 2930 5552 2988 5605; x_wconf 75' lang='grc' dir='ltr'><strong>δὲ</strong></span> <span class='ocrx_word' id='word_1_860' title='bbox 3039 5552 3134 5605; x_wconf 76' lang='grc' dir='ltr'><strong>καὶ</strong></span> <span class='ocrx_word' id='word_1_861' title='bbox 3187 5552 3296 5606; x_wconf 73' lang='grc' dir='ltr'><strong>ἀπὸ</strong></span> <span class='ocrx_word' id='word_1_862' title='bbox 3344 5552 3439 5606; x_wconf 78' lang='grc' dir='ltr'>τοῦ</span> <span class='ocrx_word' id='word_1_863' title='bbox 3471 5552 3736 5624; x_wconf 84' lang='grc' dir='ltr'>μεγέθους</span> 
     </span>
    </p>
   </div>
   <div class='ocr_carea' id='block_1_111' title="bbox 2164 5638 3738 5713">
    <p class='ocr_par' dir='ltr' id='par_1_111' title="bbox 2164 5638 3738 5713">
     <span class='ocr_line' id='line_1_111' title="bbox 2164 5638 3738 5713; baseline 0.002 -21"><span class='ocrx_word' id='word_1_864' title='bbox 2164 5638 2264 5710; x_wconf 71' lang='grc' dir='ltr'>τῆς</span> <span class='ocrx_word' id='word_1_865' title='bbox 2291 5639 2764 5711; x_wconf 57' lang='grc' dir='ltr'>μετριορρησύνης</span> <span class='ocrx_word' id='word_1_866' title='bbox 2798 5642 2897 5694; x_wconf 75' lang='grc' dir='ltr'><strong>καὶ</strong></span> <span class='ocrx_word' id='word_1_867' title='bbox 2947 5640 3037 5694; x_wconf 81' lang='grc' dir='ltr'>τοῦ</span> <span class='ocrx_word' id='word_1_868' title='bbox 3073 5640 3386 5713; x_wconf 71' lang='grc' dir='ltr'>συνᾴδοντος</span> <span class='ocrx_word' id='word_1_869' title='bbox 3430 5643 3568 5707; x_wconf 67' lang='grc' dir='ltr'>αὐτῇ</span> <span class='ocrx_word' id='word_1_870' title='bbox 3600 5642 3738 5708; x_wconf 62' lang='grc' dir='ltr'><strong>σχῇ·</strong></span> 
     </span>
    </p>
   </div>
  </div>
